Datum,<15_m,<15_w,15-24_1_m,15-24_1_w,25-34_1_m,25-34_1_w,35-44_1_m,35-44_1_w,45-54_1_m,45-54_1_w,55-64_1_m,55-64_1_w,65-74_1_m,65-74_1_w,75-84_1_m,75-84_1_w,>84_1_m,>84_1_w,<24_2_m,<24_2_w,25-34_2_m,25-34_2_w,35-44_2_m,35-44_2_w,45-54_2_m,45-54_2_w,55-64_2_m,55-64_2_w,65-74_2_m,65-74_2_w,75-84_2_m,75-84_2_w,>84_2_m,>84_2_w,bp_1,bp_2,mo_1,mo_2,az_1,az_2,ja,unb_1,unb_2
2021-10-16T23:59:59+02:00,1949,1876,10177,9596,11159,10484,13697,14135,17698,18068,20886,20844,16474,17175,9182,11157,2966,5700,9431,8921,10629,9838,13134,13466,17081,17407,20352,20273,16144,16815,9001,10921,2871,5535,152670,145954,20500,19725,27871,27112,12187,9,8
2021-10-15T23:59:59+02:00,1946,1872,10170,9582,11152,10477,13689,14122,17689,18054,20881,20832,16473,17174,9181,11156,2966,5699,9415,8907,10619,9831,13125,13459,17077,17402,20348,20268,16141,16815,9001,10921,2870,5535,152567,145863,20498,19725,27871,27112,12184,9,8
2021-10-14T23:59:59+02:00,1941,1865,10159,9571,11144,10463,13672,14116,17682,18044,20870,20824,16470,17171,9180,11152,2964,5697,9406,8896,10611,9820,13116,13451,17072,17397,20338,20260,16135,16809,8998,10920,2870,5535,152475,145772,20471,19717,27871,27112,12173,9,8
2021-10-13T23:59:59+02:00,1937,1854,10144,9552,11130,10456,13657,14106,17667,18033,20863,20816,16464,17162,9167,11125,2952,5685,9395,8877,10597,9807,13103,13437,17060,17387,20333,20250,16133,16803,8993,10911,2869,5532,152355,145693,20378,19636,27871,27111,12171,9,8
2021-10-12T23:59:59+02:00,1927,1845,10129,9539,11120,10439,13651,14101,17665,18026,20855,20810,16461,17159,9165,11124,2952,5684,9366,8854,10588,9792,13090,13421,17047,17377,20323,20242,16124,16794,8988,10903,2868,5524,152307,145567,20309,19555,27871,27111,12170,9,8
2021-10-11T23:59:59+02:00,1918,1836,10109,9524,11101,10430,13638,14092,17655,18010,20847,20800,16455,17157,9162,11120,2951,5682,9333,8814,10566,9761,13067,13393,17033,17362,20311,20233,16115,16790,8985,10899,2867,5520,152206,145417,20250,19403,27871,27111,12165,9,8
2021-10-10T23:59:59+02:00,1917,1831,10099,9517,11097,10423,13628,14085,17647,18002,20837,20795,16455,17157,9159,11117,2951,5682,9327,8810,10558,9757,13061,13388,17028,17359,20306,20233,16114,16790,8983,10896,2867,5518,152181,145374,20191,19393,27871,27111,12161,9,8
2021-10-09T23:59:59+02:00,1917,1831,10099,9517,11096,10423,13628,14085,17646,18002,20837,20795,16455,17157,9159,11117,2951,5682,9324,8806,10558,9755,13060,13387,17026,17359,20305,20232,16114,16790,8983,10896,2867,5518,152180,145361,20190,19390,27871,27111,12161,9,8
2021-10-08T23:59:59+02:00,1908,1822,10084,9510,11087,10417,13618,14074,17636,17995,20828,20790,16448,17151,9158,11114,2950,5681,9318,8796,10553,9749,13055,13380,17024,17357,20304,20231,16112,16789,8983,10895,2867,5518,152056,145305,20190,19386,27871,27111,12159,9,8
2021-10-07T23:59:59+02:00,1896,1808,10054,9476,11059,10389,13589,14056,17628,17981,20810,20777,16442,17146,9155,11110,2949,5679,9305,8778,10545,9732,13049,13369,17019,17348,20296,20226,16108,16786,8979,10892,2867,5517,151810,145194,20185,19384,27871,27111,12143,9,8
2021-10-06T23:59:59+02:00,1878,1784,10029,9456,11043,10373,13574,14036,17621,17969,20798,20768,16438,17141,9152,11109,2949,5678,9263,8715,10522,9695,13015,13331,16994,17321,20276,20207,16097,16777,8974,10888,2867,5513,151611,144743,20181,19384,27871,27111,12135,9,8
2021-10-05T23:59:59+02:00,1868,1772,10016,9434,11033,10356,13559,14020,17612,17960,20788,20763,16434,17135,9151,11109,2948,5678,9243,8690,10507,9674,13005,13319,16986,17305,20265,20198,16091,16773,8971,10882,2863,5509,151472,144549,20181,19384,27871,27111,12114,9,8
2021-10-04T23:59:59+02:00,1856,1762,9991,9420,11022,10340,13545,14008,17601,17946,20776,20750,16433,17132,9149,11107,2947,5678,9221,8669,10487,9651,13001,13309,16977,17286,20256,20178,16089,16769,8969,10880,2862,5509,151321,144369,20176,19384,27871,27110,12097,9,8
2021-10-03T23:59:59+02:00,1850,1757,9984,9414,11011,10330,13540,14002,17594,17941,20768,20746,16430,17127,9147,11106,2947,5678,9213,8660,10474,9644,12997,13304,16973,17279,20247,20174,16087,16767,8969,10879,2862,5509,151261,144317,20176,19384,27871,27110,12066,9,8
2021-10-02T23:59:59+02:00,1850,1757,9982,9411,11009,10328,13537,14002,17594,17941,20766,20744,16429,17126,9147,11106,2947,5678,9212,8658,10471,9641,12995,13302,16973,17279,20246,20172,16086,16765,8969,10879,2862,5509,151253,144309,20176,19383,27871,27110,12056,9,8
2021-10-01T23:59:59+02:00,1847,1753,9968,9396,11000,10313,13528,13994,17585,17934,20761,20740,16425,17122,9145,11105,2945,5676,9195,8640,10457,9630,12993,13291,16962,17272,20237,20165,16085,16765,8968,10874,2861,5507,151154,144185,20175,19383,27871,27110,12039,9,8
2021-09-30T23:59:59+02:00,1844,1750,9953,9388,10988,10303,13518,13978,17578,17924,20754,20734,16425,17121,9143,11103,2944,5675,9172,8632,10445,9619,12986,13279,16952,17268,20231,20161,16083,16765,8965,10874,2861,5507,151087,144118,20173,19380,27871,27110,11994,9,8
2021-09-29T23:59:59+02:00,1831,1716,9925,9352,10964,10279,13504,13958,17563,17912,20735,20724,16418,17113,9141,11100,2943,5672,9162,8617,10432,9604,12983,13265,16947,17255,20221,20153,16077,16756,8962,10871,2860,5506,150832,143990,20173,19379,27871,27110,11976,9,8
2021-09-28T23:59:59+02:00,1804,1692,9872,9299,10943,10243,13473,13932,17535,17882,20718,20704,16408,17100,9137,11091,2942,5669,9143,8587,10419,9582,12965,13252,16937,17243,20208,20141,16068,16747,8956,10864,2860,5505,150453,143785,20173,19378,27870,27110,11950,9,8
2021-09-27T23:59:59+02:00,1787,1679,9847,9281,10918,10221,13454,13905,17517,17863,20709,20697,16402,17095,9133,11088,2942,5667,9124,8565,10397,9562,12945,13226,16922,17226,20197,20132,16065,16744,8954,10861,2860,5504,150285,143636,20165,19373,27870,27108,11887,9,8
2021-09-26T23:59:59+02:00,1780,1673,9836,9272,10902,10209,13444,13897,17511,17857,20699,20696,16400,17091,9133,11087,2941,5667,9119,8557,10389,9558,12936,13221,16918,17221,20190,20130,16063,16742,8954,10861,2860,5504,150205,143602,20164,19373,27870,27107,11858,9,8
2021-09-25T23:59:59+02:00,1780,1672,9833,9271,10901,10209,13442,13896,17511,17857,20699,20696,16400,17090,9133,11087,2941,5667,9119,8554,10387,9558,12935,13219,16918,17221,20190,20130,16063,16741,8954,10861,2860,5504,150200,143598,20164,19373,27870,27107,11853,9,8
2021-09-24T23:59:59+02:00,1772,1656,9816,9259,10897,10199,13438,13885,17508,17853,20696,20692,16397,17089,9133,11087,2940,5667,9102,8541,10381,9547,12931,13215,16912,17215,20189,20126,16061,16739,8953,10861,2860,5504,150111,143515,20162,19373,27870,27107,11843,9,8
2021-09-23T23:59:59+02:00,1769,1654,9753,9217,10788,10135,13339,13811,17423,17787,20643,20645,16373,17071,9126,11076,2940,5664,9044,8503,10273,9488,12840,13154,16831,17153,20138,20082,16038,16718,8945,10849,2860,5501,150034,143486,20160,19370,27870,27107,11151,9,8
2021-09-22T23:59:59+02:00,1747,1637,9724,9184,10773,10106,13313,13780,17395,17764,20628,20623,16369,17063,9124,11069,2937,5663,9019,8488,10252,9471,12825,13139,16812,17143,20127,20077,16032,16716,8942,10843,2858,5498,149748,143316,20156,19367,27870,27107,11126,9,8
2021-09-21T23:59:59+02:00,1716,1606,9668,9118,10739,10071,13286,13739,17365,17741,20614,20613,16356,17049,9120,11067,2935,5658,8985,8456,10236,9452,12803,13112,16786,17113,20117,20067,16022,16709,8937,10840,2858,5496,149328,143033,20154,19365,27869,27107,11111,9,8
2021-09-20T23:59:59+02:00,1684,1582,9613,9065,10691,10021,13250,13698,17344,17722,20590,20595,16346,17042,9111,11055,2934,5654,8950,8429,10217,9430,12776,13089,16765,17095,20100,20048,16014,16700,8930,10833,2856,5495,148926,142790,20152,19364,27869,27106,11051,9,8
2021-09-19T23:59:59+02:00,1683,1581,9609,9057,10684,10016,13242,13696,17336,17716,20583,20591,16344,17039,9110,11053,2931,5651,8944,8423,10213,9428,12772,13087,16762,17093,20097,20044,16013,16700,8930,10833,2856,5494,148872,142768,20149,19362,27869,27105,11033,9,8
2021-09-18T23:59:59+02:00,1683,1581,9609,9056,10682,10012,13239,13692,17333,17716,20582,20591,16344,17039,9110,11053,2931,5651,8942,8420,10211,9426,12771,13084,16758,17092,20096,20044,16013,16700,8930,10833,2856,5494,148866,142759,20149,19362,27869,27105,11021,9,8
2021-09-17T23:59:59+02:00,1677,1571,9592,9033,10670,9996,13223,13679,17322,17705,20578,20581,16342,17037,9109,11051,2930,5650,8935,8414,10205,9420,12762,13079,16754,17087,20093,20036,16013,16698,8929,10832,2856,5494,148751,142735,20148,19362,27869,27104,10979,9,8
2021-09-16T23:59:59+02:00,1673,1570,9576,9017,10654,9980,13212,13666,17310,17696,20566,20570,16341,17033,9106,11048,2930,5648,8929,8408,10197,9413,12754,13073,16746,17082,20083,20031,16013,16697,8929,10829,2856,5492,148648,142706,20145,19359,27868,27101,10936,9,8
2021-09-15T23:59:59+02:00,1660,1555,9549,8990,10630,9960,13183,13638,17291,17672,20549,20552,16335,17026,9097,11040,2930,5644,8882,8369,10166,9373,12721,13033,16721,17062,20054,20011,16006,16685,8924,10826,2856,5490,148481,142371,20077,19347,27868,27098,10876,9,8
2021-09-14T23:59:59+02:00,1647,1545,9515,8959,10614,9940,13165,13615,17268,17654,20535,20538,16318,17013,9087,11029,2926,5632,8848,8336,10150,9356,12712,13010,16705,17043,20037,19991,16002,16678,8921,10819,2855,5486,148280,142130,19999,19346,27868,27098,10854,9,8
2021-09-13T23:59:59+02:00,1614,1509,9471,8904,10588,9906,13142,13572,17247,17635,20513,20525,16312,17007,9084,11023,2924,5626,8813,8308,10134,9334,12691,12978,16692,17026,20021,19975,15996,16664,8915,10817,2854,5482,148061,141876,19845,19338,27868,27097,10830,8,8
2021-09-12T23:59:59+02:00,1612,1506,9458,8897,10575,9900,13135,13562,17242,17631,20510,20520,16311,17004,9082,11022,2924,5623,8789,8286,10113,9323,12674,12964,16681,17018,20013,19966,15993,16660,8914,10811,2854,5481,148010,141716,19839,19337,27868,27096,10799,8,8
2021-09-11T23:59:59+02:00,1612,1506,9456,8892,10571,9897,13132,13560,17241,17628,20507,20518,16311,17002,9081,11022,2924,5623,8780,8284,10111,9322,12669,12963,16680,17015,20011,19965,15993,16659,8913,10811,2854,5481,147999,141710,19837,19332,27868,27096,10781,8,8
2021-09-10T23:59:59+02:00,1611,1505,9452,8888,10562,9890,13120,13555,17236,17621,20505,20514,16310,17001,9081,11022,2924,5623,8776,8281,10104,9314,12659,12957,16674,17010,20008,19961,15993,16658,8913,10810,2854,5481,147970,141689,19836,19326,27868,27096,10748,8,8
2021-09-09T23:59:59+02:00,1608,1500,9436,8882,10551,9877,13106,13538,17220,17612,20490,20503,16308,17000,9079,11018,2923,5620,8766,8276,10097,9304,12654,12944,16656,17003,19996,19952,15991,16656,8911,10803,2853,5479,147888,141637,19834,19326,27868,27095,10682,8,8
2021-09-08T23:59:59+02:00,1570,1451,9392,8823,10519,9839,13079,13501,17188,17586,20471,20483,16292,16986,9075,11012,2923,5618,8742,8260,10078,9288,12634,12928,16641,16994,19980,19945,15984,16650,8910,10799,2853,5479,147476,141507,19833,19321,27868,27095,10632,8,8
2021-09-07T23:59:59+02:00,1552,1426,9372,8799,10501,9819,13069,13491,17179,17574,20465,20478,16288,16983,9074,11007,2922,5616,8734,8252,10070,9286,12626,12926,16637,16985,19976,19942,15984,16648,8910,10796,2853,5479,147300,141465,19831,19319,27868,27091,10617,8,8
2021-09-06T23:59:59+02:00,1539,1414,9348,8774,10481,9798,13059,13477,17168,17560,20456,20462,16286,16980,9072,11007,2921,5616,8728,8243,10062,9279,12621,12917,16631,16980,19971,19935,15982,16647,8906,10793,2853,5478,147124,141406,19830,19316,27866,27090,10599,8,8
2021-09-05T23:59:59+02:00,1536,1411,9340,8763,10473,9793,13054,13471,17165,17553,20450,20460,16283,16977,9072,11006,2921,5616,8720,8237,10055,9269,12614,12911,16625,16974,19963,19933,15980,16645,8906,10792,2853,5478,147074,141351,19830,19316,27866,27087,10575,8,8
2021-09-04T23:59:59+02:00,1535,1411,9339,8761,10472,9793,13053,13470,17165,17553,20448,20458,16283,16977,9072,11006,2921,5616,8720,8237,10054,9267,12613,12911,16624,16973,19962,19933,15980,16645,8906,10792,2853,5478,147068,141345,19827,19316,27866,27087,10573,8,8
2021-09-03T23:59:59+02:00,1525,1397,9318,8743,10459,9782,13049,13460,17150,17542,20436,20448,16279,16971,9071,11001,2921,5613,8704,8225,10042,9260,12606,12904,16608,16963,19959,19925,15976,16638,8905,10788,2853,5475,146967,141294,19824,19314,27866,27087,10508,8,8
2021-09-02T23:59:59+02:00,1514,1388,9264,8711,10399,9731,12974,13402,17100,17505,20378,20405,16247,16944,9061,10990,2920,5608,8659,8200,9983,9216,12537,12854,16564,16930,19899,19884,15944,16615,8898,10780,2853,5470,146840,141237,19823,19310,27865,27085,10013,8,8
2021-09-01T23:59:59+02:00,1510,1371,9244,8697,10376,9719,12961,13389,17088,17491,20368,20401,16243,16938,9054,10986,2920,5607,8641,8179,9967,9199,12526,12843,16551,16919,19883,19873,15940,16610,8895,10774,2853,5469,146731,141102,19799,19308,27865,27084,9968,8,8
2021-08-31T23:59:59+02:00,1493,1353,9229,8670,10365,9706,12950,13381,17083,17480,20361,20393,16238,16934,9052,10981,2920,5607,8624,8162,9961,9187,12511,12832,16540,16914,19880,19866,15936,16608,8894,10771,2853,5469,146575,140977,19798,19305,27865,27081,9958,8,8
2021-08-30T23:59:59+02:00,1472,1336,9211,8647,10351,9690,12939,13366,17070,17460,20349,20384,16234,16931,9050,10979,2920,5606,8597,8148,9947,9175,12500,12813,16527,16897,19871,19859,15930,16602,8892,10766,2851,5467,146410,140839,19798,19301,27862,27072,9924,8,8
2021-08-29T23:59:59+02:00,1471,1335,9209,8641,10344,9681,12937,13361,17061,17455,20345,20379,16231,16926,9050,10979,2920,5605,8594,8142,9938,9164,12496,12807,16519,16892,19867,19856,15927,16595,8891,10766,2851,5466,146392,140819,19798,19300,27862,27066,9877,8,8
2021-08-28T23:59:59+02:00,1470,1335,9206,8637,10344,9680,12936,13360,17061,17454,20345,20378,16231,16926,9050,10979,2920,5605,8590,8142,9936,9164,12495,12806,16519,16891,19867,19855,15927,16595,8891,10766,2851,5466,146384,140813,19798,19298,27862,27066,9872,8,8
2021-08-27T23:59:59+02:00,1460,1324,9193,8630,10339,9674,12933,13358,17058,17448,20340,20373,16230,16924,9049,10979,2920,5605,8580,8135,9933,9158,12488,12804,16516,16884,19866,19854,15926,16594,8890,10765,2851,5466,146310,140764,19798,19296,27862,27061,9866,8,8
2021-08-26T23:59:59+02:00,1457,1323,9186,8626,10334,9668,12925,13357,17055,17446,20338,20368,16227,16921,9046,10974,2919,5605,8571,8124,9927,9152,12480,12801,16511,16882,19864,19849,15923,16590,8887,10762,2850,5466,146289,140733,19796,19296,27862,27055,9827,8,8
2021-08-25T23:59:59+02:00,1443,1298,9080,8570,10247,9596,12836,13284,16936,17363,20243,20312,16180,16884,9031,10953,2914,5594,8479,8070,9843,9090,12389,12736,16407,16809,19777,19795,15879,16552,8873,10742,2845,5453,146050,140587,19795,19295,27862,27053,9056,8,8
2021-08-24T23:59:59+02:00,1424,1273,9049,8540,10233,9576,12807,13255,16905,17327,20229,20296,16165,16874,9026,10947,2914,5591,8456,8057,9826,9078,12373,12725,16396,16794,19770,19785,15873,16548,8873,10740,2845,5452,145761,140469,19793,19293,27862,27053,9014,8,8
2021-08-23T23:59:59+02:00,1406,1248,9007,8503,10219,9558,12776,13235,16886,17309,20216,20272,16153,16862,9015,10941,2913,5586,8431,8041,9799,9059,12359,12719,16383,16785,19759,19769,15867,16541,8869,10735,2844,5449,145505,140373,19793,19291,27862,27032,8944,8,8
2021-08-22T23:59:59+02:00,1406,1248,8997,8498,10212,9552,12775,13231,16882,17303,20213,20269,16150,16858,9011,10941,2913,5585,8415,8035,9792,9048,12355,12714,16380,16778,19757,19765,15864,16536,8865,10733,2844,5448,145492,140344,19793,19289,27862,27029,8896,8,8
2021-08-21T23:59:59+02:00,1406,1247,8992,8498,10211,9550,12772,13230,16881,17303,20212,20268,16150,16858,9011,10941,2913,5585,8293,7955,9691,8954,12267,12604,16289,16707,19701,19721,15844,16521,8862,10722,2843,5446,145486,140340,19790,18388,27862,27028,8889,8,8
2021-08-20T23:59:59+02:00,1405,1245,8984,8496,10204,9542,12766,13220,16878,17301,20205,20263,16147,16858,9011,10939,2912,5584,7935,7629,9538,8794,12124,12464,16166,16597,19593,19625,15805,16472,8850,10698,2841,5445,145452,138242,19790,18388,27862,27027,8855,8,8
2021-08-19T23:59:59+02:00,1400,1243,8973,8490,10197,9533,12757,13214,16873,17299,20200,20261,16146,16856,9011,10938,2912,5583,7675,7361,9408,8689,11981,12345,16072,16492,19496,19538,15763,16425,8839,10679,2840,5437,145410,136517,19787,18380,27861,27018,8827,8,8
2021-08-18T23:59:59+02:00,1376,1211,8927,8454,10169,9502,12730,13179,16843,17276,20174,20232,16133,16842,9005,10932,2908,5578,7662,7351,9396,8681,11967,12328,16058,16483,19488,19529,15757,16418,8835,10675,2837,5434,145104,136470,19774,18379,27858,27017,8733,8,8
2021-08-17T23:59:59+02:00,1351,1198,8891,8422,10154,9481,12715,13154,16828,17255,20151,20210,16125,16832,9002,10925,2906,5573,7649,7336,9378,8673,11956,12319,16051,16473,19477,19523,15751,16413,8834,10673,2836,5432,144860,136399,19771,18374,27857,27011,8683,8,8
2021-08-16T23:59:59+02:00,1328,1180,8853,8396,10135,9462,12691,13130,16818,17238,20131,20195,16120,16820,8998,10924,2905,5573,7640,7324,9362,8670,11946,12313,16049,16468,19468,19516,15748,16410,8834,10673,2836,5432,144627,136359,19769,18370,27857,27010,8642,8,8
2021-08-15T23:59:59+02:00,1310,1163,8834,8377,10122,9448,12675,13117,16805,17228,20117,20183,16114,16814,8998,10919,2905,5573,7628,7313,9346,8654,11932,12302,16042,16460,19462,19512,15740,16406,8833,10670,2836,5432,144479,136302,19768,18365,27854,26991,8599,8,8
2021-08-14T23:59:59+02:00,1309,1163,8834,8377,10121,9448,12674,13115,16805,17227,20116,20181,16114,16814,8998,10919,2905,5573,7312,7020,9201,8486,11758,12137,15924,16330,19368,19424,15714,16382,8824,10657,2836,5428,144473,134313,19768,18363,27854,26982,8596,8,8
2021-08-13T23:59:59+02:00,1304,1161,8822,8368,10110,9440,12662,13105,16789,17218,20108,20173,16111,16809,8996,10918,2904,5573,6924,6660,9030,8325,11550,11921,15706,16149,19227,19302,15680,16344,8812,10643,2834,5424,144445,131834,19768,18363,27854,26979,8502,8,8
2021-08-12T23:59:59+02:00,1304,1161,8821,8365,10103,9435,12659,13105,16783,17209,20104,20168,16110,16805,8994,10916,2904,5573,6917,6653,9016,8318,11539,11919,15695,16142,19223,19296,15678,16339,8810,10642,2834,5424,144430,131800,19767,18360,27854,26961,8465,8,8
2021-08-11T23:59:59+02:00,1301,1157,8817,8358,10094,9428,12651,13101,16777,17205,20098,20166,16108,16802,8993,10916,2904,5572,6910,6643,9000,8307,11528,11915,15691,16135,19215,19290,15674,16336,8809,10642,2834,5422,144380,131738,19763,18354,27854,26947,8448,8,8
2021-08-10T23:59:59+02:00,1300,1157,8815,8357,10090,9423,12648,13096,16775,17204,20097,20161,16106,16800,8993,10915,2904,5572,6866,6598,8967,8292,11509,11895,15665,16124,19208,19280,15672,16334,8809,10640,2834,5422,144353,131495,19763,18350,27854,26940,8440,8,8
2021-08-09T23:59:59+02:00,1300,1155,8809,8356,10086,9415,12646,13093,16768,17202,20091,20161,16104,16800,8992,10915,2904,5572,6847,6574,8946,8275,11496,11884,15649,16112,19202,19275,15669,16333,8807,10639,2834,5422,144327,131361,19763,18346,27852,26931,8424,8,8
2021-08-08T23:59:59+02:00,1300,1154,8806,8350,10084,9411,12637,13090,16763,17198,20089,20158,16102,16796,8991,10914,2903,5571,6844,6563,8930,8267,11479,11876,15642,16103,19200,19270,15666,16329,8806,10638,2833,5421,144315,131312,19762,18338,27852,26927,8385,8,8
2021-08-07T23:59:59+02:00,1300,1146,8797,8343,10073,9404,12634,13083,16756,17194,20083,20153,16098,16791,8989,10913,2902,5571,6192,5992,8659,8044,11208,11646,15443,15929,19115,19194,15646,16305,8799,10631,2830,5420,144265,128223,19761,18326,27852,26926,8349,8,8
2021-08-06T23:59:59+02:00,1294,1145,8788,8331,10059,9392,12614,13064,16738,17182,20066,20141,16091,16783,8989,10910,2902,5570,6179,5978,8644,8029,11184,11625,15421,15912,19098,19182,15639,16298,8799,10628,2830,5419,144227,128170,19758,18320,27852,26924,8219,8,8
2021-08-05T23:59:59+02:00,1291,1143,8781,8324,10050,9383,12600,13056,16732,17179,20058,20137,16090,16783,8989,10909,2902,5570,5895,5741,8295,7733,10818,11348,15097,15673,18848,19014,15619,16274,8789,10621,2829,5418,144178,128075,19754,15613,27848,26891,8194,8,8
2021-08-04T23:59:59+02:00,1290,1140,8775,8320,10045,9381,12594,13052,16727,17177,20056,20134,16089,16783,8988,10908,2902,5569,5881,5733,8266,7723,10798,11336,15080,15667,18843,19009,15617,16271,8788,10621,2829,5418,144146,127976,19753,15605,27847,26875,8181,8,8
2021-08-03T23:59:59+02:00,1283,1137,8771,8310,10040,9376,12589,13049,16722,17175,20051,20132,16087,16783,8987,10906,2902,5568,5769,5619,8173,7653,10681,11259,15031,15614,18814,18994,15613,16269,8787,10619,2827,5417,144101,127250,19751,15597,27847,26846,8166,8,8
2021-08-02T23:59:59+02:00,1277,1131,8758,8302,10033,9369,12584,13043,16717,17165,20044,20128,16085,16780,8985,10903,2901,5567,5598,5459,8044,7546,10557,11144,14959,15531,18782,18969,15605,16260,8781,10619,2827,5417,144020,126184,19745,15592,27846,26815,8158,8,8
2021-08-01T23:59:59+02:00,1275,1130,8751,8295,10026,9362,12578,13041,16712,17163,20039,20126,16085,16780,8984,10901,2901,5567,5538,5402,7993,7497,10494,11092,14923,15506,18769,18951,15602,16257,8779,10616,2827,5415,143976,125745,19743,15588,27845,26794,8149,8,8
2021-07-31T23:59:59+02:00,1275,1130,8750,8292,10026,9361,12576,13041,16711,17163,20038,20124,16085,16780,8984,10901,2901,5567,5512,5381,7977,7484,10477,11078,14910,15500,18765,18948,15601,16256,8779,10616,2827,5415,143974,125614,19742,15584,27845,26793,8141,8,8
2021-07-30T23:59:59+02:00,1143,1009,8522,8063,9932,9243,12496,12957,16631,17091,19978,20057,16053,16741,8978,10884,2900,5564,5218,5106,7839,7341,10289,10885,14774,15334,18697,18891,15577,16228,8766,10603,2823,5411,142519,123782,19740,15576,27845,26776,8135,8,8
2021-07-29T23:59:59+02:00,1136,1001,8391,7973,9773,9145,12342,12856,16482,16996,19814,19947,15967,16672,8953,10865,2899,5557,4923,4872,7561,7148,10008,10685,14527,15160,18502,18773,15491,16153,8739,10582,2822,5401,142398,122682,19737,15535,27845,26751,6786,8,8
2021-07-28T23:59:59+02:00,1125,987,8362,7936,9759,9129,12320,12842,16465,16973,19795,19937,15960,16659,8946,10861,2899,5555,4501,4442,7243,6897,9690,10385,14291,14978,18446,18732,15476,16142,8733,10571,2822,5391,142156,120032,19735,15481,27843,26688,6773,8,8
2021-07-27T23:59:59+02:00,1115,979,8339,7921,9746,9122,12308,12833,16457,16967,19788,19924,15958,16653,8944,10858,2898,5553,4267,4196,7011,6698,9443,10106,14131,14817,18395,18665,15427,16096,8716,10555,2819,5384,142017,118011,19733,15478,27843,26663,6767,8,8
2021-07-26T23:59:59+02:00,1111,976,8326,7909,9739,9117,12302,12827,16450,16959,19781,19923,15955,16648,8942,10854,2897,5548,4161,4088,6908,6587,9317,9984,14048,14734,18348,18631,15416,16085,8706,10547,2816,5382,141938,117108,19730,15468,27832,26605,6761,8,8
2021-07-25T23:59:59+02:00,1110,975,8317,7906,9726,9113,12292,12824,16445,16952,19778,19922,15953,16648,8941,10854,2897,5548,4110,4038,6831,6538,9245,9928,14012,14702,18324,18617,15398,16072,8699,10541,2816,5380,141912,116667,19726,15452,27831,26583,6729,8,8
2021-07-24T23:59:59+02:00,1108,972,8231,7844,9653,9033,12225,12747,16377,16899,19737,19883,15933,16634,8938,10844,2897,5547,4067,3996,6774,6488,9167,9871,13947,14636,18292,18591,15386,16061,8691,10537,2816,5380,141893,116413,19068,15170,27831,26581,6707,8,8
2021-07-23T23:59:59+02:00,1082,947,8119,7755,9615,8998,12191,12718,16332,16864,19708,19864,15927,16628,8934,10840,2897,5547,3776,3711,6517,6283,8884,9585,13711,14458,18212,18530,15344,16018,8673,10518,2814,5374,141399,114165,19068,15146,27831,26575,6665,8,8
2021-07-22T23:59:59+02:00,989,860,7903,7525,9511,8909,12073,12622,16241,16780,19633,19779,15881,16588,8925,10825,2896,5541,3651,3584,6363,6190,8730,9456,13547,14315,18137,18462,15323,15992,8665,10508,2814,5373,139937,113013,19066,15074,27824,26480,6651,8,8
2021-07-21T23:59:59+02:00,969,846,7871,7485,9495,8898,12051,12599,16217,16764,19609,19758,15870,16581,8925,10820,2896,5541,3346,3318,6016,5931,8335,9073,13280,14079,17995,18337,15231,15911,8633,10478,2811,5361,139681,110204,19064,15002,27819,26383,6628,8,8
2021-07-20T23:59:59+02:00,968,845,7863,7480,9488,8895,12046,12597,16209,16763,19604,19753,15869,16580,8925,10819,2896,5541,3273,3267,5956,5875,8277,9014,13196,14035,17963,18322,15231,15911,8633,10476,2811,5361,139643,109818,19063,14987,27816,26251,6616,8,8
2021-07-19T23:59:59+02:00,967,845,7856,7478,9485,8887,12041,12595,16204,16756,19601,19753,15867,16577,8925,10817,2896,5540,3221,3232,5905,5833,8216,8969,13139,14008,17917,18309,15231,15908,8633,10474,2811,5360,139606,109537,19062,14970,27816,26124,6603,8,8
2021-07-18T23:59:59+02:00,966,844,7845,7469,9480,8882,12032,12590,16199,16750,19599,19751,15866,16575,8925,10817,2896,5540,3201,3214,5866,5802,8181,8940,13100,13992,17902,18305,15231,15907,8633,10474,2811,5359,139559,109349,19061,14936,27814,26111,6589,8,8
2021-07-17T23:59:59+02:00,851,725,7523,7179,9328,8711,11857,12428,16070,16611,19502,19656,15845,16554,8917,10804,2896,5537,3100,3106,5755,5710,8048,8780,12959,13864,17807,18227,15221,15889,8630,10467,2811,5359,137547,108167,19060,14931,27814,26107,6573,5,8
2021-07-16T23:59:59+02:00,695,574,7132,6852,9147,8553,11665,12219,15868,16435,19360,19531,15815,16518,8907,10790,2895,5535,3038,3045,5679,5647,7935,8673,12839,13728,17728,18152,15199,15873,8626,10465,2810,5359,135081,107268,19060,14926,27813,26100,6537,5,8
2021-07-15T23:59:59+02:00,693,574,7118,6844,9144,8551,11653,12215,15858,16428,19356,19525,15813,16515,8903,10788,2894,5526,2999,3010,5613,5604,7845,8623,12764,13687,17698,18128,15176,15857,8618,10458,2809,5350,135041,107036,19058,14772,27808,25975,6490,5,8
2021-07-14T23:59:59+02:00,691,573,7109,6835,9139,8549,11649,12210,15852,16425,19351,19520,15811,16512,8900,10785,2894,5522,2976,2997,5572,5572,7809,8602,12731,13671,17680,18117,15169,15854,8615,10454,2809,5346,135008,106883,19057,14738,27808,25934,6453,5,8
2021-07-13T23:59:59+02:00,686,571,7084,6818,9126,8532,11640,12195,15841,16406,19341,19514,15802,16508,8896,10775,2889,5514,2919,2946,5507,5506,7649,8467,12477,13453,17524,17989,15150,15843,8603,10441,2804,5335,134882,105667,19057,14685,27805,25899,6393,5,8
2021-07-12T23:59:59+02:00,680,563,7070,6803,9115,8521,11630,12185,15836,16393,19329,19510,15800,16504,8894,10775,2889,5511,2863,2892,5424,5431,7501,8352,12230,13240,17343,17842,15140,15838,8599,10434,2803,5335,134766,104429,19055,14632,27801,25849,6385,5,8
2021-07-11T23:59:59+02:00,679,562,7061,6801,9105,8513,11623,12177,15826,16390,19324,19505,15800,16501,8893,10773,2889,5511,2832,2857,5347,5358,7403,8265,12063,13083,17217,17709,15132,15827,8598,10431,2803,5335,134722,103540,19051,14583,27801,25806,6358,5,8
2021-07-10T23:59:59+02:00,505,404,6498,6250,8880,8327,11380,11985,15669,16257,19269,19456,15792,16491,8889,10768,2888,5510,2803,2823,5295,5312,7320,8185,11960,12983,17139,17642,15117,15811,8595,10420,2800,5333,132027,102842,19051,14581,27801,25798,6338,5,8
2021-07-09T23:59:59+02:00,494,397,6439,6222,8853,8290,11340,11957,15642,16244,19256,19440,15791,16488,8889,10765,2888,5510,2746,2756,5213,5243,7141,8008,11548,12684,16841,17435,15096,15783,8588,10415,2798,5331,131935,101814,18841,13720,27800,25783,6328,5,8
2021-07-08T23:59:59+02:00,488,395,6123,5963,8481,8002,10958,11650,15305,15996,18997,19267,15769,16464,8880,10758,2885,5509,2685,2705,5131,5167,7001,7917,11347,12542,16689,17311,15089,15775,8588,10413,2798,5330,131848,100950,15949,13550,27795,25708,6297,5,8
2021-07-07T23:59:59+02:00,486,391,6108,5951,8457,7987,10943,11633,15294,15986,18996,19262,15767,16460,8879,10756,2885,5507,2636,2653,5040,5108,6862,7823,11112,12360,16525,17177,15081,15768,8583,10407,2798,5330,131740,99927,15940,13424,27793,25659,6270,5,8
2021-07-06T23:59:59+02:00,459,371,6007,5858,8383,7921,10870,11564,15261,15946,18973,19246,15759,16450,8876,10754,2882,5505,2568,2583,4907,4993,6679,7690,10723,11948,16153,16801,15055,15735,8575,10400,2797,5326,131122,97769,15932,13342,27788,25598,6238,5,8
2021-07-05T23:59:59+02:00,418,337,5829,5687,8265,7828,10756,11450,15202,15876,18941,19215,15753,16442,8872,10749,2879,5504,2515,2507,4808,4895,6546,7555,10371,11629,15879,16495,15025,15705,8567,10385,2797,5321,130073,95973,15928,13278,27785,25545,6212,5,8
2021-07-04T23:59:59+02:00,398,307,5755,5607,8208,7771,10689,11392,15172,15845,18927,19196,15746,16438,8871,10747,2879,5502,2496,2477,4746,4848,6485,7505,10234,11520,15778,16423,15020,15698,8565,10384,2796,5321,129567,95409,15921,13210,27780,25507,6177,5,8
2021-07-03T23:59:59+02:00,392,305,5736,5597,8198,7762,10677,11388,15165,15839,18924,19193,15746,16438,8871,10747,2879,5502,2461,2445,4650,4820,6378,7479,10176,11474,15673,16337,14341,14991,8546,10359,2796,5321,129495,95294,15919,13208,27780,23591,6160,5,8
2021-07-02T23:59:59+02:00,346,266,5547,5448,8126,7690,10579,11291,15100,15782,18905,19186,15742,16434,8866,10745,2877,5499,2414,2397,4494,4742,6194,7405,10022,11317,15483,16134,13550,14072,8538,10344,2796,5320,128581,94731,15917,13164,27779,21186,6147,5,8
2021-07-01T23:59:59+02:00,284,211,5330,5265,7997,7578,10439,11165,14972,15687,18861,19161,15735,16427,8861,10739,2877,5498,2297,2277,4318,4569,5957,7151,9241,10632,14854,15664,13525,14043,8533,10339,2792,5318,127289,91234,15905,13068,27778,21102,6110,5,8
2021-06-30T23:59:59+02:00,154,121,4848,4792,7656,7301,10086,10827,14745,15510,18804,19117,15724,16416,8857,10731,2877,5495,2261,2230,4233,4497,5846,7054,9070,10508,14764,15586,13511,14035,8530,10336,2792,5316,124303,90633,15899,12895,27778,20969,6076,5,8
2021-06-29T23:59:59+02:00,117,99,4564,4512,7404,7084,9796,10527,14546,15320,18741,19056,15672,16366,8837,10716,2876,5490,2194,2150,4090,4361,5639,6873,8844,10279,14469,15361,13464,13987,8517,10312,2790,5303,122232,89181,15895,12742,27776,20897,5815,5,8
2021-06-28T23:59:59+02:00,101,78,4429,4369,7299,6974,9674,10402,14454,15213,18696,19013,15656,16350,8823,10705,2873,5488,2107,2023,3909,4155,5358,6531,8460,9769,13936,14825,13345,13898,8498,10288,2787,5289,121219,85972,15884,12661,27773,20830,5716,5,6
2021-06-27T23:59:59+02:00,96,76,4375,4322,7240,6919,9612,10347,14421,15179,18676,18996,15639,16338,8816,10698,2872,5483,2053,1989,3845,4111,5244,6417,8291,9640,13760,14712,13319,13879,8489,10279,2784,5287,120853,85183,15880,12626,27770,20693,5597,5,6
2021-06-26T23:59:59+02:00,83,74,4331,4292,7209,6891,9594,10325,14401,15163,18663,18983,15635,16332,8816,10698,2872,5483,1977,1896,3656,3953,5029,6160,7928,9185,13409,14416,13239,13821,8469,10251,2779,5278,120609,82546,15874,12626,27770,20687,5587,5,6
2021-06-25T23:59:59+02:00,70,61,4020,3966,6946,6654,9301,10032,14178,14974,18580,18926,15589,16287,8797,10679,2870,5477,1912,1812,3490,3831,4835,5929,7603,8770,13098,14081,13189,13765,8456,10226,2773,5272,118210,80190,15847,12595,27770,20682,5575,5,6
2021-06-24T23:59:59+02:00,63,54,3927,3876,6848,6569,9201,9942,14078,14889,18552,18893,15574,16270,8791,10672,2870,5476,1845,1738,3376,3734,4636,5787,7383,8571,12849,13880,12356,12835,8276,9963,2773,5271,117479,78973,15838,12489,27766,18354,5457,5,6
2021-06-23T23:59:59+02:00,49,49,3522,3503,6394,6222,8669,9435,13742,14586,18416,18757,15470,16178,8748,10636,2867,5462,1707,1566,3125,3530,4217,5458,6434,7860,12106,13182,12333,12823,8266,9956,2773,5267,114543,78339,15591,9158,27765,18305,4801,5,6
2021-06-22T23:59:59+02:00,40,41,3449,3430,6315,6163,8566,9357,13691,14538,18383,18740,15459,16171,8747,10631,2867,5459,1666,1513,3021,3427,4073,5308,6180,7676,11495,12472,12243,12729,8248,9923,2769,5259,113914,76000,15585,9076,27763,18146,4780,5,6
2021-06-21T23:59:59+02:00,34,38,3379,3369,6223,6104,8506,9286,13630,14492,18350,18720,15457,16170,8746,10630,2867,5458,1630,1462,2930,3330,3947,5158,5984,7450,10737,11553,11856,12273,7171,8696,2763,5252,113394,73346,15578,8975,27761,15149,4721,5,6
2021-06-20T23:59:59+02:00,34,37,3354,3347,6175,6073,8462,9254,13602,14475,18339,18716,15456,16170,8746,10630,2867,5458,1612,1445,2893,3302,3896,5120,5932,7426,10649,11477,11836,12254,7168,8689,2762,5252,113217,73029,15561,8898,27761,15133,4651,5,6
2021-06-19T23:59:59+02:00,32,35,3327,3323,6146,6050,8432,9235,13578,14469,18333,18711,15456,16169,8746,10630,2867,5458,1608,1433,2888,3293,3888,5115,5917,7421,10638,11470,11836,12254,7168,8688,2762,5252,113025,72949,15555,8898,27761,15131,4651,5,6
2021-06-18T23:59:59+02:00,28,30,3285,3280,6072,6010,8363,9180,13532,14437,18310,18700,15455,16167,8745,10629,2867,5458,1533,1339,2751,3117,3705,4839,5520,7048,9145,9901,11669,12086,7127,8638,2750,5234,112641,67769,15527,8897,27761,15120,4614,5,6
2021-06-17T23:59:59+02:00,26,26,3221,3228,6004,5970,8288,9126,13460,14392,18286,18689,15453,16162,8743,10626,2867,5455,1404,1246,2562,2902,3442,4547,5159,6652,8473,9170,11385,11843,7086,8581,2746,5231,112265,64055,15498,8782,27756,15092,4498,5,6
2021-06-16T23:59:59+02:00,26,23,3168,3167,5892,5902,8168,9033,13332,14306,18220,18653,15447,16153,8743,10623,2867,5455,1307,1190,2421,2794,3259,4387,4874,6379,7396,7879,11294,11735,7055,8543,2733,5213,111626,60290,15423,8736,27752,15059,4372,5,6
2021-06-15T23:59:59+02:00,21,22,3072,3081,5774,5813,7983,8854,13069,14087,18071,18526,15432,16141,8735,10617,2867,5453,1270,1157,2348,2739,3155,4312,4671,6254,7084,7628,10799,11176,7021,8509,2725,5200,110205,58045,15395,8704,27742,15027,4271,5,5
2021-06-14T23:59:59+02:00,20,20,2998,3011,5693,5755,7840,8735,12780,13849,17883,18350,15416,16127,8728,10612,2866,5452,1243,1129,2282,2683,3030,4216,4471,6115,6741,7323,10273,10565,6990,8472,2721,5190,108812,55674,15386,8597,27738,14979,4194,5,4
2021-06-13T23:59:59+02:00,20,20,2980,2981,5627,5717,7777,8669,12640,13715,17777,18228,15410,16118,8727,10609,2865,5452,1232,1116,2253,2667,2993,4205,4425,6096,6708,7306,10268,10559,6990,8471,2721,5190,108075,55532,15375,8589,27734,14936,4143,5,4
2021-06-12T23:59:59+02:00,18,20,2951,2963,5599,5692,7746,8650,12621,13696,17769,18225,15409,16116,8727,10609,2865,5452,1176,1054,2164,2591,2899,4069,4283,5964,6598,7221,10186,10481,6394,7745,2721,5190,107876,55417,15372,8589,27734,12589,4141,5,4
2021-06-11T23:59:59+02:00,18,17,2875,2889,5530,5628,7565,8464,12211,13390,17487,18020,15393,16091,8721,10601,2862,5450,1152,1037,2109,2550,2834,4020,4198,5902,6487,7130,10083,10368,6380,7738,2719,5184,106864,54891,14480,8320,27733,12550,4130,5,4
2021-06-10T23:59:59+02:00,14,15,2821,2848,5430,5575,7433,8383,12024,13251,17349,17902,15388,16087,8721,10600,2861,5449,1111,1012,2034,2484,2733,3942,4028,5772,6242,6917,9832,10100,6360,7710,2713,5178,105943,53326,14407,8316,27728,12458,4068,5,4
2021-06-09T23:59:59+02:00,13,14,2743,2779,5308,5480,7213,8214,11745,13010,17163,17753,15377,16073,8717,10591,2861,5446,1054,947,1903,2366,2530,3760,3702,5489,5619,6405,9009,9197,6303,7634,2700,5143,104737,49315,14255,8298,27719,12364,3784,5,4
2021-06-08T23:59:59+02:00,10,10,2645,2677,5173,5352,7016,8029,11315,12583,16786,17364,15358,16046,8706,10584,2860,5441,1017,918,1833,2301,2424,3686,3562,5423,5468,6273,8975,9178,6301,7622,2698,5139,102533,48803,14228,8247,27717,12296,3472,5,4
2021-06-07T23:59:59+02:00,8,9,2518,2579,4982,5221,6809,7864,10837,12222,16443,17068,15333,16018,8700,10567,2859,5437,948,881,1705,2245,2283,3602,3307,5333,5113,5988,8425,8553,6248,7563,2694,5130,100597,46585,14185,8231,27708,12223,2979,5,4
2021-06-06T23:59:59+02:00,8,7,2481,2554,4921,5164,6723,7807,10698,12111,16352,17003,15330,16014,8700,10567,2857,5436,932,871,1677,2225,2239,3574,3236,5308,5065,5964,8420,8552,6243,7555,2694,5129,100006,46424,14134,8221,27701,12152,2887,5,4
2021-06-05T23:59:59+02:00,7,6,2467,2532,4893,5139,6686,7777,10668,12084,16343,16996,15330,16014,8700,10567,2857,5436,916,856,1644,2196,2199,3518,3133,5226,4712,5635,7825,7847,6215,7501,2693,5127,99781,44037,14134,8215,27699,12108,2883,5,4
2021-06-04T23:59:59+02:00,6,5,2436,2503,4848,5095,6639,7724,10579,11979,16291,16932,15326,16007,8700,10566,2856,5435,904,838,1621,2176,2157,3481,3081,5167,4548,5446,7524,7479,6179,7459,2691,5121,99251,42750,14127,8213,27699,12064,2845,5,4
2021-06-03T23:59:59+02:00,6,5,2333,2375,4697,4921,6430,7476,9877,11345,15701,16482,15315,15997,8697,10560,2855,5434,887,808,1581,2117,2108,3401,2991,5057,4402,5279,7365,7290,6167,7432,2691,5117,95911,41702,14088,8203,27694,11980,2808,5,4
2021-06-02T23:59:59+02:00,6,5,2316,2350,4652,4888,6375,7439,9777,11257,15641,16429,15307,15993,8696,10556,2855,5433,875,796,1562,2093,2055,3364,2905,4971,4041,4890,6808,6651,6123,7376,2687,5106,95386,39363,14086,8198,27694,11937,2804,5,4
2021-06-01T23:59:59+02:00,6,4,2253,2310,4530,4795,6210,7322,9588,11109,15533,16352,15304,15989,8692,10552,2854,5428,841,769,1497,2044,1939,3301,2751,4878,3837,4762,6598,6419,6100,7357,2681,5097,94511,38274,14036,8176,27682,11822,2597,5,4
2021-05-31T23:59:59+02:00,2,4,2203,2251,4432,4703,6066,7197,9402,10960,15448,16296,15296,15982,8689,10552,2854,5428,818,735,1440,1985,1867,3252,2576,4822,3706,4708,6241,6005,6077,7336,2678,5089,93789,37094,13949,8169,27672,11720,2350,5,4
2021-05-30T23:59:59+02:00,2,4,2178,2230,4376,4642,5972,7137,9327,10898,15411,16276,15295,15979,8689,10552,2854,5428,806,724,1417,1962,1818,3226,2443,4787,3601,4690,6239,6003,6077,7336,2678,5089,93338,36777,13910,8147,27662,11635,2335,5,4
2021-05-29T23:59:59+02:00,2,4,2162,2215,4356,4630,5955,7120,9314,10885,15406,16273,15294,15979,8689,10552,2854,5428,788,672,1324,1703,1684,2864,2243,4239,3322,4260,6149,5909,5965,7204,2677,5089,93209,36724,13907,8141,27662,8890,2335,5,4
2021-05-28T23:59:59+02:00,2,4,2141,2192,4317,4584,5910,7075,9236,10815,15338,16221,15290,15977,8689,10552,2854,5427,769,582,1246,1450,1586,2461,2065,3550,3058,3665,5510,5168,5883,7113,2673,5076,92731,35423,13894,8141,27660,5955,2334,5,4
2021-05-27T23:59:59+02:00,2,4,2099,2154,4230,4517,5787,7001,9080,10715,15240,16137,15289,15976,8689,10552,2854,5427,739,548,1214,1367,1544,2323,1995,3408,2945,3546,5074,4687,5850,7074,2662,5047,92048,34299,13744,8132,27637,5271,2319,5,4
2021-05-26T23:59:59+02:00,2,4,2031,2035,4035,4372,5446,6736,8109,9971,14477,15435,15277,15970,8685,10546,2852,5424,728,533,1188,1306,1497,2264,1937,3293,2793,3402,3766,3305,5791,7001,2639,4989,91271,31018,10217,8115,27621,5004,2293,5,4
2021-05-25T23:59:59+02:00,2,4,1994,1998,3956,4305,5351,6670,7974,9864,14099,14999,15229,15933,8678,10531,2850,5420,723,526,1161,1271,1477,2239,1917,3265,2767,3376,3760,3295,5784,6998,2637,4988,89926,30929,10068,8105,27605,4895,2253,5,4
2021-05-24T23:59:59+02:00,2,4,1968,1954,3869,4229,5245,6588,7849,9740,13589,14384,15178,15866,8671,10518,2849,5415,717,518,1142,1259,1445,2224,1895,3246,2741,3354,3743,3277,5762,6974,2628,4972,88138,30795,9989,8054,27594,4855,2192,5,3
2021-05-23T23:59:59+02:00,2,4,1959,1942,3850,4207,5227,6575,7797,9709,13513,14321,15167,15862,8669,10517,2848,5415,710,508,1131,1246,1420,2200,1837,3210,2633,3256,3331,2844,5118,6164,2613,4927,87905,30621,9888,5500,27594,4834,2192,5,3
2021-05-22T23:59:59+02:00,2,4,1792,1900,3548,4158,4828,6532,7540,9652,13388,14243,15161,15861,8669,10516,2848,5415,548,477,838,1205,1046,2165,1597,3157,2519,3182,3328,2842,5118,6163,2613,4927,87754,30609,9888,5499,27592,4798,818,5,3
2021-05-21T23:59:59+02:00,2,3,1707,1792,3391,3966,4638,6237,7143,9287,12099,12913,15010,15713,8633,10469,2839,5404,544,465,828,1203,1044,2157,1562,3127,2441,3106,3153,2705,5092,6120,2610,4912,82991,29974,9848,5498,27586,4779,816,5,3
2021-05-20T23:59:59+02:00,2,3,1669,1758,3296,3916,4531,6154,6967,9204,11888,12684,14989,15695,8629,10462,2838,5403,523,450,786,1157,987,2093,1441,3055,2315,3009,2964,2534,5051,6044,2602,4897,82149,29226,9745,5483,27531,4538,659,4,3
2021-05-19T23:59:59+02:00,2,3,1648,1732,3238,3860,4436,6087,6850,9139,11655,12423,14978,15684,8626,10461,2838,5402,514,438,770,1120,970,2024,1331,2907,1989,2715,2401,2039,4946,5926,2580,4850,81328,27160,9606,5468,27504,4270,620,4,3
2021-05-18T23:59:59+02:00,2,3,1587,1699,3149,3770,4323,5983,6690,8980,11363,12166,14933,15636,8614,10438,2836,5392,511,426,754,1104,952,2007,1248,2842,1709,2492,1959,1695,4873,5843,2559,4807,80226,25620,9404,5458,27435,4206,495,4,3
2021-05-17T23:59:59+02:00,2,3,1538,1618,3019,3612,4119,5704,6342,8521,10813,11617,14824,15543,8595,10413,2831,5381,509,418,748,1097,933,2002,1224,2818,1682,2455,1943,1675,4866,5836,2556,4805,77327,25556,9367,5444,27411,4179,386,4,3
2021-05-16T23:59:59+02:00,2,3,1519,1596,2966,3571,4024,5617,6193,8385,10637,11483,14798,15521,8587,10405,2830,5379,502,412,726,1082,903,1986,1195,2790,1649,2431,1936,1666,4863,5832,2553,4803,76581,25526,9308,5426,27381,4133,242,4,3
2021-05-15T23:59:59+02:00,2,3,1433,1498,2756,3405,3795,5340,5834,7913,10284,11188,14713,15459,8568,10376,2824,5370,502,410,722,1080,903,1982,1190,2789,1643,2426,1924,1654,4856,5826,2553,4801,73834,25464,9308,5426,27374,4128,241,4,3
2021-05-14T23:59:59+02:00,2,3,1399,1435,2645,3308,3643,5183,5635,7624,10064,10935,14678,15421,8555,10353,2821,5366,453,369,651,914,830,1696,1062,2379,1461,2101,1890,1614,4853,5818,2552,4797,72189,25401,9289,5424,27351,2376,237,4,3
2021-05-13T23:59:59+02:00,2,3,1342,1367,2543,3224,3474,5046,5415,7418,9837,10756,14652,15392,8545,10350,2819,5363,446,357,624,886,728,1589,962,2294,1197,1887,1172,1033,4632,5583,2544,4764,71026,25281,8975,2881,27321,2312,222,4,3
2021-05-12T23:59:59+02:00,2,3,1335,1357,2526,3218,3456,5032,5394,7405,9822,10745,14650,15388,8543,10348,2818,5363,446,356,623,885,724,1588,957,2294,1193,1881,1153,1024,4619,5545,2510,4695,70910,25080,8951,2881,27319,2309,221,4,3
2021-05-11T23:59:59+02:00,2,2,1293,1315,2453,3136,3342,4905,5198,7258,9535,10437,14602,15330,8531,10328,2814,5354,440,343,605,871,701,1571,929,2270,1167,1855,1098,988,4556,5447,2467,4571,69570,24588,8828,2863,27234,2227,199,4,3
2021-05-10T23:59:59+02:00,2,2,1271,1288,2389,3059,3215,4779,5066,7101,9211,10057,14556,15291,8522,10309,2809,5352,439,341,592,862,687,1556,917,2255,1150,1841,1062,954,4494,5371,2426,4453,68213,24172,8706,2860,27165,2175,191,4,3
2021-05-09T23:59:59+02:00,2,2,1256,1271,2347,3044,3136,4743,5002,7068,9145,10012,14543,15276,8520,10304,2809,5350,431,339,578,857,664,1536,895,2235,1138,1827,1043,938,4481,5333,2410,4410,67974,24009,8630,2858,27117,2141,105,4,3
2021-05-08T23:59:59+02:00,1,2,1254,1267,2333,3032,3118,4732,4962,7053,9121,10004,14542,15276,8520,10303,2809,5350,431,339,577,857,663,1536,895,2234,1137,1826,1043,938,4480,5333,2410,4410,67831,24007,8624,2855,27115,2140,105,4,3
2021-05-07T23:59:59+02:00,1,2,1234,1246,2293,2991,3066,4684,4863,6961,8896,9757,14525,15253,8514,10297,2806,5346,382,313,545,789,626,1374,825,2027,1047,1637,1013,909,4459,5311,2408,4405,66920,23902,8617,2851,27089,1210,105,4,3
2021-05-06T23:59:59+02:00,1,2,1087,1155,2065,2747,2767,4376,4493,6561,8309,9153,14247,15017,8474,10241,2803,5345,381,309,532,770,609,1342,806,1992,1014,1609,986,877,4449,5297,2406,4401,63299,23772,8489,2800,26953,1108,98,4,3
2021-05-05T23:59:59+02:00,1,1,1022,1103,1954,2634,2607,4203,4197,6282,7292,7967,14161,14918,8439,10200,2790,5325,378,306,524,760,594,1332,772,1978,988,1589,913,814,4408,5225,2398,4385,59770,23450,8443,2779,26829,1083,50,4,3
2021-05-04T23:59:59+02:00,1,1,1000,1083,1902,2595,2505,4135,3977,6168,7011,7749,13655,14351,8408,10167,2785,5316,375,305,519,756,582,1327,755,1959,972,1582,895,790,4387,5209,2395,4376,57711,23315,8384,2764,26668,1061,42,4,3
2021-05-03T23:59:59+02:00,1,1,968,1046,1840,2542,2399,4024,3776,6050,6651,7447,13119,13725,8371,10129,2778,5301,369,304,517,750,571,1320,746,1948,958,1569,869,766,4369,5191,2389,4363,55280,23203,8358,2753,26525,1040,1,4,3
2021-05-02T23:59:59+02:00,1,1,963,1045,1821,2536,2370,4015,3731,6040,6615,7438,13118,13724,8371,10128,2778,5301,369,304,514,750,570,1318,741,1948,957,1565,867,762,4367,5187,2389,4363,55141,23184,8352,2751,26498,1033,1,4,3
2021-05-01T23:59:59+02:00,1,1,963,1043,1813,2532,2358,4007,3718,6032,6601,7429,13117,13721,8371,10128,2778,5301,369,304,514,750,570,1318,740,1947,955,1565,867,762,4367,5187,2389,4363,55063,23184,8350,2747,26496,1033,1,4,3
2021-04-30T23:59:59+02:00,0,1,947,1038,1793,2516,2337,3972,3681,5999,6522,7375,13022,13617,8370,10123,2775,5289,319,249,473,674,541,1138,709,1724,921,1361,856,744,4363,5184,2389,4363,54565,23170,8349,2742,26458,93,1,4,3
2021-04-29T23:59:59+02:00,0,1,893,1013,1737,2466,2273,3913,3533,5875,6284,7152,12761,13343,8348,10094,2771,5282,312,247,463,667,538,1130,702,1713,910,1351,848,729,4354,5176,2389,4361,52968,23080,8333,2736,26433,71,1,4,3
2021-04-28T23:59:59+02:00,0,1,832,979,1657,2403,2129,3802,3249,5622,5680,6644,11924,12424,8289,10005,2747,5245,311,244,461,660,530,1117,691,1692,900,1344,833,713,4335,5149,2387,4361,48908,22957,8326,2717,26393,51,1,4,3
2021-04-27T23:59:59+02:00,0,1,823,974,1639,2382,2084,3783,3178,5597,5553,6520,11895,12407,8287,10003,2747,5243,310,242,455,658,522,1111,682,1680,890,1338,822,701,4331,5143,2386,4355,48428,22879,8321,2701,26362,43,1,4,3
2021-04-26T23:59:59+02:00,0,1,813,962,1613,2364,2024,3742,3000,5519,5221,6234,11330,11762,8232,9938,2742,5233,308,241,454,657,517,1105,671,1674,881,1327,812,692,4326,5138,2386,4351,46095,22828,8312,2672,26319,38,1,3,2
2021-04-25T23:59:59+02:00,0,1,803,960,1596,2358,1986,3725,2874,5496,5127,6229,11326,11758,8228,9932,2741,5232,307,240,454,657,517,1098,671,1672,878,1325,812,691,4326,5138,2386,4351,45766,22822,8306,2668,26296,31,1,3,2
2021-04-24T23:59:59+02:00,0,1,789,950,1574,2338,1946,3680,2777,5427,4784,5905,10713,11033,8197,9873,2740,5230,307,240,454,657,517,1097,670,1670,877,1325,807,687,4316,5122,2384,4350,43358,22785,8305,2663,26290,30,1,3,2
2021-04-23T23:59:59+02:00,0,1,784,942,1561,2328,1916,3653,2738,5374,4623,5719,10404,10651,8157,9831,2737,5221,307,239,454,657,517,1096,669,1670,875,1325,807,686,4313,5119,2384,4350,42057,22774,8304,2662,26275,30,1,3,2
2021-04-22T23:59:59+02:00,0,1,767,928,1533,2285,1866,3584,2651,5283,4470,5565,10260,10457,8143,9800,2735,5213,307,238,452,646,515,1090,663,1662,869,1316,801,682,4310,5117,2384,4348,41056,22738,8276,2638,26205,22,1,3,2
2021-04-21T23:59:59+02:00,0,1,756,916,1508,2273,1814,3539,2546,5195,4085,5145,9663,9773,8094,9736,2731,5202,305,238,450,645,515,1089,659,1659,864,1311,788,670,4300,5103,2384,4344,38537,22688,8260,2614,26176,20,1,3,2
2021-04-20T23:59:59+02:00,0,1,749,904,1487,2246,1783,3508,2496,5137,3948,5050,9466,9553,8077,9726,2727,5199,305,237,450,644,514,1087,658,1655,861,1305,782,665,4296,5098,2384,4344,37702,22656,8248,2608,26103,20,1,3,1
2021-04-19T23:59:59+02:00,0,1,742,895,1479,2238,1764,3490,2464,5110,3883,4991,9095,9136,8052,9701,2724,5193,305,235,449,639,512,1084,655,1652,857,1301,777,659,4287,5096,2384,4342,36672,22616,8236,2597,26046,20,1,3,1
2021-04-18T23:59:59+02:00,0,1,738,892,1474,2232,1746,3483,2445,5098,3875,4989,9085,9125,8052,9700,2724,5193,304,235,449,636,511,1080,653,1649,854,1301,776,657,4287,5094,2384,4342,36612,22608,8216,2583,26020,20,1,3,1
2021-04-17T23:59:59+02:00,0,1,721,886,1386,2222,1646,3471,2408,5068,3794,4911,8370,8403,8036,9687,2724,5193,304,235,447,634,510,1079,652,1649,853,1298,776,657,4286,5094,2384,4342,36604,22596,8216,2583,24103,20,1,3,1
2021-04-16T23:59:59+02:00,0,1,706,868,1257,2199,1494,3448,2322,5002,3632,4746,7030,6852,8001,9638,2711,5161,304,234,442,626,506,1075,642,1647,849,1288,766,651,4280,5080,2381,4340,35225,22519,8206,2579,21633,12,1,3,1
2021-04-15T23:59:59+02:00,0,1,685,858,1246,2186,1473,3430,2264,4965,3560,4694,6592,6353,7960,9573,2687,5086,297,228,428,615,489,1061,608,1620,814,1258,675,590,3782,4568,2357,4304,33900,22460,8151,1225,21558,8,1,3,1
2021-04-14T23:59:59+02:00,0,1,680,854,1228,2172,1441,3411,2219,4928,3428,4600,5252,4948,7909,9508,2665,5049,289,223,425,609,482,1058,601,1612,809,1255,660,574,3769,4558,2353,4299,30668,22372,8139,1196,21482,7,1,3,1
2021-04-13T23:59:59+02:00,0,1,677,854,1219,2167,1425,3409,2211,4917,3408,4585,5233,4931,7903,9505,2664,5047,289,222,423,607,479,1055,599,1608,798,1252,642,569,3767,4555,2353,4299,30587,22351,8118,1158,21447,7,1,3,1
2021-04-12T23:59:59+02:00,0,1,672,846,1206,2157,1409,3398,2176,4902,3377,4561,5208,4916,7890,9493,2661,5014,288,221,421,607,477,1049,597,1604,790,1244,637,566,3761,4554,2353,4299,30454,22323,8073,1137,21356,7,1,3,1
2021-04-11T23:59:59+02:00,0,1,664,842,1190,2145,1391,3383,2108,4877,3258,4477,4791,4476,7219,8670,2654,5009,288,221,419,607,475,1047,592,1601,786,1242,633,563,3757,4549,2353,4299,30424,22316,5463,1108,21264,7,1,3,1
2021-04-10T23:59:59+02:00,0,1,664,840,1189,2144,1389,3379,2106,4874,3255,4470,4747,4429,7215,8664,2654,5008,283,218,417,596,462,1031,565,1584,754,1217,561,493,3189,3929,2303,4204,30301,20690,5460,1108,21263,7,1,3,1
2021-04-09T23:59:59+02:00,0,1,660,839,1181,2141,1385,3374,2074,4852,3176,4389,4549,4263,7180,8615,2650,4992,273,211,407,582,443,1015,539,1565,733,1194,481,432,2532,3108,2254,4108,29611,18762,5456,1107,21250,7,1,3,1
2021-04-08T23:59:59+02:00,0,1,650,829,1164,2129,1368,3342,2012,4798,3026,4278,3496,3108,6941,8251,2639,4977,260,203,390,564,419,1001,517,1534,700,1172,459,405,2522,3099,2251,4105,28804,18533,5406,1060,18795,7,1,3,1
2021-04-07T23:59:59+02:00,0,1,643,823,1151,2120,1349,3329,1903,4718,2704,4028,2887,2579,6829,8127,2614,4924,246,196,363,540,381,967,474,1500,664,1144,431,381,2461,3035,2246,4097,26619,18079,5385,1041,18721,6,1,3,0
2021-04-06T23:59:59+02:00,0,1,633,814,1112,2113,1325,3311,1785,4667,2425,3860,2434,2230,6751,8036,2592,4886,222,183,329,513,356,948,437,1477,629,1113,396,339,2406,2960,2240,4087,25015,17606,5368,1023,18588,6,1,3,0
2021-04-05T23:59:59+02:00,0,1,630,812,1101,2108,1319,3308,1776,4657,2410,3843,2144,1886,5643,6736,2590,4885,222,183,328,509,350,942,433,1475,625,1109,393,336,2404,2954,2240,4085,24983,17596,5356,986,15507,6,1,2,0
2021-04-04T23:59:59+02:00,0,1,629,811,1101,2108,1319,3307,1776,4657,2408,3841,2143,1883,5643,6732,2590,4885,222,183,327,509,350,942,432,1475,625,1109,393,336,2403,2954,2240,4085,24974,17593,5356,986,15501,6,1,2,0
2021-04-03T23:59:59+02:00,0,1,629,811,1101,2107,1319,3307,1775,4655,2404,3841,2142,1880,5642,6732,2590,4885,222,183,327,509,350,942,432,1475,624,1109,393,336,2403,2954,2240,4085,24968,17592,5352,986,15498,6,1,2,0
2021-04-02T23:59:59+02:00,0,1,629,810,1101,2107,1315,3306,1772,4650,2403,3838,2134,1871,5630,6716,2586,4873,222,183,327,507,350,941,431,1474,623,1098,391,336,2403,2953,2240,4085,24899,17572,5347,986,15493,6,1,2,0
2021-04-01T23:59:59+02:00,0,1,625,799,1079,2088,1217,3211,1681,4581,2144,3630,1405,1282,5421,6504,2576,4843,218,182,327,506,349,940,430,1472,623,1097,388,334,2403,2953,2240,4081,24788,17560,2841,977,15455,6,1,2,0
2021-03-31T23:59:59+02:00,0,1,623,798,1075,2084,1212,3203,1670,4576,2126,3617,1377,1250,5393,6449,2535,4743,217,182,326,505,348,940,430,1471,622,1095,385,331,2399,2952,2238,4079,24462,17545,2827,969,15440,6,1,2,0
2021-03-30T23:59:59+02:00,0,1,621,791,1070,2080,1206,3198,1660,4562,2119,3602,1330,1204,5306,6318,2488,4588,217,181,326,504,345,936,425,1468,615,1084,370,320,2295,2799,2115,3852,23925,16920,2805,926,15412,6,1,1,0
2021-03-29T23:59:59+02:00,0,1,619,789,1067,2071,1196,3192,1653,4549,2106,3589,1293,1173,5242,6223,2434,4455,216,180,324,502,343,934,423,1463,610,1079,363,315,2070,2532,1888,3471,23478,15784,2778,923,15394,6,1,1,0
2021-03-28T23:59:59+02:00,0,1,619,786,1065,2065,1193,3185,1648,4538,2100,3584,1277,1164,5231,6201,2422,4422,214,180,323,499,334,930,420,1456,607,1067,356,303,2065,2518,1887,3468,23368,15756,2760,868,15371,3,1,1,0
2021-03-27T23:59:59+01:00,0,1,566,725,985,1997,1112,3066,1530,4413,1998,3502,1208,1094,4628,5467,2422,4422,212,179,323,499,334,930,416,1454,606,1064,355,303,2064,2517,1887,3468,23351,15740,2755,868,13028,3,1,1,0
2021-03-26T23:59:59+01:00,0,1,563,720,978,1986,1110,3060,1520,4406,1981,3494,1164,1063,4598,5433,2421,4418,211,176,323,497,331,929,414,1453,601,1057,347,298,1658,1980,1461,2741,23155,13612,2745,862,13014,3,1,1,0
2021-03-25T23:59:59+01:00,0,1,560,714,965,1978,1107,3051,1513,4394,1966,3484,1154,1053,4590,5428,2421,4416,210,173,321,496,329,924,411,1447,597,1048,343,294,1561,1858,1424,2665,23109,13259,2737,839,12947,3,1,1,0
2021-03-24T23:59:59+01:00,0,1,558,708,957,1967,1094,3035,1484,4375,1952,3476,1119,1023,4563,5393,2416,4411,209,173,320,495,325,920,407,1439,587,1030,330,284,1233,1475,1268,2396,22968,12109,2711,779,12851,3,1,1,0
2021-03-23T23:59:59+01:00,0,1,556,703,952,1954,1090,3025,1477,4361,1942,3468,1106,1012,4544,5379,2416,4407,208,173,318,492,316,917,406,1439,581,1026,322,277,995,1209,1152,2216,22893,11287,2702,757,12796,3,1,1,0
2021-03-22T23:59:59+01:00,0,1,555,694,947,1940,1084,3016,1468,4345,1928,3458,1103,1008,4539,5378,2416,4407,207,173,317,490,315,915,403,1436,578,1022,318,273,994,1205,1152,2213,22868,11271,2686,737,12731,3,1,1,0
2021-03-21T23:59:59+01:00,0,1,552,691,944,1932,1081,3012,1460,4332,1916,3451,1100,1007,4539,5376,2416,4407,206,173,317,489,313,911,403,1431,572,1020,308,268,990,1200,1151,2213,22864,11268,2673,694,12678,3,1,1,0
2021-03-20T23:59:59+01:00,0,1,547,684,939,1915,1064,2995,1432,4314,1882,3422,1029,937,3954,4737,2364,4308,206,173,317,489,313,911,403,1431,572,1020,308,268,990,1200,1150,2212,21194,11266,2672,694,12656,3,1,1,0
2021-03-19T23:59:59+01:00,0,1,538,675,921,1887,1038,2975,1396,4289,1856,3391,943,873,3275,3903,2313,4210,203,173,315,489,312,908,401,1429,568,1013,305,267,977,1187,1119,2172,19209,11243,2661,592,12612,3,1,1,0
2021-03-18T23:59:59+01:00,0,1,525,663,904,1861,1015,2949,1356,4248,1812,3338,844,809,2759,3375,2290,4176,198,171,312,485,309,898,397,1423,566,1008,302,260,871,1090,1006,1979,19129,10857,1261,415,12533,3,1,1,0
2021-03-17T23:59:59+01:00,0,1,523,653,895,1841,1002,2928,1333,4226,1794,3322,814,784,2673,3285,2284,4171,196,170,310,483,306,897,390,1419,563,1004,299,255,628,815,700,1528,18823,9929,1222,34,12483,0,1,0,0
2021-03-16T23:59:59+01:00,0,1,521,644,886,1820,981,2912,1316,4214,1770,3306,785,773,2625,3204,2282,4166,196,170,308,483,304,894,387,1417,560,999,293,251,380,574,509,1217,18615,8915,1182,28,12409,0,0,0,0
2021-03-15T23:59:59+01:00,0,1,521,634,881,1800,970,2890,1311,4207,1762,3297,779,769,2622,3203,2282,4166,195,170,307,482,303,894,387,1416,557,999,293,251,380,573,508,1217,18600,8908,1159,25,12336,0,0,0,0
2021-03-14T23:59:59+01:00,0,1,520,628,874,1788,963,2883,1301,4194,1752,3284,774,765,2617,3200,2282,4166,195,170,306,482,302,892,385,1414,557,999,292,251,380,573,508,1217,18595,8905,1129,19,12268,0,0,0,0
2021-03-13T23:59:59+01:00,0,1,499,577,781,1526,832,2500,1107,3630,1470,2856,695,677,2514,3074,2281,4165,195,170,306,482,302,892,385,1414,557,999,292,251,380,573,508,1217,18591,8905,1129,19,9465,0,0,0,0
2021-03-12T23:59:59+01:00,0,1,484,494,717,1257,741,2103,935,2943,1223,2262,554,525,2470,3030,2281,4165,195,168,306,482,302,890,384,1414,557,996,292,250,367,552,459,1151,18562,8746,1128,19,6495,0,0,0,0
2021-03-11T23:59:59+01:00,0,1,460,458,683,1186,694,1997,875,2797,1141,2150,498,465,2456,3018,2280,4163,195,168,305,480,301,889,384,1411,556,996,292,249,354,535,410,1106,18365,8615,1080,16,5877,0,0,0,0
2021-03-10T23:59:59+01:00,0,1,446,448,649,1152,654,1964,833,2761,1108,2121,479,449,2442,2998,2279,4159,191,166,301,473,301,888,379,1405,550,989,288,243,229,436,177,837,18088,7843,1060,10,5795,0,0,0,0
2021-03-09T23:59:59+01:00,0,1,430,431,618,1123,631,1944,810,2733,1086,2097,457,428,2348,2855,2153,3927,191,166,299,471,300,887,378,1402,550,986,286,242,229,436,176,836,17319,7835,1044,0,5709,0,0,0,0
2021-03-08T23:59:59+01:00,0,1,417,410,596,1093,613,1922,794,2708,1064,2071,435,400,2117,2580,1924,3544,191,165,299,469,299,882,378,1396,550,984,285,240,229,435,176,836,16068,7814,1015,0,5606,0,0,0,0
2021-03-07T23:59:59+01:00,0,1,416,409,589,1075,599,1914,791,2695,1059,2061,434,399,2112,2572,1923,3541,191,165,298,468,299,881,378,1393,550,983,285,240,229,435,176,836,16040,7807,1005,0,5545,0,0,0,0
2021-03-06T23:59:59+01:00,0,1,416,406,586,1062,596,1912,784,2688,1055,2054,433,399,2112,2572,1923,3541,191,165,298,468,299,881,378,1393,550,982,284,240,229,435,176,836,16032,7805,1005,0,5503,0,0,0,0
2021-03-05T23:59:59+01:00,0,1,410,391,580,1050,591,1903,779,2678,1048,2046,419,391,1694,2014,1495,2795,188,160,294,468,296,879,376,1390,548,978,284,240,229,435,176,836,13825,7777,1005,0,5455,0,0,0,0
2021-03-04T23:59:59+01:00,0,1,400,366,552,1011,572,1846,749,2624,1027,1996,415,387,1601,1896,1455,2718,177,152,283,457,295,871,374,1376,546,974,283,240,229,435,176,836,13468,7704,999,0,5149,0,0,0,0
2021-03-03T23:59:59+01:00,0,1,397,360,545,980,554,1814,725,2576,1009,1956,407,381,1277,1519,1296,2444,176,151,282,456,294,870,370,1369,543,967,281,238,228,434,174,831,12309,7664,990,0,4942,0,0,0,0
2021-03-02T23:59:59+01:00,0,1,393,355,537,946,540,1794,716,2552,998,1937,396,371,1031,1251,1176,2261,176,149,281,446,290,864,370,1360,543,961,281,238,228,434,174,831,11479,7626,953,0,4823,0,0,0,0
2021-03-01T23:59:59+01:00,0,1,391,348,528,923,521,1763,707,2528,988,1920,392,364,1030,1244,1176,2257,176,147,281,437,287,854,367,1345,540,955,279,236,227,433,174,831,11459,7569,918,0,4704,0,0,0,0
2021-02-28T23:59:59+01:00,0,1,386,345,525,915,513,1752,703,2516,983,1905,387,359,1030,1242,1176,2257,174,146,281,436,287,853,367,1345,539,955,279,236,227,433,174,831,11453,7563,890,0,4652,0,0,0,0
2021-02-27T23:59:59+01:00,0,1,385,343,520,908,511,1746,700,2507,980,1903,386,358,1030,1242,1175,2257,174,146,281,436,287,853,367,1345,538,955,279,236,227,433,174,831,11452,7562,890,0,4610,0,0,0,0
2021-02-26T23:59:59+01:00,0,1,338,297,452,736,435,1438,573,2090,809,1562,358,328,1030,1239,1175,2257,174,144,281,432,285,845,365,1337,536,952,279,236,227,433,174,831,11441,7531,879,0,2798,0,0,0,0
2021-02-25T23:59:59+01:00,0,1,318,288,441,715,423,1402,558,2042,790,1530,350,320,944,1147,1101,2131,123,131,261,427,276,833,353,1321,531,945,279,234,227,433,174,831,11030,7379,848,0,2623,0,0,0,0
2021-02-24T23:59:59+01:00,0,1,313,282,436,699,416,1367,542,1994,768,1486,343,307,735,913,914,1823,123,125,259,421,273,823,351,1308,524,939,277,232,225,432,174,829,10083,7315,807,0,2449,0,0,0,0
2021-02-23T23:59:59+01:00,0,1,311,270,428,686,405,1343,534,1960,749,1467,329,297,484,667,721,1517,123,124,258,419,271,817,351,1302,523,931,276,231,224,432,172,828,9076,7282,762,0,2331,0,0,0,0
2021-02-22T23:59:59+01:00,0,1,311,269,427,679,404,1338,530,1949,744,1463,329,295,483,665,721,1516,123,119,253,409,270,800,347,1277,518,923,272,230,224,432,172,828,9071,7197,751,0,2302,0,0,0,0
2021-02-21T23:59:59+01:00,0,1,308,268,425,673,401,1329,527,1941,738,1459,318,290,479,660,719,1516,123,119,252,408,269,797,344,1274,510,920,271,229,223,431,171,817,9066,7158,709,0,2277,0,0,0,0
2021-02-20T23:59:59+01:00,0,1,308,265,425,671,401,1321,526,1932,736,1455,318,290,479,660,719,1516,123,119,252,408,269,797,344,1274,509,920,271,229,223,431,171,817,9066,7157,709,0,2248,0,0,0,0
2021-02-19T23:59:59+01:00,0,0,262,240,393,595,367,1152,468,1719,627,1245,309,274,453,624,640,1408,123,119,252,408,268,797,344,1274,509,920,271,229,223,431,171,817,8848,7156,602,0,1326,0,0,0,0
2021-02-18T23:59:59+01:00,0,0,261,235,385,586,356,1130,455,1701,617,1238,309,272,400,577,530,1278,120,116,248,402,261,790,341,1265,506,919,269,227,223,431,171,817,8666,7106,422,0,1242,0,0,0,0
2021-02-17T23:59:59+01:00,0,0,255,231,373,572,349,1121,432,1685,609,1226,304,265,240,441,186,860,112,103,245,396,256,774,335,1249,500,908,265,224,222,431,171,817,7930,7008,32,0,1187,0,0,0,0
2021-02-16T23:59:59+01:00,0,0,253,229,362,570,340,1112,424,1671,604,1219,301,262,239,440,186,860,83,90,225,370,245,744,317,1209,468,873,243,209,214,411,170,810,7922,6681,28,0,1122,0,0,0,0
2021-02-15T23:59:59+01:00,0,0,251,229,360,565,338,1106,422,1659,601,1213,301,262,239,439,185,860,82,88,221,359,238,732,307,1182,452,850,230,202,201,387,163,753,7915,6447,25,0,1090,0,0,0,0
2021-02-14T23:59:59+01:00,0,0,250,227,354,562,334,1097,418,1653,598,1210,301,262,239,439,185,860,78,86,214,354,235,724,302,1169,448,835,229,200,201,376,163,743,7905,6357,20,0,1064,0,0,0,0
2021-02-13T23:59:59+01:00,0,0,250,227,354,562,334,1097,416,1653,598,1209,300,262,239,439,185,860,78,86,214,354,235,724,302,1169,448,835,229,200,201,376,163,743,7903,6357,20,0,1062,0,0,0,0
2021-02-12T23:59:59+01:00,0,0,194,167,306,485,307,900,383,1416,561,995,292,247,238,439,185,860,75,85,211,353,233,721,296,1165,445,830,225,197,201,374,163,743,7890,6317,20,0,65,0,0,0,0
2021-02-11T23:59:59+01:00,0,0,192,166,300,474,303,886,377,1397,551,987,292,247,238,439,185,860,74,82,200,327,223,677,276,1114,427,780,224,194,201,369,163,740,7850,6071,17,0,27,0,0,0,0
2021-02-10T23:59:59+01:00,0,0,190,159,296,470,300,881,371,1386,547,979,290,245,236,438,185,858,69,76,183,299,212,617,259,1030,402,727,215,179,187,339,148,689,7807,5631,11,0,13,0,0,0,0
2021-02-09T23:59:59+01:00,0,0,185,153,292,462,299,872,371,1376,545,970,287,244,236,438,184,857,60,60,145,236,183,512,221,838,346,592,194,153,165,303,138,612,7763,4758,2,0,6,0,0,0,0
2021-02-08T23:59:59+01:00,0,0,178,147,288,450,294,862,367,1356,539,963,283,240,235,437,182,853,33,47,100,146,134,285,162,458,252,386,163,125,136,245,113,508,7666,3293,2,0,6,0,0,0,0
2021-02-07T23:59:59+01:00,0,0,176,145,285,449,293,860,366,1355,538,962,282,239,235,437,182,853,19,40,82,124,129,264,153,424,236,360,153,120,126,234,106,470,7656,3040,1,0,0,0,0,0,0
2021-02-06T23:59:59+01:00,0,0,176,145,285,449,293,860,366,1355,538,962,282,239,235,437,182,853,19,37,80,121,119,249,142,407,205,339,138,116,125,229,105,459,7656,2890,1,0,0,0,0,0,0
2021-02-05T23:59:59+01:00,0,0,176,143,285,445,292,849,364,1347,534,959,282,238,235,437,182,852,18,33,76,116,112,235,136,380,188,321,133,111,121,224,97,442,7619,2743,1,0,0,0,0,0,0
2021-02-04T23:59:59+01:00,0,0,168,138,284,441,285,840,360,1336,525,950,281,236,234,436,182,850,11,20,50,78,83,178,114,289,155,263,115,97,109,206,87,398,7546,2253,0,0,0,0,0,0,0
2021-02-03T23:59:59+01:00,0,0,150,131,274,435,282,833,358,1325,525,948,281,236,233,436,182,849,11,18,42,67,74,143,90,257,134,222,96,83,94,177,79,350,7478,1937,0,0,0,0,0,0,0
2021-02-02T23:59:59+01:00,0,0,130,126,262,433,279,825,353,1319,524,941,280,236,232,436,181,848,11,15,34,61,62,121,75,212,103,172,64,58,69,114,54,225,7405,1450,0,0,0,0,0,0,0
2021-02-01T23:59:59+01:00,0,0,125,121,257,418,277,808,351,1294,518,929,275,234,232,436,181,848,4,9,19,33,31,66,46,118,59,71,29,29,29,48,29,109,7304,729,0,0,0,0,0,0,0
2021-01-31T23:59:59+01:00,0,0,124,118,255,415,275,804,349,1288,513,927,275,231,231,435,181,848,4,6,14,23,26,47,32,72,39,43,15,9,14,28,23,63,7269,458,0,0,0,0,0,0,0
2021-01-30T23:59:59+01:00,0,0,124,118,255,415,275,803,349,1287,512,927,275,231,231,435,181,848,4,6,13,20,23,40,27,64,36,41,15,9,14,28,23,63,7266,426,0,0,0,0,0,0,0
2021-01-29T23:59:59+01:00,0,0,124,118,255,415,274,803,349,1287,512,927,275,231,231,435,181,848,4,6,7,18,21,31,22,56,32,38,15,9,14,27,22,62,7265,384,0,0,0,0,0,0,0
2021-01-28T23:59:59+01:00,0,0,122,115,251,408,270,796,346,1280,508,926,275,231,231,435,181,848,1,3,2,8,13,13,12,27,12,23,11,5,7,14,7,25,7223,183,0,0,0,0,0,0,0
2021-01-27T23:59:59+01:00,0,0,114,105,249,403,267,787,341,1273,502,919,270,228,230,434,181,848,0,0,1,4,9,11,8,20,10,17,10,5,7,14,7,25,7151,148,0,0,0,0,0,0,0
2021-01-26T23:59:59+01:00,0,0,87,93,231,386,259,762,328,1235,476,888,250,216,220,416,181,840,0,0,1,4,9,11,8,20,10,17,10,5,7,14,7,25,6868,148,0,0,0,0,0,0,0
2021-01-25T23:59:59+01:00,0,0,84,88,229,366,246,743,314,1202,458,863,233,209,209,394,176,784,0,0,1,4,9,9,7,13,7,13,10,5,7,14,7,25,6598,131,0,0,0,0,0,0,0
2021-01-24T23:59:59+01:00,0,0,84,86,225,362,245,738,311,1189,456,848,232,207,209,383,176,773,0,0,1,4,9,9,7,13,7,13,10,5,7,14,7,25,6524,131,0,0,0,0,0,0,0
2021-01-23T23:59:59+01:00,0,0,84,86,225,362,245,738,311,1189,456,848,232,207,209,383,176,773,0,0,1,4,9,9,7,13,7,13,10,5,7,14,7,25,6524,131,0,0,0,0,0,0,0
2021-01-22T23:59:59+01:00,0,0,84,85,223,360,245,735,308,1185,452,845,231,206,209,382,176,773,0,0,1,4,9,9,7,13,7,13,10,5,7,14,7,25,6499,131,0,0,0,0,0,0,0
2021-01-21T23:59:59+01:00,0,0,84,82,209,331,235,691,283,1136,437,811,230,202,208,376,175,770,0,0,1,2,7,8,6,12,6,11,10,5,7,14,7,25,6260,121,0,0,0,0,0,0,0
2021-01-20T23:59:59+01:00,0,0,78,76,194,308,223,625,269,1043,408,750,221,190,193,345,161,718,0,0,1,2,7,8,6,12,6,11,10,5,7,14,7,25,5802,121,0,0,0,0,0,0,0
2021-01-19T23:59:59+01:00,0,0,70,66,155,259,203,562,243,920,367,641,200,164,167,303,147,628,0,0,1,2,3,7,6,11,4,9,7,4,7,14,7,25,5095,107,0,0,0,0,0,0,0
2021-01-18T23:59:59+01:00,0,0,58,58,132,216,182,459,216,762,327,548,181,143,142,252,125,539,0,0,0,1,2,4,3,6,2,7,6,4,7,14,7,23,4340,86,0,0,0,0,0,0,0
2021-01-17T23:59:59+01:00,0,0,39,46,108,186,167,400,199,676,302,493,172,136,129,235,108,479,0,0,0,0,2,4,2,6,2,5,4,4,7,14,6,23,3875,79,0,0,0,0,0,0,0
2021-01-16T23:59:59+01:00,0,0,32,43,108,183,157,384,184,656,271,471,156,131,128,229,107,467,0,0,0,0,0,0,0,0,0,0,0,0,0,0,0,0,3707,0,0,0,0,0,0,0,0
2021-01-15T23:59:59+01:00,0,0,30,39,104,178,146,371,178,626,252,449,151,122,124,223,98,449,0,0,0,0,0,0,0,0,0,0,0,0,0,0,0,0,3540,0,0,0,0,0,0,0,0
2021-01-14T23:59:59+01:00,0,0,13,23,51,78,84,174,114,289,147,260,123,103,110,204,86,404,0,0,0,0,0,0,0,0,0,0,0,0,0,0,0,0,2263,0,0,0,0,0,0,0,0
2021-01-13T23:59:59+01:00,0,0,12,20,41,67,76,139,92,259,122,223,94,81,90,163,68,323,0,0,0,0,0,0,0,0,0,0,0,0,0,0,0,0,1870,0,0,0,0,0,0,0,0
2021-01-12T23:59:59+01:00,0,0,12,15,37,63,63,115,77,210,93,169,61,53,60,97,40,188,0,0,0,0,0,0,0,0,0,0,0,0,0,0,0,0,1353,0,0,0,0,0,0,0,0
2021-01-11T23:59:59+01:00,0,0,4,10,26,45,39,83,57,141,58,85,32,28,25,40,19,81,0,0,0,0,0,0,0,0,0,0,0,0,0,0,0,0,773,0,0,0,0,0,0,0,0
2021-01-10T23:59:59+01:00,0,0,3,6,19,32,34,58,38,94,37,53,15,8,8,19,13,34,0,0,0,0,0,0,0,0,0,0,0,0,0,0,0,0,471,0,0,0,0,0,0,0,0
2021-01-09T23:59:59+01:00,0,0,3,6,18,28,33,54,33,84,35,52,15,8,8,19,13,34,0,0,0,0,0,0,0,0,0,0,0,0,0,0,0,0,443,0,0,0,0,0,0,0,0
2021-01-08T23:59:59+01:00,0,0,3,6,15,26,29,43,27,75,31,48,14,8,7,17,12,33,0,0,0,0,0,0,0,0,0,0,0,0,0,0,0,0,394,0,0,0,0,0,0,0,0
2021-01-07T23:59:59+01:00,0,0,1,4,2,9,15,13,14,28,13,24,11,6,7,15,9,26,0,0,0,0,0,0,0,0,0,0,0,0,0,0,0,0,197,0,0,0,0,0,0,0,0
2021-01-06T23:59:59+01:00,0,0,1,0,2,4,13,11,9,22,11,19,11,6,7,15,9,26,0,0,0,0,0,0,0,0,0,0,0,0,0,0,0,0,166,0,0,0,0,0,0,0,0
2021-01-05T23:59:59+01:00,0,0,0,0,1,4,12,11,8,20,10,19,10,6,7,15,9,26,0,0,0,0,0,0,0,0,0,0,0,0,0,0,0,0,158,0,0,0,0,0,0,0,0
2021-01-04T23:59:59+01:00,0,0,0,0,1,4,12,10,7,16,8,17,10,6,7,15,9,26,0,0,0,0,0,0,0,0,0,0,0,0,0,0,0,0,148,0,0,0,0,0,0,0,0
2021-01-03T23:59:59+01:00,0,0,0,0,1,4,11,9,7,13,6,14,10,6,7,15,9,26,0,0,0,0,0,0,0,0,0,0,0,0,0,0,0,0,138,0,0,0,0,0,0,0,0
2021-01-02T23:59:59+01:00,0,0,0,0,1,4,11,9,7,13,6,14,10,6,7,15,9,26,0,0,0,0,0,0,0,0,0,0,0,0,0,0,0,0,138,0,0,0,0,0,0,0,0
2021-01-01T23:59:59+01:00,0,0,0,0,1,4,11,9,7,13,6,14,10,6,7,15,9,26,0,0,0,0,0,0,0,0,0,0,0,0,0,0,0,0,138,0,0,0,0,0,0,0,0
2020-12-31T23:59:59+01:00,0,0,0,0,1,4,11,9,7,13,6,14,10,6,7,15,9,26,0,0,0,0,0,0,0,0,0,0,0,0,0,0,0,0,138,0,0,0,0,0,0,0,0
2020-12-30T23:59:59+01:00,0,0,0,0,1,4,11,9,7,13,6,14,10,6,7,15,9,26,0,0,0,0,0,0,0,0,0,0,0,0,0,0,0,0,138,0,0,0,0,0,0,0,0
2020-12-29T23:59:59+01:00,0,0,0,0,1,4,8,9,7,13,4,12,10,6,7,15,9,26,0,0,0,0,0,0,0,0,0,0,0,0,0,0,0,0,131,0,0,0,0,0,0,0,0
2020-12-28T23:59:59+01:00,0,0,0,0,1,1,5,7,7,7,2,9,10,6,7,15,9,26,0,0,0,0,0,0,0,0,0,0,0,0,0,0,0,0,112,0,0,0,0,0,0,0,0
2020-12-27T23:59:59+01:00,0,0,0,0,0,0,2,4,2,6,1,6,4,5,7,15,8,25,0,0,0,0,0,0,0,0,0,0,0,0,0,0,0,0,85,0,0,0,0,0,0,0,0
