Datum,<15_m,<15_w,15-24_1_m,15-24_1_w,25-34_1_m,25-34_1_w,35-44_1_m,35-44_1_w,45-54_1_m,45-54_1_w,55-64_1_m,55-64_1_w,65-74_1_m,65-74_1_w,75-84_1_m,75-84_1_w,>84_1_m,>84_1_w,<24_2_m,<24_2_w,25-34_2_m,25-34_2_w,35-44_2_m,35-44_2_w,45-54_2_m,45-54_2_w,55-64_2_m,55-64_2_w,65-74_2_m,65-74_2_w,75-84_2_m,75-84_2_w,>84_2_m,>84_2_w,bp_1,bp_2,mo_1,mo_2,az_1,az_2,ja,unb_1,unb_2
2021-08-05T23:59:59+02:00,1278,1137,8786,8338,10050,9325,12536,12969,16671,17100,19950,20072,16051,16758,8919,10880,2808,5400,5883,5730,8261,7663,10728,11228,14990,15553,18683,18879,15550,16213,8679,10531,2749,5257,143339,126970,19659,15430,27844,26755,8177,9,6
2021-08-04T23:59:59+02:00,1277,1134,8781,8335,10045,9322,12530,12966,16667,17098,19948,20070,16050,16758,8918,10879,2808,5399,5870,5724,8233,7652,10709,11218,14976,15547,18678,18875,15548,16210,8678,10531,2748,5257,143310,126877,19658,15422,27843,26740,8165,9,6
2021-08-03T23:59:59+02:00,1270,1131,8777,8325,10041,9319,12525,12963,16662,17096,19943,20068,16048,16758,8917,10877,2808,5399,5758,5612,8142,7584,10593,11140,14929,15495,18650,18861,15544,16208,8677,10529,2746,5257,143266,126157,19656,15414,27843,26713,8153,9,6
2021-08-02T23:59:59+02:00,1264,1125,8764,8317,10033,9312,12521,12957,16657,17087,19936,20065,16046,16755,8915,10874,2807,5398,5590,5455,8012,7479,10470,11025,14859,15416,18618,18836,15536,16199,8671,10529,2746,5257,143187,125103,19650,15411,27842,26683,8145,9,6
2021-08-01T23:59:59+02:00,1263,1124,8758,8308,10026,9305,12515,12955,16653,17085,19931,20064,16046,16755,8914,10872,2807,5398,5532,5398,7961,7430,10408,10974,14825,15391,18605,18819,15534,16197,8669,10526,2746,5255,143144,124670,19647,15408,27841,26662,8138,9,6
2021-07-31T23:59:59+02:00,1263,1124,8757,8305,10026,9304,12513,12955,16652,17085,19930,20062,16046,16755,8914,10871,2807,5398,5507,5378,7945,7418,10393,10961,14812,15385,18602,18816,15533,16196,8669,10526,2746,5255,143141,124545,19646,15405,27841,26661,8130,9,6
2021-07-30T23:59:59+02:00,1132,1006,8529,8077,9933,9186,12432,12871,16574,17014,19871,19995,16014,16716,8908,10854,2806,5395,5216,5101,7807,7276,10206,10771,14675,15222,18539,18760,15508,16169,8656,10513,2742,5252,141695,122728,19644,15399,27841,26643,8124,9,6
2021-07-29T23:59:59+02:00,1125,998,8400,7988,9774,9089,12282,12771,16429,16921,19709,19885,15929,16649,8883,10835,2805,5388,4919,4870,7528,7083,9928,10570,14428,15050,18345,18643,15423,16096,8629,10492,2741,5242,141581,121626,19641,15357,27841,26617,6788,9,6
2021-07-28T23:59:59+02:00,1114,985,8371,7952,9760,9076,12261,12757,16412,16899,19691,19875,15922,16636,8876,10831,2805,5386,4499,4440,7211,6832,9611,10273,14193,14868,18288,18602,15409,16085,8624,10481,2741,5232,141346,118984,19639,15303,27839,26555,6776,9,6
2021-07-27T23:59:59+02:00,1104,977,8348,7937,9748,9069,12250,12748,16403,16894,19684,19862,15920,16630,8874,10828,2804,5384,4264,4193,6981,6634,9364,9998,14032,14709,18237,18539,15360,16039,8607,10465,2738,5226,141209,116973,19636,15302,27839,26532,6771,9,6
2021-07-26T23:59:59+02:00,1100,974,8334,7925,9741,9064,12244,12743,16396,16887,19677,19861,15917,16625,8872,10824,2803,5379,4156,4082,6879,6525,9239,9874,13951,14630,18192,18506,15349,16028,8597,10457,2735,5224,141131,116075,19632,15293,27829,26474,6765,9,6
2021-07-25T23:59:59+02:00,1099,973,8328,7921,9728,9060,12234,12740,16391,16881,19674,19860,15915,16625,8872,10824,2803,5379,4107,4029,6803,6474,9168,9820,13915,14597,18168,18492,15331,16015,8591,10451,2735,5222,141106,115632,19629,15277,27828,26453,6735,9,6
2021-07-24T23:59:59+02:00,1097,969,8239,7859,9654,8982,12167,12664,16325,16827,19634,19821,15894,16611,8869,10814,2803,5379,4064,3990,6745,6426,9092,9766,13853,14532,18136,18466,15320,16005,8583,10447,2735,5222,141087,115384,18971,15004,27828,26451,6713,9,6
2021-07-23T23:59:59+02:00,1070,944,8128,7771,9616,8948,12133,12635,16280,16793,19605,19802,15888,16605,8866,10810,2803,5379,3775,3707,6484,6216,8816,9483,13623,14362,18060,18410,15279,15962,8566,10428,2733,5216,140597,113167,18971,14980,27828,26445,6671,9,6
2021-07-22T23:59:59+02:00,980,858,7913,7542,9513,8859,12015,12540,16191,16706,19533,19718,15842,16565,8858,10795,2802,5373,3648,3580,6330,6125,8663,9354,13461,14221,17987,18343,15256,15938,8559,10419,2733,5215,139156,112024,18970,14907,27810,26352,6658,9,6
2021-07-21T23:59:59+02:00,960,844,7882,7502,9497,8848,11992,12517,16167,16690,19509,19697,15831,16558,8858,10790,2802,5373,3341,3311,5987,5868,8269,8972,13194,13987,17847,18217,15165,15857,8527,10389,2730,5204,138900,109224,18968,14836,27805,26253,6635,9,6
2021-07-20T23:59:59+02:00,959,843,7874,7497,9489,8845,11987,12515,16159,16689,19504,19693,15830,16557,8858,10789,2802,5373,3268,3258,5928,5814,8210,8911,13109,13943,17815,18203,15165,15857,8527,10387,2730,5204,138862,108836,18967,14821,27802,26121,6623,9,6
2021-07-19T23:59:59+02:00,958,843,7869,7497,9485,8839,11982,12513,16154,16683,19502,19693,15829,16554,8858,10787,2802,5372,3218,3224,5881,5775,8153,8867,13053,13917,17769,18191,15165,15855,8527,10385,2730,5203,138833,108571,18966,14805,27802,25996,6610,9,6
2021-07-18T23:59:59+02:00,957,842,7859,7488,9478,8833,11974,12509,16148,16678,19500,19692,15828,16552,8858,10787,2802,5372,3199,3208,5841,5743,8119,8839,13015,13901,17757,18188,15165,15854,8527,10385,2730,5202,138788,108386,18964,14772,27800,25987,6596,9,6
2021-07-17T23:59:59+02:00,841,723,7536,7197,9326,8664,11798,12349,16021,16539,19404,19597,15807,16531,8850,10774,2802,5369,3098,3101,5730,5650,7985,8684,12877,13777,17662,18113,15155,15835,8524,10378,2730,5202,136783,107218,18962,14768,27800,25982,6580,3,5
2021-07-16T23:59:59+02:00,684,571,7142,6876,9137,8509,11607,12139,15817,16363,19264,19470,15778,16494,8841,10760,2801,5367,3037,3042,5656,5586,7873,8584,12760,13643,17587,18039,15132,15820,8520,10376,2729,5202,134312,106340,18962,14763,27799,25976,6544,3,5
2021-07-15T23:59:59+02:00,682,571,7129,6868,9133,8508,11597,12135,15807,16356,19260,19464,15776,16492,8837,10758,2800,5358,2999,3007,5589,5545,7784,8533,12687,13603,17557,18018,15109,15806,8512,10369,2728,5193,134274,106112,18960,14608,27794,25855,6500,3,5
2021-07-14T23:59:59+02:00,680,570,7120,6860,9129,8506,11592,12131,15801,16353,19255,19459,15774,16489,8834,10755,2799,5354,2976,2995,5548,5514,7749,8511,12655,13587,17540,18007,15102,15803,8509,10365,2728,5189,134242,105961,18959,14575,27794,25815,6463,3,5
2021-07-13T23:59:59+02:00,675,567,7096,6843,9118,8490,11583,12117,15790,16335,19247,19452,15765,16485,8830,10745,2794,5346,2918,2944,5484,5447,7590,8377,12403,13371,17385,17880,15084,15792,8497,10352,2723,5178,134120,104750,18959,14523,27791,25780,6405,3,5
2021-07-12T23:59:59+02:00,669,560,7084,6828,9109,8479,11572,12108,15787,16324,19236,19448,15763,16481,8828,10745,2794,5343,2860,2891,5402,5372,7443,8263,12155,13160,17206,17736,15074,15787,8493,10345,2722,5178,134013,103517,18957,14472,27788,25731,6397,3,5
2021-07-11T23:59:59+02:00,668,559,7076,6825,9100,8470,11566,12100,15777,16321,19231,19443,15763,16478,8827,10743,2794,5343,2829,2856,5326,5296,7346,8176,11992,13005,17079,17604,15067,15776,8492,10342,2722,5178,133971,102634,18953,14422,27788,25690,6369,3,5
2021-07-10T23:59:59+02:00,496,402,6512,6281,8874,8287,11327,11907,15620,16190,19176,19394,15755,16468,8823,10738,2793,5342,2799,2824,5275,5254,7265,8096,11891,12909,17001,17537,15051,15761,8489,10332,2719,5176,131288,101948,18953,14420,27788,25681,6353,3,5
2021-07-09T23:59:59+02:00,485,395,6453,6253,8848,8251,11287,11878,15593,16177,19163,19378,15754,16465,8823,10735,2793,5342,2743,2758,5192,5186,7087,7920,11484,12611,16708,17333,15032,15734,8482,10327,2718,5174,131196,100933,18743,13566,27787,25667,6344,3,5
2021-07-08T23:59:59+02:00,480,393,6136,5992,8474,7961,10908,11571,15257,15932,18904,19206,15732,16442,8814,10728,2790,5341,2681,2708,5112,5112,6948,7831,11286,12469,16562,17210,15025,15726,8482,10325,2718,5173,131110,100079,15850,13402,27784,25593,6314,3,5
2021-07-07T23:59:59+02:00,478,389,6121,5979,8451,7945,10894,11555,15246,15923,18903,19201,15730,16439,8813,10726,2790,5339,2633,2653,5023,5054,6812,7738,11054,12288,16402,17078,15017,15720,8478,10320,2718,5173,131001,99059,15842,13283,27782,25545,6294,3,5
2021-07-06T23:59:59+02:00,452,368,6021,5886,8370,7879,10819,11486,15212,15883,18880,19185,15723,16429,8810,10724,2787,5337,2564,2583,4884,4942,6625,7605,10664,11878,16032,16705,14992,15687,8470,10313,2717,5169,130386,96911,15834,13200,27777,25485,6251,3,5
2021-07-05T23:59:59+02:00,411,334,5842,5714,8253,7783,10707,11371,15152,15816,18849,19153,15717,16421,8806,10719,2784,5336,2510,2508,4786,4845,6494,7469,10315,11563,15758,16401,14962,15657,8462,10298,2717,5164,129336,95128,15830,13136,27774,25431,6225,3,5
2021-07-04T23:59:59+02:00,391,304,5768,5636,8196,7728,10640,11315,15121,15784,18835,19134,15711,16418,8805,10717,2784,5334,2492,2477,4725,4799,6435,7419,10179,11454,15656,16329,14958,15651,8460,10297,2716,5164,128833,94563,15823,13069,27769,25396,6193,3,5
2021-07-03T23:59:59+02:00,386,302,5750,5628,8187,7719,10629,11312,15114,15778,18832,19132,15710,16418,8805,10717,2784,5334,2457,2446,4630,4770,6328,7394,10121,11410,15552,16244,14282,14944,8441,10272,2716,5164,128767,94450,15821,13067,27768,23485,6178,3,5
2021-07-02T23:59:59+02:00,342,264,5562,5477,8113,7644,10529,11215,15049,15722,18813,19126,15706,16414,8800,10715,2782,5331,2410,2398,4477,4692,6145,7320,9968,11256,15362,16041,13494,14028,8433,10257,2716,5163,127848,93890,15819,13024,27767,21088,6167,3,5
2021-07-01T23:59:59+02:00,281,210,5345,5297,7985,7533,10391,11090,14920,15626,18769,19101,15698,16407,8795,10709,2782,5330,2292,2277,4301,4520,5910,7071,9190,10575,14735,15571,13469,14000,8428,10253,2712,5161,126561,90409,15809,12929,27766,21004,6130,3,5
2021-06-30T23:59:59+02:00,151,121,4863,4821,7643,7258,10042,10753,14693,15449,18711,19057,15687,16396,8791,10701,2782,5327,2255,2231,4216,4451,5799,6977,9021,10454,14646,15495,13455,13992,8425,10250,2712,5159,123576,89819,15803,12756,27766,20872,6098,3,5
2021-06-29T23:59:59+02:00,115,100,4579,4539,7394,7040,9752,10454,14495,15259,18648,18996,15635,16346,8772,10686,2781,5322,2189,2149,4076,4314,5594,6799,8797,10228,14356,15273,13407,13943,8413,10226,2710,5146,121511,88386,15800,12604,27764,20800,5835,3,5
2021-06-28T23:59:59+02:00,99,79,4443,4394,7289,6929,9631,10325,14404,15152,18603,18954,15619,16330,8758,10675,2778,5320,2104,2023,3893,4108,5314,6457,8414,9720,13829,14741,13291,13854,8395,10202,2707,5134,120492,85198,15791,12522,27761,20735,5735,3,3
2021-06-27T23:59:59+02:00,94,77,4391,4345,7230,6873,9569,10271,14372,15119,18583,18937,15602,16318,8751,10668,2777,5315,2050,1988,3829,4062,5203,6344,8246,9592,13655,14630,13265,13835,8387,10193,2704,5132,120126,84410,15788,12488,27759,20604,5616,3,3
2021-06-26T23:59:59+02:00,81,75,4348,4317,7199,6846,9551,10250,14353,15104,18571,18924,15598,16311,8751,10668,2777,5315,1974,1896,3640,3903,4989,6087,7881,9137,13306,14334,13185,13778,8367,10165,2699,5123,119887,81774,15784,12488,27759,20599,5606,3,3
2021-06-25T23:59:59+02:00,69,62,4036,3990,6931,6607,9260,9957,14130,14917,18488,18868,15552,16265,8732,10649,2775,5308,1909,1812,3478,3785,4797,5859,7557,8723,12998,13999,13135,13722,8354,10141,2693,5117,117483,79436,15756,12457,27759,20594,5595,3,3
2021-06-24T23:59:59+02:00,62,55,3943,3898,6833,6521,9161,9865,14031,14832,18459,18834,15537,16249,8726,10642,2775,5307,1841,1736,3365,3689,4598,5717,7339,8529,12748,13802,12303,12797,8174,9876,2693,5116,116751,78231,15746,12352,27756,18269,5474,3,3
2021-06-23T23:59:59+02:00,49,50,3536,3520,6380,6172,8630,9355,13695,14530,18324,18698,15433,16157,8682,10606,2772,5293,1704,1561,3113,3488,4186,5393,6399,7822,12012,13103,12281,12785,8164,9869,2693,5112,113812,77612,15497,9040,27755,18221,4815,3,3
2021-06-22T23:59:59+02:00,40,42,3464,3449,6304,6113,8527,9278,13643,14485,18291,18681,15422,16150,8681,10601,2772,5290,1664,1507,3010,3387,4045,5244,6147,7639,11412,12401,12191,12693,8147,9836,2689,5104,113189,75301,15493,8959,27753,18064,4795,3,3
2021-06-21T23:59:59+02:00,34,39,3394,3388,6210,6059,8467,9206,13584,14441,18258,18660,15419,16148,8675,10598,2772,5289,1627,1456,2919,3290,3921,5095,5952,7414,10654,11482,11810,12242,7089,8616,2683,5098,112673,72651,15486,8858,27742,15104,4737,3,3
2021-06-20T23:59:59+02:00,34,38,3368,3366,6163,6027,8422,9176,13556,14426,18247,18656,15418,16148,8675,10598,2772,5289,1608,1439,2883,3264,3870,5058,5899,7391,10569,11409,11790,12223,7087,8609,2682,5098,112498,72340,15470,8782,27742,15092,4666,3,3
2021-06-19T23:59:59+02:00,32,36,3341,3343,6134,6007,8393,9157,13532,14420,18241,18651,15418,16147,8675,10598,2772,5289,1604,1427,2878,3255,3863,5053,5885,7386,10558,11402,11790,12223,7087,8608,2682,5098,112310,72262,15465,8782,27742,15090,4666,3,3
2021-06-18T23:59:59+02:00,28,31,3300,3301,6058,5968,8325,9103,13486,14389,18218,18640,15417,16145,8674,10597,2772,5289,1533,1334,2744,3080,3681,4779,5494,7011,9080,9848,11625,12055,7046,8558,2670,5080,111928,67129,15438,8781,27742,15079,4630,3,3
2021-06-17T23:59:59+02:00,26,28,3236,3250,5992,5930,8252,9051,13415,14344,18195,18629,15415,16140,8673,10594,2772,5286,1403,1241,2555,2868,3420,4493,5137,6623,8414,9124,11343,11814,7005,8501,2666,5077,111562,63452,15409,8665,27739,15053,4515,3,3
2021-06-16T23:59:59+02:00,26,25,3183,3190,5880,5865,8134,8958,13288,14258,18129,18594,15409,16131,8673,10591,2772,5286,1306,1186,2414,2761,3237,4336,4853,6352,7340,7835,11253,11707,6976,8464,2653,5059,110929,59703,15335,8619,27736,15022,4389,3,3
2021-06-15T23:59:59+02:00,21,24,3086,3108,5763,5776,7946,8781,13028,14038,17978,18468,15394,16120,8665,10585,2772,5284,1268,1154,2342,2706,3130,4262,4651,6227,7028,7584,10758,11147,6943,8429,2645,5046,109513,57460,15307,8587,27728,14989,4286,3,2
2021-06-14T23:59:59+02:00,20,22,3013,3038,5685,5719,7805,8662,12739,13802,17794,18296,15378,16106,8658,10580,2771,5283,1241,1126,2276,2650,3005,4166,4454,6088,6691,7283,10231,10538,6912,8392,2641,5037,108136,55101,15299,8482,27724,14942,4209,3,1
2021-06-13T23:59:59+02:00,20,22,2995,3006,5619,5681,7742,8596,12600,13666,17689,18174,15372,16097,8657,10577,2770,5283,1231,1114,2245,2636,2969,4155,4410,6068,6659,7267,10227,10531,6912,8391,2641,5037,107400,54961,15288,8476,27719,14903,4156,3,1
2021-06-12T23:59:59+02:00,18,22,2966,2988,5591,5656,7711,8578,12580,13648,17680,18171,15371,16096,8657,10577,2770,5283,1174,1052,2155,2561,2873,4020,4268,5937,6549,7182,10145,10453,6314,7665,2641,5037,107201,54846,15286,8476,27719,12553,4154,3,1
2021-06-11T23:59:59+02:00,18,19,2889,2912,5522,5591,7528,8392,12170,13342,17401,17968,15355,16071,8651,10569,2768,5281,1152,1035,2100,2521,2808,3972,4185,5875,6443,7095,10044,10340,6301,7659,2639,5031,106186,54324,14397,8219,27718,12517,4143,3,1
2021-06-10T23:59:59+02:00,14,17,2833,2870,5423,5540,7395,8311,11985,13203,17264,17851,15350,16067,8651,10568,2767,5280,1113,1010,2026,2455,2706,3895,4016,5746,6202,6883,9794,10073,6281,7631,2633,5025,105270,52768,14322,8216,27713,12427,4081,3,1
2021-06-09T23:59:59+02:00,13,15,2757,2801,5298,5446,7173,8139,11708,12961,17077,17704,15339,16053,8647,10559,2767,5277,1056,948,1896,2337,2502,3713,3688,5461,5587,6378,8975,9172,6224,7555,2619,4990,104066,48780,14171,8199,27704,12335,3790,3,1
2021-06-08T23:59:59+02:00,10,11,2660,2698,5165,5319,6977,7956,11274,12535,16700,17316,15320,16026,8636,10553,2766,5272,1019,920,1829,2273,2396,3640,3545,5395,5439,6249,8943,9153,6222,7545,2617,4986,101864,48275,14144,8150,27702,12268,3481,3,1
2021-06-07T23:59:59+02:00,8,10,2532,2600,4974,5190,6769,7793,10797,12176,16357,17022,15294,15998,8630,10536,2765,5268,948,883,1702,2219,2257,3558,3292,5306,5085,5965,8394,8529,6168,7486,2613,4977,99933,46064,14101,8136,27693,12196,2989,3,1
2021-06-06T23:59:59+02:00,8,8,2497,2576,4913,5131,6682,7737,10660,12066,16265,16958,15291,15994,8630,10536,2763,5267,932,873,1673,2200,2215,3531,3226,5282,5037,5941,8389,8528,6163,7479,2613,4976,99347,45910,14049,8127,27687,12128,2896,3,1
2021-06-05T23:59:59+02:00,7,7,2484,2554,4884,5104,6644,7710,10629,12038,16256,16952,15291,15994,8630,10536,2763,5267,916,858,1642,2173,2176,3479,3124,5201,4683,5616,7791,7827,6135,7426,2612,4974,99122,43535,14049,8122,27684,12087,2892,3,1
2021-06-04T23:59:59+02:00,6,6,2454,2526,4839,5059,6595,7659,10541,11935,16204,16889,15287,15987,8630,10535,2762,5266,904,841,1620,2154,2137,3443,3072,5142,4521,5428,7489,7460,6099,7384,2610,4968,98594,42259,14044,8120,27684,12041,2855,3,1
2021-06-03T23:59:59+02:00,6,6,2349,2395,4687,4888,6389,7411,9841,11301,15614,16441,15276,15978,8627,10530,2761,5265,887,811,1579,2094,2088,3365,2984,5033,4377,5263,7332,7271,6087,7357,2610,4964,95259,41218,14005,8110,27679,11958,2819,3,1
2021-06-02T23:59:59+02:00,6,6,2332,2370,4644,4855,6333,7373,9741,11212,15556,16388,15268,15974,8626,10526,2761,5264,874,799,1561,2071,2036,3329,2899,4947,4016,4874,6775,6635,6044,7301,2606,4954,94734,38887,14004,8106,27679,11915,2815,3,1
2021-06-01T23:59:59+02:00,6,5,2270,2329,4525,4766,6169,7262,9553,11065,15450,16312,15265,15970,8622,10522,2760,5259,842,773,1497,2021,1923,3267,2743,4856,3813,4747,6564,6405,6022,7283,2600,4947,93873,37805,13955,8084,27667,11803,2612,3,1
2021-05-31T23:59:59+02:00,2,5,2220,2270,4426,4673,6028,7135,9367,10921,15365,16258,15257,15963,8619,10522,2760,5259,819,737,1440,1962,1855,3219,2569,4803,3683,4695,6207,5991,5999,7262,2597,4939,93154,36631,13869,8078,27658,11703,2366,3,1
2021-05-30T23:59:59+02:00,2,5,2195,2248,4369,4612,5939,7075,9292,10859,15328,16239,15256,15961,8619,10522,2760,5259,807,726,1418,1941,1805,3195,2436,4768,3578,4677,6205,5989,5999,7262,2597,4939,92709,36316,13829,8056,27648,11620,2351,3,1
2021-05-29T23:59:59+02:00,2,5,2178,2233,4351,4601,5922,7059,9278,10846,15323,16236,15255,15961,8619,10522,2760,5259,788,673,1324,1683,1672,2835,2236,4220,3300,4250,6115,5895,5888,7129,2596,4939,92583,36266,13826,8051,27647,8876,2351,3,1
2021-05-28T23:59:59+02:00,2,5,2158,2210,4313,4556,5878,7014,9202,10776,15256,16184,15251,15959,8619,10522,2760,5258,769,583,1246,1432,1573,2434,2057,3530,3036,3654,5478,5155,5806,7038,2592,4926,92112,34969,13813,8051,27645,5940,2350,3,1
2021-05-27T23:59:59+02:00,2,5,2115,2172,4228,4489,5754,6940,9047,10676,15159,16101,15249,15958,8619,10521,2760,5258,740,548,1212,1351,1531,2296,1990,3388,2924,3534,5044,4670,5773,6999,2581,4897,91431,33847,13664,8042,27621,5256,2334,3,1
2021-05-26T23:59:59+02:00,2,5,2046,2054,4031,4344,5412,6678,8080,9934,14402,15396,15237,15952,8615,10515,2758,5256,729,532,1186,1293,1486,2241,1933,3277,2771,3388,3739,3294,5714,6926,2558,4840,90657,30581,10143,8027,27606,4992,2308,3,1
2021-05-25T23:59:59+02:00,2,5,2005,2015,3948,4277,5316,6612,7945,9827,14029,14963,15189,15915,8608,10500,2756,5252,720,522,1156,1258,1464,2218,1913,3250,2746,3363,3733,3284,5707,6923,2556,4839,89319,30495,9995,8018,27589,4882,2258,3,1
2021-05-24T23:59:59+02:00,2,5,1979,1970,3860,4203,5211,6530,7820,9703,13517,14349,15138,15847,8601,10486,2755,5247,714,515,1136,1247,1434,2205,1892,3232,2721,3341,3717,3266,5685,6899,2549,4823,87527,30368,9916,7967,27578,4843,2199,3,1
2021-05-23T23:59:59+02:00,2,5,1970,1957,3841,4180,5193,6517,7768,9672,13443,14286,15127,15843,8599,10485,2754,5247,707,506,1126,1235,1412,2183,1838,3198,2616,3245,3309,2833,5044,6089,2535,4778,87293,30197,9816,5437,27578,4822,2199,3,1
2021-05-22T23:59:59+02:00,2,5,1805,1915,3539,4130,4791,6473,7510,9616,13318,14207,15121,15842,8599,10484,2754,5247,547,475,833,1193,1035,2147,1597,3145,2502,3170,3305,2831,5044,6088,2535,4778,87143,30185,9816,5436,27576,4785,820,3,1
2021-05-21T23:59:59+02:00,2,4,1719,1806,3385,3938,4602,6178,7113,9250,12031,12866,14970,15694,8562,10437,2745,5236,544,463,823,1191,1033,2140,1562,3115,2425,3093,3132,2694,5018,6045,2532,4763,82371,29552,9776,5436,27570,4767,818,3,1
2021-05-20T23:59:59+02:00,2,4,1682,1770,3294,3887,4495,6097,6938,9171,11820,12639,14950,15676,8559,10430,2744,5235,524,450,783,1145,977,2076,1444,3044,2298,2996,2944,2525,4977,5969,2524,4748,81543,28810,9673,5421,27514,4532,661,2,1
2021-05-19T23:59:59+02:00,2,4,1659,1744,3237,3831,4401,6033,6823,9109,11588,12380,14938,15666,8557,10429,2744,5234,516,438,767,1108,959,2007,1333,2897,1971,2703,2382,2028,4872,5852,2503,4701,80734,26741,9533,5405,27487,4268,623,2,1
2021-05-18T23:59:59+02:00,2,4,1597,1710,3149,3741,4289,5930,6664,8950,11301,12126,14893,15618,8545,10406,2742,5224,513,426,752,1093,941,1990,1249,2831,1692,2481,1940,1682,4800,5769,2482,4658,79641,25200,9331,5395,27418,4205,499,2,1
2021-05-17T23:59:59+02:00,2,4,1548,1629,3019,3584,4083,5652,6317,8493,10755,11578,14786,15527,8526,10381,2737,5214,511,418,746,1086,923,1985,1225,2807,1664,2442,1923,1663,4793,5762,2479,4655,76758,25135,9296,5381,27393,4180,386,2,1
2021-05-16T23:59:59+02:00,2,4,1529,1607,2966,3544,3987,5565,6168,8357,10579,11445,14760,15505,8519,10373,2736,5212,504,412,723,1071,893,1969,1197,2779,1631,2418,1916,1654,4791,5758,2476,4653,76014,25106,9239,5363,27362,4135,241,2,1
2021-05-15T23:59:59+02:00,2,4,1442,1510,2755,3377,3758,5287,5807,7885,10228,11149,14675,15443,8500,10344,2730,5203,504,410,719,1069,893,1965,1192,2778,1626,2414,1904,1642,4785,5752,2476,4651,73263,25047,9239,5363,27355,4130,240,2,1
2021-05-14T23:59:59+02:00,2,4,1408,1448,2644,3281,3606,5129,5609,7596,10010,10897,14640,15405,8487,10321,2727,5199,455,370,648,904,821,1679,1062,2369,1446,2089,1870,1602,4782,5744,2475,4646,71627,24983,9217,5361,27331,2382,236,2,1
2021-05-13T23:59:59+02:00,2,4,1350,1381,2541,3197,3439,4993,5391,7389,9784,10719,14614,15377,8479,10318,2725,5196,448,358,621,876,720,1573,963,2286,1183,1878,1157,1022,4562,5511,2467,4614,70466,24865,8910,2835,27300,2318,221,2,1
2021-05-12T23:59:59+02:00,2,4,1343,1372,2525,3192,3421,4981,5371,7376,9770,10707,14612,15373,8477,10316,2724,5196,448,357,619,875,717,1570,957,2283,1179,1871,1139,1013,4549,5475,2435,4545,70356,24662,8886,2835,27298,2315,220,2,1
2021-05-11T23:59:59+02:00,2,3,1301,1330,2451,3108,3309,4854,5177,7231,9485,10399,14565,15316,8465,10296,2720,5187,442,344,601,861,696,1553,929,2259,1154,1844,1085,977,4487,5378,2393,4421,69022,24174,8763,2817,27213,2234,199,2,1
2021-05-10T23:59:59+02:00,2,3,1277,1303,2388,3031,3182,4730,5047,7074,9162,10019,14519,15277,8456,10277,2715,5185,441,342,589,851,682,1538,918,2244,1136,1830,1051,943,4427,5302,2354,4306,67670,23768,8643,2814,27142,2182,190,2,1
2021-05-09T23:59:59+02:00,2,3,1262,1286,2345,3018,3105,4695,4985,7040,9097,9975,14506,15262,8454,10272,2715,5183,433,340,575,846,659,1518,896,2223,1124,1816,1032,928,4415,5264,2339,4264,67433,23608,8569,2812,27098,2149,103,2,1
2021-05-08T23:59:59+02:00,1,3,1260,1282,2330,3006,3088,4685,4945,7026,9073,9967,14505,15262,8454,10271,2715,5183,433,340,575,846,658,1518,896,2222,1123,1815,1032,928,4414,5264,2339,4264,67292,23607,8563,2809,27096,2148,103,2,1
2021-05-07T23:59:59+02:00,1,3,1241,1261,2291,2965,3038,4636,4846,6934,8849,9720,14490,15240,8448,10265,2712,5179,383,312,543,777,621,1356,826,2016,1035,1628,1002,899,4394,5241,2337,4259,66388,23503,8557,2806,27069,1217,103,2,1
2021-05-06T23:59:59+02:00,1,3,1091,1170,2063,2722,2739,4328,4476,6534,8262,9115,14212,15001,8408,10208,2709,5178,382,308,531,758,604,1324,807,1981,1002,1600,975,868,4384,5227,2335,4255,62760,23374,8429,2756,26933,1115,96,2,1
2021-05-05T23:59:59+02:00,1,2,1026,1119,1954,2609,2580,4157,4181,6256,7250,7933,14127,14903,8373,10167,2696,5158,379,305,524,748,589,1315,773,1967,979,1579,900,806,4343,5157,2327,4239,59245,23053,8384,2737,26811,1090,50,2,1
2021-05-04T23:59:59+02:00,1,2,1004,1099,1903,2570,2478,4090,3961,6143,6969,7718,13620,14335,8343,10132,2691,5149,376,304,519,744,578,1310,756,1948,963,1572,881,782,4322,5141,2324,4230,57187,22918,8326,2722,26651,1068,42,2,1
2021-05-03T23:59:59+02:00,1,2,972,1061,1842,2517,2375,3980,3762,6026,6613,7418,13083,13711,8306,10094,2684,5134,370,303,517,740,568,1304,747,1937,949,1559,856,758,4305,5123,2318,4217,54766,22808,8300,2713,26512,1049,1,2,1
2021-05-02T23:59:59+02:00,1,2,967,1060,1823,2511,2350,3973,3720,6016,6579,7410,13082,13711,8306,10093,2684,5134,370,303,514,740,567,1302,742,1937,948,1556,854,754,4304,5119,2318,4217,54634,22791,8296,2711,26489,1042,1,2,1
2021-05-01T23:59:59+02:00,1,2,967,1058,1815,2509,2339,3968,3708,6008,6568,7401,13081,13709,8306,10093,2684,5134,370,303,514,740,567,1302,741,1936,946,1556,854,754,4304,5119,2318,4217,54565,22791,8296,2707,26487,1042,1,2,1
2021-04-30T23:59:59+02:00,0,2,951,1053,1794,2495,2318,3933,3671,5975,6490,7348,12986,13605,8305,10089,2681,5122,318,248,472,664,538,1123,711,1712,912,1352,842,737,4300,5117,2318,4217,54070,22777,8295,2703,26450,100,1,2,1
2021-04-29T23:59:59+02:00,0,2,896,1028,1737,2444,2255,3875,3525,5852,6253,7125,12727,13332,8283,10060,2677,5115,312,246,464,657,535,1116,704,1702,902,1343,834,722,4291,5109,2318,4215,52478,22694,8280,2697,26425,78,1,2,1
2021-04-28T23:59:59+02:00,0,2,835,994,1657,2382,2111,3765,3239,5599,5649,6622,11891,12415,8225,9971,2654,5078,311,243,462,651,527,1102,693,1682,891,1336,821,706,4272,5082,2316,4215,48429,22573,8273,2679,26384,57,1,2,1
2021-04-27T23:59:59+02:00,0,2,825,989,1639,2362,2066,3747,3168,5574,5523,6500,11862,12398,8223,9969,2654,5076,310,241,456,649,519,1096,684,1670,882,1330,809,695,4268,5076,2315,4209,47950,22495,8270,2664,26354,49,1,2,1
2021-04-26T23:59:59+02:00,0,2,815,976,1613,2344,2006,3707,2992,5497,5192,6215,11297,11753,8168,9904,2650,5067,308,240,455,648,513,1090,673,1664,873,1320,800,686,4263,5071,2315,4205,45623,22443,8261,2636,26311,44,1,2,1
2021-04-25T23:59:59+02:00,0,2,805,974,1599,2338,1968,3690,2866,5474,5100,6210,11293,11749,8165,9898,2649,5066,307,240,455,648,513,1083,673,1662,870,1318,800,685,4263,5071,2315,4205,45297,22438,8255,2632,26291,37,1,2,1
2021-04-24T23:59:59+02:00,0,2,791,964,1577,2318,1928,3645,2769,5406,4755,5891,10676,11024,8135,9840,2648,5064,307,240,455,648,513,1082,672,1661,869,1318,795,681,4254,5055,2313,4204,42891,22402,8254,2628,26285,36,1,2,1
2021-04-23T23:59:59+02:00,0,2,786,956,1564,2308,1899,3619,2729,5356,4594,5705,10367,10643,8095,9798,2645,5055,307,239,455,648,513,1081,671,1661,867,1318,795,680,4251,5052,2313,4204,41593,22391,8254,2627,26271,36,1,2,1
2021-04-22T23:59:59+02:00,0,2,770,941,1536,2265,1848,3551,2644,5266,4441,5551,10222,10449,8081,9767,2643,5047,307,238,453,637,511,1075,665,1653,861,1309,789,675,4248,5050,2313,4202,40592,22355,8228,2602,26201,28,1,2,1
2021-04-21T23:59:59+02:00,0,2,759,928,1512,2254,1795,3506,2540,5179,4057,5131,9625,9765,8032,9705,2639,5036,306,238,449,635,511,1074,661,1650,856,1304,777,663,4238,5036,2313,4198,38077,22304,8211,2578,26174,26,1,2,1
2021-04-20T23:59:59+02:00,0,2,752,917,1490,2227,1764,3477,2488,5121,3920,5035,9429,9546,8015,9695,2635,5033,306,236,449,634,510,1072,660,1645,853,1299,771,659,4234,5032,2313,4198,37242,22273,8200,2572,26101,26,1,2,0
2021-04-19T23:59:59+02:00,0,2,745,907,1481,2220,1747,3460,2456,5095,3856,4978,9060,9128,7990,9670,2632,5027,306,234,448,631,508,1069,656,1643,849,1295,765,653,4225,5030,2313,4196,36218,22234,8188,2561,26045,26,1,2,0
2021-04-18T23:59:59+02:00,0,2,741,905,1476,2214,1729,3453,2437,5083,3848,4976,9051,9117,7990,9669,2632,5027,305,234,448,627,507,1066,654,1640,846,1295,764,651,4225,5028,2313,4196,36158,22226,8168,2547,26021,26,1,2,0
2021-04-17T23:59:59+02:00,0,2,724,899,1388,2204,1629,3441,2400,5053,3768,4898,8339,8394,7974,9656,2632,5027,305,234,446,625,506,1066,653,1640,845,1292,764,651,4224,5028,2313,4196,36150,22215,8168,2547,24107,26,1,2,0
2021-04-16T23:59:59+02:00,0,2,708,881,1259,2182,1477,3419,2314,4988,3607,4733,7005,6844,7939,9607,2621,4996,305,233,441,619,502,1062,643,1638,841,1283,754,645,4215,5013,2310,4194,34780,22141,8158,2543,21641,14,1,2,0
2021-04-15T23:59:59+02:00,0,2,687,870,1249,2169,1457,3401,2257,4950,3536,4680,6567,6343,7898,9546,2599,4925,298,227,427,608,485,1048,609,1611,806,1253,664,584,3723,4504,2288,4159,33465,22084,8101,1200,21567,10,1,2,0
2021-04-14T23:59:59+02:00,0,2,682,866,1228,2156,1426,3382,2212,4915,3404,4586,5228,4940,7848,9480,2578,4888,290,222,424,601,478,1045,603,1603,800,1250,649,567,3712,4495,2284,4154,30240,21996,8090,1172,21488,9,1,2,0
2021-04-13T23:59:59+02:00,0,2,679,866,1219,2151,1411,3380,2204,4904,3384,4571,5209,4921,7842,9477,2577,4886,290,221,422,599,475,1042,601,1599,789,1248,631,562,3710,4492,2284,4154,30160,21976,8069,1134,21451,9,1,2,0
2021-04-12T23:59:59+02:00,0,2,673,858,1206,2142,1395,3369,2170,4890,3353,4547,5186,4906,7829,9466,2574,4853,289,220,420,598,474,1036,599,1595,781,1241,626,560,3705,4491,2284,4154,30032,21950,8024,1114,21360,9,1,2,0
2021-04-11T23:59:59+02:00,0,2,665,854,1190,2130,1377,3354,2103,4866,3235,4464,4766,4465,7162,8640,2567,4848,289,220,419,598,471,1035,593,1592,777,1240,622,557,3701,4486,2284,4154,30002,21942,5411,1087,21272,9,1,2,0
2021-04-10T23:59:59+02:00,0,2,665,852,1189,2129,1375,3350,2101,4863,3232,4457,4722,4418,7158,8634,2567,4847,283,217,417,587,458,1019,566,1575,745,1216,550,487,3132,3869,2235,4062,29879,20322,5408,1087,21271,9,1,2,0
2021-04-09T23:59:59+02:00,0,2,662,851,1181,2126,1371,3345,2070,4841,3154,4378,4526,4253,7123,8585,2563,4831,273,211,407,573,439,1003,541,1557,724,1193,469,425,2483,3049,2187,3968,29196,18407,5404,1086,21259,9,1,2,0
2021-04-08T23:59:59+02:00,0,2,652,841,1167,2115,1355,3315,2009,4788,3008,4267,3472,3102,6881,8222,2552,4816,260,203,390,555,416,990,519,1528,692,1170,450,399,2474,3041,2184,3965,28399,18189,5356,1038,18806,9,1,2,0
2021-04-07T23:59:59+02:00,0,2,645,835,1154,2106,1336,3303,1899,4709,2691,4018,2867,2574,6770,8099,2529,4763,246,196,362,531,378,955,475,1494,656,1143,423,374,2414,2979,2179,3958,26225,17736,5337,1019,18735,8,1,2,0
2021-04-06T23:59:59+02:00,0,2,635,827,1116,2099,1312,3284,1781,4659,2415,3849,2414,2227,6694,8008,2508,4726,222,183,328,505,353,937,438,1471,620,1111,388,332,2358,2905,2173,3949,24628,17263,5321,1002,18604,8,1,2,0
2021-04-05T23:59:59+02:00,0,2,632,825,1105,2095,1306,3281,1772,4649,2400,3833,2125,1880,5578,6692,2506,4726,222,183,327,501,347,931,434,1469,616,1106,384,329,2356,2899,2173,3948,24597,17252,5311,966,15496,7,1,2,0
2021-04-04T23:59:59+02:00,0,2,631,825,1105,2095,1306,3280,1772,4649,2398,3831,2124,1877,5578,6688,2506,4726,222,183,326,501,347,931,433,1469,616,1106,384,329,2355,2899,2173,3948,24589,17249,5311,966,15490,7,1,2,0
2021-04-03T23:59:59+02:00,0,2,631,825,1105,2094,1306,3280,1771,4647,2394,3831,2123,1874,5577,6688,2506,4726,222,183,326,501,347,931,433,1469,615,1106,384,329,2355,2899,2173,3948,24583,17248,5307,966,15487,7,1,2,0
2021-04-02T23:59:59+02:00,0,2,631,824,1105,2094,1302,3279,1769,4642,2393,3828,2115,1865,5565,6673,2503,4713,222,182,326,499,347,931,432,1468,614,1097,382,329,2355,2898,2173,3948,24515,17230,5303,966,15482,7,1,2,0
2021-04-01T23:59:59+02:00,0,2,627,813,1082,2076,1206,3184,1679,4574,2134,3620,1391,1278,5356,6463,2493,4686,218,181,326,498,346,930,431,1466,614,1096,379,327,2355,2898,2173,3944,24409,17218,2807,957,15445,7,1,2,0
2021-03-31T23:59:59+02:00,0,2,625,812,1078,2072,1201,3176,1668,4569,2116,3607,1364,1245,5327,6408,2456,4587,217,181,326,497,345,930,431,1465,613,1095,378,324,2351,2897,2171,3943,24090,17206,2793,951,15428,7,1,1,0
2021-03-30T23:59:59+02:00,0,2,623,803,1072,2068,1195,3171,1658,4555,2108,3593,1318,1200,5243,6279,2412,4441,217,180,326,496,342,926,426,1462,606,1085,363,313,2249,2745,2051,3718,23571,16588,2771,910,15398,7,1,0,0
2021-03-29T23:59:59+02:00,0,2,621,801,1069,2060,1185,3165,1651,4542,2096,3581,1282,1169,5183,6186,2363,4312,216,179,324,494,340,924,424,1457,601,1080,356,308,2026,2480,1824,3343,23139,15462,2747,907,15381,7,1,0,0
2021-03-28T23:59:59+02:00,0,2,621,798,1067,2054,1182,3158,1645,4532,2092,3576,1266,1160,5175,6164,2352,4280,214,179,323,491,333,920,421,1450,598,1068,350,296,2021,2466,1823,3340,23034,15436,2729,853,15360,4,1,0,0
2021-03-27T23:59:59+01:00,0,2,569,737,987,1986,1100,3040,1527,4408,1990,3494,1197,1090,4572,5432,2352,4280,212,178,323,491,333,920,416,1448,597,1065,349,296,2020,2465,1823,3340,23019,15420,2725,853,13018,3,1,0,0
2021-03-26T23:59:59+01:00,0,2,566,732,980,1976,1098,3034,1517,4401,1974,3486,1153,1059,4542,5398,2351,4276,211,175,323,489,330,919,414,1447,593,1058,341,291,1622,1934,1402,2620,22825,13319,2715,847,13004,3,1,0,0
2021-03-25T23:59:59+01:00,0,2,564,726,967,1968,1095,3025,1510,4389,1959,3476,1143,1048,4534,5393,2351,4275,210,172,322,488,328,913,411,1441,589,1049,337,287,1528,1813,1365,2548,22778,12974,2706,824,12940,3,1,0,0
2021-03-24T23:59:59+01:00,0,2,562,720,957,1955,1082,3010,1481,4371,1945,3467,1108,1018,4507,5360,2346,4270,210,172,321,487,325,909,406,1434,580,1033,323,277,1202,1432,1215,2282,22636,11843,2680,762,12844,3,1,0,0
2021-03-23T23:59:59+01:00,0,2,560,715,952,1941,1078,3000,1474,4357,1935,3460,1095,1007,4487,5345,2346,4267,209,172,319,484,318,906,405,1434,574,1029,315,270,967,1167,1101,2106,22561,11032,2671,741,12788,3,1,0,0
2021-03-22T23:59:59+01:00,0,2,559,706,947,1929,1072,2991,1464,4341,1921,3451,1092,1004,4482,5344,2346,4267,207,172,318,482,317,904,402,1431,571,1025,311,266,966,1163,1101,2103,22537,11015,2656,721,12724,3,1,0,0
2021-03-21T23:59:59+01:00,0,2,557,703,944,1920,1070,2987,1458,4328,1909,3444,1089,1003,4482,5343,2346,4267,207,172,318,481,316,900,402,1426,565,1023,301,261,962,1159,1100,2103,22533,11014,2642,679,12676,3,1,0,0
2021-03-20T23:59:59+01:00,0,2,552,695,939,1904,1053,2971,1430,4310,1875,3416,1017,932,3900,4709,2296,4170,207,172,318,481,316,900,402,1426,565,1023,301,261,962,1159,1099,2102,20874,11012,2641,679,12655,3,1,0,0
2021-03-19T23:59:59+01:00,0,2,543,686,922,1878,1026,2952,1394,4285,1849,3386,930,867,3230,3873,2249,4073,205,172,316,481,315,897,400,1424,561,1016,298,260,949,1146,1068,2062,18900,10990,2630,577,12614,3,1,0,0
2021-03-18T23:59:59+01:00,0,2,530,674,905,1852,1003,2925,1355,4245,1804,3334,832,803,2718,3341,2227,4039,200,170,313,477,312,887,396,1418,559,1011,295,254,846,1052,960,1873,18823,10612,1231,408,12534,3,1,0,0
2021-03-17T23:59:59+01:00,0,2,528,664,896,1832,990,2907,1333,4224,1786,3318,803,778,2633,3250,2221,4035,198,169,311,475,309,886,389,1414,556,1007,292,249,606,778,659,1428,18517,9693,1195,33,12487,0,1,0,0
2021-03-16T23:59:59+01:00,0,2,526,655,887,1810,969,2892,1316,4212,1762,3302,774,767,2585,3170,2219,4031,198,169,309,475,307,884,386,1412,553,1002,286,245,361,543,471,1121,18310,8696,1155,27,12414,0,0,0,0
2021-03-15T23:59:59+01:00,0,2,526,644,883,1792,960,2871,1310,4206,1754,3293,768,764,2582,3169,2219,4031,197,169,308,474,306,884,386,1412,550,1002,286,245,361,542,470,1121,18297,8690,1133,24,12344,0,0,0,0
2021-03-14T23:59:59+01:00,0,2,525,638,877,1780,953,2866,1300,4193,1744,3281,763,760,2577,3166,2219,4031,197,169,307,474,305,882,384,1410,550,1002,285,245,361,542,470,1121,18292,8687,1106,18,12277,0,0,0,0
2021-03-13T23:59:59+01:00,0,2,503,587,782,1518,823,2485,1106,3630,1462,2852,682,671,2474,3040,2218,4030,197,169,307,474,305,882,384,1410,550,1002,285,245,361,542,470,1121,18288,8687,1106,18,9471,0,0,0,0
2021-03-12T23:59:59+01:00,0,2,488,502,718,1252,731,2090,935,2940,1215,2261,542,518,2430,2995,2218,4030,197,167,307,474,305,880,383,1410,550,1000,285,244,348,521,422,1058,18265,8533,1105,18,6497,0,0,0,0
2021-03-11T23:59:59+01:00,0,2,465,466,685,1181,685,1985,876,2795,1135,2150,487,459,2417,2985,2217,4029,197,167,306,472,304,879,383,1407,549,1000,285,243,335,504,376,1015,18079,8407,1057,15,5883,0,0,0,0
2021-03-10T23:59:59+01:00,0,2,451,456,651,1148,645,1951,832,2759,1102,2122,467,443,2403,2966,2216,4026,193,165,302,465,304,878,378,1400,544,993,281,237,215,405,151,753,17803,7655,1037,9,5800,0,0,0,0
2021-03-09T23:59:59+01:00,0,2,435,439,619,1119,626,1933,809,2733,1080,2098,446,423,2310,2824,2093,3797,193,165,300,463,303,877,377,1397,544,990,279,236,215,405,151,752,17045,7647,1021,0,5720,0,0,0,0
2021-03-08T23:59:59+01:00,0,2,422,418,596,1089,608,1911,793,2708,1058,2072,424,395,2081,2550,1864,3420,193,164,300,461,302,873,377,1391,544,988,278,234,215,404,151,752,15802,7627,993,0,5616,0,0,0,0
2021-03-07T23:59:59+01:00,0,2,421,416,589,1072,596,1903,790,2695,1052,2061,423,394,2076,2542,1863,3418,193,164,300,460,302,872,377,1388,544,987,278,234,215,404,151,752,15776,7621,983,0,5554,0,0,0,0
2021-03-06T23:59:59+01:00,0,2,421,413,586,1058,593,1901,783,2688,1048,2054,422,394,2076,2542,1863,3418,193,164,300,460,302,872,377,1388,544,986,277,234,215,404,151,752,15768,7619,983,0,5511,0,0,0,0
2021-03-05T23:59:59+01:00,0,2,415,398,580,1046,587,1891,778,2679,1042,2046,409,386,1655,1980,1432,2666,190,159,296,460,299,871,375,1385,542,982,277,234,215,404,151,752,13547,7592,983,0,5462,0,0,0,0
2021-03-04T23:59:59+01:00,0,2,405,373,554,1007,568,1835,749,2626,1021,1996,405,382,1563,1863,1393,2593,179,151,285,451,298,863,373,1371,540,978,276,234,215,404,151,752,13197,7521,977,0,5161,0,0,0,0
2021-03-03T23:59:59+01:00,0,2,403,366,546,977,551,1803,724,2578,1004,1958,399,376,1241,1484,1240,2321,178,150,284,450,297,862,369,1364,537,971,274,232,214,403,149,747,12048,7481,970,0,4955,0,0,0,0
2021-03-02T23:59:59+01:00,0,2,399,361,538,943,537,1783,715,2554,993,1940,389,366,998,1217,1122,2143,178,148,283,439,293,856,369,1355,537,965,274,232,214,403,149,747,11229,7442,935,0,4836,0,0,0,0
2021-03-01T23:59:59+01:00,0,2,397,353,529,921,519,1752,706,2530,982,1923,385,359,997,1210,1122,2139,178,146,283,430,290,846,366,1340,534,959,272,230,213,402,149,747,11210,7385,900,0,4716,0,0,0,0
2021-02-28T23:59:59+01:00,0,2,394,350,526,913,514,1741,703,2520,977,1908,381,354,997,1208,1122,2139,176,145,283,430,290,845,366,1340,533,959,272,230,213,402,149,747,11210,7380,873,0,4666,0,0,0,0
2021-02-27T23:59:59+01:00,0,2,393,348,521,906,512,1735,700,2511,974,1906,380,353,997,1208,1121,2139,176,145,283,430,290,845,366,1340,532,959,272,230,213,402,149,747,11209,7379,873,0,4624,0,0,0,0
2021-02-26T23:59:59+01:00,0,2,345,301,452,733,436,1427,571,2093,804,1563,352,323,997,1205,1121,2139,176,143,283,427,288,837,364,1332,530,956,272,230,213,402,149,747,11198,7349,862,0,2804,0,0,0,0
2021-02-25T23:59:59+01:00,0,2,325,293,442,711,424,1391,556,2045,786,1531,344,316,913,1116,1049,2015,125,129,263,423,277,825,353,1316,525,949,272,228,213,402,149,747,10797,7196,832,0,2630,0,0,0,0
2021-02-24T23:59:59+01:00,0,2,320,287,437,695,417,1355,540,1997,764,1487,336,303,705,884,865,1710,125,123,262,417,274,816,351,1303,518,942,270,226,211,402,149,745,9858,7134,791,0,2455,0,0,0,0
2021-02-23T23:59:59+01:00,0,2,318,275,429,681,406,1332,532,1961,746,1468,322,293,456,638,674,1409,125,122,261,415,272,811,351,1296,517,934,269,225,210,402,148,744,8860,7102,747,0,2335,0,0,0,0
2021-02-22T23:59:59+01:00,0,2,318,273,428,674,405,1327,528,1951,741,1464,322,290,455,636,674,1408,125,117,256,405,271,794,347,1272,512,926,265,224,210,402,148,744,8856,7018,735,0,2305,0,0,0,0
2021-02-21T23:59:59+01:00,0,2,315,272,426,668,402,1319,526,1943,735,1460,311,285,451,632,672,1408,125,117,255,404,271,792,344,1269,505,923,264,223,209,401,147,735,8851,6984,694,0,2282,0,0,0,0
2021-02-20T23:59:59+01:00,0,2,315,269,426,666,402,1311,525,1934,733,1456,311,285,451,632,672,1408,125,117,255,404,271,792,344,1269,504,923,264,223,209,401,147,735,8851,6983,694,0,2253,0,0,0,0
2021-02-19T23:59:59+01:00,0,1,269,243,394,590,368,1142,467,1720,626,1246,302,269,425,596,593,1301,125,117,255,404,270,792,344,1269,504,923,264,223,209,401,147,735,8634,6982,588,0,1330,0,0,0,0
2021-02-18T23:59:59+01:00,0,1,268,238,387,581,357,1121,454,1702,616,1239,302,267,372,549,491,1173,122,114,251,399,263,786,341,1260,501,922,262,221,209,401,147,735,8455,6934,416,0,1247,0,0,0,0
2021-02-17T23:59:59+01:00,0,1,262,234,375,567,350,1112,431,1686,608,1227,297,260,218,413,156,764,114,101,247,393,258,771,335,1244,495,911,258,218,208,401,147,735,7738,6836,31,0,1192,0,0,0,0
2021-02-16T23:59:59+01:00,0,1,260,232,364,565,340,1103,423,1672,603,1221,294,257,218,412,156,764,83,89,227,367,247,741,317,1204,463,876,237,203,201,383,146,728,7731,6512,27,0,1127,0,0,0,0
2021-02-15T23:59:59+01:00,0,1,258,232,362,561,339,1097,421,1660,599,1215,294,257,218,411,155,764,82,87,223,356,239,729,307,1176,448,853,224,196,190,361,140,672,7723,6283,24,0,1097,0,0,0,0
2021-02-14T23:59:59+01:00,0,1,257,230,356,558,335,1087,417,1654,596,1212,294,257,218,411,155,764,78,85,216,351,236,721,302,1163,444,838,223,194,190,350,140,663,7713,6194,19,0,1070,0,0,0,0
2021-02-13T23:59:59+01:00,0,1,257,230,356,558,335,1087,416,1654,596,1211,293,257,218,411,155,764,78,85,216,351,236,721,302,1163,444,838,223,194,190,350,140,663,7711,6194,19,0,1069,0,0,0,0
2021-02-12T23:59:59+01:00,0,1,199,169,307,480,308,893,383,1416,559,996,285,242,217,411,155,764,75,84,213,350,234,718,295,1159,441,833,220,192,190,348,140,663,7699,6155,19,0,67,0,0,0,0
2021-02-11T23:59:59+01:00,0,0,197,168,301,469,304,879,377,1396,549,988,285,242,217,411,155,764,74,81,202,324,224,674,275,1108,424,785,219,189,190,343,140,660,7658,5912,16,0,28,0,0,0,0
2021-02-10T23:59:59+01:00,0,0,194,161,297,465,301,875,371,1385,545,980,283,240,215,410,155,762,69,75,186,298,213,615,258,1023,399,733,210,175,176,314,128,613,7616,5485,10,0,13,0,0,0,0
2021-02-09T23:59:59+01:00,0,0,189,155,294,456,300,866,371,1375,543,971,280,239,215,410,155,761,60,60,147,234,184,511,220,831,343,598,189,149,156,279,118,547,7572,4626,2,0,6,0,0,0,0
2021-02-08T23:59:59+01:00,0,0,182,148,290,444,295,856,367,1355,536,964,276,235,214,409,153,757,33,47,102,144,135,283,161,454,249,391,160,123,129,224,95,452,7473,3182,2,0,6,0,0,0,0
2021-02-07T23:59:59+01:00,0,0,180,146,287,443,294,854,366,1354,535,963,275,234,214,409,153,757,18,40,83,122,130,262,152,420,233,364,152,119,119,214,90,417,7463,2935,1,0,0,0,0,0,0
2021-02-06T23:59:59+01:00,0,0,180,146,287,443,294,854,366,1354,535,963,275,234,214,409,153,757,18,37,81,119,120,247,141,404,202,343,137,115,118,209,89,407,7463,2787,1,0,0,0,0,0,0
2021-02-05T23:59:59+01:00,0,0,180,144,287,440,293,843,364,1346,531,960,275,233,214,409,153,756,17,32,77,114,113,234,136,377,188,324,132,110,115,204,82,391,7427,2646,1,0,0,0,0,0,0
2021-02-04T23:59:59+01:00,0,0,172,139,286,436,286,834,361,1335,522,951,274,231,213,409,153,754,10,21,51,77,84,178,113,287,156,267,114,96,103,190,74,351,7356,2172,0,0,0,0,0,0,0
2021-02-03T23:59:59+01:00,0,0,154,132,276,430,282,828,359,1324,522,949,274,231,212,409,153,753,10,19,43,67,75,142,89,257,134,219,95,81,88,162,67,311,7288,1859,0,0,0,0,0,0,0
2021-02-02T23:59:59+01:00,0,0,133,126,264,428,279,821,354,1317,521,942,273,231,211,409,152,752,10,16,34,61,63,119,74,212,103,169,63,57,63,104,43,196,7213,1387,0,0,0,0,0,0,0
2021-02-01T23:59:59+01:00,0,0,128,121,259,413,277,804,352,1293,515,930,268,229,211,409,152,752,4,10,20,34,33,66,46,119,59,69,28,28,27,44,25,97,7113,709,0,0,0,0,0,0,0
2021-01-31T23:59:59+01:00,0,0,127,118,257,411,275,800,350,1287,511,928,268,226,210,408,152,752,4,6,15,23,28,47,32,73,39,42,14,8,13,28,20,59,7080,451,0,0,0,0,0,0,0
2021-01-30T23:59:59+01:00,0,0,127,118,257,411,275,799,350,1286,510,928,268,226,210,408,152,752,4,6,13,20,25,40,27,65,36,40,14,8,13,28,20,59,7077,418,0,0,0,0,0,0,0
2021-01-29T23:59:59+01:00,0,0,127,118,257,411,274,799,350,1286,510,928,268,226,210,408,152,752,4,6,7,18,23,31,22,57,32,37,14,8,13,27,19,58,7076,376,0,0,0,0,0,0,0
2021-01-28T23:59:59+01:00,0,0,125,115,253,405,270,793,347,1279,506,927,268,226,210,408,152,752,1,3,2,8,15,13,12,28,12,22,11,4,6,14,6,23,7036,180,0,0,0,0,0,0,0
2021-01-27T23:59:59+01:00,0,0,117,105,251,401,267,785,342,1272,500,920,263,223,209,407,152,752,0,0,1,4,11,11,8,21,10,17,10,4,6,14,6,23,6966,146,0,0,0,0,0,0,0
2021-01-26T23:59:59+01:00,0,0,88,93,233,384,259,760,329,1234,475,889,243,211,202,391,152,744,0,0,1,4,11,11,8,21,10,17,10,4,6,14,6,23,6687,146,0,0,0,0,0,0,0
2021-01-25T23:59:59+01:00,0,0,85,88,231,364,246,741,315,1200,457,864,227,204,193,371,148,689,0,0,1,4,11,9,7,14,7,13,10,4,6,14,6,23,6423,129,0,0,0,0,0,0,0
2021-01-24T23:59:59+01:00,0,0,85,86,227,360,245,736,312,1187,455,849,226,202,193,360,148,679,0,0,1,4,11,9,7,14,7,13,10,4,6,14,6,23,6350,129,0,0,0,0,0,0,0
2021-01-23T23:59:59+01:00,0,0,85,86,227,360,245,736,312,1187,455,849,226,202,193,360,148,679,0,0,1,4,11,9,7,14,7,13,10,4,6,14,6,23,6350,129,0,0,0,0,0,0,0
2021-01-22T23:59:59+01:00,0,0,85,85,225,358,245,733,308,1183,451,846,224,201,193,359,148,679,0,0,1,4,11,9,7,14,7,13,10,4,6,14,6,23,6323,129,0,0,0,0,0,0,0
2021-01-21T23:59:59+01:00,0,0,85,82,211,329,235,689,283,1132,437,813,223,197,192,353,148,676,0,0,1,2,9,8,6,13,6,11,10,4,6,14,6,23,6085,119,0,0,0,0,0,0,0
2021-01-20T23:59:59+01:00,0,0,79,76,197,308,223,625,269,1039,408,754,214,186,177,324,137,629,0,0,1,2,9,8,6,13,6,11,10,4,6,14,6,23,5645,119,0,0,0,0,0,0,0
2021-01-19T23:59:59+01:00,0,0,71,66,157,258,203,562,243,916,367,645,195,160,155,284,124,552,0,0,1,2,3,7,6,12,4,9,7,3,6,14,6,23,4958,103,0,0,0,0,0,0,0
2021-01-18T23:59:59+01:00,0,0,59,58,134,215,181,458,216,759,327,552,178,140,131,234,104,470,0,0,0,1,2,4,3,7,2,7,6,3,6,14,6,22,4216,83,0,0,0,0,0,0,0
2021-01-17T23:59:59+01:00,0,0,36,46,109,184,167,395,199,668,301,494,170,134,118,217,90,416,0,0,0,0,2,4,2,7,2,5,4,3,6,14,5,22,3744,76,0,0,0,0,0,0,0
2021-01-16T23:59:59+01:00,0,0,29,43,109,181,157,378,184,648,270,472,155,129,117,211,89,406,0,0,0,0,0,0,0,0,0,0,0,0,0,0,0,0,3578,0,0,0,0,0,0,0,0
2021-01-15T23:59:59+01:00,0,0,27,39,105,176,146,365,178,618,253,450,150,120,114,205,81,390,0,0,0,0,0,0,0,0,0,0,0,0,0,0,0,0,3417,0,0,0,0,0,0,0,0
2021-01-14T23:59:59+01:00,0,0,9,24,51,77,84,169,114,283,150,262,123,101,100,190,71,350,0,0,0,0,0,0,0,0,0,0,0,0,0,0,0,0,2158,0,0,0,0,0,0,0,0
2021-01-13T23:59:59+01:00,0,0,8,20,41,67,76,134,92,254,125,225,94,79,81,153,56,282,0,0,0,0,0,0,0,0,0,0,0,0,0,0,0,0,1787,0,0,0,0,0,0,0,0
2021-01-12T23:59:59+01:00,0,0,8,15,37,63,63,110,77,206,96,171,61,53,54,92,32,162,0,0,0,0,0,0,0,0,0,0,0,0,0,0,0,0,1300,0,0,0,0,0,0,0,0
2021-01-11T23:59:59+01:00,0,0,1,10,27,46,39,79,56,137,59,84,31,27,22,36,16,70,0,0,0,0,0,0,0,0,0,0,0,0,0,0,0,0,740,0,0,0,0,0,0,0,0
2021-01-10T23:59:59+01:00,0,0,1,5,20,32,34,55,37,90,38,52,14,7,7,19,11,31,0,0,0,0,0,0,0,0,0,0,0,0,0,0,0,0,453,0,0,0,0,0,0,0,0
2021-01-09T23:59:59+01:00,0,0,1,5,18,28,33,51,32,80,36,51,14,7,7,19,11,31,0,0,0,0,0,0,0,0,0,0,0,0,0,0,0,0,424,0,0,0,0,0,0,0,0
2021-01-08T23:59:59+01:00,0,0,1,5,15,26,30,40,26,71,32,47,13,7,6,17,10,30,0,0,0,0,0,0,0,0,0,0,0,0,0,0,0,0,376,0,0,0,0,0,0,0,0
2021-01-07T23:59:59+01:00,0,0,1,3,2,10,15,13,13,29,14,24,11,5,6,15,8,24,0,0,0,0,0,0,0,0,0,0,0,0,0,0,0,0,193,0,0,0,0,0,0,0,0
2021-01-06T23:59:59+01:00,0,0,1,0,2,4,13,11,9,23,12,19,11,5,6,15,8,24,0,0,0,0,0,0,0,0,0,0,0,0,0,0,0,0,163,0,0,0,0,0,0,0,0
2021-01-05T23:59:59+01:00,0,0,0,0,1,4,12,11,8,21,11,19,10,5,6,15,8,24,0,0,0,0,0,0,0,0,0,0,0,0,0,0,0,0,155,0,0,0,0,0,0,0,0
2021-01-04T23:59:59+01:00,0,0,0,0,1,4,12,10,7,17,9,17,10,5,6,15,8,24,0,0,0,0,0,0,0,0,0,0,0,0,0,0,0,0,145,0,0,0,0,0,0,0,0
2021-01-03T23:59:59+01:00,0,0,0,0,1,4,11,9,7,14,7,14,10,5,6,15,8,24,0,0,0,0,0,0,0,0,0,0,0,0,0,0,0,0,135,0,0,0,0,0,0,0,0
2021-01-02T23:59:59+01:00,0,0,0,0,1,4,11,9,7,14,7,14,10,5,6,15,8,24,0,0,0,0,0,0,0,0,0,0,0,0,0,0,0,0,135,0,0,0,0,0,0,0,0
2021-01-01T23:59:59+01:00,0,0,0,0,1,4,11,9,7,14,7,14,10,5,6,15,8,24,0,0,0,0,0,0,0,0,0,0,0,0,0,0,0,0,135,0,0,0,0,0,0,0,0
2020-12-31T23:59:59+01:00,0,0,0,0,1,4,11,9,7,14,7,14,10,5,6,15,8,24,0,0,0,0,0,0,0,0,0,0,0,0,0,0,0,0,135,0,0,0,0,0,0,0,0
2020-12-30T23:59:59+01:00,0,0,0,0,1,4,11,9,7,14,7,14,10,5,6,15,8,24,0,0,0,0,0,0,0,0,0,0,0,0,0,0,0,0,135,0,0,0,0,0,0,0,0
2020-12-29T23:59:59+01:00,0,0,0,0,1,4,8,9,7,14,5,12,10,5,6,15,8,24,0,0,0,0,0,0,0,0,0,0,0,0,0,0,0,0,128,0,0,0,0,0,0,0,0
2020-12-28T23:59:59+01:00,0,0,0,0,1,1,5,7,7,8,3,9,10,5,6,15,8,24,0,0,0,0,0,0,0,0,0,0,0,0,0,0,0,0,109,0,0,0,0,0,0,0,0
2020-12-27T23:59:59+01:00,0,0,0,0,0,0,2,4,2,7,2,6,4,4,6,15,7,23,0,0,0,0,0,0,0,0,0,0,0,0,0,0,0,0,82,0,0,0,0,0,0,0,0
