Datum,<15_m,<15_w,15-24_1_m,15-24_1_w,25-34_1_m,25-34_1_w,35-44_1_m,35-44_1_w,45-54_1_m,45-54_1_w,55-64_1_m,55-64_1_w,65-74_1_m,65-74_1_w,75-84_1_m,75-84_1_w,>84_1_m,>84_1_w,<24_2_m,<24_2_w,25-34_2_m,25-34_2_w,35-44_2_m,35-44_2_w,45-54_2_m,45-54_2_w,55-64_2_m,55-64_2_w,65-74_2_m,65-74_2_w,75-84_2_m,75-84_2_w,>84_2_m,>84_2_w,bp_1,bp_2,mo_1,mo_2,az_1,az_2,ja,unb_1,unb_2
2021-09-22T23:59:59+02:00,1738,1627,9761,9220,10778,10056,13248,13707,17339,17704,20561,20572,16336,17042,9058,11042,2844,5492,9049,8516,10243,9422,12756,13056,16757,17075,20053,20010,16002,16686,8861,10768,2783,5346,149119,142650,20066,19267,27822,27011,11117,8,6
2021-09-21T23:59:59+02:00,1707,1596,9707,9153,10746,10022,13222,13666,17312,17681,20547,20562,16323,17028,9053,11040,2842,5487,9015,8484,10228,9403,12736,13031,16733,17047,20043,20000,15992,16679,8856,10765,2783,5344,148704,142375,20064,19265,27821,27011,11104,8,6
2021-09-20T23:59:59+02:00,1675,1572,9654,9100,10697,9970,13187,13627,17292,17662,20523,20544,16312,17021,9044,11028,2841,5483,8980,8457,10209,9381,12709,13009,16712,17029,20026,19981,15984,16670,8849,10758,2781,5343,148303,142132,20062,19265,27821,27010,11045,8,6
2021-09-19T23:59:59+02:00,1674,1571,9648,9092,10691,9966,13179,13624,17284,17656,20516,20540,16310,17018,9043,11026,2838,5480,8973,8451,10206,9379,12705,13007,16709,17027,20023,19977,15984,16670,8849,10758,2781,5342,148249,142111,20059,19263,27821,27010,11026,8,6
2021-09-18T23:59:59+02:00,1674,1571,9648,9091,10689,9962,13176,13620,17282,17656,20515,20540,16310,17018,9043,11026,2838,5480,8971,8448,10204,9377,12704,13004,16706,17026,20022,19977,15984,16670,8849,10758,2781,5342,148243,142102,20059,19263,27821,27010,11015,8,6
2021-09-17T23:59:59+02:00,1668,1563,9631,9069,10675,9948,13160,13606,17271,17645,20511,20531,16308,17016,9042,11024,2837,5479,8964,8442,10198,9371,12695,12999,16702,17021,20019,19970,15984,16668,8848,10757,2781,5342,148131,142078,20057,19263,27821,27009,10974,8,6
2021-09-16T23:59:59+02:00,1664,1561,9614,9054,10660,9932,13149,13592,17259,17636,20499,20520,16307,17012,9039,11021,2837,5477,8958,8435,10190,9364,12686,12993,16694,17016,20009,19965,15984,16667,8848,10754,2781,5340,148026,142047,20055,19260,27820,27006,10931,8,6
2021-09-15T23:59:59+02:00,1651,1546,9586,9026,10636,9912,13119,13565,17240,17610,20482,20502,16301,17005,9030,11013,2837,5473,8910,8396,10160,9325,12653,12954,16671,16996,19980,19945,15977,16655,8843,10751,2781,5338,147855,141717,19988,19248,27820,27003,10870,8,6
2021-09-14T23:59:59+02:00,1640,1537,9553,8995,10619,9893,13102,13543,17217,17593,20468,20488,16285,16993,9021,11002,2833,5461,8876,8362,10144,9308,12645,12931,16655,16977,19964,19925,15973,16648,8841,10744,2780,5334,147660,141478,19914,19247,27820,27003,10848,8,6
2021-09-13T23:59:59+02:00,1607,1502,9511,8941,10592,9860,13081,13501,17197,17573,20446,20476,16279,16987,9018,10996,2831,5455,8841,8332,10128,9286,12625,12899,16641,16960,19948,19909,15967,16634,8835,10742,2780,5330,147440,141221,19768,19240,27820,27002,10825,7,6
2021-09-12T23:59:59+02:00,1606,1499,9500,8937,10580,9858,13075,13493,17193,17570,20443,20473,16278,16986,9016,10995,2831,5453,8815,8311,10109,9276,12609,12885,16631,16952,19940,19900,15964,16631,8834,10737,2780,5329,147401,141064,19767,19238,27820,27001,10798,7,6
2021-09-11T23:59:59+02:00,1606,1499,9498,8933,10576,9855,13072,13491,17192,17567,20440,20471,16278,16984,9015,10995,2831,5453,8806,8309,10107,9275,12604,12884,16630,16949,19938,19899,15964,16630,8833,10737,2780,5329,147390,141058,19766,19233,27820,27001,10780,7,6
2021-09-10T23:59:59+02:00,1605,1498,9494,8929,10567,9848,13060,13486,17187,17560,20438,20467,16277,16983,9015,10995,2831,5453,8802,8306,10101,9267,12594,12878,16624,16944,19935,19895,15964,16629,8833,10736,2780,5329,147361,141038,19765,19227,27820,27001,10747,7,6
2021-09-09T23:59:59+02:00,1602,1493,9478,8923,10556,9836,13049,13470,17172,17551,20423,20456,16274,16982,9013,10991,2830,5451,8792,8301,10094,9258,12589,12865,16607,16937,19923,19886,15962,16627,8831,10729,2779,5327,147284,140985,19763,19227,27820,27001,10682,7,6
2021-09-08T23:59:59+02:00,1564,1444,9433,8864,10524,9798,13021,13433,17141,17526,20404,20434,16258,16968,9009,10985,2830,5449,8768,8285,10074,9242,12570,12850,16594,16928,19909,19880,15955,16622,8830,10724,2779,5327,146870,140860,19762,19223,27820,27001,10632,7,6
2021-09-07T23:59:59+02:00,1546,1419,9412,8841,10505,9778,13013,13423,17132,17514,20398,20429,16254,16965,9008,10980,2829,5447,8759,8277,10064,9240,12562,12848,16590,16920,19905,19877,15955,16620,8830,10721,2779,5327,146696,140818,19761,19221,27820,26997,10615,7,6
2021-09-06T23:59:59+02:00,1533,1407,9389,8818,10484,9757,13004,13409,17121,17500,20389,20412,16252,16962,9007,10980,2828,5447,8753,8267,10054,9233,12556,12838,16584,16914,19900,19870,15953,16619,8826,10718,2779,5326,146524,140755,19760,19217,27818,26996,10596,7,6
2021-09-05T23:59:59+02:00,1529,1404,9381,8806,10475,9752,12999,13403,17118,17493,20383,20410,16249,16959,9007,10979,2828,5447,8746,8261,10047,9223,12551,12832,16578,16908,19892,19867,15951,16617,8826,10717,2779,5326,146472,140702,19759,19217,27818,26993,10572,7,6
2021-09-04T23:59:59+02:00,1528,1404,9380,8804,10474,9752,12998,13402,17118,17493,20381,20408,16249,16959,9007,10979,2828,5447,8746,8261,10046,9222,12550,12832,16577,16907,19891,19867,15951,16617,8826,10717,2779,5326,146466,140697,19756,19217,27818,26993,10570,7,6
2021-09-03T23:59:59+02:00,1518,1390,9359,8787,10461,9740,12994,13392,17103,17482,20369,20398,16245,16953,9006,10974,2828,5444,8730,8250,10034,9215,12543,12825,16561,16897,19888,19859,15947,16610,8825,10713,2779,5323,146366,140646,19753,19216,27818,26993,10505,7,6
2021-09-02T23:59:59+02:00,1507,1381,9306,8756,10402,9689,12923,13336,17054,17444,20311,20356,16213,16926,8996,10963,2827,5439,8685,8226,9975,9170,12475,12776,16517,16864,19828,19818,15915,16587,8818,10705,2779,5318,146247,140588,19751,19212,27817,26991,10013,7,6
2021-09-01T23:59:59+02:00,1503,1365,9288,8743,10384,9680,12910,13323,17044,17431,20302,20353,16209,16920,8989,10959,2827,5438,8666,8204,9960,9154,12464,12765,16506,16853,19812,19807,15911,16583,8815,10699,2779,5317,146139,140453,19740,19210,27817,26990,9971,7,6
2021-08-31T23:59:59+02:00,1486,1347,9273,8714,10373,9666,12900,13315,17039,17420,20295,20345,16204,16916,8987,10954,2827,5438,8649,8188,9954,9142,12449,12753,16495,16848,19809,19800,15907,16581,8814,10696,2779,5317,145981,140329,19739,19207,27817,26987,9961,7,6
2021-08-30T23:59:59+02:00,1465,1330,9252,8691,10359,9650,12888,13300,17026,17401,20283,20337,16200,16913,8985,10952,2827,5437,8619,8175,9940,9131,12437,12735,16482,16833,19800,19793,15901,16575,8812,10691,2777,5315,145814,140193,19739,19202,27814,26978,9927,7,6
2021-08-29T23:59:59+02:00,1464,1329,9249,8685,10353,9641,12885,13295,17017,17396,20279,20332,16197,16908,8985,10952,2827,5436,8616,8168,9931,9121,12432,12729,16474,16829,19796,19790,15898,16568,8811,10691,2777,5314,145795,140174,19739,19200,27814,26972,9880,7,6
2021-08-28T23:59:59+02:00,1463,1329,9246,8681,10353,9640,12884,13294,17017,17395,20279,20331,16197,16908,8985,10952,2827,5436,8612,8168,9929,9121,12431,12728,16474,16828,19796,19789,15898,16568,8811,10691,2777,5314,145787,140168,19739,19198,27814,26972,9875,7,6
2021-08-27T23:59:59+02:00,1453,1318,9234,8673,10348,9634,12881,13292,17014,17389,20274,20326,16196,16906,8984,10952,2827,5436,8604,8161,9926,9115,12423,12726,16471,16821,19795,19788,15896,16567,8810,10690,2777,5314,145712,140118,19739,19196,27814,26967,9870,7,6
2021-08-26T23:59:59+02:00,1450,1317,9226,8669,10343,9628,12872,13291,17011,17387,20272,20321,16193,16903,8981,10947,2826,5436,8594,8149,9920,9110,12415,12723,16466,16819,19793,19783,15893,16563,8807,10687,2776,5314,145690,140088,19737,19196,27814,26961,9830,7,6
2021-08-25T23:59:59+02:00,1437,1293,9124,8612,10261,9555,12784,13216,16893,17303,20179,20265,16147,16865,8966,10927,2821,5425,8509,8096,9842,9048,12325,12659,16363,16746,19707,19729,15849,16524,8793,10667,2771,5301,145448,139945,19736,19195,27814,26959,9073,7,6
2021-08-24T23:59:59+02:00,1418,1268,9092,8582,10247,9535,12756,13187,16863,17267,20165,20249,16132,16855,8961,10921,2821,5422,8485,8082,9825,9036,12309,12647,16351,16730,19699,19718,15843,16519,8793,10665,2771,5300,145161,139821,19734,19192,27814,26959,9030,7,6
2021-08-23T23:59:59+02:00,1400,1243,9053,8544,10233,9517,12725,13167,16844,17249,20152,20225,16121,16843,8950,10915,2820,5417,8461,8066,9800,9017,12294,12640,16338,16721,19689,19702,15836,16512,8789,10660,2770,5297,144906,139725,19734,19190,27814,26938,8962,7,6
2021-08-22T23:59:59+02:00,1400,1243,9043,8539,10226,9511,12724,13163,16841,17243,20149,20222,16118,16840,8946,10915,2820,5416,8445,8059,9793,9005,12290,12635,16335,16714,19687,19698,15833,16508,8785,10658,2770,5296,144893,139694,19734,19187,27814,26935,8916,7,6
2021-08-21T23:59:59+02:00,1400,1242,9038,8539,10225,9508,12721,13162,16840,17243,20148,20221,16118,16840,8946,10915,2820,5416,8322,7978,9689,8912,12202,12525,16246,16643,19632,19654,15813,16493,8782,10647,2769,5294,144887,139690,19731,18286,27814,26934,8908,7,6
2021-08-20T23:59:59+02:00,1399,1240,9030,8537,10218,9500,12714,13152,16837,17241,20141,20216,16115,16840,8946,10913,2819,5415,7962,7652,9537,8749,12057,12386,16124,16532,19524,19558,15774,16444,8770,10623,2767,5293,144853,137589,19731,18286,27814,26933,8873,7,6
2021-08-19T23:59:59+02:00,1394,1238,9019,8531,10211,9490,12705,13147,16832,17239,20136,20214,16114,16838,8946,10912,2819,5414,7702,7385,9406,8644,11915,12267,16032,16424,19428,19469,15732,16395,8760,10603,2766,5285,144811,135861,19728,18280,27813,26924,8845,7,6
2021-08-18T23:59:59+02:00,1369,1206,8973,8494,10184,9461,12678,13113,16802,17216,20109,20185,16101,16824,8939,10906,2815,5409,7688,7375,9394,8636,11901,12251,16017,16415,19420,19460,15726,16388,8756,10599,2763,5282,144504,135811,19715,18279,27810,26923,8753,7,6
2021-08-17T23:59:59+02:00,1344,1193,8936,8461,10169,9440,12665,13089,16787,17195,20087,20163,16093,16814,8936,10899,2813,5404,7673,7360,9377,8629,11892,12242,16010,16404,19409,19454,15721,16383,8755,10597,2762,5280,144264,135744,19712,18274,27809,26917,8701,7,6
2021-08-16T23:59:59+02:00,1321,1175,8899,8435,10149,9420,12641,13065,16777,17176,20067,20148,16088,16802,8932,10898,2813,5404,7666,7349,9361,8627,11882,12236,16008,16399,19400,19447,15718,16380,8755,10597,2762,5280,144028,135708,19710,18270,27809,26915,8661,7,6
2021-08-15T23:59:59+02:00,1303,1158,8878,8416,10137,9404,12625,13053,16764,17166,20053,20136,16082,16796,8932,10893,2813,5404,7654,7339,9346,8611,11869,12226,16001,16391,19394,19443,15711,16376,8754,10594,2762,5280,143878,135656,19709,18266,27807,26896,8617,7,6
2021-08-14T23:59:59+02:00,1302,1158,8878,8416,10136,9404,12624,13050,16764,17165,20052,20134,16082,16796,8932,10893,2813,5404,7337,7046,9201,8445,11694,12063,15883,16261,19300,19357,15685,16352,8745,10581,2762,5276,143871,133669,19709,18264,27807,26888,8614,7,6
2021-08-13T23:59:59+02:00,1297,1156,8865,8406,10125,9396,12612,13041,16749,17156,20044,20126,16078,16790,8930,10892,2812,5404,6950,6688,9028,8286,11487,11848,15665,16081,19160,19235,15651,16313,8734,10567,2760,5272,143841,131197,19709,18264,27807,26885,8520,7,6
2021-08-12T23:59:59+02:00,1297,1156,8864,8402,10118,9390,12608,13040,16743,17147,20040,20120,16077,16786,8928,10890,2812,5404,6944,6681,9015,8278,11476,11846,15654,16074,19156,19228,15649,16308,8732,10566,2760,5272,143824,131165,19708,18261,27807,26867,8481,7,6
2021-08-11T23:59:59+02:00,1294,1152,8861,8396,10108,9385,12600,13037,16738,17143,20035,20118,16075,16783,8927,10890,2812,5403,6938,6671,9000,8268,11465,11842,15648,16067,19148,19222,15645,16305,8731,10566,2760,5270,143780,131105,19705,18254,27807,26854,8463,7,6
2021-08-10T23:59:59+02:00,1293,1152,8857,8394,10103,9380,12598,13033,16737,17141,20034,20113,16073,16781,8927,10889,2812,5403,6893,6626,8969,8253,11446,11821,15623,16055,19141,19212,15643,16303,8731,10564,2760,5270,143753,130863,19705,18250,27807,26848,8453,7,6
2021-08-09T23:59:59+02:00,1293,1150,8850,8393,10098,9373,12597,13031,16730,17139,20028,20113,16071,16781,8926,10889,2812,5403,6874,6604,8948,8237,11434,11811,15607,16044,19135,19208,15640,16302,8729,10563,2760,5270,143727,130736,19705,18246,27805,26838,8438,7,6
2021-08-08T23:59:59+02:00,1293,1149,8847,8387,10096,9369,12588,13028,16725,17135,20026,20110,16069,16778,8925,10888,2811,5402,6871,6592,8931,8229,11418,11804,15600,16035,19133,19205,15637,16299,8728,10562,2759,5269,143716,130688,19704,18239,27805,26835,8399,7,6
2021-08-07T23:59:59+02:00,1293,1141,8838,8379,10085,9362,12586,13021,16718,17131,20020,20105,16065,16773,8923,10888,2810,5402,6218,6022,8659,8005,11148,11572,15401,15862,19049,19129,15617,16275,8721,10555,2756,5268,143668,127601,19703,18227,27805,26834,8362,7,6
2021-08-06T23:59:59+02:00,1287,1140,8828,8367,10070,9350,12566,13003,16700,17119,20003,20092,16058,16765,8923,10885,2810,5401,6204,6007,8643,7990,11124,11552,15379,15846,19032,19117,15610,16268,8721,10552,2756,5267,143630,127550,19701,18221,27805,26832,8229,7,6
2021-08-05T23:59:59+02:00,1284,1138,8821,8360,10061,9341,12551,12995,16694,17116,19996,20088,16057,16765,8923,10884,2810,5401,5919,5770,8294,7694,10762,11278,15058,15608,18783,18950,15590,16245,8711,10545,2755,5266,143581,127466,19697,15518,27801,26799,8204,7,6
2021-08-04T23:59:59+02:00,1283,1135,8815,8357,10056,9338,12544,12991,16689,17114,19994,20085,16056,16765,8922,10883,2810,5400,5905,5763,8266,7683,10743,11267,15042,15601,18778,18945,15587,16242,8710,10545,2754,5266,143550,127368,19696,15510,27800,26784,8189,7,6
2021-08-03T23:59:59+02:00,1276,1132,8811,8347,10051,9333,12539,12988,16684,17112,19989,20083,16054,16765,8921,10881,2810,5399,5793,5649,8173,7614,10626,11189,14993,15549,18749,18930,15583,16240,8709,10543,2752,5264,143505,126641,19694,15502,27800,26755,8174,7,6
2021-08-02T23:59:59+02:00,1270,1126,8797,8339,10043,9326,12534,12982,16679,17103,19982,20079,16052,16762,8919,10878,2809,5398,5622,5490,8041,7509,10502,11074,14922,15469,18717,18905,15575,16231,8702,10543,2751,5264,143424,125576,19688,15499,27799,26724,8165,7,6
2021-08-01T23:59:59+02:00,1268,1125,8790,8330,10036,9319,12528,12980,16674,17101,19977,20077,16051,16762,8918,10876,2809,5398,5560,5433,7990,7460,10440,11023,14887,15444,18704,18888,15573,16228,8700,10540,2751,5262,143378,125139,19685,15496,27798,26703,8156,7,6
2021-07-31T23:59:59+02:00,1268,1125,8789,8327,10036,9318,12526,12980,16673,17101,19976,20075,16051,16762,8918,10875,2809,5398,5535,5413,7974,7448,10424,11010,14874,15438,18701,18885,15572,16227,8700,10540,2751,5262,143375,125013,19684,15493,27798,26702,8148,7,6
2021-07-30T23:59:59+02:00,1137,1007,8558,8098,9943,9200,12444,12896,16594,17028,19917,20007,16019,16723,8912,10858,2808,5395,5244,5136,7836,7306,10236,10819,14737,15272,18634,18829,15547,16199,8684,10526,2747,5258,141920,123183,19682,15485,27798,26684,8142,7,6
2021-07-29T23:59:59+02:00,1130,999,8428,8009,9783,9103,12292,12793,16448,16933,19753,19897,15934,16655,8887,10839,2807,5388,4946,4903,7556,7113,9957,10616,14489,15096,18437,18711,15462,16125,8657,10505,2746,5248,141802,122074,19679,15443,27798,26658,6797,7,6
2021-07-28T23:59:59+02:00,1119,985,8397,7972,9769,9088,12271,12779,16431,16911,19733,19887,15927,16642,8880,10835,2807,5386,4525,4472,7237,6860,9640,10318,14254,14914,18380,18670,15447,16114,8651,10494,2746,5238,141560,119423,19677,15389,27796,26596,6784,7,6
2021-07-27T23:59:59+02:00,1109,977,8374,7957,9757,9081,12260,12770,16422,16906,19726,19874,15925,16636,8878,10832,2806,5384,4290,4224,7007,6661,9393,10039,14093,14754,18329,18605,15398,16068,8634,10478,2743,5231,141423,117401,19674,15388,27796,26573,6779,7,6
2021-07-26T23:59:59+02:00,1105,974,8360,7945,9751,9076,12254,12764,16415,16898,19719,19873,15922,16631,8876,10828,2805,5379,4182,4113,6905,6551,9268,9914,14011,14673,18284,18572,15387,16057,8624,10470,2740,5229,141345,116498,19670,15379,27785,26515,6773,7,6
2021-07-25T23:59:59+02:00,1104,973,8353,7941,9738,9072,12244,12761,16410,16893,19716,19872,15920,16631,8875,10828,2805,5379,4133,4060,6829,6500,9197,9860,13974,14640,18260,18558,15369,16044,8617,10464,2740,5227,141320,116054,19667,15363,27784,26494,6742,7,6
2021-07-24T23:59:59+02:00,1102,969,8264,7879,9664,8993,12177,12684,16343,16839,19676,19833,15899,16617,8872,10818,2805,5378,4090,4020,6771,6450,9119,9806,13910,14574,18228,18532,15356,16034,8609,10460,2740,5227,141301,115804,19005,15082,27784,26492,6720,7,6
2021-07-23T23:59:59+02:00,1075,944,8152,7790,9626,8958,12143,12655,16298,16804,19646,19814,15893,16611,8868,10814,2805,5378,3796,3732,6509,6239,8838,9520,13674,14398,18148,18475,15314,15990,8591,10441,2738,5221,140805,113546,19005,15058,27784,26486,6678,7,6
2021-07-22T23:59:59+02:00,984,858,7936,7561,9521,8868,12025,12559,16207,16717,19573,19728,15847,16571,8860,10799,2804,5372,3669,3605,6353,6147,8686,9390,13512,14256,18075,18408,15292,15965,8583,10432,2738,5220,139342,112396,19004,14986,27777,26393,6665,7,6
2021-07-21T23:59:59+02:00,964,844,7905,7521,9505,8857,12002,12536,16183,16701,19549,19707,15836,16564,8860,10794,2804,5372,3361,3335,6008,5890,8291,9006,13245,14020,17933,18282,15200,15884,8551,10402,2735,5208,139086,109584,19002,14914,27772,26294,6642,7,6
2021-07-20T23:59:59+02:00,963,843,7897,7516,9496,8854,11997,12534,16175,16700,19544,19702,15835,16563,8860,10793,2804,5372,3288,3282,5949,5836,8232,8945,13160,13976,17901,18268,15200,15884,8551,10400,2735,5208,139046,109196,19001,14899,27769,26162,6630,7,6
2021-07-19T23:59:59+02:00,962,843,7891,7516,9492,8847,11992,12532,16170,16694,19542,19702,15834,16560,8860,10791,2804,5371,3238,3247,5902,5797,8174,8901,13103,13949,17855,18257,15200,15882,8551,10398,2735,5207,139015,108928,19000,14883,27769,26037,6617,7,6
2021-07-18T23:59:59+02:00,961,842,7881,7507,9485,8841,11984,12528,16164,16689,19540,19701,15833,16558,8860,10791,2804,5371,3219,3230,5862,5766,8140,8873,13064,13933,17842,18254,15200,15881,8551,10398,2735,5206,138970,108741,18998,14850,27767,26028,6603,7,6
2021-07-17T23:59:59+02:00,845,723,7557,7216,9333,8672,11807,12367,16035,16550,19444,19606,15812,16537,8852,10778,2804,5368,3119,3122,5750,5673,8007,8718,12923,13807,17747,18177,15190,15863,8548,10391,2735,5206,136957,107565,18996,14846,27767,26024,6587,4,6
2021-07-16T23:59:59+02:00,688,571,7161,6891,9144,8515,11615,12157,15831,16374,19302,19478,15783,16500,8843,10764,2803,5366,3057,3061,5674,5609,7894,8614,12805,13673,17668,18103,15168,15847,8544,10389,2734,5206,134474,106672,18996,14841,27766,26018,6551,4,6
2021-07-15T23:59:59+02:00,686,571,7148,6883,9140,8514,11604,12153,15821,16367,19298,19472,15781,16498,8839,10762,2802,5357,3019,3026,5607,5568,7804,8562,12730,13633,17638,18081,15145,15832,8536,10382,2733,5197,134436,106441,18994,14686,27761,25896,6505,4,6
2021-07-14T23:59:59+02:00,684,570,7139,6875,9136,8512,11599,12149,15815,16364,19293,19467,15779,16495,8836,10759,2801,5353,2996,3014,5566,5537,7769,8540,12697,13617,17621,18070,15138,15829,8533,10378,2733,5193,134404,106289,18993,14653,27761,25856,6468,4,6
2021-07-13T23:59:59+02:00,679,567,7115,6858,9124,8496,11590,12135,15804,16343,19284,19460,15770,16491,8832,10749,2796,5345,2938,2963,5502,5469,7608,8406,12443,13400,17464,17941,15119,15818,8521,10365,2728,5182,134277,105068,18993,14600,27758,25821,6410,4,6
2021-07-12T23:59:59+02:00,673,559,7101,6842,9114,8485,11579,12126,15799,16330,19272,19456,15768,16487,8830,10749,2796,5342,2880,2909,5420,5394,7461,8290,12195,13187,17285,17796,15109,15813,8517,10358,2727,5182,134161,103830,18991,14549,27754,25771,6402,4,6
2021-07-11T23:59:59+02:00,672,558,7093,6839,9105,8476,11573,12118,15789,16327,19267,19451,15768,16484,8829,10747,2796,5342,2849,2874,5344,5318,7364,8202,12030,13031,17158,17664,15102,15802,8516,10355,2727,5182,134119,102943,18987,14499,27754,25730,6374,4,6
2021-07-10T23:59:59+02:00,499,401,6525,6290,8878,8292,11332,11924,15632,16195,19212,19402,15760,16474,8825,10742,2795,5341,2818,2840,5293,5275,7283,8121,11928,12931,17080,17597,15087,15786,8513,10344,2724,5180,131421,102246,18987,14497,27754,25722,6357,4,6
2021-07-09T23:59:59+02:00,488,394,6466,6262,8852,8255,11292,11895,15606,16182,19199,19386,15759,16471,8825,10739,2795,5341,2761,2773,5210,5207,7105,7945,11518,12632,16783,17391,15067,15759,8506,10339,2723,5177,131330,101223,18776,13637,27753,25708,6348,4,6
2021-07-08T23:59:59+02:00,483,392,6147,5999,8478,7964,10911,11585,15269,15936,18940,19213,15736,16447,8816,10732,2792,5340,2699,2723,5129,5132,6966,7854,11318,12490,16633,17268,15060,15751,8506,10337,2723,5176,131243,100362,15870,13470,27749,25634,6318,4,6
2021-07-07T23:59:59+02:00,481,388,6132,5986,8455,7948,10897,11568,15258,15926,18939,19208,15734,16443,8815,10730,2792,5338,2651,2668,5040,5074,6830,7761,11084,12310,16469,17135,15052,15744,8501,10332,2723,5176,131132,99341,15861,13348,27747,25586,6294,4,6
2021-07-06T23:59:59+02:00,454,367,6030,5893,8374,7882,10821,11499,15224,15886,18916,19191,15727,16433,8812,10728,2789,5336,2582,2598,4902,4960,6643,7628,10694,11898,16099,16760,15027,15711,8493,10325,2722,5172,130511,97188,15853,13265,27743,25526,6251,4,6
2021-07-05T23:59:59+02:00,413,333,5852,5721,8257,7786,10708,11384,15165,15819,18884,19160,15721,16425,8808,10723,2786,5335,2528,2523,4804,4863,6512,7492,10344,11581,15824,16455,14996,15681,8485,10310,2722,5167,129462,95398,15849,13201,27740,25473,6225,4,6
2021-07-04T23:59:59+02:00,393,303,5777,5642,8200,7731,10641,11328,15134,15788,18870,19141,15715,16422,8807,10721,2786,5333,2509,2493,4743,4817,6453,7441,10207,11472,15723,16383,14991,15674,8483,10309,2721,5167,128957,94834,15843,13132,27735,25436,6193,4,6
2021-07-03T23:59:59+02:00,388,301,5759,5634,8191,7722,10630,11325,15127,15782,18867,19139,15714,16422,8807,10721,2786,5333,2474,2462,4648,4788,6345,7416,10149,11427,15620,16297,14314,14966,8464,10284,2721,5167,128891,94720,15841,13130,27734,23522,6178,4,6
2021-07-02T23:59:59+02:00,344,262,5571,5483,8117,7647,10531,11228,15062,15726,18848,19133,15710,16418,8802,10719,2784,5330,2426,2414,4493,4709,6162,7342,9995,11271,15430,16094,13521,14049,8456,10269,2721,5166,127972,94157,15839,13086,27733,21116,6167,4,6
2021-07-01T23:59:59+02:00,283,208,5353,5302,7988,7536,10394,11103,14933,15631,18803,19108,15702,16411,8797,10713,2784,5329,2308,2293,4317,4536,5926,7092,9215,10587,14801,15624,13496,14020,8451,10264,2717,5164,126683,90664,15829,12991,27732,21032,6130,4,6
2021-06-30T23:59:59+02:00,153,119,4871,4826,7646,7261,10044,10765,14705,15454,18745,19064,15691,16400,8793,10705,2784,5326,2271,2247,4232,4467,5815,6996,9044,10465,14713,15547,13482,14012,8448,10261,2717,5162,123695,90069,15823,12818,27732,20900,6098,4,6
2021-06-29T23:59:59+02:00,117,98,4587,4544,7396,7043,9754,10466,14506,15264,18681,19004,15639,16350,8774,10690,2783,5321,2204,2165,4089,4330,5609,6817,8819,10238,14418,15325,13434,13963,8436,10237,2715,5149,121629,88625,15819,12665,27730,20827,5835,4,6
2021-06-28T23:59:59+02:00,101,77,4450,4399,7291,6932,9632,10337,14415,15157,18636,18962,15623,16334,8760,10679,2780,5319,2119,2038,3906,4124,5328,6476,8434,9727,13886,14789,13316,13873,8418,10213,2712,5137,120608,85419,15810,12583,27727,20762,5735,4,4
2021-06-27T23:59:59+02:00,96,75,4398,4350,7232,6876,9570,10283,14382,15124,18616,18945,15606,16322,8753,10672,2779,5314,2065,2003,3842,4078,5216,6363,8266,9599,13711,14677,13290,13853,8409,10204,2709,5135,120241,84629,15807,12548,27725,20629,5616,4,4
2021-06-26T23:59:59+02:00,83,73,4355,4322,7201,6849,9552,10262,14363,15109,18604,18932,15602,16316,8753,10672,2779,5314,1988,1911,3653,3918,5001,6106,7900,9144,13361,14380,13210,13795,8389,10176,2704,5126,120003,81987,15803,12548,27725,20623,5606,4,4
2021-06-25T23:59:59+02:00,70,60,4042,3995,6933,6610,9261,9969,14140,14921,18520,18876,15557,16270,8734,10653,2777,5307,1923,1827,3490,3799,4809,5875,7575,8730,13052,14045,13160,13739,8376,10151,2698,5120,117596,79641,15775,12517,27725,20618,5595,4,4
2021-06-24T23:59:59+02:00,63,53,3948,3903,6834,6524,9162,9877,14041,14836,18492,18843,15542,16254,8728,10646,2777,5306,1854,1751,3377,3703,4611,5733,7355,8534,12801,13845,12327,12810,8196,9888,2698,5119,116864,78427,15765,12412,27722,18291,5474,4,4
2021-06-23T23:59:59+02:00,49,48,3541,3526,6381,6175,8631,9367,13704,14533,18356,18708,15438,16162,8685,10609,2774,5292,1716,1576,3123,3500,4197,5405,6412,7824,12063,13144,12304,12798,8186,9881,2698,5115,113922,77799,15517,9087,27721,18243,4815,4,4
2021-06-22T23:59:59+02:00,40,40,3469,3454,6305,6116,8528,9290,13652,14486,18323,18691,15427,16155,8684,10604,2774,5289,1676,1522,3020,3398,4055,5255,6160,7641,11454,12437,12214,12706,8169,9848,2694,5107,113296,75472,15513,9006,27719,18085,4795,4,4
2021-06-21T23:59:59+02:00,34,37,3398,3393,6211,6062,8469,9218,13592,14442,18290,18671,15425,16153,8678,10600,2774,5288,1639,1471,2929,3301,3931,5105,5964,7415,10699,11514,11828,12251,7098,8623,2688,5100,112780,72816,15506,8905,27708,15099,4737,4,4
2021-06-20T23:59:59+02:00,34,36,3372,3371,6164,6030,8424,9188,13564,14427,18279,18667,15424,16153,8678,10600,2774,5288,1620,1454,2893,3275,3880,5068,5911,7392,10612,11440,11808,12232,7096,8616,2687,5100,112605,72503,15490,8829,27708,15086,4666,4,4
2021-06-19T23:59:59+02:00,32,34,3345,3347,6135,6009,8395,9169,13540,14421,18273,18662,15424,16152,8678,10600,2774,5288,1616,1442,2888,3266,3872,5063,5897,7387,10601,11433,11808,12232,7096,8615,2687,5100,112416,72424,15484,8829,27708,15084,4666,4,4
2021-06-18T23:59:59+02:00,28,29,3304,3305,6059,5970,8327,9115,13495,14390,18250,18651,15423,16150,8677,10599,2774,5288,1541,1347,2752,3091,3689,4787,5500,7013,9110,9863,11641,12063,7055,8565,2675,5082,112035,67243,15457,8828,27708,15073,4630,4,4
2021-06-17T23:59:59+02:00,26,26,3240,3253,5993,5932,8254,9062,13423,14345,18227,18640,15421,16145,8675,10596,2774,5285,1409,1252,2563,2876,3427,4498,5139,6618,8438,9131,11358,11821,7014,8508,2671,5079,111665,63529,15428,8712,27705,15046,4515,4,4
2021-06-16T23:59:59+02:00,26,23,3187,3192,5881,5866,8136,8968,13296,14259,18161,18605,15415,16136,8675,10593,2774,5285,1312,1196,2422,2768,3244,4341,4855,6347,7360,7841,11267,11714,6983,8471,2658,5061,111028,59769,15354,8666,27702,15015,4390,4,4
2021-06-15T23:59:59+02:00,21,22,3090,3107,5764,5777,7947,8792,13035,14040,18010,18478,15400,16124,8667,10587,2774,5283,1274,1163,2350,2712,3137,4267,4653,6223,7048,7591,10772,11155,6950,8436,2650,5048,109608,57527,15326,8634,27693,14982,4287,4,3
2021-06-14T23:59:59+02:00,20,20,3017,3036,5686,5720,7806,8673,12746,13804,17825,18304,15384,16110,8660,10582,2773,5282,1247,1135,2284,2656,3012,4171,4455,6083,6709,7289,10244,10544,6919,8399,2646,5039,108228,55161,15318,8529,27689,14935,4209,4,2
2021-06-13T23:59:59+02:00,20,20,2999,3005,5620,5682,7743,8607,12606,13668,17720,18182,15378,16101,8659,10579,2772,5282,1237,1122,2253,2642,2975,4160,4411,6063,6677,7273,10240,10537,6919,8398,2646,5039,107491,55020,15307,8523,27685,14895,4156,4,2
2021-06-12T23:59:59+02:00,18,20,2970,2987,5592,5657,7712,8589,12586,13650,17711,18179,15377,16100,8659,10579,2772,5282,1180,1060,2163,2567,2879,4025,4269,5932,6567,7188,10158,10459,6322,7674,2646,5039,107292,54905,15305,8523,27685,12548,4154,4,2
2021-06-11T23:59:59+02:00,18,17,2893,2911,5523,5592,7529,8404,12176,13342,17429,17975,15361,16075,8653,10571,2770,5280,1157,1043,2108,2527,2814,3977,4184,5870,6457,7098,10056,10346,6308,7668,2644,5033,106274,54382,14414,8255,27684,12512,4143,4,2
2021-06-10T23:59:59+02:00,14,15,2837,2870,5424,5541,7396,8321,11989,13204,17293,17858,15356,16071,8653,10570,2769,5279,1118,1018,2033,2461,2713,3900,4014,5740,6215,6886,9805,10078,6288,7640,2638,5027,105356,52822,14340,8251,27679,12422,4081,4,2
2021-06-09T23:59:59+02:00,13,14,2761,2801,5300,5447,7173,8149,11712,12962,17106,17710,15345,16057,8649,10561,2769,5276,1061,956,1901,2343,2509,3719,3686,5455,5594,6379,8984,9177,6231,7564,2624,4992,104153,48825,14188,8233,27670,12329,3790,4,2
2021-06-08T23:59:59+02:00,10,10,2663,2697,5167,5320,6977,7966,11280,12535,16729,17322,15326,16030,8638,10555,2768,5271,1024,927,1834,2279,2403,3646,3544,5389,5445,6250,8951,9158,6229,7554,2622,4988,101950,48318,14161,8184,27668,12262,3481,4,2
2021-06-07T23:59:59+02:00,8,9,2535,2599,4976,5191,6769,7803,10803,12175,16386,17025,15300,16002,8632,10538,2767,5267,953,890,1707,2225,2264,3564,3291,5300,5091,5966,8402,8534,6176,7495,2618,4979,100015,46108,14118,8170,27659,12190,2989,4,2
2021-06-06T23:59:59+02:00,8,7,2499,2575,4915,5132,6682,7747,10666,12065,16294,16961,15297,15998,8632,10538,2765,5266,937,880,1678,2206,2222,3537,3225,5276,5043,5942,8397,8533,6171,7488,2618,4978,99428,45954,14066,8161,27653,12122,2896,4,2
2021-06-05T23:59:59+02:00,7,6,2486,2553,4886,5105,6644,7720,10635,12038,16285,16955,15297,15998,8632,10538,2765,5266,921,865,1646,2179,2183,3485,3123,5194,4688,5614,7799,7830,6143,7435,2617,4976,99203,43572,14066,8156,27651,12080,2892,4,2
2021-06-04T23:59:59+02:00,6,5,2456,2525,4841,5060,6596,7669,10546,11935,16233,16891,15293,15991,8632,10537,2764,5265,909,847,1623,2160,2141,3448,3071,5136,4525,5426,7497,7462,6107,7393,2615,4970,98674,42288,14061,8154,27651,12035,2855,4,2
2021-06-03T23:59:59+02:00,6,5,2352,2394,4688,4889,6389,7420,9844,11300,15644,16442,15282,15981,8629,10531,2763,5264,892,816,1582,2100,2092,3368,2981,5027,4380,5260,7338,7273,6095,7366,2615,4966,95332,41238,14022,8144,27646,11952,2819,4,2
2021-06-02T23:59:59+02:00,6,5,2335,2369,4644,4856,6334,7381,9744,11211,15586,16389,15274,15977,8628,10527,2763,5263,879,803,1564,2077,2040,3331,2896,4942,4018,4871,6781,6635,6051,7310,2611,4955,94807,38901,14020,8140,27646,11909,2815,4,2
2021-06-01T23:59:59+02:00,6,4,2273,2328,4525,4766,6170,7269,9556,11064,15479,16313,15271,15973,8624,10523,2762,5258,847,777,1499,2027,1927,3269,2740,4851,3815,4744,6570,6404,6029,7292,2605,4948,93943,37818,13971,8118,27635,11797,2611,4,2
2021-05-31T23:59:59+02:00,2,4,2223,2269,4425,4673,6028,7143,9371,10918,15393,16259,15263,15966,8621,10523,2762,5258,824,741,1441,1968,1858,3222,2565,4798,3685,4690,6212,5989,6006,7271,2602,4940,93223,36639,13885,8112,27624,11696,2365,4,2
2021-05-30T23:59:59+02:00,2,4,2198,2248,4368,4612,5939,7083,9296,10856,15356,16240,15262,15964,8621,10523,2762,5258,812,730,1419,1947,1808,3198,2432,4763,3581,4672,6210,5987,6006,7271,2602,4940,92779,36324,13845,8090,27614,11614,2350,4,2
2021-05-29T23:59:59+02:00,2,4,2181,2233,4350,4601,5922,7067,9283,10843,15351,16237,15261,15964,8621,10523,2762,5258,793,677,1325,1688,1675,2837,2231,4217,3303,4244,6120,5893,5894,7139,2601,4940,92653,36273,13842,8085,27614,8869,2350,4,2
2021-05-28T23:59:59+02:00,2,4,2160,2210,4312,4556,5878,7022,9207,10773,15284,16185,15257,15962,8621,10523,2762,5257,774,587,1247,1438,1576,2435,2052,3530,3039,3648,5481,5152,5812,7048,2597,4927,92181,34973,13829,8085,27612,5936,2349,4,2
2021-05-27T23:59:59+02:00,2,4,2117,2172,4227,4489,5754,6948,9052,10673,15187,16101,15256,15961,8621,10523,2762,5257,745,552,1214,1356,1534,2298,1984,3389,2926,3528,5044,4669,5779,7009,2586,4898,91500,33848,13680,8076,27589,5254,2333,4,2
2021-05-26T23:59:59+02:00,2,4,2048,2054,4030,4344,5413,6685,8084,9931,14429,15396,15244,15955,8617,10517,2760,5255,734,536,1188,1297,1489,2243,1926,3276,2775,3384,3739,3289,5720,6936,2563,4841,90727,30578,10156,8061,27574,4990,2307,4,2
2021-05-25T23:59:59+02:00,2,4,2007,2015,3947,4277,5317,6619,7950,9824,14054,14962,15196,15918,8610,10502,2758,5251,725,526,1158,1262,1467,2220,1907,3249,2750,3358,3733,3279,5713,6933,2561,4840,89386,30491,10008,8052,27557,4880,2258,4,2
2021-05-24T23:59:59+02:00,2,4,1981,1969,3858,4203,5212,6537,7825,9700,13543,14348,15145,15850,8603,10488,2757,5246,719,518,1138,1250,1437,2206,1886,3231,2725,3336,3717,3261,5691,6909,2554,4824,87595,30364,9929,8001,27545,4840,2198,4,1
2021-05-23T23:59:59+02:00,2,4,1972,1956,3839,4180,5194,6524,7773,9669,13468,14285,15134,15846,8601,10487,2756,5246,712,507,1128,1237,1412,2182,1828,3196,2617,3238,3306,2828,5049,6098,2540,4779,87360,30192,9829,5449,27545,4819,2198,4,1
2021-05-22T23:59:59+02:00,2,4,1806,1914,3537,4130,4792,6480,7518,9613,13343,14206,15128,15845,8601,10486,2756,5246,551,476,835,1195,1035,2146,1590,3143,2503,3163,3303,2826,5049,6097,2540,4779,87210,30180,9829,5448,27543,4783,821,4,1
2021-05-21T23:59:59+02:00,2,3,1720,1805,3383,3938,4603,6185,7121,9247,12052,12869,14977,15696,8564,10439,2747,5235,547,464,825,1193,1033,2139,1555,3113,2426,3087,3130,2690,5023,6054,2537,4764,82437,29548,9789,5448,27537,4765,819,4,1
2021-05-20T23:59:59+02:00,2,3,1682,1770,3291,3887,4496,6104,6944,9167,11841,12641,14956,15678,8561,10432,2746,5234,527,451,784,1147,977,2075,1436,3042,2300,2991,2942,2521,4982,5978,2529,4749,81604,28806,9686,5433,27480,4530,662,3,1
2021-05-19T23:59:59+02:00,2,3,1660,1744,3234,3831,4403,6038,6829,9104,11608,12381,14945,15668,8559,10431,2746,5233,518,439,768,1110,959,2006,1325,2894,1974,2699,2380,2027,4877,5861,2508,4702,80791,26743,9546,5417,27455,4263,624,3,1
2021-05-18T23:59:59+02:00,2,3,1598,1710,3145,3741,4291,5935,6670,8945,11319,12127,14900,15620,8547,10408,2744,5223,515,427,753,1095,941,1989,1242,2828,1696,2477,1940,1683,4805,5778,2487,4659,79695,25208,9344,5407,27386,4200,500,3,1
2021-05-17T23:59:59+02:00,2,3,1549,1629,3015,3583,4086,5656,6322,8487,10771,11577,14792,15529,8528,10383,2739,5213,513,419,747,1088,923,1984,1218,2804,1668,2439,1923,1664,4798,5771,2484,4656,76803,25143,9309,5393,27361,4175,388,3,1
2021-05-16T23:59:59+02:00,2,3,1530,1607,2962,3543,3991,5569,6173,8351,10595,11444,14766,15507,8521,10375,2738,5211,506,413,724,1073,893,1968,1190,2776,1635,2415,1916,1655,4795,5767,2481,4654,76059,25113,9252,5375,27331,4130,243,3,1
2021-05-15T23:59:59+02:00,2,3,1443,1510,2751,3376,3762,5291,5812,7879,10243,11147,14681,15445,8502,10346,2732,5202,506,411,720,1071,893,1964,1185,2775,1629,2411,1904,1643,4789,5761,2481,4652,73306,25053,9252,5375,27324,4125,242,3,1
2021-05-14T23:59:59+02:00,2,3,1409,1447,2639,3280,3610,5134,5615,7590,10024,10895,14646,15407,8489,10323,2729,5198,457,370,648,905,821,1678,1055,2365,1448,2085,1870,1603,4786,5753,2480,4647,71667,24989,9232,5373,27300,2371,238,3,1
2021-05-13T23:59:59+02:00,2,3,1352,1380,2537,3196,3442,4998,5396,7384,9796,10716,14620,15378,8480,10320,2727,5195,450,357,621,877,720,1570,956,2280,1183,1873,1155,1023,4566,5519,2472,4615,70507,24869,8920,2838,27269,2307,223,3,1
2021-05-12T23:59:59+02:00,2,3,1345,1371,2521,3191,3424,4985,5375,7371,9782,10704,14618,15374,8478,10318,2726,5195,450,356,620,876,716,1567,951,2280,1179,1867,1136,1014,4553,5483,2440,4546,70395,24670,8896,2838,27267,2304,222,3,1
2021-05-11T23:59:59+02:00,2,2,1303,1329,2448,3108,3311,4858,5181,7226,9495,10396,14571,15317,8466,10298,2722,5186,444,343,602,862,695,1550,923,2256,1153,1840,1081,978,4490,5386,2398,4422,69059,24180,8774,2820,27183,2223,200,3,1
2021-05-10T23:59:59+02:00,2,2,1279,1302,2385,3031,3185,4733,5051,7070,9171,10015,14525,15278,8457,10279,2717,5184,443,341,589,852,681,1535,911,2241,1135,1826,1046,944,4429,5310,2359,4307,67706,23771,8654,2817,27113,2171,190,3,1
2021-05-09T23:59:59+02:00,2,2,1264,1285,2342,3018,3107,4697,4989,7036,9106,9971,14512,15263,8455,10274,2717,5182,435,339,575,847,658,1515,889,2220,1123,1812,1027,928,4417,5272,2344,4265,67469,23611,8580,2815,27067,2137,103,3,1
2021-05-08T23:59:59+02:00,1,2,1262,1281,2327,3006,3090,4686,4949,7022,9082,9963,14511,15263,8455,10273,2717,5182,435,339,575,847,657,1515,889,2219,1122,1811,1027,928,4416,5272,2344,4265,67327,23610,8574,2812,27065,2136,103,3,1
2021-05-07T23:59:59+02:00,1,2,1243,1260,2288,2965,3038,4637,4850,6930,8858,9716,14496,15241,8449,10267,2714,5178,386,312,543,779,620,1354,819,2012,1034,1623,997,899,4396,5249,2342,4260,66420,23506,8568,2809,27039,1207,103,3,1
2021-05-06T23:59:59+02:00,1,2,1094,1167,2060,2722,2740,4328,4480,6530,8271,9111,14218,15002,8409,10210,2711,5177,385,308,531,760,603,1323,800,1977,1001,1595,970,868,4386,5235,2340,4256,62790,23377,8440,2759,26904,1106,96,3,1
2021-05-05T23:59:59+02:00,1,1,1029,1116,1951,2609,2581,4157,4185,6251,7255,7928,14133,14904,8374,10169,2698,5157,382,305,524,750,588,1314,766,1963,978,1575,895,805,4345,5163,2332,4240,59270,23054,8395,2740,26781,1081,50,3,1
2021-05-04T23:59:59+02:00,1,1,1007,1096,1900,2570,2479,4090,3964,6138,6974,7713,13626,14336,8344,10135,2693,5148,379,304,519,746,577,1309,749,1944,962,1568,877,781,4325,5147,2329,4231,57212,22921,8337,2725,26621,1059,42,3,1
2021-05-03T23:59:59+02:00,1,1,975,1059,1839,2517,2376,3981,3765,6021,6617,7413,13089,13711,8307,10097,2686,5133,373,303,517,742,567,1303,740,1933,948,1555,852,757,4308,5129,2323,4218,54791,22811,8311,2716,26482,1040,1,3,1
2021-05-02T23:59:59+02:00,1,1,970,1058,1820,2511,2351,3974,3723,6011,6583,7405,13088,13711,8307,10096,2686,5133,373,303,514,742,566,1301,735,1933,947,1551,850,753,4307,5125,2323,4218,54659,22793,8307,2714,26459,1033,1,3,1
2021-05-01T23:59:59+02:00,1,1,970,1056,1812,2509,2340,3969,3711,6003,6570,7396,13087,13709,8307,10096,2686,5133,373,303,514,742,566,1301,734,1932,945,1551,850,753,4307,5125,2323,4218,54590,22793,8305,2710,26457,1033,1,3,1
2021-04-30T23:59:59+02:00,0,1,954,1051,1791,2495,2319,3934,3674,5970,6492,7342,12991,13605,8306,10092,2683,5121,321,248,472,667,537,1123,705,1709,911,1347,839,735,4303,5123,2323,4218,54095,22779,8304,2706,26418,95,1,3,1
2021-04-29T23:59:59+02:00,0,1,899,1026,1734,2444,2256,3875,3527,5847,6255,7120,12732,13332,8284,10063,2679,5114,314,246,462,660,534,1116,698,1699,901,1337,831,720,4294,5115,2323,4216,52502,22692,8289,2700,26393,73,1,3,1
2021-04-28T23:59:59+02:00,0,1,838,992,1655,2382,2112,3765,3242,5594,5652,6616,11895,12415,8226,9974,2656,5077,313,243,460,653,526,1102,687,1679,890,1330,818,704,4275,5088,2321,4216,48453,22571,8282,2681,26353,52,1,3,1
2021-04-27T23:59:59+02:00,0,1,828,987,1637,2362,2067,3747,3171,5569,5526,6494,11866,12398,8224,9972,2656,5075,312,241,454,651,518,1096,678,1667,881,1324,806,693,4271,5082,2320,4210,47974,22493,8279,2666,26323,44,1,3,1
2021-04-26T23:59:59+02:00,0,1,818,974,1611,2344,2007,3706,2994,5491,5195,6209,11301,11753,8169,9907,2652,5066,310,240,453,650,512,1090,668,1661,872,1314,797,684,4266,5077,2320,4206,45646,22442,8270,2638,26279,39,1,2,1
2021-04-25T23:59:59+02:00,0,1,808,972,1597,2338,1969,3689,2868,5468,5102,6204,11297,11749,8166,9901,2651,5065,309,240,453,650,512,1083,668,1659,869,1312,797,683,4266,5077,2320,4206,45320,22437,8264,2634,26258,32,1,2,1
2021-04-24T23:59:59+02:00,0,1,794,962,1575,2318,1929,3644,2771,5400,4757,5884,10680,11024,8136,9843,2650,5063,309,240,453,650,512,1082,667,1658,868,1312,792,679,4256,5061,2318,4205,42913,22400,8263,2630,26252,31,1,2,1
2021-04-23T23:59:59+02:00,0,1,789,954,1562,2308,1900,3618,2730,5349,4596,5698,10371,10643,8096,9801,2647,5054,309,239,453,650,512,1081,666,1658,866,1312,792,678,4253,5058,2318,4205,41613,22389,8263,2629,26238,31,1,2,1
2021-04-22T23:59:59+02:00,0,1,773,939,1534,2265,1850,3550,2645,5259,4443,5544,10227,10449,8082,9770,2645,5046,309,238,451,639,510,1075,660,1650,860,1303,786,673,4250,5056,2318,4203,40613,22353,8237,2604,26169,23,1,2,1
2021-04-21T23:59:59+02:00,0,1,762,926,1510,2253,1797,3505,2541,5172,4058,5124,9630,9766,8033,9708,2641,5035,307,238,449,637,510,1074,656,1647,855,1298,774,661,4240,5042,2318,4199,38097,22303,8220,2580,26142,21,1,2,1
2021-04-20T23:59:59+02:00,0,1,755,915,1488,2226,1766,3476,2489,5115,3921,5028,9434,9547,8016,9698,2637,5032,307,236,449,636,509,1072,655,1642,852,1293,768,657,4236,5038,2318,4199,37263,22272,8209,2574,26069,21,1,2,0
2021-04-19T23:59:59+02:00,0,1,748,905,1479,2219,1749,3459,2457,5089,3857,4969,9063,9129,7991,9673,2634,5026,307,234,448,633,507,1069,651,1640,848,1289,763,651,4227,5036,2318,4197,36235,22234,8197,2563,26013,21,1,2,0
2021-04-18T23:59:59+02:00,0,1,744,903,1474,2213,1731,3452,2438,5077,3849,4967,9054,9118,7991,9672,2634,5026,306,234,448,629,506,1066,649,1637,845,1289,762,649,4227,5034,2318,4197,36175,22226,8177,2549,25989,21,1,2,0
2021-04-17T23:59:59+02:00,0,1,728,897,1386,2203,1631,3440,2401,5047,3769,4889,8342,8394,7975,9659,2634,5026,306,234,446,627,505,1066,648,1637,844,1286,762,649,4226,5034,2318,4197,36167,22215,8177,2549,24075,21,1,2,0
2021-04-16T23:59:59+02:00,0,1,712,879,1257,2180,1479,3418,2315,4982,3608,4724,7005,6843,7940,9610,2623,4995,306,233,441,621,501,1062,638,1635,840,1277,752,643,4219,5020,2315,4195,34794,22141,8167,2545,21607,12,1,2,0
2021-04-15T23:59:59+02:00,0,1,691,868,1247,2167,1458,3400,2257,4944,3537,4671,6568,6343,7900,9549,2601,4924,299,227,427,610,484,1048,604,1608,804,1247,661,582,3725,4509,2293,4160,33480,22083,8111,1197,21532,8,1,2,0
2021-04-14T23:59:59+02:00,0,1,686,864,1226,2154,1427,3381,2212,4909,3405,4578,5230,4939,7850,9483,2580,4887,291,222,424,603,477,1045,598,1600,798,1244,646,566,3714,4500,2289,4155,30255,21995,8100,1170,21454,7,1,2,0
2021-04-13T23:59:59+02:00,0,1,683,864,1217,2149,1412,3379,2204,4898,3385,4563,5211,4921,7844,9480,2579,4885,291,221,422,601,474,1042,596,1596,787,1242,628,561,3712,4497,2289,4155,30175,21975,8079,1132,21418,7,1,2,0
2021-04-12T23:59:59+02:00,0,1,677,856,1204,2140,1396,3368,2169,4884,3354,4539,5188,4906,7831,9469,2576,4852,290,220,420,600,473,1036,594,1592,779,1235,623,559,3707,4496,2289,4155,30046,21949,8034,1112,21327,7,1,2,0
2021-04-11T23:59:59+02:00,0,1,669,852,1188,2128,1378,3353,2102,4860,3236,4456,4768,4465,7164,8643,2569,4847,290,220,419,600,471,1035,589,1589,775,1234,619,556,3703,4491,2289,4155,30016,21942,5421,1086,21239,7,1,2,0
2021-04-10T23:59:59+02:00,0,1,669,850,1187,2127,1376,3349,2100,4857,3233,4449,4724,4418,7160,8637,2569,4846,285,217,417,589,458,1019,562,1572,743,1209,547,486,3137,3874,2240,4063,29893,20325,5418,1086,21238,7,1,2,0
2021-04-09T23:59:59+02:00,0,1,665,849,1179,2124,1372,3344,2069,4835,3155,4369,4527,4253,7125,8588,2565,4830,275,210,407,575,439,1004,537,1554,722,1186,467,425,2488,3056,2192,3969,29207,18414,5414,1085,21226,7,1,2,0
2021-04-08T23:59:59+02:00,0,1,655,839,1165,2113,1356,3314,2007,4782,3008,4258,3472,3101,6883,8226,2554,4815,262,202,390,557,416,990,515,1525,689,1163,447,398,2478,3047,2189,3966,28409,18190,5365,1037,18772,7,1,2,0
2021-04-07T23:59:59+02:00,0,1,648,833,1152,2104,1337,3302,1898,4703,2691,4009,2869,2574,6772,8103,2531,4762,248,195,362,533,378,955,471,1491,653,1136,420,374,2418,2985,2184,3959,26237,17738,5346,1018,18703,6,1,2,0
2021-04-06T23:59:59+02:00,0,1,638,825,1114,2097,1313,3284,1780,4652,2414,3840,2417,2227,6696,8012,2510,4725,224,182,328,507,353,936,435,1468,618,1105,385,332,2363,2910,2178,3950,24641,17267,5330,1001,18571,6,1,2,0
2021-04-05T23:59:59+02:00,0,1,635,823,1103,2093,1307,3281,1771,4642,2399,3824,2127,1881,5581,6697,2508,4725,224,182,327,503,347,930,431,1466,614,1100,382,329,2361,2904,2178,3949,24609,17256,5320,965,15466,6,1,2,0
2021-04-04T23:59:59+02:00,0,1,634,823,1103,2093,1307,3280,1771,4642,2397,3822,2126,1878,5581,6694,2508,4725,224,182,326,503,347,930,430,1466,614,1100,382,329,2360,2904,2178,3949,24602,17253,5320,965,15460,6,1,2,0
2021-04-03T23:59:59+02:00,0,1,634,823,1103,2092,1307,3280,1770,4640,2393,3822,2125,1875,5580,6694,2508,4725,224,182,326,503,347,930,430,1466,613,1100,382,329,2360,2904,2178,3949,24596,17252,5316,965,15457,6,1,2,0
2021-04-02T23:59:59+02:00,0,1,634,822,1103,2092,1303,3279,1767,4635,2392,3819,2117,1866,5568,6679,2505,4712,224,181,326,501,347,930,429,1465,612,1091,380,329,2360,2903,2178,3949,24527,17234,5312,965,15452,6,1,2,0
2021-04-01T23:59:59+02:00,0,1,630,811,1080,2074,1206,3183,1677,4566,2133,3612,1392,1279,5359,6469,2495,4685,220,180,326,500,346,929,428,1463,612,1090,377,327,2360,2903,2178,3945,24422,17222,2812,956,15415,6,1,2,0
2021-03-31T23:59:59+02:00,0,1,628,810,1076,2070,1201,3175,1666,4561,2115,3599,1365,1246,5330,6414,2458,4586,219,180,326,499,345,929,428,1462,611,1089,376,324,2356,2902,2176,3944,24103,17210,2798,950,15398,6,1,1,0
2021-03-30T23:59:59+02:00,0,1,626,802,1070,2066,1195,3170,1656,4547,2107,3585,1318,1201,5245,6285,2414,4440,219,179,326,498,342,925,423,1459,604,1079,361,313,2254,2750,2056,3719,23582,16592,2776,909,15369,6,1,0,0
2021-03-29T23:59:59+02:00,0,1,624,800,1067,2058,1185,3164,1649,4534,2095,3573,1282,1170,5185,6192,2365,4311,218,178,324,496,340,923,421,1454,599,1074,354,308,2031,2484,1829,3344,23150,15465,2752,906,15352,6,1,0,0
2021-03-28T23:59:59+02:00,0,1,624,797,1065,2052,1182,3157,1644,4524,2091,3568,1266,1161,5177,6170,2354,4279,216,178,323,493,331,919,418,1447,596,1062,348,296,2026,2470,1828,3341,23045,15437,2734,852,15332,3,1,0,0
2021-03-27T23:59:59+01:00,0,1,571,736,985,1984,1100,3039,1526,4400,1989,3486,1197,1091,4574,5438,2354,4279,214,177,323,493,331,919,414,1445,595,1059,347,296,2025,2469,1828,3341,23029,15421,2730,852,12990,3,1,0,0
2021-03-26T23:59:59+01:00,0,1,568,731,978,1974,1098,3033,1516,4393,1972,3478,1153,1060,4544,5404,2353,4275,213,174,323,491,328,918,412,1444,591,1052,339,291,1621,1937,1407,2619,22834,13311,2720,846,12976,3,1,0,0
2021-03-25T23:59:59+01:00,0,1,566,725,965,1966,1095,3024,1509,4381,1957,3468,1143,1049,4536,5399,2353,4274,212,171,322,490,326,912,409,1438,587,1043,336,287,1525,1816,1370,2547,22787,12964,2711,824,12912,3,1,0,0
2021-03-24T23:59:59+01:00,0,1,564,719,956,1953,1082,3009,1480,4363,1943,3460,1108,1019,4509,5366,2348,4269,211,171,321,489,323,908,404,1430,578,1025,322,277,1200,1435,1220,2281,22646,11829,2685,763,12817,3,1,0,0
2021-03-23T23:59:59+01:00,0,1,562,714,951,1939,1078,2999,1473,4349,1933,3453,1095,1008,4490,5352,2348,4266,210,171,319,486,315,905,403,1430,572,1021,314,270,967,1171,1105,2105,22573,11019,2676,742,12761,3,1,0,0
2021-03-22T23:59:59+01:00,0,1,561,705,946,1927,1072,2990,1463,4333,1919,3444,1092,1004,4485,5351,2348,4266,208,171,318,484,314,903,400,1427,569,1017,310,266,966,1167,1105,2102,22549,11002,2660,722,12697,3,1,0,0
2021-03-21T23:59:59+01:00,0,1,559,702,943,1918,1070,2986,1457,4320,1907,3437,1089,1003,4485,5350,2348,4266,207,171,318,483,312,899,400,1422,563,1015,300,261,962,1163,1104,2102,22545,10999,2646,680,12649,3,1,0,0
2021-03-20T23:59:59+01:00,0,1,554,695,938,1902,1053,2970,1429,4302,1873,3408,1017,932,3903,4716,2298,4169,207,171,318,483,312,899,400,1422,563,1015,300,261,962,1163,1103,2101,20885,10997,2645,680,12629,3,1,0,0
2021-03-19T23:59:59+01:00,0,1,545,686,921,1876,1026,2951,1393,4277,1847,3378,930,867,3232,3880,2251,4072,204,171,316,483,311,896,398,1420,559,1008,297,260,950,1150,1072,2061,18910,10974,2634,579,12588,3,1,0,0
2021-03-18T23:59:59+01:00,0,1,532,673,904,1850,1003,2925,1354,4237,1803,3326,833,803,2719,3346,2229,4038,199,169,313,479,308,887,394,1414,557,1003,294,254,847,1056,963,1872,18833,10596,1232,410,12510,3,1,0,0
2021-03-17T23:59:59+01:00,0,1,529,663,895,1830,990,2906,1332,4215,1784,3310,804,778,2633,3255,2223,4034,197,168,311,477,305,886,387,1410,554,999,291,249,605,782,662,1427,18525,9677,1195,33,12461,0,1,0,0
2021-03-16T23:59:59+01:00,0,1,527,654,886,1808,969,2891,1315,4203,1760,3294,775,767,2585,3174,2221,4030,197,168,309,477,303,883,384,1408,551,994,285,245,359,545,473,1120,18317,8675,1155,27,12388,0,0,0,0
2021-03-15T23:59:59+01:00,0,1,527,643,882,1790,960,2870,1309,4197,1752,3285,769,764,2582,3173,2221,4030,196,168,308,476,302,883,384,1408,548,994,285,245,359,544,472,1120,18304,8669,1133,24,12318,0,0,0,0
2021-03-14T23:59:59+01:00,0,1,526,637,876,1778,953,2865,1299,4184,1742,3273,764,760,2577,3170,2221,4030,196,168,307,476,301,881,382,1406,548,994,284,245,359,544,472,1120,18299,8666,1106,18,12251,0,0,0,0
2021-03-13T23:59:59+01:00,0,1,504,585,780,1517,824,2484,1105,3622,1460,2845,683,671,2474,3044,2220,4029,196,168,307,476,301,881,382,1406,548,994,284,245,359,544,472,1120,18295,8666,1106,18,9447,0,0,0,0
2021-03-12T23:59:59+01:00,0,1,489,501,716,1251,732,2088,934,2933,1213,2256,543,519,2430,2999,2220,4029,196,166,307,476,301,879,381,1406,548,992,284,244,346,524,424,1057,18272,8513,1105,18,6477,0,0,0,0
2021-03-11T23:59:59+01:00,0,1,466,465,683,1180,686,1983,875,2789,1132,2145,486,459,2416,2987,2219,4028,196,166,306,474,300,878,381,1403,547,992,284,243,333,507,378,1014,18078,8387,1057,15,5865,0,0,0,0
2021-03-10T23:59:59+01:00,0,1,452,455,649,1147,646,1949,832,2753,1099,2117,467,443,2402,2968,2218,4025,192,164,302,467,300,877,376,1397,542,985,280,237,213,409,153,753,17803,7638,1037,9,5783,0,0,0,0
2021-03-09T23:59:59+01:00,0,1,436,438,617,1118,627,1930,809,2727,1077,2093,445,422,2309,2826,2095,3796,192,164,300,465,299,876,375,1394,542,982,278,236,213,409,153,752,17042,7630,1021,0,5703,0,0,0,0
2021-03-08T23:59:59+01:00,0,1,423,417,594,1088,609,1908,793,2702,1055,2067,423,394,2080,2551,1866,3419,192,163,300,463,298,871,375,1388,542,980,277,234,213,408,153,752,15798,7609,993,0,5599,0,0,0,0
2021-03-07T23:59:59+01:00,0,1,422,415,587,1071,595,1900,790,2689,1050,2056,422,393,2075,2543,1865,3417,192,163,300,462,298,870,375,1385,542,979,277,234,213,408,153,752,15770,7603,983,0,5538,0,0,0,0
2021-03-06T23:59:59+01:00,0,1,422,412,584,1057,592,1898,783,2682,1046,2049,421,393,2075,2543,1865,3417,192,163,300,462,298,870,375,1385,542,978,276,234,213,408,153,752,15762,7601,983,0,5495,0,0,0,0
2021-03-05T23:59:59+01:00,0,1,416,397,578,1045,587,1888,778,2673,1040,2041,408,385,1654,1981,1433,2665,189,158,296,462,295,869,373,1382,540,974,276,234,213,408,153,752,13540,7574,983,0,5447,0,0,0,0
2021-03-04T23:59:59+01:00,0,1,406,372,552,1006,568,1832,750,2620,1019,1992,404,381,1562,1863,1394,2592,178,150,285,452,294,861,371,1368,538,970,275,234,213,408,153,752,13189,7502,977,0,5148,0,0,0,0
2021-03-03T23:59:59+01:00,0,1,404,365,544,976,551,1801,725,2572,1002,1953,398,375,1241,1484,1241,2320,177,149,284,451,293,860,367,1361,535,963,273,232,212,407,151,747,12040,7462,970,0,4943,0,0,0,0
2021-03-02T23:59:59+01:00,0,1,400,360,536,942,537,1781,716,2548,991,1935,388,365,998,1217,1123,2142,177,147,283,440,289,854,367,1352,535,957,273,232,212,407,151,747,11221,7423,935,0,4824,0,0,0,0
2021-03-01T23:59:59+01:00,0,1,398,352,527,919,519,1750,707,2524,980,1918,384,358,997,1210,1123,2138,177,145,283,431,286,844,364,1337,532,951,271,230,211,406,151,747,11201,7366,900,0,4704,0,0,0,0
2021-02-28T23:59:59+01:00,0,1,393,349,524,911,512,1739,703,2513,975,1903,380,353,997,1208,1123,2138,175,144,283,430,286,843,364,1337,531,951,271,230,211,406,151,747,11196,7360,873,0,4653,0,0,0,0
2021-02-27T23:59:59+01:00,0,1,392,347,519,904,510,1733,700,2504,972,1901,379,352,997,1208,1122,2138,175,144,283,430,286,843,364,1337,530,951,271,230,211,406,151,747,11195,7359,873,0,4611,0,0,0,0
2021-02-26T23:59:59+01:00,0,1,344,301,450,731,434,1424,571,2087,801,1560,351,322,997,1205,1122,2138,175,142,283,427,284,835,362,1329,528,948,271,230,211,406,151,747,11184,7329,862,0,2793,0,0,0,0
2021-02-25T23:59:59+01:00,0,1,324,293,440,709,422,1388,556,2039,783,1528,344,315,913,1116,1049,2014,122,128,263,422,274,823,351,1313,523,941,271,228,211,406,151,747,10783,7174,832,0,2619,0,0,0,0
2021-02-24T23:59:59+01:00,0,1,319,287,435,693,415,1352,540,1991,761,1484,336,302,705,884,865,1709,122,122,261,416,271,814,349,1300,516,935,269,226,209,406,151,745,9844,7112,791,0,2444,0,0,0,0
2021-02-23T23:59:59+01:00,0,1,317,275,427,679,404,1328,532,1957,743,1465,322,292,456,638,674,1408,122,121,260,414,269,809,349,1293,515,927,268,225,208,406,150,744,8845,7080,747,0,2326,0,0,0,0
2021-02-22T23:59:59+01:00,0,1,317,273,426,672,403,1323,528,1947,738,1461,322,290,455,636,674,1407,122,116,255,404,268,792,345,1269,510,919,264,224,208,406,150,744,8841,6996,736,0,2296,0,0,0,0
2021-02-21T23:59:59+01:00,0,1,314,272,424,666,400,1315,526,1939,732,1457,311,285,451,632,672,1407,122,116,254,403,268,790,342,1266,503,916,263,223,207,405,149,735,8836,6962,695,0,2273,0,0,0,0
2021-02-20T23:59:59+01:00,0,1,314,269,424,664,400,1307,525,1930,730,1453,311,285,451,632,672,1407,122,116,254,403,268,790,342,1266,502,916,263,223,207,405,149,735,8836,6961,695,0,2244,0,0,0,0
2021-02-19T23:59:59+01:00,0,0,268,243,392,588,366,1138,467,1716,623,1243,302,269,425,596,593,1300,122,116,254,403,267,790,342,1266,502,916,263,223,207,405,149,735,8619,6960,589,0,1321,0,0,0,0
2021-02-18T23:59:59+01:00,0,0,267,238,385,579,355,1116,454,1698,613,1236,302,267,372,549,491,1172,119,113,250,398,260,784,339,1257,499,915,261,221,207,405,149,735,8439,6912,417,0,1238,0,0,0,0
2021-02-17T23:59:59+01:00,0,0,261,234,373,565,348,1107,431,1682,605,1224,297,260,216,413,156,764,111,100,247,392,255,769,333,1241,493,905,257,218,206,405,149,735,7722,6816,31,0,1183,0,0,0,0
2021-02-16T23:59:59+01:00,0,0,259,232,362,563,339,1098,423,1668,600,1218,294,257,216,412,156,764,82,88,227,366,244,739,315,1201,461,871,235,203,199,387,148,728,7715,6494,27,0,1119,0,0,0,0
2021-02-15T23:59:59+01:00,0,0,257,232,360,559,338,1092,421,1656,597,1212,294,257,216,411,155,764,81,86,223,355,236,727,305,1173,445,848,223,196,188,365,142,672,7708,6265,24,0,1089,0,0,0,0
2021-02-14T23:59:59+01:00,0,0,256,230,354,556,334,1082,417,1650,594,1209,294,257,216,411,155,764,77,84,216,350,233,719,300,1160,441,833,222,194,188,354,142,663,7698,6176,19,0,1062,0,0,0,0
2021-02-13T23:59:59+01:00,0,0,256,230,354,556,334,1082,416,1650,594,1208,293,257,216,411,155,764,77,84,216,350,233,719,300,1160,441,833,222,194,188,354,142,663,7696,6176,19,0,1061,0,0,0,0
2021-02-12T23:59:59+01:00,0,0,198,169,306,479,307,889,383,1412,557,996,285,242,215,411,155,764,74,83,213,349,231,716,293,1156,438,828,218,191,188,352,142,663,7684,6135,19,0,65,0,0,0,0
2021-02-11T23:59:59+01:00,0,0,196,168,300,468,303,875,377,1393,548,988,285,242,215,411,155,764,73,80,202,323,221,672,273,1104,421,780,217,188,188,347,142,660,7645,5891,16,0,27,0,0,0,0
2021-02-10T23:59:59+01:00,0,0,193,161,296,465,300,871,371,1382,544,980,283,240,213,410,155,762,68,74,186,297,211,613,256,1019,396,728,208,174,174,318,130,613,7603,5465,10,0,13,0,0,0,0
2021-02-09T23:59:59+01:00,0,0,188,154,293,456,299,862,371,1372,542,971,280,239,213,410,155,761,59,59,147,234,182,509,218,829,341,593,188,148,154,283,120,547,7558,4611,2,0,6,0,0,0,0
2021-02-08T23:59:59+01:00,0,0,182,147,289,444,294,852,367,1352,535,964,276,235,212,409,153,757,32,46,102,144,133,281,159,451,247,386,159,123,127,228,97,451,7460,3166,2,0,6,0,0,0,0
2021-02-07T23:59:59+01:00,0,0,180,145,286,443,293,850,366,1351,534,963,275,234,212,409,153,757,19,40,84,122,128,260,150,418,231,359,151,119,117,218,92,416,7450,2924,1,0,0,0,0,0,0
2021-02-06T23:59:59+01:00,0,0,180,145,286,443,293,850,366,1351,534,963,275,234,212,409,153,757,19,37,82,119,118,245,140,401,201,338,136,115,116,213,91,406,7450,2777,1,0,0,0,0,0,0
2021-02-05T23:59:59+01:00,0,0,180,143,286,440,292,839,364,1343,530,960,275,233,212,409,153,756,18,32,78,114,111,232,135,374,187,320,131,110,113,208,84,390,7414,2637,1,0,0,0,0,0,0
2021-02-04T23:59:59+01:00,0,0,172,138,285,436,285,830,361,1332,521,951,274,231,211,409,153,754,11,21,52,77,82,176,113,284,155,262,114,95,101,194,76,350,7343,2163,0,0,0,0,0,0,0
2021-02-03T23:59:59+01:00,0,0,153,131,275,430,282,824,359,1321,521,949,274,231,210,409,153,753,11,19,44,67,73,141,89,253,134,221,95,80,86,166,69,310,7275,1858,0,0,0,0,0,0,0
2021-02-02T23:59:59+01:00,0,0,132,125,263,428,279,817,354,1314,520,942,273,231,209,409,152,752,11,16,35,61,61,119,74,210,103,171,63,56,61,106,45,197,7200,1389,0,0,0,0,0,0,0
2021-02-01T23:59:59+01:00,0,0,127,120,258,413,277,801,352,1291,514,930,268,229,209,409,152,752,4,10,20,33,31,66,45,117,59,71,28,27,26,44,25,97,7102,703,0,0,0,0,0,0,0
2021-01-31T23:59:59+01:00,0,0,126,117,256,410,275,797,349,1285,510,928,268,226,208,408,152,752,4,6,15,23,26,47,32,71,39,43,14,7,13,28,20,59,7067,447,0,0,0,0,0,0,0
2021-01-30T23:59:59+01:00,0,0,126,117,256,410,275,796,349,1284,509,928,268,226,208,408,152,752,4,6,13,20,23,40,27,63,36,41,14,7,13,28,20,59,7064,414,0,0,0,0,0,0,0
2021-01-29T23:59:59+01:00,0,0,126,117,256,410,274,796,349,1284,509,928,268,226,208,408,152,752,4,6,7,18,21,31,22,55,32,38,14,7,13,27,19,58,7063,372,0,0,0,0,0,0,0
2021-01-28T23:59:59+01:00,0,0,124,114,252,404,270,790,346,1277,505,927,268,226,208,408,152,752,1,3,2,8,13,13,12,27,12,23,11,4,6,14,6,23,7023,178,0,0,0,0,0,0,0
2021-01-27T23:59:59+01:00,0,0,116,104,250,399,267,782,341,1270,499,920,263,223,207,407,152,752,0,0,1,4,9,11,8,20,10,17,10,4,6,14,6,23,6952,143,0,0,0,0,0,0,0
2021-01-26T23:59:59+01:00,0,0,89,92,232,382,259,757,328,1232,473,889,243,211,200,391,152,744,0,0,1,4,9,11,8,20,10,17,10,4,6,14,6,23,6674,143,0,0,0,0,0,0,0
2021-01-25T23:59:59+01:00,0,0,86,87,230,362,246,738,314,1198,455,864,227,204,192,371,148,689,0,0,1,4,9,9,7,13,7,13,10,4,6,14,6,23,6411,126,0,0,0,0,0,0,0
2021-01-24T23:59:59+01:00,0,0,86,85,226,358,245,733,311,1185,453,849,226,202,192,360,148,679,0,0,1,4,9,9,7,13,7,13,10,4,6,14,6,23,6338,126,0,0,0,0,0,0,0
2021-01-23T23:59:59+01:00,0,0,86,85,226,358,245,733,311,1185,453,849,226,202,192,360,148,679,0,0,1,4,9,9,7,13,7,13,10,4,6,14,6,23,6338,126,0,0,0,0,0,0,0
2021-01-22T23:59:59+01:00,0,0,86,84,224,356,245,730,307,1181,449,846,224,201,192,359,148,679,0,0,1,4,9,9,7,13,7,13,10,4,6,14,6,23,6311,126,0,0,0,0,0,0,0
2021-01-21T23:59:59+01:00,0,0,86,81,210,327,235,686,282,1130,435,813,223,197,191,353,148,676,0,0,1,2,7,8,6,12,6,11,10,4,6,14,6,23,6073,116,0,0,0,0,0,0,0
2021-01-20T23:59:59+01:00,0,0,80,75,196,306,223,621,268,1037,406,754,214,186,177,324,137,629,0,0,1,2,7,8,6,12,6,11,10,4,6,14,6,23,5633,116,0,0,0,0,0,0,0
2021-01-19T23:59:59+01:00,0,0,72,65,156,256,203,558,242,914,365,645,195,160,155,284,124,552,0,0,1,2,3,7,6,11,4,9,7,3,6,14,6,23,4946,102,0,0,0,0,0,0,0
2021-01-18T23:59:59+01:00,0,0,60,58,133,214,181,455,215,758,325,552,178,140,131,235,104,470,0,0,0,1,2,4,3,6,2,7,6,3,6,14,6,22,4209,82,0,0,0,0,0,0,0
2021-01-17T23:59:59+01:00,0,0,40,46,109,184,166,395,198,671,300,496,170,134,118,218,90,416,0,0,0,0,2,4,2,6,2,5,4,3,6,14,5,22,3751,75,0,0,0,0,0,0,0
2021-01-16T23:59:59+01:00,0,0,33,43,109,181,156,379,183,651,269,474,154,129,117,212,89,406,0,0,0,0,0,0,0,0,0,0,0,0,0,0,0,0,3585,0,0,0,0,0,0,0,0
2021-01-15T23:59:59+01:00,0,0,31,39,105,176,145,366,177,622,252,452,149,120,114,206,81,390,0,0,0,0,0,0,0,0,0,0,0,0,0,0,0,0,3425,0,0,0,0,0,0,0,0
2021-01-14T23:59:59+01:00,0,0,13,24,51,77,83,171,113,286,149,263,122,101,100,191,71,350,0,0,0,0,0,0,0,0,0,0,0,0,0,0,0,0,2165,0,0,0,0,0,0,0,0
2021-01-13T23:59:59+01:00,0,0,12,20,41,67,75,136,91,256,124,226,93,79,81,154,56,282,0,0,0,0,0,0,0,0,0,0,0,0,0,0,0,0,1793,0,0,0,0,0,0,0,0
2021-01-12T23:59:59+01:00,0,0,12,15,37,63,62,113,76,208,95,172,60,53,54,92,32,162,0,0,0,0,0,0,0,0,0,0,0,0,0,0,0,0,1306,0,0,0,0,0,0,0,0
2021-01-11T23:59:59+01:00,0,0,4,10,26,45,38,82,55,139,58,85,30,27,22,36,16,70,0,0,0,0,0,0,0,0,0,0,0,0,0,0,0,0,743,0,0,0,0,0,0,0,0
2021-01-10T23:59:59+01:00,0,0,3,5,20,32,33,58,37,92,37,53,14,7,7,19,11,31,0,0,0,0,0,0,0,0,0,0,0,0,0,0,0,0,459,0,0,0,0,0,0,0,0
2021-01-09T23:59:59+01:00,0,0,3,5,18,28,32,54,32,82,35,52,14,7,7,19,11,31,0,0,0,0,0,0,0,0,0,0,0,0,0,0,0,0,430,0,0,0,0,0,0,0,0
2021-01-08T23:59:59+01:00,0,0,3,5,15,26,29,43,26,73,31,48,13,7,6,17,10,30,0,0,0,0,0,0,0,0,0,0,0,0,0,0,0,0,382,0,0,0,0,0,0,0,0
2021-01-07T23:59:59+01:00,0,0,1,3,2,9,15,13,13,28,13,24,11,5,6,15,8,24,0,0,0,0,0,0,0,0,0,0,0,0,0,0,0,0,190,0,0,0,0,0,0,0,0
2021-01-06T23:59:59+01:00,0,0,1,0,2,4,13,11,9,22,11,19,11,5,6,15,8,24,0,0,0,0,0,0,0,0,0,0,0,0,0,0,0,0,161,0,0,0,0,0,0,0,0
2021-01-05T23:59:59+01:00,0,0,0,0,1,4,12,11,8,20,10,19,10,5,6,15,8,24,0,0,0,0,0,0,0,0,0,0,0,0,0,0,0,0,153,0,0,0,0,0,0,0,0
2021-01-04T23:59:59+01:00,0,0,0,0,1,4,12,10,7,16,8,17,10,5,6,15,8,24,0,0,0,0,0,0,0,0,0,0,0,0,0,0,0,0,143,0,0,0,0,0,0,0,0
2021-01-03T23:59:59+01:00,0,0,0,0,1,4,11,9,7,13,6,14,10,5,6,15,8,24,0,0,0,0,0,0,0,0,0,0,0,0,0,0,0,0,133,0,0,0,0,0,0,0,0
2021-01-02T23:59:59+01:00,0,0,0,0,1,4,11,9,7,13,6,14,10,5,6,15,8,24,0,0,0,0,0,0,0,0,0,0,0,0,0,0,0,0,133,0,0,0,0,0,0,0,0
2021-01-01T23:59:59+01:00,0,0,0,0,1,4,11,9,7,13,6,14,10,5,6,15,8,24,0,0,0,0,0,0,0,0,0,0,0,0,0,0,0,0,133,0,0,0,0,0,0,0,0
2020-12-31T23:59:59+01:00,0,0,0,0,1,4,11,9,7,13,6,14,10,5,6,15,8,24,0,0,0,0,0,0,0,0,0,0,0,0,0,0,0,0,133,0,0,0,0,0,0,0,0
2020-12-30T23:59:59+01:00,0,0,0,0,1,4,11,9,7,13,6,14,10,5,6,15,8,24,0,0,0,0,0,0,0,0,0,0,0,0,0,0,0,0,133,0,0,0,0,0,0,0,0
2020-12-29T23:59:59+01:00,0,0,0,0,1,4,8,9,7,13,4,12,10,5,6,15,8,24,0,0,0,0,0,0,0,0,0,0,0,0,0,0,0,0,126,0,0,0,0,0,0,0,0
2020-12-28T23:59:59+01:00,0,0,0,0,1,1,5,7,7,7,2,9,10,5,6,15,8,24,0,0,0,0,0,0,0,0,0,0,0,0,0,0,0,0,107,0,0,0,0,0,0,0,0
2020-12-27T23:59:59+01:00,0,0,0,0,0,0,2,4,2,6,1,6,4,4,6,15,7,23,0,0,0,0,0,0,0,0,0,0,0,0,0,0,0,0,80,0,0,0,0,0,0,0,0
