Datum,<15_m,<15_w,15-24_1_m,15-24_1_w,25-34_1_m,25-34_1_w,35-44_1_m,35-44_1_w,45-54_1_m,45-54_1_w,55-64_1_m,55-64_1_w,65-74_1_m,65-74_1_w,75-84_1_m,75-84_1_w,>84_1_m,>84_1_w,<24_2_m,<24_2_w,25-34_2_m,25-34_2_w,35-44_2_m,35-44_2_w,45-54_2_m,45-54_2_w,55-64_2_m,55-64_2_w,65-74_2_m,65-74_2_w,75-84_2_m,75-84_2_w,>84_2_m,>84_2_w,bp_1,bp_2,mo_1,mo_2,az_1,az_2,ja,unb_1,unb_2
2021-09-29T23:59:59+02:00,1831,1710,9930,9350,10964,10284,13503,13959,17563,17917,20742,20738,16437,17130,9182,11156,2957,5692,9157,8612,10419,9601,12973,13256,16940,17250,20213,20147,16072,16754,8956,10861,2860,5501,150940,143908,20202,19368,27920,27092,11985,7,6
2021-09-28T23:59:59+02:00,1804,1687,9877,9297,10943,10248,13472,13933,17535,17887,20725,20718,16427,17117,9178,11147,2956,5689,9140,8582,10406,9579,12956,13243,16930,17238,20200,20135,16063,16745,8950,10854,2860,5500,150562,143706,20202,19367,27919,27092,11959,7,6
2021-09-27T23:59:59+02:00,1787,1674,9852,9279,10918,10226,13454,13906,17518,17868,20716,20711,16421,17112,9174,11144,2956,5688,9121,8560,10384,9559,12937,13216,16915,17221,20189,20126,16060,16743,8948,10851,2860,5499,150396,143556,20194,19363,27919,27090,11897,7,6
2021-09-26T23:59:59+02:00,1780,1668,9841,9270,10902,10214,13444,13899,17512,17863,20706,20710,16419,17108,9174,11143,2955,5688,9115,8552,10376,9555,12928,13211,16911,17216,20182,20124,16058,16741,8948,10851,2860,5499,150318,143522,20193,19362,27919,27089,11868,7,6
2021-09-25T23:59:59+02:00,1780,1667,9838,9269,10901,10214,13442,13898,17512,17863,20706,20710,16419,17107,9174,11143,2955,5688,9115,8549,10374,9555,12927,13209,16911,17216,20182,20124,16058,16740,8948,10851,2860,5499,150313,143518,20193,19362,27919,27089,11863,7,6
2021-09-24T23:59:59+02:00,1772,1651,9821,9257,10897,10204,13438,13887,17509,17859,20703,20706,16416,17106,9174,11143,2954,5688,9098,8537,10368,9544,12923,13205,16905,17210,20181,20120,16056,16738,8947,10851,2860,5499,150224,143436,20191,19362,27919,27089,11853,7,6
2021-09-23T23:59:59+02:00,1769,1649,9758,9216,10789,10140,13340,13814,17425,17793,20650,20659,16392,17088,9167,11132,2954,5685,9040,8499,10261,9485,12833,13145,16825,17148,20130,20076,16033,16717,8939,10839,2860,5496,150148,143407,20189,19359,27919,27089,11165,7,6
2021-09-22T23:59:59+02:00,1747,1632,9729,9183,10773,10110,13314,13783,17397,17771,20635,20637,16388,17080,9165,11125,2951,5684,9015,8484,10241,9468,12817,13130,16806,17138,20119,20071,16027,16715,8936,10833,2858,5493,149860,143238,20185,19356,27919,27089,11141,7,6
2021-09-21T23:59:59+02:00,1716,1601,9673,9118,10739,10075,13287,13741,17368,17748,20621,20627,16375,17066,9160,11123,2949,5679,8981,8452,10225,9449,12795,13103,16780,17108,20109,20061,16017,16708,8931,10830,2858,5491,149440,142955,20183,19354,27918,27089,11126,7,6
2021-09-20T23:59:59+02:00,1684,1577,9618,9065,10691,10025,13251,13700,17347,17729,20597,20609,16365,17059,9151,11111,2948,5675,8946,8425,10206,9427,12768,13080,16759,17090,20092,20042,16009,16699,8924,10823,2856,5490,149038,142713,20181,19353,27918,27088,11066,7,6
2021-09-19T23:59:59+02:00,1683,1576,9614,9057,10684,10020,13243,13697,17339,17723,20590,20605,16363,17056,9150,11109,2945,5672,8940,8419,10202,9425,12764,13078,16756,17088,20089,20038,16008,16699,8924,10823,2856,5489,148983,142691,20178,19351,27918,27087,11048,7,6
2021-09-18T23:59:59+02:00,1683,1576,9614,9056,10682,10016,13240,13693,17336,17723,20589,20605,16363,17056,9150,11109,2945,5672,8938,8416,10200,9423,12763,13075,16752,17087,20088,20038,16008,16699,8924,10823,2856,5489,148977,142682,20178,19351,27918,27087,11036,7,6
2021-09-17T23:59:59+02:00,1677,1568,9597,9033,10670,10000,13224,13679,17325,17712,20585,20595,16361,17054,9149,11107,2944,5671,8931,8410,10194,9417,12754,13070,16748,17082,20085,20030,16008,16697,8923,10822,2856,5489,148863,142658,20177,19351,27918,27086,10994,7,6
2021-09-16T23:59:59+02:00,1673,1567,9581,9018,10654,9984,13213,13666,17313,17703,20573,20584,16360,17050,9146,11104,2944,5669,8925,8404,10186,9410,12746,13064,16740,17077,20075,20025,16008,16696,8923,10819,2856,5487,148760,142629,20175,19348,27917,27083,10951,7,6
2021-09-15T23:59:59+02:00,1660,1552,9554,8991,10630,9964,13184,13638,17294,17678,20556,20566,16354,17043,9137,11096,2944,5665,8878,8365,10155,9370,12713,13024,16715,17057,20046,20005,16001,16684,8918,10816,2856,5485,148592,142294,20107,19336,27917,27080,10891,7,6
2021-09-14T23:59:59+02:00,1647,1543,9520,8960,10614,9944,13166,13615,17271,17661,20542,20552,16337,17030,9128,11085,2940,5653,8844,8332,10139,9353,12704,13001,16699,17038,20029,19985,15997,16677,8916,10809,2855,5481,148393,142053,20029,19335,27917,27080,10870,7,6
2021-09-13T23:59:59+02:00,1614,1508,9477,8906,10588,9910,13144,13572,17250,17642,20520,20539,16330,17024,9125,11079,2938,5647,8809,8304,10123,9331,12684,12969,16686,17021,20013,19969,15991,16663,8910,10807,2854,5477,148174,141799,19877,19327,27917,27079,10847,6,6
2021-09-12T23:59:59+02:00,1612,1505,9464,8899,10575,9904,13137,13562,17245,17638,20517,20534,16329,17021,9123,11078,2938,5644,8785,8283,10102,9320,12667,12955,16675,17013,20005,19960,15988,16659,8909,10801,2854,5476,148123,141640,19871,19326,27917,27078,10816,6,6
2021-09-11T23:59:59+02:00,1612,1505,9462,8894,10571,9901,13134,13560,17244,17635,20514,20532,16329,17019,9122,11078,2938,5644,8776,8281,10100,9319,12662,12954,16674,17010,20003,19959,15988,16658,8908,10801,2854,5476,148112,141634,19869,19321,27917,27078,10798,6,6
2021-09-10T23:59:59+02:00,1611,1504,9458,8890,10562,9894,13122,13555,17239,17628,20512,20528,16328,17018,9122,11078,2938,5644,8772,8278,10094,9311,12652,12948,16668,17005,20000,19955,15988,16657,8908,10800,2854,5476,148083,141614,19868,19315,27917,27078,10765,6,6
2021-09-09T23:59:59+02:00,1608,1499,9442,8884,10551,9881,13108,13538,17223,17619,20497,20517,16326,17017,9120,11074,2937,5642,8762,8273,10087,9302,12647,12935,16650,16998,19988,19946,15986,16655,8906,10793,2853,5474,148002,141562,19866,19315,27917,27078,10699,6,6
2021-09-08T23:59:59+02:00,1570,1450,9398,8825,10520,9843,13081,13501,17191,17593,20478,20495,16310,17003,9116,11068,2937,5640,8738,8257,10069,9286,12628,12920,16635,16989,19972,19940,15979,16650,8905,10789,2853,5474,147588,141436,19865,19310,27917,27078,10650,6,6
2021-09-07T23:59:59+02:00,1552,1425,9378,8802,10502,9823,13071,13491,17182,17581,20472,20490,16306,17000,9115,11063,2936,5638,8730,8249,10061,9284,12620,12918,16631,16981,19968,19937,15979,16648,8905,10786,2853,5474,147413,141395,19863,19308,27917,27074,10635,6,6
2021-09-06T23:59:59+02:00,1539,1413,9355,8777,10482,9802,13062,13477,17171,17567,20463,20474,16304,16997,9114,11063,2935,5638,8724,8240,10053,9277,12615,12909,16625,16976,19963,19930,15977,16647,8901,10783,2853,5473,147240,141336,19862,19305,27915,27073,10617,6,6
2021-09-05T23:59:59+02:00,1536,1410,9347,8766,10474,9797,13057,13471,17168,17560,20457,20472,16301,16994,9114,11062,2935,5638,8716,8234,10046,9267,12608,12903,16619,16970,19955,19928,15975,16645,8901,10782,2853,5473,147190,141281,19862,19305,27915,27070,10593,6,6
2021-09-04T23:59:59+02:00,1535,1410,9346,8764,10473,9797,13056,13470,17168,17560,20455,20470,16301,16994,9114,11062,2935,5638,8716,8234,10045,9265,12607,12903,16618,16969,19954,19928,15975,16645,8901,10782,2853,5473,147184,141275,19859,19305,27915,27070,10591,6,6
2021-09-03T23:59:59+02:00,1525,1396,9325,8747,10460,9785,13052,13460,17153,17549,20443,20460,16297,16988,9113,11057,2935,5635,8700,8222,10033,9258,12600,12896,16602,16959,19951,19920,15971,16638,8900,10778,2853,5470,147084,141224,19856,19303,27915,27070,10526,6,6
2021-09-02T23:59:59+02:00,1514,1387,9271,8715,10400,9734,12977,13402,17103,17512,20385,20417,16265,16961,9103,11046,2934,5630,8655,8197,9974,9214,12531,12846,16558,16926,19891,19879,15939,16615,8893,10770,2853,5465,146957,141167,19855,19299,27914,27068,10031,6,6
2021-09-01T23:59:59+02:00,1510,1370,9251,8701,10377,9723,12963,13389,17091,17498,20375,20413,16261,16955,9096,11042,2934,5629,8637,8176,9958,9197,12520,12835,16546,16915,19875,19868,15935,16610,8890,10764,2853,5464,146848,141033,19831,19297,27914,27067,9986,6,6
2021-08-31T23:59:59+02:00,1493,1352,9236,8674,10366,9709,12952,13381,17086,17487,20368,20405,16256,16951,9094,11037,2934,5629,8620,8159,9952,9185,12505,12824,16535,16910,19872,19861,15931,16608,8889,10761,2853,5464,146691,140908,19830,19294,27914,27064,9976,6,6
2021-08-30T23:59:59+02:00,1472,1335,9218,8651,10352,9693,12941,13366,17073,17467,20356,20396,16252,16948,9092,11035,2934,5628,8593,8145,9938,9173,12494,12805,16522,16893,19863,19854,15925,16602,8887,10756,2851,5462,146526,140770,19830,19290,27911,27055,9942,6,6
2021-08-29T23:59:59+02:00,1471,1334,9216,8645,10345,9684,12939,13361,17064,17462,20352,20391,16249,16943,9092,11035,2934,5627,8590,8139,9929,9162,12490,12799,16514,16888,19859,19851,15922,16595,8886,10756,2851,5461,146508,140750,19830,19289,27911,27049,9895,6,6
2021-08-28T23:59:59+02:00,1470,1334,9213,8641,10345,9683,12938,13360,17064,17461,20352,20390,16249,16943,9092,11035,2934,5627,8586,8139,9927,9162,12489,12798,16514,16887,19859,19850,15922,16595,8886,10756,2851,5461,146500,140744,19830,19287,27911,27049,9890,6,6
2021-08-27T23:59:59+02:00,1460,1323,9200,8634,10340,9677,12935,13358,17061,17455,20347,20385,16248,16941,9091,11035,2934,5627,8576,8132,9924,9156,12482,12796,16511,16880,19858,19849,15920,16594,8885,10755,2851,5461,146426,140694,19830,19285,27911,27044,9884,6,6
2021-08-26T23:59:59+02:00,1457,1322,9193,8630,10335,9671,12927,13357,17058,17453,20345,20380,16245,16938,9088,11030,2933,5627,8567,8121,9918,9150,12474,12793,16506,16878,19856,19844,15917,16590,8882,10752,2850,5461,146405,140663,19828,19285,27911,27038,9845,6,6
2021-08-25T23:59:59+02:00,1443,1298,9086,8574,10249,9599,12838,13283,16939,17369,20250,20324,16198,16900,9073,11009,2928,5616,8476,8067,9835,9088,12383,12728,16402,16805,19769,19790,15873,16551,8868,10732,2845,5448,146164,140518,19827,19284,27911,27036,9074,6,6
2021-08-24T23:59:59+02:00,1424,1273,9055,8544,10235,9579,12809,13254,16908,17333,20236,20308,16183,16890,9068,11003,2928,5613,8453,8054,9818,9076,12367,12717,16391,16789,19761,19779,15867,16546,8868,10730,2845,5447,145875,140396,19825,19282,27911,27036,9032,6,6
2021-08-23T23:59:59+02:00,1406,1248,9013,8507,10220,9561,12778,13234,16889,17315,20223,20284,16171,16878,9057,10997,2927,5608,8428,8038,9792,9057,12352,12711,16378,16780,19750,19763,15860,16539,8864,10725,2844,5444,145618,140299,19825,19280,27911,27015,8962,6,6
2021-08-22T23:59:59+02:00,1406,1248,9003,8502,10213,9555,12777,13230,16885,17309,20220,20281,16168,16874,9053,10997,2927,5607,8412,8032,9785,9046,12348,12706,16375,16773,19748,19759,15857,16534,8860,10723,2844,5443,145605,140270,19825,19278,27911,27012,8914,6,6
2021-08-21T23:59:59+02:00,1406,1247,8998,8502,10212,9553,12774,13229,16884,17309,20219,20280,16168,16874,9053,10997,2927,5607,8290,7952,9684,8952,12261,12596,16284,16702,19692,19715,15837,16519,8857,10712,2843,5441,145599,140266,19822,18378,27911,27011,8907,6,6
2021-08-20T23:59:59+02:00,1405,1245,8990,8500,10205,9545,12768,13219,16881,17307,20212,20275,16165,16874,9053,10995,2926,5606,7932,7627,9532,8791,12118,12456,16160,16591,19585,19619,15798,16470,8845,10688,2841,5440,145565,138168,19822,18378,27911,27010,8873,6,6
2021-08-19T23:59:59+02:00,1400,1243,8979,8494,10198,9536,12759,13213,16876,17305,20207,20273,16164,16872,9053,10994,2926,5605,7672,7358,9402,8687,11975,12336,16066,16485,19488,19530,15756,16422,8834,10668,2840,5432,145523,136437,19819,18370,27910,27001,8845,6,6
2021-08-18T23:59:59+02:00,1376,1211,8933,8458,10170,9505,12732,13178,16846,17282,20181,20244,16151,16858,9047,10988,2922,5600,7659,7348,9390,8679,11961,12319,16052,16476,19480,19521,15750,16415,8830,10664,2837,5429,145217,136390,19806,18369,27907,27000,8751,6,6
2021-08-17T23:59:59+02:00,1351,1198,8897,8426,10155,9484,12718,13154,16831,17261,20158,20222,16143,16848,9044,10981,2920,5595,7646,7333,9372,8671,11950,12310,16045,16466,19469,19515,15744,16410,8829,10662,2836,5427,144975,136319,19803,18364,27906,26994,8701,6,6
2021-08-16T23:59:59+02:00,1328,1180,8860,8400,10136,9465,12694,13130,16821,17242,20138,20207,16138,16836,9040,10980,2919,5595,7638,7321,9356,8668,11940,12304,16043,16461,19460,19508,15741,16407,8829,10662,2836,5427,144740,136279,19801,18360,27906,26993,8661,6,6
2021-08-15T23:59:59+02:00,1310,1163,8841,8381,10123,9451,12678,13117,16808,17232,20124,20195,16132,16830,9040,10975,2919,5595,7626,7310,9340,8652,11926,12293,16036,16453,19454,19504,15733,16403,8828,10659,2836,5427,144592,136222,19800,18355,27903,26974,8618,6,6
2021-08-14T23:59:59+02:00,1309,1163,8841,8381,10122,9451,12677,13115,16808,17231,20123,20193,16132,16830,9040,10975,2919,5595,7310,7017,9196,8484,11752,12128,15918,16323,19360,19416,15707,16379,8819,10646,2836,5423,144586,134233,19800,18353,27903,26966,8615,6,6
2021-08-13T23:59:59+02:00,1304,1161,8829,8372,10111,9443,12665,13105,16792,17222,20115,20185,16128,16824,9038,10974,2918,5595,6922,6657,9025,8323,11544,11912,15700,16143,19219,19294,15672,16340,8807,10632,2834,5419,144558,131755,19800,18353,27903,26963,8519,6,6
2021-08-12T23:59:59+02:00,1304,1161,8828,8369,10104,9438,12662,13105,16786,17213,20111,20179,16127,16820,9036,10972,2918,5595,6915,6650,9011,8316,11533,11910,15689,16136,19215,19288,15670,16334,8805,10631,2834,5419,144543,131720,19799,18350,27903,26945,8482,6,6
2021-08-11T23:59:59+02:00,1301,1157,8824,8362,10095,9431,12654,13101,16780,17209,20105,20177,16125,16817,9035,10972,2918,5594,6908,6640,8995,8305,11522,11906,15685,16129,19207,19282,15666,16331,8804,10631,2834,5417,144493,131658,19795,18344,27903,26931,8465,6,6
2021-08-10T23:59:59+02:00,1300,1157,8822,8361,10091,9426,12651,13096,16778,17207,20104,20172,16123,16815,9035,10971,2918,5594,6864,6595,8962,8290,11503,11886,15659,16117,19200,19272,15664,16329,8804,10629,2834,5417,144466,131415,19795,18340,27903,26924,8456,6,6
2021-08-09T23:59:59+02:00,1300,1155,8816,8360,10087,9418,12649,13093,16771,17205,20098,20172,16121,16815,9034,10971,2918,5594,6845,6571,8941,8273,11490,11875,15643,16105,19194,19267,15661,16328,8802,10628,2834,5417,144440,131281,19795,18336,27901,26915,8440,6,6
2021-08-08T23:59:59+02:00,1300,1154,8813,8354,10085,9414,12640,13090,16766,17201,20096,20169,16119,16812,9033,10970,2917,5593,6842,6560,8925,8265,11473,11867,15636,16096,19192,19263,15658,16324,8801,10627,2833,5416,144429,131232,19794,18328,27901,26912,8401,6,6
2021-08-07T23:59:59+02:00,1300,1146,8804,8347,10074,9407,12637,13083,16759,17197,20090,20164,16115,16807,9031,10970,2916,5593,6191,5989,8654,8042,11203,11637,15437,15922,19107,19187,15638,16300,8794,10620,2830,5415,144380,128145,19793,18316,27901,26911,8365,6,6
2021-08-06T23:59:59+02:00,1294,1145,8795,8335,10060,9395,12617,13064,16741,17185,20073,20152,16108,16799,9031,10967,2916,5592,6178,5975,8639,8027,11179,11616,15415,15905,19090,19175,15631,16293,8794,10617,2830,5414,144342,128092,19790,18310,27901,26909,8235,6,6
2021-08-05T23:59:59+02:00,1291,1143,8788,8328,10051,9386,12603,13056,16735,17182,20065,20148,16107,16799,9031,10966,2916,5592,5894,5739,8290,7731,10813,11340,15092,15666,18840,19007,15611,16269,8784,10610,2829,5413,144293,127997,19786,15606,27897,26876,8210,6,6
2021-08-04T23:59:59+02:00,1290,1140,8782,8324,10046,9384,12597,13052,16730,17180,20063,20145,16106,16799,9030,10965,2916,5591,5880,5731,8261,7721,10793,11328,15075,15660,18835,19002,15608,16266,8783,10610,2829,5413,144261,127897,19785,15598,27896,26860,8197,6,6
2021-08-03T23:59:59+02:00,1283,1137,8778,8314,10041,9379,12592,13049,16725,17178,20058,20143,16104,16799,9029,10963,2916,5590,5768,5617,8168,7651,10676,11251,15026,15607,18806,18987,15604,16264,8782,10608,2827,5412,144216,127171,19783,15590,27896,26831,8182,6,6
2021-08-02T23:59:59+02:00,1277,1131,8765,8306,10034,9372,12587,13043,16720,17168,20051,20139,16102,16796,9027,10960,2915,5589,5597,5457,8039,7544,10552,11136,14954,15524,18774,18962,15596,16255,8776,10608,2826,5412,144135,126104,19777,15585,27895,26800,8174,6,6
2021-08-01T23:59:59+02:00,1275,1130,8758,8299,10027,9365,12581,13041,16715,17166,20046,20137,16102,16796,9026,10958,2915,5589,5536,5400,7988,7495,10490,11084,14918,15499,18761,18944,15593,16252,8774,10605,2826,5410,144091,125665,19775,15581,27894,26779,8165,6,6
2021-07-31T23:59:59+02:00,1275,1130,8757,8296,10027,9364,12579,13041,16714,17166,20045,20135,16102,16796,9026,10958,2915,5589,5510,5380,7972,7482,10473,11070,14905,15493,18757,18941,15592,16251,8774,10605,2826,5410,144089,125535,19774,15577,27894,26778,8157,6,6
2021-07-30T23:59:59+02:00,1143,1009,8529,8067,9934,9246,12498,12957,16634,17093,19986,20067,16070,16757,9020,10941,2914,5586,5216,5106,7834,7341,10286,10877,14769,15328,18688,18885,15568,16224,8761,10591,2822,5406,142633,123708,19772,15569,27894,26761,8151,6,6
2021-07-29T23:59:59+02:00,1136,1001,8398,7977,9775,9148,12344,12855,16485,16998,19822,19957,15984,16688,8995,10922,2913,5579,4921,4872,7557,7148,10005,10677,14522,15153,18493,18767,15482,16149,8734,10570,2821,5396,142512,122609,19769,15528,27894,26736,6801,6,6
2021-07-28T23:59:59+02:00,1125,987,8369,7940,9761,9133,12322,12841,16468,16975,19802,19947,15977,16675,8988,10918,2913,5577,4499,4442,7239,6897,9687,10377,14286,14971,18437,18726,15467,16138,8728,10559,2821,5386,142270,119959,19767,15474,27892,26673,6788,6,6
2021-07-27T23:59:59+02:00,1115,979,8346,7925,9748,9126,12311,12832,16460,16969,19795,19934,15975,16669,8986,10915,2912,5575,4265,4196,7008,6698,9441,10097,14126,14810,18386,18660,15418,16092,8711,10543,2818,5379,142131,117941,19765,15471,27892,26648,6783,6,6
2021-07-26T23:59:59+02:00,1111,976,8333,7913,9742,9121,12305,12826,16453,16961,19788,19933,15972,16664,8984,10911,2911,5570,4159,4088,6905,6587,9315,9975,14043,14727,18339,18626,15407,16081,8701,10535,2815,5377,142053,117038,19762,15461,27881,26590,6777,6,6
2021-07-25T23:59:59+02:00,1110,975,8324,7910,9729,9117,12295,12823,16448,16954,19785,19932,15970,16664,8983,10911,2911,5570,4108,4038,6828,6538,9243,9919,14007,14695,18315,18612,15389,16068,8694,10529,2815,5375,142027,116597,19758,15445,27880,26568,6745,6,6
2021-07-24T23:59:59+02:00,1108,971,8236,7848,9655,9036,12228,12746,16379,16901,19744,19893,15949,16650,8980,10901,2911,5569,4065,3996,6771,6488,9165,9862,13942,14629,18283,18586,15377,16057,8686,10525,2815,5375,142008,116343,19093,15163,27880,26566,6723,6,6
2021-07-23T23:59:59+02:00,1082,946,8124,7760,9617,9001,12194,12717,16334,16866,19715,19874,15943,16644,8976,10897,2911,5569,3774,3711,6514,6283,8883,9576,13705,14453,18203,18525,15335,16014,8668,10506,2813,5369,141515,114096,19093,15140,27880,26560,6681,6,6
2021-07-22T23:59:59+02:00,989,859,7908,7530,9513,8912,12076,12621,16242,16782,19640,19789,15897,16604,8967,10882,2910,5563,3649,3584,6360,6190,8729,9447,13543,14310,18128,18457,15314,15988,8660,10496,2813,5368,140052,112946,19091,15068,27873,26465,6667,6,6
2021-07-21T23:59:59+02:00,969,845,7876,7490,9497,8901,12054,12598,16218,16766,19616,19768,15886,16597,8967,10877,2910,5563,3344,3318,6014,5931,8334,9064,13276,14074,17986,18332,15222,15907,8628,10466,2810,5356,139796,110138,19089,14996,27868,26368,6644,6,6
2021-07-20T23:59:59+02:00,968,844,7868,7485,9490,8898,12049,12596,16210,16765,19611,19763,15885,16596,8967,10876,2910,5563,3271,3267,5954,5875,8276,9005,13192,14030,17954,18317,15222,15907,8628,10464,2810,5356,139758,109752,19088,14981,27865,26236,6632,6,6
2021-07-19T23:59:59+02:00,967,844,7861,7483,9487,8890,12044,12594,16205,16758,19608,19763,15883,16593,8967,10874,2910,5562,3219,3232,5903,5833,8215,8960,13135,14003,17908,18305,15222,15904,8628,10462,2810,5355,139721,109471,19087,14964,27865,26110,6619,6,6
2021-07-18T23:59:59+02:00,966,843,7850,7474,9482,8885,12035,12589,16200,16752,19606,19761,15882,16591,8967,10874,2910,5562,3199,3214,5864,5802,8180,8931,13096,13987,17893,18301,15222,15903,8628,10462,2810,5354,139674,109283,19086,14930,27863,26097,6605,6,6
2021-07-17T23:59:59+02:00,851,724,7528,7184,9330,8714,11860,12427,16071,16613,19509,19665,15861,16570,8959,10861,2910,5559,3098,3106,5753,5710,8047,8772,12955,13859,17798,18223,15212,15885,8625,10455,2810,5354,137661,108102,19085,14925,27863,26093,6589,3,6
2021-07-16T23:59:59+02:00,695,573,7132,6856,9146,8554,11668,12216,15868,16436,19367,19537,15831,16533,8949,10847,2909,5557,3036,3045,5677,5647,7934,8665,12835,13724,17719,18148,15190,15869,8621,10453,2809,5354,135176,107204,19085,14920,27862,26086,6553,3,6
2021-07-15T23:59:59+02:00,693,573,7118,6848,9143,8552,11656,12212,15858,16429,19363,19531,15829,16530,8945,10845,2908,5548,2997,3010,5611,5604,7844,8615,12760,13683,17689,18124,15167,15853,8613,10446,2808,5345,135136,106972,19083,14766,27857,25961,6506,3,6
2021-07-14T23:59:59+02:00,691,572,7109,6839,9138,8550,11652,12207,15852,16426,19358,19526,15827,16527,8942,10842,2908,5544,2974,2997,5570,5572,7808,8594,12727,13667,17671,18113,15160,15850,8610,10442,2808,5341,135103,106819,19082,14732,27857,25920,6469,3,6
2021-07-13T23:59:59+02:00,686,570,7084,6822,9124,8533,11643,12192,15841,16407,19348,19520,15818,16523,8938,10832,2903,5536,2917,2946,5506,5506,7648,8459,12473,13449,17515,17985,15141,15839,8598,10429,2803,5330,134976,105604,19082,14679,27854,25885,6409,3,6
2021-07-12T23:59:59+02:00,680,562,7070,6807,9113,8522,11633,12182,15836,16394,19336,19516,15816,16519,8936,10832,2903,5533,2861,2892,5423,5431,7500,8344,12226,13236,17334,17838,15131,15834,8594,10422,2802,5330,134860,104366,19080,14626,27850,25835,6401,3,6
2021-07-11T23:59:59+02:00,679,561,7061,6805,9103,8514,11626,12174,15826,16391,19331,19511,15816,16516,8935,10830,2903,5533,2830,2857,5346,5358,7402,8257,12059,13079,17208,17705,15123,15823,8593,10419,2802,5330,134816,103477,19076,14577,27850,25792,6374,3,6
2021-07-10T23:59:59+02:00,505,403,6497,6254,8878,8328,11383,11982,15669,16258,19276,19462,15808,16506,8931,10825,2902,5532,2801,2823,5294,5312,7319,8177,11956,12979,17130,17638,15107,15807,8590,10408,2799,5328,132120,102778,19076,14575,27850,25784,6354,3,6
2021-07-09T23:59:59+02:00,494,396,6438,6226,8851,8291,11343,11954,15642,16245,19263,19446,15807,16503,8931,10822,2902,5532,2744,2756,5212,5243,7140,8000,11544,12680,16833,17431,15086,15779,8583,10403,2797,5326,132028,101750,18866,13715,27849,25769,6344,3,6
2021-07-08T23:59:59+02:00,488,394,6122,5966,8478,8003,10961,11648,15305,15997,19004,19272,15785,16479,8922,10815,2899,5531,2683,2706,5130,5167,7001,7909,11343,12538,16681,17307,15079,15771,8583,10401,2797,5325,131941,100887,15972,13546,27844,25694,6313,3,6
2021-07-07T23:59:59+02:00,486,390,6107,5954,8454,7988,10946,11631,15294,15987,19003,19267,15783,16475,8921,10813,2899,5529,2634,2654,5040,5108,6862,7815,11108,12356,16517,17173,15071,15764,8578,10395,2797,5325,131833,99864,15963,13421,27842,25645,6286,3,6
2021-07-06T23:59:59+02:00,459,370,6006,5861,8381,7922,10873,11562,15261,15947,18980,19250,15775,16465,8918,10811,2896,5527,2566,2584,4907,4993,6679,7682,10719,11944,16145,16797,15045,15731,8570,10388,2796,5321,131215,97706,15955,13339,27837,25584,6254,3,6
2021-07-05T23:59:59+02:00,418,336,5828,5690,8263,7829,10759,11448,15202,15877,18948,19219,15769,16457,8914,10806,2893,5526,2513,2508,4808,4895,6546,7547,10367,11625,15871,16491,15015,15701,8562,10373,2796,5316,130166,95910,15951,13275,27834,25531,6228,3,6
2021-07-04T23:59:59+02:00,398,306,5754,5610,8206,7772,10692,11390,15172,15846,18934,19200,15762,16453,8913,10804,2893,5524,2494,2478,4746,4848,6485,7497,10230,11516,15770,16419,15010,15693,8560,10372,2795,5316,129660,95346,15944,13206,27829,25493,6193,3,6
2021-07-03T23:59:59+02:00,392,304,5735,5600,8196,7763,10681,11386,15165,15840,18931,19197,15762,16453,8913,10804,2893,5524,2459,2446,4650,4820,6378,7471,10172,11470,15666,16333,14332,14986,8541,10347,2795,5316,129589,95231,15942,13204,27829,23579,6176,3,6
2021-07-02T23:59:59+02:00,346,265,5546,5451,8124,7691,10583,11289,15100,15784,18912,19190,15758,16449,8908,10802,2891,5521,2412,2398,4494,4742,6194,7397,10018,11313,15476,16130,13541,14068,8533,10332,2795,5315,128676,94668,15940,13160,27828,21175,6163,3,6
2021-07-01T23:59:59+02:00,284,210,5330,5270,7996,7579,10444,11164,14972,15689,18868,19165,15751,16442,8903,10796,2891,5520,2295,2278,4318,4569,5957,7143,9237,10628,14847,15660,13516,14039,8528,10327,2791,5313,127390,91171,15928,13064,27827,21091,6126,3,6
2021-06-30T23:59:59+02:00,154,120,4848,4797,7655,7302,10091,10826,14745,15513,18811,19121,15740,16431,8899,10788,2891,5517,2259,2231,4233,4497,5846,7046,9066,10505,14757,15582,13502,14031,8525,10324,2791,5311,124405,90571,15922,12891,27827,20958,6092,3,6
2021-06-29T23:59:59+02:00,117,99,4564,4516,7403,7085,9801,10526,14546,15323,18748,19061,15688,16381,8879,10773,2890,5512,2192,2150,4091,4361,5639,6865,8840,10276,14462,15357,13455,13983,8512,10300,2789,5298,122336,89120,15918,12738,27825,20886,5830,3,6
2021-06-28T23:59:59+02:00,101,78,4429,4373,7298,6975,9679,10401,14454,15216,18703,19018,15672,16365,8865,10762,2887,5510,2105,2023,3910,4155,5358,6523,8456,9766,13930,14821,13336,13894,8493,10276,2786,5284,121323,85912,15907,12657,27822,20819,5731,3,4
2021-06-27T23:59:59+02:00,96,76,4375,4326,7239,6920,9617,10346,14421,15182,18683,19001,15655,16353,8858,10755,2886,5505,2051,1989,3846,4111,5244,6409,8287,9637,13754,14708,13310,13874,8483,10267,2783,5282,120957,85123,15903,12622,27819,20680,5612,3,4
2021-06-26T23:59:59+02:00,83,74,4331,4296,7208,6892,9599,10324,14401,15166,18670,18988,15651,16347,8858,10755,2886,5505,1975,1896,3657,3953,5029,6153,7924,9182,13403,14412,13230,13816,8463,10239,2778,5273,120713,82487,15897,12622,27819,20674,5602,3,4
2021-06-25T23:59:59+02:00,70,61,4020,3970,6945,6655,9306,10031,14178,14977,18586,18931,15605,16302,8839,10736,2884,5498,1910,1812,3491,3831,4836,5921,7599,8767,13093,14077,13180,13760,8450,10214,2772,5267,118311,80131,15870,12591,27819,20669,5591,3,4
2021-06-24T23:59:59+02:00,63,54,3927,3880,6847,6570,9206,9941,14079,14892,18558,18898,15590,16285,8833,10729,2884,5497,1843,1738,3377,3734,4637,5779,7379,8568,12844,13876,12346,12829,8270,9951,2772,5266,117581,78914,15861,12485,27815,18339,5473,3,4
2021-06-23T23:59:59+02:00,49,49,3522,3507,6393,6223,8674,9434,13742,14589,18422,18763,15486,16193,8790,10692,2881,5483,1705,1566,3126,3530,4218,5450,6431,7857,12101,13178,12323,12817,8260,9944,2772,5262,114645,78280,15613,9155,27814,18290,4817,3,4
2021-06-22T23:59:59+02:00,40,41,3449,3434,6314,6164,8571,9356,13691,14541,18389,18746,15475,16186,8789,10687,2881,5480,1664,1513,3022,3427,4074,5300,6177,7673,11489,12470,12233,12723,8242,9911,2768,5254,114016,75942,15607,9073,27812,18131,4796,3,4
2021-06-21T23:59:59+02:00,34,38,3378,3373,6222,6105,8511,9285,13630,14495,18356,18726,15472,16184,8786,10684,2881,5479,1628,1462,2931,3330,3948,5150,5981,7447,10732,11548,11847,12267,7165,8684,2762,5247,113495,73286,15600,8972,27804,15135,4737,3,4
2021-06-20T23:59:59+02:00,34,37,3353,3351,6174,6074,8467,9253,13601,14478,18345,18722,15471,16184,8786,10684,2881,5479,1610,1445,2894,3302,3897,5112,5928,7423,10644,11472,11827,12248,7162,8677,2761,5247,113318,72969,15583,8895,27804,15119,4666,3,4
2021-06-19T23:59:59+02:00,32,35,3326,3326,6145,6051,8437,9234,13577,14472,18339,18717,15471,16183,8786,10684,2881,5479,1606,1432,2889,3293,3889,5107,5913,7418,10633,11465,11827,12248,7162,8676,2761,5247,113125,72888,15577,8895,27804,15117,4666,3,4
2021-06-18T23:59:59+02:00,28,30,3284,3283,6071,6011,8368,9179,13531,14441,18316,18706,15470,16181,8785,10683,2881,5479,1531,1338,2752,3117,3706,4831,5516,7045,9140,9898,11660,12080,7121,8626,2749,5229,112741,67710,15550,8894,27804,15106,4629,3,4
2021-06-17T23:59:59+02:00,26,26,3220,3231,6004,5972,8294,9124,13458,14396,18292,18695,15468,16176,8783,10680,2881,5476,1402,1245,2563,2902,3443,4541,5154,6649,8467,9167,11376,11838,7080,8569,2745,5226,112364,63997,15521,8779,27801,15078,4513,3,4
2021-06-16T23:59:59+02:00,26,23,3167,3170,5892,5904,8174,9031,13330,14310,18226,18659,15462,16167,8783,10677,2881,5476,1305,1189,2422,2794,3260,4382,4870,6377,7390,7876,11285,11730,7049,8532,2732,5208,111725,60235,15446,8733,27797,15046,4387,3,4
2021-06-15T23:59:59+02:00,21,22,3071,3084,5774,5814,7989,8852,13067,14091,18077,18532,15447,16155,8775,10671,2881,5474,1268,1156,2349,2738,3156,4307,4667,6253,7078,7625,10790,11171,7015,8498,2724,5195,110304,57991,15418,8701,27787,15014,4285,3,3
2021-06-14T23:59:59+02:00,20,20,2997,3014,5693,5756,7846,8733,12778,13854,17889,18356,15431,16141,8768,10666,2880,5473,1241,1128,2283,2682,3031,4211,4468,6114,6737,7320,10264,10560,6984,8461,2720,5185,108912,55623,15409,8594,27783,14966,4208,3,2
2021-06-13T23:59:59+02:00,20,20,2979,2984,5627,5718,7783,8667,12638,13719,17783,18234,15425,16132,8767,10663,2879,5473,1230,1115,2254,2666,2994,4200,4422,6094,6704,7303,10259,10554,6984,8460,2720,5185,108175,55481,15398,8586,27779,14923,4156,3,2
2021-06-12T23:59:59+02:00,18,20,2950,2966,5599,5693,7752,8648,12619,13700,17775,18231,15424,16130,8767,10663,2879,5473,1174,1053,2165,2590,2899,4064,4280,5962,6594,7218,10177,10476,6388,7736,2720,5185,107976,55366,15395,8586,27779,12577,4154,3,2
2021-06-11T23:59:59+02:00,18,17,2874,2892,5530,5629,7571,8462,12209,13394,17494,18026,15408,16105,8761,10655,2876,5471,1150,1036,2110,2549,2834,4015,4195,5900,6483,7127,10074,10363,6374,7729,2718,5179,106964,54840,14504,8317,27778,12538,4143,3,2
2021-06-10T23:59:59+02:00,14,15,2820,2851,5430,5576,7439,8381,12022,13255,17356,17908,15403,16101,8761,10654,2875,5470,1109,1011,2035,2483,2734,3937,4025,5770,6238,6914,9823,10095,6354,7701,2712,5173,106043,53276,14431,8313,27773,12446,4081,3,2
2021-06-09T23:59:59+02:00,13,14,2742,2782,5308,5481,7217,8211,11743,13013,17169,17760,15392,16087,8757,10645,2875,5467,1052,946,1903,2365,2529,3754,3699,5486,5616,6403,9000,9192,6297,7625,2698,5138,104837,49266,14279,8295,27764,12351,3793,3,2
2021-06-08T23:59:59+02:00,10,10,2644,2680,5173,5353,7020,8026,11313,12586,16792,17371,15373,16060,8746,10638,2874,5462,1015,917,1833,2300,2423,3680,3559,5420,5466,6271,8966,9173,6295,7613,2696,5134,102633,48755,14252,8244,27762,12283,3481,3,2
2021-06-07T23:59:59+02:00,8,9,2517,2582,4981,5222,6813,7861,10835,12225,16449,17075,15348,16032,8740,10621,2873,5458,946,880,1704,2243,2282,3596,3304,5330,5111,5986,8417,8548,6242,7554,2692,5125,100697,46538,14209,8228,27753,12209,2987,3,2
2021-06-06T23:59:59+02:00,8,7,2480,2557,4920,5165,6727,7804,10696,12114,16358,17010,15345,16028,8740,10621,2871,5457,930,870,1676,2223,2238,3568,3233,5305,5063,5962,8412,8547,6237,7546,2692,5124,100106,46377,14158,8218,27746,12138,2895,3,2
2021-06-05T23:59:59+02:00,7,6,2466,2535,4892,5140,6690,7774,10666,12087,16349,17003,15345,16028,8740,10621,2871,5457,914,855,1643,2194,2198,3512,3130,5223,4710,5634,7817,7843,6209,7492,2691,5122,99881,43992,14158,8212,27744,12094,2891,3,2
2021-06-04T23:59:59+02:00,6,5,2435,2506,4847,5096,6642,7721,10577,11983,16297,16939,15341,16021,8740,10620,2870,5456,902,837,1620,2174,2156,3475,3078,5165,4547,5445,7516,7475,6173,7450,2689,5116,99350,42706,14151,8210,27744,12050,2854,3,2
2021-06-03T23:59:59+02:00,6,5,2332,2378,4696,4922,6433,7473,9876,11349,15707,16489,15330,16011,8737,10614,2869,5455,885,807,1580,2115,2107,3395,2988,5055,4401,5278,7357,7286,6161,7423,2689,5112,96011,41658,14112,8200,27739,11966,2817,3,2
2021-06-02T23:59:59+02:00,6,5,2315,2353,4651,4889,6378,7436,9776,11261,15647,16436,15322,16007,8736,10610,2869,5454,873,795,1561,2091,2054,3358,2902,4970,4040,4889,6800,6647,6117,7367,2685,5101,95486,39320,14110,8195,27739,11923,2813,3,2
2021-06-01T23:59:59+02:00,6,4,2252,2313,4530,4796,6213,7319,9587,11113,15539,16359,15319,16003,8732,10606,2868,5449,839,768,1496,2042,1938,3295,2748,4877,3837,4762,6590,6415,6095,7349,2679,5094,94612,38237,14060,8173,27727,11808,2606,3,2
2021-05-31T23:59:59+02:00,2,4,2202,2254,4432,4704,6069,7194,9401,10964,15453,16303,15311,15996,8729,10606,2868,5449,816,734,1439,1983,1867,3246,2573,4821,3707,4708,6233,6001,6072,7328,2676,5086,93890,37058,13973,8166,27716,11707,2359,3,2
2021-05-30T23:59:59+02:00,2,4,2177,2233,4376,4643,5974,7134,9326,10902,15416,16283,15310,15993,8729,10606,2868,5449,804,723,1416,1961,1817,3220,2440,4786,3602,4690,6231,5999,6072,7328,2676,5086,93439,36741,13934,8144,27706,11623,2343,3,2
2021-05-29T23:59:59+02:00,2,4,2161,2218,4356,4631,5957,7117,9313,10889,15411,16280,15309,15993,8729,10606,2868,5449,786,671,1323,1703,1683,2859,2240,4239,3323,4260,6141,5905,5960,7196,2675,5086,93310,36688,13931,8138,27706,8881,2343,3,2
2021-05-28T23:59:59+02:00,2,4,2140,2195,4317,4585,5912,7072,9235,10819,15343,16228,15305,15991,8729,10606,2868,5448,767,581,1245,1450,1585,2457,2062,3551,3059,3664,5503,5164,5878,7105,2671,5073,92832,35387,13918,8138,27704,5948,2342,3,2
2021-05-27T23:59:59+02:00,2,4,2098,2157,4230,4518,5789,6998,9079,10719,15245,16144,15304,15990,8729,10606,2868,5448,737,547,1213,1367,1543,2320,1992,3409,2946,3545,5067,4683,5845,7066,2660,5044,92149,34263,13768,8129,27681,5265,2327,3,2
2021-05-26T23:59:59+02:00,2,4,2030,2038,4035,4373,5448,6734,8108,9975,14483,15441,15292,15984,8725,10600,2866,5445,726,532,1187,1306,1497,2261,1934,3294,2794,3401,3759,3302,5786,6994,2637,4986,91374,30985,10240,8112,27665,4998,2301,3,2
2021-05-25T23:59:59+02:00,2,4,1993,2001,3955,4306,5353,6668,7973,9868,14105,15005,15244,15947,8718,10585,2864,5441,721,525,1159,1271,1477,2236,1914,3266,2768,3375,3753,3292,5779,6991,2635,4985,90029,30896,10091,8102,27649,4889,2260,3,2
2021-05-24T23:59:59+02:00,2,4,1967,1957,3868,4230,5247,6586,7848,9744,13595,14390,15193,15880,8711,10572,2863,5436,715,517,1140,1259,1445,2221,1892,3247,2742,3353,3736,3274,5757,6967,2626,4969,88241,30762,10012,8051,27638,4849,2199,3,1
2021-05-23T23:59:59+02:00,2,4,1958,1945,3849,4208,5229,6573,7796,9713,13519,14327,15182,15876,8709,10571,2862,5436,708,506,1129,1246,1420,2197,1834,3211,2634,3255,3325,2841,5114,6157,2611,4924,88008,30588,9911,5498,27638,4828,2199,3,1
2021-05-22T23:59:59+02:00,2,4,1791,1903,3547,4158,4827,6530,7539,9656,13394,14248,15176,15875,8709,10570,2862,5436,546,475,836,1204,1043,2162,1594,3158,2520,3180,3322,2839,5114,6156,2611,4924,87857,30576,9911,5497,27636,4792,820,3,1
2021-05-21T23:59:59+02:00,2,3,1706,1795,3390,3966,4637,6235,7142,9290,12101,12914,15025,15727,8672,10523,2853,5425,542,463,826,1202,1041,2154,1559,3128,2442,3104,3148,2702,5088,6113,2608,4909,83084,29942,9871,5496,27630,4773,818,3,1
2021-05-20T23:59:59+02:00,2,3,1668,1761,3295,3916,4530,6152,6965,9207,11890,12684,15004,15709,8668,10516,2852,5424,521,448,784,1156,984,2090,1439,3056,2316,3007,2960,2531,5047,6036,2600,4894,82241,29194,9768,5481,27574,4533,661,2,1
2021-05-19T23:59:59+02:00,2,3,1647,1735,3237,3860,4435,6085,6848,9142,11657,12423,14993,15698,8665,10515,2852,5423,512,436,768,1119,967,2021,1329,2908,1990,2713,2397,2036,4942,5918,2578,4847,81420,27128,9629,5466,27547,4265,622,2,1
2021-05-18T23:59:59+02:00,2,3,1586,1702,3149,3770,4322,5981,6688,8983,11365,12166,14948,15650,8653,10492,2850,5413,509,424,752,1103,949,2004,1246,2843,1710,2490,1956,1692,4869,5835,2557,4804,80319,25589,9427,5456,27478,4201,497,2,1
2021-05-17T23:59:59+02:00,2,3,1537,1621,3019,3612,4118,5702,6340,8524,10816,11617,14839,15557,8634,10467,2845,5402,507,416,746,1096,930,1999,1222,2819,1683,2453,1940,1672,4862,5828,2554,4802,77421,25525,9390,5442,27454,4174,388,2,1
2021-05-16T23:59:59+02:00,2,3,1518,1599,2966,3571,4023,5615,6191,8388,10640,11483,14813,15535,8626,10459,2844,5400,500,410,724,1081,900,1983,1193,2791,1650,2429,1933,1663,4859,5824,2551,4800,76675,25495,9331,5424,27424,4128,244,2,1
2021-05-15T23:59:59+02:00,2,3,1432,1501,2756,3405,3794,5338,5832,7916,10287,11188,14728,15473,8607,10430,2838,5391,500,408,720,1079,900,1979,1188,2790,1644,2424,1921,1651,4852,5818,2551,4798,73928,25433,9331,5424,27417,4123,243,2,1
2021-05-14T23:59:59+02:00,2,3,1398,1438,2645,3308,3642,5181,5633,7627,10068,10935,14693,15435,8594,10407,2835,5387,451,367,649,913,827,1693,1060,2380,1463,2099,1887,1611,4849,5810,2550,4794,72284,25370,9312,5422,27394,2372,239,2,1
2021-05-13T23:59:59+02:00,2,3,1341,1371,2543,3224,3473,5044,5414,7421,9841,10756,14667,15406,8584,10404,2833,5384,444,354,622,885,725,1586,960,2295,1198,1886,1168,1031,4629,5575,2542,4761,71121,25250,9000,2880,27364,2307,224,2,1
2021-05-12T23:59:59+02:00,2,3,1334,1361,2526,3218,3455,5031,5393,7408,9826,10745,14665,15402,8582,10402,2832,5384,444,353,621,884,721,1583,955,2295,1194,1880,1149,1022,4616,5537,2508,4692,71006,25047,8976,2880,27362,2304,223,2,1
2021-05-11T23:59:59+02:00,2,2,1292,1319,2453,3136,3341,4904,5197,7261,9539,10437,14617,15344,8570,10382,2828,5375,438,340,603,870,698,1566,927,2271,1168,1854,1094,986,4553,5439,2465,4568,69666,24555,8853,2862,27277,2222,201,2,1
2021-05-10T23:59:59+02:00,2,2,1270,1292,2389,3059,3214,4778,5066,7103,9214,10057,14571,15305,8561,10363,2823,5373,437,338,590,861,684,1551,915,2255,1150,1840,1059,952,4491,5363,2424,4450,68310,24140,8731,2859,27208,2170,191,2,1
2021-05-09T23:59:59+02:00,2,2,1255,1275,2347,3044,3135,4742,5002,7069,9148,10012,14558,15290,8559,10358,2823,5371,429,336,576,856,661,1531,893,2234,1138,1826,1040,936,4478,5325,2408,4407,68071,23977,8655,2857,27160,2136,104,2,1
2021-05-08T23:59:59+02:00,1,2,1253,1271,2333,3032,3117,4731,4962,7054,9124,10004,14557,15290,8559,10357,2823,5371,429,336,575,856,660,1531,893,2233,1137,1825,1040,936,4477,5325,2408,4407,67928,23975,8649,2854,27158,2135,104,2,1
2021-05-07T23:59:59+02:00,1,2,1233,1250,2293,2991,3065,4683,4863,6962,8899,9757,14540,15267,8553,10351,2820,5367,381,310,543,788,623,1369,823,2026,1047,1636,1010,907,4456,5303,2406,4402,67017,23870,8642,2850,27132,1206,104,2,1
2021-05-06T23:59:59+02:00,1,2,1086,1158,2065,2748,2766,4372,4492,6561,8308,9150,14260,15028,8513,10294,2817,5366,380,306,530,769,606,1337,804,1991,1014,1608,983,875,4446,5289,2404,4398,63378,23740,8514,2799,26996,1104,97,2,1
2021-05-05T23:59:59+02:00,1,1,1021,1106,1953,2635,2606,4200,4196,6282,7291,7964,14174,14929,8478,10253,2804,5346,377,303,523,759,591,1328,770,1977,988,1588,910,813,4405,5217,2396,4382,59848,23420,8468,2778,26872,1079,50,2,1
2021-05-04T23:59:59+02:00,1,1,999,1086,1901,2596,2504,4132,3976,6168,7010,7746,13668,14362,8447,10220,2799,5337,374,302,518,755,579,1323,753,1958,972,1581,892,789,4384,5201,2393,4373,57789,23285,8409,2763,26711,1057,42,2,1
2021-05-03T23:59:59+02:00,1,1,967,1049,1839,2543,2398,4021,3775,6050,6652,7444,13132,13736,8410,10182,2792,5322,368,301,516,749,568,1316,744,1947,958,1568,866,765,4366,5183,2387,4360,55360,23173,8383,2752,26568,1036,1,2,1
2021-05-02T23:59:59+02:00,1,1,962,1048,1820,2537,2369,4012,3730,6040,6616,7435,13131,13735,8410,10181,2792,5322,368,301,513,749,567,1314,739,1947,957,1564,864,761,4364,5179,2387,4360,55221,23154,8377,2750,26541,1029,1,2,1
2021-05-01T23:59:59+02:00,1,1,962,1046,1812,2533,2357,4004,3717,6032,6602,7426,13130,13732,8410,10181,2792,5322,368,301,513,749,567,1314,738,1946,955,1564,864,761,4364,5179,2387,4360,55143,23154,8375,2746,26539,1029,1,2,1
2021-04-30T23:59:59+02:00,0,1,946,1041,1792,2517,2336,3969,3680,5999,6523,7372,13034,13628,8409,10176,2789,5310,318,246,472,673,538,1137,708,1723,921,1360,853,743,4360,5176,2387,4360,54645,23140,8374,2741,26500,93,1,2,1
2021-04-29T23:59:59+02:00,0,1,892,1016,1736,2467,2272,3910,3532,5875,6285,7149,12773,13354,8387,10147,2785,5303,311,244,462,666,535,1129,701,1712,910,1350,845,728,4351,5168,2387,4358,53048,23050,8358,2735,26475,71,1,2,1
2021-04-28T23:59:59+02:00,0,1,831,982,1656,2404,2128,3799,3248,5622,5682,6642,11936,12435,8328,10058,2761,5266,310,241,460,659,527,1116,690,1691,900,1343,830,712,4332,5141,2385,4358,48990,22927,8351,2716,26435,51,1,2,1
2021-04-27T23:59:59+02:00,0,1,822,977,1638,2383,2083,3780,3177,5597,5556,6518,11907,12418,8326,10056,2761,5264,309,239,454,657,519,1110,681,1679,890,1337,819,700,4328,5135,2384,4352,48511,22849,8346,2700,26404,43,1,2,1
2021-04-26T23:59:59+02:00,0,1,812,965,1612,2365,2023,3739,2999,5519,5224,6232,11342,11773,8271,9991,2756,5254,307,238,453,656,514,1104,670,1673,881,1326,810,691,4323,5130,2384,4348,46178,22798,8337,2671,26361,38,1,1,1
2021-04-25T23:59:59+02:00,0,1,802,963,1595,2359,1985,3722,2873,5496,5130,6227,11338,11769,8267,9985,2755,5253,306,238,453,656,514,1097,670,1671,878,1324,810,690,4323,5130,2384,4348,45849,22793,8331,2667,26338,31,1,1,1
2021-04-24T23:59:59+02:00,0,1,788,953,1573,2339,1945,3677,2776,5427,4787,5904,10724,11044,8236,9926,2754,5251,306,238,453,656,514,1096,669,1669,877,1324,805,686,4313,5114,2382,4347,43441,22756,8330,2662,26332,30,1,1,1
2021-04-23T23:59:59+02:00,0,1,783,945,1560,2329,1915,3650,2737,5374,4626,5718,10415,10662,8196,9884,2751,5242,306,237,453,656,514,1095,668,1669,875,1324,805,685,4310,5111,2382,4347,42140,22745,8329,2661,26317,30,1,1,1
2021-04-22T23:59:59+02:00,0,1,766,931,1532,2286,1865,3581,2650,5283,4473,5564,10271,10468,8182,9853,2749,5234,306,236,451,645,512,1089,662,1661,869,1315,799,681,4307,5109,2382,4345,41139,22709,8301,2637,26247,22,1,1,1
2021-04-21T23:59:59+02:00,0,1,755,919,1507,2274,1813,3536,2545,5195,4088,5144,9674,9784,8133,9789,2745,5223,304,236,449,644,512,1088,658,1658,864,1310,786,669,4297,5095,2382,4341,38620,22659,8285,2613,26218,20,1,1,1
2021-04-20T23:59:59+02:00,0,1,748,907,1486,2247,1782,3505,2495,5137,3951,5049,9477,9564,8116,9779,2741,5220,304,235,449,643,511,1086,657,1654,861,1304,780,664,4293,5090,2382,4341,37785,22627,8273,2607,26145,20,1,1,0
2021-04-19T23:59:59+02:00,0,1,741,898,1478,2239,1763,3487,2463,5110,3886,4990,9106,9147,8091,9754,2738,5214,304,233,448,639,509,1083,654,1652,857,1300,775,658,4284,5088,2382,4339,36755,22589,8261,2596,26088,20,1,1,0
2021-04-18T23:59:59+02:00,0,1,737,895,1473,2233,1745,3480,2444,5098,3878,4988,9096,9136,8091,9753,2738,5214,303,233,448,636,508,1079,652,1649,854,1300,774,656,4284,5086,2382,4339,36695,22581,8241,2582,26062,20,1,1,0
2021-04-17T23:59:59+02:00,0,1,721,889,1385,2223,1645,3468,2407,5068,3797,4910,8382,8414,8075,9740,2738,5214,303,233,446,634,507,1078,651,1649,853,1297,774,656,4283,5086,2382,4339,36687,22569,8241,2582,24147,20,1,1,0
2021-04-16T23:59:59+02:00,0,1,706,871,1256,2200,1493,3445,2321,5002,3635,4745,7042,6863,8040,9691,2725,5182,303,232,441,626,503,1074,641,1647,849,1287,764,650,4277,5072,2379,4337,35308,22492,8231,2578,21677,12,1,1,0
2021-04-15T23:59:59+02:00,0,1,685,861,1245,2187,1472,3427,2263,4965,3563,4693,6604,6364,7999,9627,2701,5107,296,226,427,615,486,1060,607,1620,813,1257,673,589,3779,4560,2355,4301,33984,22432,8176,1224,21602,8,1,1,0
2021-04-14T23:59:59+02:00,0,1,680,857,1226,2173,1440,3408,2218,4928,3431,4599,5263,4959,7948,9562,2679,5070,288,221,424,609,479,1057,600,1612,808,1254,658,573,3766,4550,2351,4296,30751,22344,8164,1195,21525,7,1,1,0
2021-04-13T23:59:59+02:00,0,1,677,857,1217,2168,1424,3406,2210,4917,3411,4584,5244,4942,7942,9559,2678,5068,288,220,422,607,476,1054,598,1608,797,1251,640,568,3764,4547,2351,4296,30670,22323,8143,1157,21490,7,1,1,0
2021-04-12T23:59:59+02:00,0,1,672,849,1204,2158,1408,3395,2175,4902,3380,4560,5219,4927,7929,9547,2675,5035,287,219,420,607,474,1048,596,1604,789,1243,635,565,3758,4546,2351,4296,30537,22295,8098,1136,21399,7,1,1,0
2021-04-11T23:59:59+02:00,0,1,664,845,1188,2146,1390,3380,2107,4877,3261,4476,4800,4485,7256,8721,2668,5030,287,219,418,607,472,1046,591,1601,785,1241,631,562,3754,4541,2351,4296,30507,22288,5479,1107,21307,7,1,1,0
2021-04-10T23:59:59+02:00,0,1,664,843,1187,2145,1388,3376,2105,4874,3258,4469,4756,4438,7252,8715,2668,5029,282,216,416,596,459,1030,564,1584,753,1216,559,492,3186,3921,2301,4201,30384,20662,5476,1107,21306,7,1,1,0
2021-04-09T23:59:59+02:00,0,1,660,842,1179,2142,1384,3371,2073,4852,3179,4388,4558,4272,7217,8666,2664,5013,272,209,406,582,440,1014,538,1565,732,1193,479,431,2529,3101,2252,4105,29694,18735,5472,1106,21293,7,1,1,0
2021-04-08T23:59:59+02:00,0,1,650,832,1163,2130,1367,3339,2011,4798,3029,4277,3503,3115,6976,8302,2653,4998,259,201,389,564,417,1000,516,1534,699,1170,458,404,2519,3092,2249,4102,28887,18508,5422,1058,18833,7,1,1,0
2021-04-07T23:59:59+02:00,0,1,643,826,1150,2121,1348,3326,1902,4718,2707,4027,2894,2586,6864,8178,2628,4945,245,194,362,540,379,966,473,1500,664,1142,431,380,2459,3028,2244,4094,26702,18056,5401,1039,18759,6,1,1,0
2021-04-06T23:59:59+02:00,0,1,633,817,1111,2114,1324,3308,1784,4667,2428,3859,2441,2237,6786,8087,2606,4907,221,181,328,513,354,947,436,1477,629,1111,396,338,2404,2953,2238,4084,25098,17583,5384,1021,18626,6,1,1,0
2021-04-05T23:59:59+02:00,0,1,630,815,1100,2109,1318,3305,1775,4657,2413,3842,2151,1891,5662,6768,2604,4906,221,181,327,509,348,941,432,1475,625,1107,393,335,2402,2947,2238,4082,25066,17573,5372,984,15507,6,1,1,0
2021-04-04T23:59:59+02:00,0,1,629,815,1100,2109,1318,3304,1775,4657,2411,3840,2150,1888,5662,6764,2604,4906,221,181,326,509,348,941,431,1475,625,1107,393,335,2401,2947,2238,4082,25058,17570,5372,984,15501,6,1,1,0
2021-04-03T23:59:59+02:00,0,1,629,815,1100,2108,1318,3304,1774,4655,2407,3840,2149,1885,5661,6764,2604,4906,221,181,326,509,348,941,431,1475,624,1107,393,335,2401,2947,2238,4082,25052,17569,5368,984,15498,6,1,1,0
2021-04-02T23:59:59+02:00,0,1,629,814,1100,2108,1314,3303,1771,4650,2406,3837,2141,1876,5649,6748,2600,4894,221,181,326,507,348,940,430,1474,623,1096,391,335,2401,2946,2238,4082,24983,17549,5363,984,15493,6,1,1,0
2021-04-01T23:59:59+02:00,0,1,625,803,1078,2089,1216,3208,1680,4581,2147,3629,1408,1287,5440,6535,2590,4864,217,180,326,506,347,939,429,1472,623,1095,388,333,2401,2946,2238,4078,24872,17537,2852,975,15455,6,1,1,0
2021-03-31T23:59:59+02:00,0,1,623,802,1074,2085,1211,3200,1669,4576,2129,3616,1380,1254,5411,6480,2549,4764,216,180,326,505,346,939,429,1471,622,1093,385,330,2397,2945,2236,4076,24546,17523,2838,967,15438,6,1,1,0
2021-03-30T23:59:59+02:00,0,1,621,795,1069,2081,1205,3195,1659,4562,2122,3601,1333,1208,5324,6349,2502,4609,216,179,326,504,343,935,424,1468,615,1082,370,319,2294,2792,2113,3849,24009,16898,2816,925,15410,6,1,0,0
2021-03-29T23:59:59+02:00,0,1,619,793,1066,2073,1195,3189,1652,4550,2109,3588,1297,1177,5260,6254,2448,4475,215,178,324,502,341,933,422,1463,610,1077,363,314,2069,2525,1886,3469,23564,15763,2789,922,15392,6,1,0,0
2021-03-28T23:59:59+02:00,0,1,619,790,1064,2067,1192,3182,1647,4539,2103,3583,1281,1168,5249,6232,2436,4442,213,178,323,499,332,929,419,1456,607,1065,356,302,2064,2511,1885,3466,23454,15735,2771,867,15369,3,1,0,0
2021-03-27T23:59:59+01:00,0,1,566,729,984,1999,1111,3063,1529,4414,2001,3501,1212,1098,4646,5499,2436,4442,211,177,323,499,332,929,415,1454,606,1062,355,302,2063,2510,1885,3466,23437,15719,2766,867,13027,3,1,0,0
2021-03-26T23:59:59+01:00,0,1,563,724,977,1988,1109,3057,1519,4407,1984,3493,1168,1067,4616,5465,2435,4438,210,174,323,497,329,928,413,1453,601,1055,347,297,1658,1975,1460,2739,23241,13595,2756,861,13013,3,1,0,0
2021-03-25T23:59:59+01:00,0,1,560,718,964,1980,1106,3048,1512,4395,1968,3483,1158,1057,4608,5460,2435,4436,209,171,321,496,327,923,410,1447,597,1046,343,293,1561,1853,1423,2663,23194,13242,2748,838,12946,3,1,0,0
2021-03-24T23:59:59+01:00,0,1,558,712,956,1969,1093,3032,1483,4377,1954,3475,1123,1027,4581,5425,2430,4431,208,171,320,495,323,919,406,1439,587,1028,330,283,1233,1470,1267,2394,23053,12092,2722,778,12851,3,1,0,0
2021-03-23T23:59:59+01:00,0,1,556,707,951,1956,1089,3022,1476,4363,1944,3467,1110,1016,4562,5411,2430,4427,207,171,318,492,315,916,405,1439,581,1024,322,276,994,1205,1151,2214,22978,11271,2713,756,12796,3,1,0,0
2021-03-22T23:59:59+01:00,0,1,555,698,946,1942,1083,3013,1467,4347,1930,3457,1107,1012,4557,5410,2430,4427,206,171,317,490,314,914,402,1436,578,1020,318,272,993,1201,1151,2211,22953,11255,2697,736,12731,3,1,0,0
2021-03-21T23:59:59+01:00,0,1,552,695,943,1934,1080,3009,1459,4334,1918,3450,1104,1011,4557,5408,2430,4427,205,171,317,489,312,910,402,1431,572,1018,308,267,989,1196,1150,2211,22949,11252,2684,693,12678,3,1,0,0
2021-03-20T23:59:59+01:00,0,1,547,688,938,1917,1063,2992,1431,4316,1884,3421,1032,940,3971,4768,2378,4327,205,171,317,489,312,910,402,1431,572,1018,308,267,989,1196,1149,2210,21274,11250,2683,693,12656,3,1,0,0
2021-03-19T23:59:59+01:00,0,1,538,679,920,1889,1036,2972,1395,4290,1858,3390,945,875,3290,3928,2327,4228,202,171,315,489,311,907,400,1429,568,1011,305,266,976,1183,1118,2170,19276,11227,2672,591,12612,3,1,0,0
2021-03-18T23:59:59+01:00,0,1,525,667,903,1863,1013,2946,1355,4249,1814,3337,847,811,2774,3393,2304,4194,197,169,312,485,308,897,396,1423,566,1006,302,259,870,1086,1005,1977,19197,10841,1264,414,12534,3,1,0,0
2021-03-17T23:59:59+01:00,0,1,523,657,894,1843,1000,2925,1333,4227,1797,3321,817,786,2686,3302,2298,4189,195,168,310,483,305,896,389,1419,563,1002,299,254,628,811,699,1526,18888,9913,1225,34,12485,0,1,0,0
2021-03-16T23:59:59+01:00,0,1,521,648,885,1822,979,2909,1316,4215,1773,3305,788,775,2638,3221,2296,4184,195,168,308,483,303,893,386,1417,560,997,293,250,380,571,508,1216,18680,8901,1185,28,12411,0,0,0,0
2021-03-15T23:59:59+01:00,0,1,521,638,880,1802,968,2887,1311,4208,1765,3296,782,771,2635,3220,2296,4184,194,168,307,482,302,893,386,1416,557,997,293,250,380,570,507,1216,18665,8894,1162,25,12338,0,0,0,0
2021-03-14T23:59:59+01:00,0,1,520,632,873,1790,961,2880,1301,4195,1755,3283,777,767,2630,3217,2296,4184,194,168,306,482,301,891,384,1414,557,997,292,250,380,570,507,1216,18660,8891,1132,19,12270,0,0,0,0
2021-03-13T23:59:59+01:00,0,1,499,581,780,1529,830,2497,1107,3632,1473,2855,696,678,2527,3091,2295,4183,194,168,306,482,301,891,384,1414,557,997,292,250,380,570,507,1216,18656,8891,1132,19,9466,0,0,0,0
2021-03-12T23:59:59+01:00,0,1,484,498,716,1260,739,2101,935,2944,1226,2263,555,526,2483,3046,2295,4183,194,166,306,482,301,889,383,1414,557,994,292,249,367,550,458,1151,18627,8734,1131,19,6497,0,0,0,0
2021-03-11T23:59:59+01:00,0,1,460,462,682,1189,693,1995,875,2799,1144,2151,499,466,2469,3034,2294,4181,194,166,305,480,300,888,383,1411,556,994,292,248,354,533,409,1106,18431,8603,1083,16,5880,0,0,0,0
2021-03-10T23:59:59+01:00,0,1,446,452,649,1155,653,1962,833,2763,1111,2122,480,450,2455,3014,2293,4177,190,164,301,473,300,887,378,1405,550,987,288,242,229,434,176,837,18155,7831,1063,10,5798,0,0,0,0
2021-03-09T23:59:59+01:00,0,1,430,435,618,1125,630,1942,810,2735,1089,2098,458,429,2361,2871,2167,3945,190,164,299,471,299,886,377,1402,550,984,286,241,229,434,175,836,17386,7823,1046,0,5712,0,0,0,0
2021-03-08T23:59:59+01:00,0,1,417,414,596,1095,612,1920,794,2710,1067,2072,436,401,2130,2595,1938,3563,190,163,299,469,298,881,377,1396,550,982,285,239,229,433,175,836,16135,7802,1017,0,5609,0,0,0,0
2021-03-07T23:59:59+01:00,0,1,416,413,589,1077,598,1912,791,2697,1062,2062,435,400,2125,2587,1937,3560,190,163,298,468,298,880,377,1393,550,981,285,239,229,433,175,836,16107,7795,1007,0,5548,0,0,0,0
2021-03-06T23:59:59+01:00,0,1,416,410,586,1064,595,1910,784,2690,1058,2055,434,400,2125,2587,1937,3560,190,163,298,468,298,880,377,1393,550,980,284,239,229,433,175,836,16099,7793,1007,0,5506,0,0,0,0
2021-03-05T23:59:59+01:00,0,1,410,395,580,1052,590,1901,779,2680,1051,2047,420,392,1701,2022,1501,2802,187,158,294,468,295,878,375,1390,548,976,284,239,229,433,175,836,13859,7765,1007,0,5458,0,0,0,0
2021-03-04T23:59:59+01:00,0,1,400,370,552,1013,571,1844,750,2626,1030,1998,416,388,1608,1903,1461,2725,176,150,283,457,294,870,373,1376,546,972,283,239,229,433,175,836,13501,7692,1001,0,5154,0,0,0,0
2021-03-03T23:59:59+01:00,0,1,397,364,545,982,553,1812,726,2578,1012,1958,408,382,1282,1523,1302,2451,175,149,282,456,293,869,369,1369,543,965,281,237,228,432,173,831,12337,7652,992,0,4947,0,0,0,0
2021-03-02T23:59:59+01:00,0,1,393,359,537,948,539,1792,717,2554,1001,1939,397,372,1036,1255,1182,2268,175,147,281,446,289,863,369,1360,543,959,281,237,228,432,173,831,11507,7614,955,0,4828,0,0,0,0
2021-03-01T23:59:59+01:00,0,1,391,352,528,925,520,1761,708,2530,990,1922,393,365,1035,1248,1182,2264,175,145,281,437,286,853,366,1345,540,953,279,235,227,431,173,831,11487,7557,920,0,4708,0,0,0,0
2021-02-28T23:59:59+01:00,0,1,386,349,525,917,513,1750,704,2518,985,1907,388,360,1035,1246,1182,2264,173,144,281,436,286,852,366,1345,539,953,279,235,227,431,173,831,11482,7551,892,0,4656,0,0,0,0
2021-02-27T23:59:59+01:00,0,1,385,347,520,910,511,1744,701,2509,982,1905,387,359,1035,1246,1181,2264,173,144,281,436,286,852,366,1345,538,953,279,235,227,431,173,831,11481,7550,892,0,4614,0,0,0,0
2021-02-26T23:59:59+01:00,0,1,338,301,452,738,435,1436,574,2092,811,1564,359,329,1035,1243,1181,2264,173,142,281,432,284,844,364,1337,536,950,279,235,227,431,173,831,11470,7519,881,0,2802,0,0,0,0
2021-02-25T23:59:59+01:00,0,1,318,292,441,717,423,1400,559,2044,793,1532,352,321,949,1151,1107,2138,122,129,261,427,275,832,352,1321,531,943,279,233,227,431,173,831,11060,7367,851,0,2627,0,0,0,0
2021-02-24T23:59:59+01:00,0,1,313,286,436,701,416,1365,543,1996,771,1488,345,308,739,917,920,1829,122,123,259,421,272,822,350,1308,524,937,277,231,225,430,173,829,10111,7303,810,0,2453,0,0,0,0
2021-02-23T23:59:59+01:00,0,1,311,274,428,687,405,1341,535,1962,752,1469,331,298,486,668,727,1522,122,122,258,419,270,816,350,1302,523,929,276,230,224,430,171,828,9098,7270,765,0,2334,0,0,0,0
2021-02-22T23:59:59+01:00,0,1,311,273,427,680,404,1336,531,1951,747,1465,331,296,485,666,727,1521,122,117,253,409,269,799,346,1277,518,921,272,229,224,430,171,828,9093,7185,754,0,2305,0,0,0,0
2021-02-21T23:59:59+01:00,0,1,308,272,425,674,401,1327,528,1943,741,1461,320,291,481,661,725,1521,122,117,252,408,269,796,343,1274,510,918,271,228,223,429,170,817,9088,7147,712,0,2280,0,0,0,0
2021-02-20T23:59:59+01:00,0,1,308,269,425,672,401,1319,527,1934,739,1457,320,291,481,661,725,1521,122,117,252,408,269,796,343,1274,509,918,271,228,223,429,170,817,9088,7146,712,0,2251,0,0,0,0
2021-02-19T23:59:59+01:00,0,0,262,243,393,596,367,1150,469,1720,630,1247,311,275,455,625,643,1412,122,117,252,408,268,796,343,1274,509,918,271,228,223,429,170,817,8866,7145,605,0,1327,0,0,0,0
2021-02-18T23:59:59+01:00,0,0,261,238,385,587,356,1128,456,1702,620,1240,311,273,401,577,530,1280,119,114,248,402,261,789,340,1265,506,917,269,226,223,429,170,817,8678,7095,424,0,1243,0,0,0,0
2021-02-17T23:59:59+01:00,0,0,255,234,373,573,349,1119,433,1686,612,1228,306,266,240,441,185,861,111,101,245,396,256,773,334,1249,500,907,265,223,222,429,170,817,7941,6998,32,0,1188,0,0,0,0
2021-02-16T23:59:59+01:00,0,0,253,232,362,571,339,1110,425,1672,607,1221,303,263,239,440,185,861,82,88,225,370,245,743,316,1209,468,873,243,208,214,409,169,810,7932,6672,28,0,1123,0,0,0,0
2021-02-15T23:59:59+01:00,0,0,251,232,360,566,337,1104,423,1660,604,1215,303,263,239,439,184,861,81,86,221,359,238,731,306,1182,452,850,230,201,201,385,162,753,7925,6438,25,0,1091,0,0,0,0
2021-02-14T23:59:59+01:00,0,0,250,230,354,563,333,1095,419,1654,601,1212,303,263,239,439,184,861,77,84,214,354,235,723,301,1169,448,835,229,199,201,374,162,743,7915,6348,20,0,1065,0,0,0,0
2021-02-13T23:59:59+01:00,0,0,250,230,354,563,333,1095,417,1654,601,1211,302,263,239,439,184,861,77,84,214,354,235,723,301,1169,448,835,229,199,201,374,162,743,7913,6348,20,0,1063,0,0,0,0
2021-02-12T23:59:59+01:00,0,0,194,169,306,485,306,899,384,1416,564,998,294,248,238,439,184,861,74,83,211,353,233,720,295,1165,445,830,225,196,201,372,162,743,7900,6308,20,0,65,0,0,0,0
2021-02-11T23:59:59+01:00,0,0,192,168,300,474,302,885,378,1397,554,990,294,248,238,439,184,861,73,80,200,327,223,676,275,1114,427,780,224,193,201,367,162,740,7860,6062,17,0,27,0,0,0,0
2021-02-10T23:59:59+01:00,0,0,190,161,296,470,299,880,372,1386,550,982,292,246,236,438,184,859,68,74,183,299,212,616,258,1029,402,727,215,178,187,337,147,689,7817,5621,11,0,13,0,0,0,0
2021-02-09T23:59:59+01:00,0,0,185,154,292,462,298,871,372,1376,548,973,289,245,236,438,183,858,59,59,145,236,183,511,220,837,346,592,194,152,165,301,137,612,7772,4749,2,0,6,0,0,0,0
2021-02-08T23:59:59+01:00,0,0,179,147,288,450,293,861,368,1356,541,966,285,241,235,437,181,854,32,46,100,146,134,284,161,457,252,386,163,125,136,243,112,508,7674,3285,2,0,6,0,0,0,0
2021-02-07T23:59:59+01:00,0,0,177,145,285,449,292,859,367,1355,540,965,284,240,235,437,181,854,19,40,82,124,129,263,152,423,236,360,153,120,126,232,105,470,7664,3034,1,0,0,0,0,0,0
2021-02-06T23:59:59+01:00,0,0,177,145,285,449,292,859,367,1355,540,965,284,240,235,437,181,854,19,37,80,121,119,248,141,406,205,339,138,116,125,227,104,459,7664,2884,1,0,0,0,0,0,0
2021-02-05T23:59:59+01:00,0,0,177,143,285,445,291,848,365,1347,536,962,284,239,235,437,181,853,18,33,76,116,112,234,135,379,188,321,133,111,121,222,96,442,7627,2737,1,0,0,0,0,0,0
2021-02-04T23:59:59+01:00,0,0,169,138,284,441,284,839,361,1336,527,953,283,237,234,436,181,851,11,20,50,78,83,177,113,288,155,263,115,97,109,206,86,398,7554,2249,0,0,0,0,0,0,0
2021-02-03T23:59:59+01:00,0,0,151,131,274,435,281,832,359,1325,527,951,283,237,233,436,181,850,11,18,42,67,74,142,89,256,134,222,96,83,94,177,78,350,7486,1933,0,0,0,0,0,0,0
2021-02-02T23:59:59+01:00,0,0,131,126,262,433,278,824,354,1319,526,944,282,237,232,436,180,849,11,15,34,61,62,120,74,212,103,172,64,58,69,114,53,225,7413,1447,0,0,0,0,0,0,0
2021-02-01T23:59:59+01:00,0,0,126,121,257,418,276,807,352,1294,520,932,277,235,232,436,180,849,4,9,19,33,31,66,45,118,59,71,29,29,29,48,28,109,7312,727,0,0,0,0,0,0,0
2021-01-31T23:59:59+01:00,0,0,125,118,255,415,275,803,349,1288,515,930,277,232,231,435,180,849,4,6,14,23,26,47,32,72,39,43,15,9,14,28,22,63,7277,457,0,0,0,0,0,0,0
2021-01-30T23:59:59+01:00,0,0,125,118,255,415,275,802,349,1287,514,930,277,232,231,435,180,849,4,6,13,20,23,40,27,64,36,41,15,9,14,28,22,63,7274,425,0,0,0,0,0,0,0
2021-01-29T23:59:59+01:00,0,0,125,118,255,415,274,802,349,1287,514,930,277,232,231,435,180,849,4,6,7,18,21,31,22,56,32,38,15,9,14,27,21,62,7273,383,0,0,0,0,0,0,0
2021-01-28T23:59:59+01:00,0,0,123,115,251,408,270,795,346,1280,510,929,277,232,231,435,180,849,1,3,2,8,13,13,12,27,12,23,11,5,7,14,7,25,7231,183,0,0,0,0,0,0,0
2021-01-27T23:59:59+01:00,0,0,115,105,249,403,267,786,341,1273,504,922,272,229,230,434,180,849,0,0,1,4,9,11,8,20,10,17,10,5,7,14,7,25,7159,148,0,0,0,0,0,0,0
2021-01-26T23:59:59+01:00,0,0,88,93,231,386,259,761,328,1235,478,891,252,217,220,416,180,841,0,0,1,4,9,11,8,20,10,17,10,5,7,14,7,25,6876,148,0,0,0,0,0,0,0
2021-01-25T23:59:59+01:00,0,0,85,88,229,366,246,742,314,1202,460,866,235,210,209,394,175,785,0,0,1,4,9,9,7,13,7,13,10,5,7,14,7,25,6606,131,0,0,0,0,0,0,0
2021-01-24T23:59:59+01:00,0,0,85,86,225,362,245,737,311,1189,458,851,234,208,209,383,175,774,0,0,1,4,9,9,7,13,7,13,10,5,7,14,7,25,6532,131,0,0,0,0,0,0,0
2021-01-23T23:59:59+01:00,0,0,85,86,225,362,245,737,311,1189,458,851,234,208,209,383,175,774,0,0,1,4,9,9,7,13,7,13,10,5,7,14,7,25,6532,131,0,0,0,0,0,0,0
2021-01-22T23:59:59+01:00,0,0,85,85,223,360,245,734,308,1185,454,848,232,207,209,382,175,774,0,0,1,4,9,9,7,13,7,13,10,5,7,14,7,25,6506,131,0,0,0,0,0,0,0
2021-01-21T23:59:59+01:00,0,0,85,82,209,331,235,690,283,1135,439,814,231,203,208,376,174,771,0,0,1,2,7,8,6,12,6,11,10,5,7,14,7,25,6266,121,0,0,0,0,0,0,0
2021-01-20T23:59:59+01:00,0,0,79,76,194,308,223,624,269,1042,410,753,222,191,194,345,160,719,0,0,1,2,7,8,6,12,6,11,10,5,7,14,7,25,5809,121,0,0,0,0,0,0,0
2021-01-19T23:59:59+01:00,0,0,71,66,155,259,203,561,243,919,369,644,201,165,168,303,146,629,0,0,1,2,3,7,6,11,4,9,7,4,7,14,7,25,5102,107,0,0,0,0,0,0,0
2021-01-18T23:59:59+01:00,0,0,59,59,132,216,182,458,216,762,329,551,182,144,143,253,124,540,0,0,0,1,2,4,3,6,2,7,6,4,7,14,7,23,4350,86,0,0,0,0,0,0,0
2021-01-17T23:59:59+01:00,0,0,40,47,108,186,167,399,199,676,304,496,173,137,130,236,107,480,0,0,0,0,2,4,2,6,2,5,4,4,7,14,6,23,3885,79,0,0,0,0,0,0,0
2021-01-16T23:59:59+01:00,0,0,33,44,108,183,157,383,184,656,273,474,157,132,129,230,106,468,0,0,0,0,0,0,0,0,0,0,0,0,0,0,0,0,3717,0,0,0,0,0,0,0,0
2021-01-15T23:59:59+01:00,0,0,31,40,104,178,146,369,178,627,254,452,152,123,125,224,97,450,0,0,0,0,0,0,0,0,0,0,0,0,0,0,0,0,3550,0,0,0,0,0,0,0,0
2021-01-14T23:59:59+01:00,0,0,13,23,51,78,84,173,114,290,149,263,124,104,111,207,85,405,0,0,0,0,0,0,0,0,0,0,0,0,0,0,0,0,2274,0,0,0,0,0,0,0,0
2021-01-13T23:59:59+01:00,0,0,12,20,41,67,76,138,92,260,124,226,95,82,91,166,67,324,0,0,0,0,0,0,0,0,0,0,0,0,0,0,0,0,1881,0,0,0,0,0,0,0,0
2021-01-12T23:59:59+01:00,0,0,12,15,37,63,63,114,77,211,95,172,62,54,61,100,39,189,0,0,0,0,0,0,0,0,0,0,0,0,0,0,0,0,1364,0,0,0,0,0,0,0,0
2021-01-11T23:59:59+01:00,0,0,4,10,26,45,39,83,56,141,58,85,32,28,25,40,18,81,0,0,0,0,0,0,0,0,0,0,0,0,0,0,0,0,771,0,0,0,0,0,0,0,0
2021-01-10T23:59:59+01:00,0,0,3,6,19,32,34,58,38,94,37,53,15,8,8,19,12,34,0,0,0,0,0,0,0,0,0,0,0,0,0,0,0,0,470,0,0,0,0,0,0,0,0
2021-01-09T23:59:59+01:00,0,0,3,6,18,28,33,54,33,84,35,52,15,8,8,19,12,34,0,0,0,0,0,0,0,0,0,0,0,0,0,0,0,0,442,0,0,0,0,0,0,0,0
2021-01-08T23:59:59+01:00,0,0,3,6,15,26,29,43,27,75,31,48,14,8,7,17,11,33,0,0,0,0,0,0,0,0,0,0,0,0,0,0,0,0,393,0,0,0,0,0,0,0,0
2021-01-07T23:59:59+01:00,0,0,1,4,2,9,15,13,14,28,13,24,11,6,7,15,9,26,0,0,0,0,0,0,0,0,0,0,0,0,0,0,0,0,197,0,0,0,0,0,0,0,0
2021-01-06T23:59:59+01:00,0,0,1,0,2,4,13,11,9,22,11,19,11,6,7,15,9,26,0,0,0,0,0,0,0,0,0,0,0,0,0,0,0,0,166,0,0,0,0,0,0,0,0
2021-01-05T23:59:59+01:00,0,0,0,0,1,4,12,11,8,20,10,19,10,6,7,15,9,26,0,0,0,0,0,0,0,0,0,0,0,0,0,0,0,0,158,0,0,0,0,0,0,0,0
2021-01-04T23:59:59+01:00,0,0,0,0,1,4,12,10,7,16,8,17,10,6,7,15,9,26,0,0,0,0,0,0,0,0,0,0,0,0,0,0,0,0,148,0,0,0,0,0,0,0,0
2021-01-03T23:59:59+01:00,0,0,0,0,1,4,11,9,7,13,6,14,10,6,7,15,9,26,0,0,0,0,0,0,0,0,0,0,0,0,0,0,0,0,138,0,0,0,0,0,0,0,0
2021-01-02T23:59:59+01:00,0,0,0,0,1,4,11,9,7,13,6,14,10,6,7,15,9,26,0,0,0,0,0,0,0,0,0,0,0,0,0,0,0,0,138,0,0,0,0,0,0,0,0
2021-01-01T23:59:59+01:00,0,0,0,0,1,4,11,9,7,13,6,14,10,6,7,15,9,26,0,0,0,0,0,0,0,0,0,0,0,0,0,0,0,0,138,0,0,0,0,0,0,0,0
2020-12-31T23:59:59+01:00,0,0,0,0,1,4,11,9,7,13,6,14,10,6,7,15,9,26,0,0,0,0,0,0,0,0,0,0,0,0,0,0,0,0,138,0,0,0,0,0,0,0,0
2020-12-30T23:59:59+01:00,0,0,0,0,1,4,11,9,7,13,6,14,10,6,7,15,9,26,0,0,0,0,0,0,0,0,0,0,0,0,0,0,0,0,138,0,0,0,0,0,0,0,0
2020-12-29T23:59:59+01:00,0,0,0,0,1,4,8,9,7,13,4,12,10,6,7,15,9,26,0,0,0,0,0,0,0,0,0,0,0,0,0,0,0,0,131,0,0,0,0,0,0,0,0
2020-12-28T23:59:59+01:00,0,0,0,0,1,1,5,7,7,7,2,9,10,6,7,15,9,26,0,0,0,0,0,0,0,0,0,0,0,0,0,0,0,0,112,0,0,0,0,0,0,0,0
2020-12-27T23:59:59+01:00,0,0,0,0,0,0,2,4,2,6,1,6,4,5,7,15,8,25,0,0,0,0,0,0,0,0,0,0,0,0,0,0,0,0,85,0,0,0,0,0,0,0,0
