Datum,<15_m,<15_w,15-24_1_m,15-24_1_w,25-34_1_m,25-34_1_w,35-44_1_m,35-44_1_w,45-54_1_m,45-54_1_w,55-64_1_m,55-64_1_w,65-74_1_m,65-74_1_w,75-84_1_m,75-84_1_w,>84_1_m,>84_1_w,<24_2_m,<24_2_w,25-34_2_m,25-34_2_w,35-44_2_m,35-44_2_w,45-54_2_m,45-54_2_w,55-64_2_m,55-64_2_w,65-74_2_m,65-74_2_w,75-84_2_m,75-84_2_w,>84_2_m,>84_2_w,bp_1,bp_2,mo_1,mo_2,az_1,az_2,ja,unb_1,unb_2
2021-09-02T23:59:59+02:00,1505,1379,9295,8754,10402,9684,12915,13330,17041,17439,20290,20354,16208,16922,8993,10961,2826,5440,8661,8216,9966,9160,12459,12761,16500,16848,19784,19791,15898,16574,8810,10699,2774,5311,146142,140384,19743,19185,27861,27000,9985,7,6
2021-09-01T23:59:59+02:00,1501,1363,9276,8740,10385,9675,12903,13318,17031,17426,20282,20352,16205,16917,8988,10958,2826,5439,8643,8194,9952,9144,12448,12750,16490,16837,19770,19782,15895,16570,8808,10695,2774,5310,146040,140258,19732,19183,27861,26999,9945,7,6
2021-08-31T23:59:59+02:00,1484,1345,9261,8713,10375,9663,12895,13312,17026,17414,20275,20344,16200,16913,8986,10953,2826,5439,8628,8180,9946,9133,12435,12738,16480,16833,19768,19776,15891,16568,8807,10692,2774,5310,145887,140142,19731,19180,27861,26996,9938,7,6
2021-08-30T23:59:59+02:00,1463,1328,9240,8690,10361,9647,12883,13297,17014,17396,20263,20336,16197,16910,8984,10951,2826,5438,8599,8167,9932,9122,12423,12722,16467,16818,19759,19770,15888,16562,8805,10687,2772,5308,145722,140011,19731,19175,27858,26987,9906,7,6
2021-08-29T23:59:59+02:00,1462,1327,9237,8684,10355,9638,12880,13292,17005,17391,20259,20331,16194,16906,8984,10951,2826,5437,8596,8160,9923,9112,12418,12716,16459,16814,19755,19767,15885,16556,8804,10687,2772,5307,145703,139992,19731,19173,27858,26981,9860,7,6
2021-08-28T23:59:59+02:00,1461,1327,9234,8680,10355,9637,12879,13291,17005,17390,20259,20330,16194,16906,8984,10951,2826,5437,8592,8160,9921,9112,12417,12715,16459,16814,19755,19766,15885,16556,8804,10687,2772,5307,145695,139986,19731,19172,27858,26981,9855,7,6
2021-08-27T23:59:59+02:00,1451,1316,9222,8672,10350,9631,12876,13289,17002,17384,20254,20325,16193,16904,8983,10951,2826,5437,8584,8153,9918,9106,12411,12713,16456,16807,19754,19765,15884,16555,8803,10686,2772,5307,145620,139939,19731,19170,27858,26976,9850,7,6
2021-08-26T23:59:59+02:00,1448,1315,9214,8668,10345,9625,12867,13288,17000,17382,20252,20320,16190,16901,8980,10946,2825,5437,8574,8141,9912,9101,12403,12710,16451,16805,19752,19760,15881,16551,8800,10683,2771,5307,145598,139909,19730,19170,27858,26970,9810,7,6
2021-08-25T23:59:59+02:00,1435,1291,9116,8612,10263,9555,12781,13214,16882,17298,20159,20266,16145,16863,8965,10926,2820,5426,8492,8088,9834,9041,12315,12646,16348,16732,19666,19708,15837,16512,8786,10664,2766,5294,145363,139770,19729,19169,27858,26968,9060,7,6
2021-08-24T23:59:59+02:00,1416,1266,9084,8582,10250,9536,12753,13185,16852,17262,20145,20250,16130,16853,8960,10920,2820,5423,8468,8074,9818,9029,12301,12635,16336,16717,19658,19698,15831,16509,8786,10662,2766,5293,145077,139653,19727,19166,27858,26968,9018,7,6
2021-08-23T23:59:59+02:00,1398,1241,9045,8544,10237,9518,12722,13165,16834,17244,20132,20226,16121,16841,8949,10914,2819,5418,8444,8058,9793,9011,12288,12629,16323,16708,19648,19682,15827,16502,8783,10657,2765,5290,144824,139562,19727,19165,27858,26947,8952,7,6
2021-08-22T23:59:59+02:00,1398,1241,9035,8539,10230,9512,12721,13161,16831,17238,20129,20223,16118,16838,8945,10914,2819,5417,8428,8051,9786,8999,12284,12624,16320,16701,19646,19678,15824,16498,8779,10655,2765,5289,144811,139531,19727,19162,27858,26944,8906,7,6
2021-08-21T23:59:59+02:00,1398,1240,9030,8539,10229,9509,12718,13160,16830,17238,20128,20222,16118,16838,8945,10914,2819,5417,8305,7970,9682,8906,12196,12514,16231,16630,19591,19635,15804,16484,8777,10644,2764,5287,144805,139527,19724,18264,27858,26943,8898,7,6
2021-08-20T23:59:59+02:00,1397,1238,9022,8537,10222,9501,12711,13150,16827,17236,20121,20218,16117,16838,8945,10912,2818,5416,7946,7646,9531,8745,12051,12375,16111,16522,19483,19539,15765,16435,8765,10620,2762,5286,144774,137438,19724,18264,27858,26942,8863,7,6
2021-08-19T23:59:59+02:00,1392,1236,9011,8531,10215,9491,12702,13145,16822,17235,20116,20216,16116,16836,8945,10911,2818,5415,7689,7380,9400,8640,11909,12257,16020,16416,19388,19452,15723,16388,8755,10602,2761,5278,144733,135725,19721,18258,27857,26933,8835,7,6
2021-08-18T23:59:59+02:00,1367,1204,8965,8493,10188,9462,12676,13111,16793,17212,20089,20187,16103,16822,8939,10905,2814,5410,7675,7370,9388,8632,11896,12241,16006,16407,19380,19444,15717,16381,8751,10598,2758,5275,144427,135677,19708,18257,27854,26932,8744,7,6
2021-08-17T23:59:59+02:00,1342,1191,8928,8460,10173,9441,12663,13087,16779,17192,20068,20165,16095,16813,8937,10898,2812,5405,7661,7355,9371,8625,11887,12232,15999,16396,19369,19438,15712,16376,8750,10596,2757,5273,144192,135611,19705,18252,27853,26926,8692,7,6
2021-08-16T23:59:59+02:00,1319,1173,8891,8435,10153,9421,12639,13063,16769,17175,20048,20150,16090,16801,8933,10897,2812,5405,7654,7344,9355,8623,11877,12226,15997,16391,19360,19431,15709,16373,8750,10596,2757,5273,143959,135575,19703,18248,27853,26924,8652,7,6
2021-08-15T23:59:59+02:00,1301,1157,8870,8416,10141,9405,12623,13051,16757,17165,20034,20139,16084,16795,8933,10892,2812,5405,7642,7334,9340,8608,11864,12216,15990,16383,19354,19427,15702,16369,8749,10593,2757,5273,143810,135524,19703,18244,27852,26905,8608,7,6
2021-08-14T23:59:59+02:00,1300,1157,8870,8416,10140,9405,12622,13049,16757,17164,20033,20137,16084,16795,8933,10892,2812,5405,7325,7042,9196,8442,11688,12053,15873,16253,19260,19342,15676,16346,8740,10580,2757,5269,143805,133541,19703,18242,27852,26898,8604,7,6
2021-08-13T23:59:59+02:00,1295,1155,8857,8406,10129,9397,12610,13040,16742,17155,20025,20129,16080,16789,8931,10891,2811,5405,6942,6686,9024,8283,11484,11840,15657,16073,19120,19220,15643,16307,8729,10566,2755,5265,143775,131085,19703,18242,27852,26895,8510,7,6
2021-08-12T23:59:59+02:00,1295,1155,8856,8402,10122,9391,12606,13039,16736,17146,20021,20124,16079,16785,8929,10889,2811,5405,6936,6679,9011,8275,11473,11838,15646,16066,19116,19214,15641,16302,8727,10565,2755,5265,143758,131054,19702,18239,27852,26877,8472,7,6
2021-08-11T23:59:59+02:00,1292,1151,8853,8396,10112,9386,12598,13035,16733,17142,20016,20122,16077,16782,8928,10889,2811,5404,6930,6669,8996,8265,11462,11834,15642,16059,19108,19208,15637,16299,8726,10565,2755,5263,143714,130995,19699,18232,27852,26864,8455,7,6
2021-08-10T23:59:59+02:00,1291,1151,8849,8394,10107,9381,12596,13031,16732,17140,20015,20117,16076,16780,8928,10888,2811,5404,6885,6625,8965,8250,11443,11813,15617,16047,19101,19198,15635,16297,8726,10563,2755,5263,143688,130754,19699,18228,27852,26858,8445,7,6
2021-08-09T23:59:59+02:00,1291,1149,8842,8393,10102,9374,12595,13029,16725,17139,20009,20117,16074,16780,8927,10888,2811,5404,6866,6603,8945,8234,11431,11803,15601,16036,19095,19194,15632,16296,8724,10562,2755,5263,143663,130627,19699,18224,27850,26849,8430,7,6
2021-08-08T23:59:59+02:00,1291,1148,8839,8387,10100,9370,12586,13026,16720,17135,20007,20114,16072,16777,8926,10887,2810,5403,6863,6591,8928,8226,11415,11796,15594,16028,19093,19191,15629,16293,8723,10561,2754,5262,143652,130580,19698,18217,27850,26846,8391,7,6
2021-08-07T23:59:59+02:00,1291,1140,8830,8379,10089,9363,12584,13020,16713,17131,20001,20109,16068,16772,8924,10887,2809,5403,6211,6022,8656,8002,11145,11564,15395,15855,19009,19115,15609,16269,8716,10554,2751,5261,143605,127496,19697,18205,27850,26845,8354,7,6
2021-08-06T23:59:59+02:00,1285,1139,8820,8367,10075,9351,12564,13002,16695,17119,19984,20096,16061,16764,8924,10884,2809,5402,6197,6007,8641,7987,11121,11544,15373,15839,18992,19103,15602,16262,8716,10551,2751,5260,143567,127445,19695,18199,27850,26843,8222,7,6
2021-08-05T23:59:59+02:00,1282,1137,8813,8360,10066,9342,12552,12994,16689,17116,19977,20093,16060,16764,8924,10883,2809,5402,5913,5771,8294,7691,10760,11271,15053,15604,18743,18937,15583,16239,8706,10544,2750,5259,143522,127363,19691,15506,27846,26810,8197,7,6
2021-08-04T23:59:59+02:00,1281,1134,8807,8357,10061,9339,12545,12990,16684,17114,19975,20090,16059,16764,8923,10882,2809,5401,5899,5764,8266,7680,10741,11260,15037,15597,18738,18932,15581,16236,8705,10544,2749,5259,143491,127266,19690,15498,27845,26795,8182,7,6
2021-08-03T23:59:59+02:00,1274,1131,8803,8347,10056,9334,12540,12987,16679,17112,19970,20088,16057,16764,8922,10880,2809,5400,5786,5650,8173,7611,10624,11182,14988,15545,18709,18917,15577,16234,8704,10542,2747,5258,143446,126539,19688,15490,27845,26766,8167,7,6
2021-08-02T23:59:59+02:00,1268,1125,8790,8339,10048,9327,12535,12981,16674,17103,19963,20084,16055,16761,8920,10877,2808,5399,5617,5491,8041,7506,10500,11067,14918,15466,18677,18892,15569,16225,8698,10542,2747,5258,143366,125481,19682,15487,27844,26735,8158,7,6
2021-08-01T23:59:59+02:00,1266,1124,8783,8330,10041,9320,12529,12979,16669,17101,19958,20082,16055,16761,8919,10875,2808,5399,5557,5434,7990,7457,10438,11016,14883,15441,18664,18875,15567,16223,8696,10539,2747,5256,143321,125047,19679,15484,27843,26714,8149,7,6
2021-07-31T23:59:59+02:00,1266,1124,8782,8327,10041,9319,12527,12979,16668,17101,19957,20080,16055,16761,8919,10874,2808,5399,5532,5414,7974,7445,10422,11003,14870,15435,18661,18872,15566,16222,8696,10539,2747,5256,143318,124921,19678,15481,27843,26713,8141,7,6
2021-07-30T23:59:59+02:00,1135,1006,8553,8098,9948,9201,12446,12895,16590,17030,19898,20013,16023,16722,8913,10857,2807,5396,5241,5137,7836,7303,10234,10813,14733,15272,18598,18816,15541,16195,8683,10526,2743,5253,141870,123103,19676,15475,27843,26695,8135,7,6
2021-07-29T23:59:59+02:00,1128,998,8424,8009,9789,9103,12296,12794,16445,16936,19735,19903,15938,16655,8888,10838,2806,5389,4944,4904,7557,7109,9956,10611,14486,15100,18403,18699,15456,16122,8656,10505,2742,5243,141755,121999,19673,15433,27843,26669,6796,7,6
2021-07-28T23:59:59+02:00,1117,985,8394,7972,9775,9089,12275,12780,16428,16914,19715,19893,15931,16642,8881,10834,2806,5387,4523,4473,7238,6857,9639,10313,14251,14918,18346,18658,15441,16111,8651,10494,2742,5233,141516,119350,19671,15379,27841,26607,6783,7,6
2021-07-27T23:59:59+02:00,1107,977,8371,7957,9763,9082,12264,12771,16419,16909,19708,19880,15929,16636,8879,10831,2805,5385,4288,4225,7008,6658,9392,10037,14090,14758,18295,18595,15392,16065,8634,10478,2739,5227,141379,117335,19668,15378,27841,26584,6778,7,6
2021-07-26T23:59:59+02:00,1103,974,8357,7945,9756,9077,12258,12766,16412,16901,19701,19879,15926,16631,8877,10827,2804,5380,4180,4114,6906,6548,9267,9912,14009,14679,18250,18562,15381,16054,8624,10470,2736,5225,141301,116435,19664,15369,27830,26526,6772,7,6
2021-07-25T23:59:59+02:00,1102,973,8351,7941,9743,9073,12248,12763,16407,16895,19698,19878,15924,16631,8877,10827,2804,5380,4131,4061,6830,6497,9196,9858,13973,14646,18226,18548,15363,16041,8618,10464,2736,5223,141276,115992,19661,15353,27829,26505,6742,7,6
2021-07-24T23:59:59+02:00,1100,969,8262,7879,9669,8994,12181,12686,16340,16841,19658,19839,15903,16617,8874,10817,2804,5379,4088,4021,6772,6447,9118,9804,13909,14580,18194,18522,15352,16031,8610,10460,2736,5223,141257,115742,18999,15074,27829,26503,6720,7,6
2021-07-23T23:59:59+02:00,1073,944,8150,7790,9631,8959,12147,12657,16295,16806,19628,19820,15897,16611,8870,10813,2804,5379,3794,3734,6510,6236,8837,9520,13673,14405,18115,18465,15310,15987,8592,10441,2734,5217,140761,113489,18999,15050,27829,26497,6678,7,6
2021-07-22T23:59:59+02:00,982,858,7934,7561,9526,8869,12029,12562,16206,16719,19555,19735,15851,16571,8862,10798,2803,5373,3667,3607,6356,6144,8685,9390,13511,14264,18042,18398,15288,15963,8585,10432,2734,5216,139301,112345,18998,14978,27823,26404,6665,7,6
2021-07-21T23:59:59+02:00,962,844,7903,7521,9510,8858,12006,12539,16182,16703,19531,19714,15840,16564,8862,10793,2803,5373,3359,3337,6011,5887,8290,9007,13244,14030,17902,18272,15197,15882,8553,10402,2731,5204,139045,109538,18996,14907,27818,26305,6642,7,6
2021-07-20T23:59:59+02:00,961,843,7895,7516,9501,8855,12001,12537,16174,16702,19526,19710,15839,16563,8862,10792,2803,5373,3286,3284,5952,5833,8231,8946,13159,13986,17870,18258,15197,15882,8553,10400,2731,5204,139006,109150,18995,14892,27815,26173,6630,7,6
2021-07-19T23:59:59+02:00,960,843,7889,7516,9497,8849,11996,12535,16169,16696,19524,19710,15838,16560,8862,10790,2803,5372,3236,3249,5905,5794,8174,8902,13103,13960,17824,18246,15197,15880,8553,10398,2731,5203,138976,108884,18994,14876,27815,26048,6617,7,6
2021-07-18T23:59:59+02:00,959,842,7879,7507,9490,8843,11988,12531,16163,16691,19522,19709,15837,16558,8862,10790,2803,5372,3217,3232,5865,5763,8140,8874,13064,13944,17811,18243,15197,15879,8553,10398,2731,5202,138931,108697,18992,14843,27813,26039,6603,7,6
2021-07-17T23:59:59+02:00,843,723,7556,7216,9338,8674,11812,12370,16035,16552,19426,19614,15816,16537,8854,10777,2803,5369,3116,3123,5753,5670,8006,8719,12924,13819,17716,18167,15187,15861,8550,10391,2731,5202,136921,107521,18990,14839,27813,26035,6587,4,6
2021-07-16T23:59:59+02:00,686,571,7160,6891,9148,8517,11620,12160,15831,16376,19286,19487,15787,16500,8845,10763,2802,5367,3054,3062,5677,5606,7894,8615,12807,13685,17639,18093,15165,15845,8546,10389,2730,5202,134440,106632,18990,14834,27812,26029,6551,4,6
2021-07-15T23:59:59+02:00,684,571,7147,6883,9144,8516,11610,12156,15821,16369,19282,19481,15785,16498,8841,10761,2801,5358,3016,3027,5610,5565,7805,8563,12734,13645,17609,18072,15142,15831,8538,10382,2729,5193,134402,106403,18988,14679,27807,25908,6507,4,6
2021-07-14T23:59:59+02:00,682,570,7138,6875,9140,8514,11605,12152,15815,16366,19277,19476,15783,16495,8838,10758,2800,5354,2993,3015,5569,5534,7770,8541,12702,13629,17592,18061,15135,15828,8535,10378,2729,5189,134370,106252,18987,14646,27807,25868,6470,4,6
2021-07-13T23:59:59+02:00,677,567,7114,6858,9129,8498,11596,12138,15804,16347,19268,19469,15774,16491,8834,10748,2795,5346,2935,2964,5504,5466,7611,8407,12449,13411,17437,17932,15117,15817,8523,10365,2724,5178,134246,105035,18987,14593,27804,25833,6412,4,6
2021-07-12T23:59:59+02:00,671,560,7102,6843,9119,8487,11585,12129,15800,16335,19256,19465,15772,16487,8832,10748,2795,5343,2877,2911,5422,5391,7464,8293,12201,13200,17258,17788,15107,15812,8519,10358,2723,5178,134136,103802,18985,14542,27800,25784,6404,4,6
2021-07-11T23:59:59+02:00,670,559,7094,6840,9110,8478,11579,12121,15790,16332,19251,19460,15772,16484,8831,10746,2795,5343,2846,2876,5346,5315,7367,8205,12036,13045,17131,17656,15100,15801,8518,10355,2723,5178,134094,102916,18981,14492,27800,25743,6376,4,6
2021-07-10T23:59:59+02:00,497,402,6526,6291,8883,8294,11338,11927,15633,16201,19196,19411,15764,16474,8827,10741,2794,5342,2816,2842,5295,5272,7286,8124,11935,12945,17053,17589,15085,15786,8515,10345,2720,5176,131397,102223,18981,14490,27800,25735,6359,4,6
2021-07-09T23:59:59+02:00,486,395,6467,6263,8857,8257,11298,11898,15607,16188,19183,19395,15763,16471,8827,10738,2794,5342,2759,2775,5212,5204,7108,7948,11525,12646,16760,17384,15066,15759,8508,10340,2719,5174,131306,101203,18770,13634,27799,25721,6350,4,6
2021-07-08T23:59:59+02:00,481,393,6148,6000,8483,7966,10918,11589,15270,15942,18924,19222,15741,16447,8818,10731,2791,5341,2697,2725,5131,5130,6969,7858,11326,12504,16614,17261,15059,15751,8508,10338,2719,5173,131219,100346,15867,13470,27795,25647,6320,4,6
2021-07-07T23:59:59+02:00,479,389,6133,5987,8460,7950,10904,11572,15259,15932,18923,19217,15739,16444,8817,10729,2791,5339,2649,2670,5042,5072,6833,7765,11094,12324,16454,17128,15051,15745,8504,10333,2719,5173,131108,99326,15859,13351,27793,25599,6300,4,6
2021-07-06T23:59:59+02:00,453,368,6031,5894,8379,7884,10828,11503,15225,15892,18900,19201,15732,16434,8814,10727,2788,5337,2580,2600,4904,4958,6646,7632,10704,11912,16084,16753,15026,15712,8496,10326,2718,5169,130490,97173,15851,13268,27788,25539,6257,4,6
2021-07-05T23:59:59+02:00,412,334,5852,5722,8262,7788,10715,11388,15166,15825,18869,19169,15726,16426,8810,10722,2785,5336,2526,2525,4806,4861,6515,7496,10354,11596,15809,16449,14996,15682,8488,10311,2718,5164,129440,95387,15847,13204,27785,25485,6231,4,6
2021-07-04T23:59:59+02:00,392,304,5778,5644,8205,7733,10648,11332,15135,15794,18855,19150,15720,16423,8809,10720,2785,5334,2507,2494,4745,4815,6456,7446,10217,11487,15708,16377,14992,15676,8486,10310,2717,5164,128937,94822,15841,13137,27780,25449,6199,4,6
2021-07-03T23:59:59+02:00,387,302,5760,5636,8196,7724,10637,11329,15128,15788,18852,19148,15719,16423,8809,10720,2785,5334,2472,2463,4650,4786,6348,7421,10159,11442,15604,16291,14315,14967,8467,10285,2717,5164,128871,94708,15839,13135,27779,23533,6184,4,6
2021-07-02T23:59:59+02:00,343,264,5572,5485,8122,7649,10538,11232,15063,15732,18833,19142,15715,16419,8804,10718,2783,5331,2424,2415,4495,4708,6165,7347,10005,11287,15414,16088,13524,14049,8459,10270,2717,5163,127953,94146,15837,13091,27778,21129,6173,4,6
2021-07-01T23:59:59+02:00,282,210,5355,5305,7994,7538,10400,11107,14934,15637,18788,19117,15707,16412,8799,10712,2783,5330,2306,2294,4319,4535,5929,7098,9226,10604,14785,15618,13499,14021,8454,10265,2713,5161,126666,90657,15827,12996,27777,21045,6136,4,6
2021-06-30T23:59:59+02:00,152,121,4873,4829,7652,7263,10051,10769,14706,15459,18730,19073,15696,16401,8795,10704,2783,5327,2269,2248,4234,4466,5818,7002,9055,10482,14696,15542,13485,14013,8451,10262,2713,5159,123678,90063,15821,12822,27777,20913,6104,4,6
2021-06-29T23:59:59+02:00,116,100,4589,4547,7402,7045,9761,10470,14507,15269,18668,19012,15644,16351,8776,10689,2782,5322,2203,2166,4091,4329,5612,6823,8830,10256,14404,15320,13437,13964,8439,10238,2711,5146,121612,88622,15818,12670,27775,20841,5841,4,6
2021-06-28T23:59:59+02:00,100,79,4452,4402,7297,6934,9640,10341,14416,15162,18623,18970,15628,16335,8762,10678,2779,5320,2118,2039,3908,4123,5332,6481,8446,9745,13873,14784,13320,13874,8421,10214,2708,5134,120592,85419,15809,12588,27772,20776,5741,4,4
2021-06-27T23:59:59+02:00,95,77,4400,4353,7238,6878,9578,10287,14384,15129,18603,18953,15611,16323,8755,10671,2778,5315,2064,2004,3844,4077,5221,6368,8278,9617,13698,14672,13294,13855,8413,10205,2705,5132,120226,84629,15806,12554,27770,20645,5622,4,4
2021-06-26T23:59:59+02:00,82,75,4357,4325,7207,6851,9560,10266,14365,15114,18591,18940,15607,16316,8755,10671,2778,5315,1988,1912,3655,3918,5006,6111,7912,9162,13348,14375,13214,13798,8393,10177,2700,5123,119987,81989,15802,12554,27770,20640,5612,4,4
2021-06-25T23:59:59+02:00,70,62,4044,3998,6939,6612,9269,9973,14142,14926,18509,18884,15561,16270,8736,10652,2776,5308,1923,1828,3491,3799,4814,5880,7587,8748,13040,14040,13164,13742,8380,10152,2694,5117,117582,79643,15774,12523,27770,20635,5601,4,4
2021-06-24T23:59:59+02:00,63,55,3951,3906,6841,6526,9170,9881,14043,14841,18481,18851,15546,16254,8730,10645,2776,5307,1854,1752,3378,3703,4616,5738,7367,8552,12789,13841,12330,12814,8200,9888,2694,5116,116852,78430,15764,12418,27767,18307,5480,4,4
2021-06-23T23:59:59+02:00,49,50,3544,3528,6388,6177,8639,9371,13708,14539,18346,18715,15442,16162,8687,10609,2773,5293,1717,1577,3125,3501,4203,5410,6422,7842,12052,13140,12308,12802,8190,9881,2694,5112,113913,77805,15516,9094,27766,18259,4821,4,4
2021-06-22T23:59:59+02:00,40,42,3472,3457,6312,6118,8536,9294,13656,14493,18313,18698,15431,16155,8686,10604,2773,5290,1677,1523,3022,3399,4062,5260,6170,7658,11447,12438,12218,12710,8173,9848,2690,5104,113289,75487,15512,9013,27764,18101,4801,4,4
2021-06-21T23:59:59+02:00,34,39,3402,3396,6218,6064,8476,9222,13596,14449,18280,18677,15428,16153,8682,10601,2773,5289,1640,1472,2931,3302,3938,5110,5975,7432,10689,11513,11834,12255,7107,8627,2684,5098,112772,72828,15505,8912,27755,15126,4743,4,4
2021-06-20T23:59:59+02:00,34,38,3376,3374,6171,6032,8431,9192,13568,14434,18269,18673,15427,16153,8682,10601,2773,5289,1621,1455,2895,3276,3887,5073,5922,7409,10603,11440,11814,12236,7105,8620,2683,5098,112597,72516,15489,8836,27755,15114,4672,4,4
2021-06-19T23:59:59+02:00,32,36,3349,3350,6142,6011,8402,9173,13544,14428,18263,18668,15427,16152,8682,10601,2773,5289,1617,1443,2890,3267,3879,5068,5908,7404,10592,11433,11814,12236,7105,8619,2683,5098,112408,72437,15483,8836,27755,15112,4672,4,4
2021-06-18T23:59:59+02:00,28,31,3308,3308,6066,5972,8334,9119,13499,14397,18240,18657,15426,16150,8681,10600,2773,5289,1542,1348,2754,3092,3694,4792,5510,7029,9105,9869,11648,12067,7064,8569,2671,5080,112027,67262,15456,8835,27755,15101,4636,4,4
2021-06-17T23:59:59+02:00,26,28,3244,3257,6000,5934,8261,9066,13427,14352,18217,18646,15424,16145,8680,10597,2773,5286,1410,1254,2565,2877,3432,4504,5150,6636,8437,9139,11365,11826,7023,8512,2667,5077,111659,63560,15427,8719,27752,15074,4521,4,4
2021-06-16T23:59:59+02:00,26,25,3191,3196,5888,5868,8143,8972,13300,14266,18151,18611,15418,16136,8680,10594,2773,5286,1313,1198,2424,2769,3249,4347,4866,6365,7360,7849,11274,11719,6992,8475,2654,5059,111023,59802,15353,8673,27749,15043,4395,4,4
2021-06-15T23:59:59+02:00,21,24,3094,3113,5771,5779,7955,8795,13040,14046,18000,18484,15403,16125,8672,10588,2773,5284,1275,1165,2352,2713,3142,4273,4664,6240,7048,7598,10779,11159,6959,8440,2646,5046,109605,57557,15325,8641,27741,15010,4292,4,3
2021-06-14T23:59:59+02:00,20,22,3021,3042,5693,5722,7814,8676,12751,13810,17816,18312,15387,16111,8665,10583,2772,5283,1248,1137,2286,2657,3017,4177,4466,6101,6710,7297,10251,10550,6928,8403,2642,5037,108227,55195,15317,8536,27737,14963,4215,4,2
2021-06-13T23:59:59+02:00,20,22,3003,3010,5627,5684,7751,8610,12611,13674,17711,18190,15381,16102,8664,10580,2771,5283,1238,1125,2255,2643,2980,4166,4422,6081,6678,7281,10247,10543,6928,8402,2642,5037,107490,55054,15306,8530,27732,14924,4162,4,2
2021-06-12T23:59:59+02:00,18,22,2974,2992,5599,5659,7720,8592,12591,13656,17702,18187,15380,16101,8664,10580,2771,5283,1181,1063,2165,2568,2884,4031,4280,5950,6568,7196,10165,10465,6330,7675,2642,5037,107291,54939,15304,8530,27732,12573,4160,4,2
2021-06-11T23:59:59+02:00,18,19,2897,2916,5530,5594,7537,8406,12181,13349,17422,17983,15364,16076,8658,10572,2769,5281,1158,1046,2110,2528,2819,3983,4195,5888,6459,7106,10063,10352,6316,7669,2640,5031,106275,54416,14413,8263,27731,12537,4149,4,2
2021-06-10T23:59:59+02:00,14,17,2841,2874,5431,5543,7404,8323,11996,13211,17285,17866,15359,16072,8658,10571,2768,5280,1119,1021,2035,2462,2717,3906,4025,5758,6217,6894,9812,10084,6296,7641,2634,5025,105357,52855,14339,8259,27726,12447,4087,4,2
2021-06-09T23:59:59+02:00,13,15,2765,2805,5307,5449,7182,8151,11719,12969,17098,17718,15348,16058,8654,10562,2768,5277,1062,959,1904,2344,2513,3725,3697,5473,5598,6388,8991,9183,6239,7565,2620,4990,104153,48860,14188,8242,27717,12355,3796,4,2
2021-06-08T23:59:59+02:00,10,11,2667,2702,5174,5322,6986,7968,11286,12542,16721,17330,15329,16031,8643,10556,2767,5272,1025,931,1837,2280,2407,3652,3554,5407,5450,6259,8958,9164,6237,7555,2618,4986,101950,48354,14161,8193,27715,12288,3487,4,2
2021-06-07T23:59:59+02:00,8,10,2539,2604,4983,5193,6778,7805,10809,12183,16378,17035,15303,16003,8637,10539,2766,5268,954,894,1710,2226,2268,3570,3301,5318,5095,5975,8409,8540,6183,7496,2614,4977,100018,46142,14118,8179,27706,12216,2995,4,2
2021-06-06T23:59:59+02:00,8,8,2504,2580,4922,5134,6691,7749,10672,12073,16286,16971,15300,15999,8637,10539,2764,5267,938,884,1681,2207,2226,3543,3235,5294,5047,5951,8404,8539,6178,7489,2614,4976,99432,45988,14066,8170,27700,12148,2902,4,2
2021-06-05T23:59:59+02:00,7,7,2491,2558,4893,5107,6653,7722,10641,12046,16277,16965,15300,15999,8637,10539,2764,5267,922,869,1649,2180,2187,3491,3133,5212,4692,5623,7806,7837,6150,7436,2613,4974,99207,43607,14066,8165,27698,12106,2898,4,2
2021-06-04T23:59:59+02:00,6,6,2461,2530,4848,5062,6605,7671,10552,11943,16225,16902,15296,15992,8637,10538,2763,5266,910,851,1626,2161,2146,3454,3081,5153,4529,5435,7504,7469,6114,7394,2611,4968,98679,42324,14061,8163,27698,12060,2861,4,2
2021-06-03T23:59:59+02:00,6,6,2356,2399,4695,4891,6398,7422,9851,11309,15635,16454,15285,15982,8634,10532,2762,5265,893,820,1585,2101,2097,3374,2992,5044,4384,5270,7345,7280,6102,7367,2611,4964,95339,41276,14022,8153,27692,11977,2825,4,2
2021-06-02T23:59:59+02:00,6,6,2339,2374,4652,4858,6342,7383,9751,11220,15577,16401,15277,15978,8633,10528,2762,5264,880,808,1567,2078,2045,3338,2907,4958,4022,4881,6788,6642,6059,7311,2607,4954,94814,38942,14020,8149,27692,11934,2821,4,2
2021-06-01T23:59:59+02:00,6,5,2277,2333,4532,4768,6178,7271,9563,11073,15470,16325,15274,15974,8629,10524,2761,5259,848,782,1502,2028,1932,3276,2751,4867,3819,4754,6577,6412,6037,7293,2601,4947,93950,37860,13971,8127,27680,11822,2617,4,2
2021-05-31T23:59:59+02:00,2,5,2227,2274,4433,4675,6037,7145,9378,10928,15385,16271,15266,15967,8626,10524,2761,5259,825,746,1444,1969,1864,3228,2576,4814,3689,4701,6220,5997,6014,7272,2598,4939,93232,36683,13885,8121,27671,11721,2371,4,2
2021-05-30T23:59:59+02:00,2,5,2202,2252,4376,4614,5948,7085,9303,10866,15348,16252,15265,15965,8626,10524,2761,5259,813,735,1422,1948,1814,3204,2443,4779,3584,4683,6218,5995,6014,7272,2598,4939,92787,36368,13845,8099,27661,11638,2356,4,2
2021-05-29T23:59:59+02:00,2,5,2185,2237,4358,4603,5931,7069,9289,10853,15343,16249,15264,15965,8626,10524,2761,5259,795,682,1328,1689,1681,2843,2243,4230,3306,4254,6128,5901,5902,7139,2597,4939,92661,36319,13842,8094,27660,8888,2356,4,2
2021-05-28T23:59:59+02:00,2,5,2164,2214,4320,4558,5887,7024,9213,10783,15276,16197,15260,15963,8626,10524,2761,5258,776,592,1250,1438,1582,2442,2064,3540,3042,3658,5490,5161,5820,7048,2593,4926,92189,35021,13829,8094,27658,5952,2355,4,2
2021-05-27T23:59:59+02:00,2,5,2121,2176,4235,4491,5763,6950,9058,10683,15179,16113,15258,15962,8626,10524,2761,5258,747,556,1216,1356,1540,2304,1997,3398,2930,3537,5053,4676,5787,7009,2582,4897,91508,33894,13680,8085,27634,5267,2339,4,2
2021-05-26T23:59:59+02:00,2,5,2052,2058,4038,4346,5421,6687,8089,9941,14419,15408,15246,15956,8622,10518,2759,5256,736,540,1190,1298,1495,2249,1940,3286,2780,3391,3748,3298,5728,6936,2559,4840,90733,30628,10154,8070,27619,5003,2313,4,2
2021-05-25T23:59:59+02:00,2,5,2011,2019,3955,4279,5325,6621,7954,9834,14044,14975,15198,15919,8615,10503,2757,5252,727,530,1160,1263,1473,2226,1920,3259,2755,3365,3742,3288,5721,6933,2557,4839,89393,30541,10006,8061,27602,4893,2263,4,2
2021-05-24T23:59:59+02:00,2,5,1985,1973,3866,4205,5220,6539,7829,9710,13533,14361,15147,15851,8608,10489,2756,5247,721,522,1140,1252,1443,2212,1899,3241,2730,3342,3726,3270,5699,6909,2550,4823,87602,30414,9927,8010,27590,4853,2203,4,1
2021-05-23T23:59:59+02:00,2,5,1976,1960,3847,4182,5202,6526,7777,9679,13458,14298,15136,15847,8606,10488,2755,5247,714,510,1128,1239,1418,2187,1840,3205,2622,3243,3318,2837,5057,6099,2536,4778,87367,30242,9827,5455,27590,4832,2203,4,1
2021-05-22T23:59:59+02:00,2,5,1810,1918,3545,4132,4799,6482,7519,9623,13333,14219,15130,15846,8606,10487,2755,5247,553,479,835,1197,1040,2151,1599,3152,2508,3168,3314,2835,5057,6098,2536,4778,87217,30230,9827,5454,27588,4795,822,4,1
2021-05-21T23:59:59+02:00,2,4,1724,1809,3391,3940,4610,6187,7122,9257,12043,12879,14979,15698,8569,10440,2746,5236,549,467,825,1195,1038,2144,1564,3122,2431,3091,3140,2698,5031,6055,2533,4763,82443,29595,9787,5454,27582,4777,820,4,1
2021-05-20T23:59:59+02:00,2,4,1686,1773,3299,3889,4503,6106,6945,9177,11832,12652,14959,15680,8566,10433,2745,5235,529,454,785,1149,982,2080,1445,3051,2304,2994,2951,2529,4990,5979,2525,4748,81610,28851,9684,5439,27526,4542,663,3,1
2021-05-19T23:59:59+02:00,2,4,1663,1747,3242,3833,4409,6040,6830,9114,11600,12392,14947,15670,8564,10432,2745,5234,521,442,769,1112,964,2011,1334,2903,1977,2701,2388,2031,4885,5862,2504,4701,80797,26780,9544,5423,27499,4277,625,3,1
2021-05-18T23:59:59+02:00,2,4,1601,1713,3153,3743,4297,5937,6671,8955,11313,12138,14902,15622,8552,10409,2743,5224,518,430,754,1097,946,1994,1250,2837,1697,2479,1946,1685,4813,5779,2483,4658,79703,25238,9342,5413,27430,4214,501,3,1
2021-05-17T23:59:59+02:00,2,4,1552,1632,3023,3585,4091,5658,6323,8497,10766,11587,14794,15531,8533,10384,2738,5214,516,422,748,1090,928,1989,1226,2813,1669,2440,1929,1666,4806,5772,2480,4655,76811,25173,9307,5399,27405,4189,388,3,1
2021-05-16T23:59:59+02:00,2,4,1533,1610,2970,3545,3996,5571,6174,8361,10590,11454,14768,15509,8526,10376,2737,5212,509,416,725,1075,898,1973,1198,2785,1636,2416,1922,1657,4804,5768,2477,4653,76067,25144,9250,5381,27375,4144,243,3,1
2021-05-15T23:59:59+02:00,2,4,1446,1513,2759,3378,3767,5293,5813,7889,10238,11157,14683,15447,8507,10347,2731,5203,509,414,721,1073,898,1969,1193,2784,1631,2412,1910,1645,4798,5762,2477,4651,73314,25085,9250,5381,27368,4139,242,3,1
2021-05-14T23:59:59+02:00,2,4,1412,1450,2647,3282,3615,5136,5616,7600,10019,10905,14648,15409,8494,10324,2728,5199,460,373,649,907,826,1683,1063,2374,1450,2086,1876,1605,4795,5754,2476,4646,71675,25021,9230,5379,27344,2385,238,3,1
2021-05-13T23:59:59+02:00,2,4,1354,1383,2544,3198,3448,5000,5396,7394,9792,10725,14622,15381,8485,10321,2726,5196,453,360,622,879,724,1575,962,2289,1185,1874,1161,1025,4575,5521,2468,4614,70514,24902,8918,2841,27313,2321,223,3,1
2021-05-12T23:59:59+02:00,2,4,1347,1374,2528,3193,3430,4988,5375,7381,9778,10713,14620,15377,8483,10319,2725,5196,453,359,621,878,721,1572,957,2287,1181,1868,1142,1016,4562,5485,2436,4545,70403,24702,8894,2841,27311,2318,222,3,1
2021-05-11T23:59:59+02:00,2,3,1305,1332,2454,3110,3317,4861,5181,7236,9490,10405,14573,15320,8471,10299,2721,5187,447,346,603,864,700,1555,929,2263,1155,1841,1087,980,4499,5388,2394,4421,69067,24212,8771,2823,27226,2237,200,3,1
2021-05-10T23:59:59+02:00,2,3,1281,1305,2390,3033,3190,4737,5051,7079,9166,10024,14527,15281,8462,10280,2716,5185,446,344,590,854,686,1540,918,2248,1137,1827,1052,946,4438,5312,2355,4306,67713,23804,8651,2820,27155,2185,190,3,1
2021-05-09T23:59:59+02:00,2,3,1266,1288,2347,3020,3112,4701,4989,7045,9101,9980,14514,15266,8460,10275,2716,5183,438,342,576,849,663,1520,896,2227,1125,1813,1033,930,4426,5274,2340,4264,67476,23644,8577,2818,27109,2151,103,3,1
2021-05-08T23:59:59+02:00,1,3,1264,1284,2332,3008,3095,4690,4949,7031,9077,9972,14513,15266,8460,10274,2716,5183,438,342,576,849,662,1520,896,2226,1124,1812,1033,930,4425,5274,2340,4264,67334,23643,8571,2815,27107,2150,103,3,1
2021-05-07T23:59:59+02:00,1,3,1245,1263,2293,2967,3043,4641,4849,6939,8853,9725,14498,15244,8454,10268,2713,5179,388,314,544,780,625,1358,826,2019,1036,1625,1003,901,4405,5251,2338,4259,66427,23539,8565,2812,27080,1218,103,3,1
2021-05-06T23:59:59+02:00,1,3,1095,1171,2065,2723,2744,4332,4479,6539,8267,9120,14220,15005,8414,10211,2710,5178,387,310,532,761,608,1326,807,1984,1003,1597,976,870,4395,5237,2336,4255,62797,23410,8437,2762,26944,1116,96,3,1
2021-05-05T23:59:59+02:00,1,2,1030,1120,1955,2610,2585,4161,4184,6260,7255,7938,14135,14907,8379,10170,2697,5158,384,307,525,751,593,1317,773,1970,980,1576,901,808,4354,5165,2328,4239,59280,23087,8392,2743,26822,1091,50,3,1
2021-05-04T23:59:59+02:00,1,2,1008,1100,1904,2571,2483,4094,3964,6147,6974,7723,13628,14339,8349,10136,2692,5149,381,306,520,747,582,1312,756,1951,964,1569,882,784,4334,5149,2325,4230,57223,22953,8334,2728,26662,1069,42,3,1
2021-05-03T23:59:59+02:00,1,2,976,1062,1843,2518,2380,3984,3765,6030,6617,7423,13090,13715,8312,10098,2685,5134,375,305,518,743,572,1306,747,1940,950,1556,857,760,4317,5131,2319,4217,54800,22843,8308,2719,26523,1050,1,3,1
2021-05-02T23:59:59+02:00,1,2,971,1061,1824,2512,2355,3977,3723,6020,6583,7415,13089,13715,8312,10097,2685,5134,375,305,515,743,571,1304,742,1940,949,1553,855,756,4316,5127,2319,4217,54668,22826,8304,2717,26500,1043,1,3,1
2021-05-01T23:59:59+02:00,1,2,971,1059,1816,2510,2344,3972,3711,6012,6572,7406,13088,13713,8312,10097,2685,5134,375,305,515,743,571,1304,741,1939,947,1553,855,756,4316,5127,2319,4217,54599,22826,8304,2713,26498,1043,1,3,1
2021-04-30T23:59:59+02:00,0,2,955,1054,1795,2496,2323,3937,3674,5979,6494,7352,12993,13609,8311,10093,2682,5122,323,250,473,667,542,1125,711,1715,913,1349,843,738,4312,5125,2319,4217,54104,22812,8303,2709,26460,100,1,3,1
2021-04-29T23:59:59+02:00,0,2,900,1029,1738,2445,2260,3878,3527,5856,6257,7129,12734,13336,8289,10064,2678,5115,316,248,464,660,539,1118,704,1705,903,1339,835,723,4303,5117,2319,4215,52510,22726,8288,2703,26435,78,1,3,1
2021-04-28T23:59:59+02:00,0,2,839,995,1658,2383,2116,3768,3241,5603,5653,6625,11897,12419,8231,9975,2655,5078,315,245,462,653,531,1104,693,1685,892,1332,822,707,4284,5090,2317,4215,48459,22605,8281,2684,26394,57,1,3,1
2021-04-27T23:59:59+02:00,0,2,829,990,1640,2363,2071,3750,3170,5578,5527,6503,11868,12402,8229,9973,2655,5076,314,243,456,651,523,1098,684,1673,883,1326,810,696,4280,5084,2316,4209,47980,22527,8278,2669,26364,49,1,3,1
2021-04-26T23:59:59+02:00,0,2,819,977,1614,2345,2011,3709,2993,5501,5196,6218,11303,11757,8174,9908,2651,5067,312,242,455,650,517,1092,673,1667,874,1316,801,687,4275,5079,2316,4205,45652,22475,8269,2641,26321,44,1,2,1
2021-04-25T23:59:59+02:00,0,2,809,975,1600,2339,1973,3692,2867,5478,5104,6213,11299,11753,8171,9902,2650,5066,311,242,455,650,517,1085,673,1665,871,1314,801,686,4275,5079,2316,4205,45326,22470,8263,2637,26301,37,1,2,1
2021-04-24T23:59:59+02:00,0,2,795,965,1578,2319,1933,3647,2770,5410,4759,5893,10682,11027,8141,9844,2649,5064,311,242,455,650,517,1084,672,1664,870,1314,796,682,4265,5063,2314,4204,42918,22433,8262,2633,26295,36,1,2,1
2021-04-23T23:59:59+02:00,0,2,790,957,1565,2309,1904,3621,2730,5360,4598,5707,10373,10646,8101,9802,2646,5055,311,241,455,650,517,1083,671,1664,868,1314,796,681,4262,5060,2314,4204,41620,22422,8262,2632,26281,36,1,2,1
2021-04-22T23:59:59+02:00,0,2,774,942,1537,2266,1853,3553,2645,5270,4445,5553,10229,10452,8087,9771,2644,5047,311,240,453,639,515,1077,665,1656,862,1305,790,676,4259,5058,2314,4202,40620,22386,8236,2607,26211,28,1,2,1
2021-04-21T23:59:59+02:00,0,2,763,929,1513,2255,1800,3508,2541,5183,4061,5133,9632,9768,8038,9709,2640,5036,309,240,450,637,515,1076,661,1653,857,1300,778,664,4249,5044,2314,4198,38105,22335,8219,2583,26184,26,1,2,1
2021-04-20T23:59:59+02:00,0,2,756,918,1491,2228,1769,3479,2489,5125,3924,5037,9436,9549,8021,9699,2636,5033,309,238,450,636,514,1074,660,1648,854,1295,772,660,4245,5040,2314,4198,37270,22304,8208,2577,26111,26,1,2,0
2021-04-19T23:59:59+02:00,0,2,749,908,1482,2221,1752,3462,2457,5099,3860,4979,9067,9131,7996,9674,2633,5027,309,236,449,633,512,1071,656,1646,850,1291,766,654,4236,5038,2314,4196,36245,22265,8196,2566,26055,26,1,2,0
2021-04-18T23:59:59+02:00,0,2,745,906,1477,2215,1734,3455,2438,5087,3852,4977,9058,9120,7996,9673,2633,5027,308,236,449,629,511,1068,654,1643,847,1291,765,652,4236,5036,2314,4196,36185,22257,8176,2552,26031,26,1,2,0
2021-04-17T23:59:59+02:00,0,2,728,900,1389,2205,1634,3443,2401,5057,3772,4899,8345,8396,7980,9660,2633,5027,308,236,447,627,510,1068,653,1643,846,1288,765,652,4235,5036,2314,4196,36177,22246,8176,2552,24115,26,1,2,0
2021-04-16T23:59:59+02:00,0,2,712,882,1260,2183,1482,3421,2315,4992,3611,4734,7010,6845,7945,9611,2622,4996,308,235,442,621,506,1064,643,1641,842,1279,755,646,4227,5021,2311,4194,34806,22172,8166,2548,21648,15,1,2,0
2021-04-15T23:59:59+02:00,0,2,691,871,1250,2170,1462,3403,2257,4954,3540,4681,6572,6344,7905,9550,2600,4925,301,229,428,610,489,1050,609,1614,806,1249,665,585,3733,4511,2289,4159,33491,22115,8110,1201,21573,11,1,2,0
2021-04-14T23:59:59+02:00,0,2,686,867,1229,2157,1431,3384,2212,4919,3408,4587,5233,4940,7855,9484,2579,4888,293,224,425,603,482,1047,603,1606,800,1246,650,568,3722,4502,2285,4154,30265,22027,8099,1173,21494,10,1,2,0
2021-04-13T23:59:59+02:00,0,2,683,867,1220,2152,1416,3382,2204,4908,3388,4572,5214,4922,7849,9481,2578,4886,293,223,423,601,479,1044,601,1602,789,1244,632,563,3720,4499,2285,4154,30185,22007,8078,1135,21458,10,1,2,0
2021-04-12T23:59:59+02:00,0,2,677,859,1207,2143,1400,3371,2170,4894,3357,4548,5191,4907,7836,9470,2575,4853,292,222,421,600,478,1038,599,1598,781,1237,627,561,3715,4498,2285,4154,30057,21981,8033,1115,21367,10,1,2,0
2021-04-11T23:59:59+02:00,0,2,669,855,1191,2131,1382,3356,2103,4870,3239,4465,4771,4466,7169,8644,2568,4848,292,222,420,600,475,1037,593,1595,777,1236,623,558,3711,4493,2285,4154,30027,21973,5420,1088,21279,10,1,2,0
2021-04-10T23:59:59+02:00,0,2,669,853,1190,2130,1380,3352,2101,4867,3236,4458,4727,4419,7165,8638,2568,4847,286,219,418,589,462,1021,566,1578,745,1212,551,488,3142,3876,2236,4062,29904,20353,5417,1088,21278,10,1,2,0
2021-04-09T23:59:59+02:00,0,2,665,852,1182,2127,1376,3347,2070,4845,3158,4379,4530,4254,7130,8589,2564,4831,276,212,408,575,443,1005,541,1560,724,1189,470,426,2493,3056,2188,3968,29219,18437,5413,1087,21266,10,1,2,0
2021-04-08T23:59:59+02:00,0,2,655,842,1168,2116,1360,3317,2009,4792,3011,4268,3476,3102,6888,8226,2553,4816,263,204,391,557,420,991,519,1531,691,1166,451,400,2484,3047,2185,3965,28422,18216,5365,1039,18811,10,1,2,0
2021-04-07T23:59:59+02:00,0,2,648,836,1155,2107,1341,3305,1899,4713,2694,4019,2871,2574,6777,8103,2530,4763,249,197,363,533,382,956,475,1497,655,1139,424,375,2424,2985,2180,3958,26248,17763,5346,1020,18740,9,1,2,0
2021-04-06T23:59:59+02:00,0,2,638,828,1117,2100,1317,3286,1781,4662,2418,3850,2418,2227,6701,8012,2509,4726,225,184,329,507,357,938,438,1474,619,1107,389,333,2368,2910,2174,3949,24651,17289,5330,1003,18608,9,1,2,0
2021-04-05T23:59:59+02:00,0,2,635,826,1106,2096,1311,3283,1772,4652,2403,3834,2129,1881,5581,6696,2507,4726,225,184,328,503,351,932,434,1472,615,1102,385,330,2366,2904,2174,3948,24619,17278,5320,967,15498,8,1,2,0
2021-04-04T23:59:59+02:00,0,2,634,826,1106,2096,1311,3282,1772,4652,2401,3832,2128,1878,5581,6693,2507,4726,225,184,327,503,351,932,433,1472,615,1102,385,330,2365,2904,2174,3948,24612,17275,5320,967,15492,8,1,2,0
2021-04-03T23:59:59+02:00,0,2,634,826,1106,2095,1311,3282,1771,4650,2397,3832,2127,1875,5580,6693,2507,4726,225,184,327,503,351,932,433,1472,614,1102,385,330,2365,2904,2174,3948,24606,17274,5316,967,15489,8,1,2,0
2021-04-02T23:59:59+02:00,0,2,634,825,1106,2095,1307,3281,1769,4645,2396,3829,2119,1866,5568,6678,2504,4713,225,183,327,501,351,932,432,1471,613,1093,383,330,2365,2903,2174,3948,24538,17256,5312,967,15484,8,1,2,0
2021-04-01T23:59:59+02:00,0,2,630,814,1084,2077,1210,3185,1679,4576,2136,3621,1394,1279,5359,6468,2494,4686,221,182,327,500,350,931,431,1469,613,1092,380,328,2365,2903,2174,3944,24433,17244,2811,958,15447,8,1,2,0
2021-03-31T23:59:59+02:00,0,2,628,813,1080,2073,1205,3177,1668,4571,2118,3608,1367,1246,5330,6413,2457,4587,220,182,327,499,349,931,431,1468,612,1091,379,325,2361,2902,2172,3943,24114,17232,2797,952,15430,8,1,1,0
2021-03-30T23:59:59+02:00,0,2,626,804,1074,2069,1199,3172,1658,4557,2110,3594,1320,1201,5245,6284,2413,4441,220,181,327,498,346,927,426,1465,605,1081,364,314,2259,2750,2052,3718,23593,16614,2775,911,15400,8,1,0,0
2021-03-29T23:59:59+02:00,0,2,624,802,1071,2061,1189,3166,1651,4544,2098,3582,1284,1170,5185,6192,2364,4312,219,180,325,496,344,925,424,1460,600,1076,357,309,2036,2484,1825,3343,23162,15487,2751,908,15383,8,1,0,0
2021-03-28T23:59:59+02:00,0,2,624,799,1069,2055,1186,3159,1645,4534,2094,3577,1268,1161,5177,6170,2353,4280,217,180,324,493,336,921,421,1453,597,1064,351,297,2031,2470,1824,3340,23057,15460,2733,854,15362,5,1,0,0
2021-03-27T23:59:59+01:00,0,2,571,738,989,1987,1104,3041,1527,4410,1992,3495,1199,1091,4574,5438,2353,4280,215,179,324,493,336,921,416,1451,596,1061,350,297,2030,2469,1824,3340,23041,15444,2729,854,13020,4,1,0,0
2021-03-26T23:59:59+01:00,0,2,568,733,982,1977,1102,3035,1517,4403,1976,3487,1155,1060,4544,5404,2352,4276,214,176,324,491,333,920,414,1450,592,1054,342,292,1626,1937,1402,2620,22847,13335,2719,848,13006,4,1,0,0
2021-03-25T23:59:59+01:00,0,2,566,727,969,1969,1099,3026,1510,4391,1961,3477,1145,1049,4536,5399,2352,4275,213,173,323,490,331,914,411,1444,588,1045,338,288,1530,1816,1365,2548,22800,12988,2710,825,12942,4,1,0,0
2021-03-24T23:59:59+01:00,0,2,564,721,959,1956,1086,3011,1481,4373,1947,3468,1110,1019,4509,5366,2347,4270,213,173,322,489,328,910,406,1437,579,1029,324,278,1204,1435,1215,2282,22658,11857,2684,763,12846,4,1,0,0
2021-03-23T23:59:59+01:00,0,2,562,716,954,1942,1082,3001,1474,4359,1937,3461,1097,1008,4490,5351,2347,4267,212,173,320,486,320,907,405,1437,573,1025,316,271,969,1170,1101,2106,22584,11045,2675,742,12790,4,1,0,0
2021-03-22T23:59:59+01:00,0,2,561,707,949,1930,1076,2992,1464,4343,1923,3452,1094,1005,4485,5350,2347,4267,210,173,319,484,319,905,402,1434,570,1021,312,267,968,1166,1101,2103,22560,11028,2660,722,12726,4,1,0,0
2021-03-21T23:59:59+01:00,0,2,559,704,946,1921,1074,2988,1458,4330,1911,3445,1091,1004,4485,5349,2347,4267,209,173,319,483,317,901,402,1429,564,1019,302,262,964,1162,1100,2103,22556,11025,2646,680,12678,4,1,0,0
2021-03-20T23:59:59+01:00,0,2,554,696,941,1905,1057,2972,1430,4312,1877,3417,1019,933,3903,4715,2297,4170,209,173,319,483,317,901,402,1429,564,1019,302,262,964,1162,1099,2102,20897,11023,2645,680,12657,4,1,0,0
2021-03-19T23:59:59+01:00,0,2,545,687,924,1879,1030,2953,1394,4287,1851,3387,932,868,3233,3879,2250,4073,206,173,317,483,316,898,400,1427,560,1012,299,261,951,1149,1068,2062,18923,11000,2634,578,12616,4,1,0,0
2021-03-18T23:59:59+01:00,0,2,532,674,907,1853,1007,2927,1355,4247,1806,3335,834,804,2720,3346,2228,4039,201,171,314,479,313,887,396,1421,558,1007,296,255,848,1055,960,1873,18845,10622,1233,409,12537,3,1,0,0
2021-03-17T23:59:59+01:00,0,2,530,664,898,1833,994,2908,1333,4226,1787,3319,805,779,2634,3255,2222,4035,199,170,312,477,310,886,389,1417,555,1003,293,250,607,781,659,1428,18537,9703,1196,33,12490,0,1,0,0
2021-03-16T23:59:59+01:00,0,2,528,655,889,1811,973,2893,1316,4214,1763,3303,776,768,2586,3174,2220,4031,199,170,310,477,308,884,386,1415,552,998,287,246,361,544,471,1121,18329,8703,1156,27,12417,0,0,0,0
2021-03-15T23:59:59+01:00,0,2,528,644,885,1793,964,2872,1310,4208,1755,3294,770,765,2583,3173,2220,4031,198,170,309,476,307,884,386,1415,549,998,287,246,361,543,470,1121,18316,8697,1134,24,12347,0,0,0,0
2021-03-14T23:59:59+01:00,0,2,527,638,879,1781,957,2867,1300,4195,1745,3282,765,761,2578,3170,2220,4031,198,170,308,476,306,882,384,1413,549,998,286,246,361,543,470,1121,18311,8694,1107,18,12280,0,0,0,0
2021-03-13T23:59:59+01:00,0,2,505,587,784,1519,827,2486,1106,3631,1463,2852,684,672,2475,3044,2219,4030,198,170,308,476,306,882,384,1413,549,998,286,246,361,543,470,1121,18307,8694,1107,18,9472,0,0,0,0
2021-03-12T23:59:59+01:00,0,2,490,502,720,1253,735,2091,935,2942,1216,2261,544,519,2431,2999,2219,4030,198,168,308,476,306,880,383,1413,549,996,286,245,348,522,422,1058,18284,8540,1106,18,6499,0,0,0,0
2021-03-11T23:59:59+01:00,0,2,467,466,687,1182,689,1986,876,2797,1136,2150,489,460,2418,2987,2218,4029,198,168,307,474,305,879,383,1410,548,996,286,244,335,505,376,1015,18095,8414,1058,15,5886,0,0,0,0
2021-03-10T23:59:59+01:00,0,2,453,456,653,1149,649,1952,832,2761,1103,2122,469,444,2404,2968,2217,4026,194,166,303,467,305,878,378,1403,543,989,282,238,215,406,151,753,17819,7662,1038,9,5803,0,0,0,0
2021-03-09T23:59:59+01:00,0,2,437,439,620,1120,630,1934,809,2735,1081,2098,447,423,2311,2826,2094,3797,194,166,301,465,304,877,377,1400,543,986,280,237,215,406,151,752,17058,7654,1022,0,5723,0,0,0,0
2021-03-08T23:59:59+01:00,0,2,424,418,597,1090,612,1912,793,2710,1059,2072,425,395,2082,2551,1865,3420,194,165,301,463,303,872,377,1394,543,984,279,235,215,405,151,752,15814,7633,994,0,5619,0,0,0,0
2021-03-07T23:59:59+01:00,0,2,423,416,590,1073,599,1904,790,2697,1053,2061,424,394,2077,2543,1864,3418,194,165,301,462,303,871,377,1391,543,983,279,235,215,405,151,752,15787,7627,984,0,5557,0,0,0,0
2021-03-06T23:59:59+01:00,0,2,423,413,587,1059,596,1902,783,2690,1049,2054,423,394,2077,2543,1864,3418,194,165,301,462,303,871,377,1391,543,982,278,235,215,405,151,752,15779,7625,984,0,5514,0,0,0,0
2021-03-05T23:59:59+01:00,0,2,417,398,581,1047,590,1892,778,2681,1043,2046,410,386,1656,1981,1432,2666,191,160,297,462,300,870,375,1388,541,978,278,235,215,405,151,752,13557,7598,984,0,5465,0,0,0,0
2021-03-04T23:59:59+01:00,0,2,407,373,555,1008,571,1836,749,2628,1022,1996,406,382,1564,1863,1393,2593,180,152,286,452,299,862,373,1374,539,974,277,235,215,405,151,752,13206,7526,978,0,5164,0,0,0,0
2021-03-03T23:59:59+01:00,0,2,405,366,547,978,554,1804,724,2580,1005,1958,400,376,1242,1484,1240,2321,179,151,285,451,298,861,369,1367,536,967,275,233,214,404,149,747,12057,7486,971,0,4958,0,0,0,0
2021-03-02T23:59:59+01:00,0,2,401,361,539,944,540,1784,715,2556,994,1940,390,366,999,1217,1122,2143,179,149,284,440,294,855,369,1358,536,961,275,233,214,404,149,747,11238,7447,936,0,4839,0,0,0,0
2021-03-01T23:59:59+01:00,0,2,399,353,530,922,522,1753,706,2532,983,1923,386,359,998,1210,1122,2139,179,147,284,431,291,845,366,1343,533,955,273,231,213,403,149,747,11219,7390,901,0,4719,0,0,0,0
2021-02-28T23:59:59+01:00,0,2,395,350,527,914,515,1742,703,2522,978,1908,382,354,998,1208,1122,2139,177,146,284,430,291,844,366,1343,532,955,273,231,213,403,149,747,11216,7384,874,0,4669,0,0,0,0
2021-02-27T23:59:59+01:00,0,2,394,348,522,907,513,1736,700,2513,975,1906,381,353,998,1208,1121,2139,177,146,284,430,291,844,366,1343,531,955,273,231,213,403,149,747,11215,7383,874,0,4627,0,0,0,0
2021-02-26T23:59:59+01:00,0,2,346,301,453,734,437,1428,571,2095,804,1563,353,323,998,1205,1121,2139,177,144,284,427,289,836,364,1335,529,952,273,231,213,403,149,747,11204,7353,863,0,2806,0,0,0,0
2021-02-25T23:59:59+01:00,0,2,326,293,443,712,425,1392,556,2047,786,1531,345,316,914,1116,1049,2015,126,130,264,423,278,824,353,1319,524,945,273,229,213,403,149,747,10803,7200,833,0,2632,0,0,0,0
2021-02-24T23:59:59+01:00,0,2,321,287,438,696,418,1356,540,1999,764,1487,337,303,706,884,865,1710,126,124,263,417,275,815,351,1306,517,938,271,227,211,403,149,745,9864,7138,792,0,2457,0,0,0,0
2021-02-23T23:59:59+01:00,0,2,319,275,430,682,407,1333,532,1963,746,1468,323,293,457,638,674,1409,126,123,262,415,273,810,351,1299,516,930,270,226,210,403,148,744,8866,7106,748,0,2337,0,0,0,0
2021-02-22T23:59:59+01:00,0,2,319,273,429,675,406,1328,528,1953,741,1464,323,290,456,636,674,1408,126,118,257,405,272,793,347,1275,511,922,266,225,210,403,148,744,8862,7022,736,0,2307,0,0,0,0
2021-02-21T23:59:59+01:00,0,2,316,272,427,669,403,1320,526,1945,735,1460,312,285,452,632,672,1408,126,118,256,404,272,791,344,1272,504,919,265,224,209,402,147,735,8857,6988,695,0,2284,0,0,0,0
2021-02-20T23:59:59+01:00,0,2,316,269,427,667,403,1312,525,1936,733,1456,312,285,452,632,672,1408,126,118,256,404,272,791,344,1272,503,919,265,224,209,402,147,735,8857,6987,695,0,2255,0,0,0,0
2021-02-19T23:59:59+01:00,0,1,270,243,395,591,369,1143,467,1721,626,1246,303,269,426,596,593,1301,126,118,256,404,271,791,344,1272,503,919,265,224,209,402,147,735,8640,6986,589,0,1331,0,0,0,0
2021-02-18T23:59:59+01:00,0,1,269,238,388,582,358,1122,454,1703,616,1239,303,267,373,549,491,1173,123,115,252,399,264,785,341,1263,500,918,263,222,209,402,147,735,8461,6938,417,0,1248,0,0,0,0
2021-02-17T23:59:59+01:00,0,1,263,234,376,568,351,1113,431,1687,608,1227,298,260,218,413,156,764,115,102,248,393,259,770,335,1247,494,907,259,219,208,402,147,735,7744,6840,31,0,1193,0,0,0,0
2021-02-16T23:59:59+01:00,0,1,261,232,365,566,341,1104,423,1673,603,1221,295,257,218,412,156,764,84,90,228,367,248,740,317,1207,462,872,238,204,201,384,146,728,7737,6516,27,0,1128,0,0,0,0
2021-02-15T23:59:59+01:00,0,1,259,232,363,562,340,1098,421,1661,599,1215,295,257,218,411,155,764,83,88,224,356,240,728,307,1179,447,849,225,197,190,362,140,672,7729,6287,24,0,1098,0,0,0,0
2021-02-14T23:59:59+01:00,0,1,258,230,357,559,336,1088,417,1655,596,1212,295,257,218,411,155,764,79,86,217,351,237,720,302,1166,443,834,224,195,190,351,140,663,7719,6198,19,0,1071,0,0,0,0
2021-02-13T23:59:59+01:00,0,1,258,230,357,559,336,1088,416,1655,596,1211,294,257,218,411,155,764,79,86,217,351,237,720,302,1166,443,834,224,195,190,351,140,663,7717,6198,19,0,1070,0,0,0,0
2021-02-12T23:59:59+01:00,0,1,200,169,308,481,309,893,383,1417,559,996,286,242,217,411,155,764,76,85,214,350,235,717,295,1162,440,829,220,193,190,349,140,663,7705,6158,19,0,67,0,0,0,0
2021-02-11T23:59:59+01:00,0,0,198,168,302,470,305,879,377,1397,549,988,286,242,217,411,155,764,75,82,203,324,225,673,275,1111,423,781,219,190,190,344,140,660,7664,5915,16,0,28,0,0,0,0
2021-02-10T23:59:59+01:00,0,0,195,161,298,466,302,875,371,1386,545,980,284,240,215,410,155,762,70,76,187,298,214,614,258,1026,398,729,210,176,176,315,128,613,7622,5488,10,0,13,0,0,0,0
2021-02-09T23:59:59+01:00,0,0,190,155,295,457,301,866,371,1376,543,971,281,239,215,410,155,761,61,60,148,234,185,510,220,834,342,594,189,150,156,280,118,547,7578,4628,2,0,6,0,0,0,0
2021-02-08T23:59:59+01:00,0,0,183,148,291,444,296,856,367,1356,536,964,277,235,214,409,153,757,34,47,103,144,136,282,161,456,248,387,160,124,129,225,95,452,7478,3183,2,0,6,0,0,0,0
2021-02-07T23:59:59+01:00,0,0,181,146,288,443,295,854,366,1355,535,963,276,234,214,409,153,757,19,40,84,122,130,261,152,422,232,360,152,120,119,215,90,417,7468,2935,1,0,0,0,0,0,0
2021-02-06T23:59:59+01:00,0,0,181,146,288,443,295,854,366,1355,535,963,276,234,214,409,153,757,19,37,82,119,120,246,141,405,201,339,137,116,118,210,89,407,7468,2786,1,0,0,0,0,0,0
2021-02-05T23:59:59+01:00,0,0,181,144,288,440,294,843,364,1347,531,960,276,233,214,409,153,756,18,32,78,114,113,233,136,378,187,320,132,111,115,205,82,391,7432,2645,1,0,0,0,0,0,0
2021-02-04T23:59:59+01:00,0,0,173,139,287,436,287,834,361,1336,522,951,275,231,213,409,153,754,11,21,52,77,84,177,113,288,155,263,114,96,103,191,74,351,7361,2170,0,0,0,0,0,0,0
2021-02-03T23:59:59+01:00,0,0,155,132,277,430,283,828,359,1325,522,949,275,231,212,409,153,753,11,19,44,67,75,142,89,257,134,221,95,81,88,163,67,311,7293,1864,0,0,0,0,0,0,0
2021-02-02T23:59:59+01:00,0,0,134,126,265,428,280,821,354,1318,521,942,274,231,211,409,152,752,11,16,35,61,63,119,74,212,103,171,63,57,63,104,43,196,7218,1391,0,0,0,0,0,0,0
2021-02-01T23:59:59+01:00,0,0,129,121,260,413,278,805,352,1294,515,930,269,229,211,409,152,752,4,10,20,34,33,66,46,119,59,71,28,28,27,44,25,97,7119,711,0,0,0,0,0,0,0
2021-01-31T23:59:59+01:00,0,0,128,118,258,411,276,801,350,1288,511,928,269,226,210,408,152,752,4,6,15,23,28,47,32,73,39,43,14,8,13,28,20,59,7086,452,0,0,0,0,0,0,0
2021-01-30T23:59:59+01:00,0,0,128,118,258,411,276,800,350,1287,510,928,269,226,210,408,152,752,4,6,13,20,25,40,27,65,36,41,14,8,13,28,20,59,7083,419,0,0,0,0,0,0,0
2021-01-29T23:59:59+01:00,0,0,128,118,258,411,275,800,350,1287,510,928,269,226,210,408,152,752,4,6,7,18,23,31,22,57,32,38,14,8,13,27,19,58,7082,377,0,0,0,0,0,0,0
2021-01-28T23:59:59+01:00,0,0,126,115,254,405,271,794,347,1280,506,927,269,226,210,408,152,752,1,3,2,8,15,14,12,28,12,23,11,4,6,14,6,23,7042,182,0,0,0,0,0,0,0
2021-01-27T23:59:59+01:00,0,0,118,105,252,401,268,786,342,1273,500,920,264,223,209,407,152,752,0,0,1,4,11,12,8,21,10,17,10,4,6,14,6,23,6972,147,0,0,0,0,0,0,0
2021-01-26T23:59:59+01:00,0,0,89,93,234,384,260,761,329,1235,475,889,244,211,202,391,152,744,0,0,1,4,11,12,8,21,10,17,10,4,6,14,6,23,6693,147,0,0,0,0,0,0,0
2021-01-25T23:59:59+01:00,0,0,86,88,232,364,247,742,315,1201,457,864,228,204,193,371,148,689,0,0,1,4,11,10,7,14,7,13,10,4,6,14,6,23,6429,130,0,0,0,0,0,0,0
2021-01-24T23:59:59+01:00,0,0,86,86,228,360,246,737,312,1188,455,849,227,202,193,360,148,679,0,0,1,4,11,10,7,14,7,13,10,4,6,14,6,23,6356,130,0,0,0,0,0,0,0
2021-01-23T23:59:59+01:00,0,0,86,86,228,360,246,737,312,1188,455,849,227,202,193,360,148,679,0,0,1,4,11,10,7,14,7,13,10,4,6,14,6,23,6356,130,0,0,0,0,0,0,0
2021-01-22T23:59:59+01:00,0,0,86,85,226,358,246,734,308,1184,451,846,225,201,193,359,148,679,0,0,1,4,11,10,7,14,7,13,10,4,6,14,6,23,6329,130,0,0,0,0,0,0,0
2021-01-21T23:59:59+01:00,0,0,86,82,212,329,236,690,283,1133,437,813,224,197,192,353,148,676,0,0,1,2,9,9,6,13,6,11,10,4,6,14,6,23,6091,120,0,0,0,0,0,0,0
2021-01-20T23:59:59+01:00,0,0,80,76,198,308,224,625,269,1040,408,754,215,186,177,324,137,629,0,0,1,2,9,9,6,13,6,11,10,4,6,14,6,23,5650,120,0,0,0,0,0,0,0
2021-01-19T23:59:59+01:00,0,0,72,66,158,258,204,562,243,917,367,645,196,160,155,284,124,552,0,0,1,2,3,7,6,12,4,9,7,3,6,14,6,23,4963,103,0,0,0,0,0,0,0
2021-01-18T23:59:59+01:00,0,0,60,58,135,215,182,458,216,760,327,552,179,140,131,234,104,470,0,0,0,1,2,4,3,7,2,7,6,3,6,14,6,22,4221,83,0,0,0,0,0,0,0
2021-01-17T23:59:59+01:00,0,0,39,46,110,185,167,397,199,672,301,495,171,134,118,217,90,416,0,0,0,0,2,4,2,7,2,5,4,3,6,14,5,22,3757,76,0,0,0,0,0,0,0
2021-01-16T23:59:59+01:00,0,0,32,43,110,182,157,380,184,652,270,473,155,129,117,211,89,406,0,0,0,0,0,0,0,0,0,0,0,0,0,0,0,0,3590,0,0,0,0,0,0,0,0
2021-01-15T23:59:59+01:00,0,0,30,39,106,177,146,367,178,622,253,451,150,120,114,205,81,390,0,0,0,0,0,0,0,0,0,0,0,0,0,0,0,0,3429,0,0,0,0,0,0,0,0
2021-01-14T23:59:59+01:00,0,0,12,24,52,78,84,171,114,287,150,263,123,101,100,190,71,350,0,0,0,0,0,0,0,0,0,0,0,0,0,0,0,0,2170,0,0,0,0,0,0,0,0
2021-01-13T23:59:59+01:00,0,0,11,20,42,68,76,136,92,257,125,226,94,79,81,153,56,282,0,0,0,0,0,0,0,0,0,0,0,0,0,0,0,0,1798,0,0,0,0,0,0,0,0
2021-01-12T23:59:59+01:00,0,0,11,15,38,64,63,112,77,209,96,172,61,53,54,92,32,162,0,0,0,0,0,0,0,0,0,0,0,0,0,0,0,0,1311,0,0,0,0,0,0,0,0
2021-01-11T23:59:59+01:00,0,0,3,10,27,47,39,81,56,140,59,85,31,27,22,36,16,70,0,0,0,0,0,0,0,0,0,0,0,0,0,0,0,0,749,0,0,0,0,0,0,0,0
2021-01-10T23:59:59+01:00,0,0,3,5,20,33,34,57,37,93,38,53,14,7,7,19,11,31,0,0,0,0,0,0,0,0,0,0,0,0,0,0,0,0,462,0,0,0,0,0,0,0,0
2021-01-09T23:59:59+01:00,0,0,3,5,18,29,33,53,32,83,36,52,14,7,7,19,11,31,0,0,0,0,0,0,0,0,0,0,0,0,0,0,0,0,433,0,0,0,0,0,0,0,0
2021-01-08T23:59:59+01:00,0,0,3,5,15,27,30,42,26,74,32,48,13,7,6,17,10,30,0,0,0,0,0,0,0,0,0,0,0,0,0,0,0,0,385,0,0,0,0,0,0,0,0
2021-01-07T23:59:59+01:00,0,0,1,3,2,10,15,13,13,29,14,24,11,5,6,15,8,24,0,0,0,0,0,0,0,0,0,0,0,0,0,0,0,0,193,0,0,0,0,0,0,0,0
2021-01-06T23:59:59+01:00,0,0,1,0,2,4,13,11,9,23,12,19,11,5,6,15,8,24,0,0,0,0,0,0,0,0,0,0,0,0,0,0,0,0,163,0,0,0,0,0,0,0,0
2021-01-05T23:59:59+01:00,0,0,0,0,1,4,12,11,8,21,11,19,10,5,6,15,8,24,0,0,0,0,0,0,0,0,0,0,0,0,0,0,0,0,155,0,0,0,0,0,0,0,0
2021-01-04T23:59:59+01:00,0,0,0,0,1,4,12,10,7,17,9,17,10,5,6,15,8,24,0,0,0,0,0,0,0,0,0,0,0,0,0,0,0,0,145,0,0,0,0,0,0,0,0
2021-01-03T23:59:59+01:00,0,0,0,0,1,4,11,9,7,14,7,14,10,5,6,15,8,24,0,0,0,0,0,0,0,0,0,0,0,0,0,0,0,0,135,0,0,0,0,0,0,0,0
2021-01-02T23:59:59+01:00,0,0,0,0,1,4,11,9,7,14,7,14,10,5,6,15,8,24,0,0,0,0,0,0,0,0,0,0,0,0,0,0,0,0,135,0,0,0,0,0,0,0,0
2021-01-01T23:59:59+01:00,0,0,0,0,1,4,11,9,7,14,7,14,10,5,6,15,8,24,0,0,0,0,0,0,0,0,0,0,0,0,0,0,0,0,135,0,0,0,0,0,0,0,0
2020-12-31T23:59:59+01:00,0,0,0,0,1,4,11,9,7,14,7,14,10,5,6,15,8,24,0,0,0,0,0,0,0,0,0,0,0,0,0,0,0,0,135,0,0,0,0,0,0,0,0
2020-12-30T23:59:59+01:00,0,0,0,0,1,4,11,9,7,14,7,14,10,5,6,15,8,24,0,0,0,0,0,0,0,0,0,0,0,0,0,0,0,0,135,0,0,0,0,0,0,0,0
2020-12-29T23:59:59+01:00,0,0,0,0,1,4,8,9,7,14,5,12,10,5,6,15,8,24,0,0,0,0,0,0,0,0,0,0,0,0,0,0,0,0,128,0,0,0,0,0,0,0,0
2020-12-28T23:59:59+01:00,0,0,0,0,1,1,5,7,7,8,3,9,10,5,6,15,8,24,0,0,0,0,0,0,0,0,0,0,0,0,0,0,0,0,109,0,0,0,0,0,0,0,0
2020-12-27T23:59:59+01:00,0,0,0,0,0,0,2,4,2,7,2,6,4,4,6,15,7,23,0,0,0,0,0,0,0,0,0,0,0,0,0,0,0,0,82,0,0,0,0,0,0,0,0
