Datum,<24_1_m,<24_1_w,25-34_1_m,25-34_1_w,35-44_1_m,35-44_1_w,45-54_1_m,45-54_1_w,55-64_1_m,55-64_1_w,65-74_1_m,65-74_1_w,75-84_1_m,75-84_1_w,>84_1_m,>84_1_w,<24_2_m,<24_2_w,25-34_2_m,25-34_2_w,35-44_2_m,35-44_2_w,45-54_2_m,45-54_2_w,55-64_2_m,55-64_2_w,65-74_2_m,65-74_2_w,75-84_2_m,75-84_2_w,>84_2_m,>84_2_w,bp_1,bp_2,mo_1,mo_2,az_1,az_2,ja
2021-05-07T23:59:59+02:00,1374,1521,2315,2988,3053,4794,5066,7126,9541,10276,13767,14478,8097,10131,2229,4450,431,369,515,801,606,1369,805,2040,997,1443,1055,929,4718,5758,1886,3634,65824,23329,8508,2789,26775,1139,99
2021-05-06T23:59:59+02:00,1220,1404,2094,2741,2758,4487,4691,6697,8991,9691,13508,14256,8065,10091,2227,4449,429,364,511,784,596,1347,790,2018,973,1423,1033,894,4711,5749,1884,3630,62238,23213,8393,2740,26646,1090,93
2021-05-05T23:59:59+02:00,1151,1345,1985,2630,2593,4306,4380,6426,8013,8496,13443,14194,8027,10050,2217,4434,427,362,503,777,580,1340,757,2003,952,1404,958,833,4678,5685,1877,3617,58769,22916,8347,2722,26527,1068,47
2021-05-04T23:59:59+02:00,1128,1322,1930,2592,2489,4237,4153,6310,7590,8116,13119,13812,8000,10017,2212,4428,424,360,498,774,570,1333,738,1987,937,1397,940,811,4664,5672,1874,3608,56757,22790,8292,2711,26366,1046,40
2021-05-03T23:59:59+02:00,1096,1283,1871,2538,2375,4125,3937,6184,7146,7684,12719,13349,7967,9984,2207,4414,419,358,496,771,559,1325,732,1978,924,1388,920,787,4649,5656,1869,3595,54382,22693,8268,2705,26229,1028,0
2021-05-02T23:59:59+02:00,1087,1282,1854,2532,2350,4117,3894,6174,7119,7677,12718,13348,7967,9984,2207,4414,419,358,493,771,558,1323,728,1978,923,1384,918,783,4648,5653,1869,3595,54251,22677,8266,2703,26207,1021,0
2021-05-01T23:59:59+02:00,1087,1280,1847,2530,2340,4111,3883,6165,7108,7669,12717,13347,7967,9984,2207,4414,419,358,493,771,558,1323,727,1977,921,1384,918,783,4648,5653,1869,3595,54185,22677,8266,2699,26205,1021,0
2021-04-30T23:59:59+02:00,1070,1272,1826,2517,2315,4079,3852,6131,7003,7586,12655,13278,7965,9981,2205,4402,355,300,461,685,525,1139,699,1751,888,1193,906,777,4646,5651,1869,3595,53704,22663,8265,2695,26168,82,0
2021-04-29T23:59:59+02:00,1015,1249,1779,2480,2250,4023,3717,6014,6726,7334,12449,13067,7948,9955,2201,4396,350,298,453,681,522,1131,690,1744,883,1187,898,767,4637,5644,1869,3595,52209,22599,8250,2689,26144,61,0
2021-04-28T23:59:59+02:00,943,1213,1705,2417,2098,3899,3395,5754,6020,6713,11772,12288,7895,9872,2178,4369,349,295,451,676,513,1116,681,1726,877,1182,884,750,4620,5619,1867,3595,48185,22487,8244,2673,26102,41,0
2021-04-27T23:59:59+02:00,929,1206,1688,2396,2052,3882,3321,5725,5901,6596,11749,12273,7893,9870,2178,4367,347,293,445,674,505,1112,672,1713,869,1175,872,739,4618,5615,1866,3589,47710,22413,8241,2658,26075,33,0
2021-04-26T23:59:59+02:00,920,1193,1656,2379,1986,3839,3134,5646,5555,6278,11218,11666,7849,9812,2174,4358,345,292,445,672,500,1108,659,1706,865,1168,863,732,4614,5609,1866,3586,45399,22371,8232,2631,26032,28,0
2021-04-25T23:59:59+02:00,909,1191,1641,2372,1945,3818,2998,5628,5478,6273,11214,11663,7845,9806,2173,4357,344,292,445,672,500,1101,659,1704,862,1167,863,731,4614,5609,1866,3586,45073,22367,8226,2627,26012,21,0
2021-04-24T23:59:59+02:00,892,1180,1620,2352,1904,3768,2889,5553,5114,5928,10637,10972,7817,9758,2172,4356,344,292,445,672,500,1100,658,1703,860,1166,859,725,4605,5597,1864,3584,42679,22331,8226,2623,26007,20,0
2021-04-23T23:59:59+02:00,883,1172,1609,2343,1875,3739,2848,5502,4923,5698,10361,10640,7783,9720,2169,4349,344,291,445,672,500,1099,657,1703,858,1166,859,723,4602,5595,1864,3584,41394,22320,8226,2622,25994,20,0
2021-04-22T23:59:59+02:00,866,1149,1576,2304,1824,3666,2757,5412,4756,5528,10249,10471,7771,9691,2167,4343,344,289,443,662,498,1093,649,1693,855,1159,853,719,4599,5592,1864,3583,40404,22287,8200,2596,25926,12,0
2021-04-21T23:59:59+02:00,854,1135,1551,2293,1770,3619,2640,5318,4324,5043,9723,9870,7725,9636,2165,4333,343,289,439,661,498,1092,648,1691,851,1153,843,709,4590,5580,1864,3579,37916,22243,8183,2576,25900,11,0
2021-04-20T23:59:59+02:00,845,1119,1532,2270,1739,3588,2584,5254,4180,4942,9545,9668,7705,9627,2164,4331,343,288,439,660,497,1091,648,1686,848,1149,837,705,4587,5576,1864,3579,37094,22215,8172,2571,25827,11,0
2021-04-19T23:59:59+02:00,840,1107,1521,2263,1721,3573,2552,5222,4109,4871,9187,9268,7682,9604,2162,4326,343,286,438,657,495,1089,644,1684,842,1146,833,700,4579,5575,1864,3578,36074,22182,8160,2560,25774,11,0
2021-04-18T23:59:59+02:00,836,1104,1516,2258,1703,3566,2534,5210,4100,4868,9181,9258,7682,9603,2162,4326,342,285,438,654,494,1087,643,1681,840,1146,832,697,4579,5574,1864,3578,36015,22175,8140,2548,25752,11,0
2021-04-17T23:59:59+02:00,818,1095,1411,2250,1618,3553,2494,5173,3976,4745,8521,8589,7669,9595,2162,4326,341,285,437,653,493,1087,642,1680,839,1144,832,697,4578,5574,1864,3578,36007,22165,8140,2548,23848,11,0
2021-04-16T23:59:59+02:00,800,1075,1268,2228,1478,3528,2409,5101,3746,4499,7270,7128,7634,9552,2150,4298,340,283,433,647,488,1084,633,1677,832,1137,826,690,4572,5566,1862,3576,34637,22093,8138,2544,21389,9,0
2021-04-15T23:59:59+02:00,778,1064,1257,2214,1456,3508,2351,5062,3656,4427,6854,6652,7593,9488,2131,4234,331,275,419,637,471,1071,600,1651,797,1109,712,603,4105,5078,1841,3549,33327,22039,8080,1205,21318,5,0
2021-04-14T23:59:59+02:00,774,1057,1234,2206,1429,3489,2304,5020,3465,4296,5578,5297,7547,9423,2112,4203,323,270,416,632,464,1067,596,1643,792,1105,695,589,4095,5071,1838,3546,30122,21963,8070,1175,21242,4,0
2021-04-13T23:59:59+02:00,770,1057,1226,2201,1415,3486,2290,5008,3447,4283,5565,5281,7542,9419,2111,4201,323,268,414,631,461,1064,593,1639,778,1103,681,584,4093,5070,1838,3546,30044,21944,8050,1138,21208,4,0
2021-04-12T23:59:59+02:00,764,1046,1213,2193,1398,3476,2259,4993,3419,4259,5543,5267,7533,9406,2108,4170,322,267,412,631,461,1058,591,1635,769,1095,677,582,4090,5069,1838,3546,29918,21921,8005,1118,21124,4,0
2021-04-11T23:59:59+02:00,754,1042,1197,2181,1380,3457,2188,4968,3287,4158,5000,4695,7009,8740,2099,4161,322,267,410,631,460,1057,586,1632,766,1095,673,579,4086,5064,1838,3546,29874,21917,5404,1091,21038,4,0
2021-04-10T23:59:59+02:00,754,1041,1196,2180,1378,3454,2187,4965,3284,4149,4957,4649,7006,8735,2099,4160,317,261,407,622,448,1042,560,1614,730,1068,565,482,3549,4459,1795,3470,29756,20294,5401,1091,21037,4,0
2021-04-09T23:59:59+02:00,751,1040,1188,2177,1373,3451,2145,4938,3193,4068,4784,4492,6976,8687,2095,4147,306,254,393,604,434,1031,534,1596,709,1039,444,395,2932,3651,1752,3396,29080,18376,5397,1090,21028,4,0
2021-04-08T23:59:59+02:00,739,1029,1173,2163,1356,3423,2068,4874,3045,3960,3702,3312,6791,8375,2087,4135,292,244,376,587,409,1014,514,1568,679,1017,427,374,2926,3645,1749,3393,28294,18167,5349,1043,18589,4,0
2021-04-07T23:59:59+02:00,732,1024,1159,2153,1336,3407,1931,4765,2694,3704,3153,2825,6692,8251,2066,4093,277,235,343,559,372,982,474,1533,644,992,399,350,2868,3586,1746,3386,26136,17718,5330,1024,18519,4,0
2021-04-06T23:59:59+02:00,715,1015,1128,2144,1312,3390,1793,4703,2394,3506,2754,2526,6616,8161,2048,4061,248,219,309,533,348,965,437,1510,610,957,365,312,2813,3513,1741,3378,24570,17247,5316,1007,18380,4,0
2021-04-05T23:59:59+02:00,711,1013,1117,2140,1309,3387,1779,4692,2385,3489,2108,1834,5870,7214,2046,4061,248,219,308,529,343,958,434,1509,605,953,362,308,2812,3509,1741,3376,24541,17238,5306,972,15308,4,0
2021-04-04T23:59:59+02:00,710,1013,1116,2140,1309,3387,1779,4691,2382,3488,2108,1830,5870,7211,2046,4061,248,219,308,529,343,958,433,1509,605,953,362,308,2811,3509,1741,3376,24533,17236,5306,972,15302,4,0
2021-04-03T23:59:59+02:00,710,1013,1116,2139,1309,3387,1777,4689,2379,3488,2107,1828,5869,7211,2046,4061,248,219,308,529,343,958,433,1509,604,953,362,308,2811,3509,1741,3376,24527,17235,5302,972,15300,4,0
2021-04-02T23:59:59+02:00,710,1012,1116,2139,1305,3386,1775,4683,2377,3486,2096,1818,5861,7195,2042,4050,248,218,308,527,343,958,432,1507,603,946,360,308,2811,3508,1741,3376,24459,17218,5298,972,15294,4,0
2021-04-01T23:59:59+02:00,706,1000,1091,2119,1194,3279,1698,4629,2118,3282,1337,1195,5692,7016,2034,4026,244,217,308,526,342,957,431,1505,602,945,358,306,2811,3508,1741,3372,24353,17206,2806,963,15257,4,0
2021-03-31T23:59:59+02:00,704,999,1090,2115,1189,3272,1686,4624,2102,3270,1313,1163,5665,6961,1995,3940,243,217,308,525,341,957,431,1504,601,943,355,304,2807,3507,1740,3371,24056,17195,2792,955,15240,4,0
2021-03-30T23:59:59+02:00,701,991,1085,2110,1183,3267,1677,4610,2092,3256,1260,1116,5584,6822,1956,3806,243,216,308,524,338,953,426,1502,595,932,341,293,2680,3321,1647,3180,23534,16581,2770,914,15212,4,0
2021-03-29T23:59:59+02:00,699,989,1080,2102,1174,3260,1670,4596,2078,3244,1223,1082,5521,6722,1907,3689,243,215,307,523,335,951,423,1498,592,927,332,286,2398,2978,1482,2884,23093,15458,2747,912,15196,4,0
2021-03-28T23:59:59+02:00,699,985,1078,2097,1170,3253,1667,4587,2075,3240,1207,1070,5511,6701,1897,3659,241,215,305,519,329,949,421,1490,588,913,327,277,2393,2966,1481,2882,22988,15432,2729,860,15179,4,0
2021-03-27T23:59:59+01:00,640,913,1001,2025,1084,3138,1545,4473,1982,3163,1139,997,4916,5979,1897,3659,239,214,305,519,329,949,416,1487,586,911,327,277,2392,2965,1481,2882,22974,15416,2725,860,12852,3,0
2021-03-26T23:59:59+01:00,635,906,995,2016,1083,3133,1534,4465,1962,3155,1094,967,4892,5946,1896,3655,238,211,304,517,327,948,414,1486,582,904,317,272,1885,2271,1173,2322,22781,13314,2716,854,12837,3,0
2021-03-25T23:59:59+01:00,632,900,982,2004,1081,3128,1527,4454,1949,3145,1084,956,4885,5942,1896,3654,237,208,303,516,325,941,411,1481,578,894,312,268,1782,2137,1145,2263,22735,12967,2707,831,12777,3,0
2021-03-24T23:59:59+01:00,630,895,968,1989,1070,3116,1499,4439,1940,3135,1050,925,4860,5911,1891,3649,237,208,302,514,322,937,407,1474,569,878,297,257,1420,1704,1026,2050,22598,11830,2682,769,12687,3,0
2021-03-23T23:59:59+01:00,627,886,964,1979,1064,3105,1494,4426,1931,3131,1038,915,4842,5895,1891,3647,236,208,300,512,315,934,406,1474,564,874,290,250,1152,1402,943,1911,22526,11020,2673,748,12636,3,0
2021-03-22T23:59:59+01:00,626,875,961,1971,1060,3095,1486,4414,1920,3124,1036,912,4837,5894,1891,3647,234,208,299,510,314,933,403,1471,561,870,286,246,1150,1400,943,1909,22507,11005,2661,729,12581,3,0
2021-03-21T23:59:59+01:00,624,869,958,1965,1058,3089,1481,4404,1913,3117,1033,911,4837,5893,1891,3647,234,208,299,508,313,929,403,1466,554,868,277,242,1145,1395,943,1909,22505,11004,2648,686,12537,3,0
2021-03-20T23:59:59+01:00,619,858,952,1951,1043,3074,1454,4385,1876,3086,923,811,4288,5271,1847,3567,234,208,299,508,313,929,403,1466,554,868,277,241,1145,1395,942,1909,20840,11002,2648,686,12517,3,0
2021-03-19T23:59:59+01:00,609,848,932,1921,1020,3059,1418,4362,1849,3050,795,720,3649,4445,1806,3491,231,208,298,508,312,926,401,1464,549,862,275,240,1123,1372,919,1875,18859,10976,2637,584,12478,3,0
2021-03-18T23:59:59+01:00,594,828,917,1902,997,3033,1382,4319,1804,3002,670,629,3162,3936,1786,3464,226,206,294,503,310,918,398,1458,547,857,270,235,1005,1250,824,1710,18784,10600,1239,408,12402,3,0
2021-03-17T23:59:59+01:00,592,816,906,1882,986,3017,1359,4297,1787,2986,641,605,3077,3846,1781,3459,224,205,292,501,307,917,392,1453,544,853,267,231,711,919,574,1323,18479,9680,1202,33,12356,0,0
2021-03-16T23:59:59+01:00,589,801,893,1866,970,3003,1341,4283,1760,2971,616,591,3030,3772,1780,3455,224,205,291,501,307,916,389,1451,540,848,262,227,439,649,411,1048,18275,8681,1163,27,12283,0,0
2021-03-15T23:59:59+01:00,589,787,889,1850,962,2982,1335,4278,1750,2960,610,589,3029,3771,1780,3455,223,205,290,500,306,916,388,1450,538,848,262,227,439,648,410,1048,18262,8674,1141,24,12213,0,0
2021-03-14T23:59:59+01:00,588,781,882,1837,956,2978,1326,4264,1739,2950,607,585,3024,3768,1780,3455,223,205,289,500,305,914,386,1448,538,848,262,227,439,648,410,1048,18258,8672,1114,18,12148,0,0
2021-03-13T23:59:59+01:00,562,708,774,1572,830,2585,1120,3701,1465,2565,541,501,2926,3654,1779,3454,223,205,289,500,305,914,386,1448,538,848,262,227,439,648,410,1048,18254,8672,1114,18,9369,0,0
2021-03-12T23:59:59+01:00,543,602,707,1302,735,2159,940,3002,1169,1968,467,427,2889,3614,1779,3454,223,204,289,500,305,912,385,1447,538,848,262,226,415,617,371,994,18232,8518,1113,18,6412,0,0
2021-03-11T23:59:59+01:00,519,560,674,1232,687,2049,883,2849,1071,1861,435,384,2877,3606,1778,3454,223,204,288,498,304,911,385,1445,537,848,262,225,396,594,329,956,18049,8390,1065,15,5805,0,0
2021-03-10T23:59:59+01:00,504,547,635,1195,648,2018,843,2810,1037,1835,418,371,2864,3588,1777,3450,218,201,285,491,304,911,380,1437,532,842,258,219,228,453,147,732,17772,7629,1045,9,5723,0,0
2021-03-09T23:59:59+01:00,484,529,606,1167,629,1998,821,2782,1017,1812,399,354,2745,3412,1680,3253,218,201,283,489,303,910,379,1434,532,839,256,218,228,452,147,732,17013,7621,1030,0,5645,0,0
2021-03-08T23:59:59+01:00,469,502,586,1139,610,1978,805,2761,998,1783,375,327,2457,3059,1512,2955,218,200,283,487,302,905,379,1429,532,837,255,216,228,451,147,732,15770,7601,1002,0,5544,0,0
2021-03-07T23:59:59+01:00,467,497,578,1124,600,1971,802,2747,994,1776,374,325,2452,3051,1511,2954,218,200,283,486,302,903,379,1426,532,837,255,216,228,451,147,732,15744,7595,993,0,5486,0,0
2021-03-06T23:59:59+01:00,467,492,574,1113,597,1970,796,2738,989,1771,374,325,2452,3051,1511,2954,218,200,283,486,302,903,379,1426,532,836,254,216,228,451,147,732,15736,7593,993,0,5445,0,0
2021-03-05T23:59:59+01:00,461,476,567,1100,592,1963,791,2730,982,1763,359,316,1913,2322,1196,2361,215,195,279,486,299,902,377,1423,530,832,254,216,212,445,144,723,13501,7532,993,0,5398,0,0
2021-03-04T23:59:59+01:00,450,444,539,1069,573,1902,765,2675,961,1722,355,311,1810,2190,1167,2302,204,188,271,477,298,895,375,1409,528,829,253,216,212,445,144,723,13148,7467,987,0,5100,0,0
2021-03-03T23:59:59+01:00,447,434,529,1039,556,1866,741,2627,945,1691,347,306,1450,1756,1045,2083,203,187,270,476,297,894,371,1401,527,823,251,214,211,442,142,720,11990,7429,978,0,4894,0,0
2021-03-02T23:59:59+01:00,444,425,522,1009,542,1844,732,2604,935,1674,338,296,1171,1449,959,1943,203,185,269,464,294,889,371,1391,527,818,251,214,211,442,142,720,11167,7391,943,0,4777,0,0
2021-03-01T23:59:59+01:00,442,417,512,982,523,1818,720,2575,928,1659,334,291,1169,1443,959,1940,202,182,269,455,290,878,369,1376,525,814,249,212,210,441,142,720,11148,7334,907,0,4657,0,0
2021-02-28T23:59:59+01:00,439,413,508,973,519,1807,717,2565,923,1645,331,287,1169,1441,959,1940,201,181,269,455,290,877,369,1376,524,814,249,212,210,441,142,720,11148,7330,880,0,4608,0,0
2021-02-27T23:59:59+01:00,438,409,503,967,517,1802,714,2556,919,1642,330,286,1169,1441,958,1940,201,181,269,455,290,877,368,1376,524,814,249,212,210,441,142,720,11145,7329,880,0,4566,0,0
2021-02-26T23:59:59+01:00,389,356,429,785,445,1466,576,2140,750,1348,320,276,1169,1438,958,1940,201,179,269,452,288,866,366,1371,522,811,249,212,210,441,142,720,11136,7299,869,0,2780,0,0
2021-02-25T23:59:59+01:00,369,345,417,762,434,1430,562,2096,733,1314,311,269,1076,1338,896,1828,147,166,252,446,279,854,356,1357,517,807,249,210,210,441,142,720,10734,7153,839,0,2607,0,0
2021-02-24T23:59:59+01:00,364,337,411,745,428,1392,546,2043,711,1279,303,258,844,1079,735,1551,147,160,251,440,275,845,355,1343,510,801,246,208,209,440,141,718,9795,7089,797,0,2434,0,0
2021-02-23T23:59:59+01:00,361,324,403,730,419,1371,536,2006,694,1263,291,249,565,796,569,1281,147,159,250,438,273,838,355,1334,509,797,245,207,208,440,139,717,8788,7056,753,0,2317,0,0
2021-02-22T23:59:59+01:00,361,321,402,723,418,1364,531,1997,690,1259,291,246,564,794,569,1280,147,153,245,428,270,820,352,1310,504,791,242,206,208,440,139,717,8783,6972,741,0,2286,0,0
2021-02-21T23:59:59+01:00,358,320,399,718,416,1358,529,1987,683,1256,282,242,559,789,568,1280,147,152,244,428,269,818,349,1307,497,788,241,205,207,439,138,708,8779,6937,700,0,2265,0,0
2021-02-20T23:59:59+01:00,358,317,399,716,416,1349,528,1978,681,1253,282,242,559,789,568,1280,147,152,244,428,269,818,348,1307,497,788,241,205,207,439,138,708,8779,6936,700,0,2236,0,0
2021-02-19T23:59:59+01:00,311,288,367,632,380,1178,468,1763,606,1085,280,238,514,736,506,1189,147,152,244,428,268,818,348,1307,497,788,241,205,207,439,138,708,8620,6935,594,0,1327,0,0
2021-02-18T23:59:59+01:00,309,282,359,621,368,1159,456,1747,598,1079,280,236,445,667,414,1080,144,148,239,423,262,812,345,1298,494,787,239,204,207,439,138,708,8439,6887,417,0,1244,0,0
2021-02-17T23:59:59+01:00,302,276,348,608,359,1149,435,1730,591,1070,275,229,216,459,148,739,135,133,236,419,257,794,339,1282,488,780,235,202,206,439,138,708,7713,6791,31,0,1190,0,0
2021-02-16T23:59:59+01:00,298,274,338,605,350,1140,427,1717,587,1064,272,226,215,458,148,739,101,117,219,394,246,766,323,1241,456,744,215,187,198,424,137,701,7705,6469,27,0,1126,0,0
2021-02-15T23:59:59+01:00,296,273,336,601,348,1132,426,1707,583,1060,272,226,215,457,147,739,100,115,215,383,237,752,314,1212,438,723,204,180,186,395,130,652,7697,6236,24,0,1097,0,0
2021-02-14T23:59:59+01:00,294,269,331,600,344,1123,422,1701,581,1057,272,226,215,457,147,739,96,114,208,377,234,744,308,1196,435,713,203,177,186,384,130,643,7688,6148,19,0,1071,0,0
2021-02-13T23:59:59+01:00,294,269,331,600,344,1123,421,1701,581,1056,271,226,215,457,147,739,96,114,208,377,234,744,308,1196,435,713,203,177,186,384,130,643,7686,6148,19,0,1070,0,0
2021-02-12T23:59:59+01:00,224,204,292,509,313,927,390,1458,545,853,264,223,215,457,147,739,93,113,205,376,231,741,302,1191,432,709,201,176,186,384,130,643,7674,6113,19,0,67,0,0
2021-02-11T23:59:59+01:00,221,202,287,497,307,912,384,1440,537,846,264,223,215,457,147,739,92,107,192,346,220,702,282,1133,417,671,200,173,186,379,130,640,7634,5870,16,0,28,0,0
2021-02-10T23:59:59+01:00,218,195,283,492,303,909,377,1429,535,838,262,221,213,455,147,738,85,100,177,316,207,642,266,1046,394,627,190,158,171,347,118,597,7592,5441,10,0,13,0,0
2021-02-09T23:59:59+01:00,211,188,281,481,302,902,377,1417,533,831,259,220,213,454,147,738,74,80,139,250,175,536,232,842,336,514,173,130,151,311,109,531,7546,4583,2,0,6,0,0
2021-02-08T23:59:59+01:00,206,181,278,470,298,890,373,1399,528,825,255,216,212,452,145,735,42,58,99,156,127,289,167,459,240,341,151,106,122,258,88,434,7455,3137,2,0,6,0,0
2021-02-07T23:59:59+01:00,204,179,275,469,297,888,372,1397,527,825,254,215,212,452,145,735,24,49,82,135,122,268,157,426,226,315,143,101,114,246,83,401,7445,2892,1,0,0,0,0
2021-02-06T23:59:59+01:00,204,179,275,469,297,888,372,1397,527,825,254,215,212,452,145,735,24,46,79,133,111,254,148,408,193,292,130,101,113,241,82,390,7445,2745,1,0,0,0,0
2021-02-05T23:59:59+01:00,204,177,275,466,296,874,369,1392,524,822,254,214,212,452,145,734,23,41,75,125,105,240,141,382,181,274,123,97,110,235,75,374,7409,2601,1,0,0,0,0
2021-02-04T23:59:59+01:00,195,172,275,462,290,863,366,1380,515,816,253,212,211,451,145,732,14,26,50,85,81,183,116,292,152,226,110,89,101,217,67,335,7338,2144,0,0,0,0,0
2021-02-03T23:59:59+01:00,177,166,268,456,286,859,364,1369,515,815,252,212,211,451,145,731,14,24,44,71,74,148,92,265,133,190,89,75,87,185,61,294,7277,1846,0,0,0,0,0
2021-02-02T23:59:59+01:00,154,160,258,453,282,851,360,1359,514,812,251,212,210,451,144,730,13,21,35,65,63,126,75,217,105,144,59,55,62,119,40,190,7201,1389,0,0,0,0,0
2021-02-01T23:59:59+01:00,149,153,252,439,279,833,359,1334,508,802,247,210,210,451,144,730,7,14,17,35,38,72,43,108,58,62,24,29,28,48,22,98,7100,703,0,0,0,0,0
2021-01-31T23:59:59+01:00,148,151,249,437,278,829,357,1329,504,800,247,208,209,450,144,730,5,9,14,22,31,52,29,59,37,38,12,9,13,29,17,59,7070,435,0,0,0,0,0
2021-01-30T23:59:59+01:00,148,151,249,437,278,827,356,1329,504,800,247,208,209,450,144,730,5,9,12,18,28,46,24,50,34,37,12,9,13,29,17,59,7067,402,0,0,0,0,0
2021-01-29T23:59:59+01:00,148,151,249,437,277,827,356,1329,504,800,247,208,209,450,144,730,4,8,8,17,26,37,19,42,30,34,12,9,12,27,17,59,7066,361,0,0,0,0,0
2021-01-28T23:59:59+01:00,146,148,245,429,272,823,354,1321,500,799,247,208,209,450,144,730,1,3,2,7,15,15,11,20,12,18,8,5,6,15,4,23,7025,165,0,0,0,0,0
2021-01-27T23:59:59+01:00,137,138,244,424,268,814,350,1313,494,794,242,206,208,449,144,730,0,0,1,3,11,11,8,15,10,13,7,5,6,15,4,23,6955,132,0,0,0,0,0
2021-01-26T23:59:59+01:00,105,122,229,411,260,786,338,1276,469,763,222,194,200,435,144,722,0,0,1,3,11,11,8,15,10,13,7,5,6,15,4,23,6676,132,0,0,0,0,0
2021-01-25T23:59:59+01:00,102,115,226,391,245,766,326,1241,448,742,209,185,190,409,139,674,0,0,1,3,11,8,7,9,7,9,7,5,6,15,4,23,6408,115,0,0,0,0,0
2021-01-24T23:59:59+01:00,102,114,222,385,244,762,323,1225,446,731,208,182,190,398,139,664,0,0,1,3,11,8,7,9,7,9,7,5,6,15,4,23,6335,115,0,0,0,0,0
2021-01-23T23:59:59+01:00,102,114,222,385,244,762,323,1225,446,731,208,182,190,398,139,664,0,0,1,3,11,8,7,9,7,9,7,5,6,15,4,23,6335,115,0,0,0,0,0
2021-01-22T23:59:59+01:00,102,113,220,383,244,759,319,1221,442,727,206,181,190,398,139,664,0,0,1,3,11,8,7,9,7,9,7,5,6,15,4,23,6308,115,0,0,0,0,0
2021-01-21T23:59:59+01:00,102,107,204,351,234,719,295,1164,429,702,205,177,189,392,138,661,0,0,1,1,9,7,6,7,6,8,7,5,6,15,4,23,6069,105,0,0,0,0,0
2021-01-20T23:59:59+01:00,94,101,191,326,221,652,281,1068,402,653,195,165,173,360,127,618,0,0,1,1,9,7,6,7,6,8,7,5,6,15,4,23,5627,105,0,0,0,0,0
2021-01-19T23:59:59+01:00,84,87,154,277,199,588,257,934,360,558,179,137,153,317,114,543,0,0,1,1,3,7,5,6,4,6,6,4,6,15,4,23,4941,91,0,0,0,0,0
2021-01-18T23:59:59+01:00,71,77,130,230,179,477,226,775,323,478,164,119,129,268,94,461,0,0,0,1,2,3,2,1,2,5,5,4,6,15,4,21,4201,71,0,0,0,0,0
2021-01-17T23:59:59+01:00,45,59,107,201,166,412,208,683,297,425,154,111,117,250,80,405,0,0,0,0,2,3,1,1,2,4,5,4,6,15,4,21,3720,68,0,0,0,0,0
2021-01-16T23:59:59+01:00,38,56,106,198,154,396,196,660,264,402,141,111,116,245,79,394,0,0,0,0,0,0,0,0,0,0,0,0,0,0,0,0,3556,0,0,0,0,0,0
2021-01-15T23:59:59+01:00,36,52,102,190,143,382,189,630,249,382,134,103,112,238,72,378,0,0,0,0,0,0,0,0,0,0,0,0,0,0,0,0,3392,0,0,0,0,0,0
2021-01-14T23:59:59+01:00,13,29,52,83,84,177,118,292,149,224,116,91,100,219,63,339,0,0,0,0,0,0,0,0,0,0,0,0,0,0,0,0,2149,0,0,0,0,0,0
2021-01-13T23:59:59+01:00,12,25,41,69,77,142,95,266,123,189,86,72,79,176,52,270,0,0,0,0,0,0,0,0,0,0,0,0,0,0,0,0,1774,0,0,0,0,0,0
2021-01-12T23:59:59+01:00,12,21,37,63,65,118,78,213,96,138,54,49,52,103,28,157,0,0,0,0,0,0,0,0,0,0,0,0,0,0,0,0,1284,0,0,0,0,0,0
2021-01-11T23:59:59+01:00,5,16,25,43,43,84,52,131,57,67,24,26,23,39,13,69,0,0,0,0,0,0,0,0,0,0,0,0,0,0,0,0,717,0,0,0,0,0,0
2021-01-10T23:59:59+01:00,2,10,21,27,36,60,33,80,35,39,9,6,7,19,8,29,0,0,0,0,0,0,0,0,0,0,0,0,0,0,0,0,421,0,0,0,0,0,0
2021-01-09T23:59:59+01:00,2,9,19,24,34,56,29,70,33,38,9,6,7,19,8,29,0,0,0,0,0,0,0,0,0,0,0,0,0,0,0,0,392,0,0,0,0,0,0
2021-01-08T23:59:59+01:00,1,8,17,22,31,47,23,59,29,36,8,6,6,17,8,29,0,0,0,0,0,0,0,0,0,0,0,0,0,0,0,0,347,0,0,0,0,0,0
2021-01-07T23:59:59+01:00,1,3,2,8,16,15,12,20,13,18,8,6,6,16,6,24,0,0,0,0,0,0,0,0,0,0,0,0,0,0,0,0,174,0,0,0,0,0,0
2021-01-06T23:59:59+01:00,1,0,2,3,14,12,8,15,11,13,8,6,6,16,6,24,0,0,0,0,0,0,0,0,0,0,0,0,0,0,0,0,145,0,0,0,0,0,0
2021-01-05T23:59:59+01:00,0,0,1,3,12,11,8,15,10,13,7,6,6,16,6,24,0,0,0,0,0,0,0,0,0,0,0,0,0,0,0,0,138,0,0,0,0,0,0
2021-01-04T23:59:59+01:00,0,0,1,3,12,10,7,11,8,11,7,6,6,16,6,24,0,0,0,0,0,0,0,0,0,0,0,0,0,0,0,0,128,0,0,0,0,0,0
2021-01-03T23:59:59+01:00,0,0,1,3,11,8,7,9,7,9,7,6,6,16,6,24,0,0,0,0,0,0,0,0,0,0,0,0,0,0,0,0,120,0,0,0,0,0,0
2021-01-02T23:59:59+01:00,0,0,1,3,11,8,7,9,7,9,7,6,6,16,6,24,0,0,0,0,0,0,0,0,0,0,0,0,0,0,0,0,120,0,0,0,0,0,0
2021-01-01T23:59:59+01:00,0,0,1,3,11,8,7,9,7,9,7,6,6,16,6,24,0,0,0,0,0,0,0,0,0,0,0,0,0,0,0,0,120,0,0,0,0,0,0
2020-12-31T23:59:59+01:00,0,0,1,3,11,8,7,9,7,9,7,6,6,16,6,24,0,0,0,0,0,0,0,0,0,0,0,0,0,0,0,0,120,0,0,0,0,0,0
2020-12-30T23:59:59+01:00,0,0,1,3,11,8,7,9,7,9,7,6,6,16,6,24,0,0,0,0,0,0,0,0,0,0,0,0,0,0,0,0,120,0,0,0,0,0,0
2020-12-29T23:59:59+01:00,0,0,1,3,8,8,6,9,6,7,7,6,6,16,6,24,0,0,0,0,0,0,0,0,0,0,0,0,0,0,0,0,113,0,0,0,0,0,0
2020-12-28T23:59:59+01:00,0,0,1,1,5,5,6,2,4,6,7,6,6,16,6,24,0,0,0,0,0,0,0,0,0,0,0,0,0,0,0,0,95,0,0,0,0,0,0
2020-12-27T23:59:59+01:00,0,0,0,0,2,3,1,1,2,4,5,5,6,15,6,24,0,0,0,0,0,0,0,0,0,0,0,0,0,0,0,0,74,0,0,0,0,0,0
