Datum,<15_m,<15_w,15-24_1_m,15-24_1_w,25-34_1_m,25-34_1_w,35-44_1_m,35-44_1_w,45-54_1_m,45-54_1_w,55-64_1_m,55-64_1_w,65-74_1_m,65-74_1_w,75-84_1_m,75-84_1_w,>84_1_m,>84_1_w,<24_2_m,<24_2_w,25-34_2_m,25-34_2_w,35-44_2_m,35-44_2_w,45-54_2_m,45-54_2_w,55-64_2_m,55-64_2_w,65-74_2_m,65-74_2_w,75-84_2_m,75-84_2_w,>84_2_m,>84_2_w,bp_1,bp_2,mo_1,mo_2,az_1,az_2,ja,unb_1,unb_2
2021-08-17T23:59:59+02:00,1337,1192,8912,8448,10160,9429,12652,13072,16767,17180,20048,20152,16089,16809,8935,10897,2812,5404,7635,7332,9345,8605,11860,12209,15958,16356,19324,19404,15691,16359,8732,10586,2757,5273,144067,135333,19693,18215,27858,26889,8668,9,6
2021-08-16T23:59:59+02:00,1314,1174,8875,8424,10141,9409,12628,13049,16757,17163,20028,20138,16084,16797,8931,10896,2812,5404,7628,7321,9332,8603,11850,12203,15956,16351,19315,19397,15688,16356,8732,10586,2757,5273,143837,135299,19691,18211,27858,26887,8629,9,6
2021-08-15T23:59:59+02:00,1296,1158,8854,8405,10129,9394,12612,13037,16745,17153,20015,20127,16078,16791,8931,10891,2812,5404,7616,7311,9318,8588,11838,12193,15949,16343,19309,19393,15681,16352,8731,10583,2757,5273,143690,135250,19691,18207,27857,26868,8585,9,6
2021-08-14T23:59:59+02:00,1295,1158,8854,8405,10129,9394,12612,13035,16745,17153,20015,20127,16078,16791,8931,10891,2812,5404,7300,7020,9175,8422,11663,12031,15832,16214,19216,19309,15655,16329,8722,10570,2757,5269,143687,133269,19691,18207,27857,26861,8585,9,6
2021-08-13T23:59:59+02:00,1292,1155,8843,8395,10118,9386,12600,13026,16731,17145,20008,20120,16074,16785,8929,10890,2811,5404,6923,6665,9004,8265,11459,11821,15620,16035,19079,19189,15622,16290,8712,10556,2755,5265,143658,130837,19691,18207,27857,26858,8497,9,6
2021-08-12T23:59:59+02:00,1292,1155,8842,8391,10111,9380,12596,13025,16725,17136,20004,20115,16073,16781,8927,10888,2811,5404,6917,6659,8991,8257,11448,11819,15609,16028,19075,19183,15620,16285,8710,10555,2755,5265,143641,130807,19690,18204,27857,26840,8459,9,6
2021-08-11T23:59:59+02:00,1289,1151,8839,8385,10101,9375,12588,13021,16722,17132,19999,20113,16071,16778,8926,10888,2811,5403,6911,6649,8978,8247,11438,11815,15605,16022,19068,19177,15616,16282,8709,10555,2755,5263,143597,130749,19687,18197,27857,26831,8442,9,6
2021-08-10T23:59:59+02:00,1288,1151,8835,8383,10096,9370,12586,13017,16721,17130,19998,20108,16070,16776,8926,10887,2811,5403,6866,6605,8947,8232,11419,11794,15580,16010,19061,19167,15614,16280,8709,10553,2755,5263,143571,130508,19687,18193,27857,26825,8432,9,6
2021-08-09T23:59:59+02:00,1288,1149,8828,8382,10091,9364,12585,13016,16716,17129,19993,20108,16069,16776,8925,10887,2811,5403,6848,6583,8927,8216,11407,11784,15566,15999,19055,19163,15612,16279,8707,10552,2755,5263,143549,130382,19687,18189,27855,26816,8420,9,6
2021-08-08T23:59:59+02:00,1288,1148,8825,8376,10089,9360,12576,13013,16711,17125,19991,20105,16067,16773,8924,10886,2810,5402,6845,6571,8910,8208,11391,11777,15559,15992,19053,19160,15609,16276,8706,10551,2754,5262,143538,130336,19686,18182,27855,26813,8381,9,6
2021-08-07T23:59:59+02:00,1288,1140,8816,8368,10078,9353,12574,13007,16704,17121,19985,20100,16063,16768,8922,10886,2809,5402,6195,6004,8639,7984,11123,11546,15361,15819,18969,19084,15589,16252,8699,10544,2751,5261,143491,127262,19685,18170,27855,26812,8344,9,6
2021-08-06T23:59:59+02:00,1282,1139,8806,8356,10064,9341,12554,12990,16686,17109,19968,20087,16056,16760,8922,10883,2809,5401,6182,5989,8624,7969,11099,11527,15339,15803,18952,19072,15582,16245,8699,10541,2751,5260,143453,127212,19683,18164,27855,26810,8213,9,6
2021-08-05T23:59:59+02:00,1279,1137,8800,8349,10055,9332,12543,12983,16680,17106,19961,20084,16055,16760,8922,10882,2809,5401,5899,5753,8279,7674,10739,11255,15020,15568,18703,18907,15563,16222,8689,10534,2750,5259,143411,127131,19679,15476,27851,26779,8188,9,6
2021-08-04T23:59:59+02:00,1278,1134,8794,8346,10050,9329,12536,12979,16675,17104,19959,20081,16054,16760,8921,10881,2809,5400,5885,5747,8251,7663,10720,11244,15004,15561,18698,18902,15561,16219,8688,10534,2749,5259,143380,127035,19678,15468,27850,26764,8173,9,6
2021-08-03T23:59:59+02:00,1271,1131,8790,8336,10045,9325,12531,12976,16670,17102,19954,20079,16052,16760,8920,10879,2809,5399,5773,5634,8158,7594,10603,11166,14956,15509,18669,18888,15557,16217,8687,10532,2747,5258,143336,126312,19676,15460,27850,26735,8158,9,6
2021-08-02T23:59:59+02:00,1265,1125,8777,8328,10037,9318,12526,12970,16665,17093,19947,20076,16050,16757,8918,10876,2808,5398,5605,5476,8027,7489,10479,11051,14886,15430,18637,18863,15549,16208,8681,10532,2747,5258,143257,125256,19670,15457,27849,26705,8149,9,6
2021-08-01T23:59:59+02:00,1264,1124,8770,8319,10030,9311,12520,12968,16661,17091,19942,20074,16050,16757,8917,10874,2808,5398,5545,5419,7976,7440,10417,11000,14852,15405,18624,18846,15547,16206,8679,10529,2747,5256,143213,124822,19667,15454,27848,26684,8141,9,6
2021-07-31T23:59:59+02:00,1264,1124,8769,8316,10030,9310,12518,12968,16660,17091,19941,20072,16050,16757,8917,10873,2808,5398,5520,5399,7960,7428,10402,10987,14839,15399,18621,18843,15546,16205,8679,10529,2747,5256,143210,124697,19666,15451,27848,26683,8133,9,6
2021-07-30T23:59:59+02:00,1133,1006,8541,8088,9937,9192,12437,12884,16582,17020,19882,20005,16018,16718,8911,10856,2807,5395,5229,5122,7822,7286,10215,10797,14702,15236,18558,18787,15521,16178,8666,10516,2743,5253,141764,122880,19664,15445,27848,26665,8127,9,6
2021-07-29T23:59:59+02:00,1126,998,8412,7999,9778,9095,12287,12783,16437,16927,19720,19895,15933,16651,8886,10837,2806,5388,4932,4891,7543,7093,9937,10595,14455,15064,18364,18670,15436,16105,8639,10495,2742,5243,141650,121778,19661,15403,27848,26639,6790,9,6
2021-07-28T23:59:59+02:00,1115,985,8383,7963,9764,9082,12266,12769,16420,16905,19700,19885,15926,16638,8879,10833,2806,5386,4512,4460,7225,6841,9620,10297,14220,14882,18307,18629,15421,16094,8634,10484,2742,5233,141413,119131,19659,15349,27846,26577,6778,9,6
2021-07-27T23:59:59+02:00,1105,977,8360,7948,9752,9075,12255,12760,16411,16900,19693,19872,15924,16632,8877,10830,2805,5384,4277,4212,6995,6642,9373,10021,14059,14722,18256,18566,15372,16048,8617,10468,2739,5227,141276,117116,19656,15348,27846,26554,6773,9,6
2021-07-26T23:59:59+02:00,1101,974,8346,7936,9745,9070,12249,12755,16404,16892,19686,19871,15921,16627,8875,10826,2804,5379,4169,4101,6893,6532,9248,9896,13978,14643,18211,18533,15361,16037,8607,10460,2736,5225,141198,116216,19652,15339,27835,26496,6767,9,6
2021-07-25T23:59:59+02:00,1100,973,8340,7932,9732,9066,12239,12752,16399,16886,19683,19870,15919,16627,8875,10826,2804,5379,4120,4048,6817,6481,9177,9842,13942,14610,18187,18519,15343,16024,8601,10454,2736,5223,141173,115773,19649,15323,27834,26475,6737,9,6
2021-07-24T23:59:59+02:00,1098,969,8251,7870,9658,8988,12172,12676,16333,16832,19643,19831,15898,16613,8872,10816,2804,5379,4077,4008,6759,6433,9100,9788,13880,14545,18155,18493,15332,16014,8593,10450,2736,5223,141154,115524,18991,15049,27834,26473,6715,9,6
2021-07-23T23:59:59+02:00,1071,944,8140,7782,9620,8954,12138,12647,16288,16798,19614,19812,15892,16607,8869,10812,2804,5379,3787,3723,6497,6222,8823,9505,13647,14374,18079,18437,15291,15971,8576,10431,2734,5217,140664,113296,18991,15025,27834,26467,6673,9,6
2021-07-22T23:59:59+02:00,981,858,7924,7553,9517,8865,12020,12552,16199,16711,19542,19728,15846,16567,8861,10797,2803,5373,3660,3596,6343,6131,8671,9376,13485,14233,18006,18370,15268,15947,8569,10422,2734,5216,139222,112154,18990,14952,27816,26374,6660,9,6
2021-07-21T23:59:59+02:00,961,844,7893,7513,9501,8854,11997,12529,16175,16695,19518,19707,15835,16560,8861,10792,2803,5373,3353,3326,6000,5874,8277,8994,13218,13999,17866,18244,15177,15866,8537,10392,2731,5204,138966,109352,18988,14881,27811,26275,6637,9,6
2021-07-20T23:59:59+02:00,960,843,7885,7508,9493,8851,11992,12527,16167,16694,19513,19703,15834,16559,8861,10791,2803,5373,3280,3273,5941,5820,8218,8933,13133,13955,17834,18230,15177,15866,8537,10390,2731,5204,138928,108964,18987,14866,27808,26143,6625,9,6
2021-07-19T23:59:59+02:00,959,843,7880,7508,9489,8845,11987,12525,16162,16688,19511,19703,15833,16556,8861,10789,2803,5372,3230,3238,5894,5781,8161,8889,13077,13929,17788,18218,15177,15864,8537,10388,2731,5203,138899,108698,18986,14850,27808,26018,6612,9,6
2021-07-18T23:59:59+02:00,958,842,7870,7499,9482,8839,11979,12521,16156,16683,19509,19702,15832,16554,8861,10789,2803,5372,3211,3222,5854,5749,8127,8861,13039,13913,17776,18215,15177,15863,8537,10388,2731,5202,138854,108513,18984,14817,27806,26009,6598,9,6
2021-07-17T23:59:59+02:00,842,723,7547,7208,9330,8670,11803,12360,16028,16544,19413,19607,15811,16533,8853,10776,2803,5369,3110,3114,5742,5656,7993,8706,12900,13789,17681,18139,15167,15844,8534,10381,2731,5202,136847,107341,18982,14813,27806,26004,6582,3,5
2021-07-16T23:59:59+02:00,685,571,7151,6883,9141,8513,11611,12150,15824,16368,19273,19480,15782,16496,8844,10762,2802,5367,3048,3055,5667,5592,7881,8603,12783,13655,17606,18065,15144,15829,8530,10379,2730,5202,134367,106458,18982,14808,27805,25998,6546,3,5
2021-07-15T23:59:59+02:00,683,571,7138,6875,9137,8512,11601,12146,15814,16361,19269,19474,15780,16494,8840,10760,2801,5358,3010,3020,5600,5551,7792,8552,12710,13615,17576,18044,15121,15815,8522,10372,2729,5193,134329,106230,18980,14653,27800,25877,6502,3,5
2021-07-14T23:59:59+02:00,681,570,7129,6867,9133,8510,11596,12142,15808,16358,19264,19469,15778,16491,8837,10757,2800,5354,2987,3008,5559,5520,7757,8530,12678,13599,17559,18033,15114,15812,8519,10368,2729,5189,134297,106079,18979,14620,27800,25837,6465,3,5
2021-07-13T23:59:59+02:00,676,567,7105,6850,9122,8494,11587,12128,15797,16340,19256,19462,15769,16487,8833,10747,2795,5346,2929,2957,5495,5453,7598,8396,12426,13382,17404,17906,15096,15801,8507,10355,2724,5178,134175,104867,18979,14568,27797,25802,6407,3,5
2021-07-12T23:59:59+02:00,670,560,7093,6835,9113,8483,11576,12119,15793,16329,19244,19458,15767,16483,8831,10747,2795,5343,2871,2904,5413,5378,7451,8282,12178,13171,17225,17762,15086,15796,8503,10348,2723,5178,134066,103634,18977,14517,27794,25753,6399,3,5
2021-07-11T23:59:59+02:00,669,559,7085,6832,9104,8474,11570,12111,15783,16326,19239,19453,15767,16480,8830,10745,2795,5343,2840,2869,5337,5302,7354,8195,12015,13016,17098,17630,15079,15785,8502,10345,2723,5178,134024,102751,18973,14467,27794,25712,6371,3,5
2021-07-10T23:59:59+02:00,496,402,6517,6286,8877,8290,11330,11917,15626,16195,19184,19404,15759,16470,8826,10740,2794,5342,2810,2836,5286,5260,7273,8114,11914,12917,17020,17563,15063,15770,8499,10335,2720,5176,131330,102060,18973,14465,27794,25703,6355,3,5
2021-07-09T23:59:59+02:00,485,395,6458,6258,8851,8253,11290,11888,15599,16182,19171,19388,15758,16467,8826,10737,2794,5342,2754,2770,5203,5192,7095,7938,11506,12619,16727,17358,15044,15743,8492,10330,2719,5174,131238,101044,18762,13610,27793,25689,6346,3,5
2021-07-08T23:59:59+02:00,480,393,6140,5995,8477,7962,10910,11579,15263,15936,18911,19215,15736,16443,8817,10730,2791,5341,2692,2720,5123,5118,6956,7848,11307,12477,16581,17235,15037,15735,8492,10328,2719,5173,131151,100188,15859,13446,27790,25615,6316,3,5
2021-07-07T23:59:59+02:00,478,389,6125,5982,8454,7946,10896,11563,15252,15926,18910,19210,15734,16440,8816,10728,2791,5339,2644,2665,5034,5060,6820,7755,11075,12296,16421,17103,15029,15729,8488,10323,2719,5173,131041,99168,15851,13327,27788,25567,6296,3,5
2021-07-06T23:59:59+02:00,452,368,6025,5889,8373,7880,10821,11494,15218,15886,18887,19194,15727,16430,8813,10726,2788,5337,2575,2595,4895,4947,6633,7622,10685,11886,16051,16730,15004,15696,8480,10316,2718,5169,130426,97019,15843,13244,27783,25507,6253,3,5
2021-07-05T23:59:59+02:00,411,334,5846,5717,8256,7784,10709,11379,15158,15819,18856,19162,15721,16422,8809,10721,2785,5336,2521,2520,4797,4850,6502,7486,10336,11571,15777,16426,14974,15666,8472,10301,2718,5164,129376,95236,15839,13180,27780,25453,6227,3,5
2021-07-04T23:59:59+02:00,391,304,5772,5639,8199,7729,10642,11323,15127,15787,18842,19143,15715,16419,8808,10719,2785,5334,2503,2489,4736,4804,6443,7436,10200,11462,15676,16354,14970,15660,8470,10300,2717,5164,128873,94672,15832,13113,27775,25418,6195,3,5
2021-07-03T23:59:59+02:00,386,302,5754,5631,8190,7720,10631,11320,15120,15781,18839,19141,15714,16419,8808,10719,2785,5334,2468,2458,4641,4775,6336,7411,10142,11418,15572,16268,14294,14953,8451,10275,2717,5164,128807,94559,15830,13111,27774,23506,6180,3,5
2021-07-02T23:59:59+02:00,342,264,5566,5480,8116,7645,10531,11223,15055,15725,18820,19135,15710,16415,8803,10717,2783,5331,2421,2410,4488,4697,6153,7337,9988,11264,15382,16065,13504,14035,8443,10260,2717,5163,127888,93998,15828,13068,27773,21105,6169,3,5
2021-07-01T23:59:59+02:00,281,210,5349,5300,7988,7534,10393,11098,14926,15629,18776,19110,15702,16408,8798,10711,2783,5330,2303,2289,4312,4525,5918,7088,9210,10583,14754,15595,13479,14007,8438,10256,2713,5161,126601,90516,15818,12973,27772,21021,6132,3,5
2021-06-30T23:59:59+02:00,151,121,4867,4824,7646,7259,10044,10760,14699,15451,18718,19066,15691,16397,8794,10703,2783,5327,2266,2243,4227,4456,5807,6992,9039,10462,14665,15519,13465,13999,8435,10253,2713,5159,123614,89923,15812,12799,27772,20889,6100,3,5
2021-06-29T23:59:59+02:00,115,100,4583,4542,7396,7041,9754,10461,14500,15261,18656,19005,15639,16347,8775,10688,2782,5322,2200,2161,4086,4319,5602,6814,8815,10236,14374,15297,13417,13950,8423,10229,2711,5146,121548,88488,15809,12647,27770,20817,5837,3,5
2021-06-28T23:59:59+02:00,99,79,4447,4397,7291,6930,9633,10332,14409,15154,18611,18963,15623,16331,8761,10677,2779,5320,2115,2035,3903,4114,5322,6472,8431,9728,13847,14762,13300,13861,8405,10205,2708,5134,120529,85296,15800,12565,27767,20752,5737,3,3
2021-06-27T23:59:59+02:00,94,77,4395,4348,7232,6874,9571,10278,14377,15121,18591,18946,15606,16319,8754,10670,2778,5315,2061,2000,3839,4068,5211,6359,8263,9600,13673,14652,13274,13842,8397,10196,2705,5132,120163,84509,15797,12531,27765,20621,5618,3,3
2021-06-26T23:59:59+02:00,81,75,4352,4320,7201,6847,9553,10257,14358,15106,18579,18933,15602,16312,8754,10670,2778,5315,1985,1908,3650,3909,4997,6102,7897,9145,13323,14355,13194,13785,8377,10168,2700,5123,119924,81870,15793,12531,27765,20616,5608,3,3
2021-06-25T23:59:59+02:00,69,62,4039,3993,6933,6608,9262,9964,14135,14919,18496,18877,15556,16266,8735,10651,2776,5308,1920,1824,3488,3791,4805,5872,7573,8731,13015,14020,13144,13729,8364,10144,2694,5117,117519,79530,15765,12500,27765,20611,5597,3,3
2021-06-24T23:59:59+02:00,62,55,3946,3901,6835,6522,9163,9872,14036,14834,18467,18843,15541,16250,8729,10644,2776,5307,1852,1748,3375,3695,4606,5730,7355,8537,12765,13822,12312,12803,8184,9879,2694,5116,116787,78324,15755,12395,27762,18285,5476,3,3
2021-06-23T23:59:59+02:00,49,50,3539,3523,6382,6173,8632,9362,13700,14532,18332,18707,15437,16158,8685,10608,2773,5293,1715,1573,3122,3494,4194,5406,6413,7829,12029,13123,12290,12791,8174,9872,2694,5112,113848,77704,15506,9080,27761,18237,4817,3,3
2021-06-22T23:59:59+02:00,40,42,3467,3452,6306,6114,8529,9285,13648,14487,18299,18690,15426,16151,8684,10603,2773,5290,1675,1519,3019,3393,4053,5256,6161,7646,11429,12421,12200,12699,8157,9839,2690,5104,113225,75393,15502,8999,27759,18079,4797,3,3
2021-06-21T23:59:59+02:00,34,39,3397,3391,6212,6060,8469,9213,13589,14443,18266,18669,15423,16149,8678,10600,2773,5289,1638,1468,2928,3296,3929,5106,5966,7421,10671,11501,11818,12247,7097,8619,2684,5098,112709,72741,15495,8898,27748,15115,4739,3,3
2021-06-20T23:59:59+02:00,34,38,3371,3369,6165,6028,8424,9183,13561,14428,18255,18665,15422,16149,8678,10600,2773,5289,1619,1451,2892,3270,3878,5069,5913,7398,10586,11428,11798,12228,7095,8612,2683,5098,112534,72430,15479,8822,27748,15103,4668,3,3
2021-06-19T23:59:59+02:00,32,36,3344,3346,6136,6008,8395,9164,13537,14422,18249,18660,15422,16148,8678,10600,2773,5289,1615,1439,2887,3261,3870,5064,5899,7393,10575,11421,11798,12228,7095,8611,2683,5098,112346,72351,15474,8822,27748,15101,4668,3,3
2021-06-18T23:59:59+02:00,28,31,3303,3304,6060,5969,8327,9110,13491,14391,18226,18649,15421,16146,8677,10599,2773,5289,1538,1343,2751,3086,3686,4786,5501,7018,9093,9861,11633,12060,7054,8561,2671,5080,111964,67180,15447,8821,27748,15090,4632,3,3
2021-06-17T23:59:59+02:00,26,28,3239,3253,5994,5931,8254,9057,13420,14346,18203,18638,15419,16141,8676,10596,2773,5286,1407,1250,2562,2874,3425,4498,5143,6628,8427,9134,11351,11819,7013,8504,2667,5077,111597,63495,15418,8705,27745,15063,4517,3,3
2021-06-16T23:59:59+02:00,26,25,3186,3192,5882,5866,8136,8963,13293,14260,18137,18603,15413,16132,8676,10593,2773,5286,1310,1194,2421,2766,3242,4341,4859,6357,7352,7845,11261,11712,6983,8467,2654,5059,110962,59742,15344,8659,27742,15032,4391,3,3
2021-06-15T23:59:59+02:00,21,24,3089,3110,5765,5777,7948,8786,13033,14040,17986,18477,15398,16121,8668,10587,2773,5284,1272,1162,2349,2710,3135,4267,4657,6232,7040,7594,10766,11152,6950,8432,2646,5046,109546,57498,15316,8627,27734,14999,4288,3,2
2021-06-14T23:59:59+02:00,20,22,3016,3039,5687,5720,7807,8667,12744,13804,17802,18305,15382,16107,8661,10582,2772,5283,1245,1134,2283,2654,3010,4171,4459,6093,6702,7293,10239,10543,6919,8395,2642,5037,108168,55137,15308,8522,27730,14952,4211,3,1
2021-06-13T23:59:59+02:00,20,22,2998,3007,5621,5682,7744,8601,12605,13668,17697,18183,15376,16098,8660,10579,2771,5283,1235,1122,2252,2640,2973,4160,4415,6073,6670,7277,10235,10536,6919,8394,2642,5037,107432,54996,15297,8516,27725,14913,4158,3,1
2021-06-12T23:59:59+02:00,18,22,2969,2989,5593,5657,7713,8583,12585,13650,17688,18180,15375,16097,8660,10579,2771,5283,1178,1060,2162,2565,2877,4025,4273,5942,6560,7192,10153,10458,6321,7668,2642,5037,107233,54881,15295,8516,27725,12563,4156,3,1
2021-06-11T23:59:59+02:00,18,19,2892,2913,5524,5592,7530,8397,12175,13344,17409,17976,15359,16072,8654,10571,2769,5281,1155,1043,2107,2525,2812,3977,4190,5880,6452,7104,10051,10345,6308,7662,2640,5031,106218,54359,14405,8254,27724,12527,4145,3,1
2021-06-10T23:59:59+02:00,14,17,2836,2871,5425,5541,7397,8315,11990,13205,17272,17859,15354,16068,8654,10570,2768,5280,1116,1017,2033,2459,2710,3900,4020,5751,6211,6892,9801,10078,6288,7634,2634,5025,105301,52801,14330,8251,27719,12437,4083,3,1
2021-06-09T23:59:59+02:00,13,15,2760,2802,5301,5447,7175,8143,11713,12963,17085,17712,15343,16054,8650,10561,2768,5277,1059,955,1902,2341,2506,3718,3692,5466,5594,6387,8981,9177,6231,7558,2620,4990,104098,48809,14179,8234,27710,12345,3792,3,1
2021-06-08T23:59:59+02:00,10,11,2663,2699,5168,5320,6979,7960,11279,12536,16708,17324,15324,16027,8639,10555,2767,5272,1022,927,1835,2277,2400,3645,3549,5400,5446,6258,8949,9158,6229,7548,2618,4986,101895,48304,14152,8185,27708,12278,3483,3,1
2021-06-07T23:59:59+02:00,8,10,2535,2601,4977,5191,6771,7797,10802,12177,16365,17030,15298,15999,8633,10538,2766,5268,951,890,1708,2223,2261,3563,3296,5311,5092,5974,8400,8534,6175,7489,2614,4977,99964,46093,14109,8171,27699,12206,2991,3,1
2021-06-06T23:59:59+02:00,8,8,2500,2577,4916,5132,6684,7741,10665,12067,16273,16966,15295,15995,8633,10538,2764,5267,935,880,1679,2204,2219,3536,3230,5287,5044,5950,8395,8533,6170,7482,2614,4976,99378,45939,14057,8162,27693,12138,2898,3,1
2021-06-05T23:59:59+02:00,7,7,2487,2555,4887,5105,6646,7714,10634,12040,16264,16960,15295,15995,8633,10538,2764,5267,919,865,1647,2177,2180,3484,3128,5205,4690,5624,7797,7831,6142,7429,2613,4974,99153,43561,14057,8157,27691,12096,2894,3,1
2021-06-04T23:59:59+02:00,6,6,2457,2527,4842,5060,6597,7663,10546,11937,16212,16897,15291,15988,8633,10537,2763,5266,907,848,1625,2158,2141,3448,3076,5146,4527,5436,7495,7464,6106,7387,2611,4968,98625,42284,14052,8155,27691,12050,2857,3,1
2021-06-03T23:59:59+02:00,6,6,2352,2396,4690,4889,6391,7415,9846,11303,15622,16449,15280,15979,8630,10532,2762,5265,890,818,1584,2098,2092,3369,2987,5037,4382,5271,7336,7275,6094,7360,2611,4964,95290,41238,14013,8145,27686,11967,2821,3,1
2021-06-02T23:59:59+02:00,6,6,2335,2371,4647,4856,6335,7376,9746,11214,15564,16396,15272,15975,8629,10528,2762,5264,877,806,1566,2075,2040,3333,2902,4951,4021,4882,6779,6639,6051,7304,2607,4954,94765,38907,14011,8141,27686,11924,2817,3,1
2021-06-01T23:59:59+02:00,6,5,2273,2330,4528,4767,6171,7265,9558,11067,15457,16320,15269,15971,8625,10524,2761,5259,845,780,1502,2025,1927,3271,2746,4860,3818,4755,6568,6409,6029,7286,2601,4947,93903,37825,13962,8119,27674,11812,2614,3,1
2021-05-31T23:59:59+02:00,2,5,2223,2271,4429,4674,6030,7139,9372,10923,15372,16266,15261,15964,8622,10524,2761,5259,822,744,1444,1966,1859,3223,2572,4807,3688,4702,6211,5994,6006,7265,2598,4939,93185,36649,13876,8113,27665,11711,2368,3,1
2021-05-30T23:59:59+02:00,2,5,2198,2249,4372,4613,5941,7079,9297,10861,15335,16247,15260,15962,8622,10524,2761,5259,810,733,1422,1945,1809,3199,2439,4772,3583,4684,6209,5992,6006,7265,2598,4939,92740,36334,13836,8091,27655,11628,2353,3,1
2021-05-29T23:59:59+02:00,2,5,2181,2234,4354,4602,5924,7063,9283,10848,15330,16244,15259,15962,8622,10524,2761,5259,792,680,1328,1687,1676,2839,2239,4224,3305,4257,6119,5898,5894,7132,2597,4939,92614,36285,13833,8086,27654,8883,2353,3,1
2021-05-28T23:59:59+02:00,2,5,2161,2211,4316,4557,5880,7018,9207,10778,15263,16192,15255,15960,8622,10524,2761,5258,773,590,1250,1436,1577,2438,2060,3534,3041,3661,5481,5158,5812,7041,2593,4926,92143,34987,13820,8086,27652,5947,2352,3,1
2021-05-27T23:59:59+02:00,2,5,2118,2173,4231,4490,5756,6944,9052,10678,15166,16109,15253,15959,8622,10523,2761,5258,744,555,1216,1355,1535,2300,1993,3392,2929,3541,5046,4673,5779,7002,2582,4897,91462,33864,13671,8077,27628,5263,2336,3,1
2021-05-26T23:59:59+02:00,2,5,2049,2055,4034,4345,5414,6682,8083,9936,14409,15404,15241,15953,8618,10517,2759,5256,733,539,1190,1297,1490,2245,1936,3281,2776,3395,3741,3296,5720,6929,2559,4840,90688,30597,10148,8062,27613,4999,2310,3,1
2021-05-25T23:59:59+02:00,2,5,2008,2016,3951,4278,5318,6616,7948,9829,14036,14971,15193,15916,8611,10502,2757,5252,724,529,1160,1262,1468,2222,1916,3254,2751,3369,3735,3286,5713,6926,2557,4839,89350,30510,10000,8053,27596,4889,2260,3,1
2021-05-24T23:59:59+02:00,2,5,1982,1971,3862,4204,5213,6534,7823,9705,13524,14357,15142,15848,8604,10488,2756,5247,718,522,1140,1251,1438,2209,1895,3236,2726,3347,3719,3268,5691,6902,2550,4823,87558,30383,9921,8002,27584,4850,2201,3,1
2021-05-23T23:59:59+02:00,2,5,1973,1958,3843,4181,5195,6521,7771,9674,13450,14294,15131,15844,8602,10487,2755,5247,711,510,1128,1238,1413,2183,1837,3200,2618,3247,3311,2835,5049,6092,2536,4778,87324,30212,9821,5445,27584,4829,2201,3,1
2021-05-22T23:59:59+02:00,2,5,1808,1916,3541,4131,4792,6477,7513,9618,13325,14215,15125,15843,8602,10486,2755,5247,551,479,835,1196,1035,2147,1596,3147,2504,3172,3307,2833,5049,6091,2536,4778,87174,30200,9821,5444,27582,4792,821,3,1
2021-05-21T23:59:59+02:00,2,4,1722,1807,3387,3939,4603,6182,7116,9252,12038,12874,14974,15695,8565,10439,2746,5236,548,467,825,1194,1033,2140,1561,3117,2427,3095,3134,2696,5023,6048,2533,4763,82402,29567,9781,5444,27576,4774,819,3,1
2021-05-20T23:59:59+02:00,2,4,1684,1771,3296,3888,4496,6101,6940,9173,11827,12647,14954,15677,8562,10432,2745,5235,528,454,785,1148,977,2076,1443,3046,2300,2998,2946,2527,4982,5972,2525,4748,81572,28825,9678,5429,27520,4539,662,2,1
2021-05-19T23:59:59+02:00,2,4,1661,1745,3239,3832,4402,6037,6825,9111,11595,12388,14942,15667,8560,10431,2745,5234,520,442,769,1111,959,2007,1332,2899,1973,2705,2384,2030,4877,5855,2504,4701,80763,26756,9538,5413,27493,4275,624,2,1
2021-05-18T23:59:59+02:00,2,4,1599,1711,3151,3742,4290,5934,6666,8952,11308,12134,14897,15619,8548,10408,2743,5224,517,430,754,1096,941,1990,1248,2833,1693,2483,1942,1684,4805,5772,2483,4658,79670,25214,9336,5403,27424,4212,500,2,1
2021-05-17T23:59:59+02:00,2,4,1550,1630,3021,3585,4084,5655,6318,8495,10762,11583,14789,15528,8529,10383,2738,5214,515,422,748,1089,923,1985,1224,2809,1665,2444,1925,1665,4798,5765,2480,4655,76781,25149,9301,5389,27399,4187,387,2,1
2021-05-16T23:59:59+02:00,2,4,1531,1608,2968,3545,3988,5568,6169,8359,10586,11450,14763,15506,8522,10375,2737,5212,508,416,725,1074,893,1969,1196,2781,1632,2420,1918,1656,4796,5761,2477,4653,76037,25120,9244,5371,27368,4142,242,2,1
2021-05-15T23:59:59+02:00,2,4,1444,1511,2757,3378,3759,5290,5808,7887,10234,11153,14678,15444,8503,10346,2731,5203,508,414,721,1072,893,1965,1191,2780,1627,2416,1906,1644,4790,5755,2477,4651,73284,25061,9244,5371,27361,4137,241,2,1
2021-05-14T23:59:59+02:00,2,4,1410,1449,2646,3282,3607,5133,5610,7598,10015,10901,14643,15406,8490,10323,2728,5199,459,373,649,906,821,1679,1061,2370,1446,2090,1872,1604,4787,5747,2476,4646,71647,24997,9223,5369,27337,2383,237,2,1
2021-05-13T23:59:59+02:00,2,4,1352,1382,2543,3198,3440,4997,5392,7391,9788,10722,14617,15378,8482,10320,2726,5196,452,360,621,878,720,1573,962,2287,1183,1878,1159,1024,4567,5514,2468,4614,70486,24879,8914,2840,27306,2319,222,2,1
2021-05-12T23:59:59+02:00,2,4,1345,1373,2527,3193,3422,4985,5372,7378,9774,10710,14615,15374,8480,10318,2725,5196,452,359,620,877,717,1570,957,2284,1179,1872,1140,1015,4554,5478,2436,4545,70376,24678,8890,2840,27304,2316,221,2,1
2021-05-11T23:59:59+02:00,2,3,1303,1331,2453,3109,3310,4858,5178,7233,9489,10402,14568,15317,8468,10298,2721,5187,446,346,602,863,696,1553,929,2260,1154,1845,1086,979,4492,5381,2394,4421,69042,24190,8767,2822,27219,2235,200,2,1
2021-05-10T23:59:59+02:00,2,3,1279,1304,2389,3032,3183,4734,5048,7076,9166,10022,14522,15278,8459,10279,2716,5185,445,344,589,853,682,1538,918,2245,1136,1831,1052,945,4432,5305,2355,4306,67690,23784,8647,2819,27148,2183,190,2,1
2021-05-09T23:59:59+02:00,2,3,1264,1287,2346,3019,3106,4699,4986,7042,9101,9978,14509,15263,8457,10274,2716,5183,437,342,575,848,659,1518,896,2224,1124,1817,1033,929,4420,5267,2340,4264,67453,23624,8573,2817,27104,2149,103,2,1
2021-05-08T23:59:59+02:00,1,3,1262,1283,2331,3007,3089,4689,4946,7028,9077,9970,14508,15263,8457,10273,2716,5183,437,342,575,848,658,1518,896,2223,1123,1816,1033,929,4419,5267,2340,4264,67312,23623,8567,2814,27102,2148,103,2,1
2021-05-07T23:59:59+02:00,1,3,1243,1262,2292,2966,3038,4640,4847,6936,8853,9723,14493,15241,8451,10267,2713,5179,387,314,543,779,621,1356,826,2016,1035,1629,1003,900,4399,5244,2338,4259,66407,23519,8561,2811,27075,1216,103,2,1
2021-05-06T23:59:59+02:00,1,3,1093,1171,2064,2723,2739,4331,4476,6536,8266,9118,14215,15002,8411,10210,2710,5178,386,310,531,760,604,1324,807,1981,1002,1601,976,869,4389,5230,2336,4255,62777,23390,8433,2761,26939,1114,96,2,1
2021-05-05T23:59:59+02:00,1,2,1028,1120,1954,2610,2580,4160,4181,6258,7254,7936,14130,14904,8376,10169,2697,5158,383,307,524,750,589,1315,773,1967,979,1580,901,807,4348,5160,2328,4239,59261,23069,8388,2742,26817,1089,50,2,1
2021-05-04T23:59:59+02:00,1,2,1006,1100,1903,2571,2478,4093,3961,6145,6973,7721,13623,14336,8346,10134,2692,5149,380,306,519,746,578,1310,756,1948,963,1573,882,783,4327,5144,2325,4230,57203,22934,8330,2727,26657,1067,42,2,1
2021-05-03T23:59:59+02:00,1,2,974,1062,1842,2518,2375,3983,3762,6028,6616,7421,13086,13712,8309,10096,2685,5134,374,305,517,742,568,1304,747,1937,949,1560,857,759,4310,5126,2319,4217,54781,22824,8304,2718,26518,1048,1,2,1
2021-05-02T23:59:59+02:00,1,2,969,1061,1823,2512,2350,3976,3720,6018,6582,7413,13085,13712,8309,10095,2685,5134,374,305,514,742,567,1302,742,1937,948,1557,855,755,4309,5122,2319,4217,54649,22807,8300,2716,26495,1041,1,2,1
2021-05-01T23:59:59+02:00,1,2,969,1059,1815,2510,2339,3971,3708,6010,6571,7404,13084,13710,8309,10095,2685,5134,374,305,514,742,567,1302,741,1936,946,1557,855,755,4309,5122,2319,4217,54580,22807,8300,2712,26493,1041,1,2,1
2021-04-30T23:59:59+02:00,0,2,953,1054,1794,2496,2318,3936,3671,5977,6493,7350,12989,13606,8308,10091,2682,5122,322,250,472,666,538,1123,711,1712,912,1353,843,738,4305,5120,2319,4217,54085,22793,8299,2708,26455,99,1,2,1
2021-04-29T23:59:59+02:00,0,2,898,1029,1737,2445,2255,3877,3525,5854,6256,7127,12730,13333,8286,10062,2678,5115,315,248,463,659,535,1116,704,1702,902,1343,835,723,4296,5112,2319,4215,52492,22707,8284,2702,26430,77,1,2,1
2021-04-28T23:59:59+02:00,0,2,837,995,1657,2383,2111,3767,3239,5601,5652,6623,11893,12416,8228,9973,2655,5078,314,245,461,652,527,1102,693,1682,891,1336,822,707,4277,5085,2317,4215,48441,22586,8277,2683,26389,56,1,2,1
2021-04-27T23:59:59+02:00,0,2,827,990,1639,2363,2066,3749,3168,5576,5526,6501,11864,12399,8226,9971,2655,5076,313,243,455,650,519,1096,684,1670,882,1330,810,696,4273,5079,2316,4209,47962,22508,8274,2668,26359,48,1,2,1
2021-04-26T23:59:59+02:00,0,2,817,977,1613,2345,2006,3709,2992,5499,5195,6216,11299,11754,8171,9906,2651,5067,311,242,454,649,513,1090,673,1664,873,1320,801,687,4268,5074,2316,4205,45635,22456,8265,2640,26316,43,1,2,1
2021-04-25T23:59:59+02:00,0,2,807,975,1599,2339,1968,3692,2866,5476,5103,6211,11295,11750,8168,9900,2650,5066,310,242,454,649,513,1083,673,1662,870,1318,801,686,4268,5074,2316,4205,45309,22451,8259,2636,26296,36,1,2,1
2021-04-24T23:59:59+02:00,0,2,793,965,1577,2319,1928,3647,2769,5408,4758,5892,10678,11024,8138,9842,2649,5064,310,242,454,649,513,1082,672,1661,869,1318,796,682,4259,5058,2314,4204,42902,22415,8258,2632,26290,35,1,2,1
2021-04-23T23:59:59+02:00,0,2,788,957,1564,2309,1899,3621,2729,5358,4597,5706,10369,10643,8098,9800,2646,5055,310,241,454,649,513,1081,671,1661,867,1318,796,681,4256,5055,2314,4204,41604,22404,8258,2631,26276,35,1,2,1
2021-04-22T23:59:59+02:00,0,2,772,942,1536,2266,1848,3553,2644,5268,4444,5552,10224,10449,8084,9769,2644,5047,310,240,452,638,511,1075,665,1653,861,1309,790,676,4253,5053,2314,4202,40603,22368,8232,2606,26206,27,1,2,1
2021-04-21T23:59:59+02:00,0,2,761,929,1512,2255,1795,3508,2540,5181,4060,5132,9627,9766,8035,9707,2640,5036,308,240,449,636,511,1074,661,1650,856,1304,778,664,4243,5039,2314,4198,38089,22317,8215,2582,26179,25,1,2,1
2021-04-20T23:59:59+02:00,0,2,754,918,1490,2228,1764,3479,2488,5123,3923,5036,9431,9547,8018,9697,2636,5033,308,238,449,635,510,1072,660,1645,853,1299,772,660,4239,5035,2314,4198,37254,22286,8204,2576,26106,25,1,2,0
2021-04-19T23:59:59+02:00,0,2,747,908,1481,2221,1747,3462,2456,5097,3859,4978,9062,9129,7993,9672,2633,5027,308,236,448,632,508,1069,656,1643,849,1295,766,654,4230,5033,2314,4196,36229,22247,8192,2565,26050,25,1,2,0
2021-04-18T23:59:59+02:00,0,2,743,906,1476,2215,1729,3455,2437,5085,3851,4976,9053,9118,7993,9671,2633,5027,307,236,448,628,507,1066,654,1640,846,1295,765,652,4230,5031,2314,4196,36169,22239,8172,2551,26026,25,1,2,0
2021-04-17T23:59:59+02:00,0,2,726,900,1388,2205,1629,3443,2400,5055,3771,4898,8341,8395,7977,9658,2633,5027,307,236,446,626,506,1066,653,1640,845,1292,765,652,4229,5031,2314,4196,36161,22228,8172,2551,24112,25,1,2,0
2021-04-16T23:59:59+02:00,0,2,710,882,1259,2183,1477,3421,2314,4990,3610,4733,7006,6844,7942,9609,2622,4996,307,235,441,620,502,1062,643,1638,841,1283,755,646,4221,5016,2311,4194,34790,22154,8162,2547,21645,14,1,2,0
2021-04-15T23:59:59+02:00,0,2,689,871,1249,2170,1457,3403,2257,4952,3539,4680,6568,6343,7902,9548,2600,4925,300,229,427,609,485,1048,609,1611,806,1253,665,585,3727,4506,2289,4159,33475,22097,8106,1201,21571,10,1,2,0
2021-04-14T23:59:59+02:00,0,2,684,867,1228,2157,1426,3384,2212,4917,3407,4586,5229,4940,7852,9482,2579,4888,292,224,424,602,478,1045,603,1603,800,1250,650,568,3716,4497,2285,4154,30250,22009,8095,1173,21492,9,1,2,0
2021-04-13T23:59:59+02:00,0,2,681,867,1219,2152,1411,3382,2204,4906,3387,4571,5210,4921,7846,9479,2578,4886,292,223,422,600,475,1042,601,1599,789,1248,632,563,3714,4494,2285,4154,30170,21989,8074,1135,21455,9,1,2,0
2021-04-12T23:59:59+02:00,0,2,675,859,1206,2143,1395,3371,2170,4892,3356,4547,5187,4906,7833,9468,2575,4853,291,222,420,599,474,1036,599,1595,781,1241,627,561,3709,4493,2285,4154,30042,21963,8029,1115,21364,9,1,2,0
2021-04-11T23:59:59+02:00,0,2,667,855,1190,2131,1377,3356,2103,4868,3238,4464,4767,4465,7166,8642,2568,4848,291,222,419,599,471,1035,593,1592,777,1240,623,558,3705,4488,2285,4154,30012,21955,5416,1088,21276,9,1,2,0
2021-04-10T23:59:59+02:00,0,2,667,853,1189,2130,1375,3352,2101,4865,3235,4457,4723,4418,7162,8636,2568,4847,285,219,417,588,458,1019,566,1575,745,1216,551,488,3136,3871,2236,4062,29889,20335,5413,1088,21275,9,1,2,0
2021-04-09T23:59:59+02:00,0,2,664,852,1181,2127,1371,3347,2070,4843,3157,4378,4527,4253,7127,8587,2564,4831,275,212,407,574,439,1003,541,1557,724,1193,470,426,2487,3051,2188,3968,29206,18419,5409,1087,21263,9,1,2,0
2021-04-08T23:59:59+02:00,0,2,654,842,1167,2116,1355,3317,2009,4790,3011,4267,3473,3102,6885,8224,2553,4816,262,204,390,556,416,989,519,1528,691,1170,451,400,2478,3042,2185,3965,28409,18198,5361,1039,18810,9,1,2,0
2021-04-07T23:59:59+02:00,0,2,647,836,1154,2107,1336,3305,1899,4711,2694,4018,2868,2574,6774,8101,2530,4763,248,197,362,532,378,954,475,1494,655,1143,424,375,2418,2980,2180,3958,26235,17745,5342,1020,18739,8,1,2,0
2021-04-06T23:59:59+02:00,0,2,637,828,1116,2100,1312,3286,1781,4661,2418,3849,2415,2227,6698,8010,2509,4726,224,184,328,506,353,936,438,1471,619,1111,389,333,2362,2906,2174,3949,24638,17272,5326,1003,18608,8,1,2,0
2021-04-05T23:59:59+02:00,0,2,634,826,1105,2096,1306,3283,1772,4651,2403,3833,2126,1880,5581,6694,2507,4726,224,184,327,502,347,930,434,1469,615,1106,385,330,2360,2900,2174,3948,24606,17261,5316,967,15500,7,1,2,0
2021-04-04T23:59:59+02:00,0,2,633,826,1105,2096,1306,3282,1772,4651,2401,3831,2125,1877,5581,6690,2507,4726,224,184,326,502,347,930,433,1469,615,1106,385,330,2359,2900,2174,3948,24598,17258,5316,967,15494,7,1,2,0
2021-04-03T23:59:59+02:00,0,2,633,826,1105,2095,1306,3282,1771,4649,2397,3831,2124,1874,5580,6690,2507,4726,224,184,326,502,347,930,433,1469,614,1106,385,330,2359,2900,2174,3948,24592,17257,5312,967,15491,7,1,2,0
2021-04-02T23:59:59+02:00,0,2,633,825,1105,2095,1302,3281,1769,4644,2396,3828,2116,1865,5568,6675,2504,4713,224,183,326,500,347,930,432,1468,613,1097,383,330,2359,2899,2174,3948,24524,17239,5308,967,15486,7,1,2,0
2021-04-01T23:59:59+02:00,0,2,629,814,1082,2077,1206,3186,1679,4576,2136,3620,1392,1278,5359,6465,2494,4686,220,182,326,499,346,929,431,1466,613,1096,380,328,2359,2899,2174,3944,24418,17227,2811,958,15449,7,1,2,0
2021-03-31T23:59:59+02:00,0,2,627,813,1078,2073,1201,3178,1668,4571,2118,3607,1365,1245,5330,6410,2457,4587,219,182,326,498,345,929,431,1465,612,1095,379,325,2355,2898,2172,3943,24099,17215,2797,952,15432,7,1,1,0
2021-03-30T23:59:59+02:00,0,2,625,804,1072,2069,1195,3173,1658,4557,2110,3593,1319,1200,5246,6281,2413,4441,219,181,326,497,342,925,426,1462,605,1085,364,314,2253,2746,2052,3718,23580,16597,2775,911,15402,7,1,0,0
2021-03-29T23:59:59+02:00,0,2,623,802,1069,2061,1185,3167,1651,4544,2098,3581,1283,1169,5186,6188,2364,4312,218,180,324,495,340,923,424,1457,600,1080,357,309,2030,2481,1825,3343,23148,15471,2751,908,15385,7,1,0,0
2021-03-28T23:59:59+02:00,0,2,623,799,1067,2055,1182,3160,1645,4534,2094,3576,1267,1160,5178,6166,2353,4280,216,180,323,492,333,919,421,1450,597,1068,351,297,2025,2467,1824,3340,23043,15445,2733,854,15364,4,1,0,0
2021-03-27T23:59:59+01:00,0,2,570,738,987,1987,1100,3042,1527,4410,1992,3494,1198,1090,4575,5434,2353,4280,214,179,323,492,333,919,416,1448,596,1065,350,297,2024,2466,1824,3340,23027,15429,2729,854,13022,3,1,0,0
2021-03-26T23:59:59+01:00,0,2,567,733,980,1977,1098,3036,1517,4403,1976,3486,1154,1059,4545,5400,2352,4276,213,176,323,490,330,918,414,1447,592,1058,342,292,1624,1935,1402,2620,22833,13325,2719,848,13008,3,1,0,0
2021-03-25T23:59:59+01:00,0,2,565,727,967,1969,1095,3027,1510,4391,1961,3476,1144,1048,4537,5395,2352,4275,212,173,322,489,328,912,411,1441,588,1049,338,288,1529,1814,1365,2548,22786,12979,2710,825,12944,3,1,0,0
2021-03-24T23:59:59+01:00,0,2,563,721,957,1956,1082,3012,1481,4373,1947,3467,1109,1018,4510,5362,2347,4270,212,173,321,488,325,908,406,1434,579,1033,324,278,1203,1433,1215,2282,22644,11848,2684,763,12848,3,1,0,0
2021-03-23T23:59:59+01:00,0,2,561,716,952,1942,1078,3002,1474,4359,1937,3460,1096,1007,4490,5347,2347,4267,211,173,319,485,318,905,405,1434,573,1029,316,271,968,1168,1101,2106,22569,11037,2675,742,12792,3,1,0,0
2021-03-22T23:59:59+01:00,0,2,560,707,947,1930,1072,2993,1464,4343,1923,3451,1093,1004,4485,5346,2347,4267,209,173,318,483,317,903,402,1431,570,1025,312,267,967,1164,1101,2103,22545,11020,2660,722,12728,3,1,0,0
2021-03-21T23:59:59+01:00,0,2,558,704,944,1921,1070,2989,1458,4330,1911,3444,1090,1003,4485,5345,2347,4267,209,173,318,482,316,899,402,1426,564,1023,302,262,963,1160,1100,2103,22541,11019,2646,680,12680,3,1,0,0
2021-03-20T23:59:59+01:00,0,2,553,696,939,1905,1053,2973,1430,4312,1877,3416,1018,932,3903,4711,2297,4170,209,173,318,482,316,899,402,1426,564,1023,302,262,963,1160,1099,2102,20882,11017,2645,680,12659,3,1,0,0
2021-03-19T23:59:59+01:00,0,2,544,687,922,1879,1026,2954,1394,4287,1851,3386,931,867,3233,3875,2250,4073,206,173,316,482,315,896,400,1424,560,1016,299,261,950,1147,1068,2062,18908,10994,2634,578,12618,3,1,0,0
2021-03-18T23:59:59+01:00,0,2,531,674,905,1853,1003,2927,1355,4247,1806,3334,833,803,2719,3342,2228,4039,201,171,313,478,312,886,396,1418,558,1011,296,255,847,1053,960,1873,18830,10616,1232,409,12538,3,1,0,0
2021-03-17T23:59:59+01:00,0,2,529,664,896,1833,990,2908,1333,4226,1787,3318,804,778,2634,3251,2222,4035,199,170,311,476,309,885,389,1414,555,1007,293,250,606,779,659,1428,18522,9697,1196,33,12491,0,1,0,0
2021-03-16T23:59:59+01:00,0,2,527,655,887,1811,969,2893,1316,4214,1763,3302,775,767,2586,3171,2220,4031,199,170,309,476,307,883,386,1412,552,1002,287,246,361,543,471,1121,18315,8699,1156,27,12418,0,0,0,0
2021-03-15T23:59:59+01:00,0,2,527,644,883,1793,960,2872,1310,4208,1755,3293,769,764,2583,3170,2220,4031,198,170,308,475,306,883,386,1412,549,1002,287,246,361,542,470,1121,18302,8693,1134,24,12348,0,0,0,0
2021-03-14T23:59:59+01:00,0,2,526,638,877,1781,953,2867,1300,4195,1745,3281,764,760,2578,3167,2220,4031,198,170,307,475,305,881,384,1410,549,1002,286,246,361,542,470,1121,18297,8690,1107,18,12281,0,0,0,0
2021-03-13T23:59:59+01:00,0,2,504,587,782,1519,823,2486,1106,3631,1463,2852,683,671,2475,3041,2219,4030,198,170,307,475,305,881,384,1410,549,1002,286,246,361,542,470,1121,18293,8690,1107,18,9474,0,0,0,0
2021-03-12T23:59:59+01:00,0,2,489,502,718,1253,731,2091,935,2941,1216,2261,543,518,2431,2996,2219,4030,198,168,307,475,305,879,383,1410,549,1000,286,245,348,521,422,1058,18270,8536,1106,18,6500,0,0,0,0
2021-03-11T23:59:59+01:00,0,2,466,466,685,1182,685,1986,876,2796,1136,2150,488,459,2418,2985,2218,4029,198,168,306,473,304,878,383,1407,548,1000,286,244,335,504,376,1015,18083,8410,1058,15,5886,0,0,0,0
2021-03-10T23:59:59+01:00,0,2,452,456,651,1149,645,1952,832,2760,1103,2122,468,443,2404,2966,2217,4026,194,166,302,466,304,877,378,1400,543,993,282,238,215,405,151,753,17807,7658,1038,9,5803,0,0,0,0
2021-03-09T23:59:59+01:00,0,2,436,439,619,1120,626,1934,809,2734,1081,2098,447,423,2311,2824,2094,3797,194,166,300,464,303,876,377,1397,543,990,280,237,215,405,151,752,17049,7650,1022,0,5723,0,0,0,0
2021-03-08T23:59:59+01:00,0,2,423,418,596,1090,608,1912,793,2709,1059,2072,425,395,2082,2550,1865,3420,194,165,300,462,302,872,377,1391,543,988,279,235,215,404,151,752,15806,7630,994,0,5619,0,0,0,0
2021-03-07T23:59:59+01:00,0,2,422,416,589,1073,596,1904,790,2696,1053,2061,424,394,2077,2542,1864,3418,194,165,300,461,302,871,377,1388,543,987,279,235,215,404,151,752,15780,7624,984,0,5557,0,0,0,0
2021-03-06T23:59:59+01:00,0,2,422,413,586,1059,593,1902,783,2689,1049,2054,423,394,2077,2542,1864,3418,194,165,300,461,302,871,377,1388,543,986,278,235,215,404,151,752,15772,7622,984,0,5514,0,0,0,0
2021-03-05T23:59:59+01:00,0,2,416,398,580,1047,587,1892,778,2680,1043,2046,410,386,1656,1980,1432,2666,191,160,296,461,299,870,375,1385,541,982,278,235,215,404,151,752,13550,7595,984,0,5465,0,0,0,0
2021-03-04T23:59:59+01:00,0,2,406,373,554,1008,568,1836,749,2627,1022,1996,406,382,1564,1863,1393,2593,180,152,285,451,298,862,373,1371,539,978,277,235,215,404,151,752,13200,7523,978,0,5164,0,0,0,0
2021-03-03T23:59:59+01:00,0,2,404,366,546,978,551,1804,724,2579,1005,1958,400,376,1242,1484,1240,2321,179,151,284,450,297,861,369,1364,536,971,275,233,214,403,149,747,12051,7483,971,0,4958,0,0,0,0
2021-03-02T23:59:59+01:00,0,2,400,361,538,944,537,1784,715,2555,994,1940,390,366,999,1217,1122,2143,179,149,283,439,293,855,369,1355,536,965,275,233,214,403,149,747,11232,7444,936,0,4839,0,0,0,0
2021-03-01T23:59:59+01:00,0,2,398,353,529,922,519,1753,706,2531,983,1923,386,359,998,1210,1122,2139,179,147,283,430,290,845,366,1340,533,959,273,231,213,402,149,747,11213,7387,901,0,4719,0,0,0,0
2021-02-28T23:59:59+01:00,0,2,395,350,526,914,514,1742,703,2521,978,1908,382,354,998,1208,1122,2139,177,146,283,430,290,844,366,1340,532,959,273,231,213,402,149,747,11213,7382,874,0,4669,0,0,0,0
2021-02-27T23:59:59+01:00,0,2,394,348,521,907,512,1736,700,2512,975,1906,381,353,998,1208,1121,2139,177,146,283,430,290,844,366,1340,531,959,273,231,213,402,149,747,11212,7381,874,0,4627,0,0,0,0
2021-02-26T23:59:59+01:00,0,2,346,301,452,734,436,1428,571,2094,804,1563,353,323,998,1205,1121,2139,177,144,283,427,288,836,364,1332,529,956,273,231,213,402,149,747,11201,7351,863,0,2806,0,0,0,0
2021-02-25T23:59:59+01:00,0,2,326,293,442,712,424,1392,556,2046,786,1531,345,316,914,1116,1049,2015,126,130,263,423,277,824,353,1316,524,949,273,229,213,402,149,747,10800,7198,833,0,2632,0,0,0,0
2021-02-24T23:59:59+01:00,0,2,321,287,437,696,417,1356,540,1998,764,1487,337,303,706,884,865,1710,126,124,262,417,274,815,351,1303,517,942,271,227,211,402,149,745,9861,7136,792,0,2457,0,0,0,0
2021-02-23T23:59:59+01:00,0,2,319,275,429,682,406,1333,532,1962,746,1468,323,293,457,638,674,1409,126,123,261,415,272,810,351,1296,516,934,270,226,210,402,148,744,8863,7104,748,0,2337,0,0,0,0
2021-02-22T23:59:59+01:00,0,2,319,273,428,675,405,1328,528,1952,741,1464,323,290,456,636,674,1408,126,118,256,405,271,793,347,1272,511,926,266,225,210,402,148,744,8859,7020,736,0,2307,0,0,0,0
2021-02-21T23:59:59+01:00,0,2,316,272,426,669,402,1320,526,1944,735,1460,312,285,452,632,672,1408,126,118,255,404,271,791,344,1269,504,923,265,224,209,401,147,735,8854,6986,695,0,2284,0,0,0,0
2021-02-20T23:59:59+01:00,0,2,316,269,426,667,402,1312,525,1935,733,1456,312,285,452,632,672,1408,126,118,255,404,271,791,344,1269,503,923,265,224,209,401,147,735,8854,6985,695,0,2255,0,0,0,0
2021-02-19T23:59:59+01:00,0,1,270,243,394,591,368,1143,467,1720,626,1246,303,269,426,596,593,1301,126,118,255,404,270,791,344,1269,503,923,265,224,209,401,147,735,8637,6984,589,0,1331,0,0,0,0
2021-02-18T23:59:59+01:00,0,1,269,238,387,582,357,1122,454,1702,616,1239,303,267,373,549,491,1173,123,115,251,399,263,785,341,1260,500,922,263,222,209,401,147,735,8458,6936,417,0,1248,0,0,0,0
2021-02-17T23:59:59+01:00,0,1,263,234,375,568,350,1113,431,1686,608,1227,298,260,218,413,156,764,115,102,247,393,258,770,335,1244,494,911,259,219,208,401,147,735,7741,6838,31,0,1193,0,0,0,0
2021-02-16T23:59:59+01:00,0,1,261,232,364,566,340,1104,423,1672,603,1221,295,257,218,412,156,764,84,90,227,367,247,740,317,1204,462,876,238,204,201,383,146,728,7734,6514,27,0,1128,0,0,0,0
2021-02-15T23:59:59+01:00,0,1,259,232,362,562,339,1098,421,1660,599,1215,295,257,218,411,155,764,83,88,223,356,239,728,307,1176,447,853,225,197,190,361,140,672,7726,6285,24,0,1098,0,0,0,0
2021-02-14T23:59:59+01:00,0,1,258,230,356,559,335,1088,417,1654,596,1212,295,257,218,411,155,764,79,86,216,351,236,720,302,1163,443,838,224,195,190,350,140,663,7716,6196,19,0,1071,0,0,0,0
2021-02-13T23:59:59+01:00,0,1,258,230,356,559,335,1088,416,1654,596,1211,294,257,218,411,155,764,79,86,216,351,236,720,302,1163,443,838,224,195,190,350,140,663,7714,6196,19,0,1070,0,0,0,0
2021-02-12T23:59:59+01:00,0,1,200,169,307,481,308,893,383,1416,559,996,286,242,217,411,155,764,76,85,213,350,234,717,295,1159,440,833,220,193,190,348,140,663,7702,6156,19,0,67,0,0,0,0
2021-02-11T23:59:59+01:00,0,0,198,168,301,470,304,879,377,1396,549,988,286,242,217,411,155,764,75,82,202,324,224,673,275,1108,423,785,219,190,190,343,140,660,7661,5913,16,0,28,0,0,0,0
2021-02-10T23:59:59+01:00,0,0,195,161,297,466,301,875,371,1385,545,980,284,240,215,410,155,762,70,76,186,298,213,614,258,1023,398,733,210,176,176,314,128,613,7619,5486,10,0,13,0,0,0,0
2021-02-09T23:59:59+01:00,0,0,190,155,294,457,300,866,371,1375,543,971,281,239,215,410,155,761,61,60,147,234,184,510,220,831,342,598,189,150,156,279,118,547,7575,4626,2,0,6,0,0,0,0
2021-02-08T23:59:59+01:00,0,0,183,148,290,444,295,856,367,1355,536,964,277,235,214,409,153,757,34,47,102,144,135,282,161,454,248,391,160,124,129,224,95,452,7475,3182,2,0,6,0,0,0,0
2021-02-07T23:59:59+01:00,0,0,181,146,287,443,294,854,366,1354,535,963,276,234,214,409,153,757,19,40,83,122,130,261,152,420,232,364,152,120,119,214,90,417,7465,2935,1,0,0,0,0,0,0
2021-02-06T23:59:59+01:00,0,0,181,146,287,443,294,854,366,1354,535,963,276,234,214,409,153,757,19,37,81,119,120,246,141,404,201,343,137,116,118,209,89,407,7465,2787,1,0,0,0,0,0,0
2021-02-05T23:59:59+01:00,0,0,181,144,287,440,293,843,364,1346,531,960,276,233,214,409,153,756,18,32,77,114,113,233,136,377,187,324,132,111,115,204,82,391,7429,2646,1,0,0,0,0,0,0
2021-02-04T23:59:59+01:00,0,0,173,139,286,436,286,834,361,1335,522,951,275,231,213,409,153,754,11,21,51,77,84,177,113,287,155,267,114,96,103,190,74,351,7358,2171,0,0,0,0,0,0,0
2021-02-03T23:59:59+01:00,0,0,155,132,276,430,282,828,359,1324,522,949,275,231,212,409,153,753,11,19,43,67,75,142,89,257,134,221,95,81,88,162,67,311,7290,1862,0,0,0,0,0,0,0
2021-02-02T23:59:59+01:00,0,0,134,126,264,428,279,821,354,1317,521,942,274,231,211,409,152,752,11,16,34,61,63,119,74,212,103,171,63,57,63,104,43,196,7215,1390,0,0,0,0,0,0,0
2021-02-01T23:59:59+01:00,0,0,129,121,259,413,277,804,352,1293,515,930,269,229,211,409,152,752,4,10,20,34,33,66,46,119,59,71,28,28,27,44,25,97,7115,711,0,0,0,0,0,0,0
2021-01-31T23:59:59+01:00,0,0,128,118,257,411,275,800,350,1287,511,928,269,226,210,408,152,752,4,6,15,23,28,47,32,73,39,43,14,8,13,28,20,59,7082,452,0,0,0,0,0,0,0
2021-01-30T23:59:59+01:00,0,0,128,118,257,411,275,799,350,1286,510,928,269,226,210,408,152,752,4,6,13,20,25,40,27,65,36,41,14,8,13,28,20,59,7079,419,0,0,0,0,0,0,0
2021-01-29T23:59:59+01:00,0,0,128,118,257,411,274,799,350,1286,510,928,269,226,210,408,152,752,4,6,7,18,23,31,22,57,32,38,14,8,13,27,19,58,7078,377,0,0,0,0,0,0,0
2021-01-28T23:59:59+01:00,0,0,126,115,253,405,270,793,347,1279,506,927,269,226,210,408,152,752,1,3,2,8,15,13,12,28,12,23,11,4,6,14,6,23,7038,181,0,0,0,0,0,0,0
2021-01-27T23:59:59+01:00,0,0,118,105,251,401,267,785,342,1272,500,920,264,223,209,407,152,752,0,0,1,4,11,11,8,21,10,17,10,4,6,14,6,23,6968,146,0,0,0,0,0,0,0
2021-01-26T23:59:59+01:00,0,0,89,93,233,384,259,760,329,1234,475,889,244,211,202,391,152,744,0,0,1,4,11,11,8,21,10,17,10,4,6,14,6,23,6689,146,0,0,0,0,0,0,0
2021-01-25T23:59:59+01:00,0,0,86,88,231,364,246,741,315,1200,457,864,228,204,193,371,148,689,0,0,1,4,11,9,7,14,7,13,10,4,6,14,6,23,6425,129,0,0,0,0,0,0,0
2021-01-24T23:59:59+01:00,0,0,86,86,227,360,245,736,312,1187,455,849,227,202,193,360,148,679,0,0,1,4,11,9,7,14,7,13,10,4,6,14,6,23,6352,129,0,0,0,0,0,0,0
2021-01-23T23:59:59+01:00,0,0,86,86,227,360,245,736,312,1187,455,849,227,202,193,360,148,679,0,0,1,4,11,9,7,14,7,13,10,4,6,14,6,23,6352,129,0,0,0,0,0,0,0
2021-01-22T23:59:59+01:00,0,0,86,85,225,358,245,733,308,1183,451,846,225,201,193,359,148,679,0,0,1,4,11,9,7,14,7,13,10,4,6,14,6,23,6325,129,0,0,0,0,0,0,0
2021-01-21T23:59:59+01:00,0,0,86,82,211,329,235,689,283,1132,437,813,224,197,192,353,148,676,0,0,1,2,9,8,6,13,6,11,10,4,6,14,6,23,6087,119,0,0,0,0,0,0,0
2021-01-20T23:59:59+01:00,0,0,80,76,197,308,223,625,269,1039,408,754,215,186,177,324,137,629,0,0,1,2,9,8,6,13,6,11,10,4,6,14,6,23,5647,119,0,0,0,0,0,0,0
2021-01-19T23:59:59+01:00,0,0,72,66,157,258,203,562,243,916,367,645,196,160,155,284,124,552,0,0,1,2,3,7,6,12,4,9,7,3,6,14,6,23,4960,103,0,0,0,0,0,0,0
2021-01-18T23:59:59+01:00,0,0,60,58,134,215,181,458,216,759,327,552,179,140,131,234,104,470,0,0,0,1,2,4,3,7,2,7,6,3,6,14,6,22,4218,83,0,0,0,0,0,0,0
2021-01-17T23:59:59+01:00,0,0,37,46,109,184,167,395,199,668,301,494,171,134,118,217,90,416,0,0,0,0,2,4,2,7,2,5,4,3,6,14,5,22,3746,76,0,0,0,0,0,0,0
2021-01-16T23:59:59+01:00,0,0,30,43,109,181,157,378,184,648,270,472,155,129,117,211,89,406,0,0,0,0,0,0,0,0,0,0,0,0,0,0,0,0,3579,0,0,0,0,0,0,0,0
2021-01-15T23:59:59+01:00,0,0,28,39,105,176,146,365,178,618,253,450,150,120,114,205,81,390,0,0,0,0,0,0,0,0,0,0,0,0,0,0,0,0,3418,0,0,0,0,0,0,0,0
2021-01-14T23:59:59+01:00,0,0,10,24,51,77,84,169,114,283,150,262,123,101,100,190,71,350,0,0,0,0,0,0,0,0,0,0,0,0,0,0,0,0,2159,0,0,0,0,0,0,0,0
2021-01-13T23:59:59+01:00,0,0,9,20,41,67,76,134,92,254,125,225,94,79,81,153,56,282,0,0,0,0,0,0,0,0,0,0,0,0,0,0,0,0,1788,0,0,0,0,0,0,0,0
2021-01-12T23:59:59+01:00,0,0,9,15,37,63,63,110,77,206,96,171,61,53,54,92,32,162,0,0,0,0,0,0,0,0,0,0,0,0,0,0,0,0,1301,0,0,0,0,0,0,0,0
2021-01-11T23:59:59+01:00,0,0,1,10,27,46,39,79,56,137,59,84,31,27,22,36,16,70,0,0,0,0,0,0,0,0,0,0,0,0,0,0,0,0,740,0,0,0,0,0,0,0,0
2021-01-10T23:59:59+01:00,0,0,1,5,20,32,34,55,37,90,38,52,14,7,7,19,11,31,0,0,0,0,0,0,0,0,0,0,0,0,0,0,0,0,453,0,0,0,0,0,0,0,0
2021-01-09T23:59:59+01:00,0,0,1,5,18,28,33,51,32,80,36,51,14,7,7,19,11,31,0,0,0,0,0,0,0,0,0,0,0,0,0,0,0,0,424,0,0,0,0,0,0,0,0
2021-01-08T23:59:59+01:00,0,0,1,5,15,26,30,40,26,71,32,47,13,7,6,17,10,30,0,0,0,0,0,0,0,0,0,0,0,0,0,0,0,0,376,0,0,0,0,0,0,0,0
2021-01-07T23:59:59+01:00,0,0,1,3,2,10,15,13,13,29,14,24,11,5,6,15,8,24,0,0,0,0,0,0,0,0,0,0,0,0,0,0,0,0,193,0,0,0,0,0,0,0,0
2021-01-06T23:59:59+01:00,0,0,1,0,2,4,13,11,9,23,12,19,11,5,6,15,8,24,0,0,0,0,0,0,0,0,0,0,0,0,0,0,0,0,163,0,0,0,0,0,0,0,0
2021-01-05T23:59:59+01:00,0,0,0,0,1,4,12,11,8,21,11,19,10,5,6,15,8,24,0,0,0,0,0,0,0,0,0,0,0,0,0,0,0,0,155,0,0,0,0,0,0,0,0
2021-01-04T23:59:59+01:00,0,0,0,0,1,4,12,10,7,17,9,17,10,5,6,15,8,24,0,0,0,0,0,0,0,0,0,0,0,0,0,0,0,0,145,0,0,0,0,0,0,0,0
2021-01-03T23:59:59+01:00,0,0,0,0,1,4,11,9,7,14,7,14,10,5,6,15,8,24,0,0,0,0,0,0,0,0,0,0,0,0,0,0,0,0,135,0,0,0,0,0,0,0,0
2021-01-02T23:59:59+01:00,0,0,0,0,1,4,11,9,7,14,7,14,10,5,6,15,8,24,0,0,0,0,0,0,0,0,0,0,0,0,0,0,0,0,135,0,0,0,0,0,0,0,0
2021-01-01T23:59:59+01:00,0,0,0,0,1,4,11,9,7,14,7,14,10,5,6,15,8,24,0,0,0,0,0,0,0,0,0,0,0,0,0,0,0,0,135,0,0,0,0,0,0,0,0
2020-12-31T23:59:59+01:00,0,0,0,0,1,4,11,9,7,14,7,14,10,5,6,15,8,24,0,0,0,0,0,0,0,0,0,0,0,0,0,0,0,0,135,0,0,0,0,0,0,0,0
2020-12-30T23:59:59+01:00,0,0,0,0,1,4,11,9,7,14,7,14,10,5,6,15,8,24,0,0,0,0,0,0,0,0,0,0,0,0,0,0,0,0,135,0,0,0,0,0,0,0,0
2020-12-29T23:59:59+01:00,0,0,0,0,1,4,8,9,7,14,5,12,10,5,6,15,8,24,0,0,0,0,0,0,0,0,0,0,0,0,0,0,0,0,128,0,0,0,0,0,0,0,0
2020-12-28T23:59:59+01:00,0,0,0,0,1,1,5,7,7,8,3,9,10,5,6,15,8,24,0,0,0,0,0,0,0,0,0,0,0,0,0,0,0,0,109,0,0,0,0,0,0,0,0
2020-12-27T23:59:59+01:00,0,0,0,0,0,0,2,4,2,7,2,6,4,4,6,15,7,23,0,0,0,0,0,0,0,0,0,0,0,0,0,0,0,0,82,0,0,0,0,0,0,0,0
