Datum,<15_m,<15_w,15-24_1_m,15-24_1_w,25-34_1_m,25-34_1_w,35-44_1_m,35-44_1_w,45-54_1_m,45-54_1_w,55-64_1_m,55-64_1_w,65-74_1_m,65-74_1_w,75-84_1_m,75-84_1_w,>84_1_m,>84_1_w,<24_2_m,<24_2_w,25-34_2_m,25-34_2_w,35-44_2_m,35-44_2_w,45-54_2_m,45-54_2_w,55-64_2_m,55-64_2_w,65-74_2_m,65-74_2_w,75-84_2_m,75-84_2_w,>84_2_m,>84_2_w,bp_1,bp_2,mo_1,mo_2,az_1,az_2,ja,unb_1,unb_2
2021-09-04T23:59:59+02:00,1526,1397,9370,8802,10471,9745,12992,13398,17107,17490,20365,20405,16244,16955,9006,10978,2827,5448,8725,8250,10035,9210,12537,12820,16567,16897,19857,19843,15937,16604,8818,10712,2774,5319,146369,140518,19749,19198,27862,27005,10539,7,6
2021-09-03T23:59:59+02:00,1516,1388,9349,8784,10459,9735,12988,13388,17093,17479,20353,20395,16240,16950,9005,10973,2827,5445,8710,8240,10024,9204,12530,12813,16551,16887,19854,19835,15933,16598,8817,10708,2774,5316,146276,140470,19746,19197,27862,27005,10476,7,6
2021-09-02T23:59:59+02:00,1506,1380,9298,8757,10402,9685,12918,13332,17045,17442,20293,20354,16208,16923,8995,10962,2826,5440,8666,8218,9967,9161,12463,12764,16508,16854,19794,19795,15901,16575,8810,10700,2774,5312,146166,140423,19744,19193,27861,27003,9988,7,6
2021-09-01T23:59:59+02:00,1502,1364,9279,8744,10385,9676,12906,13320,17035,17429,20285,20352,16205,16918,8988,10959,2826,5439,8648,8197,9953,9145,12452,12753,16497,16843,19780,19786,15898,16571,8808,10696,2774,5311,146062,140296,19733,19191,27861,27002,9949,7,6
2021-08-31T23:59:59+02:00,1485,1346,9263,8714,10375,9663,12896,13313,17030,17417,20278,20344,16200,16914,8986,10954,2826,5439,8632,8181,9947,9133,12437,12741,16486,16838,19778,19780,15894,16569,8807,10693,2774,5311,145904,140175,19732,19188,27861,26999,9939,7,6
2021-08-30T23:59:59+02:00,1464,1329,9242,8691,10361,9647,12884,13298,17018,17399,20266,20336,16197,16911,8984,10952,2826,5438,8603,8168,9933,9122,12425,12725,16473,16823,19769,19774,15891,16563,8805,10688,2772,5309,145739,140044,19732,19183,27858,26990,9907,7,6
2021-08-29T23:59:59+02:00,1463,1328,9239,8685,10355,9638,12881,13293,17009,17394,20262,20331,16194,16907,8984,10952,2826,5437,8600,8161,9924,9112,12420,12719,16465,16819,19765,19771,15888,16557,8804,10688,2772,5308,145720,140025,19732,19181,27858,26984,9861,7,6
2021-08-28T23:59:59+02:00,1462,1328,9236,8681,10355,9637,12880,13292,17009,17393,20262,20330,16194,16907,8984,10952,2826,5437,8596,8161,9922,9112,12419,12718,16465,16818,19765,19770,15888,16557,8804,10688,2772,5308,145712,140019,19732,19179,27858,26984,9856,7,6
2021-08-27T23:59:59+02:00,1452,1317,9224,8673,10350,9631,12877,13290,17006,17387,20257,20325,16193,16905,8983,10952,2826,5437,8588,8154,9919,9106,12413,12716,16462,16811,19764,19769,15887,16556,8803,10687,2772,5308,145637,139972,19732,19177,27858,26979,9851,7,6
2021-08-26T23:59:59+02:00,1449,1316,9216,8669,10345,9625,12868,13289,17004,17385,20255,20320,16190,16902,8980,10947,2825,5437,8578,8142,9913,9101,12405,12713,16457,16809,19762,19764,15884,16552,8800,10684,2771,5308,145615,139941,19731,19177,27858,26973,9811,7,6
2021-08-25T23:59:59+02:00,1436,1292,9118,8613,10263,9555,12782,13215,16886,17301,20162,20266,16145,16864,8965,10927,2820,5426,8496,8089,9835,9041,12317,12649,16354,16736,19676,19712,15840,16513,8786,10665,2766,5295,145380,139802,19730,19176,27858,26971,9061,7,6
2021-08-24T23:59:59+02:00,1417,1267,9086,8583,10250,9536,12754,13186,16856,17265,20148,20250,16130,16854,8960,10921,2820,5423,8472,8075,9819,9029,12302,12638,16342,16721,19668,19702,15834,16510,8786,10663,2766,5294,145094,139684,19728,19173,27858,26971,9019,7,6
2021-08-23T23:59:59+02:00,1399,1242,9047,8545,10237,9518,12723,13166,16837,17247,20135,20226,16121,16842,8949,10915,2819,5418,8448,8059,9794,9011,12289,12632,16329,16712,19658,19686,15830,16503,8783,10658,2765,5291,144840,139593,19728,19172,27858,26950,8953,7,6
2021-08-22T23:59:59+02:00,1399,1242,9037,8540,10230,9512,12722,13162,16834,17241,20132,20223,16118,16839,8945,10915,2819,5417,8432,8052,9787,8999,12285,12627,16326,16705,19656,19682,15827,16499,8779,10656,2765,5290,144827,139562,19728,19169,27858,26947,8907,7,6
2021-08-21T23:59:59+02:00,1399,1241,9032,8540,10229,9509,12719,13161,16833,17241,20131,20222,16118,16839,8945,10915,2819,5417,8309,7971,9683,8906,12197,12517,16237,16634,19601,19639,15807,16485,8777,10645,2764,5288,144821,139558,19725,18271,27858,26946,8899,7,6
2021-08-20T23:59:59+02:00,1398,1239,9024,8538,10222,9501,12712,13151,16830,17239,20124,20218,16117,16839,8945,10913,2818,5416,7950,7647,9532,8745,12052,12378,16116,16526,19493,19543,15768,16436,8765,10621,2762,5287,144790,137467,19725,18271,27858,26945,8864,7,6
2021-08-19T23:59:59+02:00,1393,1237,9013,8532,10215,9491,12703,13146,16825,17238,20119,20216,16116,16837,8945,10912,2818,5415,7693,7381,9401,8640,11910,12260,16025,16420,19397,19456,15726,16389,8755,10603,2761,5279,144749,135753,19722,18265,27857,26936,8836,7,6
2021-08-18T23:59:59+02:00,1368,1205,8967,8494,10188,9462,12677,13112,16796,17215,20092,20187,16103,16823,8939,10906,2814,5410,7679,7371,9389,8632,11897,12244,16011,16411,19389,19448,15720,16382,8751,10599,2758,5276,144443,135705,19709,18264,27854,26935,8745,7,6
2021-08-17T23:59:59+02:00,1343,1192,8930,8461,10173,9441,12664,13088,16782,17195,20071,20165,16095,16814,8937,10899,2812,5405,7664,7356,9372,8625,11888,12235,16004,16400,19378,19442,15715,16377,8750,10597,2757,5274,144208,135638,19706,18259,27853,26929,8693,7,6
2021-08-16T23:59:59+02:00,1320,1174,8893,8436,10153,9421,12640,13064,16772,17178,20051,20150,16090,16802,8933,10898,2812,5405,7657,7345,9356,8623,11878,12229,16002,16395,19369,19435,15712,16374,8750,10597,2757,5274,143975,135602,19704,18255,27853,26927,8653,7,6
2021-08-15T23:59:59+02:00,1302,1158,8872,8417,10141,9405,12624,13052,16760,17168,20037,20139,16084,16796,8933,10893,2812,5405,7645,7335,9341,8608,11865,12219,15995,16387,19363,19431,15705,16370,8749,10594,2757,5274,143826,135551,19704,18251,27852,26908,8609,7,6
2021-08-14T23:59:59+02:00,1301,1158,8872,8417,10140,9405,12623,13050,16760,17167,20036,20137,16084,16796,8933,10893,2812,5405,7328,7043,9197,8442,11689,12056,15877,16257,19269,19345,15679,16347,8740,10581,2757,5270,143821,133566,19704,18249,27852,26901,8605,7,6
2021-08-13T23:59:59+02:00,1296,1156,8859,8407,10129,9397,12611,13041,16745,17158,20028,20129,16080,16790,8931,10892,2811,5405,6944,6687,9025,8283,11485,11843,15661,16077,19129,19223,15646,16308,8729,10567,2755,5266,143791,131108,19704,18249,27852,26898,8511,7,6
2021-08-12T23:59:59+02:00,1296,1156,8858,8403,10122,9391,12607,13040,16739,17149,20024,20124,16079,16786,8929,10890,2811,5405,6938,6680,9012,8275,11474,11841,15650,16070,19125,19217,15644,16303,8727,10566,2755,5266,143774,131077,19703,18246,27852,26880,8473,7,6
2021-08-11T23:59:59+02:00,1293,1152,8855,8397,10112,9386,12599,13036,16736,17145,20019,20122,16077,16783,8928,10890,2811,5404,6932,6670,8997,8265,11463,11837,15646,16063,19117,19211,15640,16300,8726,10566,2755,5264,143730,131018,19700,18239,27852,26867,8456,7,6
2021-08-10T23:59:59+02:00,1292,1152,8851,8395,10107,9381,12597,13032,16735,17143,20018,20117,16076,16781,8928,10889,2811,5404,6887,6626,8966,8250,11444,11816,15621,16051,19110,19201,15638,16298,8726,10564,2755,5264,143704,130777,19700,18235,27852,26861,8446,7,6
2021-08-09T23:59:59+02:00,1292,1150,8844,8394,10102,9374,12596,13030,16728,17141,20012,20117,16074,16781,8927,10889,2811,5404,6868,6604,8946,8234,11432,11806,15605,16040,19104,19197,15635,16297,8724,10563,2755,5264,143678,130650,19700,18231,27850,26852,8431,7,6
2021-08-08T23:59:59+02:00,1292,1149,8841,8388,10100,9370,12587,13027,16723,17137,20010,20114,16072,16778,8926,10888,2810,5403,6865,6592,8929,8226,11416,11799,15598,16032,19102,19194,15632,16294,8723,10562,2754,5263,143667,130603,19699,18224,27850,26849,8392,7,6
2021-08-07T23:59:59+02:00,1292,1141,8832,8380,10089,9363,12585,13021,16716,17133,20004,20109,16068,16773,8924,10888,2809,5403,6213,6023,8657,8002,11146,11567,15399,15859,19018,19118,15612,16270,8716,10555,2751,5262,143620,127518,19698,18212,27850,26848,8355,7,6
2021-08-06T23:59:59+02:00,1286,1140,8822,8368,10075,9351,12565,13003,16698,17121,19987,20096,16061,16765,8924,10885,2809,5402,6199,6008,8642,7987,11122,11547,15377,15843,19001,19106,15605,16263,8716,10552,2751,5261,143582,127467,19696,18206,27850,26846,8223,7,6
2021-08-05T23:59:59+02:00,1283,1137,8815,8361,10066,9342,12553,12995,16692,17118,19980,20093,16060,16765,8924,10884,2809,5402,5914,5772,8295,7691,10761,11274,15057,15607,18752,18940,15586,16240,8706,10545,2750,5260,143536,127383,19692,15513,27846,26813,8198,7,6
2021-08-04T23:59:59+02:00,1282,1134,8809,8358,10061,9339,12546,12991,16687,17116,19978,20090,16059,16765,8923,10883,2809,5401,5900,5765,8267,7680,10742,11263,15041,15600,18747,18935,15584,16237,8705,10545,2749,5260,143505,127286,19691,15505,27845,26798,8183,7,6
2021-08-03T23:59:59+02:00,1275,1131,8805,8348,10056,9334,12541,12988,16682,17114,19973,20088,16057,16765,8922,10881,2809,5400,5787,5651,8174,7611,10625,11185,14992,15548,18718,18920,15580,16235,8704,10543,2747,5259,143460,126559,19689,15497,27845,26769,8168,7,6
2021-08-02T23:59:59+02:00,1269,1125,8792,8340,10048,9327,12536,12982,16677,17105,19966,20084,16055,16762,8920,10878,2808,5399,5618,5492,8042,7506,10501,11070,14922,15469,18686,18895,15572,16226,8698,10543,2747,5259,143380,125501,19683,15494,27844,26738,8159,7,6
2021-08-01T23:59:59+02:00,1267,1124,8785,8331,10041,9320,12530,12980,16672,17103,19961,20082,16055,16762,8919,10876,2808,5399,5558,5435,7991,7457,10439,11019,14887,15444,18673,18878,15570,16224,8696,10540,2747,5257,143335,125067,19680,15491,27843,26717,8150,7,6
2021-07-31T23:59:59+02:00,1267,1124,8784,8328,10041,9319,12528,12980,16671,17103,19960,20080,16055,16762,8919,10875,2808,5399,5533,5415,7975,7445,10423,11006,14874,15438,18670,18875,15569,16223,8696,10540,2747,5257,143332,124941,19679,15488,27843,26716,8142,7,6
2021-07-30T23:59:59+02:00,1136,1006,8555,8099,9948,9201,12447,12896,16592,17032,19901,20013,16023,16723,8913,10858,2807,5396,5242,5138,7837,7303,10235,10816,14737,15275,18607,18819,15544,16196,8683,10527,2743,5254,141883,123123,19677,15482,27843,26698,8136,7,6
2021-07-29T23:59:59+02:00,1129,998,8426,8010,9789,9103,12297,12795,16447,16938,19738,19903,15938,16656,8888,10839,2806,5389,4945,4905,7558,7109,9957,10614,14490,15103,18412,18702,15459,16123,8656,10506,2742,5244,141768,122019,19674,15440,27843,26672,6797,7,6
2021-07-28T23:59:59+02:00,1118,985,8396,7973,9775,9089,12276,12781,16430,16916,19718,19893,15931,16643,8881,10835,2806,5387,4524,4474,7239,6857,9640,10316,14255,14921,18355,18661,15444,16112,8651,10495,2742,5234,141529,119370,19672,15386,27841,26610,6784,7,6
2021-07-27T23:59:59+02:00,1108,977,8373,7958,9763,9082,12265,12772,16421,16911,19711,19880,15929,16637,8879,10832,2805,5385,4289,4226,7009,6658,9393,10040,14094,14761,18304,18598,15395,16066,8634,10479,2739,5228,141392,117355,19669,15385,27841,26587,6779,7,6
2021-07-26T23:59:59+02:00,1104,974,8359,7946,9756,9077,12259,12767,16414,16903,19704,19879,15926,16632,8877,10828,2804,5380,4181,4115,6907,6548,9268,9915,14013,14682,18259,18565,15384,16055,8624,10471,2736,5226,141314,116455,19665,15376,27830,26529,6773,7,6
2021-07-25T23:59:59+02:00,1103,973,8352,7942,9743,9073,12249,12764,16409,16897,19701,19878,15924,16632,8877,10828,2804,5380,4132,4062,6831,6497,9197,9861,13977,14649,18235,18551,15366,16042,8618,10465,2736,5224,141288,116012,19662,15360,27829,26508,6743,7,6
2021-07-24T23:59:59+02:00,1101,969,8263,7880,9669,8994,12182,12687,16342,16843,19661,19839,15903,16618,8874,10818,2804,5379,4089,4022,6773,6447,9119,9807,13913,14583,18203,18525,15355,16032,8610,10461,2736,5224,141269,115762,19000,15081,27829,26506,6721,7,6
2021-07-23T23:59:59+02:00,1074,944,8151,7791,9631,8959,12148,12658,16297,16808,19631,19820,15897,16612,8870,10814,2804,5379,3795,3735,6511,6236,8838,9521,13677,14407,18124,18468,15313,15988,8592,10442,2734,5218,140773,113506,19000,15057,27829,26500,6679,7,6
2021-07-22T23:59:59+02:00,983,858,7935,7562,9526,8869,12030,12563,16208,16721,19558,19735,15851,16572,8862,10799,2803,5373,3668,3608,6357,6144,8686,9391,13515,14266,18051,18401,15291,15964,8585,10433,2734,5217,139313,112362,18999,14985,27823,26407,6666,7,6
2021-07-21T23:59:59+02:00,963,844,7904,7522,9510,8858,12007,12540,16184,16705,19534,19714,15840,16565,8862,10794,2803,5373,3360,3338,6012,5887,8291,9008,13248,14032,17911,18275,15200,15883,8553,10403,2731,5205,139057,109555,18997,14914,27818,26308,6643,7,6
2021-07-20T23:59:59+02:00,962,843,7896,7517,9501,8855,12002,12538,16176,16704,19529,19710,15839,16564,8862,10793,2803,5373,3287,3285,5953,5833,8232,8947,13163,13988,17879,18261,15200,15883,8553,10401,2731,5205,139018,109167,18996,14899,27815,26176,6631,7,6
2021-07-19T23:59:59+02:00,961,843,7890,7517,9497,8849,11997,12536,16171,16698,19527,19710,15838,16561,8862,10791,2803,5372,3237,3250,5906,5794,8175,8903,13106,13961,17833,18249,15200,15881,8553,10399,2731,5204,138988,108899,18995,14883,27815,26051,6618,7,6
2021-07-18T23:59:59+02:00,960,842,7880,7508,9490,8843,11989,12532,16165,16693,19525,19709,15837,16559,8862,10791,2803,5372,3218,3233,5866,5763,8141,8875,13067,13945,17820,18246,15200,15880,8553,10399,2731,5203,138943,108712,18993,14850,27813,26042,6604,7,6
2021-07-17T23:59:59+02:00,844,723,7557,7217,9338,8674,11813,12371,16036,16554,19429,19614,15816,16538,8854,10778,2803,5369,3117,3124,5754,5670,8007,8720,12927,13820,17725,18170,15190,15862,8550,10392,2731,5203,136932,107536,18991,14846,27813,26038,6588,4,6
2021-07-16T23:59:59+02:00,687,571,7161,6892,9148,8517,11621,12161,15832,16378,19289,19487,15787,16501,8845,10764,2802,5367,3055,3063,5678,5606,7895,8616,12810,13686,17648,18096,15168,15846,8546,10390,2730,5203,134451,106647,18991,14841,27812,26032,6552,4,6
2021-07-15T23:59:59+02:00,685,571,7148,6884,9144,8516,11611,12157,15822,16371,19285,19481,15785,16499,8841,10762,2801,5358,3017,3028,5611,5565,7806,8564,12737,13646,17618,18075,15145,15832,8538,10383,2729,5194,134413,106418,18989,14686,27807,25911,6508,4,6
2021-07-14T23:59:59+02:00,683,570,7139,6876,9140,8514,11606,12153,15816,16368,19280,19476,15783,16496,8838,10759,2800,5354,2994,3016,5570,5534,7771,8542,12705,13630,17601,18064,15138,15829,8535,10379,2729,5190,134381,106267,18988,14653,27807,25871,6471,4,6
2021-07-13T23:59:59+02:00,678,567,7115,6859,9129,8498,11597,12139,15805,16348,19271,19469,15774,16492,8834,10749,2795,5346,2936,2965,5505,5466,7612,8408,12452,13412,17446,17935,15120,15818,8523,10366,2724,5179,134256,105050,18988,14600,27804,25836,6413,4,6
2021-07-12T23:59:59+02:00,672,560,7103,6844,9119,8487,11586,12130,15801,16336,19259,19465,15772,16488,8832,10749,2795,5343,2878,2912,5423,5391,7465,8294,12204,13201,17267,17791,15110,15813,8519,10359,2723,5179,134146,103817,18986,14549,27800,25787,6405,4,6
2021-07-11T23:59:59+02:00,671,559,7095,6841,9110,8478,11580,12122,15791,16333,19254,19460,15772,16485,8831,10747,2795,5343,2847,2877,5347,5315,7368,8206,12039,13046,17140,17659,15103,15802,8518,10356,2723,5179,134104,102931,18982,14499,27800,25746,6377,4,6
2021-07-10T23:59:59+02:00,498,402,6527,6292,8883,8294,11339,11928,15634,16202,19199,19411,15764,16475,8827,10742,2794,5342,2817,2843,5296,5272,7287,8125,11938,12946,17062,17592,15088,15787,8515,10346,2720,5177,131407,102238,18982,14497,27800,25738,6360,4,6
2021-07-09T23:59:59+02:00,487,395,6468,6264,8857,8257,11299,11899,15608,16189,19186,19395,15763,16472,8827,10739,2794,5342,2760,2776,5213,5204,7109,7949,11528,12647,16767,17387,15069,15760,8508,10341,2719,5175,131316,101218,18771,13639,27799,25724,6351,4,6
2021-07-08T23:59:59+02:00,482,393,6149,6001,8483,7966,10919,11590,15271,15943,18927,19222,15740,16448,8818,10732,2791,5341,2698,2726,5132,5130,6970,7858,11329,12505,16619,17264,15062,15752,8508,10339,2719,5174,131229,100360,15867,13473,27795,25650,6321,4,6
2021-07-07T23:59:59+02:00,480,389,6134,5988,8460,7950,10905,11573,15260,15933,18926,19217,15738,16445,8817,10730,2791,5339,2650,2671,5043,5072,6834,7765,11097,12325,16459,17131,15054,15746,8504,10334,2719,5174,131118,99340,15859,13354,27793,25602,6301,4,6
2021-07-06T23:59:59+02:00,453,368,6032,5895,8379,7884,10829,11504,15226,15893,18903,19201,15731,16435,8814,10728,2788,5337,2581,2601,4905,4958,6647,7632,10707,11913,16089,16756,15029,15713,8496,10327,2718,5170,130499,97187,15851,13271,27788,25542,6258,4,6
2021-07-05T23:59:59+02:00,412,334,5853,5723,8262,7788,10716,11389,15167,15826,18872,19169,15725,16427,8810,10723,2785,5336,2527,2526,4807,4861,6516,7496,10357,11597,15814,16452,14999,15683,8488,10312,2718,5165,129449,95401,15847,13207,27785,25488,6232,4,6
2021-07-04T23:59:59+02:00,392,304,5779,5645,8205,7733,10649,11333,15136,15795,18858,19150,15719,16424,8809,10721,2785,5334,2508,2495,4746,4815,6457,7446,10220,11488,15713,16380,14995,15677,8486,10311,2717,5165,128946,94836,15841,13140,27780,25452,6200,4,6
2021-07-03T23:59:59+02:00,387,302,5761,5637,8196,7724,10638,11330,15129,15789,18855,19148,15718,16424,8809,10721,2785,5334,2473,2464,4651,4786,6349,7421,10162,11443,15609,16294,14318,14968,8467,10286,2717,5165,128880,94722,15839,13138,27779,23536,6185,4,6
2021-07-02T23:59:59+02:00,343,264,5573,5486,8122,7649,10539,11233,15064,15733,18836,19142,15714,16420,8804,10719,2783,5331,2425,2416,4496,4708,6166,7347,10008,11288,15419,16091,13527,14050,8459,10271,2717,5164,127962,94160,15837,13094,27778,21132,6174,4,6
2021-07-01T23:59:59+02:00,282,210,5356,5306,7994,7538,10401,11108,14935,15638,18791,19117,15706,16413,8799,10713,2783,5330,2307,2295,4320,4535,5930,7098,9228,10605,14790,15621,13502,14022,8454,10266,2713,5162,126675,90670,15827,12999,27777,21048,6137,4,6
2021-06-30T23:59:59+02:00,152,121,4874,4830,7652,7263,10052,10770,14707,15460,18733,19073,15695,16402,8795,10705,2783,5327,2270,2249,4235,4466,5819,7002,9057,10483,14701,15544,13488,14014,8451,10263,2713,5160,123687,90075,15821,12825,27777,20916,6105,4,6
2021-06-29T23:59:59+02:00,116,100,4590,4548,7402,7045,9762,10471,14508,15270,18671,19012,15643,16352,8776,10690,2782,5322,2204,2167,4092,4329,5613,6823,8832,10257,14409,15322,13440,13965,8439,10239,2711,5147,121621,88634,15818,12673,27775,20844,5842,4,6
2021-06-28T23:59:59+02:00,100,79,4453,4403,7297,6934,9641,10342,14417,15163,18626,18970,15627,16336,8762,10679,2779,5320,2119,2040,3909,4123,5333,6481,8448,9746,13877,14786,13323,13875,8421,10215,2708,5135,120601,85430,15809,12591,27772,20779,5742,4,4
2021-06-27T23:59:59+02:00,95,77,4401,4354,7238,6878,9579,10288,14385,15130,18606,18953,15610,16324,8755,10672,2778,5315,2065,2005,3845,4077,5222,6368,8280,9618,13702,14674,13297,13856,8413,10206,2705,5133,120235,84640,15806,12557,27770,20648,5623,4,4
2021-06-26T23:59:59+02:00,82,75,4358,4326,7207,6851,9561,10267,14366,15115,18594,18940,15606,16317,8755,10672,2778,5315,1989,1913,3656,3918,5007,6111,7914,9163,13352,14377,13217,13799,8393,10178,2700,5124,119996,82000,15802,12557,27770,20643,5613,4,4
2021-06-25T23:59:59+02:00,70,62,4045,3999,6939,6612,9270,9974,14143,14927,18512,18884,15560,16271,8736,10653,2776,5308,1924,1829,3492,3799,4815,5880,7589,8749,13044,14042,13167,13743,8380,10153,2694,5118,117591,79654,15774,12526,27770,20638,5602,4,4
2021-06-24T23:59:59+02:00,63,55,3952,3907,6841,6526,9171,9882,14044,14842,18484,18851,15545,16255,8730,10646,2776,5307,1855,1753,3379,3703,4617,5738,7369,8553,12793,13843,12332,12815,8200,9889,2694,5117,116861,78441,15764,12421,27767,18309,5481,4,4
2021-06-23T23:59:59+02:00,49,50,3545,3529,6388,6177,8640,9372,13709,14540,18349,18715,15441,16163,8687,10610,2773,5293,1718,1578,3126,3501,4204,5410,6424,7843,12056,13142,12310,12803,8190,9882,2694,5113,113922,77816,15516,9097,27766,18261,4822,4,4
2021-06-22T23:59:59+02:00,40,42,3473,3458,6312,6118,8537,9295,13657,14494,18316,18698,15430,16156,8686,10605,2773,5290,1678,1524,3023,3399,4063,5260,6172,7659,11451,12440,12220,12711,8173,9849,2690,5105,113298,75498,15512,9016,27764,18103,4802,4,4
2021-06-21T23:59:59+02:00,34,39,3403,3397,6218,6064,8477,9223,13597,14450,18283,18677,15427,16154,8682,10602,2773,5289,1641,1473,2932,3302,3939,5110,5976,7433,10693,11515,11836,12256,7107,8628,2684,5099,112781,72838,15505,8915,27755,15128,4744,4,4
2021-06-20T23:59:59+02:00,34,38,3377,3375,6171,6032,8432,9193,13569,14435,18272,18673,15426,16154,8682,10602,2773,5289,1622,1456,2896,3276,3888,5073,5923,7410,10607,11441,11816,12237,7105,8621,2683,5099,112606,72525,15489,8839,27755,15116,4673,4,4
2021-06-19T23:59:59+02:00,32,36,3350,3351,6142,6011,8403,9174,13545,14429,18266,18668,15426,16153,8682,10602,2773,5289,1618,1444,2891,3267,3880,5068,5909,7405,10596,11434,11816,12237,7105,8620,2683,5099,112417,72446,15483,8839,27755,15114,4673,4,4
2021-06-18T23:59:59+02:00,28,31,3309,3309,6066,5972,8335,9120,13500,14398,18243,18657,15425,16151,8681,10601,2773,5289,1543,1349,2755,3092,3695,4792,5511,7030,9109,9869,11650,12068,7064,8570,2671,5081,112036,67271,15456,8838,27755,15103,4637,4,4
2021-06-17T23:59:59+02:00,26,28,3245,3258,6000,5934,8262,9067,13428,14353,18220,18646,15423,16146,8680,10598,2773,5286,1411,1255,2566,2877,3433,4504,5151,6637,8440,9139,11367,11827,7023,8513,2667,5078,111668,63568,15427,8722,27752,15076,4522,4,4
2021-06-16T23:59:59+02:00,26,25,3192,3197,5888,5868,8144,8973,13301,14267,18154,18611,15417,16137,8680,10595,2773,5286,1314,1199,2425,2769,3250,4347,4867,6366,7363,7849,11276,11720,6992,8476,2654,5060,111032,59810,15353,8676,27749,15045,4396,4,4
2021-06-15T23:59:59+02:00,21,24,3095,3114,5771,5779,7956,8796,13041,14047,18003,18484,15402,16126,8672,10589,2773,5284,1276,1166,2353,2713,3143,4273,4665,6241,7051,7598,10781,11160,6959,8441,2646,5047,109614,57565,15325,8644,27741,15012,4293,4,3
2021-06-14T23:59:59+02:00,20,22,3022,3043,5693,5722,7815,8677,12752,13811,17819,18312,15386,16112,8665,10584,2772,5283,1249,1138,2287,2657,3018,4177,4467,6102,6713,7297,10253,10550,6928,8404,2642,5038,108236,55202,15317,8539,27737,14965,4216,4,2
2021-06-13T23:59:59+02:00,20,22,3004,3011,5627,5684,7752,8611,12612,13675,17714,18190,15380,16103,8664,10581,2771,5283,1239,1126,2256,2643,2981,4166,4423,6082,6681,7281,10249,10543,6928,8403,2642,5038,107499,55061,15306,8533,27732,14926,4163,4,2
2021-06-12T23:59:59+02:00,18,22,2975,2993,5599,5659,7721,8593,12592,13657,17705,18187,15379,16102,8664,10581,2771,5283,1182,1064,2166,2568,2885,4031,4281,5951,6571,7196,10167,10465,6330,7676,2642,5038,107300,54946,15304,8533,27732,12575,4161,4,2
2021-06-11T23:59:59+02:00,18,19,2898,2917,5530,5594,7538,8407,12182,13350,17425,17983,15363,16077,8658,10573,2769,5281,1159,1047,2111,2528,2820,3983,4196,5889,6462,7106,10065,10352,6316,7670,2640,5032,106284,54423,14413,8266,27731,12539,4150,4,2
2021-06-10T23:59:59+02:00,14,17,2842,2875,5431,5543,7405,8324,11997,13212,17288,17866,15358,16073,8658,10572,2768,5280,1120,1022,2036,2462,2718,3906,4026,5759,6220,6894,9814,10084,6296,7642,2634,5026,105366,52862,14339,8262,27726,12449,4088,4,2
2021-06-09T23:59:59+02:00,13,15,2766,2806,5307,5449,7183,8152,11720,12970,17101,17718,15347,16059,8654,10563,2768,5277,1063,960,1905,2344,2514,3725,3698,5474,5600,6388,8993,9183,6239,7566,2620,4991,104162,48866,14188,8245,27717,12357,3797,4,2
2021-06-08T23:59:59+02:00,10,11,2668,2702,5174,5322,6987,7969,11287,12543,16724,17330,15328,16032,8643,10557,2767,5272,1026,931,1838,2280,2408,3652,3555,5408,5452,6259,8960,9164,6237,7556,2618,4987,101959,48360,14161,8196,27715,12290,3487,4,2
2021-06-07T23:59:59+02:00,8,10,2540,2604,4983,5193,6779,7806,10810,12184,16381,17035,15302,16004,8637,10540,2766,5268,955,894,1711,2226,2269,3570,3302,5319,5097,5975,8411,8540,6183,7497,2614,4978,100027,46148,14118,8182,27706,12218,2995,4,2
2021-06-06T23:59:59+02:00,8,8,2505,2580,4922,5134,6692,7750,10673,12074,16289,16971,15299,16000,8637,10540,2764,5267,939,884,1682,2207,2227,3543,3236,5295,5049,5951,8406,8539,6178,7490,2614,4977,99441,45994,14066,8173,27700,12150,2902,4,2
2021-06-05T23:59:59+02:00,7,7,2492,2558,4893,5107,6654,7723,10642,12047,16280,16965,15299,16000,8637,10540,2764,5267,923,869,1650,2180,2188,3491,3134,5213,4694,5623,7808,7837,6150,7437,2613,4975,99216,43613,14066,8168,27698,12108,2898,4,2
2021-06-04T23:59:59+02:00,6,6,2462,2530,4848,5062,6606,7672,10553,11944,16228,16902,15295,15993,8637,10539,2763,5266,911,851,1627,2161,2147,3454,3082,5154,4531,5435,7506,7469,6114,7395,2611,4969,98688,42330,14061,8166,27698,12062,2861,4,2
2021-06-03T23:59:59+02:00,6,6,2357,2399,4695,4891,6399,7422,9851,11310,15638,16454,15284,15983,8634,10533,2762,5265,894,820,1586,2101,2098,3374,2993,5045,4386,5269,7347,7280,6102,7368,2611,4965,95346,41281,14022,8156,27692,11979,2825,4,2
2021-06-02T23:59:59+02:00,6,6,2340,2374,4652,4858,6343,7383,9751,11221,15580,16401,15276,15979,8633,10529,2762,5264,881,808,1568,2078,2046,3338,2908,4959,4024,4880,6790,6642,6059,7312,2607,4955,94821,38947,14020,8152,27692,11936,2821,4,2
2021-06-01T23:59:59+02:00,6,5,2278,2333,4532,4768,6179,7271,9563,11074,15473,16325,15273,15975,8629,10525,2761,5259,849,782,1503,2028,1933,3276,2752,4868,3821,4753,6579,6412,6037,7294,2601,4948,93957,37865,13971,8130,27680,11824,2617,4,2
2021-05-31T23:59:59+02:00,2,5,2228,2274,4433,4675,6038,7145,9378,10929,15388,16271,15265,15968,8626,10525,2761,5259,826,746,1445,1969,1865,3228,2577,4815,3691,4700,6222,5997,6014,7273,2598,4940,93239,36688,13885,8124,27671,11723,2371,4,2
2021-05-30T23:59:59+02:00,2,5,2203,2252,4376,4614,5949,7085,9303,10867,15351,16252,15264,15966,8626,10525,2761,5259,814,735,1423,1948,1815,3204,2444,4780,3586,4682,6220,5995,6014,7273,2598,4940,92794,36373,13845,8102,27661,11640,2356,4,2
2021-05-29T23:59:59+02:00,2,5,2186,2237,4358,4603,5932,7069,9289,10854,15346,16249,15263,15966,8626,10525,2761,5259,796,682,1329,1689,1682,2843,2244,4231,3308,4253,6130,5901,5902,7140,2597,4940,92668,36324,13842,8097,27660,8890,2356,4,2
2021-05-28T23:59:59+02:00,2,5,2165,2214,4320,4558,5888,7024,9213,10784,15279,16197,15259,15964,8626,10525,2761,5258,777,592,1251,1438,1583,2442,2065,3541,3044,3657,5492,5161,5820,7049,2593,4927,92196,35026,13829,8097,27658,5954,2355,4,2
2021-05-27T23:59:59+02:00,2,5,2122,2176,4235,4491,5764,6950,9058,10684,15182,16113,15257,15963,8626,10525,2761,5258,748,556,1217,1356,1541,2304,1997,3399,2932,3536,5055,4676,5787,7010,2582,4898,91515,33899,13680,8088,27634,5268,2339,4,2
2021-05-26T23:59:59+02:00,2,5,2053,2058,4038,4346,5422,6687,8089,9942,14422,15408,15245,15957,8622,10519,2759,5256,737,540,1191,1298,1496,2249,1940,3287,2782,3391,3750,3298,5728,6937,2559,4841,90740,30634,10154,8073,27619,5004,2313,4,2
2021-05-25T23:59:59+02:00,2,5,2012,2019,3955,4279,5326,6621,7954,9835,14047,14975,15197,15920,8615,10504,2757,5252,728,530,1161,1263,1474,2226,1920,3260,2757,3365,3744,3288,5721,6934,2557,4840,89400,30547,10006,8064,27602,4894,2263,4,2
2021-05-24T23:59:59+02:00,2,5,1986,1973,3866,4205,5221,6539,7829,9711,13536,14361,15146,15852,8608,10490,2756,5247,722,522,1141,1252,1444,2212,1899,3242,2732,3342,3728,3270,5699,6910,2550,4824,87609,30420,9927,8013,27590,4854,2203,4,1
2021-05-23T23:59:59+02:00,2,5,1977,1960,3847,4182,5203,6526,7777,9680,13461,14298,15135,15848,8606,10489,2755,5247,715,510,1129,1239,1419,2187,1840,3206,2624,3243,3318,2837,5057,6100,2536,4779,87374,30248,9827,5456,27590,4833,2203,4,1
2021-05-22T23:59:59+02:00,2,5,1811,1918,3545,4132,4800,6482,7519,9624,13336,14219,15129,15847,8606,10488,2755,5247,554,479,836,1197,1041,2151,1599,3153,2510,3168,3314,2835,5057,6099,2536,4779,87224,30236,9827,5455,27588,4796,822,4,1
2021-05-21T23:59:59+02:00,2,4,1725,1809,3391,3940,4611,6187,7122,9258,12046,12879,14978,15699,8569,10441,2746,5236,550,467,826,1195,1039,2144,1564,3123,2433,3091,3140,2698,5031,6056,2533,4764,82450,29601,9787,5455,27582,4778,820,4,1
2021-05-20T23:59:59+02:00,2,4,1687,1773,3299,3889,4504,6106,6945,9178,11835,12652,14958,15681,8566,10434,2745,5235,530,454,785,1149,983,2080,1445,3052,2306,2994,2951,2529,4990,5980,2525,4749,81617,28857,9684,5440,27526,4542,663,3,1
2021-05-19T23:59:59+02:00,2,4,1664,1747,3242,3833,4410,6040,6830,9115,11603,12392,14946,15671,8564,10433,2745,5234,522,442,769,1112,965,2011,1334,2904,1979,2701,2388,2031,4885,5863,2504,4702,80804,26786,9544,5424,27499,4277,625,3,1
2021-05-18T23:59:59+02:00,2,4,1602,1713,3153,3743,4298,5937,6671,8956,11316,12138,14901,15623,8552,10410,2743,5224,519,430,754,1097,947,1994,1250,2838,1699,2479,1946,1685,4813,5780,2483,4659,79710,25244,9342,5414,27430,4214,501,3,1
2021-05-17T23:59:59+02:00,2,4,1553,1632,3023,3585,4092,5658,6323,8498,10768,11587,14793,15532,8533,10385,2738,5214,517,422,748,1090,929,1989,1226,2814,1671,2440,1929,1666,4806,5773,2480,4656,76817,25179,9307,5400,27405,4189,388,3,1
2021-05-16T23:59:59+02:00,2,4,1534,1610,2970,3545,3997,5571,6174,8362,10592,11454,14767,15510,8526,10377,2737,5212,510,416,725,1075,899,1973,1198,2786,1638,2416,1922,1657,4804,5769,2477,4654,76073,25150,9250,5382,27375,4144,243,3,1
2021-05-15T23:59:59+02:00,2,4,1447,1513,2759,3378,3768,5293,5813,7890,10240,11157,14682,15448,8507,10348,2731,5203,510,414,721,1073,899,1969,1193,2785,1632,2412,1910,1645,4798,5763,2477,4652,73320,25090,9250,5382,27368,4139,242,3,1
2021-05-14T23:59:59+02:00,2,4,1413,1450,2647,3282,3616,5136,5616,7601,10021,10905,14647,15410,8494,10325,2728,5199,461,373,649,907,827,1683,1063,2375,1451,2086,1876,1605,4795,5755,2476,4647,71681,25026,9230,5380,27344,2385,238,3,1
2021-05-13T23:59:59+02:00,2,4,1355,1383,2544,3198,3449,5000,5396,7395,9794,10725,14621,15382,8485,10322,2726,5196,454,360,622,879,725,1575,962,2290,1185,1874,1161,1025,4575,5522,2468,4615,70520,24907,8918,2841,27313,2321,223,3,1
2021-05-12T23:59:59+02:00,2,4,1348,1374,2528,3193,3431,4988,5375,7382,9780,10713,14619,15378,8483,10320,2725,5196,454,359,621,878,722,1572,957,2288,1181,1868,1142,1016,4562,5486,2436,4546,70409,24707,8894,2841,27311,2318,222,3,1
2021-05-11T23:59:59+02:00,2,3,1306,1332,2454,3110,3318,4861,5181,7237,9492,10405,14572,15321,8471,10300,2721,5187,448,346,603,864,701,1555,929,2264,1155,1841,1087,980,4499,5389,2394,4422,69073,24217,8771,2823,27226,2237,200,3,1
2021-05-10T23:59:59+02:00,2,3,1282,1305,2390,3033,3191,4737,5051,7080,9168,10024,14526,15282,8462,10281,2716,5185,447,344,590,854,687,1540,918,2249,1137,1827,1052,946,4438,5313,2355,4307,67719,23809,8651,2820,27155,2185,190,3,1
2021-05-09T23:59:59+02:00,2,3,1267,1288,2347,3020,3113,4701,4989,7046,9103,9980,14513,15267,8460,10276,2716,5183,439,342,576,849,664,1520,896,2228,1125,1813,1033,930,4426,5275,2340,4265,67482,23649,8577,2818,27109,2151,103,3,1
2021-05-08T23:59:59+02:00,1,3,1265,1284,2332,3008,3096,4690,4949,7032,9079,9972,14512,15267,8460,10275,2716,5183,439,342,576,849,663,1520,896,2227,1124,1812,1033,930,4425,5275,2340,4265,67340,23648,8571,2815,27107,2150,103,3,1
2021-05-07T23:59:59+02:00,1,3,1246,1263,2293,2967,3044,4641,4849,6940,8855,9725,14497,15245,8454,10269,2713,5179,389,314,544,780,626,1358,826,2020,1036,1625,1003,901,4405,5252,2338,4260,66433,23544,8565,2812,27080,1218,103,3,1
2021-05-06T23:59:59+02:00,1,3,1096,1171,2065,2723,2745,4332,4479,6540,8268,9120,14219,15006,8414,10212,2710,5178,388,310,532,761,609,1326,807,1985,1003,1597,976,870,4395,5238,2336,4256,62802,23415,8437,2762,26944,1116,96,3,1
2021-05-05T23:59:59+02:00,1,2,1031,1120,1955,2610,2586,4161,4184,6261,7256,7938,14134,14908,8379,10171,2697,5158,385,307,525,751,594,1317,773,1971,980,1576,901,808,4354,5166,2328,4240,59285,23092,8392,2743,26822,1091,50,3,1
2021-05-04T23:59:59+02:00,1,2,1009,1100,1904,2571,2484,4094,3964,6148,6975,7723,13627,14340,8349,10137,2692,5149,382,306,520,747,583,1312,756,1952,964,1569,882,784,4334,5150,2325,4231,57228,22958,8334,2728,26662,1069,42,3,1
2021-05-03T23:59:59+02:00,1,2,977,1062,1843,2518,2381,3984,3765,6031,6618,7423,13089,13715,8312,10099,2685,5134,376,305,518,743,573,1306,747,1941,950,1556,857,760,4317,5132,2319,4218,54804,22848,8308,2719,26523,1050,1,3,1
2021-05-02T23:59:59+02:00,1,2,972,1061,1824,2512,2356,3977,3723,6021,6584,7415,13088,13715,8312,10098,2685,5134,376,305,515,743,572,1304,742,1941,949,1553,855,756,4316,5128,2319,4218,54672,22831,8304,2717,26500,1043,1,3,1
2021-05-01T23:59:59+02:00,1,2,972,1059,1816,2510,2345,3972,3711,6013,6573,7406,13087,13713,8312,10098,2685,5134,376,305,515,743,572,1304,741,1940,947,1553,855,756,4316,5128,2319,4218,54603,22831,8304,2713,26498,1043,1,3,1
2021-04-30T23:59:59+02:00,0,2,956,1054,1795,2496,2324,3937,3674,5980,6495,7352,12992,13609,8311,10094,2682,5122,324,250,473,667,543,1125,711,1716,913,1349,843,738,4312,5126,2319,4218,54108,22817,8303,2709,26460,100,1,3,1
2021-04-29T23:59:59+02:00,0,2,901,1029,1738,2445,2261,3878,3527,5857,6258,7129,12733,13336,8289,10065,2678,5115,317,248,464,660,540,1118,704,1706,903,1339,835,723,4303,5118,2319,4216,52514,22731,8288,2703,26435,78,1,3,1
2021-04-28T23:59:59+02:00,0,2,840,995,1658,2383,2117,3768,3241,5604,5654,6625,11896,12419,8231,9976,2655,5078,316,245,462,653,532,1104,693,1686,892,1332,822,707,4284,5091,2317,4216,48463,22610,8281,2684,26394,57,1,3,1
2021-04-27T23:59:59+02:00,0,2,830,990,1640,2363,2072,3750,3170,5579,5528,6503,11867,12402,8229,9974,2655,5076,315,243,456,651,524,1098,684,1674,883,1326,810,696,4280,5085,2316,4210,47984,22532,8278,2669,26364,49,1,3,1
2021-04-26T23:59:59+02:00,0,2,820,977,1614,2345,2012,3709,2993,5502,5197,6218,11302,11757,8174,9909,2651,5067,313,242,455,650,518,1092,673,1668,874,1316,801,687,4275,5080,2316,4206,45656,22480,8269,2641,26321,44,1,2,1
2021-04-25T23:59:59+02:00,0,2,810,975,1600,2339,1974,3692,2867,5479,5105,6213,11298,11753,8171,9903,2650,5066,312,242,455,650,518,1085,673,1666,871,1314,801,686,4275,5080,2316,4206,45330,22475,8263,2637,26301,37,1,2,1
2021-04-24T23:59:59+02:00,0,2,796,965,1578,2319,1934,3647,2770,5411,4760,5893,10681,11027,8141,9845,2649,5064,312,242,455,650,518,1084,672,1665,870,1314,796,682,4265,5064,2314,4205,42922,22438,8262,2633,26295,36,1,2,1
2021-04-23T23:59:59+02:00,0,2,791,957,1565,2309,1905,3621,2730,5361,4599,5707,10372,10646,8101,9803,2646,5055,312,241,455,650,518,1083,671,1665,868,1314,796,681,4262,5061,2314,4205,41624,22427,8262,2632,26281,36,1,2,1
2021-04-22T23:59:59+02:00,0,2,775,942,1537,2266,1854,3553,2645,5271,4446,5553,10228,10452,8087,9772,2644,5047,312,240,453,639,516,1077,665,1657,862,1305,790,676,4259,5059,2314,4203,40624,22391,8236,2607,26211,28,1,2,1
2021-04-21T23:59:59+02:00,0,2,764,929,1513,2255,1801,3508,2541,5184,4062,5133,9631,9768,8038,9710,2640,5036,310,240,450,637,516,1076,661,1654,857,1300,778,664,4249,5045,2314,4199,38109,22340,8219,2583,26184,26,1,2,1
2021-04-20T23:59:59+02:00,0,2,757,918,1491,2228,1770,3479,2489,5126,3925,5037,9435,9549,8021,9700,2636,5033,310,238,450,636,515,1074,660,1649,854,1295,772,660,4245,5041,2314,4199,37274,22309,8208,2577,26111,26,1,2,0
2021-04-19T23:59:59+02:00,0,2,750,908,1482,2221,1753,3462,2457,5100,3861,4979,9066,9131,7996,9675,2633,5027,310,236,449,633,513,1071,656,1647,850,1291,766,654,4236,5039,2314,4197,36249,22270,8196,2566,26055,26,1,2,0
2021-04-18T23:59:59+02:00,0,2,746,906,1477,2215,1735,3455,2438,5088,3853,4977,9057,9120,7996,9674,2633,5027,309,236,449,629,512,1068,654,1644,847,1291,765,652,4236,5037,2314,4197,36189,22262,8176,2552,26031,26,1,2,0
2021-04-17T23:59:59+02:00,0,2,729,900,1389,2205,1635,3443,2401,5058,3773,4899,8344,8396,7980,9661,2633,5027,309,236,447,627,511,1068,653,1644,846,1288,765,652,4235,5037,2314,4197,36181,22251,8176,2552,24115,26,1,2,0
2021-04-16T23:59:59+02:00,0,2,713,882,1260,2183,1483,3421,2315,4993,3612,4734,7009,6845,7945,9612,2622,4996,309,235,442,621,507,1064,643,1642,842,1279,755,646,4227,5022,2311,4195,34810,22177,8166,2548,21648,15,1,2,0
2021-04-15T23:59:59+02:00,0,2,692,871,1250,2170,1463,3403,2257,4955,3541,4681,6571,6344,7905,9551,2600,4925,302,229,428,610,490,1050,609,1615,806,1249,665,585,3733,4512,2289,4160,33495,22120,8110,1201,21573,11,1,2,0
2021-04-14T23:59:59+02:00,0,2,687,867,1229,2157,1432,3384,2212,4920,3409,4587,5232,4940,7855,9485,2579,4888,294,224,425,603,483,1047,603,1607,800,1246,650,568,3722,4503,2285,4155,30269,22032,8099,1173,21494,10,1,2,0
2021-04-13T23:59:59+02:00,0,2,684,867,1220,2152,1417,3382,2204,4909,3389,4572,5213,4922,7849,9482,2578,4886,294,223,423,601,480,1044,601,1603,789,1244,632,563,3720,4500,2285,4155,30189,22012,8078,1135,21458,10,1,2,0
2021-04-12T23:59:59+02:00,0,2,678,859,1207,2143,1401,3371,2170,4895,3358,4548,5190,4907,7836,9471,2575,4853,293,222,421,600,479,1038,599,1599,781,1237,627,561,3715,4499,2285,4155,30061,21986,8033,1115,21367,10,1,2,0
2021-04-11T23:59:59+02:00,0,2,670,855,1191,2131,1383,3356,2103,4871,3240,4465,4770,4466,7169,8645,2568,4848,293,222,420,600,476,1037,593,1596,777,1236,623,558,3711,4494,2285,4155,30031,21978,5420,1088,21279,10,1,2,0
2021-04-10T23:59:59+02:00,0,2,670,853,1190,2130,1381,3352,2101,4868,3237,4458,4726,4419,7165,8639,2568,4847,287,219,418,589,463,1021,566,1579,745,1212,551,488,3142,3877,2236,4063,29908,20358,5417,1088,21278,10,1,2,0
2021-04-09T23:59:59+02:00,0,2,666,852,1182,2127,1377,3347,2070,4846,3159,4379,4529,4254,7130,8590,2564,4831,277,212,408,575,444,1005,541,1561,724,1189,470,426,2493,3057,2188,3969,29223,18442,5413,1087,21266,10,1,2,0
2021-04-08T23:59:59+02:00,0,2,656,842,1168,2116,1361,3317,2009,4793,3012,4268,3475,3102,6888,8227,2553,4816,264,204,391,557,421,991,519,1532,691,1166,451,400,2484,3048,2185,3966,28426,18221,5365,1039,18811,10,1,2,0
2021-04-07T23:59:59+02:00,0,2,649,836,1155,2107,1342,3305,1899,4714,2695,4019,2870,2574,6777,8104,2530,4763,250,197,363,533,383,956,475,1498,655,1139,424,375,2424,2986,2180,3959,26252,17768,5346,1020,18740,9,1,2,0
2021-04-06T23:59:59+02:00,0,2,639,828,1117,2100,1318,3286,1781,4663,2419,3850,2417,2227,6701,8013,2509,4726,226,184,329,507,358,938,438,1475,619,1107,389,333,2368,2911,2174,3950,24655,17294,5330,1003,18608,9,1,2,0
2021-04-05T23:59:59+02:00,0,2,636,826,1106,2096,1312,3283,1772,4653,2404,3834,2128,1881,5581,6697,2507,4726,226,184,328,503,352,932,434,1473,615,1102,385,330,2366,2905,2174,3949,24623,17283,5320,967,15498,8,1,2,0
2021-04-04T23:59:59+02:00,0,2,635,826,1106,2096,1312,3282,1772,4653,2402,3832,2127,1878,5581,6694,2507,4726,226,184,327,503,352,932,433,1473,615,1102,385,330,2365,2905,2174,3949,24616,17280,5320,967,15492,8,1,2,0
2021-04-03T23:59:59+02:00,0,2,635,826,1106,2095,1312,3282,1771,4651,2398,3832,2126,1875,5580,6694,2507,4726,226,184,327,503,352,932,433,1473,614,1102,385,330,2365,2905,2174,3949,24610,17279,5316,967,15489,8,1,2,0
2021-04-02T23:59:59+02:00,0,2,635,825,1106,2095,1308,3281,1769,4646,2397,3829,2118,1866,5568,6679,2504,4713,226,183,327,501,352,932,432,1472,613,1093,383,330,2365,2904,2174,3949,24542,17261,5312,967,15484,8,1,2,0
2021-04-01T23:59:59+02:00,0,2,631,814,1084,2077,1211,3185,1679,4577,2137,3621,1393,1279,5359,6469,2494,4686,222,182,327,500,351,931,431,1470,613,1092,380,328,2365,2904,2174,3945,24437,17249,2811,958,15447,8,1,2,0
2021-03-31T23:59:59+02:00,0,2,629,813,1080,2073,1206,3177,1668,4572,2119,3608,1366,1246,5330,6414,2457,4587,221,182,327,499,350,931,431,1469,612,1091,379,325,2361,2903,2172,3944,24118,17237,2797,952,15430,8,1,1,0
2021-03-30T23:59:59+02:00,0,2,627,804,1074,2069,1200,3172,1658,4558,2111,3594,1319,1201,5245,6285,2413,4441,221,181,327,498,347,927,426,1466,605,1081,364,314,2259,2751,2052,3719,23597,16619,2775,911,15400,8,1,0,0
2021-03-29T23:59:59+02:00,0,2,625,802,1071,2061,1190,3166,1651,4545,2099,3582,1283,1170,5185,6193,2364,4312,220,180,325,496,345,925,424,1461,600,1076,357,309,2036,2485,1825,3344,23166,15492,2751,908,15383,8,1,0,0
2021-03-28T23:59:59+02:00,0,2,625,799,1069,2055,1187,3159,1645,4535,2095,3577,1267,1161,5177,6171,2353,4280,218,180,324,493,336,921,421,1454,597,1064,351,297,2031,2471,1824,3341,23061,15464,2733,854,15362,5,1,0,0
2021-03-27T23:59:59+01:00,0,2,572,738,989,1987,1105,3041,1527,4411,1993,3495,1198,1091,4574,5439,2353,4280,216,179,324,493,336,921,416,1452,596,1061,350,297,2030,2470,1824,3341,23045,15448,2729,854,13020,4,1,0,0
2021-03-26T23:59:59+01:00,0,2,569,733,982,1977,1103,3035,1517,4404,1976,3487,1154,1060,4544,5405,2352,4276,215,176,324,491,333,920,414,1451,592,1054,342,292,1626,1938,1402,2620,22850,13338,2719,848,13006,4,1,0,0
2021-03-25T23:59:59+01:00,0,2,567,727,969,1969,1100,3026,1510,4392,1961,3477,1144,1049,4536,5400,2352,4275,214,173,323,490,331,914,411,1445,588,1045,338,288,1530,1817,1365,2548,22803,12991,2710,825,12942,4,1,0,0
2021-03-24T23:59:59+01:00,0,2,565,721,959,1956,1087,3011,1481,4374,1947,3468,1109,1019,4509,5367,2347,4270,213,173,322,489,328,910,406,1437,579,1029,324,278,1204,1436,1215,2282,22661,11858,2684,763,12846,4,1,0,0
2021-03-23T23:59:59+01:00,0,2,563,716,954,1942,1083,3001,1474,4360,1937,3461,1096,1008,4490,5352,2347,4267,212,173,320,486,320,907,405,1437,573,1025,316,271,969,1171,1101,2106,22587,11046,2675,742,12790,4,1,0,0
2021-03-22T23:59:59+01:00,0,2,562,707,949,1930,1077,2992,1464,4344,1923,3452,1093,1005,4485,5351,2347,4267,210,173,319,484,319,905,402,1434,570,1021,312,267,968,1167,1101,2103,22563,11029,2660,722,12726,4,1,0,0
2021-03-21T23:59:59+01:00,0,2,560,704,946,1921,1075,2988,1458,4331,1911,3445,1090,1004,4485,5350,2347,4267,209,173,319,483,317,901,402,1429,564,1019,302,262,964,1163,1100,2103,22559,11026,2646,680,12678,4,1,0,0
2021-03-20T23:59:59+01:00,0,2,555,696,941,1905,1058,2972,1430,4313,1877,3417,1018,933,3903,4716,2297,4170,209,173,319,483,317,901,402,1429,564,1019,302,262,964,1163,1099,2102,20900,11024,2645,680,12657,4,1,0,0
2021-03-19T23:59:59+01:00,0,2,546,687,924,1879,1031,2953,1394,4288,1851,3387,931,868,3233,3880,2250,4073,206,173,317,483,316,898,400,1427,560,1012,299,261,951,1150,1068,2062,18926,11001,2634,578,12616,4,1,0,0
2021-03-18T23:59:59+01:00,0,2,533,674,907,1853,1008,2927,1355,4248,1806,3335,833,804,2720,3347,2228,4039,201,171,314,479,313,887,396,1421,558,1007,296,255,848,1056,960,1873,18848,10623,1233,409,12537,3,1,0,0
2021-03-17T23:59:59+01:00,0,2,531,664,898,1833,995,2908,1333,4227,1787,3319,804,779,2634,3256,2222,4035,199,170,312,477,310,886,389,1417,555,1003,293,250,607,782,659,1428,18540,9704,1196,33,12490,0,1,0,0
2021-03-16T23:59:59+01:00,0,2,529,655,889,1811,974,2893,1316,4215,1763,3303,775,768,2586,3175,2220,4031,199,170,310,477,308,884,386,1415,552,998,287,246,361,545,471,1121,18332,8704,1156,27,12417,0,0,0,0
2021-03-15T23:59:59+01:00,0,2,529,644,885,1793,965,2872,1310,4209,1755,3294,769,765,2583,3174,2220,4031,198,170,309,476,307,884,386,1415,549,998,287,246,361,544,470,1121,18319,8698,1134,24,12347,0,0,0,0
2021-03-14T23:59:59+01:00,0,2,528,638,879,1781,958,2867,1300,4196,1745,3282,764,761,2578,3171,2220,4031,198,170,308,476,306,882,384,1413,549,998,286,246,361,544,470,1121,18314,8695,1107,18,12280,0,0,0,0
2021-03-13T23:59:59+01:00,0,2,506,587,784,1519,828,2486,1106,3632,1463,2852,683,672,2475,3045,2219,4030,198,170,308,476,306,882,384,1413,549,998,286,246,361,544,470,1121,18310,8695,1107,18,9472,0,0,0,0
2021-03-12T23:59:59+01:00,0,2,491,502,720,1253,736,2091,935,2943,1216,2261,543,519,2431,3000,2219,4030,198,168,308,476,306,880,383,1413,549,996,286,245,348,523,422,1058,18287,8541,1106,18,6499,0,0,0,0
2021-03-11T23:59:59+01:00,0,2,468,466,687,1182,690,1986,876,2798,1136,2150,488,460,2418,2988,2218,4029,198,168,307,474,305,879,383,1410,548,996,286,244,335,506,376,1015,18098,8415,1058,15,5886,0,0,0,0
2021-03-10T23:59:59+01:00,0,2,454,456,653,1149,650,1952,832,2762,1103,2122,469,444,2404,2969,2217,4026,194,166,303,467,305,878,378,1403,543,989,282,238,215,407,151,753,17823,7663,1038,9,5803,0,0,0,0
2021-03-09T23:59:59+01:00,0,2,438,439,620,1120,631,1934,809,2736,1081,2098,447,423,2311,2827,2094,3797,194,166,301,465,304,877,377,1400,543,986,280,237,215,407,151,752,17062,7655,1022,0,5723,0,0,0,0
2021-03-08T23:59:59+01:00,0,2,425,418,597,1090,613,1912,793,2711,1059,2072,425,395,2082,2552,1865,3420,194,165,301,463,303,872,377,1394,543,984,279,235,215,406,151,752,15818,7634,994,0,5619,0,0,0,0
2021-03-07T23:59:59+01:00,0,2,424,416,590,1073,599,1904,790,2698,1053,2061,424,394,2077,2544,1864,3418,194,165,301,462,303,871,377,1391,543,983,279,235,215,406,151,752,15790,7628,984,0,5557,0,0,0,0
2021-03-06T23:59:59+01:00,0,2,424,413,587,1059,596,1902,783,2691,1049,2054,423,394,2077,2544,1864,3418,194,165,301,462,303,871,377,1391,543,982,278,235,215,406,151,752,15782,7626,984,0,5514,0,0,0,0
2021-03-05T23:59:59+01:00,0,2,418,398,581,1047,590,1892,778,2682,1043,2046,410,386,1656,1982,1432,2666,191,160,297,462,300,870,375,1388,541,978,278,235,215,406,151,752,13560,7599,984,0,5465,0,0,0,0
2021-03-04T23:59:59+01:00,0,2,408,373,555,1008,571,1836,749,2629,1022,1996,406,382,1564,1864,1393,2593,180,152,286,452,299,862,373,1374,539,974,277,235,215,406,151,752,13209,7527,978,0,5164,0,0,0,0
2021-03-03T23:59:59+01:00,0,2,406,366,547,978,554,1804,724,2581,1005,1958,400,376,1242,1485,1240,2321,179,151,285,451,298,861,369,1367,536,967,275,233,214,405,149,747,12060,7487,971,0,4958,0,0,0,0
2021-03-02T23:59:59+01:00,0,2,402,361,539,944,540,1784,715,2557,994,1940,390,366,999,1218,1122,2143,179,149,284,440,294,855,369,1358,536,961,275,233,214,405,149,747,11241,7448,936,0,4839,0,0,0,0
2021-03-01T23:59:59+01:00,0,2,400,353,530,922,522,1753,706,2533,983,1923,386,359,998,1211,1122,2139,179,147,284,431,291,845,366,1343,533,955,273,231,213,404,149,747,11222,7391,901,0,4719,0,0,0,0
2021-02-28T23:59:59+01:00,0,2,395,350,527,914,515,1742,703,2522,978,1908,382,354,998,1209,1122,2139,177,146,284,430,291,844,366,1343,532,955,273,231,213,404,149,747,11217,7385,874,0,4669,0,0,0,0
2021-02-27T23:59:59+01:00,0,2,394,348,522,907,513,1736,700,2513,975,1906,381,353,998,1209,1121,2139,177,146,284,430,291,844,366,1343,531,955,273,231,213,404,149,747,11216,7384,874,0,4627,0,0,0,0
2021-02-26T23:59:59+01:00,0,2,346,301,453,734,437,1428,571,2095,804,1563,353,323,998,1206,1121,2139,177,144,284,427,289,836,364,1335,529,952,273,231,213,404,149,747,11205,7354,863,0,2806,0,0,0,0
2021-02-25T23:59:59+01:00,0,2,326,293,443,712,425,1392,556,2047,786,1531,345,316,914,1117,1049,2015,126,130,264,423,278,824,353,1319,524,945,273,229,213,404,149,747,10804,7201,833,0,2632,0,0,0,0
2021-02-24T23:59:59+01:00,0,2,321,287,438,696,418,1356,540,1999,764,1487,337,303,706,885,865,1710,126,124,263,417,275,815,351,1306,517,938,271,227,211,404,149,745,9865,7139,792,0,2457,0,0,0,0
2021-02-23T23:59:59+01:00,0,2,319,275,430,682,407,1333,532,1963,746,1468,323,293,457,639,674,1409,126,123,262,415,273,810,351,1299,516,930,270,226,210,404,148,744,8867,7107,748,0,2337,0,0,0,0
2021-02-22T23:59:59+01:00,0,2,319,273,429,675,406,1328,528,1953,741,1464,323,290,456,637,674,1408,126,118,257,405,272,793,347,1275,511,922,266,225,210,404,148,744,8863,7023,736,0,2307,0,0,0,0
2021-02-21T23:59:59+01:00,0,2,316,272,427,669,403,1320,526,1945,735,1460,312,285,452,633,672,1408,126,118,256,404,272,791,344,1272,504,919,265,224,209,403,147,735,8858,6989,695,0,2284,0,0,0,0
2021-02-20T23:59:59+01:00,0,2,316,269,427,667,403,1312,525,1936,733,1456,312,285,452,633,672,1408,126,118,256,404,272,791,344,1272,503,919,265,224,209,403,147,735,8858,6988,695,0,2255,0,0,0,0
2021-02-19T23:59:59+01:00,0,1,270,243,395,591,369,1143,467,1721,626,1246,303,269,426,597,593,1301,126,118,256,404,271,791,344,1272,503,919,265,224,209,403,147,735,8641,6987,589,0,1331,0,0,0,0
2021-02-18T23:59:59+01:00,0,1,269,238,388,582,358,1122,454,1703,616,1239,303,267,373,550,491,1173,123,115,252,399,264,785,341,1263,500,918,263,222,209,403,147,735,8462,6939,417,0,1248,0,0,0,0
2021-02-17T23:59:59+01:00,0,1,263,234,376,568,351,1113,431,1687,608,1227,298,260,218,414,156,764,115,102,248,393,259,770,335,1247,494,907,259,219,208,403,147,735,7745,6841,31,0,1193,0,0,0,0
2021-02-16T23:59:59+01:00,0,1,261,232,365,566,341,1104,423,1673,603,1221,295,257,218,413,156,764,84,90,228,367,248,740,317,1207,462,872,238,204,201,385,146,728,7738,6517,27,0,1128,0,0,0,0
2021-02-15T23:59:59+01:00,0,1,259,232,363,562,340,1098,421,1661,599,1215,295,257,218,412,155,764,83,88,224,356,240,728,307,1179,447,849,225,197,190,363,140,672,7730,6288,24,0,1098,0,0,0,0
2021-02-14T23:59:59+01:00,0,1,258,230,357,559,336,1088,417,1655,596,1212,295,257,218,412,155,764,79,86,217,351,237,720,302,1166,443,834,224,195,190,352,140,663,7720,6199,19,0,1071,0,0,0,0
2021-02-13T23:59:59+01:00,0,1,258,230,357,559,336,1088,416,1655,596,1211,294,257,218,412,155,764,79,86,217,351,237,720,302,1166,443,834,224,195,190,352,140,663,7718,6199,19,0,1070,0,0,0,0
2021-02-12T23:59:59+01:00,0,1,200,169,308,481,309,893,383,1417,559,996,286,242,217,412,155,764,76,85,214,350,235,717,295,1162,440,829,220,193,190,350,140,663,7706,6159,19,0,67,0,0,0,0
2021-02-11T23:59:59+01:00,0,0,198,168,302,470,305,879,377,1397,549,988,286,242,217,412,155,764,75,82,203,324,225,673,275,1111,423,781,219,190,190,345,140,660,7665,5916,16,0,28,0,0,0,0
2021-02-10T23:59:59+01:00,0,0,195,161,298,466,302,875,371,1386,545,980,284,240,215,411,155,762,70,76,187,298,214,614,258,1026,398,729,210,176,176,316,128,613,7623,5489,10,0,13,0,0,0,0
2021-02-09T23:59:59+01:00,0,0,190,155,295,457,301,866,371,1376,543,971,281,239,215,411,155,761,61,60,148,234,185,510,220,834,342,594,189,150,156,281,118,547,7579,4629,2,0,6,0,0,0,0
2021-02-08T23:59:59+01:00,0,0,183,148,291,444,296,856,367,1356,536,964,277,235,214,410,153,757,34,47,103,144,136,282,161,456,248,387,160,124,129,226,95,452,7479,3184,2,0,6,0,0,0,0
2021-02-07T23:59:59+01:00,0,0,181,146,288,443,295,854,366,1355,535,963,276,234,214,410,153,757,19,40,84,122,130,261,152,422,232,360,152,120,119,216,90,417,7469,2936,1,0,0,0,0,0,0
2021-02-06T23:59:59+01:00,0,0,181,146,288,443,295,854,366,1355,535,963,276,234,214,410,153,757,19,37,82,119,120,246,141,405,201,339,137,116,118,211,89,407,7469,2787,1,0,0,0,0,0,0
2021-02-05T23:59:59+01:00,0,0,181,144,288,440,294,843,364,1347,531,960,276,233,214,410,153,756,18,32,78,114,113,233,136,378,187,320,132,111,115,206,82,391,7433,2646,1,0,0,0,0,0,0
2021-02-04T23:59:59+01:00,0,0,173,139,287,436,287,834,361,1336,522,951,275,231,213,410,153,754,11,21,52,77,84,177,113,288,155,263,114,96,103,192,74,351,7362,2171,0,0,0,0,0,0,0
2021-02-03T23:59:59+01:00,0,0,155,132,277,430,283,828,359,1325,522,949,275,231,212,410,153,753,11,19,44,67,75,142,89,257,134,221,95,81,88,164,67,311,7294,1865,0,0,0,0,0,0,0
2021-02-02T23:59:59+01:00,0,0,134,126,265,428,280,821,354,1318,521,942,274,231,211,410,152,752,11,16,35,61,63,119,74,212,103,171,63,57,63,104,43,196,7219,1391,0,0,0,0,0,0,0
2021-02-01T23:59:59+01:00,0,0,129,121,260,413,278,805,352,1294,515,930,269,229,211,410,152,752,4,10,20,34,33,66,46,119,59,71,28,28,27,44,25,97,7120,711,0,0,0,0,0,0,0
2021-01-31T23:59:59+01:00,0,0,128,118,258,411,276,801,350,1288,511,928,269,226,210,409,152,752,4,6,15,23,28,47,32,73,39,43,14,8,13,28,20,59,7087,452,0,0,0,0,0,0,0
2021-01-30T23:59:59+01:00,0,0,128,118,258,411,276,800,350,1287,510,928,269,226,210,409,152,752,4,6,13,20,25,40,27,65,36,41,14,8,13,28,20,59,7084,419,0,0,0,0,0,0,0
2021-01-29T23:59:59+01:00,0,0,128,118,258,411,275,800,350,1287,510,928,269,226,210,409,152,752,4,6,7,18,23,31,22,57,32,38,14,8,13,27,19,58,7083,377,0,0,0,0,0,0,0
2021-01-28T23:59:59+01:00,0,0,126,115,254,405,271,794,347,1280,506,927,269,226,210,409,152,752,1,3,2,8,15,13,12,28,12,23,11,4,6,14,6,23,7043,181,0,0,0,0,0,0,0
2021-01-27T23:59:59+01:00,0,0,118,105,252,401,268,786,342,1273,500,920,264,223,209,408,152,752,0,0,1,4,11,11,8,21,10,17,10,4,6,14,6,23,6973,146,0,0,0,0,0,0,0
2021-01-26T23:59:59+01:00,0,0,89,93,234,384,260,761,329,1235,475,889,244,211,202,392,152,744,0,0,1,4,11,11,8,21,10,17,10,4,6,14,6,23,6694,146,0,0,0,0,0,0,0
2021-01-25T23:59:59+01:00,0,0,86,88,232,364,247,742,315,1201,457,864,228,204,193,372,148,689,0,0,1,4,11,9,7,14,7,13,10,4,6,14,6,23,6430,129,0,0,0,0,0,0,0
2021-01-24T23:59:59+01:00,0,0,86,86,228,360,246,737,312,1188,455,849,227,202,193,361,148,679,0,0,1,4,11,9,7,14,7,13,10,4,6,14,6,23,6357,129,0,0,0,0,0,0,0
2021-01-23T23:59:59+01:00,0,0,86,86,228,360,246,737,312,1188,455,849,227,202,193,361,148,679,0,0,1,4,11,9,7,14,7,13,10,4,6,14,6,23,6357,129,0,0,0,0,0,0,0
2021-01-22T23:59:59+01:00,0,0,86,85,226,358,246,734,308,1184,451,846,225,201,193,360,148,679,0,0,1,4,11,9,7,14,7,13,10,4,6,14,6,23,6330,129,0,0,0,0,0,0,0
2021-01-21T23:59:59+01:00,0,0,86,82,212,329,236,690,283,1133,437,813,224,197,192,354,148,676,0,0,1,2,9,8,6,13,6,11,10,4,6,14,6,23,6092,119,0,0,0,0,0,0,0
2021-01-20T23:59:59+01:00,0,0,80,76,198,308,224,625,269,1040,408,754,215,186,177,325,137,629,0,0,1,2,9,8,6,13,6,11,10,4,6,14,6,23,5651,119,0,0,0,0,0,0,0
2021-01-19T23:59:59+01:00,0,0,72,66,158,258,204,562,243,917,367,645,196,160,155,285,124,552,0,0,1,2,3,7,6,12,4,9,7,3,6,14,6,23,4964,103,0,0,0,0,0,0,0
2021-01-18T23:59:59+01:00,0,0,60,58,135,215,182,458,216,760,327,552,179,140,131,235,104,470,0,0,0,1,2,4,3,7,2,7,6,3,6,14,6,22,4222,83,0,0,0,0,0,0,0
2021-01-17T23:59:59+01:00,0,0,39,46,110,185,167,397,199,672,301,495,171,134,118,218,90,416,0,0,0,0,2,4,2,7,2,5,4,3,6,14,5,22,3758,76,0,0,0,0,0,0,0
2021-01-16T23:59:59+01:00,0,0,32,43,110,182,157,380,184,652,270,473,155,129,117,212,89,406,0,0,0,0,0,0,0,0,0,0,0,0,0,0,0,0,3591,0,0,0,0,0,0,0,0
2021-01-15T23:59:59+01:00,0,0,30,39,106,177,146,367,178,622,253,451,150,120,114,206,81,390,0,0,0,0,0,0,0,0,0,0,0,0,0,0,0,0,3430,0,0,0,0,0,0,0,0
2021-01-14T23:59:59+01:00,0,0,12,24,52,78,84,171,114,287,150,263,123,101,100,191,71,350,0,0,0,0,0,0,0,0,0,0,0,0,0,0,0,0,2171,0,0,0,0,0,0,0,0
2021-01-13T23:59:59+01:00,0,0,11,20,42,68,76,136,92,257,125,226,94,79,81,154,56,282,0,0,0,0,0,0,0,0,0,0,0,0,0,0,0,0,1799,0,0,0,0,0,0,0,0
2021-01-12T23:59:59+01:00,0,0,11,15,38,64,63,112,77,209,96,172,61,53,54,92,32,162,0,0,0,0,0,0,0,0,0,0,0,0,0,0,0,0,1311,0,0,0,0,0,0,0,0
2021-01-11T23:59:59+01:00,0,0,3,10,27,47,39,81,56,140,59,85,31,27,22,36,16,70,0,0,0,0,0,0,0,0,0,0,0,0,0,0,0,0,749,0,0,0,0,0,0,0,0
2021-01-10T23:59:59+01:00,0,0,3,5,20,33,34,57,37,93,38,53,14,7,7,19,11,31,0,0,0,0,0,0,0,0,0,0,0,0,0,0,0,0,462,0,0,0,0,0,0,0,0
2021-01-09T23:59:59+01:00,0,0,3,5,18,29,33,53,32,83,36,52,14,7,7,19,11,31,0,0,0,0,0,0,0,0,0,0,0,0,0,0,0,0,433,0,0,0,0,0,0,0,0
2021-01-08T23:59:59+01:00,0,0,3,5,15,27,30,42,26,74,32,48,13,7,6,17,10,30,0,0,0,0,0,0,0,0,0,0,0,0,0,0,0,0,385,0,0,0,0,0,0,0,0
2021-01-07T23:59:59+01:00,0,0,1,3,2,10,15,13,13,29,14,24,11,5,6,15,8,24,0,0,0,0,0,0,0,0,0,0,0,0,0,0,0,0,193,0,0,0,0,0,0,0,0
2021-01-06T23:59:59+01:00,0,0,1,0,2,4,13,11,9,23,12,19,11,5,6,15,8,24,0,0,0,0,0,0,0,0,0,0,0,0,0,0,0,0,163,0,0,0,0,0,0,0,0
2021-01-05T23:59:59+01:00,0,0,0,0,1,4,12,11,8,21,11,19,10,5,6,15,8,24,0,0,0,0,0,0,0,0,0,0,0,0,0,0,0,0,155,0,0,0,0,0,0,0,0
2021-01-04T23:59:59+01:00,0,0,0,0,1,4,12,10,7,17,9,17,10,5,6,15,8,24,0,0,0,0,0,0,0,0,0,0,0,0,0,0,0,0,145,0,0,0,0,0,0,0,0
2021-01-03T23:59:59+01:00,0,0,0,0,1,4,11,9,7,14,7,14,10,5,6,15,8,24,0,0,0,0,0,0,0,0,0,0,0,0,0,0,0,0,135,0,0,0,0,0,0,0,0
2021-01-02T23:59:59+01:00,0,0,0,0,1,4,11,9,7,14,7,14,10,5,6,15,8,24,0,0,0,0,0,0,0,0,0,0,0,0,0,0,0,0,135,0,0,0,0,0,0,0,0
2021-01-01T23:59:59+01:00,0,0,0,0,1,4,11,9,7,14,7,14,10,5,6,15,8,24,0,0,0,0,0,0,0,0,0,0,0,0,0,0,0,0,135,0,0,0,0,0,0,0,0
2020-12-31T23:59:59+01:00,0,0,0,0,1,4,11,9,7,14,7,14,10,5,6,15,8,24,0,0,0,0,0,0,0,0,0,0,0,0,0,0,0,0,135,0,0,0,0,0,0,0,0
2020-12-30T23:59:59+01:00,0,0,0,0,1,4,11,9,7,14,7,14,10,5,6,15,8,24,0,0,0,0,0,0,0,0,0,0,0,0,0,0,0,0,135,0,0,0,0,0,0,0,0
2020-12-29T23:59:59+01:00,0,0,0,0,1,4,8,9,7,14,5,12,10,5,6,15,8,24,0,0,0,0,0,0,0,0,0,0,0,0,0,0,0,0,128,0,0,0,0,0,0,0,0
2020-12-28T23:59:59+01:00,0,0,0,0,1,1,5,7,7,8,3,9,10,5,6,15,8,24,0,0,0,0,0,0,0,0,0,0,0,0,0,0,0,0,109,0,0,0,0,0,0,0,0
2020-12-27T23:59:59+01:00,0,0,0,0,0,0,2,4,2,7,2,6,4,4,6,15,7,23,0,0,0,0,0,0,0,0,0,0,0,0,0,0,0,0,82,0,0,0,0,0,0,0,0
