Datum,<15_1_m,<15_1_w,15-24_1_m,15-24_1_w,25-34_1_m,25-34_1_w,35-44_1_m,35-44_1_w,45-54_1_m,45-54_1_w,55-64_1_m,55-64_1_w,65-74_1_m,65-74_1_w,75-84_1_m,75-84_1_w,>84_1_m,>84_1_w,<15_2_m,<15_2_w,15-24_2_m,15-24_2_w,25-34_2_m,25-34_2_w,35-44_2_m,35-44_2_w,45-54_2_m,45-54_2_w,55-64_2_m,55-64_2_w,65-74_2_m,65-74_2_w,75-84_2_m,75-84_2_w,>84_2_m,>84_2_w,bp_1,bp_2,mo_1,mo_2,az_1,az_2,ja,unb_1,unb_2
2021-12-02T23:59:59+01:00,3251,3104,11362,10522,12201,11582,14749,15139,18571,18904,21580,21460,16745,17474,9301,11370,3015,5816,2064,2022,10301,9653,11343,10574,13840,14190,17716,18064,20913,20760,16404,17085,9110,11103,2921,5633,164836,153963,20997,20166,27944,27180,12372,14,15
2021-12-01T23:59:59+01:00,3184,3054,11346,10505,12192,11554,14730,15112,18553,18886,21558,21443,16733,17463,9293,11357,3013,5812,2030,1998,10263,9623,11312,10541,13815,14163,17684,18040,20886,20745,16394,17079,9107,11097,2918,5630,164496,153599,20980,20160,27944,27180,12371,14,15
2021-11-30T23:59:59+01:00,3137,3010,11332,10496,12182,11536,14719,15100,18546,18875,21542,21429,16723,17455,9291,11348,3009,5809,2013,1981,10249,9614,11288,10523,13801,14145,17671,18026,20872,20731,16388,17075,9106,11089,2916,5625,164290,153397,20938,20151,27944,27180,12370,14,15
2021-11-29T23:59:59+01:00,2807,2716,11320,10487,12174,11520,14710,15093,18537,18858,21536,21418,16719,17445,9288,11339,3007,5799,2001,1961,10232,9595,11259,10511,13783,14131,17645,18001,20856,20718,16379,17068,9104,11085,2916,5624,163534,153158,20930,20148,27944,27180,12368,14,15
2021-11-28T23:59:59+01:00,2768,2684,11317,10480,12166,11514,14706,15087,18531,18848,21530,21410,16717,17441,9287,11335,3007,5797,1994,1958,10223,9592,11243,10504,13775,14123,17637,17997,20853,20710,16377,17066,9103,11084,2916,5624,163398,153073,20918,20143,27944,27180,12368,14,15
2021-11-27T23:59:59+01:00,2742,2665,11313,10474,12157,11505,14695,15076,18527,18840,21527,21404,16716,17435,9283,11334,3005,5796,1990,1953,10208,9575,11218,10489,13753,14112,17615,17974,20841,20705,16377,17066,9103,11083,2915,5624,163293,152914,20892,20124,27944,27180,12368,14,15
2021-11-26T23:59:59+01:00,2707,2630,11298,10452,12143,11485,14686,15053,18515,18823,21508,21391,16705,17426,9281,11334,3004,5793,1974,1940,10191,9560,11193,10472,13731,14089,17593,17955,20825,20684,16371,17060,9102,11083,2915,5623,163038,152683,20887,20115,27944,27180,12368,14,15
2021-11-25T23:59:59+01:00,2655,2589,11277,10433,12128,11470,14674,15036,18499,18801,21487,21376,16695,17419,9279,11326,3002,5789,1963,1923,10159,9541,11169,10454,13710,14066,17569,17930,20805,20666,16370,17057,9099,11082,2915,5622,162748,152424,20878,20113,27944,27180,12368,14,15
2021-11-24T23:59:59+01:00,2621,2542,11254,10405,12114,11437,14654,15020,18485,18771,21469,21362,16682,17401,9274,11313,3002,5784,1955,1908,10135,9522,11138,10431,13684,14051,17547,17912,20784,20650,16362,17046,9096,11076,2914,5620,162413,152168,20870,20102,27944,27180,12366,14,15
2021-11-23T23:59:59+01:00,2582,2501,11237,10390,12099,11420,14629,15005,18466,18756,21455,21344,16672,17391,9269,11305,3000,5781,1943,1899,10126,9508,11117,10414,13665,14034,17536,17887,20769,20639,16358,17040,9095,11073,2913,5616,162161,151981,20835,20091,27944,27180,12365,14,15
2021-11-22T23:59:59+01:00,2552,2476,11217,10379,12079,11397,14603,14983,18454,18744,21442,21330,16665,17381,9264,11298,2998,5775,1937,1895,10117,9500,11108,10400,13652,14024,17530,17878,20759,20632,16355,17037,9093,11070,2913,5615,161905,151873,20827,20084,27944,27179,12364,14,15
2021-11-21T23:59:59+01:00,2532,2455,11214,10375,12071,11381,14598,14971,18446,18736,21430,21318,16661,17377,9264,11293,2996,5771,1937,1891,10111,9494,11096,10393,13649,14019,17518,17871,20755,20627,16352,17033,9092,11068,2912,5613,161760,151791,20824,20082,27944,27179,12364,14,15
2021-11-20T23:59:59+01:00,2518,2439,11184,10363,12041,11354,14562,14941,18418,18711,21412,21299,16652,17369,9263,11292,2996,5770,1935,1888,10084,9478,11068,10371,13628,14001,17487,17853,20739,20614,16347,17025,9091,11066,2911,5612,161508,151566,20772,20075,27944,27179,12363,14,15
2021-11-19T23:59:59+01:00,2474,2394,11113,10292,11991,11297,14506,14880,18373,18668,21380,21272,16638,17348,9256,11287,2995,5768,1919,1868,10039,9450,11037,10335,13582,13962,17454,17825,20708,20583,16336,17018,9087,11059,2911,5608,160860,151156,20768,20068,27944,27179,12363,14,15
2021-11-18T23:59:59+01:00,2428,2363,11069,10254,11945,11255,14469,14829,18341,18636,21361,21263,16633,17340,9251,11282,2995,5767,1913,1852,10011,9436,11015,10317,13561,13940,17437,17810,20695,20569,16333,17014,9083,11056,2910,5607,160425,150938,20754,20066,27944,27179,12361,14,15
2021-11-17T23:59:59+01:00,2381,2322,11003,10211,11896,11210,14432,14777,18308,18598,21323,21232,16624,17320,9246,11274,2991,5759,1903,1837,9993,9414,10995,10292,13531,13916,17415,17781,20675,20548,16314,16996,9078,11050,2908,5605,159857,150636,20750,20062,27944,27179,12359,14,15
2021-11-16T23:59:59+01:00,2369,2301,10975,10187,11868,11174,14402,14754,18279,18569,21304,21205,16614,17310,9241,11264,2990,5757,1897,1833,9982,9404,10985,10275,13519,13904,17408,17771,20664,20540,16305,16991,9073,11045,2908,5604,159634,150520,20633,20039,27944,27179,12355,14,15
2021-11-15T23:59:59+01:00,2341,2281,10938,10157,11839,11139,14382,14718,18250,18538,21291,21185,16605,17305,9241,11259,2988,5750,1891,1817,9941,9382,10965,10256,13505,13880,17389,17753,20646,20528,16298,16982,9071,11041,2907,5602,159295,150273,20621,20037,27944,27179,12350,14,15
2021-11-14T23:59:59+01:00,2337,2276,10919,10143,11817,11126,14362,14706,18236,18525,21283,21174,16602,17301,9239,11258,2986,5750,1888,1813,9936,9373,10956,10248,13498,13874,17381,17749,20643,20525,16294,16982,9067,11038,2906,5601,159149,150200,20605,20033,27944,27179,12345,14,15
2021-11-13T23:59:59+01:00,2334,2275,10912,10137,11809,11122,14356,14704,18233,18517,21279,21172,16602,17300,9238,11258,2986,5750,1888,1813,9930,9370,10955,10247,13497,13873,17380,17745,20641,20523,16292,16980,9067,11037,2906,5601,159105,150181,20599,20031,27944,27179,12339,14,15
2021-11-12T23:59:59+01:00,2324,2273,10890,10112,11799,11106,14339,14699,18224,18508,21276,21166,16597,17299,9238,11258,2985,5750,1884,1812,9924,9367,10948,10241,13493,13870,17378,17741,20635,20519,16291,16980,9067,11037,2906,5601,158968,150136,20598,20029,27944,27179,12335,14,15
2021-11-11T23:59:59+01:00,2312,2257,10839,10076,11766,11075,14302,14668,18197,18487,21262,21150,16595,17298,9237,11252,2984,5750,1881,1804,9900,9347,10931,10231,13476,13862,17372,17728,20623,20509,16291,16978,9067,11036,2906,5600,158663,150016,20574,20003,27943,27179,12329,14,15
2021-11-10T23:59:59+01:00,2294,2244,10801,10041,11728,11043,14269,14636,18168,18467,21253,21139,16591,17294,9235,11246,2983,5749,1871,1790,9879,9331,10916,10210,13457,13848,17357,17713,20616,20503,16290,16973,9065,11033,2906,5599,158355,149875,20564,19970,27943,27176,12321,14,15
2021-11-09T23:59:59+01:00,2266,2211,10777,10021,11708,11011,14254,14620,18150,18452,21242,21127,16581,17285,9233,11242,2983,5745,1865,1785,9863,9319,10904,10195,13449,13837,17350,17701,20606,20493,16284,16964,9063,11031,2904,5597,158105,149775,20543,19925,27943,27176,12319,14,15
2021-11-08T23:59:59+01:00,2243,2181,10738,9973,11668,10972,14229,14598,18124,18440,21225,21113,16577,17279,9230,11238,2983,5742,1859,1779,9832,9299,10887,10173,13439,13825,17343,17687,20592,20481,16279,16955,9060,11027,2902,5596,157763,149640,20536,19872,27943,27175,12313,14,15
2021-11-07T23:59:59+01:00,2215,2161,10704,9959,11646,10953,14209,14587,18107,18428,21219,21105,16574,17277,9228,11234,2983,5740,1856,1773,9818,9293,10876,10164,13428,13814,17331,17671,20580,20474,16273,16949,9058,11023,2902,5596,157560,149575,20524,19811,27943,27174,12304,14,15
2021-11-06T23:59:59+01:00,2180,2129,10641,9905,11590,10883,14147,14538,18059,18395,21198,21080,16567,17268,9225,11231,2982,5739,1854,1771,9810,9287,10871,10160,13421,13809,17326,17665,20575,20472,16272,16946,9056,11023,2902,5595,156993,149515,20523,19811,27943,27174,12300,14,15
2021-11-05T23:59:59+01:00,2141,2090,10579,9850,11525,10832,14092,14478,18004,18343,21166,21053,16560,17256,9222,11227,2981,5739,1845,1757,9792,9273,10861,10148,13405,13798,17312,17651,20565,20462,16266,16938,9054,11019,2902,5595,156379,149349,20523,19810,27943,27174,12295,14,15
2021-11-04T23:59:59+01:00,2110,2051,10554,9832,11508,10819,14073,14461,17996,18333,21159,21045,16557,17253,9220,11225,2981,5738,1832,1742,9777,9249,10844,10126,13386,13779,17301,17632,20551,20445,16262,16932,9049,11011,2897,5588,156170,149121,20516,19805,27943,27174,12288,14,15
2021-11-03T23:59:59+01:00,2083,2028,10511,9798,11468,10780,14034,14437,17970,18307,21139,21025,16550,17248,9217,11223,2979,5735,1822,1730,9755,9234,10829,10113,13368,13758,17291,17618,20539,20436,16256,16925,9045,11009,2894,5582,155802,148929,20508,19805,27943,27174,12281,14,15
2021-11-02T23:59:59+01:00,2063,2013,10497,9786,11453,10763,14020,14425,17956,18296,21127,21014,16550,17245,9217,11218,2979,5733,1811,1716,9733,9214,10814,10095,13356,13743,17282,17607,20532,20429,16249,16918,9042,11006,2891,5578,155631,148749,20508,19803,27943,27174,12275,14,15
2021-11-01T23:59:59+01:00,2054,2001,10486,9765,11430,10749,14001,14417,17944,18286,21121,21010,16547,17244,9217,11218,2979,5732,1796,1697,9711,9193,10795,10079,13340,13725,17273,17601,20523,20420,16244,16912,9039,11004,2891,5575,155489,148565,20502,19795,27943,27174,12269,14,15
2021-10-31T23:59:59+01:00,2054,2001,10485,9764,11429,10748,14000,14416,17944,18286,21120,21010,16547,17243,9217,11217,2979,5732,1793,1695,9710,9193,10795,10078,13340,13725,17272,17600,20522,20420,16242,16910,9038,11003,2891,5575,155480,148549,20502,19795,27943,27174,12269,14,15
2021-10-30T23:59:59+02:00,2046,1992,10439,9743,11378,10714,13956,14376,17885,18252,21088,20988,16543,17238,9217,11215,2978,5731,1793,1695,9708,9190,10791,10075,13338,13724,17270,17596,20516,20416,16242,16909,9038,11003,2891,5575,155067,148517,20502,19795,27943,27174,12269,14,15
2021-10-29T23:59:59+02:00,2032,1973,10401,9722,11336,10677,13922,14335,17848,18219,21066,20968,16536,17232,9215,11214,2977,5730,1790,1695,9700,9186,10787,10068,13328,13716,17259,17591,20508,20409,16239,16908,9038,11001,2891,5574,154696,148442,20502,19793,27943,27174,12264,14,15
2021-10-28T23:59:59+02:00,2024,1965,10385,9711,11318,10667,13906,14329,17838,18207,21056,20965,16534,17231,9212,11211,2977,5728,1784,1694,9679,9172,10775,10056,13317,13708,17251,17585,20504,20404,16237,16906,9038,10998,2891,5573,154576,148343,20499,19791,27942,27174,12249,14,15
2021-10-27T23:59:59+02:00,2013,1954,10372,9702,11303,10658,13889,14318,17827,18200,21050,20961,16534,17225,9211,11207,2975,5724,1760,1665,9646,9133,10758,10020,13297,13677,17231,17569,20490,20394,16225,16903,9038,10997,2888,5571,154449,148045,20490,19785,27942,27173,12244,14,15
2021-10-26T23:59:59+02:00,2002,1938,10353,9685,11284,10648,13871,14303,17819,18187,21043,20955,16533,17224,9206,11201,2975,5722,1724,1629,9580,9068,10731,9982,13273,13643,17207,17539,20477,20382,16218,16892,9034,10991,2887,5569,154285,147621,20490,19784,27942,27172,12234,14,15
2021-10-25T23:59:59+02:00,2000,1935,10336,9678,11275,10642,13869,14298,17814,18184,21041,20952,16531,17223,9205,11200,2975,5722,1721,1623,9575,9065,10727,9979,13268,13642,17202,17536,20474,20382,16216,16891,9034,10988,2887,5567,154223,147577,20489,19784,27941,27172,12229,14,15
2021-10-24T23:59:59+02:00,1994,1931,10325,9672,11262,10636,13864,14294,17811,18182,21037,20948,16530,17223,9205,11197,2974,5721,1711,1617,9557,9052,10719,9970,13263,13635,17200,17533,20468,20382,16215,16889,9034,10987,2885,5567,154157,147490,20487,19784,27941,27172,12223,14,15
2021-10-23T23:59:59+02:00,1991,1928,10286,9644,11227,10611,13834,14264,17782,18160,21016,20933,16524,17214,9202,11192,2974,5719,1711,1616,9556,9051,10718,9967,13260,13632,17199,17533,20468,20382,16215,16888,9034,10986,2885,5567,153854,147476,20487,19784,27941,27172,12221,14,15
2021-10-22T23:59:59+02:00,1980,1915,10256,9623,11213,10580,13796,14246,17762,18141,20991,20916,16518,17214,9201,11190,2974,5719,1703,1607,9538,9041,10711,9956,13251,13620,17195,17525,20463,20379,16212,16883,9033,10985,2884,5564,153599,147368,20485,19784,27941,27171,12212,14,15
2021-10-21T23:59:59+02:00,1975,1912,10250,9617,11196,10570,13784,14243,17752,18136,20988,20915,16517,17213,9199,11190,2974,5718,1697,1598,9527,9034,10706,9945,13247,13607,17187,17518,20459,20372,16210,16882,9032,10983,2884,5564,153520,147278,20481,19779,27941,27171,12209,14,15
2021-10-20T23:59:59+02:00,1966,1903,10230,9607,11185,10551,13774,14235,17747,18126,20980,20910,16514,17209,9197,11187,2974,5718,1679,1579,9503,8999,10691,9924,13228,13587,17168,17502,20445,20359,16208,16876,9030,10980,2882,5564,153391,147037,20479,19777,27941,27171,12204,14,15
2021-10-19T23:59:59+02:00,1960,1897,10218,9601,11175,10541,13766,14230,17741,18122,20973,20906,16513,17207,9197,11187,2973,5717,1657,1559,9459,8954,10657,9894,13201,13561,17141,17479,20434,20348,16199,16863,9025,10977,2882,5563,153315,146697,20477,19777,27941,27171,12193,14,15
2021-10-18T23:59:59+02:00,1953,1879,10189,9583,11159,10525,13756,14215,17727,18115,20961,20898,16509,17202,9194,11181,2973,5714,1631,1538,9429,8916,10632,9868,13178,13532,17119,17463,20417,20334,16190,16855,9017,10967,2881,5560,153126,146374,20476,19775,27941,27171,12192,14,15
2021-10-17T23:59:59+02:00,1953,1878,10184,9582,11156,10520,13752,14213,17725,18111,20958,20897,16506,17202,9194,11181,2971,5712,1631,1535,9427,8912,10625,9866,13176,13531,17114,17458,20415,20333,16189,16854,9017,10966,2881,5560,153091,146341,20475,19773,27941,27171,12190,14,15
2021-10-16T23:59:59+02:00,1949,1874,10174,9576,11151,10520,13746,14202,17722,18109,20953,20895,16504,17198,9192,11180,2971,5711,1631,1535,9427,8911,10624,9866,13175,13530,17114,17456,20414,20333,16189,16854,9017,10966,2881,5560,153024,146335,20475,19773,27941,27171,12189,14,15
2021-10-15T23:59:59+02:00,1946,1870,10166,9563,11144,10514,13738,14190,17713,18098,20948,20884,16503,17197,9191,11179,2971,5710,1627,1528,9411,8897,10614,9859,13166,13523,17110,17451,20408,20328,16187,16854,9017,10966,2880,5560,152925,146242,20475,19772,27941,27171,12186,14,15
2021-10-14T23:59:59+02:00,1941,1862,10154,9552,11135,10499,13722,14182,17707,18088,20937,20873,16500,17194,9191,11176,2970,5708,1620,1525,9401,8884,10605,9848,13157,13515,17104,17446,20398,20320,16181,16848,9014,10965,2880,5559,152833,146147,20444,19763,27941,27171,12174,14,15
2021-10-13T23:59:59+02:00,1937,1851,10139,9533,11122,10492,13708,14172,17692,18077,20930,20865,16497,17186,9188,11170,2968,5707,1611,1518,9390,8865,10591,9835,13144,13502,17092,17435,20393,20310,16179,16842,9009,10956,2879,5556,152715,146068,20407,19682,27941,27170,12172,14,15
2021-10-12T23:59:59+02:00,1927,1842,10123,9520,11112,10475,13703,14167,17690,18071,20924,20862,16495,17183,9186,11169,2968,5707,1599,1508,9361,8842,10582,9820,13131,13486,17079,17425,20383,20301,16170,16833,9004,10948,2878,5548,152674,145942,20339,19600,27941,27170,12171,14,15
2021-10-11T23:59:59+02:00,1918,1833,10104,9504,11094,10465,13689,14159,17680,18055,20916,20852,16490,17181,9184,11165,2967,5705,1571,1481,9329,8802,10561,9790,13108,13458,17065,17410,20371,20292,16161,16829,9001,10944,2877,5544,152573,145793,20282,19450,27941,27170,12166,14,15
2021-10-10T23:59:59+02:00,1917,1828,10094,9497,11089,10458,13679,14152,17672,18047,20906,20846,16490,17181,9181,11161,2966,5705,1569,1480,9322,8798,10553,9786,13102,13453,17060,17407,20366,20292,16160,16829,9000,10941,2877,5542,152548,145749,20219,19441,27941,27170,12162,14,15
2021-10-09T23:59:59+02:00,1917,1828,10094,9497,11088,10458,13679,14152,17671,18047,20906,20846,16490,17181,9181,11161,2966,5705,1568,1480,9319,8794,10553,9784,13101,13452,17058,17407,20365,20291,16160,16829,9000,10941,2877,5542,152547,145736,20218,19438,27941,27170,12162,14,15
2021-10-08T23:59:59+02:00,1908,1819,10079,9489,11079,10452,13669,14141,17661,18039,20896,20841,16483,17175,9180,11158,2965,5704,1562,1473,9313,8785,10547,9778,13095,13445,17056,17404,20364,20290,16158,16828,9000,10940,2877,5542,152420,145680,20218,19432,27941,27170,12160,14,15
2021-10-07T23:59:59+02:00,1896,1805,10049,9456,11051,10425,13640,14123,17653,18026,20878,20828,16477,17170,9177,11154,2964,5702,1556,1465,9301,8766,10538,9763,13089,13434,17051,17395,20356,20285,16154,16824,8996,10937,2877,5541,152178,145570,20213,19430,27941,27170,12143,14,15
2021-10-06T23:59:59+02:00,1878,1781,10023,9436,11035,10410,13624,14103,17645,18014,20866,20819,16473,17165,9174,11152,2964,5701,1515,1409,9259,8703,10515,9727,13055,13396,17024,17369,20335,20266,16143,16815,8991,10933,2877,5537,151975,145120,20210,19429,27941,27170,12135,14,15
2021-10-05T23:59:59+02:00,1868,1769,10010,9414,11024,10393,13609,14087,17636,18005,20856,20814,16469,17159,9173,11152,2963,5701,1497,1386,9239,8678,10500,9706,13045,13384,17016,17353,20323,20257,16136,16811,8988,10927,2873,5533,151835,144924,20210,19429,27941,27170,12114,14,15
2021-10-04T23:59:59+02:00,1856,1758,9983,9399,11011,10377,13594,14072,17625,17991,20842,20801,16468,17154,9171,11150,2962,5701,1481,1372,9217,8658,10478,9683,13040,13373,17007,17333,20312,20238,16133,16806,8986,10925,2872,5533,151677,144744,20205,19429,27941,27169,12090,14,15
2021-10-03T23:59:59+02:00,1850,1753,9975,9392,11000,10367,13589,14065,17618,17986,20834,20797,16465,17149,9169,11149,2962,5701,1478,1367,9209,8649,10465,9675,13036,13368,17003,17326,20303,20233,16130,16804,8986,10923,2872,5533,151614,144688,20205,19429,27941,27169,12059,14,15
2021-10-02T23:59:59+02:00,1850,1753,9974,9389,10997,10366,13586,14065,17618,17986,20832,20795,16464,17148,9169,11149,2962,5701,1478,1367,9208,8647,10462,9671,13034,13366,17003,17326,20302,20231,16129,16802,8986,10923,2872,5533,151607,144680,20205,19427,27941,27169,12049,14,15
2021-10-01T23:59:59+02:00,1847,1749,9959,9374,10989,10351,13577,14057,17608,17979,20826,20791,16461,17144,9167,11148,2960,5699,1468,1353,9191,8629,10448,9660,13032,13355,16992,17319,20293,20224,16128,16802,8985,10918,2871,5531,151508,144556,20204,19427,27940,27169,12032,14,15
2021-09-30T23:59:59+02:00,1844,1746,9943,9366,10977,10341,13567,14040,17600,17966,20816,20784,16461,17143,9165,11146,2959,5698,1459,1349,9168,8620,10436,9650,13025,13344,16982,17315,20287,20220,16126,16802,8982,10918,2871,5531,151431,144490,20202,19424,27940,27169,11987,14,15
2021-09-29T23:59:59+02:00,1831,1712,9914,9331,10954,10315,13552,14020,17585,17954,20798,20773,16453,17135,9163,11143,2958,5695,1455,1335,9158,8605,10422,9635,13022,13330,16976,17302,20278,20212,16120,16793,8978,10916,2870,5530,151172,144360,20202,19423,27940,27169,11970,14,15
2021-09-28T23:59:59+02:00,1805,1687,9861,9277,10932,10279,13519,13993,17557,17923,20781,20753,16444,17122,9159,11133,2957,5692,1434,1319,9139,8577,10408,9613,13005,13317,16966,17290,20265,20201,16111,16784,8971,10909,2870,5529,150787,144158,20202,19422,27939,27169,11944,14,15
2021-09-27T23:59:59+02:00,1788,1674,9835,9259,10905,10257,13500,13966,17539,17903,20772,20746,16438,17117,9155,11130,2957,5691,1420,1307,9120,8556,10385,9593,12985,13290,16951,17273,20254,20192,16107,16781,8970,10907,2870,5528,150618,144011,20194,19417,27939,27167,11879,14,15
2021-09-26T23:59:59+02:00,1781,1668,9824,9249,10887,10243,13490,13959,17532,17897,20762,20745,16436,17113,9155,11129,2956,5691,1418,1306,9114,8548,10376,9588,12976,13284,16947,17268,20247,20190,16105,16779,8970,10907,2870,5528,150535,143976,20193,19416,27939,27166,11848,14,15
2021-09-25T23:59:59+02:00,1781,1667,9821,9248,10886,10242,13488,13958,17532,17897,20762,20745,16436,17112,9155,11129,2956,5691,1418,1306,9114,8545,10374,9588,12975,13282,16946,17268,20247,20190,16105,16778,8970,10907,2870,5528,150529,143971,20193,19416,27939,27166,11843,14,15
2021-09-24T23:59:59+02:00,1773,1651,9804,9236,10882,10232,13484,13947,17529,17893,20759,20741,16433,17111,9155,11129,2955,5691,1408,1300,9096,8532,10367,9577,12971,13278,16940,17262,20246,20186,16103,16776,8969,10907,2870,5528,150441,143887,20191,19416,27939,27166,11832,14,15
2021-09-23T23:59:59+02:00,1770,1649,9743,9192,10781,10166,13386,13873,17443,17826,20706,20694,16409,17093,9148,11118,2955,5687,1407,1297,9039,8493,10267,9517,12882,13217,16858,17198,20195,20142,16080,16755,8961,10895,2870,5525,150363,143858,20188,19413,27939,27166,11146,14,15
2021-09-22T23:59:59+02:00,1747,1632,9714,9159,10764,10137,13360,13842,17415,17803,20692,20672,16405,17085,9146,11111,2952,5686,1401,1280,9014,8478,10247,9500,12868,13201,16839,17188,20185,20137,16074,16753,8958,10889,2868,5522,150075,143689,20184,19410,27938,27166,11122,14,15
2021-09-21T23:59:59+02:00,1716,1602,9657,9092,10728,10102,13332,13800,17385,17780,20677,20661,16393,17071,9142,11109,2950,5680,1385,1249,8977,8444,10231,9482,12846,13174,16813,17158,20174,20126,16064,16746,8954,10886,2868,5520,149651,143404,20182,19408,27937,27166,11104,14,15
2021-09-20T23:59:59+02:00,1684,1578,9601,9041,10681,10051,13296,13759,17364,17761,20653,20643,16383,17064,9133,11097,2949,5676,1369,1222,8942,8417,10212,9459,12818,13151,16792,17140,20154,20106,16055,16737,8947,10878,2866,5518,149250,143152,20180,19407,27937,27165,11044,14,15
2021-09-19T23:59:59+02:00,1683,1577,9597,9033,10673,10045,13288,13757,17356,17755,20646,20639,16381,17061,9132,11095,2946,5673,1366,1221,8936,8411,10207,9456,12814,13149,16789,17138,20151,20102,16054,16737,8947,10878,2866,5517,149196,143131,20177,19405,27937,27164,11024,14,15
2021-09-18T23:59:59+02:00,1683,1577,9597,9032,10671,10041,13285,13753,17353,17755,20645,20639,16381,17061,9132,11095,2946,5673,1364,1221,8934,8408,10205,9454,12813,13146,16785,17137,20150,20102,16054,16737,8947,10878,2866,5517,149190,143122,20177,19405,27937,27164,11012,14,15
2021-09-17T23:59:59+02:00,1677,1567,9580,9009,10658,10025,13269,13739,17342,17744,20640,20628,16379,17059,9131,11093,2945,5672,1362,1219,8927,8402,10198,9448,12804,13140,16781,17132,20147,20093,16054,16735,8946,10877,2866,5517,149075,143098,20175,19405,27937,27163,10967,14,15
2021-09-16T23:59:59+02:00,1673,1566,9563,8993,10642,10008,13257,13727,17330,17736,20628,20617,16378,17055,9128,11090,2945,5670,1359,1219,8921,8396,10190,9441,12795,13134,16773,17127,20137,20088,16054,16734,8946,10874,2866,5515,148971,143069,20172,19402,27937,27160,10923,14,15
2021-09-15T23:59:59+02:00,1660,1551,9536,8966,10618,9990,13227,13699,17311,17712,20610,20599,16372,17048,9119,11082,2945,5666,1335,1185,8874,8356,10160,9400,12761,13094,16748,17106,20108,20068,16047,16722,8941,10871,2866,5513,148803,142730,20104,19389,27937,27157,10864,14,15
2021-09-14T23:59:59+02:00,1648,1541,9503,8936,10601,9970,13208,13676,17288,17694,20595,20584,16355,17035,9109,11071,2941,5654,1313,1173,8841,8324,10142,9383,12751,13071,16732,17087,20091,20048,16043,16715,8938,10864,2865,5509,148600,142489,20027,19387,27937,27157,10842,14,15
2021-09-13T23:59:59+02:00,1614,1505,9459,8882,10574,9937,13185,13633,17267,17676,20573,20571,16349,17029,9106,11065,2939,5648,1290,1158,8807,8296,10125,9360,12730,13039,16719,17070,20075,20032,16037,16701,8932,10862,2864,5505,148383,142235,19872,19379,27937,27156,10817,14,15
2021-09-12T23:59:59+02:00,1612,1502,9447,8875,10562,9931,13179,13623,17262,17672,20570,20566,16348,17026,9104,11064,2939,5645,1273,1142,8783,8274,10104,9349,12714,13025,16708,17063,20067,20023,16034,16697,8931,10856,2864,5504,148334,142076,19866,19378,27937,27155,10787,14,15
2021-09-11T23:59:59+02:00,1612,1502,9445,8870,10557,9927,13176,13621,17261,17669,20567,20564,16348,17024,9103,11064,2939,5645,1273,1142,8774,8271,10102,9348,12709,13023,16707,17060,20065,20022,16034,16696,8930,10856,2864,5504,148323,142070,19862,19372,27937,27155,10769,14,14
2021-09-10T23:59:59+02:00,1611,1501,9441,8866,10548,9918,13163,13616,17256,17662,20565,20560,16347,17023,9103,11064,2939,5645,1272,1141,8770,8268,10095,9339,12697,13017,16701,17055,20062,20018,16034,16695,8930,10855,2864,5504,148293,142048,19861,19366,27937,27155,10734,14,14
2021-09-09T23:59:59+02:00,1608,1496,9425,8859,10537,9905,13149,13599,17240,17653,20550,20548,16344,17022,9101,11060,2938,5642,1269,1137,8760,8262,10088,9329,12691,13003,16683,17048,20050,20008,16032,16693,8928,10848,2863,5502,148209,141993,19859,19366,27937,27154,10667,14,14
2021-09-08T23:59:59+02:00,1570,1448,9382,8800,10506,9866,13122,13562,17206,17627,20531,20528,16328,17008,9097,11054,2938,5640,1267,1130,8736,8245,10069,9313,12671,12986,16667,17039,20034,20000,16025,16687,8927,10844,2863,5502,147798,141860,19858,19361,27937,27154,10616,14,14
2021-09-07T23:59:59+02:00,1552,1423,9362,8778,10487,9847,13112,13552,17197,17615,20525,20523,16323,17005,9096,11049,2937,5638,1267,1128,8728,8238,10061,9311,12663,12984,16663,17030,20030,19997,16025,16685,8927,10841,2863,5502,147622,141818,19856,19359,27937,27150,10602,14,14
2021-09-06T23:59:59+02:00,1539,1411,9338,8754,10466,9826,13102,13538,17186,17601,20516,20507,16321,17002,9094,11049,2936,5638,1264,1128,8722,8228,10053,9304,12658,12975,16657,17025,20025,19990,16023,16685,8924,10838,2863,5501,147446,141760,19855,19356,27935,27149,10584,14,14
2021-09-05T23:59:59+02:00,1536,1408,9330,8744,10458,9821,13097,13532,17183,17594,20510,20504,16317,16999,9094,11048,2936,5638,1262,1120,8714,8222,10046,9294,12652,12969,16651,17019,20017,19988,16021,16683,8924,10837,2863,5501,147395,141707,19855,19356,27935,27146,10560,14,14
2021-09-04T23:59:59+02:00,1535,1408,9329,8742,10457,9821,13096,13531,17183,17594,20508,20502,16317,16999,9094,11048,2936,5638,1261,1120,8714,8222,10045,9292,12651,12969,16650,17018,20016,19988,16021,16683,8924,10837,2863,5501,147389,141701,19852,19356,27935,27146,10558,14,14
2021-09-03T23:59:59+02:00,1525,1394,9307,8724,10444,9810,13091,13521,17168,17582,20496,20492,16313,16993,9093,11043,2936,5635,1261,1119,8698,8210,10033,9284,12644,12962,16634,17008,20013,19980,16017,16676,8923,10833,2863,5498,147286,141649,19848,19354,27935,27146,10493,14,14
2021-09-02T23:59:59+02:00,1514,1385,9254,8693,10384,9759,13016,13463,17118,17545,20437,20449,16281,16966,9083,11032,2935,5630,1253,1114,8654,8185,9974,9240,12575,12912,16590,16975,19953,19939,15985,16653,8916,10825,2863,5493,147158,141591,19847,19350,27934,27144,10000,14,14
2021-09-01T23:59:59+02:00,1510,1368,9234,8679,10365,9747,13004,13450,17106,17531,20427,20445,16277,16960,9076,11028,2935,5628,1242,1106,8637,8165,9959,9223,12565,12901,16577,16964,19937,19929,15980,16648,8913,10819,2863,5491,147047,141457,19827,19348,27934,27143,9957,14,14
2021-08-31T23:59:59+02:00,1494,1350,9220,8653,10354,9735,12993,13443,17101,17519,20420,20437,16272,16956,9074,11023,2935,5628,1229,1092,8621,8147,9953,9211,12550,12890,16566,16959,19935,19922,15976,16646,8912,10816,2863,5491,146893,141331,19826,19345,27934,27140,9949,14,14
2021-08-30T23:59:59+02:00,1473,1334,9203,8632,10340,9719,12982,13428,17088,17499,20408,20428,16268,16953,9072,11021,2935,5627,1221,1080,8597,8133,9939,9199,12539,12870,16553,16942,19927,19915,15971,16640,8910,10811,2861,5489,146731,141195,19826,19341,27931,27131,9916,14,14
2021-08-29T23:59:59+02:00,1472,1333,9201,8626,10333,9710,12980,13424,17079,17494,20403,20422,16265,16948,9072,11021,2935,5626,1220,1077,8594,8127,9930,9187,12534,12864,16545,16937,19923,19912,15968,16633,8909,10811,2861,5488,146713,141173,19826,19340,27931,27125,9868,14,14
2021-08-28T23:59:59+02:00,1471,1333,9198,8622,10333,9709,12979,13423,17079,17493,20402,20421,16265,16948,9072,11021,2935,5626,1219,1075,8590,8127,9929,9187,12533,12863,16545,16936,19922,19911,15968,16633,8909,10811,2861,5488,146705,141168,19826,19338,27931,27125,9862,14,14
2021-08-27T23:59:59+02:00,1461,1322,9185,8615,10328,9703,12975,13421,17076,17487,20397,20416,16264,16946,9071,11021,2935,5626,1214,1069,8581,8120,9926,9182,12527,12860,16543,16929,19921,19910,15967,16632,8908,10810,2861,5488,146631,141123,19826,19336,27931,27120,9855,14,14
2021-08-26T23:59:59+02:00,1458,1321,9178,8611,10321,9697,12967,13420,17073,17485,20395,20411,16261,16943,9068,11016,2934,5626,1211,1067,8572,8109,9918,9176,12519,12857,16538,16927,19919,19905,15964,16628,8905,10807,2860,5488,146610,141092,19824,19336,27931,27114,9814,14,14
2021-08-25T23:59:59+02:00,1444,1296,9071,8555,10235,9624,12879,13347,16955,17402,20299,20354,16214,16906,9053,10995,2929,5615,1199,1059,8479,8055,9835,9114,12428,12792,16433,16854,19831,19850,15920,16590,8891,10787,2855,5475,146372,140945,19823,19335,27931,27112,9041,14,14
2021-08-24T23:59:59+02:00,1425,1271,9039,8525,10221,9603,12850,13318,16924,17367,20285,20338,16199,16896,9048,10989,2929,5612,1194,1050,8456,8042,9818,9102,12412,12781,16422,16839,19824,19840,15914,16586,8891,10785,2855,5474,146082,140827,19821,19333,27931,27112,8999,14,14
2021-08-23T23:59:59+02:00,1408,1246,8997,8487,10206,9584,12818,13297,16905,17349,20268,20313,16186,16884,9037,10982,2928,5606,1193,1044,8431,8025,9792,9083,12397,12775,16410,16830,19813,19824,15908,16578,8887,10780,2854,5471,145814,140728,19821,19332,27931,27092,8929,14,14
2021-08-22T23:59:59+02:00,1408,1246,8987,8482,10199,9577,12817,13293,16900,17343,20265,20310,16183,16880,9033,10982,2928,5605,1192,1043,8415,8019,9784,9072,12393,12770,16407,16823,19811,19820,15905,16573,8883,10778,2854,5470,145799,140699,19821,19329,27931,27089,8881,14,14
2021-08-21T23:59:59+02:00,1408,1245,8982,8482,10197,9575,12814,13291,16899,17343,20264,20309,16183,16880,9033,10982,2928,5605,1190,1040,8294,7938,9684,8977,12306,12661,16315,16753,19755,19777,15885,16558,8880,10767,2853,5468,145793,140693,19816,18432,27931,27088,8874,14,14
2021-08-20T23:59:59+02:00,1407,1243,8974,8480,10189,9567,12807,13281,16896,17341,20257,20304,16181,16880,9033,10980,2927,5604,1041,899,7937,7612,9533,8817,12162,12520,16192,16644,19647,19681,15846,16509,8868,10743,2851,5467,145759,138597,19816,18432,27931,27087,8839,14,14
2021-08-19T23:59:59+02:00,1402,1241,8963,8474,10182,9558,12798,13275,16891,17339,20252,20302,16180,16878,9033,10979,2927,5603,922,786,7676,7343,9405,8711,12018,12401,16098,16539,19550,19594,15804,16461,8857,10724,2850,5459,145717,136871,19813,18424,27930,27078,8811,14,14
2021-08-18T23:59:59+02:00,1378,1209,8917,8438,10156,9527,12770,13239,16860,17315,20226,20273,16167,16864,9027,10973,2923,5598,921,785,7663,7333,9394,8703,12004,12385,16084,16530,19542,19585,15798,16454,8853,10720,2847,5456,145408,136825,19800,18423,27927,27077,8718,14,14
2021-08-17T23:59:59+02:00,1353,1196,8881,8406,10141,9506,12754,13215,16845,17293,20203,20251,16159,16854,9025,10966,2921,5593,916,783,7650,7318,9377,8695,11993,12377,16077,16520,19531,19579,15791,16448,8852,10718,2846,5454,145163,136755,19797,18418,27926,27071,8669,14,12
2021-08-16T23:59:59+02:00,1330,1178,8844,8380,10122,9487,12730,13189,16835,17276,20183,20236,16154,16842,9021,10965,2920,5593,915,783,7641,7306,9361,8692,11983,12371,16074,16513,19522,19572,15788,16445,8852,10718,2846,5454,144929,136712,19795,18414,27926,27070,8628,14,12
2021-08-15T23:59:59+02:00,1314,1161,8825,8360,10109,9473,12714,13176,16823,17267,20169,20223,16148,16836,9021,10960,2920,5593,913,782,7629,7296,9344,8676,11969,12360,16066,16505,19516,19567,15779,16441,8851,10715,2846,5454,144783,136654,19794,18409,27924,27050,8584,14,12
2021-08-14T23:59:59+02:00,1313,1161,8825,8360,10108,9473,12713,13174,16823,17266,20168,20221,16148,16836,9021,10960,2920,5593,794,666,7312,7006,9200,8509,11796,12195,15948,16375,19422,19480,15753,16417,8842,10702,2846,5450,144777,134672,19794,18407,27924,27041,8581,14,12
2021-08-13T23:59:59+02:00,1308,1159,8813,8352,10098,9465,12700,13163,16807,17257,20160,20213,16145,16831,9019,10959,2919,5593,633,521,6925,6646,9030,8351,11588,11978,15729,16195,19281,19357,15719,16378,8831,10688,2844,5446,144748,132195,19794,18407,27924,27038,8488,14,12
2021-08-12T23:59:59+02:00,1307,1159,8812,8349,10091,9459,12696,13163,16801,17247,20156,20208,16144,16827,9017,10957,2919,5593,629,519,6919,6638,9014,8343,11576,11975,15718,16188,19277,19351,15717,16373,8829,10687,2844,5446,144729,132157,19793,18403,27924,27020,8451,14,12
2021-08-11T23:59:59+02:00,1304,1155,8808,8342,10081,9452,12690,13159,16795,17243,20150,20206,16142,16824,9016,10957,2919,5592,625,518,6912,6627,8996,8332,11565,11971,15714,16181,19269,19345,15713,16369,8828,10687,2844,5444,144679,132091,19789,18396,27924,27006,8435,14,12
2021-08-10T23:59:59+02:00,1303,1155,8806,8340,10076,9445,12687,13154,16793,17241,20149,20201,16140,16822,9016,10956,2919,5592,607,510,6868,6579,8962,8315,11545,11949,15688,16169,19262,19335,15711,16367,8828,10685,2844,5444,144650,131840,19789,18393,27924,26999,8424,14,12
2021-08-09T23:59:59+02:00,1303,1153,8800,8337,10072,9436,12685,13151,16786,17239,20143,20201,16138,16822,9015,10956,2919,5592,601,506,6847,6556,8939,8295,11533,11938,15672,16157,19256,19331,15708,16366,8826,10684,2844,5444,144622,131703,19789,18390,27922,26990,8408,13,12
2021-08-08T23:59:59+02:00,1303,1152,8797,8331,10070,9432,12676,13148,16781,17235,20141,20198,16136,16818,9014,10955,2918,5591,600,504,6844,6545,8925,8288,11517,11929,15665,16148,19254,19326,15705,16362,8825,10683,2843,5443,144610,131657,19788,18382,27922,26986,8369,13,12
2021-08-07T23:59:59+02:00,1303,1144,8789,8324,10061,9425,12673,13142,16774,17231,20134,20193,16132,16813,9012,10954,2917,5591,423,357,6193,5976,8655,8066,11246,11697,15466,15974,19168,19250,15685,16338,8818,10676,2840,5442,144564,128572,19787,18369,27922,26985,8332,13,12
2021-08-06T23:59:59+02:00,1297,1143,8780,8312,10047,9413,12653,13123,16756,17219,20117,20182,16125,16805,9012,10951,2917,5590,420,356,6180,5961,8639,8052,11222,11675,15444,15957,19151,19239,15678,16331,8818,10673,2840,5441,144526,128517,19784,18362,27922,26983,8203,13,12
2021-08-05T23:59:59+02:00,1294,1141,8773,8304,10038,9404,12640,13115,16750,17216,20109,20178,16124,16805,9012,10950,2917,5590,418,351,5895,5725,8288,7754,10859,11399,15120,15719,18902,19070,15658,16306,8808,10666,2839,5440,144478,128420,19780,15657,27918,26951,8177,13,12
2021-08-04T23:59:59+02:00,1293,1138,8767,8300,10033,9402,12634,13111,16745,17214,20107,20175,16124,16805,9011,10949,2917,5589,416,349,5881,5718,8260,7744,10838,11387,15103,15713,18897,19065,15657,16303,8807,10666,2839,5440,144446,128320,19779,15650,27917,26936,8165,13,12
2021-08-03T23:59:59+02:00,1286,1135,8763,8290,10028,9398,12629,13108,16740,17212,20102,20174,16122,16805,9010,10947,2917,5588,395,333,5769,5604,8165,7674,10720,11310,15053,15660,18868,19050,15653,16301,8806,10664,2837,5439,144403,127590,19777,15642,27917,26907,8150,13,12
2021-08-02T23:59:59+02:00,1280,1129,8750,8282,10022,9391,12623,13101,16734,17201,20095,20170,16120,16802,9008,10944,2916,5587,358,301,5599,5445,8038,7568,10593,11194,14981,15577,18836,19024,15645,16292,8800,10664,2837,5439,144319,126524,19771,15637,27916,26876,8142,13,12
2021-08-01T23:59:59+02:00,1278,1128,8743,8275,10015,9384,12616,13099,16729,17199,20090,20168,16120,16802,9007,10942,2916,5587,342,281,5538,5388,7988,7518,10529,11142,14944,15551,18823,19006,15642,16289,8798,10661,2837,5437,144274,126079,19769,15633,27915,26857,8133,13,12
2021-07-31T23:59:59+02:00,1278,1128,8742,8272,10015,9383,12613,13099,16728,17199,20089,20166,16120,16802,9007,10942,2916,5587,337,277,5511,5367,7971,7504,10509,11128,14931,15545,18818,19003,15640,16288,8798,10661,2837,5437,144272,125941,19768,15629,27915,26856,8124,13,12
2021-07-30T23:59:59+02:00,1146,1007,8514,8044,9923,9263,12533,13015,16647,17127,20029,20099,16088,16763,9001,10925,2915,5584,281,214,5218,5095,7833,7364,10321,10935,14792,15380,18750,18947,15616,16260,8785,10648,2833,5433,142818,124116,19766,15621,27915,26839,8117,13,12
2021-07-29T23:59:59+02:00,1139,998,8384,7956,9769,9166,12381,12914,16498,17031,19866,19989,16003,16694,8976,10906,2914,5577,234,181,4924,4863,7558,7174,10043,10734,14544,15203,18557,18828,15531,16186,8758,10627,2832,5423,142695,123015,19763,15580,27915,26813,6780,13,12
2021-07-28T23:59:59+02:00,1128,984,8355,7920,9755,9150,12359,12899,16480,17008,19848,19979,15996,16681,8969,10902,2914,5575,137,106,4503,4435,7240,6923,9723,10434,14308,15021,18500,18787,15516,16175,8753,10616,2832,5413,142453,120366,19761,15527,27913,26750,6767,13,12
2021-07-27T23:59:59+02:00,1118,976,8331,7906,9742,9143,12347,12890,16473,17001,19841,19966,15994,16675,8967,10899,2913,5573,111,90,4267,4188,7012,6725,9474,10155,14151,14860,18448,18722,15467,16129,8736,10599,2829,5406,142314,118346,19759,15525,27913,26725,6761,13,12
2021-07-26T23:59:59+02:00,1114,973,8318,7894,9735,9138,12341,12884,16466,16993,19834,19965,15991,16670,8965,10895,2912,5568,108,84,4160,4080,6910,6612,9347,10033,14066,14777,18399,18686,15456,16118,8726,10591,2826,5404,142235,117435,19756,15514,27902,26667,6755,13,12
2021-07-25T23:59:59+02:00,1113,972,8309,7892,9722,9134,12331,12881,16461,16986,19831,19964,15989,16670,8965,10895,2912,5568,106,82,4110,4030,6832,6563,9275,9977,14029,14745,18374,18672,15438,16105,8719,10585,2826,5402,142210,116994,19752,15497,27901,26644,6723,13,12
2021-07-24T23:59:59+02:00,1111,969,8223,7830,9648,9054,12265,12804,16393,16933,19790,19926,15968,16656,8962,10885,2912,5567,99,80,4066,3986,6769,6511,9196,9919,13962,14680,18341,18646,15427,16094,8711,10581,2826,5402,142190,116728,19096,15215,27901,26641,6700,13,12
2021-07-23T23:59:59+02:00,1085,943,8111,7740,9610,9019,12231,12775,16348,16899,19761,19907,15963,16649,8958,10881,2912,5567,85,66,3773,3704,6513,6305,8912,9633,13723,14501,18259,18585,15384,16051,8693,10562,2824,5396,141696,114474,19096,15191,27901,26635,6657,13,12
2021-07-22T23:59:59+02:00,993,857,7896,7510,9508,8930,12113,12679,16257,16815,19686,19822,15917,16609,8949,10866,2911,5561,67,49,3648,3577,6360,6211,8757,9503,13558,14357,18184,18517,15363,16024,8685,10552,2824,5394,140240,113317,19093,15118,27894,26540,6643,13,12
2021-07-21T23:59:59+02:00,973,843,7865,7470,9490,8919,12090,12656,16233,16799,19662,19801,15906,16602,8949,10861,2911,5561,54,36,3345,3314,6014,5951,8361,9119,13293,14120,18041,18393,15271,15943,8653,10522,2821,5382,139982,110511,19091,15046,27889,26444,6620,13,12
2021-07-20T23:59:59+02:00,973,842,7857,7465,9483,8916,12084,12654,16225,16798,19657,19796,15904,16599,8949,10860,2911,5561,50,29,3272,3261,5956,5895,8302,9061,13209,14076,18009,18377,15271,15943,8653,10520,2821,5382,139942,110125,19090,15030,27886,26311,6609,11,12
2021-07-19T23:59:59+02:00,972,842,7850,7463,9480,8908,12079,12652,16220,16792,19654,19796,15902,16596,8949,10858,2911,5560,48,28,3220,3225,5906,5855,8239,9015,13151,14049,17963,18364,15271,15940,8653,10518,2821,5381,139905,109841,19089,15013,27886,26184,6597,11,12
2021-07-18T23:59:59+02:00,971,841,7839,7455,9476,8904,12071,12647,16215,16786,19652,19794,15901,16594,8949,10858,2911,5560,47,28,3200,3207,5866,5821,8203,8985,13113,14034,17947,18358,15271,15939,8653,10518,2821,5380,139862,109649,19088,14978,27884,26169,6583,11,12
2021-07-17T23:59:59+02:00,856,722,7518,7167,9326,8733,11897,12485,16086,16647,19555,19700,15880,16573,8941,10845,2911,5557,32,21,3099,3099,5753,5728,8071,8825,12971,13906,17851,18279,15261,15921,8650,10511,2821,5380,137857,108462,19086,14973,27884,26165,6567,9,12
2021-07-16T23:59:59+02:00,699,571,7128,6838,9145,8579,11705,12274,15884,16472,19413,19576,15850,16537,8932,10831,2910,5555,25,18,3037,3038,5677,5664,7956,8717,12850,13769,17772,18203,15239,15905,8646,10509,2820,5380,135395,107557,19086,14968,27883,26158,6530,9,12
2021-07-15T23:59:59+02:00,697,571,7114,6829,9141,8576,11692,12270,15873,16465,19409,19570,15848,16534,8927,10829,2909,5546,24,18,2996,3002,5611,5621,7866,8667,12773,13728,17741,18175,15216,15888,8638,10502,2819,5371,135350,107318,19083,14814,27878,26029,6483,9,12
2021-07-14T23:59:59+02:00,694,570,7105,6820,9136,8574,11688,12265,15867,16462,19404,19565,15846,16531,8924,10826,2909,5542,24,18,2974,2988,5570,5589,7830,8646,12741,13712,17724,18163,15209,15885,8635,10498,2819,5367,135316,107165,19082,14779,27878,25990,6446,9,12
2021-07-13T23:59:59+02:00,689,568,7080,6803,9124,8557,11679,12251,15856,16443,19394,19559,15837,16527,8920,10816,2904,5534,22,17,2918,2937,5505,5523,7669,8509,12487,13493,17565,18033,15190,15874,8623,10485,2814,5356,135191,105940,19082,14726,27875,25955,6387,9,12
2021-07-12T23:59:59+02:00,683,560,7067,6789,9113,8546,11669,12241,15851,16430,19382,19555,15835,16523,8918,10816,2904,5531,21,15,2860,2882,5424,5447,7520,8394,12240,13280,17384,17886,15180,15869,8619,10478,2813,5356,135077,104699,19080,14673,27871,25905,6379,9,12
2021-07-11T23:59:59+02:00,682,559,7059,6787,9104,8538,11661,12233,15841,16427,19377,19550,15835,16520,8917,10814,2904,5531,20,14,2829,2848,5348,5376,7419,8307,12072,13123,17257,17753,15171,15858,8618,10475,2813,5356,135033,103809,19077,14625,27871,25859,6352,9,12
2021-07-10T23:59:59+02:00,508,401,6499,6238,8878,8352,11419,12040,15684,16295,19322,19501,15827,16510,8913,10809,2903,5530,18,10,2800,2814,5297,5332,7336,8228,11968,13023,17178,17685,15156,15842,8615,10464,2810,5354,132344,103114,19077,14623,27871,25850,6331,9,12
2021-07-09T23:59:59+02:00,497,394,6441,6208,8850,8315,11379,12012,15656,16282,19309,19485,15826,16507,8913,10806,2903,5530,16,10,2743,2748,5216,5263,7157,8050,11556,12724,16879,17476,15136,15814,8608,10459,2808,5352,132250,102086,18866,13762,27870,25834,6321,9,12
2021-07-08T23:59:59+02:00,491,392,6124,5949,8481,8026,11000,11706,15318,16035,19052,19313,15804,16483,8904,10799,2900,5529,15,9,2680,2697,5136,5185,7016,7959,11356,12583,16724,17351,15129,15806,8608,10457,2808,5351,132161,101217,15984,13593,27865,25758,6290,9,12
2021-07-07T23:59:59+02:00,489,388,6109,5936,8457,8011,10986,11690,15307,16025,19051,19308,15802,16478,8903,10797,2900,5527,15,9,2632,2644,5045,5123,6878,7864,11122,12400,16560,17217,15121,15798,8603,10451,2808,5351,132054,100192,15974,13465,27863,25708,6264,9,12
2021-07-06T23:59:59+02:00,462,368,6008,5844,8384,7945,10913,11621,15273,15985,19028,19292,15794,16467,8900,10795,2897,5525,12,8,2563,2575,4912,5009,6696,7730,10732,11989,16187,16839,15095,15765,8595,10444,2807,5347,131436,98030,15966,13383,27857,25647,6233,9,12
2021-07-05T23:59:59+02:00,421,334,5830,5674,8268,7855,10800,11507,15214,15915,18996,19261,15788,16459,8896,10790,2894,5524,8,6,2512,2497,4816,4911,6563,7593,10380,11671,15913,16535,15065,15734,8587,10429,2807,5342,130394,96237,15963,13319,27854,25595,6206,9,12
2021-07-04T23:59:59+02:00,401,304,5755,5595,8211,7798,10732,11449,15184,15884,18982,19243,15781,16455,8894,10788,2894,5522,7,6,2492,2467,4754,4864,6502,7541,10243,11561,15812,16462,15060,15727,8585,10428,2806,5342,129887,95670,15956,13249,27849,25557,6171,9,12
2021-07-03T23:59:59+02:00,395,302,5734,5583,8200,7789,10719,11444,15177,15877,18979,19240,15781,16455,8894,10788,2894,5522,6,6,2457,2437,4658,4835,6394,7515,10186,11515,15707,16376,14379,15020,8566,10403,2806,5342,129809,95555,15953,13247,27849,23641,6153,9,12
2021-07-02T23:59:59+02:00,349,263,5546,5435,8126,7719,10621,11347,15112,15820,18960,19233,15777,16451,8889,10786,2892,5519,6,6,2411,2389,4500,4757,6210,7441,10033,11357,15516,16173,13585,14101,8558,10388,2806,5341,128898,94992,15950,13202,27848,21232,6140,9,12
2021-07-01T23:59:59+02:00,287,208,5329,5251,7996,7607,10480,11221,14982,15724,18916,19208,15770,16443,8884,10780,2892,5518,5,5,2292,2270,4324,4583,5972,7185,9253,10672,14889,15699,13559,14072,8553,10383,2802,5339,127601,91491,15937,13105,27847,21147,6102,9,12
2021-06-30T23:59:59+02:00,157,118,4846,4780,7658,7329,10125,10883,14756,15547,18858,19164,15759,16432,8880,10772,2892,5515,5,5,2254,2222,4239,4512,5858,7088,9082,10547,14799,15621,13545,14063,8550,10380,2802,5337,124617,90888,15932,12932,27847,21011,6066,9,12
2021-06-29T23:59:59+02:00,119,96,4564,4499,7409,7109,9834,10581,14560,15357,18794,19104,15707,16382,8860,10757,2891,5510,4,4,2187,2141,4096,4375,5650,6907,8855,10318,14504,15396,13498,14015,8537,10355,2800,5324,122547,89431,15927,12779,27845,20939,5805,9,12
2021-06-28T23:59:59+02:00,103,77,4427,4359,7303,6998,9712,10456,14467,15249,18749,19062,15691,16366,8846,10746,2888,5508,2,3,2100,2014,3914,4170,5369,6565,8470,9805,13972,14858,13379,13926,8518,10331,2797,5310,121534,86217,15916,12700,27843,20871,5705,9,10
2021-06-27T23:59:59+02:00,98,75,4374,4313,7246,6944,9651,10401,14434,15215,18729,19045,15674,16354,8839,10739,2887,5503,2,2,2047,1979,3851,4125,5254,6450,8302,9676,13796,14744,13353,13907,8509,10322,2794,5308,121169,85420,15912,12665,27841,20736,5590,9,10
2021-06-26T23:59:59+02:00,85,73,4329,4283,7216,6917,9633,10380,14414,15199,18716,19032,15670,16348,8839,10739,2887,5503,2,2,1971,1888,3663,3966,5040,6190,7938,9218,13445,14449,13273,13848,8489,10294,2789,5299,120927,82780,15906,12665,27841,20729,5580,9,10
2021-06-25T23:59:59+02:00,72,60,4017,3962,6955,6681,9339,10087,14189,15010,18632,18975,15624,16303,8820,10720,2885,5497,2,2,1906,1805,3498,3844,4845,5955,7610,8803,13133,14113,13223,13792,8476,10269,2783,5293,118531,80421,15879,12633,27841,20722,5568,9,8
2021-06-24T23:59:59+02:00,65,53,3923,3872,6853,6595,9239,9996,14089,14923,18604,18942,15609,16286,8814,10713,2885,5495,2,2,1836,1732,3381,3746,4645,5811,7390,8603,12884,13911,12388,12860,8295,10006,2783,5292,117796,79195,15870,12527,27837,18393,5444,9,8
2021-06-23T23:59:59+02:00,51,48,3521,3503,6399,6248,8709,9489,13754,14622,18468,18807,15505,16194,8771,10677,2882,5481,2,2,1698,1562,3126,3542,4225,5478,6442,7892,12141,13210,12363,12847,8285,9999,2783,5288,114872,78554,15623,9196,27836,18338,4789,9,8
2021-06-22T23:59:59+02:00,42,40,3447,3429,6321,6189,8605,9411,13702,14575,18434,18790,15494,16187,8770,10672,2882,5478,2,2,1657,1509,3023,3441,4080,5329,6188,7708,11529,12497,12273,12753,8267,9966,2779,5280,114238,76213,15618,9114,27834,18179,4769,9,8
2021-06-21T23:59:59+02:00,36,37,3376,3369,6231,6126,8543,9339,13641,14529,18401,18768,15492,16186,8769,10671,2882,5477,1,2,1622,1458,2932,3344,3953,5177,5992,7481,10770,11582,11884,12297,7190,8733,2773,5273,113711,73561,15610,9011,27832,15173,4711,9,8
2021-06-20T23:59:59+02:00,36,36,3351,3347,6183,6095,8497,9307,13614,14511,18390,18764,15491,16186,8769,10671,2882,5477,0,2,1604,1441,2893,3316,3903,5139,5940,7455,10681,11506,11864,12278,7187,8725,2772,5273,113532,73241,15592,8931,27832,15157,4642,9,8
2021-06-19T23:59:59+02:00,34,34,3323,3323,6152,6072,8465,9288,13589,14505,18383,18759,15490,16185,8769,10671,2882,5477,0,2,1600,1429,2888,3307,3895,5134,5924,7450,10670,11498,11864,12278,7187,8724,2772,5273,113332,73160,15586,8931,27832,15154,4642,9,8
2021-06-18T23:59:59+02:00,30,29,3280,3280,6078,6032,8396,9233,13543,14473,18359,18748,15489,16183,8768,10670,2882,5477,0,2,1525,1336,2751,3131,3710,4856,5528,7076,9175,9927,11698,12108,7145,8674,2760,5255,112946,67972,15558,8930,27832,15142,4605,9,8
2021-06-17T23:59:59+02:00,27,25,3216,3228,6008,5993,8321,9178,13471,14427,18335,18737,15487,16177,8766,10667,2882,5474,0,2,1399,1242,2563,2920,3449,4565,5163,6679,8502,9195,11412,11865,7104,8616,2756,5252,112564,64259,15528,8815,27827,15111,4491,9,8
2021-06-16T23:59:59+02:00,27,22,3162,3166,5895,5926,8200,9083,13342,14342,18269,18699,15481,16168,8766,10665,2882,5474,0,2,1300,1186,2424,2816,3266,4404,4877,6403,7419,7904,11321,11757,7073,8578,2743,5234,111917,60488,15455,8769,27823,15077,4365,9,8
2021-06-15T23:59:59+02:00,22,21,3067,3079,5777,5837,8014,8905,13079,14123,18118,18571,15466,16156,8758,10658,2882,5472,0,2,1264,1153,2350,2760,3161,4328,4674,6278,7106,7652,10826,11199,7039,8544,2735,5221,110491,58242,15428,8737,27813,15042,4264,9,7
2021-06-14T23:59:59+02:00,21,19,2993,3008,5698,5778,7871,8785,12789,13888,17929,18394,15449,16142,8751,10653,2881,5471,0,2,1236,1124,2285,2703,3036,4233,4473,6139,6764,7346,10298,10587,7008,8507,2731,5211,109097,55869,15419,8630,27809,14992,4186,9,6
2021-06-13T23:59:59+02:00,21,19,2975,2977,5633,5739,7806,8719,12650,13754,17823,18272,15443,16133,8750,10650,2880,5471,0,2,1225,1110,2256,2686,2999,4222,4427,6119,6730,7329,10293,10580,7008,8506,2731,5211,108358,55723,15408,8621,27805,14949,4135,9,6
2021-06-12T23:59:59+02:00,19,19,2947,2959,5603,5712,7775,8699,12630,13735,17814,18269,15442,16131,8750,10650,2880,5471,0,2,1170,1048,2169,2610,2906,4084,4285,5986,6621,7244,10211,10502,6414,7780,2731,5211,108154,55608,15405,8620,27805,12608,4132,9,6
2021-06-11T23:59:59+02:00,19,16,2870,2885,5533,5646,7593,8513,12221,13428,17532,18063,15426,16106,8744,10642,2877,5469,0,2,1146,1031,2114,2569,2841,4035,4199,5924,6508,7153,10108,10391,6399,7773,2729,5205,107135,55081,14514,8352,27804,12567,4121,9,6
2021-06-10T23:59:59+02:00,15,14,2815,2843,5433,5593,7460,8432,12036,13290,17394,17946,15421,16102,8744,10641,2876,5468,0,2,1105,1006,2038,2502,2741,3957,4030,5793,6263,6939,9856,10120,6379,7745,2723,5199,106216,53511,14440,8347,27800,12476,4058,9,6
2021-06-09T23:59:59+02:00,14,13,2737,2775,5311,5497,7236,8260,11756,13046,17207,17796,15410,16088,8740,10632,2876,5465,0,2,1048,940,1906,2385,2536,3774,3703,5508,5640,6423,9029,9214,6322,7669,2710,5164,105003,49489,14286,8329,27791,12379,3770,9,6
2021-06-08T23:59:59+02:00,11,9,2640,2671,5177,5370,7038,8074,11326,12618,16830,17407,15391,16061,8729,10625,2875,5460,0,2,1010,910,1836,2320,2429,3699,3564,5441,5487,6289,8995,9195,6320,7657,2708,5160,102795,48971,14259,8278,27789,12307,3460,9,6
2021-06-07T23:59:59+02:00,9,8,2513,2572,4985,5239,6831,7909,10847,12259,16487,17112,15366,16033,8723,10608,2874,5456,0,2,941,874,1704,2263,2287,3614,3309,5351,5132,6005,8444,8569,6267,7597,2704,5150,100860,46750,14217,8262,27780,12230,2965,9,6
2021-06-06T23:59:59+02:00,9,6,2475,2548,4923,5182,6745,7851,10708,12148,16396,17046,15363,16030,8723,10608,2872,5455,0,2,925,864,1675,2239,2241,3586,3241,5326,5083,5981,8438,8567,6262,7589,2704,5149,100266,46586,14165,8251,27774,12155,2874,9,6
2021-06-05T23:59:59+02:00,8,5,2461,2526,4893,5156,6708,7821,10679,12121,16387,17039,15363,16030,8723,10608,2872,5455,0,2,909,849,1642,2209,2201,3530,3134,5242,4728,5648,7841,7862,6234,7535,2703,5147,100037,44186,14165,8245,27774,12109,2870,9,6
2021-06-04T23:59:59+02:00,7,4,2430,2497,4848,5112,6660,7768,10590,12016,16335,16976,15359,16023,8723,10607,2871,5454,0,2,897,831,1619,2188,2158,3493,3082,5183,4562,5457,7539,7494,6198,7493,2701,5141,99508,42893,14157,8243,27774,12064,2832,9,6
2021-06-03T23:59:59+02:00,7,4,2327,2370,4699,4939,6452,7520,9886,11382,15745,16523,15348,16013,8720,10601,2870,5453,0,2,880,801,1579,2129,2110,3412,2992,5072,4414,5291,7378,7304,6186,7466,2701,5137,96168,41840,14118,8232,27769,11981,2795,9,6
2021-06-02T23:59:59+02:00,7,4,2310,2346,4654,4908,6396,7483,9786,11294,15685,16470,15340,16009,8719,10597,2870,5452,0,2,869,789,1560,2108,2056,3374,2906,4985,4054,4902,6821,6663,6142,7409,2697,5126,95646,39502,14116,8227,27769,11938,2790,9,6
2021-06-01T23:59:59+02:00,6,3,2247,2306,4533,4815,6229,7363,9597,11146,15575,16393,15337,16005,8715,10593,2869,5447,0,1,835,762,1493,2058,1940,3310,2753,4892,3850,4771,6611,6431,6119,7390,2691,5117,94766,38409,14065,8205,27757,11822,2582,9,6
2021-05-31T23:59:59+02:00,2,3,2198,2247,4434,4721,6083,7238,9411,10996,15489,16337,15329,15998,8712,10593,2869,5447,0,1,811,729,1435,2000,1867,3261,2577,4836,3719,4717,6255,6016,6096,7369,2688,5109,94039,37228,13978,8198,27747,11720,2334,9,6
2021-05-30T23:59:59+02:00,2,3,2173,2224,4380,4662,5988,7177,9336,10932,15452,16316,15328,15995,8712,10593,2869,5447,0,1,799,718,1412,1975,1818,3233,2444,4799,3613,4699,6253,6014,6095,7369,2688,5109,93586,36908,13938,8175,27737,11631,2319,9,6
2021-05-29T23:59:59+02:00,2,3,2156,2208,4360,4650,5971,7161,9324,10919,15447,16312,15327,15995,8712,10593,2869,5447,0,1,780,667,1319,1716,1683,2871,2244,4251,3334,4268,6163,5920,5984,7237,2687,5109,93457,36853,13934,8170,27737,8886,2319,9,6
2021-05-28T23:59:59+02:00,2,3,2136,2185,4322,4604,5926,7115,9245,10849,15379,16259,15323,15993,8712,10593,2869,5446,0,1,763,578,1241,1462,1584,2470,2066,3562,3069,3674,5527,5180,5902,7146,2683,5096,92978,35554,13921,8170,27735,5956,2318,9,6
2021-05-27T23:59:59+02:00,2,3,2094,2147,4238,4534,5804,7040,9089,10749,15281,16174,15322,15992,8712,10593,2869,5446,0,1,733,543,1210,1378,1543,2333,1995,3421,2956,3554,5090,4699,5869,7106,2672,5067,92291,34427,13773,8160,27712,5274,2304,9,5
2021-05-26T23:59:59+02:00,2,3,2026,2028,4042,4387,5461,6774,8118,10004,14520,15472,15310,15985,8708,10587,2867,5443,0,1,722,528,1184,1316,1497,2274,1937,3306,2803,3411,3783,3315,5810,7031,2649,5008,91511,31146,10245,8142,27695,5006,2277,9,4
2021-05-25T23:59:59+02:00,2,3,1990,1989,3963,4322,5368,6709,7983,9897,14142,15036,15262,15948,8701,10572,2865,5439,0,1,718,521,1157,1283,1479,2248,1917,3278,2777,3385,3777,3304,5803,7028,2647,5007,90165,31057,10096,8131,27679,4896,2242,9,4
2021-05-24T23:59:59+02:00,2,3,1964,1945,3876,4247,5262,6626,7857,9773,13631,14420,15211,15881,8694,10559,2864,5434,0,1,712,513,1137,1272,1447,2233,1895,3258,2749,3362,3760,3286,5781,7004,2638,4991,88375,30919,10016,8080,27667,4855,2182,9,3
2021-05-23T23:59:59+02:00,2,3,1955,1933,3857,4226,5244,6612,7804,9742,13555,14357,15200,15877,8692,10558,2863,5434,0,1,705,503,1126,1259,1422,2209,1839,3222,2639,3265,3348,2855,5135,6195,2623,4946,88141,30747,9915,5526,27667,4834,2182,9,3
2021-05-22T23:59:59+02:00,2,3,1788,1890,3557,4177,4846,6569,7549,9683,13432,14279,15194,15876,8692,10557,2863,5434,0,1,543,471,835,1218,1049,2173,1601,3168,2527,3191,3345,2853,5135,6194,2623,4946,87989,30734,9914,5524,27665,4798,814,9,3
2021-05-21T23:59:59+02:00,2,3,1704,1785,3401,3984,4652,6272,7151,9317,12142,12948,15044,15728,8656,10510,2854,5423,0,1,538,459,825,1215,1046,2165,1566,3137,2449,3113,3169,2716,5108,6151,2620,4931,83225,30093,9872,5523,27659,4777,813,7,3
2021-05-20T23:59:59+02:00,2,3,1666,1750,3305,3932,4544,6185,6974,9234,11932,12719,15023,15710,8652,10503,2853,5422,0,1,517,444,784,1167,989,2100,1443,3065,2322,3015,2977,2545,5067,6074,2612,4916,82374,29339,9770,5508,27605,4534,654,6,3
2021-05-19T23:59:59+02:00,2,3,1644,1724,3246,3878,4449,6112,6858,9168,11699,12456,15012,15699,8649,10502,2853,5421,0,1,508,433,768,1129,973,2031,1332,2919,1995,2721,2413,2050,4961,5956,2590,4869,81544,27271,9631,5493,27579,4267,615,6,3
2021-05-18T23:59:59+02:00,2,3,1585,1692,3157,3789,4336,6009,6698,9010,11408,12199,14967,15652,8637,10479,2851,5411,0,1,505,421,753,1114,955,2013,1249,2856,1714,2497,1966,1708,4888,5872,2568,4825,80446,25723,9428,5483,27512,4203,493,6,3
2021-05-17T23:59:59+02:00,2,3,1536,1611,3027,3632,4132,5729,6349,8547,10857,11648,14858,15559,8618,10454,2846,5400,0,1,503,413,747,1107,934,2008,1225,2830,1687,2461,1950,1688,4881,5865,2565,4822,77540,25656,9391,5469,27488,4176,383,6,3
2021-05-16T23:59:59+02:00,2,3,1517,1589,2973,3590,4037,5642,6200,8411,10680,11513,14832,15537,8610,10446,2845,5398,0,1,496,407,725,1092,903,1992,1197,2802,1653,2437,1943,1679,4878,5861,2563,4820,76791,25625,9331,5451,27458,4131,239,6,3
2021-05-15T23:59:59+02:00,2,3,1431,1493,2765,3423,3809,5364,5841,7938,10327,11218,14747,15475,8591,10417,2839,5389,0,1,496,405,720,1089,903,1988,1192,2800,1647,2432,1931,1667,4871,5855,2563,4818,74046,25561,9331,5450,27451,4126,238,6,3
2021-05-14T23:59:59+02:00,2,3,1397,1431,2653,3325,3657,5207,5641,7649,10103,10963,14712,15436,8578,10394,2836,5385,0,1,448,367,649,922,828,1702,1064,2388,1465,2106,1897,1626,4868,5847,2563,4814,72393,25499,9312,5448,27428,2372,233,6,3
2021-05-13T23:59:59+02:00,2,3,1339,1364,2550,3241,3488,5070,5421,7443,9876,10782,14686,15407,8568,10391,2834,5382,0,1,441,354,622,894,726,1595,964,2302,1202,1890,1179,1045,4646,5612,2555,4782,71227,25378,8998,2903,27398,2308,218,6,3
2021-05-12T23:59:59+02:00,2,3,1331,1354,2534,3235,3470,5056,5400,7430,9860,10772,14684,15403,8566,10389,2833,5382,0,1,441,353,621,893,722,1594,959,2302,1198,1884,1160,1036,4634,5574,2521,4713,71111,25178,8974,2903,27396,2305,217,6,3
2021-05-11T23:59:59+02:00,2,2,1291,1311,2460,3154,3356,4930,5204,7285,9571,10462,14636,15345,8554,10369,2829,5373,0,1,436,341,603,879,700,1576,931,2279,1172,1856,1105,1000,4569,5476,2477,4588,69771,24681,8850,2885,27310,2223,197,6,3
2021-05-10T23:59:59+02:00,2,2,1268,1283,2395,3076,3228,4804,5072,7129,9248,10082,14591,15306,8545,10350,2824,5371,0,1,435,339,590,869,688,1561,919,2264,1154,1842,1069,965,4507,5398,2436,4469,68415,24262,8727,2881,27239,2171,189,6,3
2021-05-09T23:59:59+02:00,2,2,1253,1266,2350,3060,3149,4767,5008,7096,9181,10037,14578,15290,8543,10344,2824,5369,0,1,427,337,576,864,665,1540,897,2244,1142,1828,1050,949,4494,5360,2420,4426,68170,24098,8650,2879,27190,2137,103,6,3
2021-05-08T23:59:59+02:00,1,2,1251,1262,2336,3048,3132,4755,4969,7081,9156,10029,14577,15290,8543,10343,2824,5369,0,1,427,337,575,864,664,1540,897,2243,1141,1827,1050,949,4493,5360,2420,4426,68027,24096,8644,2876,27188,2136,103,6,3
2021-05-07T23:59:59+02:00,1,2,1231,1241,2295,3007,3079,4706,4869,6988,8930,9782,14560,15267,8537,10337,2821,5365,0,1,378,311,543,795,627,1377,827,2035,1051,1638,1020,920,4472,5337,2418,4421,67110,23989,8637,2871,27162,1205,103,6,3
2021-05-06T23:59:59+02:00,1,2,1085,1149,2068,2765,2777,4400,4496,6586,8340,9177,14282,15030,8497,10281,2818,5364,0,1,377,307,530,775,610,1345,808,2000,1019,1610,992,886,4462,5323,2416,4417,63484,23856,8506,2820,27025,1102,97,6,3
2021-05-05T23:59:59+02:00,1,1,1020,1096,1956,2655,2618,4227,4200,6307,7321,7990,14196,14931,8462,10240,2805,5344,0,1,373,304,522,765,595,1335,775,1986,993,1590,919,823,4421,5251,2408,4401,59954,23535,8460,2798,26901,1077,49,6,3
2021-05-04T23:59:59+02:00,1,1,997,1076,1905,2616,2516,4159,3980,6192,7039,7771,13691,14365,8431,10207,2800,5335,0,1,369,303,517,761,583,1330,758,1967,977,1583,900,799,4398,5235,2405,4392,57893,23397,8401,2782,26741,1055,41,6,3
2021-05-03T23:59:59+02:00,1,1,965,1041,1842,2563,2409,4047,3779,6074,6680,7469,13156,13739,8394,10169,2793,5320,0,1,364,302,515,754,573,1323,749,1955,963,1570,874,775,4380,5217,2399,4379,55462,23283,8373,2772,26600,1034,1,6,3
2021-05-02T23:59:59+02:00,1,1,960,1040,1823,2555,2379,4037,3735,6064,6643,7460,13155,13738,8394,10168,2793,5320,0,1,364,302,512,754,572,1321,744,1955,962,1566,872,771,4378,5212,2399,4379,55321,23263,8366,2770,26572,1027,1,6,3
2021-05-01T23:59:59+02:00,1,1,960,1038,1815,2551,2367,4029,3720,6056,6629,7450,13154,13735,8394,10168,2793,5320,0,1,364,302,512,754,572,1320,743,1954,960,1566,872,771,4378,5212,2399,4379,55240,23262,8364,2766,26570,1027,1,6,3
2021-04-30T23:59:59+02:00,0,1,944,1033,1795,2535,2345,3994,3683,6023,6547,7395,13058,13632,8393,10163,2790,5308,0,1,317,248,471,677,543,1141,712,1731,926,1362,861,753,4374,5209,2399,4379,54737,23248,8363,2760,26532,92,1,6,3
2021-04-29T23:59:59+02:00,0,1,891,1009,1739,2485,2282,3935,3534,5896,6309,7171,12797,13357,8371,10134,2786,5301,0,1,310,246,461,670,540,1133,705,1720,916,1354,853,737,4365,5201,2399,4377,53136,23159,8348,2754,26507,71,1,6,3
2021-04-28T23:59:59+02:00,0,1,830,977,1659,2422,2139,3823,3250,5641,5704,6661,11958,12435,8312,10044,2762,5264,0,1,309,243,459,663,532,1120,694,1699,905,1347,837,720,4346,5174,2397,4377,49068,23034,8341,2734,26466,51,1,6,3
2021-04-27T23:59:59+02:00,0,1,821,972,1640,2401,2094,3804,3180,5615,5576,6534,11928,12418,8310,10042,2762,5262,0,1,308,241,453,661,524,1113,685,1687,896,1341,826,707,4342,5167,2396,4370,48584,22953,8336,2718,26433,43,1,6,3
2021-04-26T23:59:59+02:00,0,1,811,961,1614,2383,2033,3765,3002,5536,5244,6249,11360,11772,8255,9977,2757,5252,0,1,306,240,452,660,519,1107,674,1681,887,1330,815,697,4337,5161,2396,4366,46250,22901,8327,2687,26390,38,1,4,2
2021-04-25T23:59:59+02:00,0,1,801,959,1597,2376,1995,3748,2876,5512,5148,6244,11355,11768,8251,9971,2756,5251,0,1,305,239,452,660,519,1100,674,1679,884,1328,815,696,4337,5161,2396,4366,45917,22895,8321,2683,26366,31,1,4,2
2021-04-24T23:59:59+02:00,0,1,786,949,1575,2356,1955,3702,2779,5441,4804,5917,10742,11042,8220,9912,2755,5249,0,1,305,239,452,660,519,1099,673,1677,883,1328,810,692,4327,5145,2394,4365,43501,22858,8319,2678,26360,30,1,4,2
2021-04-23T23:59:59+02:00,0,1,781,941,1562,2346,1925,3675,2740,5388,4642,5729,10433,10660,8180,9870,2752,5240,0,1,305,238,452,660,519,1098,672,1677,881,1328,810,691,4325,5142,2394,4365,42199,22848,8318,2677,26343,30,1,4,2
2021-04-22T23:59:59+02:00,0,1,764,927,1535,2302,1876,3606,2652,5295,4487,5574,10288,10465,8166,9839,2750,5232,0,1,305,237,450,649,517,1092,666,1669,875,1319,804,687,4322,5140,2394,4363,41194,22812,8288,2653,26272,22,1,4,2
2021-04-21T23:59:59+02:00,0,1,753,915,1510,2289,1824,3561,2547,5207,4104,5154,9690,9779,8116,9775,2746,5221,0,1,303,237,448,648,517,1091,662,1666,870,1314,791,675,4312,5125,2394,4359,38673,22761,8272,2629,26242,20,1,4,2
2021-04-20T23:59:59+02:00,0,1,746,903,1489,2262,1793,3529,2497,5150,3966,5058,9493,9559,8098,9765,2742,5218,0,1,303,236,448,647,516,1089,661,1662,867,1308,785,670,4308,5120,2394,4359,37835,22729,8259,2623,26170,20,1,4,1
2021-04-19T23:59:59+02:00,0,1,739,894,1480,2254,1776,3511,2466,5123,3900,4998,9123,9141,8073,9740,2739,5212,0,1,303,234,447,642,514,1086,658,1659,863,1304,780,664,4299,5118,2394,4357,36805,22689,8247,2612,26113,20,1,4,1
2021-04-18T23:59:59+02:00,0,1,735,891,1475,2248,1757,3504,2447,5111,3892,4996,9113,9130,8073,9739,2739,5212,0,1,302,234,447,639,513,1082,656,1656,860,1304,779,662,4299,5116,2394,4357,36746,22681,8227,2598,26085,20,1,4,1
2021-04-17T23:59:59+02:00,0,1,716,885,1387,2237,1657,3492,2410,5080,3811,4917,8394,8408,8057,9726,2739,5212,0,1,302,234,445,637,512,1081,655,1656,859,1301,779,662,4298,5116,2394,4357,36736,22669,8226,2598,24162,20,1,4,1
2021-04-16T23:59:59+02:00,0,1,701,867,1258,2214,1505,3467,2324,5014,3649,4753,7053,6857,8022,9677,2726,5180,0,1,302,233,440,630,507,1077,645,1654,855,1292,769,656,4293,5102,2391,4355,35359,22595,8216,2593,21688,12,1,4,1
2021-04-15T23:59:59+02:00,0,1,680,857,1247,2201,1484,3448,2266,4977,3576,4700,6613,6358,7981,9611,2702,5105,0,1,295,227,425,618,490,1063,611,1627,819,1263,678,595,3795,4587,2367,4319,34029,22533,8161,1237,21612,8,1,4,1
2021-04-14T23:59:59+02:00,0,1,675,853,1228,2186,1451,3429,2221,4940,3443,4605,5273,4954,7930,9545,2680,5068,0,1,287,222,422,612,483,1060,604,1618,814,1259,663,579,3782,4577,2363,4313,30794,22442,8148,1208,21535,7,1,4,1
2021-04-13T23:59:59+02:00,0,1,671,853,1219,2181,1435,3427,2213,4929,3423,4589,5253,4937,7924,9542,2679,5066,0,1,287,221,420,609,480,1056,602,1614,803,1256,645,573,3780,4574,2363,4313,30711,22418,8126,1170,21500,7,1,4,1
2021-04-12T23:59:59+02:00,0,1,666,846,1206,2171,1418,3416,2179,4914,3391,4566,5228,4921,7911,9530,2676,5033,0,1,286,220,418,609,478,1050,600,1610,795,1248,640,570,3774,4572,2362,4313,30578,22390,8081,1147,21409,7,1,4,1
2021-04-11T23:59:59+02:00,0,1,658,842,1189,2159,1399,3401,2111,4889,3272,4482,4811,4482,7240,8709,2669,5028,0,1,286,220,416,609,476,1048,594,1607,791,1246,636,567,3770,4567,2362,4313,30547,22383,5474,1117,21316,7,1,4,1
2021-04-10T23:59:59+02:00,0,1,658,840,1188,2158,1397,3396,2109,4886,3269,4475,4767,4435,7236,8703,2669,5027,0,1,280,217,414,598,463,1032,567,1590,759,1221,564,497,3202,3949,2313,4218,30423,20759,5471,1117,21315,7,1,4,1
2021-04-09T23:59:59+02:00,0,1,654,839,1180,2153,1391,3391,2077,4862,3190,4394,4568,4269,7201,8654,2665,5011,0,1,270,210,404,584,444,1016,540,1571,738,1198,484,436,2544,3127,2263,4122,29727,18827,5467,1116,21301,7,1,4,1
2021-04-08T23:59:59+02:00,0,1,644,829,1163,2141,1374,3359,2016,4808,3041,4284,3514,3115,6962,8290,2654,4996,0,1,257,202,387,566,420,1002,518,1540,705,1176,461,409,2533,3118,2259,4119,28922,18597,5417,1067,18847,7,1,4,1
2021-04-07T23:59:59+02:00,0,1,637,823,1150,2132,1355,3346,1907,4728,2719,4034,2903,2583,6850,8166,2629,4943,0,1,243,195,360,543,382,968,475,1506,668,1148,433,384,2472,3052,2254,4110,26738,18140,5396,1047,18767,6,1,4,0
2021-04-06T23:59:59+02:00,0,1,627,814,1110,2125,1331,3327,1789,4678,2439,3868,2451,2235,6771,8074,2606,4905,0,1,219,182,325,516,356,949,438,1483,632,1115,398,342,2417,2977,2248,4098,25134,17661,5377,1028,18635,6,1,4,0
2021-04-05T23:59:59+02:00,0,1,624,812,1099,2120,1325,3324,1780,4668,2424,3851,2158,1891,5662,6771,2604,4904,0,1,219,182,324,512,350,943,434,1481,628,1111,395,339,2415,2971,2248,4096,25101,17651,5365,991,15548,6,1,3,0
2021-04-04T23:59:59+02:00,0,1,623,811,1099,2120,1325,3323,1780,4668,2422,3849,2156,1888,5662,6767,2604,4904,0,1,219,182,323,512,350,943,433,1481,628,1111,395,339,2414,2971,2248,4096,25092,17648,5365,991,15541,6,1,3,0
2021-04-03T23:59:59+02:00,0,1,623,811,1099,2119,1325,3323,1779,4666,2418,3849,2155,1884,5661,6767,2604,4904,0,1,219,182,323,512,350,943,433,1481,627,1111,395,339,2414,2971,2248,4096,25086,17647,5361,991,15537,6,1,3,0
2021-04-02T23:59:59+02:00,0,1,623,810,1099,2118,1320,3322,1776,4660,2416,3846,2147,1875,5650,6751,2601,4892,0,1,219,182,323,510,350,942,432,1480,626,1100,393,339,2414,2970,2248,4096,25017,17627,5355,991,15531,6,1,3,0
2021-04-01T23:59:59+02:00,0,1,619,799,1078,2099,1222,3227,1685,4591,2158,3638,1419,1290,5442,6538,2591,4862,0,1,215,181,323,509,349,941,431,1477,626,1099,390,337,2414,2970,2248,4092,24907,17614,2856,982,15492,6,1,3,0
2021-03-31T23:59:59+02:00,0,1,617,797,1074,2095,1217,3219,1674,4586,2139,3625,1390,1257,5414,6483,2550,4762,0,1,214,181,322,508,348,941,431,1476,625,1097,387,334,2410,2969,2246,4090,24580,17599,2840,974,15476,6,1,3,0
2021-03-30T23:59:59+02:00,0,1,614,790,1069,2091,1211,3214,1664,4572,2132,3610,1343,1212,5326,6351,2503,4609,0,1,214,180,322,507,345,937,426,1473,618,1086,372,323,2306,2816,2122,3864,24044,16974,2817,931,15448,6,1,2,0
2021-03-29T23:59:59+02:00,0,1,612,788,1066,2082,1202,3207,1657,4559,2118,3597,1305,1178,5261,6254,2449,4477,0,1,214,179,320,505,343,935,424,1468,612,1081,365,318,2079,2548,1893,3483,23593,15833,2789,928,15428,6,1,2,0
2021-03-28T23:59:59+02:00,0,1,612,785,1064,2076,1199,3200,1652,4548,2112,3592,1289,1169,5250,6231,2437,4444,0,1,212,179,319,502,334,931,421,1461,609,1069,358,306,2074,2534,1892,3480,23482,15805,2771,873,15405,3,1,2,0
2021-03-27T23:59:59+01:00,0,1,560,724,985,2008,1118,3080,1533,4423,2010,3509,1220,1099,4646,5499,2437,4444,0,1,210,178,319,501,334,931,417,1459,608,1066,357,306,2073,2533,1892,3480,23465,15789,2766,873,13063,2,1,1,0
2021-03-26T23:59:59+01:00,0,1,557,719,977,1999,1116,3074,1523,4416,1993,3501,1176,1068,4616,5465,2436,4440,0,1,209,175,319,499,331,930,415,1458,603,1059,349,301,1663,1994,1466,2751,23270,13653,2756,867,13049,2,1,1,0
2021-03-25T23:59:59+01:00,0,1,554,713,965,1991,1113,3065,1516,4404,1977,3491,1165,1057,4608,5460,2436,4438,0,1,208,172,317,498,329,925,411,1452,599,1050,345,297,1566,1871,1429,2675,23222,13298,2748,844,12982,2,1,1,0
2021-03-24T23:59:59+01:00,0,1,552,707,957,1981,1100,3049,1487,4383,1962,3482,1129,1027,4581,5425,2431,4433,0,1,207,172,316,497,325,921,407,1444,589,1032,333,287,1236,1487,1273,2405,23079,12145,2722,784,12884,2,1,1,0
2021-03-23T23:59:59+01:00,0,1,550,701,951,1966,1095,3037,1480,4369,1952,3474,1116,1014,4561,5411,2431,4429,0,1,206,172,314,493,316,918,406,1444,583,1028,325,280,997,1220,1157,2224,22999,11319,2713,762,12824,2,1,1,0
2021-03-22T23:59:59+01:00,0,1,549,692,946,1952,1089,3028,1471,4353,1938,3464,1113,1010,4556,5409,2431,4428,0,1,205,172,313,491,315,916,403,1441,580,1024,321,276,996,1216,1157,2220,22974,11302,2697,742,12757,2,1,1,0
2021-03-21T23:59:59+01:00,0,1,546,689,944,1943,1086,3024,1463,4340,1926,3457,1109,1009,4556,5407,2431,4428,0,1,204,172,313,490,313,912,403,1436,574,1022,311,271,992,1210,1156,2220,22970,11298,2684,699,12703,2,1,1,0
2021-03-20T23:59:59+01:00,0,1,541,682,940,1926,1069,3007,1434,4322,1891,3427,1037,939,3972,4768,2380,4328,0,1,204,172,313,490,313,912,403,1436,574,1022,311,271,992,1210,1155,2219,21300,11296,2683,699,12679,2,1,1,0
2021-03-19T23:59:59+01:00,0,1,532,672,922,1899,1041,2987,1398,4296,1865,3396,950,875,3292,3929,2328,4229,0,1,201,172,311,490,312,909,401,1434,570,1016,308,270,979,1197,1124,2179,19304,11274,2671,597,12635,2,1,1,0
2021-03-18T23:59:59+01:00,0,1,519,659,905,1873,1018,2961,1358,4255,1820,3344,851,811,2777,3395,2304,4196,0,1,196,170,308,486,310,899,397,1427,568,1011,305,263,873,1099,1011,1985,19222,10887,1268,419,12555,2,1,1,0
2021-03-17T23:59:59+01:00,0,1,517,650,896,1854,1005,2940,1335,4233,1802,3328,821,786,2689,3302,2298,4190,0,1,194,169,306,484,307,898,390,1423,565,1007,302,258,630,823,703,1534,18911,9958,1229,35,12506,0,1,0,0
2021-03-16T23:59:59+01:00,0,1,515,641,887,1833,984,2923,1318,4221,1778,3311,791,775,2641,3221,2296,4183,0,1,194,169,304,484,305,895,387,1421,562,1003,296,254,383,581,513,1223,18700,8946,1189,29,12430,0,0,0,0
2021-03-15T23:59:59+01:00,0,1,515,631,882,1814,973,2901,1312,4214,1770,3301,785,771,2638,3219,2295,4183,0,1,193,169,303,483,304,895,387,1420,559,1003,296,254,383,580,512,1223,18685,8939,1164,26,12356,0,0,0,0
2021-03-14T23:59:59+01:00,0,1,513,625,874,1801,966,2893,1302,4199,1760,3288,780,766,2632,3216,2295,4183,0,1,193,169,302,483,303,893,385,1418,558,1003,295,254,383,580,512,1223,18679,8935,1134,20,12281,0,0,0,0
2021-03-13T23:59:59+01:00,0,1,492,574,781,1538,835,2510,1107,3635,1478,2860,700,678,2529,3090,2294,4182,0,1,193,169,302,483,303,893,385,1418,558,1003,295,254,383,580,512,1223,18675,8935,1134,20,9475,0,0,0,0
2021-03-12T23:59:59+01:00,0,1,478,491,717,1268,744,2113,935,2949,1231,2266,557,527,2485,3046,2294,4182,0,0,193,167,302,483,303,891,384,1418,558,1000,295,253,370,559,463,1157,18645,8776,1133,20,6506,0,0,0,0
2021-03-11T23:59:59+01:00,0,1,454,455,683,1197,697,2007,875,2802,1149,2155,500,467,2470,3034,2293,4180,0,0,193,167,301,481,302,890,384,1415,557,1000,295,252,357,542,414,1112,18447,8645,1084,17,5888,0,0,0,0
2021-03-10T23:59:59+01:00,0,1,440,445,649,1166,657,1973,833,2766,1116,2126,481,451,2456,3014,2292,4176,0,0,189,165,297,474,302,889,379,1409,551,993,291,246,232,443,180,842,18171,7871,1064,11,5807,0,0,0,0
2021-03-09T23:59:59+01:00,0,1,425,428,617,1136,633,1952,810,2738,1093,2101,459,430,2362,2872,2165,3945,0,0,189,165,295,472,301,888,378,1406,551,990,289,245,232,443,179,841,17403,7863,1046,1,5718,0,0,0,0
2021-03-08T23:59:59+01:00,0,1,413,408,594,1105,615,1929,794,2713,1071,2075,437,402,2131,2597,1935,3564,0,0,189,164,295,470,300,883,378,1400,551,988,288,243,232,442,179,841,16154,7842,1017,1,5613,0,0,0,0
2021-03-07T23:59:59+01:00,0,1,412,407,587,1087,601,1921,791,2700,1066,2065,436,401,2126,2589,1934,3561,0,0,189,164,294,469,300,882,378,1397,551,987,288,243,232,442,179,841,16126,7835,1007,1,5552,0,0,0,0
2021-03-06T23:59:59+01:00,0,1,412,404,583,1073,597,1919,784,2693,1062,2058,435,401,2126,2589,1934,3561,0,0,189,164,294,469,300,882,378,1397,551,986,287,243,232,442,179,841,16116,7833,1007,1,5509,0,0,0,0
2021-03-05T23:59:59+01:00,0,1,406,389,577,1060,591,1910,779,2683,1055,2049,421,393,1705,2031,1503,2810,0,0,187,159,290,469,298,880,376,1394,549,982,287,243,232,442,178,840,13897,7805,1007,1,5459,0,0,0,0
2021-03-04T23:59:59+01:00,0,1,395,364,549,1021,572,1853,748,2629,1034,1999,417,389,1612,1911,1463,2733,0,0,176,151,280,456,297,872,374,1380,547,978,286,243,232,442,178,840,13537,7731,1001,1,5152,0,0,0,0
2021-03-03T23:59:59+01:00,0,1,392,358,542,989,554,1821,724,2582,1016,1959,409,383,1285,1530,1304,2457,0,0,175,150,279,455,296,871,370,1373,544,971,284,241,231,441,176,835,12369,7691,992,1,4945,0,0,0,0
2021-03-02T23:59:59+01:00,0,1,388,353,534,954,540,1800,715,2557,1005,1940,398,373,1038,1263,1184,2273,0,0,175,148,278,445,292,865,370,1364,544,965,284,241,231,441,176,835,11537,7653,955,1,4824,0,0,0,0
2021-03-01T23:59:59+01:00,0,1,386,346,525,931,521,1769,706,2533,995,1923,394,366,1037,1256,1184,2268,0,0,175,146,278,436,289,855,367,1349,540,959,282,239,230,440,176,835,11515,7595,920,1,4706,0,0,0,0
2021-02-28T23:59:59+01:00,0,1,382,343,522,923,513,1758,702,2521,990,1908,389,361,1037,1253,1184,2268,0,0,173,144,278,435,289,854,367,1349,539,959,282,239,230,440,176,835,11508,7588,892,1,4655,0,0,0,0
2021-02-27T23:59:59+01:00,0,1,381,341,517,916,511,1752,699,2512,987,1906,388,360,1037,1253,1183,2268,0,0,173,144,278,435,289,854,367,1349,538,959,282,239,230,440,176,835,11507,7587,892,1,4613,0,0,0,0
2021-02-26T23:59:59+01:00,0,1,335,298,449,743,434,1444,572,2094,816,1563,360,330,1037,1250,1183,2268,0,0,173,142,278,431,287,846,365,1341,536,956,282,239,230,440,176,835,11497,7556,881,1,2799,0,0,0,0
2021-02-25T23:59:59+01:00,0,1,315,289,438,722,422,1408,557,2045,796,1531,352,322,951,1157,1109,2142,0,0,122,129,258,425,278,833,353,1325,531,949,282,237,230,440,176,835,11084,7403,850,0,2623,0,0,0,0
2021-02-24T23:59:59+01:00,0,1,310,283,433,706,416,1373,541,1997,774,1488,345,309,741,923,922,1833,0,0,122,123,256,420,275,822,351,1312,524,943,279,234,228,439,176,833,10136,7337,809,0,2450,0,0,0,0
2021-02-23T23:59:59+01:00,0,1,308,271,425,691,405,1347,533,1964,754,1469,331,299,488,673,731,1526,0,0,122,122,255,418,273,816,351,1306,523,935,278,233,227,439,174,832,9123,7304,764,0,2329,0,0,0,0
2021-02-22T23:59:59+01:00,0,1,308,270,424,684,404,1342,529,1953,749,1465,331,297,487,671,731,1525,0,0,122,117,250,408,272,799,347,1280,518,927,274,232,227,439,174,832,9118,7218,753,0,2300,0,0,0,0
2021-02-21T23:59:59+01:00,0,1,305,269,422,677,401,1333,526,1945,743,1461,320,292,483,666,729,1525,0,0,122,117,249,407,271,796,344,1277,511,923,273,231,226,438,173,821,9113,7179,711,0,2274,0,0,0,0
2021-02-20T23:59:59+01:00,0,1,305,266,422,675,401,1325,525,1936,741,1457,320,292,483,666,729,1525,0,0,122,117,249,407,271,796,344,1277,510,923,273,231,226,438,173,821,9113,7178,711,0,2245,0,0,0,0
2021-02-19T23:59:59+01:00,0,0,259,240,390,599,367,1155,467,1723,632,1247,311,276,457,630,647,1416,0,0,122,117,249,407,270,796,344,1277,510,923,273,231,226,438,173,821,8891,7177,604,0,1321,0,0,0,0
2021-02-18T23:59:59+01:00,0,0,258,235,382,589,356,1133,454,1705,622,1240,311,274,403,582,534,1284,0,0,119,114,245,401,263,789,341,1268,506,922,271,229,226,438,173,821,8702,7126,424,0,1236,0,0,0,0
2021-02-17T23:59:59+01:00,0,0,252,231,370,575,349,1124,431,1689,614,1228,306,267,242,446,188,866,0,0,111,101,242,395,258,773,335,1252,500,911,267,226,225,438,173,821,7964,7028,33,0,1181,0,0,0,0
2021-02-16T23:59:59+01:00,0,0,251,229,359,573,339,1115,423,1675,609,1221,303,264,241,445,188,866,0,0,83,88,222,369,247,743,318,1212,468,876,245,211,217,418,172,814,7955,6703,29,0,1117,0,0,0,0
2021-02-15T23:59:59+01:00,0,0,247,228,356,568,337,1109,421,1663,604,1215,303,264,241,444,187,866,0,0,82,86,218,358,240,731,308,1185,452,853,232,204,204,394,165,758,7942,6470,26,0,1085,0,0,0,0
2021-02-14T23:59:59+01:00,0,0,246,226,350,565,334,1100,417,1657,601,1212,303,264,241,444,187,866,0,0,78,84,211,354,237,723,303,1172,448,838,231,202,204,383,165,748,7933,6381,21,0,1059,0,0,0,0
2021-02-13T23:59:59+01:00,0,0,246,226,350,565,334,1100,415,1657,601,1211,302,264,241,444,187,866,0,0,78,84,211,353,237,723,303,1172,448,838,231,202,204,383,165,748,7931,6380,21,0,1057,0,0,0,0
2021-02-12T23:59:59+01:00,0,0,193,167,302,486,307,903,382,1420,564,998,294,249,240,444,187,866,0,0,75,83,208,352,235,720,297,1168,445,833,227,199,204,381,165,748,7918,6340,21,0,63,0,0,0,0
2021-02-11T23:59:59+01:00,0,0,191,166,296,473,303,889,376,1400,554,991,294,249,240,444,187,866,0,0,74,80,198,326,225,675,277,1117,427,783,226,196,204,376,165,745,7875,6094,18,0,26,0,0,0,0
2021-02-10T23:59:59+01:00,0,0,189,159,293,469,300,884,370,1389,550,983,292,247,238,443,187,864,0,0,69,75,181,298,214,615,260,1033,402,731,217,181,190,346,150,694,7833,5656,12,0,12,0,0,0,0
2021-02-09T23:59:59+01:00,0,0,184,152,289,461,299,875,370,1379,548,974,289,246,238,443,186,863,0,0,60,60,143,234,185,511,222,840,346,594,195,155,168,309,140,617,7788,4779,3,0,5,0,0,0,0
2021-02-08T23:59:59+01:00,0,0,178,146,285,449,294,865,366,1359,542,967,285,242,237,442,184,859,0,0,33,47,98,145,136,285,163,460,252,387,164,127,139,251,115,512,7692,3314,3,0,5,0,0,0,0
2021-02-07T23:59:59+01:00,0,0,176,144,283,448,293,863,365,1358,541,966,284,241,237,442,184,859,0,0,19,40,80,123,131,264,154,426,236,361,154,122,129,240,108,474,7682,3061,2,0,0,0,0,0,0
2021-02-06T23:59:59+01:00,0,0,176,144,283,448,293,863,365,1358,541,966,284,241,237,442,184,859,0,0,19,37,78,120,121,249,143,409,205,340,139,118,128,235,107,463,7682,2911,2,0,0,0,0,0,0
2021-02-05T23:59:59+01:00,0,0,176,142,283,444,292,852,363,1350,537,963,284,240,237,442,184,858,0,0,18,33,75,115,114,235,137,382,188,322,134,113,124,230,99,446,7645,2765,2,0,0,0,0,0,0
2021-02-04T23:59:59+01:00,0,0,168,137,282,439,285,843,359,1339,528,954,283,238,236,441,184,856,0,0,11,20,48,76,85,178,114,290,155,264,116,99,112,210,89,402,7571,2269,1,0,0,0,0,0,0
2021-02-03T23:59:59+01:00,0,0,150,130,272,434,282,836,357,1328,528,952,283,238,235,441,184,855,0,0,11,18,41,64,76,143,90,259,134,222,97,85,97,181,80,354,7504,1952,1,0,0,0,0,0,0
2021-02-02T23:59:59+01:00,0,0,130,125,260,432,279,828,352,1322,527,945,282,238,234,441,183,854,0,0,11,15,33,58,64,121,75,214,103,172,65,60,72,118,55,227,7431,1463,1,0,0,0,0,0,0
2021-02-01T23:59:59+01:00,0,0,125,120,255,417,277,811,350,1296,521,933,277,236,234,441,183,854,0,0,4,9,18,30,33,66,46,119,59,71,30,31,32,52,30,111,7329,741,1,0,0,0,0,0,0
2021-01-31T23:59:59+01:00,0,0,124,117,253,414,275,807,348,1290,516,931,277,233,233,440,183,854,0,0,4,6,13,21,28,47,32,73,39,43,16,11,16,32,24,65,7294,470,1,0,0,0,0,0,0
2021-01-30T23:59:59+01:00,0,0,124,117,253,414,275,806,348,1289,515,931,277,233,233,440,183,854,0,0,4,6,13,18,25,40,27,65,36,41,16,11,16,32,24,65,7291,439,1,0,0,0,0,0,0
2021-01-29T23:59:59+01:00,0,0,124,117,253,414,274,806,348,1289,515,931,277,233,233,440,183,854,0,0,4,6,6,17,23,32,22,56,32,38,16,11,16,31,23,64,7290,397,1,0,0,0,0,0,0
2021-01-28T23:59:59+01:00,0,0,122,114,249,407,270,799,345,1282,510,930,277,233,233,440,183,854,0,0,1,3,2,7,15,14,12,27,12,23,12,7,9,18,8,27,7247,197,1,0,0,0,0,0,0
2021-01-27T23:59:59+01:00,0,0,114,104,247,402,267,790,340,1275,504,923,272,230,232,439,183,854,0,0,0,0,1,4,12,12,8,20,10,17,11,7,9,18,8,27,7175,164,1,0,0,0,0,0,0
2021-01-26T23:59:59+01:00,0,0,88,92,229,385,259,765,328,1237,478,892,252,218,222,421,183,846,0,0,0,0,1,4,12,12,8,20,10,17,11,7,9,18,8,27,6894,164,1,0,0,0,0,0,0
2021-01-25T23:59:59+01:00,0,0,85,87,227,365,246,745,314,1204,460,867,235,211,211,399,178,791,0,0,0,0,1,4,12,10,7,13,7,13,11,7,9,18,8,27,6625,147,0,0,0,0,0,0,0
2021-01-24T23:59:59+01:00,0,0,85,85,223,362,245,740,311,1191,458,852,234,209,211,388,178,780,0,0,0,0,1,4,11,10,7,13,7,13,11,7,9,18,8,27,6552,146,0,0,0,0,0,0,0
2021-01-23T23:59:59+01:00,0,0,85,85,223,362,245,740,311,1191,458,852,234,209,211,388,178,780,0,0,0,0,1,4,11,10,7,13,7,13,11,7,9,18,8,27,6552,146,0,0,0,0,0,0,0
2021-01-22T23:59:59+01:00,0,0,85,84,221,359,245,737,308,1187,454,849,232,208,211,387,178,780,0,0,0,0,1,4,11,10,7,13,7,13,11,7,9,18,8,27,6525,146,0,0,0,0,0,0,0
2021-01-21T23:59:59+01:00,0,0,85,81,208,329,235,692,283,1138,439,815,231,204,210,381,177,777,0,0,0,0,1,2,9,9,6,12,6,11,11,7,9,18,8,27,6285,136,0,0,0,0,0,0,0
2021-01-20T23:59:59+01:00,0,0,79,76,193,306,223,625,269,1045,410,755,222,192,195,350,163,725,0,0,0,0,1,2,9,9,6,12,6,11,11,7,9,18,8,27,5828,136,0,0,0,0,0,0,0
2021-01-19T23:59:59+01:00,0,0,71,66,154,257,203,563,243,922,369,645,201,166,169,308,149,635,0,0,0,0,1,2,3,7,6,11,4,9,8,6,9,18,8,27,5121,119,0,0,0,0,0,0,0
2021-01-18T23:59:59+01:00,0,0,59,59,131,213,182,460,216,763,329,552,182,145,144,257,127,546,0,0,0,0,0,1,2,4,3,6,2,7,7,6,9,18,8,25,4365,98,0,0,0,0,0,0,0
2021-01-17T23:59:59+01:00,0,0,40,47,107,183,167,402,200,680,305,497,174,138,131,240,110,486,0,0,0,0,0,0,2,4,2,6,2,5,4,4,7,14,6,23,3907,79,0,0,0,0,0,0,0
2021-01-16T23:59:59+01:00,0,0,33,44,107,180,157,385,185,660,274,476,158,133,130,234,109,474,0,0,0,0,0,0,0,0,0,0,0,0,0,0,0,0,0,0,3739,0,0,0,0,0,0,0,0
2021-01-15T23:59:59+01:00,0,0,31,40,104,175,146,371,179,630,255,454,153,124,126,228,100,456,0,0,0,0,0,0,0,0,0,0,0,0,0,0,0,0,0,0,3572,0,0,0,0,0,0,0,0
2021-01-14T23:59:59+01:00,0,0,13,23,50,76,84,174,115,292,150,265,125,105,112,208,88,411,0,0,0,0,0,0,0,0,0,0,0,0,0,0,0,0,0,0,2291,0,0,0,0,0,0,0,0
2021-01-13T23:59:59+01:00,0,0,12,20,40,64,76,139,93,263,125,227,96,83,92,167,69,329,0,0,0,0,0,0,0,0,0,0,0,0,0,0,0,0,0,0,1895,0,0,0,0,0,0,0,0
2021-01-12T23:59:59+01:00,0,0,12,15,36,60,63,115,78,214,96,173,63,55,62,101,40,192,0,0,0,0,0,0,0,0,0,0,0,0,0,0,0,0,0,0,1375,0,0,0,0,0,0,0,0
2021-01-11T23:59:59+01:00,0,0,4,10,25,42,39,83,57,145,59,86,34,30,27,44,19,84,0,0,0,0,0,0,0,0,0,0,0,0,0,0,0,0,0,0,788,0,0,0,0,0,0,0,0
2021-01-10T23:59:59+01:00,0,0,3,6,18,30,34,58,38,98,38,54,17,10,10,23,13,37,0,0,0,0,0,0,0,0,0,0,0,0,0,0,0,0,0,0,487,0,0,0,0,0,0,0,0
2021-01-09T23:59:59+01:00,0,0,3,6,16,26,33,54,33,88,36,53,17,10,10,23,13,37,0,0,0,0,0,0,0,0,0,0,0,0,0,0,0,0,0,0,458,0,0,0,0,0,0,0,0
2021-01-08T23:59:59+01:00,0,0,3,6,13,25,29,44,27,78,32,49,16,10,9,21,12,36,0,0,0,0,0,0,0,0,0,0,0,0,0,0,0,0,0,0,410,0,0,0,0,0,0,0,0
2021-01-07T23:59:59+01:00,0,0,1,4,2,8,15,14,14,28,13,24,12,8,9,18,9,29,0,0,0,0,0,0,0,0,0,0,0,0,0,0,0,0,0,0,208,0,0,0,0,0,0,0,0
2021-01-06T23:59:59+01:00,0,0,1,0,2,4,14,12,9,22,11,19,12,8,9,18,9,29,0,0,0,0,0,0,0,0,0,0,0,0,0,0,0,0,0,0,179,0,0,0,0,0,0,0,0
2021-01-05T23:59:59+01:00,0,0,0,0,1,4,13,12,8,20,10,19,11,8,9,18,9,29,0,0,0,0,0,0,0,0,0,0,0,0,0,0,0,0,0,0,171,0,0,0,0,0,0,0,0
2021-01-04T23:59:59+01:00,0,0,0,0,1,4,13,11,7,16,8,17,11,8,9,18,9,29,0,0,0,0,0,0,0,0,0,0,0,0,0,0,0,0,0,0,161,0,0,0,0,0,0,0,0
2021-01-03T23:59:59+01:00,0,0,0,0,1,4,12,10,7,13,6,14,11,8,9,18,9,29,0,0,0,0,0,0,0,0,0,0,0,0,0,0,0,0,0,0,151,0,0,0,0,0,0,0,0
2021-01-02T23:59:59+01:00,0,0,0,0,1,4,12,10,7,13,6,14,11,8,9,18,9,29,0,0,0,0,0,0,0,0,0,0,0,0,0,0,0,0,0,0,151,0,0,0,0,0,0,0,0
2021-01-01T23:59:59+01:00,0,0,0,0,1,4,12,10,7,13,6,14,11,8,9,18,9,29,0,0,0,0,0,0,0,0,0,0,0,0,0,0,0,0,0,0,151,0,0,0,0,0,0,0,0
2020-12-31T23:59:59+01:00,0,0,0,0,1,4,12,10,7,13,6,14,11,8,9,18,9,29,0,0,0,0,0,0,0,0,0,0,0,0,0,0,0,0,0,0,151,0,0,0,0,0,0,0,0
2020-12-30T23:59:59+01:00,0,0,0,0,1,4,12,10,7,13,6,14,11,8,9,18,9,29,0,0,0,0,0,0,0,0,0,0,0,0,0,0,0,0,0,0,151,0,0,0,0,0,0,0,0
2020-12-29T23:59:59+01:00,0,0,0,0,1,4,8,9,7,13,4,12,11,8,9,18,9,29,0,0,0,0,0,0,0,0,0,0,0,0,0,0,0,0,0,0,142,0,0,0,0,0,0,0,0
2020-12-28T23:59:59+01:00,0,0,0,0,1,1,5,7,7,7,2,9,11,8,9,18,9,29,0,0,0,0,0,0,0,0,0,0,0,0,0,0,0,0,0,0,123,0,0,0,0,0,0,0,0
2020-12-27T23:59:59+01:00,0,0,0,0,0,0,2,4,2,6,1,6,5,6,8,15,8,26,0,0,0,0,0,0,0,0,0,0,0,0,0,0,0,0,0,0,89,0,0,0,0,0,0,0,0
