Datum,<24_1_m,<24_1_w,25-34_1_m,25-34_1_w,35-44_1_m,35-44_1_w,45-54_1_m,45-54_1_w,55-64_1_m,55-64_1_w,65-74_1_m,65-74_1_w,75-84_1_m,75-84_1_w,>84_1_m,>84_1_w,<24_2_m,<24_2_w,25-34_2_m,25-34_2_w,35-44_2_m,35-44_2_w,45-54_2_m,45-54_2_w,55-64_2_m,55-64_2_w,65-74_2_m,65-74_2_w,75-84_2_m,75-84_2_w,>84_2_m,>84_2_w,bp_1,bp_2,mo_1,mo_2,az_1,az_2,ja
2021-06-04T23:59:59+02:00,2822,2952,4961,5118,6630,7912,11132,12393,16351,16970,14478,15155,8265,10390,2272,4526,1008,1022,1655,2179,2131,3556,3113,5294,4660,5256,7144,7137,6153,7643,2131,4247,98108,41728,13954,7941,27489,11884,2776
2021-06-03T23:59:59+02:00,2704,2806,4813,4949,6435,7668,10329,11694,15887,16613,14471,15147,8263,10385,2271,4525,990,984,1612,2123,2082,3475,3021,5186,4517,5100,7040,7007,6142,7619,2131,4245,94804,40801,13932,7931,27484,11802,2740
2021-06-02T23:59:59+02:00,2681,2785,4773,4918,6379,7632,10230,11614,15842,16569,14466,15143,8262,10381,2271,4524,979,971,1590,2104,2033,3438,2923,5095,4116,4661,6560,6451,6102,7570,2128,4237,94317,38535,13932,7927,27484,11759,2737
2021-06-01T23:59:59+02:00,2611,2741,4654,4826,6228,7524,10045,11486,15759,16518,14463,15141,8259,10375,2270,4521,942,939,1525,2057,1925,3376,2757,5000,3922,4524,6369,6245,6078,7555,2126,4231,93533,37477,13884,7907,27471,11654,2533
2021-05-31T23:59:59+02:00,2549,2676,4561,4729,6090,7393,9854,11355,15690,16474,14458,15134,8256,10375,2270,4521,917,899,1477,2003,1857,3333,2632,4953,3826,4457,6024,5850,6057,7533,2124,4225,92816,36399,13799,7903,27462,11557,2308
2021-05-30T23:59:59+02:00,2520,2649,4502,4665,5999,7333,9782,11299,15661,16456,14457,15132,8256,10375,2270,4521,902,883,1456,1985,1804,3304,2491,4921,3740,4444,6023,5848,6057,7533,2124,4225,92371,36086,13760,7883,27452,11477,2294
2021-05-29T23:59:59+02:00,2501,2634,4485,4652,5981,7321,9771,11286,15657,16453,14456,15132,8256,10375,2270,4521,880,807,1349,1730,1676,2925,2282,4367,3466,4058,5947,5755,5953,7416,2123,4225,92248,36039,13758,7878,27451,8748,2294
2021-05-28T23:59:59+02:00,2476,2607,4447,4605,5940,7280,9691,11212,15597,16409,14454,15130,8256,10375,2270,4520,859,700,1268,1476,1575,2496,2098,3681,3138,3452,5392,5098,5880,7340,2120,4214,91783,34747,13745,7878,27448,5869,2293
2021-05-27T23:59:59+02:00,2425,2566,4357,4540,5813,7204,9538,11110,15519,16336,14452,15129,8256,10373,2270,4520,830,656,1233,1399,1532,2362,2032,3529,2995,3317,4996,4655,5849,7302,2112,4188,91111,33640,13597,7869,27422,5200,2278
2021-05-26T23:59:59+02:00,2342,2439,4150,4391,5465,6931,8463,10278,14910,15753,14443,15123,8252,10368,2269,4517,818,635,1204,1342,1489,2305,1970,3405,2795,3150,3752,3328,5795,7233,2092,4138,90342,30406,10090,7855,27409,4937,2253
2021-05-25T23:59:59+02:00,2293,2396,4064,4323,5372,6868,8324,10169,14544,15321,14404,15091,8246,10356,2268,4514,804,623,1178,1304,1467,2281,1948,3382,2771,3124,3748,3320,5788,7231,2090,4137,89011,30321,9946,7846,27395,4828,2201
2021-05-24T23:59:59+02:00,2257,2345,3979,4250,5265,6787,8189,10031,14039,14705,14365,15044,8241,10344,2267,4510,795,614,1157,1292,1433,2270,1933,3364,2748,3104,3725,3297,5772,7212,2082,4122,87223,30193,9870,7796,27384,4790,2141
2021-05-23T23:59:59+02:00,2247,2331,3959,4227,5248,6775,8134,9995,13969,14648,14355,15039,8240,10344,2266,4510,787,604,1146,1280,1409,2248,1883,3328,2636,3001,3236,2771,5294,6586,2068,4080,86992,30021,9770,5426,27384,4769,2141
2021-05-22T23:59:59+02:00,2068,2288,3634,4178,4856,6732,7905,9930,13873,14595,14349,15039,8240,10343,2266,4510,613,569,832,1240,1039,2212,1672,3265,2549,2950,3232,2770,5294,6585,2068,4080,86850,30009,9770,5426,27384,4733,802
2021-05-21T23:59:59+02:00,1973,2165,3471,3977,4667,6436,7480,9549,12609,13271,14231,14927,8204,10299,2260,4503,612,555,823,1239,1037,2204,1625,3230,2461,2875,3080,2637,5273,6542,2065,4069,82112,29385,9730,5426,27379,4715,801
2021-05-20T23:59:59+02:00,1931,2123,3372,3922,4559,6358,7307,9470,12405,13051,14219,14917,8202,10293,2259,4502,592,537,780,1195,978,2142,1501,3150,2338,2786,2899,2473,5241,6470,2058,4056,81292,28651,9630,5411,27323,4489,645
2021-05-19T23:59:59+02:00,1903,2091,3312,3869,4461,6295,7204,9408,12175,12797,14211,14912,8200,10292,2259,4501,584,516,760,1166,960,2069,1361,2971,1981,2496,2393,2013,5145,6351,2038,4019,80490,26594,9496,5396,27297,4226,607
2021-05-18T23:59:59+02:00,1832,2052,3224,3778,4348,6189,7040,9250,11908,12555,14169,14869,8190,10268,2257,4494,581,501,744,1152,944,2052,1258,2893,1673,2250,2010,1719,5071,6264,2023,3985,79414,25084,9295,5386,27228,4164,486
2021-05-17T23:59:59+02:00,1774,1961,3082,3612,4140,5886,6673,8785,11394,12047,14078,14794,8175,10243,2252,4487,579,494,737,1145,925,2045,1233,2869,1646,2212,1995,1704,5065,6258,2020,3982,76546,25023,9260,5372,27203,4140,374
2021-05-16T23:59:59+02:00,1751,1937,3027,3573,4038,5788,6523,8655,11228,11928,14062,14773,8167,10235,2252,4486,569,487,716,1131,898,2031,1204,2844,1615,2189,1990,1696,5063,6254,2017,3980,75809,24995,9204,5354,27172,4097,238
2021-05-15T23:59:59+02:00,1649,1824,2806,3397,3810,5501,6135,8167,10924,11681,13981,14716,8152,10207,2248,4480,568,486,713,1128,898,2029,1200,2843,1610,2182,1975,1687,5061,6248,2017,3978,73072,24940,9204,5354,27165,4092,237
2021-05-14T23:59:59+02:00,1603,1757,2699,3306,3662,5326,5933,7878,10718,11459,13949,14679,8140,10189,2246,4475,516,439,635,952,830,1719,1063,2422,1426,1894,1960,1671,5059,6240,2016,3973,71447,24881,9198,5353,27141,2348,233
2021-05-13T23:59:59+02:00,1534,1685,2603,3227,3493,5192,5705,7661,10530,11307,13923,14654,8135,10188,2244,4472,509,424,606,927,716,1601,974,2349,1165,1687,1212,1054,4878,6051,2009,3942,70307,24767,8916,2832,27112,2287,218
2021-05-12T23:59:59+02:00,1527,1676,2587,3222,3476,5180,5686,7649,10516,11295,13923,14651,8134,10186,2243,4472,509,423,605,925,713,1601,969,2347,1160,1681,1200,1045,4864,6014,1978,3889,70204,24590,8892,2832,27110,2284,217
2021-05-11T23:59:59+02:00,1479,1627,2511,3139,3360,5055,5490,7494,10244,11001,13880,14602,8123,10169,2239,4465,503,408,587,913,691,1587,942,2322,1135,1657,1145,1006,4806,5913,1940,3778,68889,24113,8768,2814,27024,2209,197
2021-05-10T23:59:59+02:00,1449,1593,2439,3065,3236,4932,5352,7319,9934,10643,13842,14567,8114,10152,2236,4463,500,405,575,901,680,1573,930,2304,1119,1643,1109,975,4745,5823,1902,3676,67545,23704,8650,2811,26953,2157,188
2021-05-09T23:59:59+02:00,1427,1571,2401,3055,3159,4899,5279,7283,9880,10599,13832,14554,8113,10149,2236,4461,488,402,565,894,658,1555,905,2285,1109,1630,1092,958,4729,5786,1889,3637,67311,23547,8577,2809,26909,2125,101
2021-05-08T23:59:59+02:00,1422,1566,2386,3044,3144,4889,5241,7269,9856,10594,13832,14553,8113,10149,2236,4461,488,402,565,894,657,1555,905,2284,1108,1629,1092,958,4728,5786,1889,3637,67174,23546,8572,2806,26908,2124,101
2021-05-07T23:59:59+02:00,1402,1543,2344,3004,3087,4833,5144,7181,9641,10353,13821,14537,8107,10144,2233,4458,437,371,532,815,618,1392,828,2069,1023,1460,1070,940,4711,5764,1887,3632,66284,23448,8566,2803,26881,1197,101
2021-05-06T23:59:59+02:00,1237,1425,2116,2755,2779,4521,4745,6746,9083,9764,13563,14314,8075,10104,2231,4457,432,366,521,792,601,1360,807,2033,994,1436,1046,903,4703,5755,1885,3628,62634,23319,8438,2753,26749,1096,94
2021-05-05T23:59:59+02:00,1167,1364,2005,2642,2610,4338,4434,6474,8102,8568,13498,14252,8037,10063,2221,4442,430,363,512,784,583,1351,774,2018,971,1416,970,841,4670,5691,1878,3615,59150,23014,8392,2734,26627,1071,48
2021-05-04T23:59:59+02:00,1143,1341,1950,2604,2505,4268,4204,6356,7674,8186,13171,13868,8010,10030,2216,4435,427,361,506,781,573,1342,755,2002,955,1409,951,819,4655,5678,1875,3606,57119,22884,8334,2721,26467,1049,41
2021-05-03T23:59:59+02:00,1109,1299,1889,2550,2391,4155,3986,6228,7225,7751,12767,13398,7977,9997,2211,4421,421,359,504,777,561,1334,749,1992,940,1399,929,795,4639,5662,1870,3593,54716,22781,8309,2712,26329,1031,0
2021-05-02T23:59:59+02:00,1100,1298,1872,2544,2365,4147,3941,6218,7197,7744,12766,13397,7977,9997,2211,4421,421,359,501,777,560,1332,745,1992,939,1395,927,791,4638,5659,1870,3593,54583,22765,8305,2710,26307,1024,0
2021-05-01T23:59:59+02:00,1100,1296,1865,2542,2355,4141,3930,6209,7186,7736,12765,13396,7977,9997,2211,4421,421,359,501,777,560,1332,744,1991,937,1395,927,791,4638,5659,1870,3593,54517,22765,8305,2706,26305,1024,0
2021-04-30T23:59:59+02:00,1083,1288,1844,2529,2330,4108,3896,6173,7080,7653,12703,13327,7975,9994,2209,4409,357,301,469,691,527,1148,716,1764,904,1204,915,785,4636,5657,1870,3593,54029,22751,8304,2702,26268,84,0
2021-04-29T23:59:59+02:00,1025,1263,1797,2492,2264,4052,3760,6053,6801,7401,12497,13116,7958,9968,2205,4403,352,299,461,686,524,1140,707,1755,898,1198,907,775,4627,5649,1870,3592,52522,22681,8289,2696,26244,63,0
2021-04-28T23:59:59+02:00,953,1226,1721,2428,2112,3929,3438,5793,6095,6779,11819,12337,7905,9885,2182,4376,351,296,459,679,515,1124,695,1737,890,1192,892,758,4610,5624,1868,3592,48492,22561,8283,2678,26203,43,0
2021-04-27T23:59:59+02:00,939,1219,1704,2407,2065,3910,3364,5764,5976,6662,11796,12322,7903,9883,2182,4374,349,294,453,677,507,1120,685,1724,882,1185,880,747,4608,5620,1867,3586,48014,22486,8280,2663,26176,35,0
2021-04-26T23:59:59+02:00,930,1205,1672,2390,1999,3866,3175,5685,5630,6343,11265,11715,7859,9825,2178,4365,347,293,452,675,502,1115,671,1716,876,1178,871,740,4604,5614,1867,3583,45698,22438,8271,2636,26133,30,0
2021-04-25T23:59:59+02:00,919,1203,1657,2383,1958,3845,3039,5666,5553,6338,11261,11712,7855,9819,2177,4364,346,293,452,675,502,1108,671,1713,873,1177,871,739,4604,5614,1867,3583,45372,22433,8265,2632,26112,23,0
2021-04-24T23:59:59+02:00,902,1192,1636,2363,1916,3795,2930,5591,5189,5993,10684,11021,7827,9771,2176,4363,346,293,452,675,502,1107,670,1712,871,1176,867,733,4595,5601,1865,3582,42977,22397,8265,2628,26107,22,0
2021-04-23T23:59:59+02:00,893,1184,1625,2353,1887,3765,2889,5540,4997,5763,10408,10688,7792,9733,2173,4356,346,292,452,675,502,1106,669,1712,869,1176,867,731,4592,5599,1865,3582,41687,22386,8265,2627,26094,22,0
2021-04-22T23:59:59+02:00,876,1161,1592,2314,1836,3692,2797,5450,4827,5592,10295,10517,7779,9703,2171,4350,346,290,450,665,500,1100,660,1702,866,1168,861,727,4590,5596,1865,3581,40688,22351,8239,2602,26025,14,0
2021-04-21T23:59:59+02:00,864,1146,1567,2303,1781,3645,2678,5356,4393,5104,9768,9909,7732,9648,2169,4340,345,290,446,663,500,1099,656,1700,860,1162,850,717,4581,5584,1865,3577,38182,22304,8222,2579,25999,12,0
2021-04-20T23:59:59+02:00,855,1130,1548,2279,1749,3614,2620,5292,4246,5000,9587,9707,7712,9639,2168,4338,345,289,446,662,499,1097,656,1695,857,1158,844,713,4578,5580,1865,3577,37347,22275,8211,2574,25926,12,0
2021-04-19T23:59:59+02:00,848,1118,1537,2272,1730,3597,2587,5260,4175,4929,9227,9307,7689,9616,2166,4333,345,287,445,659,497,1094,652,1693,851,1155,840,706,4570,5579,1865,3575,36321,22238,8199,2563,25871,12,0
2021-04-18T23:59:59+02:00,844,1115,1532,2267,1712,3590,2569,5248,4166,4926,9221,9297,7689,9615,2166,4333,344,286,445,656,495,1091,651,1690,849,1155,839,703,4570,5578,1865,3575,36262,22230,8179,2550,25849,12,0
2021-04-17T23:59:59+02:00,826,1106,1427,2259,1627,3577,2528,5211,4042,4803,8560,8628,7676,9607,2166,4333,343,286,444,654,494,1091,650,1689,848,1153,839,703,4569,5578,1865,3575,36254,22219,8179,2550,23943,12,0
2021-04-16T23:59:59+02:00,807,1086,1283,2237,1487,3552,2436,5138,3811,4557,7308,7166,7641,9564,2154,4305,342,284,440,648,489,1088,641,1686,841,1146,833,696,4563,5570,1863,3573,34879,22147,8170,2546,21483,10,0
2021-04-15T23:59:59+02:00,785,1075,1272,2223,1465,3532,2378,5099,3720,4485,6891,6687,7598,9500,2135,4240,333,276,426,639,472,1075,608,1660,806,1118,718,608,4096,5082,1842,3546,33561,22093,8112,1206,21412,6,0
2021-04-14T23:59:59+02:00,780,1068,1247,2215,1437,3513,2330,5057,3530,4351,5607,5326,7552,9435,2116,4209,325,271,423,633,465,1071,603,1652,800,1114,701,593,4085,5073,1839,3542,30335,22009,8102,1176,21336,5,0
2021-04-13T23:59:59+02:00,776,1068,1239,2210,1423,3510,2316,5044,3511,4336,5593,5310,7547,9431,2115,4207,325,269,421,632,462,1068,600,1647,786,1112,687,588,4083,5072,1839,3542,30255,21989,8080,1139,21301,5,0
2021-04-12T23:59:59+02:00,770,1057,1225,2202,1406,3500,2285,5029,3483,4312,5571,5296,7538,9419,2112,4177,324,268,419,632,462,1062,598,1642,777,1104,682,586,4080,5071,1839,3542,30131,21964,8035,1119,21216,5,0
2021-04-11T23:59:59+02:00,760,1053,1210,2190,1388,3481,2212,5004,3352,4212,5027,4723,7016,8750,2105,4173,324,268,417,632,461,1061,593,1639,774,1103,678,583,4076,5066,1839,3542,30103,21959,5423,1092,21130,5,0
2021-04-10T23:59:59+02:00,760,1052,1209,2189,1386,3478,2211,5001,3349,4203,4984,4677,7013,8745,2105,4172,319,262,414,623,449,1046,567,1621,738,1076,570,486,3539,4461,1796,3466,29985,20336,5420,1092,21129,5,0
2021-04-09T23:59:59+02:00,757,1051,1201,2186,1381,3475,2169,4973,3257,4120,4808,4520,6983,8697,2101,4159,308,255,400,605,435,1035,541,1603,717,1047,449,399,2921,3652,1753,3392,29302,18416,5416,1091,21120,5,0
2021-04-08T23:59:59+02:00,746,1040,1186,2172,1364,3447,2091,4909,3109,4011,3722,3338,6798,8384,2093,4146,293,245,383,588,410,1018,520,1574,687,1025,431,378,2914,3645,1750,3389,28508,18201,5368,1044,18680,5,0
2021-04-07T23:59:59+02:00,739,1034,1172,2162,1343,3431,1952,4799,2756,3754,3170,2845,6699,8260,2071,4103,278,236,350,560,373,986,479,1538,652,1000,403,354,2855,3585,1747,3382,26331,17749,5349,1025,18610,4,0
2021-04-06T23:59:59+02:00,722,1024,1141,2153,1319,3413,1813,4737,2453,3555,2766,2542,6623,8169,2053,4071,249,220,316,535,349,969,442,1515,618,966,369,316,2800,3512,1742,3374,24738,17280,5335,1008,18481,4,0
2021-04-05T23:59:59+02:00,718,1022,1130,2149,1316,3410,1799,4726,2443,3538,2120,1850,5876,7222,2051,4071,249,220,315,531,344,962,438,1514,613,962,366,312,2799,3508,1742,3372,24708,17270,5325,973,15408,4,0
2021-04-04T23:59:59+02:00,717,1022,1129,2149,1316,3410,1799,4725,2440,3537,2120,1846,5876,7219,2051,4071,249,220,315,531,344,962,437,1514,613,962,366,312,2798,3508,1742,3372,24700,17268,5325,973,15402,4,0
2021-04-03T23:59:59+02:00,717,1022,1129,2148,1316,3410,1797,4723,2437,3537,2119,1844,5875,7219,2051,4071,249,220,315,531,344,962,437,1514,612,962,366,312,2798,3508,1742,3372,24694,17267,5321,973,15400,4,0
2021-04-02T23:59:59+02:00,717,1021,1129,2148,1312,3409,1795,4717,2435,3535,2108,1834,5867,7203,2047,4060,249,219,315,529,344,962,436,1512,611,955,364,312,2798,3507,1742,3372,24626,17250,5317,973,15394,4,0
2021-04-01T23:59:59+02:00,713,1009,1104,2128,1199,3302,1718,4663,2174,3330,1345,1207,5698,7024,2039,4036,245,218,315,528,343,961,435,1510,610,954,362,310,2798,3507,1742,3368,24520,17238,2812,964,15357,4,0
2021-03-31T23:59:59+02:00,711,1008,1101,2124,1194,3294,1706,4657,2156,3317,1319,1172,5670,6969,1999,3943,244,218,315,527,342,961,435,1509,609,952,359,308,2794,3506,1741,3367,24202,17227,2798,956,15340,4,0
2021-03-30T23:59:59+02:00,708,1000,1096,2119,1187,3289,1697,4643,2146,3303,1267,1125,5588,6828,1959,3809,244,217,315,526,339,957,430,1507,602,941,345,297,2667,3320,1647,3176,23676,16611,2776,915,15312,4,0
2021-03-29T23:59:59+02:00,706,998,1091,2111,1178,3282,1689,4629,2132,3291,1231,1090,5525,6727,1909,3691,244,216,314,525,336,955,427,1503,599,936,335,290,2386,2976,1482,2879,23232,15486,2753,913,15295,4,0
2021-03-28T23:59:59+02:00,706,994,1089,2106,1174,3274,1686,4620,2129,3287,1215,1078,5515,6706,1899,3661,242,216,312,521,330,952,425,1495,595,922,330,281,2381,2964,1481,2877,23126,15460,2735,860,15278,4,0
2021-03-27T23:59:59+01:00,647,922,1012,2033,1089,3159,1564,4506,2035,3210,1148,1005,4920,5984,1899,3661,240,215,312,521,330,952,420,1492,593,920,330,281,2380,2963,1481,2877,23111,15444,2731,860,12952,3,0
2021-03-26T23:59:59+01:00,642,915,1006,2024,1088,3154,1553,4498,2015,3202,1103,975,4896,5951,1898,3657,239,212,311,519,328,951,418,1491,589,913,320,276,1873,2268,1171,2316,22918,13338,2722,854,12937,3,0
2021-03-25T23:59:59+01:00,639,909,993,2012,1086,3149,1544,4487,2001,3192,1093,964,4889,5947,1898,3656,238,209,310,518,326,944,415,1486,585,903,315,272,1770,2133,1143,2257,22872,12990,2713,831,12874,3,0
2021-03-24T23:59:59+01:00,637,904,979,1997,1075,3136,1515,4471,1990,3181,1058,933,4864,5916,1893,3651,238,209,309,516,323,940,411,1479,575,887,300,261,1408,1700,1024,2043,22731,11851,2688,769,12781,3,0
2021-03-23T23:59:59+01:00,634,895,975,1987,1069,3125,1509,4458,1980,3177,1046,923,4846,5900,1893,3649,237,209,307,513,316,937,410,1479,569,883,293,254,1140,1398,941,1904,22657,11039,2679,748,12730,3,0
2021-03-22T23:59:59+01:00,633,884,972,1978,1065,3114,1499,4444,1969,3169,1043,920,4841,5899,1893,3649,235,209,306,511,315,936,407,1476,566,879,289,250,1138,1395,941,1902,22635,11023,2664,729,12673,3,0
2021-03-21T23:59:59+01:00,631,878,969,1972,1062,3108,1494,4434,1961,3162,1040,919,4841,5898,1893,3649,235,209,306,509,314,932,407,1471,559,877,280,246,1133,1390,941,1902,22632,11022,2650,686,12629,3,0
2021-03-20T23:59:59+01:00,626,867,963,1958,1047,3093,1467,4415,1924,3131,930,819,4292,5276,1849,3569,235,209,306,509,314,932,407,1471,559,877,280,246,1133,1390,940,1901,20967,11020,2650,686,12609,3,0
2021-03-19T23:59:59+01:00,616,857,943,1928,1024,3078,1431,4392,1897,3095,803,728,3653,4450,1808,3493,232,209,305,509,313,929,405,1469,554,871,278,245,1112,1370,917,1868,18987,10999,2639,584,12570,3,0
2021-03-18T23:59:59+01:00,601,837,927,1909,1001,3052,1395,4349,1852,3047,678,637,3166,3941,1788,3466,227,207,301,504,311,921,402,1463,552,865,274,240,993,1249,822,1703,18912,10621,1241,410,12493,3,0
2021-03-17T23:59:59+01:00,599,825,916,1889,990,3036,1372,4327,1834,3031,649,613,3081,3850,1783,3461,225,206,299,502,308,920,395,1458,549,860,271,236,699,917,572,1315,18607,9699,1203,33,12446,0,0
2021-03-16T23:59:59+01:00,596,810,903,1873,974,3022,1354,4313,1807,3016,624,599,3033,3776,1782,3457,225,206,298,502,307,918,392,1456,545,855,266,232,426,645,409,1040,18402,8695,1164,27,12373,0,0
2021-03-15T23:59:59+01:00,596,796,899,1857,966,3001,1348,4308,1797,3005,618,597,3032,3775,1782,3457,224,206,297,501,306,918,391,1455,543,855,266,232,426,644,408,1040,18389,8688,1142,24,12303,0,0
2021-03-14T23:59:59+01:00,595,790,892,1844,960,2997,1338,4294,1785,2994,615,593,3027,3772,1782,3457,224,206,296,501,305,916,389,1453,543,855,266,232,426,644,408,1040,18384,8686,1115,18,12236,0,0
2021-03-13T23:59:59+01:00,569,717,784,1579,834,2602,1132,3725,1510,2607,549,509,2929,3658,1781,3456,224,206,296,501,305,916,389,1453,543,855,266,232,426,644,408,1040,18380,8686,1115,18,9446,0,0
2021-03-12T23:59:59+01:00,550,609,717,1308,739,2174,951,3023,1214,2007,474,435,2892,3618,1781,3456,224,205,296,501,305,914,388,1452,543,854,266,231,402,613,369,986,18358,8531,1114,18,6476,0,0
2021-03-11T23:59:59+01:00,525,567,684,1238,691,2063,893,2869,1116,1900,442,392,2880,3610,1780,3456,224,205,295,499,304,913,388,1449,542,854,266,230,383,590,327,948,18174,8402,1066,15,5866,0,0
2021-03-10T23:59:59+01:00,510,554,645,1201,652,2032,853,2831,1081,1873,425,379,2867,3592,1779,3452,219,202,292,492,304,913,383,1441,537,848,262,224,215,449,145,724,17897,7641,1046,9,5783,0,0
2021-03-09T23:59:59+01:00,490,536,616,1173,633,2012,831,2803,1060,1850,406,362,2748,3416,1682,3255,219,202,290,490,303,912,382,1438,537,845,260,223,215,448,145,724,17137,7633,1031,0,5705,0,0
2021-03-08T23:59:59+01:00,475,510,596,1145,614,1992,815,2782,1041,1821,381,335,2460,3063,1514,2957,219,201,290,488,302,907,382,1433,537,843,259,221,215,447,145,724,15892,7613,1003,0,5606,0,0
2021-03-07T23:59:59+01:00,473,505,588,1128,604,1984,812,2768,1037,1814,380,333,2455,3055,1513,2956,219,201,290,487,302,905,382,1430,537,843,259,221,215,447,145,724,15866,7607,994,0,5545,0,0
2021-03-06T23:59:59+01:00,473,500,584,1117,601,1983,806,2759,1032,1809,380,333,2455,3055,1513,2956,219,201,290,487,302,905,382,1430,537,842,258,221,215,447,145,724,15858,7605,994,0,5504,0,0
2021-03-05T23:59:59+01:00,467,483,577,1104,596,1976,801,2751,1025,1801,365,324,1916,2326,1197,2363,216,196,286,487,299,904,380,1427,535,838,258,221,215,447,145,724,13622,7578,994,0,5456,0,0
2021-03-04T23:59:59+01:00,456,450,549,1073,577,1913,774,2696,1004,1760,361,319,1813,2194,1168,2304,205,189,278,478,298,897,378,1413,533,835,257,221,215,447,145,724,13268,7513,988,0,5155,0,0
2021-03-03T23:59:59+01:00,453,440,539,1043,560,1876,750,2648,988,1729,353,314,1453,1760,1046,2085,204,188,277,477,297,896,374,1405,531,829,255,219,214,444,143,721,12110,7474,979,0,4948,0,0
2021-03-02T23:59:59+01:00,449,431,531,1012,546,1854,741,2625,978,1712,344,304,1174,1453,960,1945,204,186,276,465,293,891,374,1395,531,824,255,219,214,444,143,721,11286,7435,944,0,4829,0,0
2021-03-01T23:59:59+01:00,447,423,521,985,527,1828,729,2597,971,1697,340,299,1172,1447,960,1942,203,183,276,456,290,880,372,1380,529,820,253,217,213,443,143,721,11268,7379,908,0,4709,0,0
2021-02-28T23:59:59+01:00,444,419,517,976,523,1817,726,2587,965,1683,337,295,1172,1445,960,1942,202,182,276,456,290,879,372,1380,528,820,253,217,213,443,143,721,11268,7375,881,0,4659,0,0
2021-02-27T23:59:59+01:00,443,415,512,970,521,1812,723,2578,962,1681,336,294,1172,1445,959,1942,202,182,276,456,290,879,371,1380,528,820,253,217,213,443,143,721,11267,7374,881,0,4617,0,0
2021-02-26T23:59:59+01:00,392,361,435,786,449,1471,584,2149,791,1381,325,284,1172,1442,959,1942,202,180,276,453,288,868,369,1375,526,817,253,217,213,443,143,721,11256,7344,870,0,2797,0,0
2021-02-25T23:59:59+01:00,372,350,423,763,437,1435,570,2105,774,1347,316,277,1079,1342,897,1830,148,166,259,447,279,856,359,1360,521,813,253,215,213,443,143,721,10854,7196,840,0,2623,0,0
2021-02-24T23:59:59+01:00,367,342,417,746,431,1397,553,2052,752,1311,308,266,847,1082,736,1553,148,160,258,441,275,847,358,1346,514,807,250,213,212,442,142,719,9913,7132,798,0,2449,0,0
2021-02-23T23:59:59+01:00,363,329,409,731,421,1375,543,2015,735,1295,296,257,568,798,570,1283,148,159,257,439,273,840,358,1337,513,803,249,212,211,442,140,718,8903,7099,754,0,2331,0,0
2021-02-22T23:59:59+01:00,363,326,408,724,420,1368,538,2006,731,1291,296,254,567,796,570,1282,148,153,252,429,270,822,355,1313,508,797,246,211,211,442,140,718,8898,7015,742,0,2300,0,0
2021-02-21T23:59:59+01:00,360,325,405,719,418,1361,536,1996,724,1288,287,250,562,791,569,1282,148,152,251,429,269,820,352,1310,501,794,245,210,210,441,139,709,8894,6980,701,0,2278,0,0
2021-02-20T23:59:59+01:00,360,322,405,717,418,1352,535,1987,722,1285,287,250,562,791,569,1282,148,152,251,429,269,820,351,1310,501,794,245,210,210,441,139,709,8894,6979,701,0,2249,0,0
2021-02-19T23:59:59+01:00,313,291,372,632,381,1179,472,1766,614,1091,284,244,517,738,507,1191,148,152,251,429,268,820,351,1310,501,794,245,210,210,441,139,709,8667,6978,595,0,1330,0,0
2021-02-18T23:59:59+01:00,311,285,364,621,369,1160,459,1749,606,1085,284,242,448,669,415,1082,145,148,246,424,262,814,348,1301,498,793,243,209,210,441,139,709,8485,6930,418,0,1246,0,0
2021-02-17T23:59:59+01:00,304,279,353,608,360,1150,438,1732,599,1076,279,235,219,461,149,740,136,133,243,420,257,796,342,1285,492,785,239,207,209,441,139,709,7759,6833,31,0,1192,0,0
2021-02-16T23:59:59+01:00,300,277,343,605,351,1141,430,1719,595,1070,276,232,218,460,149,740,102,117,225,395,246,768,326,1244,460,749,219,192,201,426,138,702,7751,6510,27,0,1128,0,0
2021-02-15T23:59:59+01:00,298,276,341,601,349,1133,429,1709,591,1065,276,232,218,459,148,740,101,115,221,384,237,754,317,1215,443,728,208,185,189,397,131,653,7743,6278,24,0,1098,0,0
2021-02-14T23:59:59+01:00,296,272,336,600,345,1124,425,1703,588,1062,276,232,218,459,148,740,97,113,214,378,234,746,311,1199,440,718,207,182,189,386,131,644,7733,6189,19,0,1072,0,0
2021-02-13T23:59:59+01:00,296,272,336,600,345,1124,424,1703,588,1061,275,232,218,459,148,740,97,113,214,378,234,746,311,1199,440,718,207,182,189,386,131,644,7731,6189,19,0,1071,0,0
2021-02-12T23:59:59+01:00,225,207,297,509,314,928,393,1460,552,858,268,229,218,459,148,740,94,112,211,377,231,743,305,1194,437,713,205,181,189,386,131,644,7719,6153,19,0,67,0,0
2021-02-11T23:59:59+01:00,222,205,292,497,308,913,387,1442,544,851,268,229,218,459,148,740,93,106,198,347,220,704,285,1136,422,675,204,178,189,381,131,641,7679,5910,16,0,28,0,0
2021-02-10T23:59:59+01:00,219,198,288,492,304,910,380,1431,542,843,266,227,216,457,148,739,86,99,182,317,207,643,268,1049,399,631,194,163,174,349,119,598,7637,5478,10,0,13,0,0
2021-02-09T23:59:59+01:00,212,191,286,481,303,903,380,1419,540,836,263,226,216,456,148,739,75,79,143,251,175,537,234,845,339,516,177,135,154,313,110,532,7591,4615,2,0,6,0,0
2021-02-08T23:59:59+01:00,207,184,283,470,298,891,376,1401,534,830,259,222,215,454,146,736,43,58,101,157,127,290,168,461,244,343,154,110,125,260,89,435,7498,3165,2,0,6,0,0
2021-02-07T23:59:59+01:00,205,182,280,469,297,889,375,1399,533,830,258,221,215,454,146,736,25,48,84,136,122,269,157,428,229,317,146,104,116,248,84,402,7488,2915,1,0,0,0,0
2021-02-06T23:59:59+01:00,205,182,280,469,297,889,375,1399,533,830,258,221,215,454,146,736,25,45,81,133,111,255,148,410,196,294,133,104,115,243,83,391,7488,2767,1,0,0,0,0
2021-02-05T23:59:59+01:00,205,180,280,466,296,875,372,1394,530,827,258,220,215,454,146,735,24,40,77,125,105,241,141,384,184,276,126,100,112,237,76,375,7452,2623,1,0,0,0,0
2021-02-04T23:59:59+01:00,196,175,280,462,290,864,369,1382,521,821,257,218,214,453,146,733,14,25,51,85,81,184,116,293,152,226,111,90,101,219,68,335,7381,2151,0,0,0,0,0
2021-02-03T23:59:59+01:00,178,169,273,456,286,860,367,1371,521,820,256,218,214,453,146,732,14,23,44,71,74,149,92,266,133,189,90,76,87,187,62,294,7320,1851,0,0,0,0,0
2021-02-02T23:59:59+01:00,155,163,263,453,282,853,363,1361,520,817,255,218,213,453,145,731,13,20,35,65,63,126,74,217,105,143,59,55,62,119,40,189,7245,1385,0,0,0,0,0
2021-02-01T23:59:59+01:00,150,156,257,439,279,835,362,1336,514,807,251,216,213,453,145,731,7,13,17,35,38,72,42,108,58,61,24,28,28,48,22,97,7144,698,0,0,0,0,0
2021-01-31T23:59:59+01:00,149,153,254,437,278,831,360,1331,510,805,251,213,212,452,145,731,5,9,14,22,31,52,29,59,37,38,12,9,13,29,17,59,7112,435,0,0,0,0,0
2021-01-30T23:59:59+01:00,149,153,254,437,278,829,359,1331,510,805,251,213,212,452,145,731,5,9,12,18,28,46,24,50,34,37,12,9,13,29,17,59,7109,402,0,0,0,0,0
2021-01-29T23:59:59+01:00,149,153,254,437,277,829,359,1331,510,805,251,213,212,452,145,731,4,8,8,17,26,37,19,42,30,34,12,9,12,27,17,59,7108,361,0,0,0,0,0
2021-01-28T23:59:59+01:00,147,150,250,429,272,825,357,1323,506,804,251,213,212,452,145,731,1,3,2,7,15,15,11,20,12,18,8,5,6,15,4,23,7067,165,0,0,0,0,0
2021-01-27T23:59:59+01:00,138,140,249,425,268,816,353,1315,500,799,246,211,211,451,145,731,0,0,1,3,11,11,8,15,10,13,7,5,6,15,4,23,6998,132,0,0,0,0,0
2021-01-26T23:59:59+01:00,106,124,233,412,260,788,341,1278,475,768,226,199,203,437,145,723,0,0,1,3,11,11,8,15,10,13,7,5,6,15,4,23,6718,132,0,0,0,0,0
2021-01-25T23:59:59+01:00,103,117,230,392,245,768,329,1243,454,747,213,190,193,411,140,675,0,0,1,3,11,8,7,9,7,9,7,5,6,15,4,23,6450,115,0,0,0,0,0
2021-01-24T23:59:59+01:00,103,115,226,386,244,764,326,1227,452,736,212,187,193,400,140,665,0,0,1,3,11,8,7,9,7,9,7,5,6,15,4,23,6376,115,0,0,0,0,0
2021-01-23T23:59:59+01:00,103,115,226,386,244,764,326,1227,452,736,212,187,193,400,140,665,0,0,1,3,11,8,7,9,7,9,7,5,6,15,4,23,6376,115,0,0,0,0,0
2021-01-22T23:59:59+01:00,103,114,224,384,244,761,322,1223,448,732,210,186,193,400,140,665,0,0,1,3,11,8,7,9,7,9,7,5,6,15,4,23,6349,115,0,0,0,0,0
2021-01-21T23:59:59+01:00,103,108,207,352,234,721,298,1166,435,707,209,182,192,394,139,662,0,0,1,1,9,7,6,7,6,8,7,5,6,15,4,23,6109,105,0,0,0,0,0
2021-01-20T23:59:59+01:00,95,102,193,327,221,654,283,1070,408,658,199,170,176,362,128,619,0,0,1,1,9,7,6,7,6,8,7,5,6,15,4,23,5665,105,0,0,0,0,0
2021-01-19T23:59:59+01:00,85,88,155,278,199,590,259,936,364,561,183,141,155,319,115,544,0,0,1,1,3,7,5,6,4,6,6,4,6,15,4,23,4972,91,0,0,0,0,0
2021-01-18T23:59:59+01:00,72,77,130,231,179,479,227,776,327,481,167,122,131,270,95,462,0,0,0,1,2,3,2,1,2,5,5,4,6,15,4,21,4226,71,0,0,0,0,0
2021-01-17T23:59:59+01:00,46,59,107,202,166,414,209,684,300,428,157,114,119,252,81,406,0,0,0,0,2,3,1,1,2,4,5,4,6,15,4,21,3744,68,0,0,0,0,0
2021-01-16T23:59:59+01:00,39,56,106,199,154,398,197,661,267,404,144,114,118,247,80,395,0,0,0,0,0,0,0,0,0,0,0,0,0,0,0,0,3579,0,0,0,0,0,0
2021-01-15T23:59:59+01:00,37,52,102,191,143,384,190,631,252,384,137,106,114,240,73,379,0,0,0,0,0,0,0,0,0,0,0,0,0,0,0,0,3415,0,0,0,0,0,0
2021-01-14T23:59:59+01:00,13,29,52,84,84,178,119,292,150,225,117,92,100,221,64,339,0,0,0,0,0,0,0,0,0,0,0,0,0,0,0,0,2159,0,0,0,0,0,0
2021-01-13T23:59:59+01:00,12,25,41,70,77,143,96,266,124,190,87,73,79,178,53,270,0,0,0,0,0,0,0,0,0,0,0,0,0,0,0,0,1784,0,0,0,0,0,0
2021-01-12T23:59:59+01:00,12,20,37,64,65,119,78,213,97,139,54,49,52,103,28,156,0,0,0,0,0,0,0,0,0,0,0,0,0,0,0,0,1286,0,0,0,0,0,0
2021-01-11T23:59:59+01:00,5,15,25,44,43,85,52,131,58,68,24,25,23,39,13,68,0,0,0,0,0,0,0,0,0,0,0,0,0,0,0,0,718,0,0,0,0,0,0
2021-01-10T23:59:59+01:00,2,10,21,28,36,61,33,80,36,40,9,6,7,19,8,29,0,0,0,0,0,0,0,0,0,0,0,0,0,0,0,0,425,0,0,0,0,0,0
2021-01-09T23:59:59+01:00,2,9,19,25,34,57,29,70,34,39,9,6,7,19,8,29,0,0,0,0,0,0,0,0,0,0,0,0,0,0,0,0,396,0,0,0,0,0,0
2021-01-08T23:59:59+01:00,1,8,17,23,31,47,23,59,30,37,8,6,6,17,8,29,0,0,0,0,0,0,0,0,0,0,0,0,0,0,0,0,350,0,0,0,0,0,0
2021-01-07T23:59:59+01:00,1,3,2,9,16,15,12,20,14,19,8,6,6,16,6,24,0,0,0,0,0,0,0,0,0,0,0,0,0,0,0,0,177,0,0,0,0,0,0
2021-01-06T23:59:59+01:00,1,0,2,3,14,12,8,15,12,14,8,6,6,16,6,24,0,0,0,0,0,0,0,0,0,0,0,0,0,0,0,0,147,0,0,0,0,0,0
2021-01-05T23:59:59+01:00,0,0,1,3,12,11,8,15,11,14,7,6,6,16,6,24,0,0,0,0,0,0,0,0,0,0,0,0,0,0,0,0,140,0,0,0,0,0,0
2021-01-04T23:59:59+01:00,0,0,1,3,12,10,7,11,9,12,7,6,6,16,6,24,0,0,0,0,0,0,0,0,0,0,0,0,0,0,0,0,130,0,0,0,0,0,0
2021-01-03T23:59:59+01:00,0,0,1,3,11,8,7,9,7,9,7,6,6,16,6,24,0,0,0,0,0,0,0,0,0,0,0,0,0,0,0,0,120,0,0,0,0,0,0
2021-01-02T23:59:59+01:00,0,0,1,3,11,8,7,9,7,9,7,6,6,16,6,24,0,0,0,0,0,0,0,0,0,0,0,0,0,0,0,0,120,0,0,0,0,0,0
2021-01-01T23:59:59+01:00,0,0,1,3,11,8,7,9,7,9,7,6,6,16,6,24,0,0,0,0,0,0,0,0,0,0,0,0,0,0,0,0,120,0,0,0,0,0,0
2020-12-31T23:59:59+01:00,0,0,1,3,11,8,7,9,7,9,7,6,6,16,6,24,0,0,0,0,0,0,0,0,0,0,0,0,0,0,0,0,120,0,0,0,0,0,0
2020-12-30T23:59:59+01:00,0,0,1,3,11,8,7,9,7,9,7,6,6,16,6,24,0,0,0,0,0,0,0,0,0,0,0,0,0,0,0,0,120,0,0,0,0,0,0
2020-12-29T23:59:59+01:00,0,0,1,3,8,8,6,9,6,7,7,6,6,16,6,24,0,0,0,0,0,0,0,0,0,0,0,0,0,0,0,0,113,0,0,0,0,0,0
2020-12-28T23:59:59+01:00,0,0,1,1,5,5,6,2,4,6,7,6,6,16,6,24,0,0,0,0,0,0,0,0,0,0,0,0,0,0,0,0,95,0,0,0,0,0,0
2020-12-27T23:59:59+01:00,0,0,0,0,2,3,1,1,2,4,5,5,6,15,6,24,0,0,0,0,0,0,0,0,0,0,0,0,0,0,0,0,74,0,0,0,0,0,0
