Datum,<15_1_m,<15_1_w,15-24_1_m,15-24_1_w,25-34_1_m,25-34_1_w,35-44_1_m,35-44_1_w,45-54_1_m,45-54_1_w,55-64_1_m,55-64_1_w,65-74_1_m,65-74_1_w,75-84_1_m,75-84_1_w,>84_1_m,>84_1_w,<15_2_m,<15_2_w,15-24_2_m,15-24_2_w,25-34_2_m,25-34_2_w,35-44_2_m,35-44_2_w,45-54_2_m,45-54_2_w,55-64_2_m,55-64_2_w,65-74_2_m,65-74_2_w,75-84_2_m,75-84_2_w,>84_2_m,>84_2_w,bp_1,bp_2,mo_1,mo_2,az_1,az_2,ja,unb_1,unb_2
2021-12-12T23:59:59+01:00,4186,4038,11467,10639,12322,11740,14844,15292,18686,19021,21699,21574,16816,17564,9325,11440,3038,5869,2247,2212,10602,9945,11601,10864,14085,14453,17961,18289,21077,20928,16476,17164,9142,11150,2928,5653,168023,156834,21173,20323,27960,27199,12404,18,17
2021-12-11T23:59:59+01:00,4174,4031,11459,10628,12313,11731,14836,15282,18679,19019,21694,21571,16813,17559,9325,11438,3038,5869,2232,2199,10575,9919,11581,10829,14059,14428,17945,18265,21062,20906,16468,17159,9140,11148,2928,5650,167944,156606,21152,20268,27960,27199,12403,18,17
2021-12-10T23:59:59+01:00,4130,3984,11447,10610,12299,11710,14827,15263,18661,19001,21684,21563,16802,17546,9320,11430,3034,5863,2207,2152,10509,9861,11536,10779,14011,14378,17899,18226,21035,20884,16459,17143,9132,11142,2927,5648,167666,156051,21148,20261,27960,27199,12400,18,17
2021-12-09T23:59:59+01:00,4084,3937,11432,10599,12286,11691,14817,15241,18642,18990,21673,21552,16797,17539,9316,11424,3033,5858,2176,2131,10479,9822,11502,10749,13984,14344,17876,18201,21017,20869,16453,17138,9127,11140,2927,5645,167414,155718,21138,20247,27960,27199,12399,18,17
2021-12-08T23:59:59+01:00,4050,3898,11420,10587,12273,11676,14807,15223,18635,18976,21656,21540,16790,17532,9311,11416,3029,5849,2159,2110,10442,9784,11452,10711,13957,14317,17844,18173,20995,20846,16443,17130,9124,11132,2925,5642,167182,155329,21127,20242,27960,27199,12399,18,17
2021-12-07T23:59:59+01:00,4014,3869,11414,10580,12263,11671,14795,15218,18627,18972,21647,21532,16785,17520,9310,11411,3025,5843,2149,2104,10429,9781,11444,10698,13949,14311,17836,18164,20982,20835,16440,17128,9122,11130,2925,5642,167047,155225,21090,20229,27960,27199,12399,18,17
2021-12-06T23:59:59+01:00,3421,3256,11405,10568,12254,11661,14791,15198,18617,18958,21635,21523,16776,17510,9308,11404,3023,5839,2131,2083,10402,9751,11428,10677,13933,14289,17810,18150,20970,20813,16433,17119,9121,11127,2925,5638,165714,154965,21075,20221,27960,27199,12398,18,17
2021-12-05T23:59:59+01:00,3390,3235,11401,10560,12251,11652,14789,15188,18608,18945,21625,21510,16772,17503,9308,11397,3020,5830,2125,2079,10389,9740,11416,10664,13924,14280,17797,18133,20964,20805,16428,17116,9120,11123,2924,5635,165564,154831,21065,20218,27960,27199,12397,16,17
2021-12-04T23:59:59+01:00,3374,3229,11393,10555,12244,11641,14784,15185,18600,18938,21617,21502,16770,17497,9308,11397,3019,5828,2113,2071,10375,9721,11400,10648,13902,14265,17783,18119,20961,20797,16425,17112,9118,11123,2924,5635,165474,154685,21052,20194,27960,27199,12397,16,17
2021-12-03T23:59:59+01:00,3299,3160,11375,10538,12228,11619,14771,15170,18586,18917,21598,21481,16761,17488,9305,11383,3017,5823,2088,2048,10342,9695,11379,10618,13879,14245,17759,18087,20936,20782,16422,17098,9114,11117,2924,5635,165132,154370,21032,20185,27960,27199,12397,16,17
2021-12-02T23:59:59+01:00,3259,3117,11367,10531,12214,11601,14764,15162,18580,18910,21588,21470,16754,17481,9303,11378,3015,5817,2069,2028,10309,9660,11355,10588,13857,14212,17727,18067,20920,20774,16419,17097,9112,11112,2922,5634,164938,154078,21018,20171,27960,27199,12397,16,17
2021-12-01T23:59:59+01:00,3187,3062,11351,10514,12203,11571,14746,15134,18562,18892,21566,21452,16742,17470,9294,11362,3013,5813,2034,2000,10270,9631,11323,10553,13832,14185,17695,18042,20892,20759,16407,17091,9109,11106,2919,5631,164580,153703,21000,20164,27960,27199,12396,16,17
2021-11-30T23:59:59+01:00,3139,3014,11337,10505,12193,11553,14732,15122,18555,18881,21549,21437,16731,17461,9292,11353,3009,5809,2016,1982,10254,9621,11298,10534,13815,14163,17680,18027,20878,20743,16400,17085,9108,11096,2917,5626,164367,153477,20952,20155,27960,27199,12395,16,17
2021-11-29T23:59:59+01:00,2809,2720,11325,10496,12185,11536,14723,15115,18546,18864,21543,21426,16727,17451,9289,11344,3007,5799,2004,1962,10237,9602,11268,10522,13796,14149,17654,18001,20862,20729,16391,17079,9106,11092,2917,5624,163610,153234,20944,20152,27960,27199,12393,16,17
2021-11-28T23:59:59+01:00,2770,2688,11322,10489,12177,11530,14719,15109,18540,18854,21537,21418,16725,17447,9288,11340,3007,5797,1997,1959,10228,9599,11252,10515,13788,14141,17646,17997,20859,20721,16389,17077,9105,11091,2917,5624,163474,153149,20932,20147,27960,27199,12393,16,17
2021-11-27T23:59:59+01:00,2744,2669,11318,10483,12167,11521,14708,15098,18536,18846,21534,21412,16724,17441,9284,11339,3005,5796,1993,1954,10213,9582,11227,10500,13766,14130,17624,17974,20847,20716,16389,17077,9105,11090,2916,5624,163368,152990,20906,20128,27960,27199,12393,16,17
2021-11-26T23:59:59+01:00,2707,2633,11303,10461,12153,11501,14699,15075,18524,18829,21515,21399,16713,17432,9282,11339,3004,5793,1976,1941,10197,9567,11202,10483,13745,14107,17602,17957,20831,20695,16383,17072,9104,11090,2916,5623,163110,152759,20901,20123,27960,27199,12393,16,17
2021-11-25T23:59:59+01:00,2655,2592,11282,10442,12138,11486,14687,15058,18508,18807,21494,21384,16703,17425,9280,11331,3002,5789,1965,1924,10165,9548,11178,10465,13724,14084,17577,17932,20811,20677,16382,17069,9101,11089,2916,5622,162820,152499,20892,20121,27960,27199,12393,16,17
2021-11-24T23:59:59+01:00,2621,2545,11259,10414,12125,11453,14667,15042,18494,18777,21476,21370,16690,17407,9275,11318,3002,5784,1957,1909,10141,9529,11146,10442,13698,14069,17555,17914,20790,20661,16374,17058,9098,11083,2915,5620,162486,152242,20884,20110,27960,27199,12391,16,17
2021-11-23T23:59:59+01:00,2582,2504,11242,10399,12110,11436,14642,15027,18475,18762,21462,21352,16680,17397,9270,11310,3000,5781,1945,1900,10132,9515,11125,10425,13678,14052,17544,17889,20775,20650,16370,17052,9097,11080,2914,5616,162234,152054,20849,20099,27960,27199,12390,16,17
2021-11-22T23:59:59+01:00,2552,2479,11221,10388,12090,11413,14616,15005,18463,18750,21449,21338,16673,17387,9265,11303,2998,5775,1939,1896,10122,9507,11116,10411,13665,14042,17538,17880,20765,20643,16367,17049,9095,11077,2914,5615,161978,151946,20841,20092,27960,27198,12388,16,17
2021-11-21T23:59:59+01:00,2532,2458,11218,10384,12082,11397,14611,14993,18455,18742,21437,21326,16669,17383,9265,11298,2996,5771,1939,1892,10116,9501,11104,10404,13662,14037,17526,17873,20761,20638,16364,17045,9094,11075,2913,5613,161833,151864,20838,20090,27960,27198,12388,16,17
2021-11-20T23:59:59+01:00,2518,2442,11188,10372,12052,11370,14575,14963,18427,18717,21419,21307,16660,17375,9264,11297,2996,5770,1937,1889,10089,9485,11076,10382,13641,14019,17495,17855,20745,20625,16359,17037,9093,11073,2912,5612,161581,151639,20786,20083,27960,27198,12387,16,17
2021-11-19T23:59:59+01:00,2474,2397,11117,10300,12001,11313,14519,14902,18382,18674,21387,21280,16646,17354,9257,11292,2995,5768,1921,1869,10044,9457,11045,10346,13595,13980,17462,17827,20714,20595,16348,17030,9089,11066,2912,5608,160931,151230,20782,20076,27960,27198,12387,16,17
2021-11-18T23:59:59+01:00,2428,2366,11073,10262,11955,11271,14482,14851,18350,18642,21368,21271,16641,17345,9252,11287,2995,5767,1915,1853,10016,9443,11023,10328,13574,13957,17445,17812,20701,20581,16345,17026,9085,11063,2911,5607,160495,151012,20768,20074,27960,27198,12385,16,16
2021-11-17T23:59:59+01:00,2381,2325,11007,10219,11906,11226,14445,14799,18317,18604,21330,21240,16632,17324,9247,11279,2991,5759,1905,1838,9998,9421,11003,10303,13544,13933,17423,17783,20681,20560,16326,17008,9080,11057,2909,5605,159926,150710,20764,20070,27960,27198,12383,16,16
2021-11-16T23:59:59+01:00,2369,2304,10979,10195,11878,11188,14414,14775,18287,18574,21310,21213,16622,17314,9242,11269,2990,5757,1898,1835,9987,9411,10993,10286,13532,13921,17416,17772,20670,20552,16317,17003,9075,11052,2909,5604,159700,150594,20644,20047,27960,27198,12378,16,16
2021-11-15T23:59:59+01:00,2341,2284,10942,10165,11849,11153,14394,14739,18258,18542,21297,21193,16613,17309,9242,11264,2988,5750,1892,1819,9946,9389,10973,10267,13518,13897,17397,17754,20652,20540,16310,16994,9073,11048,2908,5602,159360,150347,20632,20045,27960,27198,12373,16,16
2021-11-14T23:59:59+01:00,2337,2279,10923,10151,11826,11140,14374,14727,18245,18529,21289,21182,16610,17305,9240,11263,2986,5750,1889,1815,9941,9380,10964,10258,13511,13891,17389,17750,20649,20537,16306,16994,9069,11045,2907,5601,159214,150273,20616,20041,27960,27198,12368,16,16
2021-11-13T23:59:59+01:00,2334,2278,10916,10145,11818,11136,14368,14725,18242,18521,21285,21180,16610,17304,9239,11263,2986,5750,1889,1815,9935,9377,10963,10257,13510,13890,17388,17746,20647,20535,16304,16992,9069,11044,2907,5601,159170,150254,20610,20039,27960,27198,12362,16,16
2021-11-12T23:59:59+01:00,2324,2276,10894,10120,11808,11120,14351,14720,18233,18512,21282,21174,16605,17303,9239,11263,2985,5750,1885,1814,9928,9374,10956,10251,13506,13887,17386,17742,20641,20531,16303,16992,9069,11044,2907,5601,159033,150208,20609,20037,27960,27198,12358,16,16
2021-11-11T23:59:59+01:00,2313,2261,10843,10084,11775,11088,14313,14689,18206,18491,21267,21158,16603,17302,9238,11257,2984,5750,1882,1806,9904,9354,10939,10241,13489,13879,17380,17729,20629,20521,16303,16990,9069,11043,2907,5600,158727,150088,20585,20011,27959,27198,12352,16,16
2021-11-10T23:59:59+01:00,2295,2248,10805,10049,11737,11056,14280,14657,18177,18471,21258,21147,16599,17298,9236,11251,2983,5749,1872,1792,9883,9338,10924,10220,13470,13865,17365,17714,20622,20515,16302,16985,9067,11040,2907,5599,158419,149947,20575,19978,27959,27195,12344,16,16
2021-11-09T23:59:59+01:00,2267,2215,10781,10029,11717,11024,14265,14641,18159,18456,21247,21135,16589,17289,9234,11247,2983,5745,1866,1787,9867,9326,10912,10205,13462,13854,17358,17702,20612,20505,16296,16976,9065,11038,2905,5597,158170,149847,20553,19933,27959,27195,12342,16,16
2021-11-08T23:59:59+01:00,2244,2183,10742,9981,11677,10985,14240,14618,18133,18444,21230,21121,16585,17284,9231,11243,2983,5742,1860,1781,9836,9306,10895,10183,13452,13842,17351,17688,20598,20493,16291,16967,9062,11034,2903,5596,157826,149712,20546,19880,27959,27194,12336,16,16
2021-11-07T23:59:59+01:00,2216,2163,10708,9967,11655,10966,14220,14607,18116,18432,21224,21113,16582,17282,9229,11239,2983,5740,1857,1775,9822,9300,10884,10174,13441,13831,17339,17672,20586,20486,16285,16962,9060,11030,2903,5596,157623,149647,20534,19820,27959,27193,12327,16,16
2021-11-06T23:59:59+01:00,2181,2131,10645,9913,11599,10896,14158,14558,18068,18399,21203,21088,16575,17273,9226,11236,2982,5739,1855,1773,9814,9294,10879,10170,13434,13826,17334,17666,20581,20484,16284,16959,9058,11030,2903,5595,157056,149587,20533,19820,27959,27193,12323,16,16
2021-11-05T23:59:59+01:00,2141,2092,10583,9858,11534,10845,14103,14497,18013,18346,21171,21061,16568,17261,9223,11232,2981,5739,1846,1759,9796,9280,10869,10158,13418,13815,17320,17652,20571,20474,16278,16951,9056,11026,2903,5595,156439,149421,20533,19819,27959,27193,12318,16,16
2021-11-04T23:59:59+01:00,2110,2053,10558,9840,11517,10831,14084,14480,18005,18335,21164,21053,16565,17258,9221,11230,2981,5738,1833,1744,9781,9256,10852,10136,13399,13796,17309,17633,20557,20457,16274,16945,9051,11018,2898,5588,156228,149193,20526,19814,27959,27193,12311,16,16
2021-11-03T23:59:59+01:00,2083,2030,10515,9806,11477,10792,14045,14456,17979,18309,21143,21033,16558,17253,9218,11228,2979,5735,1823,1732,9759,9241,10837,10123,13381,13775,17299,17619,20545,20448,16268,16938,9047,11016,2895,5582,155859,149001,20518,19814,27959,27193,12304,16,16
2021-11-02T23:59:59+01:00,2063,2015,10501,9794,11462,10775,14031,14444,17964,18298,21131,21022,16558,17250,9218,11223,2979,5733,1812,1718,9737,9221,10822,10105,13369,13760,17290,17608,20538,20441,16261,16931,9044,11013,2892,5578,155688,148821,20517,19812,27959,27193,12298,16,16
2021-11-01T23:59:59+01:00,2054,2003,10490,9773,11439,10761,14012,14436,17951,18288,21125,21018,16555,17249,9218,11223,2979,5732,1797,1699,9715,9200,10803,10089,13353,13742,17281,17602,20529,20432,16256,16925,9041,11011,2892,5575,155545,148637,20511,19804,27959,27193,12292,16,16
2021-10-31T23:59:59+01:00,2054,2003,10489,9770,11438,10760,14011,14433,17949,18288,21124,21018,16555,17248,9218,11222,2979,5732,1794,1697,9714,9200,10803,10088,13353,13742,17280,17601,20528,20432,16254,16923,9040,11010,2892,5575,155530,148621,20511,19804,27959,27193,12292,16,16
2021-10-30T23:59:59+02:00,2046,1994,10443,9749,11386,10726,13967,14393,17890,18254,21092,20996,16551,17243,9218,11220,2978,5731,1794,1697,9712,9197,10799,10085,13351,13741,17278,17597,20522,20428,16254,16922,9040,11010,2892,5575,155116,148589,20511,19804,27959,27193,12292,16,16
2021-10-29T23:59:59+02:00,2032,1974,10405,9728,11344,10690,13933,14352,17853,18221,21070,20976,16544,17237,9216,11219,2977,5730,1791,1697,9704,9193,10795,10078,13341,13733,17267,17592,20514,20421,16251,16921,9040,11008,2892,5574,154745,148514,20511,19802,27959,27193,12287,16,16
2021-10-28T23:59:59+02:00,2024,1966,10389,9717,11326,10680,13917,14346,17844,18209,21060,20973,16542,17236,9213,11216,2977,5728,1785,1696,9683,9179,10783,10066,13330,13725,17259,17586,20510,20416,16249,16919,9040,11005,2892,5573,154626,148415,20508,19800,27958,27193,12272,16,16
2021-10-27T23:59:59+02:00,2013,1955,10376,9708,11311,10671,13900,14335,17833,18202,21054,20969,16542,17230,9212,11212,2975,5725,1761,1667,9650,9140,10766,10030,13310,13694,17239,17570,20496,20406,16237,16916,9040,11004,2889,5571,154500,148117,20499,19794,27958,27192,12267,16,16
2021-10-26T23:59:59+02:00,2002,1939,10357,9691,11292,10661,13882,14320,17825,18189,21047,20963,16541,17229,9207,11206,2975,5723,1725,1631,9584,9075,10739,9992,13286,13660,17215,17540,20483,20394,16230,16905,9036,10998,2888,5569,154336,147693,20499,19793,27958,27191,12257,16,16
2021-10-25T23:59:59+02:00,2000,1936,10340,9684,11283,10655,13880,14315,17820,18186,21045,20960,16539,17228,9206,11205,2975,5723,1722,1625,9579,9072,10735,9989,13281,13659,17210,17537,20480,20394,16228,16904,9036,10995,2888,5567,154274,147649,20498,19793,27957,27191,12252,16,16
2021-10-24T23:59:59+02:00,1994,1932,10329,9678,11270,10648,13875,14311,17817,18184,21041,20956,16538,17228,9206,11202,2974,5722,1712,1619,9561,9059,10727,9980,13276,13652,17208,17534,20474,20394,16227,16902,9036,10994,2886,5567,154207,147562,20496,19793,27957,27191,12246,16,16
2021-10-23T23:59:59+02:00,1991,1929,10289,9650,11235,10623,13845,14281,17788,18162,21020,20941,16532,17219,9203,11197,2974,5720,1712,1618,9560,9058,10726,9977,13273,13649,17207,17534,20474,20394,16227,16901,9036,10993,2886,5567,153903,147548,20496,19793,27957,27191,12244,16,16
2021-10-22T23:59:59+02:00,1980,1916,10259,9629,11221,10592,13807,14263,17768,18143,20995,20924,16526,17219,9202,11195,2974,5720,1704,1609,9541,9048,10719,9966,13264,13637,17203,17526,20469,20391,16224,16896,9035,10992,2885,5564,153648,147439,20494,19793,27957,27190,12235,16,16
2021-10-21T23:59:59+02:00,1975,1913,10253,9623,11204,10582,13795,14259,17758,18138,20992,20923,16525,17218,9200,11195,2974,5719,1698,1600,9530,9041,10714,9955,13260,13624,17195,17519,20465,20384,16222,16895,9034,10990,2885,5564,153569,147349,20490,19788,27957,27190,12232,15,16
2021-10-20T23:59:59+02:00,1966,1904,10233,9613,11193,10563,13785,14251,17753,18128,20984,20918,16522,17214,9198,11192,2974,5719,1680,1581,9506,9006,10699,9934,13241,13604,17176,17503,20451,20370,16220,16889,9032,10987,2883,5564,153440,147107,20488,19786,27957,27190,12227,15,16
2021-10-19T23:59:59+02:00,1960,1898,10221,9607,11183,10553,13777,14246,17747,18124,20977,20914,16521,17212,9198,11192,2973,5718,1658,1561,9462,8961,10665,9904,13214,13578,17149,17480,20440,20359,16211,16876,9027,10984,2883,5563,153364,146767,20486,19786,27957,27190,12216,15,16
2021-10-18T23:59:59+02:00,1953,1880,10192,9589,11167,10537,13767,14231,17733,18117,20965,20906,16517,17207,9195,11186,2973,5715,1632,1540,9431,8923,10640,9878,13190,13548,17127,17464,20423,20345,16202,16868,9019,10974,2882,5560,153175,146441,20485,19784,27957,27190,12215,15,16
2021-10-17T23:59:59+02:00,1953,1879,10187,9588,11164,10532,13763,14229,17731,18113,20962,20905,16514,17207,9195,11186,2971,5713,1632,1537,9429,8919,10633,9876,13188,13547,17122,17459,20421,20344,16201,16867,9019,10973,2882,5560,153140,146408,20484,19782,27957,27190,12213,15,16
2021-10-16T23:59:59+02:00,1949,1875,10177,9582,11159,10532,13757,14218,17728,18111,20957,20903,16512,17203,9193,11185,2971,5712,1632,1537,9429,8918,10632,9876,13187,13546,17122,17457,20420,20344,16201,16867,9019,10973,2882,5560,153073,146402,20484,19782,27957,27190,12212,15,16
2021-10-15T23:59:59+02:00,1946,1871,10169,9569,11152,10526,13749,14206,17719,18100,20952,20892,16511,17202,9192,11185,2971,5711,1628,1530,9413,8904,10621,9869,13178,13539,17118,17452,20414,20339,16199,16867,9019,10973,2881,5560,152975,146308,20484,19781,27957,27190,12209,15,16
2021-10-14T23:59:59+02:00,1941,1863,10157,9558,11143,10511,13733,14198,17713,18090,20941,20881,16508,17199,9192,11182,2970,5709,1621,1527,9403,8891,10612,9858,13169,13531,17112,17447,20404,20331,16193,16861,9016,10972,2881,5559,152883,146213,20453,19772,27957,27190,12197,15,16
2021-10-13T23:59:59+02:00,1937,1852,10142,9538,11130,10504,13719,14188,17698,18080,20934,20873,16505,17191,9189,11176,2968,5708,1612,1520,9392,8871,10598,9845,13156,13518,17100,17436,20399,20321,16191,16855,9011,10963,2880,5556,152765,146134,20417,19691,27957,27189,12194,15,16
2021-10-12T23:59:59+02:00,1927,1843,10126,9525,11120,10487,13714,14183,17696,18074,20928,20870,16503,17188,9187,11175,2968,5708,1600,1510,9363,8848,10589,9830,13143,13502,17087,17426,20389,20312,16182,16846,9006,10955,2879,5548,152724,146008,20349,19609,27957,27189,12193,15,16
2021-10-11T23:59:59+02:00,1918,1834,10107,9509,11102,10477,13700,14175,17686,18059,20920,20860,16498,17186,9185,11171,2967,5706,1572,1483,9331,8808,10568,9800,13120,13474,17073,17411,20378,20303,16173,16842,9003,10951,2878,5544,152623,145859,20293,19460,27957,27189,12188,15,16
2021-10-10T23:59:59+02:00,1917,1829,10097,9502,11097,10470,13690,14168,17678,18051,20910,20854,16498,17186,9182,11167,2966,5706,1570,1482,9324,8804,10560,9796,13114,13469,17068,17408,20373,20303,16172,16842,9002,10948,2878,5542,152598,145815,20230,19451,27957,27189,12184,15,16
2021-10-09T23:59:59+02:00,1917,1829,10097,9502,11096,10470,13690,14168,17677,18051,20910,20854,16498,17186,9182,11167,2966,5706,1569,1482,9321,8800,10560,9794,13113,13468,17066,17408,20372,20302,16172,16842,9002,10948,2878,5542,152597,145802,20229,19448,27957,27189,12184,15,16
2021-10-08T23:59:59+02:00,1908,1820,10082,9494,11087,10464,13680,14157,17667,18043,20900,20849,16491,17180,9181,11164,2965,5705,1563,1475,9315,8791,10554,9788,13107,13461,17064,17405,20371,20301,16170,16841,9002,10947,2878,5542,152470,145746,20229,19442,27957,27189,12182,15,16
2021-10-07T23:59:59+02:00,1896,1806,10052,9461,11059,10437,13651,14139,17659,18030,20882,20836,16485,17175,9178,11160,2964,5703,1557,1467,9303,8772,10545,9773,13101,13450,17059,17396,20363,20296,16166,16837,8998,10944,2878,5541,152228,145636,20224,19440,27957,27189,12165,15,16
2021-10-06T23:59:59+02:00,1878,1782,10026,9441,11043,10422,13635,14119,17651,18018,20870,20827,16481,17170,9175,11158,2964,5702,1516,1411,9261,8709,10522,9737,13067,13412,17032,17370,20342,20277,16155,16828,8993,10940,2878,5537,152025,145186,20221,19439,27957,27189,12157,15,16
2021-10-05T23:59:59+02:00,1868,1770,10013,9419,11032,10404,13620,14103,17642,18009,20860,20822,16477,17164,9174,11158,2963,5702,1498,1388,9241,8684,10507,9716,13057,13400,17024,17354,20330,20268,16148,16824,8990,10934,2874,5533,151884,144990,20221,19439,27957,27189,12136,15,16
2021-10-04T23:59:59+02:00,1856,1759,9986,9404,11019,10388,13605,14088,17631,17995,20846,20809,16476,17159,9172,11156,2962,5702,1482,1374,9219,8664,10485,9693,13052,13389,17015,17334,20319,20249,16145,16819,8988,10932,2873,5533,151726,144810,20216,19439,27957,27188,12112,15,16
2021-10-03T23:59:59+02:00,1850,1754,9978,9397,11008,10378,13600,14081,17624,17990,20838,20805,16473,17154,9170,11155,2962,5702,1479,1369,9211,8655,10472,9685,13048,13384,17011,17327,20310,20244,16142,16817,8988,10930,2873,5533,151663,144754,20216,19439,27957,27188,12081,15,16
2021-10-02T23:59:59+02:00,1850,1754,9977,9394,11005,10377,13597,14081,17624,17990,20836,20803,16472,17153,9170,11155,2962,5702,1479,1369,9210,8653,10469,9681,13046,13382,17011,17327,20309,20242,16141,16815,8988,10930,2873,5533,151656,144746,20216,19437,27957,27188,12071,15,16
2021-10-01T23:59:59+02:00,1847,1750,9962,9379,10997,10362,13588,14073,17614,17983,20830,20799,16469,17149,9168,11154,2960,5700,1469,1355,9193,8635,10455,9670,13044,13371,17000,17320,20300,20235,16140,16815,8987,10925,2872,5531,151557,144622,20215,19437,27956,27188,12054,15,16
2021-09-30T23:59:59+02:00,1844,1747,9946,9371,10985,10352,13578,14056,17606,17970,20820,20792,16469,17148,9166,11152,2959,5699,1460,1351,9170,8626,10443,9660,13037,13360,16990,17316,20294,20231,16138,16815,8984,10925,2872,5531,151480,144556,20213,19434,27956,27188,12009,15,16
2021-09-29T23:59:59+02:00,1831,1713,9917,9336,10962,10326,13563,14036,17591,17958,20802,20781,16461,17140,9164,11149,2958,5696,1456,1337,9160,8611,10429,9645,13034,13346,16984,17303,20285,20224,16132,16806,8980,10923,2871,5530,151221,144427,20213,19433,27956,27188,11992,15,16
2021-09-28T23:59:59+02:00,1805,1688,9864,9282,10940,10290,13530,14009,17563,17927,20785,20761,16452,17127,9160,11139,2957,5693,1435,1321,9141,8583,10415,9623,13017,13333,16974,17291,20272,20213,16123,16797,8973,10916,2871,5529,150836,144225,20213,19432,27955,27188,11966,15,16
2021-09-27T23:59:59+02:00,1788,1675,9838,9264,10913,10268,13511,13982,17545,17907,20776,20754,16446,17122,9156,11136,2957,5692,1421,1309,9122,8562,10392,9603,12997,13306,16959,17274,20262,20204,16119,16794,8972,10914,2871,5528,150667,144079,20205,19427,27955,27186,11901,15,16
2021-09-26T23:59:59+02:00,1781,1669,9827,9254,10895,10254,13501,13975,17538,17901,20766,20753,16444,17118,9156,11135,2956,5692,1419,1308,9116,8554,10383,9598,12988,13300,16955,17269,20255,20202,16117,16792,8972,10914,2871,5528,150584,144044,20204,19426,27955,27185,11870,15,16
2021-09-25T23:59:59+02:00,1781,1668,9824,9253,10893,10253,13499,13974,17538,17901,20766,20753,16444,17117,9156,11135,2956,5692,1419,1308,9116,8550,10381,9598,12987,13298,16954,17269,20255,20202,16117,16791,8972,10914,2871,5528,150577,144038,20204,19426,27955,27185,11865,15,16
2021-09-24T23:59:59+02:00,1773,1652,9807,9241,10889,10243,13495,13963,17535,17897,20763,20749,16441,17116,9156,11135,2955,5692,1409,1302,9098,8537,10374,9587,12983,13294,16948,17263,20254,20198,16115,16789,8971,10914,2871,5528,150489,143954,20202,19426,27955,27185,11854,15,16
2021-09-23T23:59:59+02:00,1770,1650,9745,9197,10787,10177,13397,13889,17449,17830,20710,20702,16417,17098,9149,11124,2955,5688,1408,1299,9040,8498,10273,9527,12894,13233,16866,17199,20203,20154,16092,16768,8963,10902,2871,5525,150411,143925,20199,19423,27955,27185,11166,15,16
2021-09-22T23:59:59+02:00,1747,1633,9716,9164,10770,10148,13371,13858,17421,17807,20696,20680,16413,17090,9147,11117,2952,5687,1402,1282,9015,8483,10253,9510,12880,13217,16847,17189,20193,20149,16086,16766,8960,10896,2869,5522,150123,143756,20195,19420,27954,27185,11142,15,16
2021-09-21T23:59:59+02:00,1716,1603,9659,9097,10734,10113,13343,13817,17391,17784,20681,20669,16401,17076,9143,11115,2950,5681,1386,1251,8978,8449,10237,9492,12858,13190,16821,17159,20182,20138,16076,16759,8956,10893,2869,5520,149700,143471,20193,19418,27953,27185,11124,15,16
2021-09-20T23:59:59+02:00,1684,1579,9603,9046,10687,10062,13307,13776,17370,17765,20657,20651,16391,17069,9134,11103,2949,5677,1370,1224,8943,8422,10218,9469,12830,13166,16800,17141,20162,20118,16067,16750,8949,10885,2867,5518,149299,143218,20191,19417,27953,27184,11064,15,16
2021-09-19T23:59:59+02:00,1683,1578,9599,9038,10679,10056,13299,13774,17362,17759,20650,20647,16389,17066,9133,11101,2946,5674,1367,1223,8937,8416,10213,9466,12826,13164,16797,17139,20159,20114,16066,16750,8949,10885,2867,5517,149245,143197,20188,19415,27953,27183,11044,15,16
2021-09-18T23:59:59+02:00,1683,1578,9599,9037,10677,10052,13296,13770,17359,17759,20649,20647,16389,17066,9133,11101,2946,5674,1365,1223,8935,8413,10211,9464,12825,13161,16793,17138,20158,20114,16066,16750,8949,10885,2867,5517,149239,143188,20188,19415,27953,27183,11032,15,16
2021-09-17T23:59:59+02:00,1677,1568,9582,9014,10664,10036,13280,13756,17348,17748,20644,20636,16387,17064,9132,11099,2945,5673,1363,1221,8928,8407,10204,9458,12816,13155,16789,17133,20155,20105,16066,16748,8948,10884,2867,5517,149124,143164,20186,19415,27953,27182,10987,15,16
2021-09-16T23:59:59+02:00,1673,1567,9564,8998,10645,10019,13268,13744,17336,17740,20632,20625,16386,17060,9129,11096,2945,5671,1360,1221,8921,8401,10193,9451,12807,13149,16781,17128,20145,20100,16066,16747,8948,10881,2867,5515,149020,143135,20183,19412,27953,27179,10939,15,16
2021-09-15T23:59:59+02:00,1660,1552,9537,8971,10621,10001,13238,13716,17317,17716,20614,20607,16380,17053,9120,11088,2945,5667,1336,1187,8874,8361,10163,9410,12773,13109,16756,17107,20116,20080,16059,16735,8943,10878,2867,5513,148852,142796,20115,19399,27953,27176,10880,15,16
2021-09-14T23:59:59+02:00,1648,1542,9504,8941,10604,9981,13219,13693,17294,17698,20599,20592,16363,17040,9110,11077,2941,5655,1314,1175,8841,8329,10145,9393,12763,13086,16740,17088,20099,20060,16055,16728,8940,10871,2866,5509,148649,142555,20038,19397,27953,27176,10858,15,16
2021-09-13T23:59:59+02:00,1614,1506,9460,8887,10577,9948,13196,13650,17273,17680,20577,20579,16357,17034,9107,11071,2939,5649,1291,1160,8807,8301,10128,9370,12742,13054,16727,17071,20083,20044,16049,16714,8934,10869,2865,5505,148432,142301,19883,19389,27953,27175,10833,15,16
2021-09-12T23:59:59+02:00,1612,1503,9448,8880,10565,9942,13190,13640,17268,17676,20574,20574,16356,17031,9105,11070,2939,5646,1274,1144,8783,8279,10107,9359,12726,13040,16716,17064,20075,20035,16046,16710,8933,10863,2865,5504,148383,142142,19877,19388,27953,27174,10803,15,16
2021-09-11T23:59:59+02:00,1612,1503,9446,8875,10560,9938,13187,13638,17267,17673,20571,20572,16356,17029,9104,11070,2939,5646,1274,1144,8774,8276,10105,9358,12721,13038,16715,17061,20073,20034,16046,16709,8932,10863,2865,5504,148372,142136,19873,19382,27953,27174,10785,15,15
2021-09-10T23:59:59+02:00,1611,1502,9442,8871,10551,9929,13174,13633,17262,17666,20569,20568,16355,17028,9104,11070,2939,5646,1273,1143,8770,8273,10098,9349,12709,13032,16709,17056,20070,20030,16046,16708,8932,10862,2865,5504,148342,142114,19872,19376,27953,27174,10750,15,15
2021-09-09T23:59:59+02:00,1608,1497,9426,8864,10540,9916,13160,13616,17246,17657,20554,20556,16352,17027,9102,11066,2938,5643,1270,1139,8760,8267,10091,9339,12703,13018,16691,17049,20058,20020,16044,16706,8930,10855,2864,5502,148258,142059,19870,19376,27953,27173,10683,15,15
2021-09-08T23:59:59+02:00,1570,1449,9382,8805,10509,9877,13132,13578,17212,17631,20535,20536,16336,17013,9098,11060,2938,5641,1268,1132,8736,8250,10072,9323,12683,13001,16675,17040,20042,20012,16037,16700,8929,10851,2864,5502,147844,141926,19869,19371,27953,27173,10632,15,15
2021-09-07T23:59:59+02:00,1552,1424,9362,8783,10490,9858,13122,13568,17203,17619,20530,20531,16331,17010,9097,11055,2937,5639,1268,1130,8728,8243,10064,9321,12675,12999,16671,17031,20038,20009,16037,16698,8929,10848,2864,5502,147669,141884,19867,19369,27953,27169,10618,15,15
2021-09-06T23:59:59+02:00,1539,1412,9338,8759,10469,9837,13112,13554,17191,17604,20521,20515,16329,17007,9095,11055,2936,5639,1265,1130,8722,8233,10056,9314,12670,12990,16663,17025,20033,20002,16035,16698,8926,10845,2864,5501,147493,141825,19866,19366,27951,27168,10598,15,15
2021-09-05T23:59:59+02:00,1536,1409,9330,8749,10461,9832,13107,13548,17188,17597,20515,20512,16325,17004,9095,11054,2936,5639,1263,1122,8714,8227,10049,9304,12664,12984,16657,17019,20025,20000,16033,16696,8926,10844,2864,5501,147442,141772,19866,19366,27951,27165,10574,15,15
2021-09-04T23:59:59+02:00,1535,1409,9329,8746,10460,9832,13106,13547,17188,17597,20513,20510,16325,17004,9095,11054,2936,5639,1262,1122,8714,8227,10048,9302,12663,12984,16656,17018,20024,20000,16033,16696,8926,10844,2864,5501,147435,141766,19863,19366,27951,27165,10572,15,15
2021-09-03T23:59:59+02:00,1525,1395,9307,8728,10447,9821,13101,13537,17173,17585,20501,20500,16321,16998,9094,11049,2936,5636,1262,1121,8698,8215,10036,9294,12656,12977,16640,17008,20021,19992,16029,16689,8925,10840,2864,5498,147332,141714,19859,19364,27951,27165,10507,15,15
2021-09-02T23:59:59+02:00,1514,1386,9254,8697,10387,9770,13026,13479,17123,17548,20442,20457,16289,16971,9084,11038,2935,5631,1254,1116,8654,8190,9977,9250,12587,12927,16596,16975,19961,19951,15997,16666,8918,10832,2864,5493,147204,141656,19858,19360,27950,27163,10014,15,15
2021-09-01T23:59:59+02:00,1510,1369,9234,8683,10368,9758,13014,13466,17111,17534,20432,20453,16285,16965,9077,11034,2935,5629,1243,1108,8637,8170,9962,9233,12577,12916,16583,16964,19945,19941,15992,16661,8915,10826,2864,5491,147093,141522,19838,19358,27950,27162,9971,15,15
2021-08-31T23:59:59+02:00,1494,1351,9220,8657,10357,9746,13003,13459,17106,17522,20425,20445,16280,16961,9075,11029,2935,5629,1230,1094,8621,8152,9956,9221,12562,12905,16572,16959,19943,19934,15988,16659,8914,10823,2864,5491,146939,141396,19837,19355,27950,27159,9963,15,15
2021-08-30T23:59:59+02:00,1473,1335,9203,8636,10343,9730,12992,13444,17093,17502,20413,20436,16276,16958,9073,11027,2935,5628,1222,1082,8597,8138,9942,9209,12551,12885,16559,16942,19935,19927,15983,16653,8912,10818,2862,5489,146777,141260,19837,19351,27947,27150,9930,15,15
2021-08-29T23:59:59+02:00,1472,1334,9201,8630,10336,9721,12990,13440,17084,17497,20408,20430,16273,16953,9073,11027,2935,5627,1221,1079,8594,8132,9933,9197,12546,12879,16551,16937,19931,19924,15980,16646,8911,10818,2862,5488,146759,141238,19837,19350,27947,27144,9882,15,15
2021-08-28T23:59:59+02:00,1471,1334,9198,8626,10336,9720,12989,13439,17084,17496,20407,20429,16273,16953,9073,11027,2935,5627,1220,1077,8590,8132,9932,9197,12545,12878,16551,16936,19930,19923,15980,16646,8911,10818,2862,5488,146751,141233,19837,19348,27947,27144,9876,15,15
2021-08-27T23:59:59+02:00,1461,1323,9185,8619,10331,9714,12985,13437,17081,17490,20402,20424,16272,16951,9072,11027,2935,5627,1215,1071,8581,8125,9929,9192,12539,12875,16549,16929,19929,19922,15979,16645,8910,10817,2862,5488,146677,141188,19837,19346,27947,27139,9869,15,15
2021-08-26T23:59:59+02:00,1458,1322,9178,8615,10324,9708,12977,13436,17078,17488,20400,20419,16269,16948,9069,11022,2934,5627,1212,1069,8572,8114,9921,9186,12531,12872,16544,16927,19927,19917,15976,16641,8907,10814,2861,5488,146656,141157,19835,19346,27947,27133,9828,15,15
2021-08-25T23:59:59+02:00,1444,1297,9071,8559,10238,9635,12889,13363,16960,17405,20304,20362,16222,16911,9054,11001,2929,5616,1200,1061,8479,8060,9838,9124,12440,12807,16439,16854,19839,19862,15932,16603,8893,10794,2856,5475,146418,141010,19834,19345,27947,27131,9055,15,15
2021-08-24T23:59:59+02:00,1425,1272,9039,8529,10224,9614,12860,13334,16929,17370,20290,20346,16207,16901,9049,10995,2929,5613,1195,1052,8456,8047,9821,9112,12424,12796,16428,16839,19832,19852,15926,16599,8893,10792,2856,5474,146128,140892,19832,19343,27947,27131,9013,15,15
2021-08-23T23:59:59+02:00,1408,1247,8997,8491,10209,9595,12828,13313,16910,17352,20273,20321,16194,16889,9038,10988,2928,5607,1194,1046,8431,8030,9795,9093,12409,12790,16416,16830,19821,19836,15920,16591,8889,10787,2855,5471,145860,140793,19832,19342,27947,27111,8943,15,15
2021-08-22T23:59:59+02:00,1408,1247,8987,8486,10202,9588,12827,13309,16905,17346,20270,20318,16191,16885,9034,10988,2928,5606,1193,1045,8415,8024,9787,9082,12405,12785,16413,16823,19819,19832,15917,16586,8885,10785,2855,5470,145845,140764,19832,19339,27947,27108,8895,15,15
2021-08-21T23:59:59+02:00,1408,1246,8982,8486,10200,9586,12824,13307,16904,17346,20269,20317,16191,16885,9034,10988,2928,5606,1191,1042,8294,7943,9687,8987,12318,12676,16321,16753,19763,19789,15897,16571,8882,10774,2854,5468,145839,140758,19827,18442,27947,27107,8888,15,15
2021-08-20T23:59:59+02:00,1407,1244,8974,8484,10192,9578,12817,13296,16901,17344,20262,20312,16189,16885,9034,10986,2927,5605,1042,901,7937,7617,9536,8827,12174,12535,16198,16644,19655,19693,15858,16522,8870,10750,2852,5467,145804,138662,19827,18442,27947,27106,8853,15,15
2021-08-19T23:59:59+02:00,1402,1242,8963,8478,10185,9569,12808,13290,16896,17342,20257,20310,16188,16883,9034,10985,2927,5604,923,788,7676,7348,9408,8721,12030,12416,16104,16539,19558,19606,15816,16474,8859,10731,2851,5459,145762,136936,19824,18434,27946,27097,8825,15,15
2021-08-18T23:59:59+02:00,1378,1210,8917,8442,10159,9538,12780,13254,16865,17318,20231,20281,16175,16869,9028,10979,2923,5599,922,787,7663,7338,9397,8713,12016,12400,16090,16530,19550,19597,15810,16467,8855,10727,2848,5456,145453,136890,19811,18433,27943,27096,8732,15,15
2021-08-17T23:59:59+02:00,1353,1197,8881,8410,10144,9517,12764,13230,16850,17296,20208,20259,16167,16859,9026,10972,2921,5594,917,785,7650,7323,9380,8705,12005,12392,16083,16520,19539,19591,15803,16461,8854,10725,2847,5454,145208,136820,19808,18428,27942,27090,8683,15,13
2021-08-16T23:59:59+02:00,1330,1179,8844,8384,10125,9498,12740,13204,16840,17279,20188,20244,16162,16847,9022,10971,2920,5594,916,785,7641,7311,9364,8702,11995,12386,16080,16513,19530,19584,15800,16458,8854,10725,2847,5454,144974,136777,19806,18424,27942,27089,8642,15,13
2021-08-15T23:59:59+02:00,1314,1162,8825,8364,10112,9484,12724,13191,16828,17270,20174,20231,16156,16841,9022,10966,2920,5594,914,784,7629,7301,9347,8686,11981,12375,16072,16505,19524,19578,15791,16454,8853,10722,2847,5454,144828,136718,19805,18419,27940,27069,8598,15,13
2021-08-14T23:59:59+02:00,1313,1162,8825,8364,10111,9484,12723,13189,16828,17269,20173,20229,16156,16841,9022,10966,2920,5594,795,668,7312,7011,9203,8519,11808,12210,15954,16375,19430,19491,15764,16430,8844,10709,2847,5450,144822,134735,19805,18417,27940,27060,8595,15,13
2021-08-13T23:59:59+02:00,1308,1160,8813,8356,10101,9476,12710,13178,16812,17260,20165,20221,16153,16836,9020,10965,2919,5594,634,523,6925,6651,9033,8361,11600,11993,15735,16195,19289,19368,15730,16391,8833,10695,2845,5446,144793,132258,19805,18417,27940,27057,8502,15,13
2021-08-12T23:59:59+02:00,1307,1160,8812,8353,10094,9470,12706,13178,16806,17250,20161,20216,16152,16832,9018,10963,2919,5594,630,521,6919,6643,9017,8353,11588,11990,15724,16188,19285,19362,15728,16386,8831,10694,2845,5446,144774,132220,19804,18413,27940,27039,8465,15,13
2021-08-11T23:59:59+02:00,1304,1156,8808,8346,10084,9463,12700,13174,16800,17246,20155,20214,16150,16829,9017,10963,2919,5593,626,520,6912,6632,8999,8342,11577,11986,15720,16181,19277,19356,15724,16382,8830,10694,2845,5444,144724,132154,19800,18406,27940,27025,8449,15,13
2021-08-10T23:59:59+02:00,1303,1156,8806,8344,10079,9456,12697,13169,16798,17244,20154,20209,16148,16827,9017,10962,2919,5593,608,512,6868,6584,8965,8325,11557,11964,15694,16169,19270,19346,15722,16380,8830,10692,2845,5444,144695,131903,19800,18403,27940,27018,8438,15,13
2021-08-09T23:59:59+02:00,1303,1154,8800,8341,10075,9447,12695,13166,16791,17242,20148,20209,16146,16827,9016,10962,2919,5593,602,508,6847,6561,8942,8305,11545,11953,15678,16157,19264,19342,15719,16379,8828,10691,2845,5444,144667,131766,19800,18400,27938,27009,8422,14,13
2021-08-08T23:59:59+02:00,1303,1153,8797,8335,10073,9443,12686,13163,16785,17238,20146,20206,16144,16823,9015,10960,2918,5592,601,506,6844,6550,8928,8298,11529,11944,15672,16148,19262,19337,15716,16375,8827,10689,2844,5443,144654,131721,19799,18392,27938,27005,8382,14,13
2021-08-07T23:59:59+02:00,1303,1145,8789,8328,10064,9436,12683,13157,16778,17234,20139,20201,16140,16818,9013,10959,2917,5592,424,359,6193,5980,8658,8076,11258,11712,15473,15974,19176,19261,15696,16351,8820,10682,2841,5442,144608,128635,19798,18379,27938,27004,8345,14,13
2021-08-06T23:59:59+02:00,1297,1144,8780,8316,10050,9424,12663,13138,16760,17222,20122,20190,16133,16810,9013,10956,2917,5591,421,358,6180,5965,8642,8062,11234,11690,15451,15957,19159,19250,15689,16344,8820,10679,2841,5441,144570,128580,19795,18372,27938,27002,8216,14,13
2021-08-05T23:59:59+02:00,1294,1142,8773,8308,10041,9415,12650,13130,16754,17219,20114,20186,16132,16810,9013,10955,2917,5591,419,353,5895,5729,8291,7764,10871,11414,15126,15719,18910,19081,15669,16319,8810,10672,2840,5440,144522,128483,19791,15666,27934,26970,8190,14,13
2021-08-04T23:59:59+02:00,1293,1139,8767,8304,10036,9413,12644,13126,16749,17217,20112,20183,16132,16810,9012,10954,2917,5590,417,351,5881,5722,8263,7754,10850,11402,15109,15713,18905,19076,15668,16316,8809,10672,2840,5440,144490,128383,19790,15659,27933,26955,8178,14,13
2021-08-03T23:59:59+02:00,1286,1136,8763,8294,10031,9409,12639,13123,16744,17215,20107,20182,16130,16810,9011,10952,2917,5589,396,335,5769,5608,8168,7684,10732,11325,15059,15660,18876,19061,15664,16314,8808,10670,2838,5439,144447,127653,19788,15651,27933,26926,8163,14,13
2021-08-02T23:59:59+02:00,1280,1130,8750,8286,10025,9402,12633,13116,16738,17204,20100,20178,16128,16807,9009,10949,2916,5588,359,303,5599,5449,8041,7578,10605,11209,14987,15577,18844,19035,15656,16305,8802,10670,2838,5439,144363,126587,19782,15646,27932,26895,8155,14,13
2021-08-01T23:59:59+02:00,1278,1129,8743,8279,10018,9395,12626,13114,16733,17202,20095,20176,16128,16807,9008,10947,2916,5588,342,283,5539,5392,7991,7528,10541,11157,14950,15551,18831,19017,15653,16302,8800,10667,2838,5437,144318,126142,19780,15642,27931,26876,8146,14,13
2021-07-31T23:59:59+02:00,1278,1129,8742,8276,10018,9394,12623,13114,16732,17202,20094,20174,16128,16807,9008,10947,2916,5588,337,279,5512,5371,7974,7514,10521,11143,14937,15545,18826,19014,15651,16301,8800,10667,2838,5437,144316,126004,19779,15638,27931,26875,8137,14,13
2021-07-30T23:59:59+02:00,1146,1008,8515,8048,9926,9274,12543,13030,16651,17130,20034,20107,16096,16768,9002,10930,2915,5585,281,216,5218,5099,7836,7374,10333,10950,14798,15380,18758,18958,15627,16273,8787,10654,2834,5433,142863,124178,19777,15630,27931,26858,8130,14,13
2021-07-29T23:59:59+02:00,1139,999,8385,7960,9772,9177,12391,12929,16502,17034,19871,19997,16011,16699,8977,10911,2914,5578,234,183,4924,4867,7561,7184,10055,10749,14550,15203,18565,18839,15542,16198,8760,10633,2833,5423,142740,123077,19774,15589,27931,26832,6792,14,13
2021-07-28T23:59:59+02:00,1128,985,8356,7924,9758,9161,12369,12914,16484,17011,19853,19987,16004,16686,8970,10907,2914,5576,137,108,4503,4439,7243,6933,9735,10449,14314,15021,18508,18798,15527,16187,8755,10622,2833,5413,142498,120428,19772,15536,27929,26769,6779,14,13
2021-07-27T23:59:59+02:00,1118,977,8332,7910,9745,9154,12357,12905,16477,17004,19846,19974,16002,16680,8968,10904,2913,5574,111,92,4267,4192,7015,6735,9486,10170,14157,14860,18456,18733,15478,16141,8738,10605,2830,5406,142359,118408,19770,15534,27929,26744,6773,14,13
2021-07-26T23:59:59+02:00,1114,974,8319,7898,9738,9149,12351,12899,16470,16996,19839,19973,15999,16675,8966,10900,2912,5569,108,86,4160,4084,6913,6622,9358,10048,14072,14777,18407,18697,15467,16130,8728,10597,2827,5404,142280,117496,19767,15523,27918,26686,6767,14,13
2021-07-25T23:59:59+02:00,1113,973,8310,7896,9725,9145,12341,12896,16465,16989,19836,19971,15997,16675,8966,10900,2912,5569,106,84,4110,4033,6835,6573,9286,9992,14035,14745,18382,18683,15449,16117,8721,10591,2827,5402,142254,117054,19763,15506,27917,26663,6735,14,13
2021-07-24T23:59:59+02:00,1111,970,8224,7834,9651,9065,12275,12819,16397,16936,19795,19933,15976,16661,8963,10890,2912,5568,99,82,4066,3989,6772,6521,9207,9934,13968,14680,18349,18657,15438,16106,8713,10587,2827,5402,142234,116788,19107,15224,27917,26660,6712,14,13
2021-07-23T23:59:59+02:00,1085,944,8112,7744,9613,9030,12241,12790,16352,16902,19766,19914,15971,16654,8959,10886,2912,5568,85,68,3773,3707,6516,6315,8923,9648,13729,14500,18267,18596,15395,16063,8695,10568,2825,5396,141740,114533,19107,15200,27917,26654,6669,14,13
2021-07-22T23:59:59+02:00,993,858,7897,7514,9510,8941,12123,12694,16261,16818,19691,19829,15925,16614,8950,10871,2911,5562,67,50,3648,3580,6362,6221,8767,9517,13564,14356,18192,18528,15374,16036,8687,10558,2825,5394,140284,113374,19104,15127,27910,26558,6654,14,13
2021-07-21T23:59:59+02:00,973,844,7866,7474,9492,8930,12100,12671,16237,16802,19667,19808,15914,16607,8950,10866,2911,5562,54,37,3345,3317,6016,5961,8371,9133,13298,14119,18049,18404,15282,15955,8655,10528,2822,5382,140026,110568,19102,15055,27905,26461,6631,14,13
2021-07-20T23:59:59+02:00,973,843,7858,7469,9485,8927,12094,12669,16229,16801,19662,19803,15912,16604,8950,10865,2911,5562,50,30,3272,3264,5958,5905,8312,9075,13214,14075,18017,18388,15282,15955,8655,10526,2822,5382,139986,110182,19101,15039,27902,26328,6620,12,13
2021-07-19T23:59:59+02:00,972,843,7851,7467,9482,8919,12089,12667,16224,16795,19659,19803,15910,16601,8950,10863,2911,5561,48,29,3220,3228,5908,5865,8249,9029,13156,14048,17971,18375,15282,15952,8655,10524,2822,5381,139949,109898,19100,15022,27902,26201,6608,12,13
2021-07-18T23:59:59+02:00,971,842,7840,7459,9478,8915,12081,12662,16219,16789,19657,19801,15909,16599,8950,10863,2911,5561,47,29,3200,3210,5868,5831,8213,8999,13118,14033,17955,18369,15282,15951,8655,10524,2822,5380,139906,109706,19099,14987,27900,26186,6594,12,13
2021-07-17T23:59:59+02:00,856,723,7519,7171,9328,8744,11907,12500,16090,16650,19560,19707,15888,16578,8942,10850,2911,5558,32,22,3099,3102,5755,5738,8081,8839,12976,13905,17859,18289,15272,15933,8652,10517,2822,5380,137901,108518,19097,14982,27900,26182,6578,10,13
2021-07-16T23:59:59+02:00,699,572,7129,6842,9147,8590,11715,12289,15888,16475,19418,19583,15858,16542,8933,10836,2910,5556,25,19,3037,3041,5679,5674,7965,8731,12856,13768,17780,18212,15250,15917,8648,10515,2821,5380,135439,107612,19097,14977,27899,26175,6541,10,13
2021-07-15T23:59:59+02:00,697,572,7115,6833,9143,8587,11702,12285,15877,16468,19414,19577,15856,16539,8928,10834,2909,5547,24,19,2996,3005,5613,5631,7875,8681,12779,13727,17749,18185,15227,15900,8640,10508,2820,5371,135394,107374,19094,14823,27894,26046,6494,10,13
2021-07-14T23:59:59+02:00,694,571,7106,6824,9138,8585,11698,12280,15871,16465,19409,19572,15854,16536,8925,10831,2909,5543,24,19,2974,2991,5572,5599,7839,8660,12747,13711,17732,18173,15220,15897,8637,10504,2820,5367,135360,107221,19093,14788,27894,26007,6457,10,13
2021-07-13T23:59:59+02:00,689,569,7081,6807,9126,8568,11689,12266,15860,16446,19399,19566,15845,16532,8921,10821,2904,5535,22,18,2918,2939,5507,5532,7678,8523,12493,13492,17573,18043,15201,15886,8625,10491,2815,5356,135235,105996,19093,14734,27891,25971,6398,10,13
2021-07-12T23:59:59+02:00,683,561,7068,6793,9115,8557,11679,12256,15855,16433,19387,19562,15843,16528,8919,10821,2904,5532,21,16,2860,2884,5426,5456,7529,8408,12246,13279,17392,17896,15191,15881,8621,10484,2814,5356,135121,104755,19091,14681,27887,25921,6390,10,13
2021-07-11T23:59:59+02:00,682,560,7060,6791,9106,8549,11671,12248,15845,16430,19382,19557,15843,16525,8918,10819,2904,5532,20,15,2829,2850,5350,5385,7428,8321,12078,13122,17265,17763,15182,15870,8620,10481,2814,5356,135077,103865,19088,14633,27887,25875,6363,10,13
2021-07-10T23:59:59+02:00,508,402,6500,6242,8880,8363,11429,12055,15688,16298,19327,19508,15835,16515,8914,10814,2903,5531,18,11,2800,2816,5299,5341,7345,8242,11974,13022,17186,17695,15167,15854,8617,10470,2811,5354,132388,103170,19088,14631,27887,25866,6342,10,13
2021-07-09T23:59:59+02:00,497,395,6442,6212,8852,8326,11389,12027,15660,16285,19314,19492,15834,16512,8914,10811,2903,5531,16,11,2743,2750,5218,5272,7166,8064,11562,12723,16887,17486,15147,15826,8610,10465,2809,5352,132294,102142,18877,13770,27886,25850,6332,10,13
2021-07-08T23:59:59+02:00,491,393,6125,5953,8483,8037,11010,11721,15322,16037,19057,19320,15812,16488,8905,10804,2900,5530,15,10,2680,2699,5138,5194,7025,7972,11362,12582,16732,17361,15140,15818,8610,10463,2809,5351,132204,101273,15995,13600,27881,25774,6301,10,13
2021-07-07T23:59:59+02:00,489,389,6110,5940,8459,8022,10996,11705,15311,16027,19056,19315,15810,16483,8904,10802,2900,5528,15,10,2632,2646,5047,5132,6887,7877,11128,12399,16568,17227,15132,15810,8605,10457,2809,5351,132097,100248,15985,13472,27879,25724,6275,10,13
2021-07-06T23:59:59+02:00,462,369,6009,5848,8386,7956,10923,11636,15277,15987,19033,19299,15802,16472,8901,10800,2897,5526,12,9,2563,2577,4914,5018,6705,7743,10738,11988,16195,16850,15106,15777,8597,10450,2808,5347,131479,98088,15977,13390,27873,25662,6244,10,13
2021-07-05T23:59:59+02:00,421,335,5831,5678,8270,7866,10810,11522,15218,15917,19001,19268,15796,16464,8897,10795,2894,5525,8,7,2512,2499,4818,4920,6572,7606,10386,11670,15921,16546,15076,15746,8589,10435,2808,5342,130437,96295,15974,13326,27870,25610,6217,10,13
2021-07-04T23:59:59+02:00,400,305,5756,5599,8213,7809,10742,11464,15188,15886,18987,19250,15789,16460,8895,10793,2894,5523,7,7,2492,2469,4756,4873,6511,7554,10249,11560,15820,16473,15071,15739,8587,10434,2807,5342,129929,95728,15967,13256,27865,25572,6182,10,13
2021-07-03T23:59:59+02:00,394,303,5735,5587,8202,7800,10729,11459,15181,15879,18984,19247,15789,16460,8895,10793,2894,5523,6,7,2457,2439,4660,4844,6403,7528,10192,11514,15715,16387,14390,15031,8568,10409,2807,5342,129851,95613,15964,13254,27865,23655,6164,10,13
2021-07-02T23:59:59+02:00,348,264,5547,5439,8128,7730,10631,11362,15116,15822,18965,19240,15785,16456,8890,10791,2892,5520,6,7,2411,2391,4502,4766,6219,7454,10038,11356,15524,16184,13596,14111,8560,10394,2807,5341,128940,95050,15961,13209,27864,21244,6151,10,13
2021-07-01T23:59:59+02:00,286,209,5330,5255,7998,7618,10490,11235,14986,15726,18921,19215,15778,16448,8885,10785,2892,5519,5,6,2292,2272,4325,4592,5981,7198,9258,10671,14897,15710,13569,14081,8555,10389,2803,5339,127642,91546,15948,13112,27863,21159,6113,10,13
2021-06-30T23:59:59+02:00,156,119,4847,4783,7660,7340,10135,10897,14760,15549,18863,19171,15767,16437,8881,10777,2892,5516,5,6,2254,2224,4240,4521,5867,7101,9087,10546,14807,15632,13555,14072,8552,10386,2803,5337,124657,90943,15943,12939,27863,21023,6077,10,13
2021-06-29T23:59:59+02:00,118,97,4565,4502,7411,7120,9844,10595,14564,15359,18799,19111,15715,16387,8861,10762,2891,5511,4,5,2187,2143,4097,4384,5659,6920,8860,10317,14512,15406,13508,14024,8539,10361,2801,5324,122587,89485,15938,12786,27861,20951,5816,10,13
2021-06-28T23:59:59+02:00,102,78,4428,4362,7305,7009,9722,10470,14471,15251,18754,19069,15699,16371,8847,10751,2888,5509,2,4,2100,2016,3915,4179,5378,6578,8475,9804,13980,14868,13389,13935,8520,10337,2798,5310,121574,86271,15927,12707,27859,20883,5716,10,11
2021-06-27T23:59:59+02:00,97,76,4375,4316,7248,6955,9661,10415,14438,15217,18734,19052,15682,16359,8840,10744,2887,5504,2,3,2047,1981,3852,4134,5263,6463,8307,9675,13804,14753,13363,13916,8511,10328,2795,5308,121209,85474,15923,12672,27857,20747,5601,10,11
2021-06-26T23:59:59+02:00,84,74,4330,4286,7218,6928,9643,10394,14418,15201,18721,19039,15678,16353,8840,10744,2887,5504,2,3,1971,1890,3664,3975,5049,6203,7942,9217,13453,14458,13283,13857,8491,10300,2790,5299,120967,82833,15917,12672,27857,20740,5591,10,11
2021-06-25T23:59:59+02:00,71,61,4018,3965,6957,6692,9348,10100,14193,15012,18637,18982,15632,16308,8821,10725,2885,5498,2,3,1906,1807,3499,3853,4853,5966,7614,8802,13141,14121,13233,13801,8478,10275,2784,5293,118571,80472,15890,12640,27857,20733,5577,10,9
2021-06-24T23:59:59+02:00,64,53,3924,3875,6855,6606,9248,10009,14094,14925,18609,18949,15617,16291,8815,10718,2885,5496,2,3,1836,1734,3382,3754,4653,5822,7394,8602,12892,13919,12397,12869,8297,10012,2784,5292,117836,79245,15881,12534,27853,18403,5453,10,9
2021-06-23T23:59:59+02:00,50,48,3522,3506,6401,6259,8718,9502,13760,14624,18473,18814,15513,16199,8772,10682,2882,5482,2,3,1698,1564,3127,3550,4233,5488,6445,7892,12149,13219,12372,12856,8287,10005,2784,5288,114913,78603,15634,9204,27852,18348,4798,10,9
2021-06-22T23:59:59+02:00,41,40,3448,3432,6323,6199,8614,9424,13709,14577,18439,18796,15502,16193,8771,10677,2882,5479,2,3,1657,1511,3024,3447,4088,5339,6191,7708,11536,12506,12282,12761,8269,9972,2780,5280,114280,76259,15629,9122,27850,18189,4777,10,9
2021-06-21T23:59:59+02:00,35,37,3377,3372,6233,6136,8552,9352,13648,14531,18406,18774,15500,16192,8770,10676,2882,5478,1,3,1622,1460,2933,3349,3961,5186,5995,7481,10777,11591,11893,12304,7191,8738,2774,5273,113753,73606,15621,9018,27848,15180,4719,10,9
2021-06-20T23:59:59+02:00,35,36,3352,3349,6185,6105,8506,9320,13621,14513,18395,18770,15499,16192,8770,10676,2882,5478,0,3,1604,1443,2894,3321,3910,5148,5943,7455,10688,11515,11873,12285,7188,8730,2773,5273,113573,73285,15603,8938,27848,15164,4650,10,9
2021-06-19T23:59:59+02:00,33,34,3324,3325,6154,6082,8474,9301,13596,14507,18388,18765,15498,16191,8770,10676,2882,5478,0,3,1600,1431,2889,3312,3902,5142,5927,7450,10677,11507,11873,12285,7188,8729,2773,5273,113373,73203,15597,8938,27848,15161,4650,10,9
2021-06-18T23:59:59+02:00,29,29,3281,3282,6080,6042,8405,9246,13550,14475,18364,18754,15497,16189,8769,10675,2882,5478,0,3,1525,1338,2752,3136,3717,4864,5531,7076,9181,9936,11707,12115,7146,8679,2761,5255,112987,68014,15569,8937,27848,15149,4613,10,9
2021-06-17T23:59:59+02:00,26,25,3217,3230,6010,6002,8330,9191,13478,14429,18340,18743,15495,16183,8767,10672,2882,5475,0,3,1399,1244,2564,2924,3456,4573,5166,6679,8507,9203,11421,11872,7105,8621,2757,5252,112605,64299,15539,8822,27843,15118,4498,10,9
2021-06-16T23:59:59+02:00,26,22,3163,3168,5897,5935,8209,9096,13349,14344,18274,18705,15489,16174,8767,10670,2882,5475,0,3,1300,1188,2425,2820,3272,4412,4880,6403,7423,7912,11330,11764,7074,8583,2744,5234,111958,60527,15466,8776,27839,15083,4372,10,9
2021-06-15T23:59:59+02:00,21,21,3068,3080,5779,5846,8023,8918,13086,14125,18123,18577,15474,16162,8759,10663,2882,5473,0,3,1264,1155,2351,2764,3167,4336,4677,6278,7110,7660,10834,11206,7040,8549,2736,5221,110532,58280,15438,8744,27829,15048,4271,10,8
2021-06-14T23:59:59+02:00,20,19,2994,3009,5700,5787,7880,8798,12796,13890,17934,18400,15457,16148,8752,10658,2881,5472,0,3,1236,1126,2286,2707,3042,4241,4476,6138,6767,7354,10306,10593,7009,8511,2732,5211,109138,55903,15429,8637,27825,14998,4193,10,7
2021-06-13T23:59:59+02:00,20,19,2976,2978,5635,5748,7815,8732,12657,13756,17828,18278,15451,16139,8751,10655,2880,5472,0,3,1225,1112,2257,2690,3004,4230,4430,6118,6733,7337,10301,10586,7009,8510,2732,5211,108399,55756,15418,8628,27821,14955,4142,10,7
2021-06-12T23:59:59+02:00,18,19,2948,2960,5605,5721,7784,8712,12637,13737,17819,18275,15450,16137,8751,10655,2880,5472,0,3,1170,1050,2170,2614,2911,4091,4288,5985,6624,7252,10218,10508,6415,7784,2732,5211,108195,55641,15415,8626,27821,12613,4139,10,7
2021-06-11T23:59:59+02:00,18,16,2871,2886,5535,5655,7602,8526,12228,13430,17537,18069,15434,16112,8745,10647,2877,5470,0,3,1146,1033,2114,2573,2845,4042,4202,5923,6511,7161,10115,10397,6400,7777,2730,5205,107176,55113,14524,8357,27820,12572,4128,10,7
2021-06-10T23:59:59+02:00,14,14,2816,2844,5435,5602,7469,8445,12043,13292,17399,17952,15429,16108,8745,10646,2876,5469,0,3,1105,1008,2038,2506,2744,3963,4033,5792,6267,6947,9863,10125,6380,7749,2724,5199,106257,53541,14450,8352,27816,12481,4065,10,7
2021-06-09T23:59:59+02:00,13,13,2738,2776,5313,5506,7245,8273,11763,13048,17212,17802,15418,16094,8741,10637,2876,5466,0,3,1048,942,1906,2389,2539,3780,3706,5507,5644,6431,9036,9219,6323,7673,2711,5164,105044,49519,14296,8334,27807,12384,3777,10,7
2021-06-08T23:59:59+02:00,10,9,2641,2672,5179,5379,7047,8087,11333,12620,16835,17413,15399,16067,8730,10630,2875,5461,0,3,1010,912,1836,2324,2432,3705,3567,5440,5491,6298,9002,9200,6321,7661,2709,5160,102836,49002,14269,8283,27805,12312,3467,10,7
2021-06-07T23:59:59+02:00,8,8,2514,2573,4987,5248,6840,7921,10854,12261,16492,17118,15374,16039,8724,10613,2874,5457,0,3,941,876,1704,2267,2290,3618,3312,5350,5136,6014,8451,8574,6268,7601,2705,5150,100901,46781,14227,8267,27796,12234,2971,10,7
2021-06-06T23:59:59+02:00,8,6,2476,2549,4925,5191,6754,7863,10715,12150,16401,17052,15371,16036,8724,10613,2872,5456,0,3,925,866,1675,2243,2244,3590,3244,5325,5087,5990,8445,8572,6263,7593,2705,5149,100307,46617,14175,8256,27790,12159,2880,10,7
2021-06-05T23:59:59+02:00,7,5,2462,2527,4895,5165,6717,7833,10686,12123,16392,17045,15371,16036,8724,10613,2872,5456,0,3,909,851,1642,2213,2204,3534,3137,5241,4732,5657,7848,7867,6235,7539,2704,5147,100078,44217,14175,8250,27790,12113,2876,10,7
2021-06-04T23:59:59+02:00,6,4,2431,2498,4850,5121,6669,7780,10597,12018,16340,16982,15367,16029,8724,10612,2871,5455,0,3,897,833,1619,2192,2160,3497,3085,5182,4566,5465,7546,7498,6199,7497,2702,5141,99549,42922,14167,8247,27790,12068,2838,10,7
2021-06-03T23:59:59+02:00,6,4,2327,2371,4701,4948,6461,7532,9893,11384,15750,16529,15355,16019,8721,10606,2870,5454,0,3,880,803,1579,2132,2112,3416,2994,5071,4418,5298,7384,7307,6187,7470,2702,5137,96208,41865,14128,8236,27785,11985,2800,10,7
2021-06-02T23:59:59+02:00,6,4,2310,2347,4656,4917,6405,7495,9793,11296,15690,16476,15347,16015,8720,10602,2870,5453,0,2,869,791,1560,2111,2058,3377,2908,4984,4058,4909,6827,6666,6143,7413,2698,5126,95686,39526,14126,8231,27785,11941,2795,10,7
2021-06-01T23:59:59+02:00,5,3,2247,2307,4535,4824,6238,7375,9604,11148,15580,16399,15344,16011,8716,10598,2869,5448,0,1,835,764,1493,2061,1942,3313,2755,4891,3854,4778,6617,6434,6120,7394,2692,5117,94806,38433,14075,8209,27773,11825,2587,10,7
2021-05-31T23:59:59+02:00,1,3,2198,2248,4436,4730,6092,7250,9418,10998,15494,16343,15336,16004,8713,10598,2869,5448,0,1,811,731,1435,2002,1869,3264,2578,4835,3723,4724,6258,6019,6097,7373,2689,5109,94079,37248,13988,8202,27763,11722,2339,10,7
2021-05-30T23:59:59+02:00,1,3,2173,2225,4382,4671,5997,7189,9343,10934,15457,16322,15335,16001,8713,10598,2869,5448,0,1,799,720,1412,1977,1820,3236,2445,4798,3617,4706,6256,6017,6096,7373,2689,5109,93626,36928,13948,8179,27753,11633,2324,10,7
2021-05-29T23:59:59+02:00,1,3,2156,2209,4362,4659,5980,7173,9331,10921,15452,16318,15334,16001,8713,10598,2869,5448,0,1,780,669,1319,1718,1685,2874,2245,4250,3338,4275,6166,5923,5985,7241,2688,5109,93497,36873,13944,8174,27753,8888,2324,10,7
2021-05-28T23:59:59+02:00,1,3,2136,2186,4324,4613,5935,7127,9252,10851,15384,16265,15330,15999,8713,10598,2869,5447,0,1,763,579,1241,1464,1586,2473,2067,3561,3073,3680,5530,5184,5903,7150,2684,5096,93018,35575,13931,8174,27751,5956,2323,10,7
2021-05-27T23:59:59+02:00,1,3,2094,2148,4239,4543,5813,7052,9096,10751,15286,16180,15329,15998,8713,10598,2869,5447,0,1,733,544,1210,1380,1545,2336,1996,3420,2960,3559,5093,4703,5870,7110,2673,5067,92330,34447,13783,8164,27728,5274,2309,10,6
2021-05-26T23:59:59+02:00,1,3,2026,2029,4043,4396,5470,6786,8125,10006,14525,15478,15317,15991,8709,10592,2867,5444,0,1,722,529,1184,1318,1499,2277,1938,3306,2807,3416,3786,3317,5811,7035,2650,5008,91550,31165,10255,8146,27711,5006,2282,10,5
2021-05-25T23:59:59+02:00,1,3,1990,1990,3964,4331,5377,6721,7990,9899,14147,15042,15269,15954,8702,10577,2865,5440,0,1,718,522,1157,1284,1481,2251,1918,3278,2781,3390,3780,3306,5804,7032,2648,5007,90204,31076,10106,8135,27695,4896,2247,10,4
2021-05-24T23:59:59+02:00,1,3,1964,1946,3877,4255,5271,6637,7864,9775,13636,14426,15218,15887,8695,10564,2864,5435,0,1,712,514,1137,1272,1449,2236,1896,3258,2753,3367,3763,3288,5782,7008,2639,4991,88414,30938,10025,8084,27683,4855,2186,10,3
2021-05-23T23:59:59+02:00,1,3,1955,1934,3858,4234,5253,6623,7811,9744,13560,14363,15207,15883,8693,10563,2863,5435,0,1,705,504,1126,1259,1423,2212,1841,3222,2643,3270,3350,2856,5136,6198,2624,4946,88180,30765,9924,5528,27683,4834,2186,10,3
2021-05-22T23:59:59+02:00,1,3,1788,1891,3558,4185,4855,6579,7556,9685,13437,14285,15201,15882,8693,10562,2863,5435,0,1,543,472,835,1218,1050,2175,1603,3168,2531,3196,3347,2854,5136,6197,2624,4946,88027,30751,9923,5526,27681,4798,818,10,3
2021-05-21T23:59:59+02:00,1,3,1704,1786,3402,3991,4660,6282,7158,9319,12147,12954,15051,15734,8657,10515,2854,5424,0,1,538,460,825,1215,1047,2167,1568,3137,2453,3118,3171,2717,5109,6154,2621,4931,83261,30110,9881,5525,27675,4777,817,8,3
2021-05-20T23:59:59+02:00,1,3,1666,1751,3306,3937,4552,6194,6981,9236,11937,12724,15030,15716,8653,10508,2853,5423,0,1,517,445,784,1167,990,2102,1444,3065,2326,3020,2979,2546,5068,6077,2613,4916,82406,29355,9779,5510,27621,4534,658,7,3
2021-05-19T23:59:59+02:00,1,3,1644,1725,3247,3883,4457,6121,6866,9170,11704,12461,15019,15705,8650,10507,2853,5422,0,1,508,434,768,1129,974,2033,1333,2919,1998,2726,2415,2051,4962,5959,2591,4869,81577,27286,9640,5495,27595,4267,619,7,3
2021-05-18T23:59:59+02:00,1,3,1585,1693,3158,3794,4344,6018,6706,9012,11413,12204,14974,15658,8638,10484,2851,5412,0,1,505,422,753,1114,956,2015,1250,2856,1717,2502,1968,1707,4889,5875,2569,4825,80479,25736,9437,5485,27528,4203,497,7,3
2021-05-17T23:59:59+02:00,1,3,1536,1612,3028,3637,4140,5738,6357,8548,10862,11653,14865,15565,8619,10459,2847,5401,0,1,503,414,747,1107,935,2010,1226,2830,1690,2466,1952,1687,4882,5868,2566,4822,77573,25669,9400,5471,27504,4176,387,7,3
2021-05-16T23:59:59+02:00,1,3,1517,1590,2974,3595,4045,5651,6208,8412,10685,11518,14839,15543,8611,10451,2846,5399,0,1,496,407,725,1092,904,1994,1198,2802,1656,2441,1945,1678,4879,5864,2564,4820,76824,25637,9340,5452,27474,4131,243,7,3
2021-05-15T23:59:59+02:00,1,3,1431,1494,2766,3428,3817,5373,5848,7939,10332,11223,14754,15481,8592,10422,2840,5390,0,1,496,405,720,1089,904,1990,1193,2800,1650,2436,1933,1666,4872,5858,2564,4818,74078,25573,9340,5451,27467,4126,242,7,3
2021-05-14T23:59:59+02:00,1,3,1397,1432,2654,3330,3664,5216,5648,7650,10108,10968,14719,15442,8579,10399,2837,5386,0,1,448,367,649,922,829,1704,1065,2388,1467,2110,1899,1625,4869,5850,2564,4814,72424,25510,9321,5449,27444,2372,237,7,3
2021-05-13T23:59:59+02:00,1,3,1339,1365,2550,3246,3494,5078,5428,7444,9881,10786,14693,15413,8569,10396,2835,5383,0,1,441,354,622,894,727,1597,965,2302,1204,1894,1181,1044,4647,5614,2556,4782,71255,25388,9006,2904,27414,2308,222,7,3
2021-05-12T23:59:59+02:00,1,3,1331,1355,2534,3240,3476,5064,5407,7431,9865,10776,14690,15408,8567,10394,2834,5383,0,1,441,353,621,893,723,1596,960,2302,1200,1888,1162,1035,4635,5576,2522,4713,71139,25188,8982,2904,27410,2305,221,7,3
2021-05-11T23:59:59+02:00,1,2,1291,1312,2460,3159,3362,4938,5210,7286,9576,10466,14642,15349,8555,10374,2830,5374,0,1,436,341,603,879,701,1578,932,2279,1174,1860,1107,1000,4570,5478,2478,4588,69798,24692,8858,2886,27323,2223,201,7,3
2021-05-10T23:59:59+02:00,1,2,1268,1284,2395,3081,3234,4810,5078,7130,9253,10086,14596,15310,8546,10355,2825,5372,0,1,435,339,590,869,689,1563,920,2264,1156,1846,1071,965,4508,5400,2437,4469,68440,24273,8735,2882,27251,2171,193,7,3
2021-05-09T23:59:59+02:00,1,2,1253,1267,2350,3064,3154,4773,5014,7097,9186,10041,14583,15294,8544,10349,2825,5370,0,1,427,337,576,864,666,1542,898,2244,1144,1832,1052,949,4495,5362,2421,4426,68193,24109,8658,2880,27202,2137,107,7,3
2021-05-08T23:59:59+02:00,1,2,1251,1263,2336,3052,3137,4760,4975,7082,9161,10033,14582,15294,8544,10348,2825,5370,0,1,427,337,575,864,665,1542,898,2243,1143,1831,1052,949,4494,5362,2421,4426,68051,24107,8651,2877,27200,2136,107,7,3
2021-05-07T23:59:59+02:00,1,2,1231,1242,2295,3011,3082,4710,4875,6989,8935,9786,14565,15271,8538,10342,2822,5366,0,1,378,311,543,795,627,1378,828,2035,1053,1642,1022,920,4473,5339,2419,4421,67134,24000,8643,2872,27174,1205,105,7,3
2021-05-06T23:59:59+02:00,1,2,1085,1150,2068,2768,2779,4404,4502,6587,8345,9180,14287,15034,8498,10286,2819,5365,0,1,377,307,530,775,610,1346,809,2000,1021,1614,994,886,4463,5325,2417,4417,63507,23867,8512,2821,27035,1102,99,7,3
2021-05-05T23:59:59+02:00,1,1,1020,1097,1956,2658,2620,4231,4206,6308,7325,7993,14201,14935,8463,10245,2806,5345,0,1,373,304,522,765,595,1336,776,1986,995,1594,921,823,4422,5252,2409,4401,59976,23545,8466,2799,26911,1077,51,7,3
2021-05-04T23:59:59+02:00,1,1,997,1077,1905,2619,2518,4163,3986,6193,7043,7774,13695,14369,8432,10212,2801,5336,0,1,369,303,517,761,583,1331,759,1967,979,1587,902,799,4399,5236,2406,4392,57914,23407,8407,2783,26751,1055,43,7,3
2021-05-03T23:59:59+02:00,1,1,965,1042,1842,2566,2411,4051,3785,6076,6684,7472,13160,13743,8395,10174,2794,5321,0,1,364,302,515,754,573,1324,750,1955,965,1574,876,775,4381,5218,2400,4379,55484,23293,8379,2773,26610,1034,3,7,3
2021-05-02T23:59:59+02:00,1,1,960,1041,1823,2558,2381,4041,3741,6066,6647,7463,13159,13742,8395,10173,2794,5321,0,1,364,302,512,754,572,1322,745,1955,964,1570,874,771,4379,5213,2399,4379,55343,23272,8372,2771,26582,1027,3,7,3
2021-05-01T23:59:59+02:00,1,1,960,1039,1815,2554,2369,4032,3726,6058,6633,7453,13158,13739,8395,10173,2794,5321,0,1,364,302,512,754,572,1321,744,1954,962,1570,874,771,4379,5213,2399,4379,55261,23271,8370,2767,26580,1027,3,7,3
2021-04-30T23:59:59+02:00,0,1,944,1034,1795,2538,2347,3997,3689,6025,6551,7398,13062,13636,8394,10168,2791,5309,0,1,317,248,471,677,543,1142,713,1731,928,1366,863,753,4375,5210,2399,4379,54758,23257,8369,2761,26542,92,3,7,3
2021-04-29T23:59:59+02:00,0,1,891,1010,1739,2488,2284,3938,3539,5898,6313,7174,12801,13361,8372,10139,2787,5302,0,1,310,246,461,670,540,1134,706,1720,918,1358,855,737,4366,5202,2399,4377,53156,23168,8354,2755,26517,71,3,7,3
2021-04-28T23:59:59+02:00,0,1,830,978,1659,2425,2141,3826,3255,5643,5708,6664,11962,12440,8313,10049,2763,5265,0,1,309,243,459,663,532,1121,695,1699,907,1351,839,720,4347,5175,2397,4377,49089,23043,8347,2735,26476,51,3,7,3
2021-04-27T23:59:59+02:00,0,1,821,973,1640,2403,2096,3807,3185,5617,5580,6538,11932,12423,8311,10047,2763,5263,0,1,308,241,453,661,524,1114,686,1687,898,1345,828,707,4343,5168,2396,4370,48606,22962,8342,2719,26443,43,3,6,3
2021-04-26T23:59:59+02:00,0,1,811,962,1614,2385,2035,3768,3007,5538,5248,6253,11364,11777,8256,9982,2758,5253,0,1,306,240,452,660,519,1108,675,1681,889,1334,817,697,4338,5162,2396,4366,46272,22910,8333,2688,26400,38,3,4,2
2021-04-25T23:59:59+02:00,0,1,801,959,1597,2378,1997,3751,2881,5514,5152,6248,11359,11773,8252,9976,2757,5252,0,1,305,239,452,660,519,1101,675,1679,885,1332,817,696,4338,5162,2396,4366,45938,22903,8327,2684,26376,31,3,4,2
2021-04-24T23:59:59+02:00,0,1,786,949,1575,2358,1957,3705,2784,5443,4808,5921,10746,11048,8221,9917,2756,5250,0,1,305,239,452,660,519,1100,674,1677,884,1332,812,692,4328,5146,2394,4365,43523,22866,8325,2679,26370,30,3,4,2
2021-04-23T23:59:59+02:00,0,1,781,941,1562,2348,1927,3678,2745,5390,4646,5733,10437,10665,8181,9875,2753,5241,0,1,305,238,452,660,519,1099,673,1677,882,1332,812,691,4326,5143,2394,4365,42220,22856,8324,2678,26353,30,3,4,2
2021-04-22T23:59:59+02:00,0,1,764,927,1535,2304,1878,3609,2657,5297,4490,5578,10292,10470,8167,9844,2751,5233,0,1,305,237,450,649,517,1093,667,1669,876,1323,806,687,4323,5141,2394,4363,41214,22820,8294,2654,26282,22,3,4,2
2021-04-21T23:59:59+02:00,0,1,753,915,1510,2291,1826,3564,2552,5209,4107,5158,9694,9783,8117,9780,2747,5222,0,1,303,237,448,648,517,1092,663,1666,871,1318,793,675,4313,5126,2394,4359,38692,22769,8278,2630,26252,20,3,4,2
2021-04-20T23:59:59+02:00,0,1,746,903,1489,2264,1795,3532,2502,5152,3969,5062,9497,9563,8099,9770,2743,5219,0,1,303,236,448,647,516,1090,662,1662,868,1312,787,670,4309,5121,2394,4359,37854,22737,8265,2624,26180,20,3,4,1
2021-04-19T23:59:59+02:00,0,1,739,894,1480,2255,1778,3514,2471,5125,3903,5002,9126,9145,8074,9745,2740,5213,0,1,303,234,447,642,514,1087,659,1659,864,1308,782,664,4300,5119,2394,4357,36822,22697,8253,2613,26123,20,3,4,1
2021-04-18T23:59:59+02:00,0,1,735,891,1475,2249,1759,3507,2452,5113,3895,5000,9116,9134,8074,9744,2740,5213,0,1,302,234,447,639,513,1083,657,1656,861,1308,781,662,4300,5117,2394,4357,36763,22689,8233,2599,26095,20,3,4,1
2021-04-17T23:59:59+02:00,0,1,716,885,1387,2238,1659,3495,2415,5082,3814,4921,8397,8411,8058,9731,2740,5213,0,1,302,234,445,637,512,1082,656,1656,860,1305,781,662,4299,5117,2394,4357,36753,22677,8232,2599,24171,20,3,4,1
2021-04-16T23:59:59+02:00,0,1,701,867,1258,2215,1507,3470,2329,5016,3652,4757,7056,6861,8023,9682,2727,5181,0,1,302,233,440,630,507,1078,646,1654,856,1296,771,656,4294,5103,2391,4355,35377,22603,8222,2594,21697,12,3,4,1
2021-04-15T23:59:59+02:00,0,1,680,857,1247,2202,1486,3451,2271,4979,3579,4703,6616,6361,7982,9616,2703,5106,0,1,295,227,425,618,490,1064,612,1627,820,1267,680,595,3796,4588,2367,4319,34046,22541,8166,1238,21621,8,3,4,1
2021-04-14T23:59:59+02:00,0,1,675,853,1228,2187,1453,3432,2226,4942,3446,4608,5276,4957,7931,9550,2681,5069,0,1,287,222,422,612,483,1061,604,1618,815,1263,665,579,3783,4578,2363,4313,30811,22449,8153,1209,21544,7,3,4,1
2021-04-13T23:59:59+02:00,0,1,671,853,1219,2182,1437,3430,2218,4931,3426,4592,5256,4940,7925,9547,2680,5067,0,1,287,221,420,609,480,1057,602,1614,804,1260,647,573,3781,4575,2363,4313,30728,22425,8131,1171,21509,7,3,4,1
2021-04-12T23:59:59+02:00,0,1,666,846,1206,2172,1420,3419,2184,4916,3394,4569,5231,4924,7912,9535,2677,5034,0,1,286,220,418,609,478,1051,600,1610,796,1252,642,570,3775,4573,2362,4313,30595,22397,8086,1148,21418,7,3,4,1
2021-04-11T23:59:59+02:00,0,1,658,842,1189,2160,1400,3404,2116,4891,3275,4485,4814,4485,7241,8713,2670,5029,0,1,286,220,416,609,476,1049,594,1607,792,1249,638,567,3771,4568,2362,4313,30564,22390,5477,1117,21325,7,3,4,1
2021-04-10T23:59:59+02:00,0,1,658,840,1188,2159,1398,3399,2114,4888,3271,4477,4770,4438,7237,8707,2670,5028,0,1,280,217,414,598,463,1033,567,1590,759,1223,566,497,3202,3950,2313,4218,30440,20765,5474,1117,21324,7,1,4,1
2021-04-09T23:59:59+02:00,0,1,654,839,1180,2154,1392,3394,2082,4864,3192,4396,4571,4272,7202,8658,2666,5012,0,1,270,210,404,584,444,1017,540,1571,738,1200,486,436,2544,3128,2263,4122,29744,18833,5470,1116,21310,7,1,4,1
2021-04-08T23:59:59+02:00,0,1,644,829,1163,2142,1375,3362,2021,4810,3043,4286,3516,3117,6963,8294,2655,4997,0,1,257,202,387,566,420,1003,518,1540,705,1178,463,409,2533,3119,2259,4119,28939,18603,5420,1067,18854,7,1,4,1
2021-04-07T23:59:59+02:00,0,1,637,823,1150,2133,1356,3349,1911,4730,2721,4036,2905,2585,6851,8170,2630,4944,0,1,243,195,360,543,382,969,475,1506,668,1150,435,384,2472,3053,2254,4110,26755,18146,5399,1047,18773,6,1,4,0
2021-04-06T23:59:59+02:00,0,1,627,814,1110,2126,1332,3330,1793,4680,2441,3871,2453,2235,6772,8078,2607,4906,0,1,219,182,325,516,356,950,438,1483,632,1116,400,342,2417,2978,2248,4098,25150,17666,5380,1028,18641,6,1,4,0
2021-04-05T23:59:59+02:00,0,1,624,812,1099,2121,1326,3327,1784,4670,2426,3853,2160,1891,5663,6774,2605,4905,0,1,219,182,324,512,350,944,434,1481,628,1112,397,339,2415,2972,2248,4096,25117,17656,5368,991,15552,6,1,3,0
2021-04-04T23:59:59+02:00,0,1,623,811,1099,2121,1326,3326,1784,4670,2423,3851,2158,1888,5663,6770,2605,4905,0,1,219,182,323,512,350,944,433,1481,628,1112,397,339,2414,2972,2248,4096,25107,17653,5368,991,15545,6,1,3,0
2021-04-03T23:59:59+02:00,0,1,623,811,1099,2120,1325,3326,1783,4668,2419,3851,2157,1884,5662,6770,2605,4905,0,1,219,182,323,512,350,944,433,1481,627,1112,397,339,2414,2972,2248,4096,25101,17652,5364,991,15540,6,1,3,0
2021-04-02T23:59:59+02:00,0,1,623,810,1099,2118,1320,3325,1780,4662,2417,3848,2149,1875,5651,6754,2602,4893,0,1,219,182,323,510,350,943,432,1480,626,1101,395,339,2414,2971,2248,4096,25031,17632,5358,991,15534,6,1,3,0
2021-04-01T23:59:59+02:00,0,1,619,799,1078,2099,1222,3230,1689,4593,2158,3640,1421,1290,5443,6540,2592,4863,0,1,215,181,323,509,349,942,431,1477,626,1100,392,337,2414,2971,2248,4092,24921,17619,2857,982,15495,6,1,3,0
2021-03-31T23:59:59+02:00,0,1,617,797,1074,2095,1217,3222,1678,4588,2139,3627,1392,1257,5415,6485,2551,4763,0,1,214,181,322,508,348,942,431,1476,625,1098,389,334,2410,2970,2246,4090,24594,17604,2841,974,15479,6,1,3,0
2021-03-30T23:59:59+02:00,0,1,614,790,1069,2091,1211,3217,1668,4574,2132,3612,1345,1212,5327,6352,2504,4610,0,1,214,180,322,507,345,938,426,1473,618,1087,374,323,2306,2817,2122,3864,24057,16979,2818,931,15451,6,1,2,0
2021-03-29T23:59:59+02:00,0,1,612,788,1066,2082,1202,3210,1661,4561,2118,3599,1307,1178,5262,6255,2450,4477,0,1,214,179,320,505,343,936,424,1468,612,1082,367,318,2079,2549,1893,3483,23605,15838,2790,928,15431,6,1,2,0
2021-03-28T23:59:59+02:00,0,1,612,785,1064,2076,1199,3203,1656,4550,2112,3594,1291,1169,5251,6232,2438,4444,0,1,212,179,319,502,334,932,421,1461,609,1070,360,306,2074,2535,1892,3480,23494,15810,2772,873,15408,3,1,2,0
2021-03-27T23:59:59+01:00,0,1,560,724,985,2008,1118,3083,1537,4425,2010,3511,1221,1099,4647,5500,2438,4444,0,1,210,178,319,501,334,932,417,1459,608,1067,359,306,2073,2534,1892,3480,23477,15794,2767,873,13065,2,1,1,0
2021-03-26T23:59:59+01:00,0,1,557,719,977,1999,1116,3077,1527,4418,1993,3503,1177,1068,4617,5466,2437,4440,0,1,209,175,319,499,331,931,415,1458,603,1060,351,301,1663,1995,1466,2751,23282,13658,2757,867,13051,2,1,1,0
2021-03-25T23:59:59+01:00,0,1,554,713,965,1991,1113,3068,1520,4406,1977,3493,1166,1057,4609,5460,2437,4438,0,1,208,172,317,498,329,926,411,1452,599,1051,347,297,1566,1872,1429,2675,23233,13303,2749,844,12984,2,1,1,0
2021-03-24T23:59:59+01:00,0,1,552,707,957,1981,1100,3052,1491,4385,1962,3484,1130,1027,4582,5425,2432,4433,0,1,207,172,316,497,325,922,407,1444,589,1033,335,287,1236,1489,1273,2405,23090,12151,2723,784,12886,2,1,1,0
2021-03-23T23:59:59+01:00,0,1,550,701,951,1966,1095,3040,1483,4371,1952,3476,1117,1014,4562,5411,2432,4429,0,1,206,172,314,493,316,919,406,1444,583,1029,327,280,997,1221,1157,2224,23010,11324,2714,762,12825,2,1,1,0
2021-03-22T23:59:59+01:00,0,1,549,692,946,1952,1089,3031,1474,4355,1938,3466,1114,1010,4557,5409,2432,4428,0,1,205,172,313,491,315,917,403,1441,580,1025,323,276,996,1217,1157,2220,22985,11307,2698,742,12758,2,1,1,0
2021-03-21T23:59:59+01:00,0,1,546,689,944,1943,1086,3027,1466,4342,1926,3459,1110,1009,4557,5407,2431,4428,0,1,204,172,313,490,313,913,403,1436,574,1023,313,271,992,1211,1156,2220,22980,11303,2685,699,12704,2,1,1,0
2021-03-20T23:59:59+01:00,0,1,541,682,940,1926,1069,3010,1437,4324,1891,3429,1038,939,3972,4768,2380,4328,0,1,204,172,313,490,313,913,403,1436,574,1023,313,271,992,1211,1155,2219,21309,11301,2684,699,12680,2,1,1,0
2021-03-19T23:59:59+01:00,0,1,532,672,922,1899,1041,2990,1401,4298,1865,3398,951,875,3292,3929,2328,4229,0,1,201,172,311,490,312,910,401,1434,570,1017,310,270,979,1198,1124,2179,19313,11279,2672,597,12636,2,1,1,0
2021-03-18T23:59:59+01:00,0,1,519,659,905,1873,1018,2964,1360,4257,1820,3346,852,811,2777,3395,2304,4196,0,1,196,170,308,486,310,900,397,1427,568,1012,307,263,873,1100,1011,1985,19230,10892,1269,419,12556,2,1,1,0
2021-03-17T23:59:59+01:00,0,1,517,650,896,1854,1005,2943,1337,4235,1802,3330,822,786,2689,3302,2298,4190,0,1,194,169,306,484,307,899,390,1423,565,1008,304,258,630,824,703,1534,18919,9963,1230,35,12507,0,1,0,0
2021-03-16T23:59:59+01:00,0,1,515,641,887,1833,984,2926,1320,4223,1778,3313,792,775,2641,3221,2296,4183,0,1,194,169,304,484,305,896,387,1421,562,1004,297,254,383,581,513,1223,18708,8949,1190,29,12431,0,0,0,0
2021-03-15T23:59:59+01:00,0,1,515,631,882,1814,973,2904,1314,4216,1770,3303,786,771,2638,3219,2295,4183,0,1,193,169,303,483,304,896,387,1420,559,1004,297,254,383,580,512,1223,18693,8942,1165,26,12357,0,0,0,0
2021-03-14T23:59:59+01:00,0,1,513,625,874,1801,966,2896,1304,4201,1760,3289,781,766,2632,3216,2295,4183,0,1,193,169,302,483,303,894,385,1418,558,1004,296,254,383,580,512,1223,18687,8938,1134,20,12282,0,0,0,0
2021-03-13T23:59:59+01:00,0,1,492,574,781,1538,835,2513,1109,3637,1478,2861,701,678,2529,3090,2294,4182,0,1,193,169,302,483,303,894,385,1418,558,1004,296,254,383,580,512,1223,18683,8938,1134,20,9476,0,0,0,0
2021-03-12T23:59:59+01:00,0,1,478,491,717,1268,744,2116,937,2951,1231,2267,558,527,2485,3046,2294,4182,0,0,193,167,302,483,303,892,384,1418,558,1001,296,253,370,559,463,1157,18653,8779,1133,20,6507,0,0,0,0
2021-03-11T23:59:59+01:00,0,1,454,455,683,1197,697,2010,877,2804,1149,2155,501,467,2470,3034,2293,4180,0,0,193,167,301,481,302,891,384,1415,557,1001,296,252,357,542,414,1112,18454,8648,1084,17,5889,0,0,0,0
2021-03-10T23:59:59+01:00,0,1,440,445,649,1166,657,1976,834,2768,1116,2126,482,451,2456,3014,2292,4176,0,0,189,165,297,474,302,890,379,1409,551,994,292,246,232,443,180,842,18177,7874,1064,11,5808,0,0,0,0
2021-03-09T23:59:59+01:00,0,1,425,428,617,1136,633,1955,811,2740,1093,2101,460,430,2362,2872,2165,3945,0,0,189,165,295,472,301,889,378,1406,551,991,290,245,232,443,179,841,17409,7866,1046,1,5719,0,0,0,0
2021-03-08T23:59:59+01:00,0,1,413,408,594,1105,615,1932,795,2715,1071,2075,438,402,2131,2597,1935,3564,0,0,189,164,295,470,300,884,378,1400,551,989,289,243,232,442,179,841,16160,7845,1017,1,5614,0,0,0,0
2021-03-07T23:59:59+01:00,0,1,412,407,587,1087,601,1924,792,2702,1066,2065,437,401,2126,2589,1934,3561,0,0,189,164,294,469,300,883,378,1397,551,988,289,243,232,442,179,841,16132,7838,1007,1,5553,0,0,0,0
2021-03-06T23:59:59+01:00,0,1,412,404,583,1073,597,1922,785,2695,1062,2058,436,401,2126,2589,1934,3561,0,0,189,164,294,469,300,883,378,1397,551,987,288,243,232,442,179,841,16122,7836,1007,1,5510,0,0,0,0
2021-03-05T23:59:59+01:00,0,1,406,389,577,1060,591,1913,780,2685,1055,2049,422,393,1705,2031,1503,2810,0,0,187,159,290,469,298,881,376,1394,549,983,288,243,232,442,178,840,13903,7808,1007,1,5460,0,0,0,0
2021-03-04T23:59:59+01:00,0,1,395,364,549,1021,572,1856,749,2631,1034,1999,418,389,1612,1911,1463,2733,0,0,176,151,280,456,297,873,374,1380,547,979,287,243,232,442,178,840,13543,7734,1001,1,5153,0,0,0,0
2021-03-03T23:59:59+01:00,0,1,392,358,542,989,554,1822,725,2584,1016,1959,410,383,1285,1530,1304,2457,0,0,175,150,279,455,296,872,370,1373,544,972,285,241,231,441,176,835,12375,7694,992,1,4944,0,0,0,0
2021-03-02T23:59:59+01:00,0,1,388,353,534,954,540,1801,716,2559,1005,1940,399,373,1038,1263,1184,2273,0,0,175,148,278,445,292,866,370,1364,544,966,285,241,231,441,176,835,11543,7656,955,1,4823,0,0,0,0
2021-03-01T23:59:59+01:00,0,1,386,346,525,931,521,1770,707,2535,995,1923,395,366,1037,1256,1184,2268,0,0,175,146,278,436,289,856,367,1349,540,960,283,239,230,440,176,835,11521,7598,920,1,4705,0,0,0,0
2021-02-28T23:59:59+01:00,0,1,382,343,522,923,513,1759,703,2523,990,1908,390,361,1037,1253,1184,2268,0,0,173,144,278,435,289,855,367,1349,539,960,283,239,230,440,176,835,11514,7591,892,1,4654,0,0,0,0
2021-02-27T23:59:59+01:00,0,1,381,341,517,916,511,1753,700,2514,987,1906,389,360,1037,1253,1183,2268,0,0,173,144,278,435,289,855,367,1349,538,960,283,239,230,440,176,835,11513,7590,892,1,4612,0,0,0,0
2021-02-26T23:59:59+01:00,0,1,335,298,449,743,434,1445,573,2096,816,1563,361,330,1037,1250,1183,2268,0,0,173,142,278,431,287,847,365,1341,536,957,283,239,230,440,176,835,11503,7559,881,1,2798,0,0,0,0
2021-02-25T23:59:59+01:00,0,1,315,289,438,722,422,1409,558,2047,796,1532,353,322,951,1157,1109,2142,0,0,122,129,258,425,278,834,353,1325,531,950,283,237,230,440,176,835,11090,7406,850,0,2623,0,0,0,0
2021-02-24T23:59:59+01:00,0,1,310,283,433,706,416,1374,542,1999,774,1489,346,309,741,923,922,1833,0,0,122,123,256,420,275,823,351,1312,524,944,280,234,228,439,176,833,10142,7340,809,0,2450,0,0,0,0
2021-02-23T23:59:59+01:00,0,1,308,271,425,691,405,1348,534,1966,754,1470,331,299,488,673,731,1526,0,0,122,122,255,418,273,817,351,1306,523,936,279,233,227,439,174,832,9128,7307,764,0,2329,0,0,0,0
2021-02-22T23:59:59+01:00,0,1,308,270,424,684,404,1343,530,1955,749,1466,331,297,487,671,731,1525,0,0,122,117,250,408,272,800,347,1280,518,928,275,232,227,439,174,832,9123,7221,753,0,2300,0,0,0,0
2021-02-21T23:59:59+01:00,0,1,305,269,422,677,401,1334,527,1947,743,1462,320,292,483,666,729,1525,0,0,122,117,249,407,271,797,344,1277,511,924,274,231,226,438,173,821,9118,7182,711,0,2274,0,0,0,0
2021-02-20T23:59:59+01:00,0,1,305,266,422,675,401,1326,526,1938,741,1458,320,292,483,666,729,1525,0,0,122,117,249,407,271,797,344,1277,510,924,274,231,226,438,173,821,9118,7181,711,0,2245,0,0,0,0
2021-02-19T23:59:59+01:00,0,0,259,240,390,599,367,1156,468,1725,632,1248,311,276,457,630,647,1416,0,0,122,117,249,407,270,797,344,1277,510,924,274,231,226,438,173,821,8896,7180,604,0,1321,0,0,0,0
2021-02-18T23:59:59+01:00,0,0,258,235,382,589,356,1134,455,1707,622,1241,311,274,403,582,534,1284,0,0,119,114,245,401,263,790,341,1268,506,923,272,229,226,438,173,821,8707,7129,424,0,1236,0,0,0,0
2021-02-17T23:59:59+01:00,0,0,252,231,370,575,349,1125,432,1691,614,1229,306,267,242,446,188,866,0,0,111,101,242,395,258,774,335,1252,500,912,268,226,225,438,173,821,7969,7031,33,0,1181,0,0,0,0
2021-02-16T23:59:59+01:00,0,0,251,229,359,573,339,1116,424,1677,609,1222,303,264,241,445,188,866,0,0,83,88,222,369,247,744,318,1212,468,877,246,211,217,418,172,814,7960,6706,29,0,1117,0,0,0,0
2021-02-15T23:59:59+01:00,0,0,247,228,356,568,337,1110,422,1665,604,1216,303,264,241,444,187,866,0,0,82,86,218,358,240,732,308,1185,452,854,233,204,204,394,165,758,7947,6473,26,0,1085,0,0,0,0
2021-02-14T23:59:59+01:00,0,0,246,226,350,565,334,1101,418,1659,601,1213,303,264,241,444,187,866,0,0,78,84,211,354,237,724,303,1172,448,839,232,202,204,383,165,748,7938,6384,21,0,1059,0,0,0,0
2021-02-13T23:59:59+01:00,0,0,246,226,350,565,334,1101,416,1659,601,1212,302,264,241,444,187,866,0,0,78,84,211,353,237,724,303,1172,448,839,232,202,204,383,165,748,7936,6383,21,0,1057,0,0,0,0
2021-02-12T23:59:59+01:00,0,0,193,167,302,486,307,904,383,1422,564,999,294,249,240,444,187,866,0,0,75,83,208,352,235,721,297,1168,445,834,228,199,204,381,165,748,7923,6343,21,0,63,0,0,0,0
2021-02-11T23:59:59+01:00,0,0,191,166,296,473,303,890,377,1402,554,992,294,249,240,444,187,866,0,0,74,80,198,326,225,676,277,1117,427,784,227,196,204,376,165,745,7880,6097,18,0,26,0,0,0,0
2021-02-10T23:59:59+01:00,0,0,189,159,293,469,300,885,371,1391,550,984,292,247,238,443,187,864,0,0,69,75,181,298,214,616,260,1033,402,732,218,181,190,346,150,694,7838,5659,12,0,12,0,0,0,0
2021-02-09T23:59:59+01:00,0,0,184,152,289,461,299,876,371,1381,548,975,289,246,238,443,186,863,0,0,60,60,143,234,185,512,222,840,346,595,196,155,168,309,140,617,7793,4782,3,0,5,0,0,0,0
2021-02-08T23:59:59+01:00,0,0,178,146,285,449,294,866,367,1361,542,968,285,242,237,442,184,859,0,0,33,47,98,145,136,285,163,460,252,388,165,127,139,251,115,512,7697,3316,3,0,5,0,0,0,0
2021-02-07T23:59:59+01:00,0,0,176,144,283,448,293,864,366,1360,541,967,284,241,237,442,184,859,0,0,19,40,80,123,131,264,154,426,236,362,155,122,129,240,108,474,7687,3063,2,0,0,0,0,0,0
2021-02-06T23:59:59+01:00,0,0,176,144,283,448,293,864,366,1360,541,967,284,241,237,442,184,859,0,0,19,37,78,120,121,249,143,409,205,341,140,118,128,235,107,463,7687,2913,2,0,0,0,0,0,0
2021-02-05T23:59:59+01:00,0,0,176,142,283,444,292,853,364,1352,537,964,284,240,237,442,184,858,0,0,18,33,75,115,114,235,137,382,188,323,135,113,124,230,99,446,7650,2767,2,0,0,0,0,0,0
2021-02-04T23:59:59+01:00,0,0,168,137,282,439,285,844,360,1341,528,955,283,238,236,441,184,856,0,0,11,20,48,76,85,178,114,290,155,265,117,99,112,210,89,402,7576,2271,1,0,0,0,0,0,0
2021-02-03T23:59:59+01:00,0,0,150,130,272,434,282,837,358,1330,528,953,283,238,235,441,184,855,0,0,11,18,41,64,76,143,90,259,134,223,98,85,97,181,80,354,7509,1954,1,0,0,0,0,0,0
2021-02-02T23:59:59+01:00,0,0,130,125,260,432,279,829,353,1324,527,946,282,238,234,441,183,854,0,0,11,15,33,58,64,121,75,214,103,173,66,60,72,118,55,227,7436,1465,1,0,0,0,0,0,0
2021-02-01T23:59:59+01:00,0,0,125,120,255,417,277,812,351,1298,521,934,277,236,234,441,183,854,0,0,4,9,18,30,33,66,46,119,59,72,30,31,32,52,30,111,7334,742,1,0,0,0,0,0,0
2021-01-31T23:59:59+01:00,0,0,124,117,253,414,275,808,349,1292,516,932,277,233,233,440,183,854,0,0,4,6,13,21,28,47,32,73,39,44,16,11,16,32,24,65,7299,471,1,0,0,0,0,0,0
2021-01-30T23:59:59+01:00,0,0,124,117,253,414,275,807,349,1291,515,932,277,233,233,440,183,854,0,0,4,6,13,18,25,40,27,65,36,42,16,11,16,32,24,65,7296,440,1,0,0,0,0,0,0
2021-01-29T23:59:59+01:00,0,0,124,117,253,414,274,807,349,1291,515,932,277,233,233,440,183,854,0,0,4,6,6,17,23,32,22,56,32,39,16,11,16,31,23,64,7295,398,1,0,0,0,0,0,0
2021-01-28T23:59:59+01:00,0,0,122,114,249,407,270,800,346,1284,510,931,277,233,233,440,183,854,0,0,1,3,2,7,15,14,12,27,12,23,12,7,9,18,8,27,7252,197,1,0,0,0,0,0,0
2021-01-27T23:59:59+01:00,0,0,114,104,247,402,267,791,341,1277,504,924,272,230,232,439,183,854,0,0,0,0,1,4,12,12,8,20,10,17,11,7,9,18,8,27,7180,164,1,0,0,0,0,0,0
2021-01-26T23:59:59+01:00,0,0,88,92,229,385,259,766,329,1239,478,893,252,218,222,421,183,846,0,0,0,0,1,4,12,12,8,20,10,17,11,7,9,18,8,27,6899,164,1,0,0,0,0,0,0
2021-01-25T23:59:59+01:00,0,0,85,87,227,365,246,746,315,1206,460,868,235,211,211,399,178,791,0,0,0,0,1,4,12,10,7,13,7,13,11,7,9,18,8,27,6630,147,0,0,0,0,0,0,0
2021-01-24T23:59:59+01:00,0,0,85,85,223,362,245,741,312,1193,458,853,234,209,211,388,178,780,0,0,0,0,1,4,11,10,7,13,7,13,11,7,9,18,8,27,6557,146,0,0,0,0,0,0,0
2021-01-23T23:59:59+01:00,0,0,85,85,223,362,245,741,312,1193,458,853,234,209,211,388,178,780,0,0,0,0,1,4,11,10,7,13,7,13,11,7,9,18,8,27,6557,146,0,0,0,0,0,0,0
2021-01-22T23:59:59+01:00,0,0,85,84,221,359,245,738,309,1189,454,850,232,208,211,387,178,780,0,0,0,0,1,4,11,10,7,13,7,13,11,7,9,18,8,27,6530,146,0,0,0,0,0,0,0
2021-01-21T23:59:59+01:00,0,0,85,81,208,329,235,693,284,1139,439,816,231,204,210,381,177,777,0,0,0,0,1,2,9,9,6,12,6,11,11,7,9,18,8,27,6289,136,0,0,0,0,0,0,0
2021-01-20T23:59:59+01:00,0,0,79,76,193,306,223,626,270,1046,410,756,222,192,195,350,163,725,0,0,0,0,1,2,9,9,6,12,6,11,11,7,9,18,8,27,5832,136,0,0,0,0,0,0,0
2021-01-19T23:59:59+01:00,0,0,71,66,154,257,203,564,244,923,369,646,201,166,169,308,149,635,0,0,0,0,1,2,3,7,6,11,4,9,8,6,9,18,8,27,5125,119,0,0,0,0,0,0,0
2021-01-18T23:59:59+01:00,0,0,59,59,131,213,182,460,217,764,329,553,182,145,144,257,127,546,0,0,0,0,0,1,2,4,3,6,2,7,7,6,9,18,8,25,4368,98,0,0,0,0,0,0,0
2021-01-17T23:59:59+01:00,0,0,40,47,107,183,167,402,200,681,305,498,174,138,131,240,110,486,0,0,0,0,0,0,2,4,2,6,2,5,4,4,7,14,6,23,3909,79,0,0,0,0,0,0,0
2021-01-16T23:59:59+01:00,0,0,33,44,107,180,157,385,185,661,274,477,158,133,130,234,109,474,0,0,0,0,0,0,0,0,0,0,0,0,0,0,0,0,0,0,3741,0,0,0,0,0,0,0,0
2021-01-15T23:59:59+01:00,0,0,31,40,104,175,146,371,179,631,255,455,153,124,126,228,100,456,0,0,0,0,0,0,0,0,0,0,0,0,0,0,0,0,0,0,3574,0,0,0,0,0,0,0,0
2021-01-14T23:59:59+01:00,0,0,13,23,50,76,84,174,115,293,150,266,125,105,112,208,88,411,0,0,0,0,0,0,0,0,0,0,0,0,0,0,0,0,0,0,2293,0,0,0,0,0,0,0,0
2021-01-13T23:59:59+01:00,0,0,12,20,40,64,76,139,93,264,125,228,96,83,92,167,69,329,0,0,0,0,0,0,0,0,0,0,0,0,0,0,0,0,0,0,1897,0,0,0,0,0,0,0,0
2021-01-12T23:59:59+01:00,0,0,12,15,36,60,63,115,78,215,96,174,63,55,62,101,40,192,0,0,0,0,0,0,0,0,0,0,0,0,0,0,0,0,0,0,1377,0,0,0,0,0,0,0,0
2021-01-11T23:59:59+01:00,0,0,4,10,25,42,39,83,57,145,59,87,34,30,27,44,19,84,0,0,0,0,0,0,0,0,0,0,0,0,0,0,0,0,0,0,789,0,0,0,0,0,0,0,0
2021-01-10T23:59:59+01:00,0,0,3,6,18,30,34,58,38,98,38,55,17,10,10,23,13,37,0,0,0,0,0,0,0,0,0,0,0,0,0,0,0,0,0,0,488,0,0,0,0,0,0,0,0
2021-01-09T23:59:59+01:00,0,0,3,6,16,26,33,54,33,88,36,54,17,10,10,23,13,37,0,0,0,0,0,0,0,0,0,0,0,0,0,0,0,0,0,0,459,0,0,0,0,0,0,0,0
2021-01-08T23:59:59+01:00,0,0,3,6,13,25,29,44,27,78,32,50,16,10,9,21,12,36,0,0,0,0,0,0,0,0,0,0,0,0,0,0,0,0,0,0,411,0,0,0,0,0,0,0,0
2021-01-07T23:59:59+01:00,0,0,1,4,2,8,15,14,14,28,13,25,12,8,9,18,9,29,0,0,0,0,0,0,0,0,0,0,0,0,0,0,0,0,0,0,209,0,0,0,0,0,0,0,0
2021-01-06T23:59:59+01:00,0,0,1,0,2,4,14,12,9,22,11,20,12,8,9,18,9,29,0,0,0,0,0,0,0,0,0,0,0,0,0,0,0,0,0,0,180,0,0,0,0,0,0,0,0
2021-01-05T23:59:59+01:00,0,0,0,0,1,4,13,12,8,20,10,20,11,8,9,18,9,29,0,0,0,0,0,0,0,0,0,0,0,0,0,0,0,0,0,0,172,0,0,0,0,0,0,0,0
2021-01-04T23:59:59+01:00,0,0,0,0,1,4,13,11,7,16,8,18,11,8,9,18,9,29,0,0,0,0,0,0,0,0,0,0,0,0,0,0,0,0,0,0,162,0,0,0,0,0,0,0,0
2021-01-03T23:59:59+01:00,0,0,0,0,1,4,12,10,7,13,6,15,11,8,9,18,9,29,0,0,0,0,0,0,0,0,0,0,0,0,0,0,0,0,0,0,152,0,0,0,0,0,0,0,0
2021-01-02T23:59:59+01:00,0,0,0,0,1,4,12,10,7,13,6,15,11,8,9,18,9,29,0,0,0,0,0,0,0,0,0,0,0,0,0,0,0,0,0,0,152,0,0,0,0,0,0,0,0
2021-01-01T23:59:59+01:00,0,0,0,0,1,4,12,10,7,13,6,15,11,8,9,18,9,29,0,0,0,0,0,0,0,0,0,0,0,0,0,0,0,0,0,0,152,0,0,0,0,0,0,0,0
2020-12-31T23:59:59+01:00,0,0,0,0,1,4,12,10,7,13,6,15,11,8,9,18,9,29,0,0,0,0,0,0,0,0,0,0,0,0,0,0,0,0,0,0,152,0,0,0,0,0,0,0,0
2020-12-30T23:59:59+01:00,0,0,0,0,1,4,12,10,7,13,6,15,11,8,9,18,9,29,0,0,0,0,0,0,0,0,0,0,0,0,0,0,0,0,0,0,152,0,0,0,0,0,0,0,0
2020-12-29T23:59:59+01:00,0,0,0,0,1,4,8,9,7,13,4,13,11,8,9,18,9,29,0,0,0,0,0,0,0,0,0,0,0,0,0,0,0,0,0,0,143,0,0,0,0,0,0,0,0
2020-12-28T23:59:59+01:00,0,0,0,0,1,1,5,7,7,7,2,10,11,8,9,18,9,29,0,0,0,0,0,0,0,0,0,0,0,0,0,0,0,0,0,0,124,0,0,0,0,0,0,0,0
2020-12-27T23:59:59+01:00,0,0,0,0,0,0,2,4,2,6,1,7,5,6,8,15,8,26,0,0,0,0,0,0,0,0,0,0,0,0,0,0,0,0,0,0,90,0,0,0,0,0,0,0,0
