Datum,<24_1_m,<24_1_w,25-34_1_m,25-34_1_w,35-44_1_m,35-44_1_w,45-54_1_m,45-54_1_w,55-64_1_m,55-64_1_w,65-74_1_m,65-74_1_w,75-84_1_m,75-84_1_w,>84_1_m,>84_1_w,<24_2_m,<24_2_w,25-34_2_m,25-34_2_w,35-44_2_m,35-44_2_w,45-54_2_m,45-54_2_w,55-64_2_m,55-64_2_w,65-74_2_m,65-74_2_w,75-84_2_m,75-84_2_w,>84_2_m,>84_2_w,bp_1,bp_2,mo_1,mo_2,az_1,az_2,ja
2021-05-19T23:59:59+02:00,1883,2079,3293,3858,4440,6262,7157,9369,12089,12715,14178,14880,8193,10282,2257,4497,578,512,750,1156,940,2045,1336,2927,1933,2437,2357,1986,5129,6319,2029,3995,80209,26358,9449,5378,27231,4150,543
2021-05-18T23:59:59+02:00,1816,2040,3206,3768,4330,6159,7002,9217,11837,12490,14137,14838,8184,10259,2255,4491,575,498,735,1142,925,2029,1239,2858,1645,2218,1995,1708,5062,6243,2018,3967,79155,24947,9261,5369,27164,4092,449
2021-05-17T23:59:59+02:00,1760,1949,3067,3603,4125,5859,6639,8760,11331,11993,14046,14763,8169,10234,2250,4484,574,492,730,1138,912,2023,1221,2841,1627,2193,1980,1694,5056,6238,2015,3964,76292,24889,9226,5362,27140,4073,374
2021-05-16T23:59:59+02:00,1739,1928,3015,3564,4024,5761,6490,8629,11166,11876,14030,14742,8161,10226,2250,4483,564,485,709,1124,885,2009,1192,2816,1596,2170,1975,1688,5054,6236,2014,3963,75561,24867,9171,5345,27114,4030,238
2021-05-15T23:59:59+02:00,1637,1815,2794,3388,3796,5474,6102,8141,10862,11629,13949,14685,8146,10198,2246,4477,563,484,706,1121,885,2007,1188,2815,1591,2163,1960,1679,5052,6230,2014,3961,72824,24812,9171,5345,27107,4025,237
2021-05-14T23:59:59+02:00,1591,1748,2687,3297,3648,5300,5900,7852,10656,11408,13917,14648,8134,10180,2244,4472,512,437,628,945,817,1697,1052,2397,1409,1875,1945,1663,5050,6223,2013,3956,71201,24758,9165,5344,27083,2284,233
2021-05-13T23:59:59+02:00,1523,1676,2593,3218,3480,5168,5674,7636,10469,11256,13892,14623,8129,10179,2242,4469,506,423,600,920,705,1585,965,2329,1150,1674,1199,1046,4869,6034,2006,3927,70067,24648,8888,2826,27054,2246,218
2021-05-12T23:59:59+02:00,1516,1667,2577,3213,3463,5156,5655,7626,10455,11245,13892,14620,8128,10177,2241,4469,506,422,600,918,702,1585,959,2327,1145,1669,1188,1037,4855,5997,1975,3874,69967,24473,8864,2826,27052,2243,217
2021-05-11T23:59:59+02:00,1469,1618,2501,3130,3347,5031,5460,7471,10183,10951,13849,14571,8117,10160,2237,4463,500,407,582,906,681,1571,932,2302,1120,1646,1133,999,4799,5898,1937,3773,68655,24013,8740,2808,26966,2168,197
2021-05-10T23:59:59+02:00,1439,1584,2429,3056,3224,4908,5322,7298,9873,10593,13811,14536,8108,10143,2234,4461,497,404,570,894,670,1557,920,2284,1104,1634,1098,968,4738,5808,1899,3671,67314,23606,8622,2806,26895,2116,188
2021-05-09T23:59:59+02:00,1417,1562,2391,3046,3149,4876,5249,7262,9819,10549,13801,14523,8107,10140,2234,4459,485,401,560,887,649,1539,896,2265,1094,1621,1081,951,4722,5771,1886,3632,67080,23450,8549,2804,26854,2085,101
2021-05-08T23:59:59+02:00,1412,1557,2376,3035,3134,4866,5211,7248,9795,10544,13801,14522,8107,10140,2234,4459,485,401,560,887,648,1539,896,2264,1093,1620,1081,951,4721,5771,1886,3632,66943,23449,8544,2801,26853,2084,101
2021-05-07T23:59:59+02:00,1392,1534,2334,2996,3077,4810,5114,7161,9581,10303,13790,14506,8101,10135,2231,4456,434,370,527,808,609,1376,819,2051,1009,1451,1059,933,4704,5750,1884,3627,66056,23352,8538,2798,26826,1160,101
2021-05-06T23:59:59+02:00,1227,1416,2106,2748,2769,4501,4715,6726,9023,9714,13532,14283,8069,10095,2229,4455,431,365,517,789,596,1351,801,2024,982,1430,1036,896,4696,5741,1882,3623,62409,23224,8410,2748,26695,1094,94
2021-05-05T23:59:59+02:00,1157,1355,1996,2635,2602,4318,4404,6454,8042,8518,13467,14221,8031,10054,2219,4440,429,362,508,781,579,1344,768,2009,961,1411,961,835,4663,5677,1875,3610,58927,22926,8364,2729,26574,1070,48
2021-05-04T23:59:59+02:00,1133,1332,1941,2597,2497,4248,4173,6336,7616,8137,13141,13837,8004,10021,2214,4433,426,360,503,778,569,1336,749,1993,945,1404,942,813,4648,5664,1872,3601,56899,22797,8306,2717,26414,1048,41
2021-05-03T23:59:59+02:00,1100,1291,1882,2543,2382,4135,3956,6209,7167,7700,12737,13367,7971,9988,2209,4419,420,358,501,774,558,1328,743,1983,931,1395,922,789,4633,5648,1867,3588,54498,22700,8282,2708,26276,1030,0
2021-05-02T23:59:59+02:00,1091,1290,1865,2537,2356,4127,3912,6199,7139,7693,12736,13366,7971,9988,2209,4419,420,358,498,774,557,1326,739,1983,930,1391,920,785,4632,5645,1867,3588,54366,22684,8278,2706,26254,1023,0
2021-05-01T23:59:59+02:00,1091,1288,1858,2535,2346,4121,3901,6190,7128,7685,12735,13365,7971,9988,2209,4419,420,358,498,774,557,1326,738,1982,928,1391,920,785,4632,5645,1867,3588,54300,22684,8278,2702,26252,1023,0
2021-04-30T23:59:59+02:00,1074,1280,1837,2522,2321,4088,3868,6156,7023,7602,12673,13296,7969,9985,2207,4407,356,300,466,688,524,1142,710,1756,895,1200,908,779,4630,5643,1867,3588,53816,22670,8277,2698,26215,84,0
2021-04-29T23:59:59+02:00,1019,1256,1790,2485,2256,4032,3732,6037,6745,7350,12467,13085,7952,9959,2203,4401,351,298,458,684,521,1134,701,1749,890,1194,900,769,4621,5635,1867,3587,52316,22604,8262,2692,26191,63,0
2021-04-28T23:59:59+02:00,947,1220,1714,2422,2104,3909,3410,5777,6040,6729,11789,12306,7899,9876,2180,4374,350,295,456,677,512,1119,689,1731,882,1188,885,752,4604,5610,1865,3587,48290,22485,8256,2674,26150,43,0
2021-04-27T23:59:59+02:00,933,1213,1697,2401,2058,3891,3336,5748,5921,6612,11766,12291,7897,9874,2180,4372,348,293,450,675,504,1115,679,1718,874,1181,873,741,4602,5606,1864,3581,47814,22410,8253,2659,26123,35,0
2021-04-26T23:59:59+02:00,924,1199,1665,2384,1992,3848,3149,5669,5575,6294,11235,11684,7853,9816,2176,4363,346,292,449,673,499,1110,665,1710,869,1174,864,734,4598,5600,1864,3578,45502,22363,8244,2632,26080,30,0
2021-04-25T23:59:59+02:00,913,1197,1650,2377,1951,3827,3013,5650,5498,6289,11231,11681,7849,9810,2175,4362,345,292,449,673,499,1103,665,1708,866,1173,864,733,4598,5600,1864,3578,45176,22359,8238,2628,26059,23,0
2021-04-24T23:59:59+02:00,896,1186,1629,2357,1910,3777,2903,5575,5134,5944,10654,10990,7821,9762,2174,4361,345,292,449,673,499,1102,664,1707,864,1172,860,727,4589,5588,1862,3577,42781,22324,8238,2624,26054,22,0
2021-04-23T23:59:59+02:00,887,1178,1618,2347,1881,3748,2862,5524,4942,5714,10378,10658,7786,9724,2171,4354,345,291,449,673,499,1101,663,1707,862,1172,860,725,4586,5586,1862,3577,41493,22313,8238,2623,26041,22,0
2021-04-22T23:59:59+02:00,870,1155,1585,2308,1830,3675,2771,5434,4774,5544,10266,10488,7773,9695,2169,4348,345,289,447,663,497,1095,655,1697,859,1164,854,721,4583,5583,1862,3576,40500,22279,8212,2597,25973,14,0
2021-04-21T23:59:59+02:00,858,1141,1560,2297,1776,3628,2654,5340,4342,5059,9740,9886,7727,9640,2167,4338,344,289,443,661,497,1094,651,1695,853,1158,844,711,4574,5571,1862,3572,38011,22233,8195,2574,25947,12,0
2021-04-20T23:59:59+02:00,849,1125,1541,2274,1744,3597,2597,5276,4197,4955,9561,9684,7707,9631,2166,4336,344,288,443,660,496,1093,651,1690,850,1154,838,707,4571,5567,1862,3572,37182,22205,8184,2569,25874,12,0
2021-04-19T23:59:59+02:00,844,1113,1530,2267,1725,3581,2565,5244,4126,4884,9203,9284,7684,9608,2164,4331,344,286,442,657,494,1091,647,1688,844,1151,834,702,4563,5566,1862,3571,36160,22172,8172,2558,25821,12,0
2021-04-18T23:59:59+02:00,840,1110,1525,2262,1707,3574,2547,5232,4117,4881,9197,9274,7684,9607,2164,4331,343,285,442,654,493,1089,646,1685,842,1151,833,699,4563,5565,1862,3571,36101,22165,8152,2546,25799,12,0
2021-04-17T23:59:59+02:00,822,1101,1420,2254,1622,3561,2507,5195,3993,4758,8537,8605,7671,9599,2164,4331,342,285,441,652,492,1089,645,1684,841,1149,833,699,4562,5565,1862,3571,36093,22154,8152,2546,23895,12,0
2021-04-16T23:59:59+02:00,804,1081,1277,2232,1482,3536,2422,5123,3763,4512,7286,7143,7636,9556,2152,4303,341,283,437,646,487,1086,636,1681,834,1142,827,692,4556,5557,1860,3569,34722,22082,8150,2542,21436,10,0
2021-04-15T23:59:59+02:00,782,1070,1266,2218,1460,3516,2364,5084,3673,4440,6869,6665,7594,9492,2133,4239,332,275,423,637,470,1073,603,1655,799,1114,713,605,4090,5069,1839,3542,33408,22028,8092,1205,21365,6,0
2021-04-14T23:59:59+02:00,778,1063,1243,2210,1433,3497,2316,5042,3482,4307,5590,5310,7548,9427,2114,4208,324,270,420,632,463,1069,599,1647,793,1110,696,590,4079,5062,1836,3539,30196,21949,8082,1175,21290,5,0
2021-04-13T23:59:59+02:00,774,1063,1235,2205,1419,3494,2302,5029,3464,4295,5576,5294,7543,9423,2113,4206,324,268,418,631,460,1066,596,1642,779,1108,682,585,4077,5061,1836,3539,30117,21929,8063,1138,21255,5,0
2021-04-12T23:59:59+02:00,768,1052,1222,2197,1402,3484,2271,5014,3436,4271,5554,5280,7534,9410,2110,4175,323,267,416,631,460,1060,594,1638,770,1100,677,583,4074,5060,1836,3539,29991,21905,8018,1118,21171,5,0
2021-04-11T23:59:59+02:00,758,1048,1207,2185,1384,3465,2200,4989,3305,4171,5012,4710,7012,8745,2103,4171,323,267,414,631,459,1059,589,1635,767,1099,673,580,4070,5055,1836,3539,29963,21900,5417,1091,21085,5,0
2021-04-10T23:59:59+02:00,758,1047,1206,2184,1382,3462,2199,4986,3302,4162,4969,4664,7009,8740,2103,4170,318,261,411,622,447,1044,563,1617,731,1072,565,483,3533,4450,1793,3463,29845,20277,5414,1091,21084,5,0
2021-04-09T23:59:59+02:00,755,1046,1198,2181,1377,3459,2157,4959,3211,4081,4796,4507,6979,8692,2099,4157,307,254,397,604,433,1033,537,1599,710,1043,444,396,2916,3642,1750,3389,29169,18359,5410,1090,21075,5,0
2021-04-08T23:59:59+02:00,744,1035,1183,2167,1360,3431,2079,4895,3063,3973,3712,3326,6794,8380,2091,4144,292,244,380,587,408,1016,516,1570,680,1021,427,375,2909,3636,1747,3386,28379,18146,5362,1043,18636,5,0
2021-04-07T23:59:59+02:00,737,1030,1169,2157,1340,3415,1941,4786,2712,3716,3163,2838,6695,8256,2069,4101,277,235,347,559,371,984,476,1534,645,996,399,351,2850,3577,1744,3379,26216,17696,5343,1024,18566,4,0
2021-04-06T23:59:59+02:00,720,1020,1138,2148,1316,3398,1802,4724,2409,3517,2759,2536,6619,8165,2051,4069,248,219,313,534,347,967,439,1511,611,962,365,313,2795,3504,1739,3371,24625,17227,5329,1007,18437,4,0
2021-04-05T23:59:59+02:00,716,1018,1127,2144,1313,3395,1788,4713,2400,3500,2113,1844,5873,7218,2049,4069,248,219,312,530,342,960,436,1510,606,958,362,309,2794,3500,1739,3369,24596,17218,5319,972,15365,4,0
2021-04-04T23:59:59+02:00,715,1018,1126,2144,1313,3395,1788,4712,2397,3499,2113,1840,5873,7215,2049,4069,248,219,312,530,342,960,435,1510,606,958,362,309,2793,3500,1739,3369,24588,17216,5319,972,15359,4,0
2021-04-03T23:59:59+02:00,715,1018,1126,2143,1313,3395,1786,4710,2394,3499,2112,1838,5872,7215,2049,4069,248,219,312,530,342,960,435,1510,605,958,362,309,2793,3500,1739,3369,24582,17215,5315,972,15357,4,0
2021-04-02T23:59:59+02:00,715,1017,1126,2143,1309,3394,1784,4704,2392,3497,2101,1828,5864,7199,2045,4058,248,218,312,528,342,960,434,1508,604,951,360,309,2793,3499,1739,3369,24514,17198,5311,972,15351,4,0
2021-04-01T23:59:59+02:00,711,1005,1101,2123,1196,3288,1707,4650,2132,3292,1340,1201,5695,7020,2037,4034,244,217,312,527,341,958,433,1506,603,950,358,307,2793,3499,1739,3365,24408,17186,2810,962,15314,4,0
2021-03-31T23:59:59+02:00,709,1004,1098,2119,1191,3280,1695,4644,2114,3279,1315,1166,5667,6965,1997,3941,243,217,312,526,340,958,433,1505,602,948,355,305,2789,3498,1738,3364,24091,17175,2796,954,15297,4,0
2021-03-30T23:59:59+02:00,706,996,1093,2114,1184,3275,1686,4630,2104,3265,1263,1119,5585,6823,1957,3806,243,216,312,525,337,954,428,1503,596,937,341,294,2662,3312,1644,3173,23563,16560,2774,913,15269,4,0
2021-03-29T23:59:59+02:00,704,994,1088,2106,1175,3268,1679,4616,2090,3253,1226,1084,5522,6722,1907,3689,243,215,311,524,334,952,425,1499,593,932,332,287,2381,2969,1479,2876,23119,15437,2751,911,15253,4,0
2021-03-28T23:59:59+02:00,704,990,1086,2101,1171,3260,1676,4607,2087,3249,1210,1072,5512,6701,1897,3659,241,215,309,520,328,950,423,1491,589,918,327,278,2376,2957,1478,2874,23013,15411,2733,859,15236,4,0
2021-03-27T23:59:59+01:00,645,918,1009,2028,1085,3145,1554,4493,1993,3172,1142,999,4917,5979,1897,3659,239,214,309,520,328,950,418,1488,587,916,327,278,2375,2956,1478,2874,22998,15395,2729,859,12908,3,0
2021-03-26T23:59:59+01:00,640,911,1003,2019,1084,3140,1543,4485,1973,3164,1097,969,4893,5946,1896,3655,238,211,308,518,326,949,416,1487,583,909,317,273,1868,2262,1170,2314,22805,13293,2720,853,12893,3,0
2021-03-25T23:59:59+01:00,637,905,990,2007,1082,3135,1536,4474,1960,3154,1087,958,4886,5942,1896,3654,237,208,307,517,324,942,413,1482,579,899,312,269,1765,2128,1142,2255,22759,12946,2711,830,12833,3,0
2021-03-24T23:59:59+01:00,635,900,976,1992,1071,3123,1507,4458,1949,3144,1053,927,4861,5911,1891,3649,237,208,306,515,321,938,409,1475,570,883,297,258,1403,1695,1023,2041,22620,11808,2686,768,12741,3,0
2021-03-23T23:59:59+01:00,632,891,972,1982,1065,3112,1502,4445,1939,3140,1041,917,4843,5895,1891,3647,236,208,304,513,314,935,408,1475,565,879,290,251,1135,1393,940,1902,22547,10998,2677,747,12690,3,0
2021-03-22T23:59:59+01:00,631,880,969,1973,1061,3102,1492,4432,1928,3133,1038,914,4838,5894,1891,3647,234,208,303,511,313,934,405,1472,562,875,286,247,1133,1390,940,1900,22526,10982,2662,728,12635,3,0
2021-03-21T23:59:59+01:00,629,874,966,1967,1059,3096,1487,4422,1921,3126,1035,913,4838,5893,1891,3647,234,208,303,509,312,930,405,1467,555,873,277,243,1128,1385,940,1900,22524,10981,2649,685,12591,3,0
2021-03-20T23:59:59+01:00,624,863,960,1953,1044,3081,1460,4403,1884,3095,925,813,4289,5271,1847,3567,234,208,303,509,312,930,405,1467,555,873,277,243,1128,1385,939,1899,20859,10979,2649,685,12571,3,0
2021-03-19T23:59:59+01:00,614,853,940,1923,1021,3066,1424,4380,1857,3059,797,722,3650,4445,1806,3491,231,208,302,509,311,927,403,1465,550,867,275,242,1107,1365,916,1866,18878,10958,2638,583,12532,3,0
2021-03-18T23:59:59+01:00,599,833,924,1904,998,3040,1388,4337,1812,3011,672,631,3163,3936,1786,3464,226,206,298,504,309,919,400,1459,548,862,271,237,989,1244,821,1701,18803,10582,1240,409,12455,3,0
2021-03-17T23:59:59+01:00,597,821,913,1884,987,3024,1365,4315,1794,2995,643,607,3078,3846,1781,3459,224,205,296,502,306,918,393,1454,545,857,268,233,695,913,571,1314,18499,9661,1202,33,12408,0,0
2021-03-16T23:59:59+01:00,594,806,900,1868,971,3010,1347,4301,1767,2980,618,593,3030,3772,1780,3455,224,205,295,502,306,917,390,1452,541,852,263,229,423,643,408,1039,18294,8662,1163,27,12335,0,0
2021-03-15T23:59:59+01:00,594,792,896,1852,963,2989,1341,4296,1757,2969,612,591,3029,3771,1780,3455,223,205,294,501,305,917,389,1451,539,852,263,229,423,642,407,1039,18281,8655,1141,24,12265,0,0
2021-03-14T23:59:59+01:00,593,786,889,1839,957,2985,1331,4282,1745,2959,609,587,3024,3768,1780,3455,223,205,293,501,304,915,387,1449,539,852,263,229,423,642,407,1039,18277,8653,1114,18,12198,0,0
2021-03-13T23:59:59+01:00,567,713,781,1574,831,2592,1125,3718,1471,2574,543,503,2926,3654,1779,3454,223,205,293,501,304,915,387,1449,539,852,263,229,423,642,407,1039,18273,8653,1114,18,9418,0,0
2021-03-12T23:59:59+01:00,548,607,714,1304,736,2166,945,3019,1175,1977,469,429,2889,3614,1779,3454,223,204,293,501,304,913,386,1448,539,852,263,228,399,611,368,985,18251,8499,1113,18,6461,0,0
2021-03-11T23:59:59+01:00,523,565,681,1234,688,2056,887,2866,1077,1870,437,386,2877,3606,1778,3454,223,204,292,499,303,912,386,1446,538,852,263,227,380,588,326,947,18067,8371,1065,15,5853,0,0
2021-03-10T23:59:59+01:00,508,552,642,1197,649,2025,847,2827,1042,1844,420,373,2864,3588,1777,3450,218,201,289,492,303,912,381,1438,533,846,259,221,212,447,144,723,17790,7610,1045,9,5770,0,0
2021-03-09T23:59:59+01:00,488,534,613,1169,630,2005,825,2799,1022,1821,401,356,2745,3412,1680,3253,218,201,287,490,302,911,380,1435,533,843,257,220,212,446,144,723,17031,7602,1030,0,5692,0,0
2021-03-08T23:59:59+01:00,473,507,593,1141,611,1985,809,2778,1003,1792,377,329,2457,3059,1512,2955,218,200,287,488,301,906,380,1430,533,841,256,218,212,445,144,723,15787,7582,1002,0,5592,0,0
2021-03-07T23:59:59+01:00,471,502,585,1126,601,1978,806,2764,999,1785,376,327,2452,3051,1511,2954,218,200,287,487,301,904,380,1427,533,841,256,218,212,445,144,723,15761,7576,993,0,5534,0,0
2021-03-06T23:59:59+01:00,471,497,581,1115,598,1977,800,2755,994,1780,376,327,2452,3051,1511,2954,218,200,287,487,301,904,380,1427,533,840,255,218,212,445,144,723,15753,7574,993,0,5493,0,0
2021-03-05T23:59:59+01:00,465,480,574,1102,593,1970,795,2747,987,1772,361,318,1913,2322,1196,2361,215,195,283,487,298,903,378,1424,531,836,255,218,212,445,144,723,13518,7547,993,0,5445,0,0
2021-03-04T23:59:59+01:00,454,448,546,1071,574,1908,769,2692,966,1731,357,313,1810,2190,1167,2302,204,188,275,478,297,896,376,1410,529,833,254,218,212,445,144,723,13165,7482,987,0,5146,0,0
2021-03-03T23:59:59+01:00,451,438,536,1041,557,1872,745,2644,950,1700,349,308,1450,1756,1045,2083,203,187,274,477,296,895,372,1402,528,827,252,216,211,442,142,720,12007,7444,978,0,4940,0,0
2021-03-02T23:59:59+01:00,447,429,529,1011,543,1850,736,2621,940,1683,340,298,1171,1449,959,1943,203,185,273,465,293,890,372,1392,528,822,252,216,211,442,142,720,11184,7406,943,0,4822,0,0
2021-03-01T23:59:59+01:00,445,421,519,984,524,1824,724,2593,933,1668,336,293,1169,1443,959,1940,202,182,273,456,290,879,370,1377,526,818,250,214,210,441,142,720,11166,7350,907,0,4702,0,0
2021-02-28T23:59:59+01:00,442,417,515,975,520,1813,721,2583,927,1654,333,289,1169,1441,959,1940,201,181,273,456,290,878,370,1377,525,818,250,214,210,441,142,720,11166,7346,880,0,4652,0,0
2021-02-27T23:59:59+01:00,441,413,510,969,518,1808,718,2574,924,1652,332,288,1169,1441,958,1940,201,181,273,456,290,878,369,1377,525,818,250,214,210,441,142,720,11165,7345,880,0,4610,0,0
2021-02-26T23:59:59+01:00,391,359,433,785,446,1468,580,2146,753,1352,321,278,1169,1438,958,1940,201,179,273,453,288,867,367,1372,523,815,250,214,210,441,142,720,11154,7315,869,0,2794,0,0
2021-02-25T23:59:59+01:00,371,348,421,762,434,1432,566,2102,736,1318,312,271,1076,1338,896,1828,147,166,256,447,279,855,357,1358,518,811,250,212,210,441,142,720,10752,7169,839,0,2620,0,0
2021-02-24T23:59:59+01:00,366,340,415,745,428,1394,549,2049,714,1283,304,260,844,1079,735,1551,147,160,255,441,275,846,356,1344,511,805,247,210,209,440,141,718,9813,7105,797,0,2446,0,0
2021-02-23T23:59:59+01:00,362,327,407,730,419,1373,539,2012,697,1267,292,251,565,796,569,1281,147,159,254,439,273,839,356,1335,510,801,246,209,208,440,139,717,8806,7072,753,0,2328,0,0
2021-02-22T23:59:59+01:00,362,324,406,723,418,1366,534,2003,693,1263,292,248,564,794,569,1280,147,153,249,429,270,821,353,1311,505,795,243,208,208,440,139,717,8801,6988,741,0,2297,0,0
2021-02-21T23:59:59+01:00,359,323,403,718,416,1359,532,1993,686,1260,283,244,559,789,568,1280,147,152,248,429,269,819,350,1308,498,792,242,207,207,439,138,708,8797,6953,700,0,2275,0,0
2021-02-20T23:59:59+01:00,359,320,403,716,416,1350,531,1984,684,1257,283,244,559,789,568,1280,147,152,248,429,269,819,349,1308,498,792,242,207,207,439,138,708,8797,6952,700,0,2246,0,0
2021-02-19T23:59:59+01:00,312,289,370,632,380,1179,470,1764,609,1089,281,240,514,736,506,1189,147,152,248,429,268,819,349,1308,498,792,242,207,207,439,138,708,8636,6951,594,0,1330,0,0
2021-02-18T23:59:59+01:00,310,283,362,621,368,1160,457,1748,601,1083,281,238,445,667,414,1080,144,148,243,424,262,813,346,1299,495,791,240,206,207,439,138,708,8455,6903,417,0,1246,0,0
2021-02-17T23:59:59+01:00,303,277,351,608,359,1150,436,1731,594,1074,276,231,216,459,148,739,135,133,240,420,257,795,340,1283,489,784,236,204,206,439,138,708,7729,6807,31,0,1192,0,0
2021-02-16T23:59:59+01:00,299,275,341,605,350,1141,428,1718,590,1068,273,228,215,458,148,739,101,117,222,395,246,767,324,1242,457,748,216,189,198,424,137,701,7721,6484,27,0,1128,0,0
2021-02-15T23:59:59+01:00,297,274,339,601,348,1133,427,1708,586,1063,273,228,215,457,147,739,100,115,218,384,237,753,315,1213,440,727,205,182,186,395,130,652,7713,6252,24,0,1098,0,0
2021-02-14T23:59:59+01:00,295,270,334,600,344,1124,423,1702,584,1060,273,228,215,457,147,739,96,114,211,378,234,745,309,1197,437,717,204,179,186,384,130,643,7704,6164,19,0,1072,0,0
2021-02-13T23:59:59+01:00,295,270,334,600,344,1124,422,1702,584,1059,272,228,215,457,147,739,96,114,211,378,234,745,309,1197,437,717,204,179,186,384,130,643,7702,6164,19,0,1071,0,0
2021-02-12T23:59:59+01:00,224,205,295,509,313,928,391,1459,548,856,265,225,215,457,147,739,93,113,208,377,231,742,303,1192,434,713,202,178,186,384,130,643,7690,6129,19,0,67,0,0
2021-02-11T23:59:59+01:00,221,203,290,497,307,913,385,1441,540,849,265,225,215,457,147,739,92,107,195,347,220,703,283,1134,419,675,201,175,186,379,130,640,7650,5886,16,0,28,0,0
2021-02-10T23:59:59+01:00,218,196,286,492,303,910,378,1430,538,841,263,223,213,455,147,738,85,100,180,317,207,642,267,1047,396,631,191,160,171,347,118,597,7608,5456,10,0,13,0,0
2021-02-09T23:59:59+01:00,211,189,284,481,302,903,378,1418,536,834,260,222,213,454,147,738,74,80,141,251,175,536,233,843,337,516,174,132,151,311,109,531,7562,4594,2,0,6,0,0
2021-02-08T23:59:59+01:00,206,182,281,470,298,891,374,1400,531,828,256,218,212,452,145,735,42,59,100,157,127,289,168,459,242,343,151,107,122,258,88,434,7471,3146,2,0,6,0,0
2021-02-07T23:59:59+01:00,204,180,278,469,297,889,373,1398,530,828,255,217,212,452,145,735,24,49,83,136,122,268,157,426,227,317,143,102,114,246,83,401,7461,2898,1,0,0,0,0
2021-02-06T23:59:59+01:00,204,180,278,469,297,889,373,1398,530,828,255,217,212,452,145,735,24,46,80,133,111,254,148,408,194,294,130,102,113,241,82,390,7461,2750,1,0,0,0,0
2021-02-05T23:59:59+01:00,204,178,278,466,296,875,370,1393,527,825,255,216,212,452,145,734,23,41,76,125,105,240,141,382,182,276,123,98,110,235,75,374,7425,2606,1,0,0,0,0
2021-02-04T23:59:59+01:00,195,173,278,462,290,864,367,1381,518,819,254,214,211,451,145,732,14,26,51,85,81,183,116,292,152,227,110,90,101,217,67,335,7354,2147,0,0,0,0,0
2021-02-03T23:59:59+01:00,177,167,271,456,286,860,365,1370,518,818,253,214,211,451,145,731,14,24,44,71,74,148,92,265,133,190,89,76,87,185,61,294,7293,1847,0,0,0,0,0
2021-02-02T23:59:59+01:00,154,161,261,453,282,852,361,1360,517,815,252,214,210,451,144,730,13,21,35,65,63,126,75,217,105,144,59,56,62,119,40,190,7217,1390,0,0,0,0,0
2021-02-01T23:59:59+01:00,149,154,255,439,279,834,360,1335,511,805,248,212,210,451,144,730,7,14,17,35,38,72,43,108,58,62,24,29,28,48,22,98,7116,703,0,0,0,0,0
2021-01-31T23:59:59+01:00,148,152,252,437,278,830,358,1330,507,803,248,210,209,450,144,730,5,9,14,22,31,52,29,59,37,38,12,9,13,29,17,59,7086,435,0,0,0,0,0
2021-01-30T23:59:59+01:00,148,152,252,437,278,828,357,1330,507,803,248,210,209,450,144,730,5,9,12,18,28,46,24,50,34,37,12,9,13,29,17,59,7083,402,0,0,0,0,0
2021-01-29T23:59:59+01:00,148,152,252,437,277,828,357,1330,507,803,248,210,209,450,144,730,4,8,8,17,26,37,19,42,30,34,12,9,12,27,17,59,7082,361,0,0,0,0,0
2021-01-28T23:59:59+01:00,146,149,248,429,272,824,355,1322,503,802,248,210,209,450,144,730,1,3,2,7,15,15,11,20,12,18,8,5,6,15,4,23,7041,165,0,0,0,0,0
2021-01-27T23:59:59+01:00,137,139,247,424,268,815,351,1314,497,797,243,208,208,449,144,730,0,0,1,3,11,11,8,15,10,13,7,5,6,15,4,23,6971,132,0,0,0,0,0
2021-01-26T23:59:59+01:00,105,123,231,411,260,787,339,1277,472,766,223,196,200,435,144,722,0,0,1,3,11,11,8,15,10,13,7,5,6,15,4,23,6691,132,0,0,0,0,0
2021-01-25T23:59:59+01:00,102,116,228,391,245,767,327,1242,451,745,210,187,190,409,139,674,0,0,1,3,11,8,7,9,7,9,7,5,6,15,4,23,6423,115,0,0,0,0,0
2021-01-24T23:59:59+01:00,102,115,224,385,244,763,324,1226,449,734,209,184,190,398,139,664,0,0,1,3,11,8,7,9,7,9,7,5,6,15,4,23,6350,115,0,0,0,0,0
2021-01-23T23:59:59+01:00,102,115,224,385,244,763,324,1226,449,734,209,184,190,398,139,664,0,0,1,3,11,8,7,9,7,9,7,5,6,15,4,23,6350,115,0,0,0,0,0
2021-01-22T23:59:59+01:00,102,114,222,383,244,760,320,1222,445,730,207,183,190,398,139,664,0,0,1,3,11,8,7,9,7,9,7,5,6,15,4,23,6323,115,0,0,0,0,0
2021-01-21T23:59:59+01:00,102,108,206,351,234,720,296,1165,432,705,206,179,189,392,138,661,0,0,1,1,9,7,6,7,6,8,7,5,6,15,4,23,6084,105,0,0,0,0,0
2021-01-20T23:59:59+01:00,94,102,193,326,221,653,282,1069,405,656,196,167,173,360,127,618,0,0,1,1,9,7,6,7,6,8,7,5,6,15,4,23,5642,105,0,0,0,0,0
2021-01-19T23:59:59+01:00,84,88,155,277,199,589,258,935,362,559,180,139,153,317,114,543,0,0,1,1,3,7,5,6,4,6,6,4,6,15,4,23,4952,91,0,0,0,0,0
2021-01-18T23:59:59+01:00,71,78,130,230,179,478,226,775,325,479,164,120,129,268,94,461,0,0,0,1,2,3,2,1,2,5,5,4,6,15,4,21,4207,71,0,0,0,0,0
2021-01-17T23:59:59+01:00,45,60,107,201,166,413,208,683,298,426,154,112,117,250,80,405,0,0,0,0,2,3,1,1,2,4,5,4,6,15,4,21,3725,68,0,0,0,0,0
2021-01-16T23:59:59+01:00,38,57,106,198,154,397,196,660,265,403,141,112,116,245,79,394,0,0,0,0,0,0,0,0,0,0,0,0,0,0,0,0,3561,0,0,0,0,0,0
2021-01-15T23:59:59+01:00,36,53,102,190,143,383,189,630,250,383,134,104,112,238,72,378,0,0,0,0,0,0,0,0,0,0,0,0,0,0,0,0,3397,0,0,0,0,0,0
2021-01-14T23:59:59+01:00,13,30,52,83,84,177,118,292,150,225,116,92,100,219,63,339,0,0,0,0,0,0,0,0,0,0,0,0,0,0,0,0,2153,0,0,0,0,0,0
2021-01-13T23:59:59+01:00,12,26,41,69,77,142,95,266,124,190,86,73,79,176,52,270,0,0,0,0,0,0,0,0,0,0,0,0,0,0,0,0,1778,0,0,0,0,0,0
2021-01-12T23:59:59+01:00,12,21,37,63,65,118,78,213,97,139,54,50,52,103,28,157,0,0,0,0,0,0,0,0,0,0,0,0,0,0,0,0,1287,0,0,0,0,0,0
2021-01-11T23:59:59+01:00,5,16,25,43,43,84,52,131,58,68,24,26,23,39,13,69,0,0,0,0,0,0,0,0,0,0,0,0,0,0,0,0,719,0,0,0,0,0,0
2021-01-10T23:59:59+01:00,2,10,21,27,36,60,33,80,36,40,9,6,7,19,8,29,0,0,0,0,0,0,0,0,0,0,0,0,0,0,0,0,423,0,0,0,0,0,0
2021-01-09T23:59:59+01:00,2,9,19,24,34,56,29,70,34,39,9,6,7,19,8,29,0,0,0,0,0,0,0,0,0,0,0,0,0,0,0,0,394,0,0,0,0,0,0
2021-01-08T23:59:59+01:00,1,8,17,22,31,47,23,59,30,37,8,6,6,17,8,29,0,0,0,0,0,0,0,0,0,0,0,0,0,0,0,0,349,0,0,0,0,0,0
2021-01-07T23:59:59+01:00,1,3,2,8,16,15,12,20,14,19,8,6,6,16,6,24,0,0,0,0,0,0,0,0,0,0,0,0,0,0,0,0,176,0,0,0,0,0,0
2021-01-06T23:59:59+01:00,1,0,2,3,14,12,8,15,12,14,8,6,6,16,6,24,0,0,0,0,0,0,0,0,0,0,0,0,0,0,0,0,147,0,0,0,0,0,0
2021-01-05T23:59:59+01:00,0,0,1,3,12,11,8,15,11,14,7,6,6,16,6,24,0,0,0,0,0,0,0,0,0,0,0,0,0,0,0,0,140,0,0,0,0,0,0
2021-01-04T23:59:59+01:00,0,0,1,3,12,10,7,11,9,12,7,6,6,16,6,24,0,0,0,0,0,0,0,0,0,0,0,0,0,0,0,0,130,0,0,0,0,0,0
2021-01-03T23:59:59+01:00,0,0,1,3,11,8,7,9,7,9,7,6,6,16,6,24,0,0,0,0,0,0,0,0,0,0,0,0,0,0,0,0,120,0,0,0,0,0,0
2021-01-02T23:59:59+01:00,0,0,1,3,11,8,7,9,7,9,7,6,6,16,6,24,0,0,0,0,0,0,0,0,0,0,0,0,0,0,0,0,120,0,0,0,0,0,0
2021-01-01T23:59:59+01:00,0,0,1,3,11,8,7,9,7,9,7,6,6,16,6,24,0,0,0,0,0,0,0,0,0,0,0,0,0,0,0,0,120,0,0,0,0,0,0
2020-12-31T23:59:59+01:00,0,0,1,3,11,8,7,9,7,9,7,6,6,16,6,24,0,0,0,0,0,0,0,0,0,0,0,0,0,0,0,0,120,0,0,0,0,0,0
2020-12-30T23:59:59+01:00,0,0,1,3,11,8,7,9,7,9,7,6,6,16,6,24,0,0,0,0,0,0,0,0,0,0,0,0,0,0,0,0,120,0,0,0,0,0,0
2020-12-29T23:59:59+01:00,0,0,1,3,8,8,6,9,6,7,7,6,6,16,6,24,0,0,0,0,0,0,0,0,0,0,0,0,0,0,0,0,113,0,0,0,0,0,0
2020-12-28T23:59:59+01:00,0,0,1,1,5,5,6,2,4,6,7,6,6,16,6,24,0,0,0,0,0,0,0,0,0,0,0,0,0,0,0,0,95,0,0,0,0,0,0
2020-12-27T23:59:59+01:00,0,0,0,0,2,3,1,1,2,4,5,5,6,15,6,24,0,0,0,0,0,0,0,0,0,0,0,0,0,0,0,0,74,0,0,0,0,0,0
