Datum,<15_m,<15_w,15-24_1_m,15-24_1_w,25-34_1_m,25-34_1_w,35-44_1_m,35-44_1_w,45-54_1_m,45-54_1_w,55-64_1_m,55-64_1_w,65-74_1_m,65-74_1_w,75-84_1_m,75-84_1_w,>84_1_m,>84_1_w,<24_2_m,<24_2_w,25-34_2_m,25-34_2_w,35-44_2_m,35-44_2_w,45-54_2_m,45-54_2_w,55-64_2_m,55-64_2_w,65-74_2_m,65-74_2_w,75-84_2_m,75-84_2_w,>84_2_m,>84_2_w,bp_1,bp_2,mo_1,mo_2,az_1,az_2,ja,unb_1,unb_2
2021-09-13T23:59:59+02:00,1608,1503,9518,8953,10605,9869,13113,13527,17220,17609,20467,20522,16307,17012,9037,11009,2834,5458,8841,8334,10128,9292,12639,12917,16655,16989,19953,19933,15988,16653,8852,10753,2780,5328,147614,141315,19793,19256,27936,27075,10823,7,6
2021-09-12T23:59:59+02:00,1607,1500,9509,8949,10595,9867,13107,13519,17216,17606,20463,20519,16306,17011,9035,11008,2834,5457,8816,8313,10111,9282,12623,12903,16645,16981,19945,19924,15985,16650,8851,10748,2780,5328,147575,141158,19792,19254,27936,27074,10800,7,6
2021-09-11T23:59:59+02:00,1607,1500,9508,8945,10591,9864,13104,13517,17215,17603,20460,20517,16306,17009,9034,11008,2834,5457,8808,8311,10109,9281,12618,12902,16644,16978,19943,19923,15985,16649,8850,10748,2780,5328,147564,141152,19791,19249,27936,27074,10783,7,6
2021-09-10T23:59:59+02:00,1606,1499,9504,8941,10582,9857,13092,13512,17210,17596,20458,20513,16305,17008,9034,11008,2834,5457,8804,8308,10103,9273,12608,12896,16638,16973,19940,19919,15985,16648,8850,10747,2780,5328,147535,141132,19790,19243,27936,27074,10750,7,6
2021-09-09T23:59:59+02:00,1603,1494,9488,8935,10571,9845,13081,13496,17195,17587,20443,20502,16302,17007,9032,11004,2833,5455,8794,8303,10096,9264,12603,12883,16621,16966,19928,19910,15983,16646,8848,10740,2779,5326,147458,141079,19788,19243,27936,27074,10685,7,6
2021-09-08T23:59:59+02:00,1565,1445,9443,8876,10539,9807,13053,13459,17164,17563,20424,20480,16287,16993,9028,10998,2833,5453,8770,8287,10076,9248,12584,12868,16608,16957,19914,19904,15976,16641,8847,10735,2779,5326,147046,140954,19787,19239,27936,27074,10635,7,6
2021-09-07T23:59:59+02:00,1547,1420,9422,8853,10520,9787,13045,13449,17155,17552,20418,20475,16283,16990,9027,10993,2832,5451,8761,8279,10066,9246,12576,12866,16604,16950,19910,19901,15976,16640,8847,10732,2779,5326,146872,140913,19786,19237,27936,27070,10619,7,6
2021-09-06T23:59:59+02:00,1534,1408,9399,8830,10499,9766,13036,13435,17145,17538,20409,20458,16281,16987,9026,10993,2831,5451,8755,8269,10057,9239,12570,12856,16598,16944,19905,19894,15974,16639,8843,10729,2779,5325,146700,140850,19785,19233,27934,27069,10601,7,6
2021-09-05T23:59:59+02:00,1530,1405,9391,8818,10490,9761,13031,13429,17142,17531,20403,20456,16278,16984,9026,10992,2831,5451,8749,8263,10050,9229,12565,12850,16592,16938,19897,19891,15972,16637,8843,10728,2779,5325,146648,140798,19784,19233,27934,27066,10577,7,6
2021-09-04T23:59:59+02:00,1529,1405,9390,8816,10489,9761,13030,13428,17142,17531,20401,20454,16278,16984,9026,10992,2831,5451,8749,8263,10049,9228,12564,12850,16591,16937,19896,19891,15972,16637,8843,10728,2779,5325,146642,140793,19781,19233,27934,27066,10575,7,6
2021-09-03T23:59:59+02:00,1519,1393,9370,8799,10476,9749,13025,13418,17127,17520,20389,20444,16273,16978,9025,10987,2831,5448,8733,8253,10037,9221,12557,12843,16575,16927,19893,19883,15968,16630,8842,10724,2779,5322,146543,140743,19778,19232,27934,27066,10510,7,6
2021-09-02T23:59:59+02:00,1508,1384,9317,8768,10417,9698,12954,13362,17078,17481,20331,20402,16241,16951,9015,10976,2830,5443,8688,8229,9978,9176,12489,12794,16531,16894,19833,19842,15936,16607,8835,10716,2779,5318,146423,140687,19776,19228,27933,27064,10018,7,6
2021-09-01T23:59:59+02:00,1504,1368,9299,8755,10400,9689,12942,13349,17068,17468,20322,20399,16237,16945,9008,10972,2830,5442,8669,8207,9963,9160,12478,12783,16520,16883,19817,19831,15932,16603,8832,10710,2779,5317,146317,140552,19765,19226,27933,27063,9976,7,6
2021-08-31T23:59:59+02:00,1487,1350,9283,8726,10389,9675,12932,13341,17063,17457,20315,20391,16232,16941,9006,10967,2830,5442,8653,8191,9957,9148,12463,12771,16509,16878,19814,19824,15928,16601,8831,10707,2779,5317,146158,140429,19764,19223,27933,27060,9966,7,6
2021-08-30T23:59:59+02:00,1466,1333,9262,8703,10375,9659,12920,13326,17051,17438,20303,20383,16228,16938,9004,10965,2830,5441,8623,8178,9943,9137,12451,12753,16496,16863,19805,19816,15921,16595,8829,10702,2777,5315,145992,140291,19764,19218,27930,27051,9932,7,6
2021-08-29T23:59:59+02:00,1465,1332,9259,8697,10369,9650,12917,13321,17042,17433,20299,20378,16225,16933,9004,10965,2830,5440,8620,8171,9934,9127,12446,12747,16488,16859,19801,19813,15918,16588,8828,10702,2777,5314,145973,140272,19764,19216,27930,27045,9885,7,6
2021-08-28T23:59:59+02:00,1464,1332,9256,8693,10369,9649,12916,13320,17042,17432,20299,20377,16225,16933,9004,10965,2830,5440,8616,8171,9932,9127,12445,12746,16488,16858,19801,19812,15918,16588,8828,10702,2777,5314,145965,140266,19764,19214,27930,27045,9880,7,6
2021-08-27T23:59:59+02:00,1454,1321,9244,8685,10364,9643,12913,13318,17039,17426,20294,20372,16224,16931,9003,10965,2830,5440,8608,8164,9929,9121,12437,12744,16485,16851,19800,19811,15916,16587,8827,10701,2777,5314,145890,140216,19764,19212,27930,27040,9875,7,6
2021-08-26T23:59:59+02:00,1451,1320,9236,8681,10359,9637,12904,13317,17036,17424,20292,20367,16221,16928,9000,10960,2829,5440,8598,8152,9923,9116,12429,12741,16480,16849,19798,19806,15913,16583,8824,10698,2776,5314,145868,140186,19762,19212,27930,27034,9835,7,6
2021-08-25T23:59:59+02:00,1438,1296,9135,8625,10277,9565,12816,13242,16918,17340,20199,20311,16175,16890,8985,10940,2824,5429,8513,8099,9845,9054,12339,12677,16377,16776,19712,19752,15869,16544,8810,10678,2771,5301,145629,140043,19761,19211,27930,27032,9078,7,6
2021-08-24T23:59:59+02:00,1419,1271,9103,8595,10263,9546,12787,13213,16888,17304,20185,20295,16160,16880,8980,10934,2824,5426,8489,8085,9828,9042,12324,12665,16365,16760,19704,19741,15863,16539,8810,10676,2771,5300,145342,139920,19759,19208,27930,27032,9035,7,6
2021-08-23T23:59:59+02:00,1401,1246,9064,8557,10249,9528,12756,13193,16869,17286,20172,20271,16149,16868,8969,10928,2823,5421,8465,8069,9803,9024,12308,12658,16352,16751,19694,19725,15856,16532,8806,10671,2770,5297,145087,139824,19759,19206,27930,27011,8967,7,6
2021-08-22T23:59:59+02:00,1401,1246,9054,8552,10242,9522,12755,13189,16866,17280,20169,20268,16146,16865,8965,10928,2823,5420,8449,8062,9796,9012,12304,12653,16349,16744,19692,19721,15853,16528,8802,10669,2770,5296,145074,139793,19759,19203,27930,27008,8921,7,6
2021-08-21T23:59:59+02:00,1401,1245,9049,8552,10241,9519,12752,13188,16865,17280,20168,20267,16146,16865,8965,10928,2823,5420,8326,7980,9692,8919,12216,12543,16260,16673,19637,19677,15833,16513,8799,10658,2769,5294,145068,139789,19756,18301,27930,27007,8913,7,6
2021-08-20T23:59:59+02:00,1400,1243,9041,8550,10234,9511,12745,13178,16862,17278,20161,20262,16143,16865,8965,10926,2822,5419,7965,7654,9541,8756,12071,12404,16138,16561,19529,19581,15794,16464,8787,10634,2767,5293,145034,137685,19756,18301,27930,27006,8878,7,6
2021-08-19T23:59:59+02:00,1395,1241,9030,8544,10227,9501,12736,13173,16857,17277,20156,20260,16142,16863,8965,10925,2822,5418,7706,7387,9410,8651,11929,12285,16046,16453,19433,19492,15752,16415,8777,10614,2766,5285,144993,135958,19753,18295,27929,26997,8850,7,6
2021-08-18T23:59:59+02:00,1370,1209,8984,8506,10200,9472,12709,13139,16827,17254,20129,20231,16129,16849,8958,10919,2818,5413,7692,7377,9398,8643,11915,12269,16031,16444,19425,19483,15746,16408,8773,10610,2763,5282,144685,135908,19740,18294,27926,26996,8758,7,6
2021-08-17T23:59:59+02:00,1345,1196,8947,8473,10185,9451,12696,13115,16812,17234,20108,20209,16121,16840,8955,10912,2816,5408,7677,7362,9381,8636,11906,12260,16024,16433,19414,19477,15741,16403,8772,10608,2762,5280,144448,135841,19737,18289,27925,26990,8706,7,6
2021-08-16T23:59:59+02:00,1322,1178,8910,8448,10165,9431,12672,13091,16802,17215,20088,20194,16116,16828,8951,10911,2816,5408,7670,7351,9365,8634,11896,12254,16022,16428,19405,19470,15738,16400,8772,10608,2762,5280,144213,135805,19735,18285,27925,26988,8666,7,6
2021-08-15T23:59:59+02:00,1304,1161,8889,8429,10153,9415,12656,13079,16789,17205,20074,20182,16110,16822,8951,10906,2816,5408,7658,7341,9350,8619,11883,12244,16015,16420,19399,19466,15731,16396,8771,10605,2762,5280,144063,135754,19734,18281,27923,26969,8622,7,6
2021-08-14T23:59:59+02:00,1303,1161,8889,8429,10152,9415,12655,13076,16789,17204,20073,20180,16110,16822,8951,10906,2816,5408,7341,7048,9205,8453,11708,12081,15896,16290,19305,19380,15705,16372,8762,10592,2762,5276,144056,133766,19734,18279,27923,26961,8619,7,6
2021-08-13T23:59:59+02:00,1298,1159,8876,8419,10141,9407,12643,13067,16774,17195,20065,20172,16106,16816,8949,10905,2815,5408,6956,6690,9032,8294,11503,11867,15680,16109,19164,19258,15671,16333,8751,10578,2760,5272,144026,131299,19734,18279,27923,26958,8525,7,6
2021-08-12T23:59:59+02:00,1298,1159,8875,8415,10134,9401,12639,13066,16768,17186,20061,20166,16105,16812,8947,10903,2815,5408,6950,6683,9019,8286,11492,11865,15669,16102,19160,19251,15669,16327,8749,10577,2760,5272,144009,131266,19733,18276,27923,26940,8486,7,6
2021-08-11T23:59:59+02:00,1295,1155,8872,8409,10124,9396,12631,13062,16763,17182,20056,20164,16103,16809,8946,10903,2815,5407,6944,6673,9004,8276,11481,11861,15663,16095,19152,19245,15665,16324,8748,10577,2760,5270,143964,131206,19730,18269,27923,26927,8468,7,6
2021-08-10T23:59:59+02:00,1294,1155,8868,8407,10119,9391,12629,13058,16762,17180,20055,20159,16102,16807,8946,10902,2815,5407,6899,6629,8973,8261,11462,11840,15638,16083,19145,19235,15663,16322,8748,10575,2760,5270,143938,130965,19730,18265,27923,26921,8458,7,6
2021-08-09T23:59:59+02:00,1294,1153,8861,8406,10114,9384,12628,13056,16755,17178,20049,20159,16100,16807,8945,10902,2815,5407,6880,6607,8953,8245,11450,11830,15622,16072,19139,19231,15660,16321,8746,10574,2760,5270,143912,130838,19730,18261,27921,26912,8443,7,6
2021-08-08T23:59:59+02:00,1294,1152,8858,8400,10112,9380,12619,13053,16750,17174,20047,20156,16098,16804,8944,10901,2814,5406,6877,6595,8936,8237,11434,11823,15615,16063,19137,19228,15657,16318,8745,10573,2759,5269,143901,130790,19729,18254,27921,26909,8404,7,6
2021-08-07T23:59:59+02:00,1294,1144,8849,8392,10101,9373,12617,13046,16743,17170,20041,20151,16094,16799,8942,10901,2813,5406,6224,6025,8664,8013,11164,11591,15416,15889,19053,19152,15637,16294,8738,10566,2756,5268,143853,127702,19728,18242,27921,26908,8367,7,6
2021-08-06T23:59:59+02:00,1288,1143,8839,8380,10086,9361,12597,13028,16725,17158,20024,20138,16087,16791,8942,10898,2813,5405,6210,6010,8648,7998,11140,11571,15394,15873,19036,19140,15630,16287,8738,10563,2756,5267,143815,127651,19726,18236,27921,26906,8234,7,6
2021-08-05T23:59:59+02:00,1285,1141,8832,8373,10077,9352,12583,13020,16719,17155,20017,20134,16086,16791,8942,10897,2813,5405,5924,5773,8299,7702,10777,11298,15073,15637,18787,18973,15610,16264,8728,10556,2755,5266,143767,127566,19722,15535,27917,26873,8209,7,6
2021-08-04T23:59:59+02:00,1284,1138,8826,8370,10072,9349,12576,13016,16714,17153,20015,20131,16085,16791,8941,10896,2813,5404,5910,5766,8271,7691,10758,11287,15057,15630,18782,18968,15607,16261,8727,10556,2754,5266,143736,127468,19721,15527,27916,26858,8194,7,6
2021-08-03T23:59:59+02:00,1277,1135,8822,8360,10067,9344,12571,13013,16709,17151,20010,20129,16083,16791,8940,10894,2813,5403,5797,5652,8178,7622,10641,11209,15008,15578,18753,18953,15603,16259,8726,10554,2752,5264,143691,126740,19719,15519,27916,26829,8179,7,6
2021-08-02T23:59:59+02:00,1271,1129,8808,8352,10059,9337,12566,13007,16704,17142,20003,20125,16081,16788,8938,10891,2812,5402,5626,5493,8046,7517,10517,11094,14937,15498,18721,18928,15595,16250,8719,10554,2751,5264,143610,125674,19713,15516,27915,26798,8170,7,6
2021-08-01T23:59:59+02:00,1269,1128,8801,8343,10052,9330,12560,13005,16699,17140,19998,20123,16080,16788,8937,10889,2812,5402,5565,5436,7995,7468,10455,11043,14902,15473,18708,18911,15593,16247,8717,10551,2751,5262,143564,125238,19710,15513,27914,26777,8161,7,6
2021-07-31T23:59:59+02:00,1269,1128,8800,8340,10052,9329,12558,13005,16698,17140,19997,20121,16080,16788,8937,10888,2812,5402,5540,5416,7979,7456,10439,11030,14889,15467,18705,18908,15592,16246,8717,10551,2751,5262,143561,125112,19709,15510,27914,26776,8153,7,6
2021-07-30T23:59:59+02:00,1138,1008,8569,8111,9959,9211,12476,12921,16619,17066,19938,20053,16048,16749,8931,10871,2811,5399,5249,5139,7841,7313,10251,10839,14752,15301,18638,18852,15567,16218,8701,10537,2746,5258,142103,123281,19707,15501,27914,26758,8147,7,6
2021-07-29T23:59:59+02:00,1131,1000,8440,8022,9799,9113,12323,12820,16473,16971,19774,19943,15962,16681,8906,10852,2810,5392,4952,4905,7561,7119,9971,10637,14504,15125,18441,18734,15482,16144,8674,10516,2745,5248,141986,122171,19704,15459,27914,26732,6801,7,6
2021-07-28T23:59:59+02:00,1120,987,8410,7985,9785,9098,12302,12806,16456,16949,19754,19933,15955,16668,8899,10848,2810,5390,4531,4474,7242,6865,9654,10338,14269,14943,18384,18693,15467,16133,8668,10505,2745,5238,141746,119518,19702,15405,27912,26670,6788,7,6
2021-07-27T23:59:59+02:00,1110,979,8387,7970,9773,9091,12291,12797,16447,16944,19747,19920,15953,16662,8897,10845,2809,5388,4296,4226,7012,6666,9407,10059,14107,14782,18333,18627,15418,16087,8651,10489,2742,5231,141609,117493,19699,15404,27912,26647,6783,7,6
2021-07-26T23:59:59+02:00,1106,976,8373,7958,9766,9086,12285,12792,16440,16936,19740,19919,15950,16657,8895,10841,2808,5383,4188,4114,6910,6556,9282,9934,14025,14701,18288,18593,15407,16076,8641,10481,2739,5229,141531,116588,19695,15395,27901,26589,6777,7,6
2021-07-25T23:59:59+02:00,1105,975,8366,7954,9753,9082,12275,12789,16435,16931,19737,19918,15948,16657,8894,10841,2808,5383,4139,4061,6834,6505,9211,9880,13989,14668,18264,18579,15389,16063,8634,10475,2739,5227,141506,116145,19692,15379,27900,26568,6746,7,6
2021-07-24T23:59:59+02:00,1103,971,8277,7892,9679,9003,12208,12712,16368,16877,19697,19879,15927,16643,8891,10831,2808,5382,4096,4021,6776,6455,9133,9826,13925,14602,18232,18553,15376,16053,8626,10471,2739,5227,141487,115895,19030,15098,27900,26566,6724,7,6
2021-07-23T23:59:59+02:00,1076,946,8164,7802,9641,8968,12174,12683,16323,16842,19667,19860,15921,16637,8886,10827,2808,5382,3802,3734,6514,6244,8852,9539,13689,14426,18152,18496,15334,16009,8608,10452,2736,5221,140988,113635,19030,15074,27900,26560,6682,7,6
2021-07-22T23:59:59+02:00,985,860,7948,7573,9536,8878,12056,12587,16232,16755,19594,19773,15875,16597,8878,10812,2807,5376,3675,3607,6359,6152,8700,9409,13527,14284,18079,18429,15312,15984,8600,10443,2736,5220,139524,112487,19029,15002,27893,26467,6669,7,6
2021-07-21T23:59:59+02:00,965,846,7917,7533,9520,8867,12033,12564,16208,16739,19570,19752,15864,16590,8878,10807,2807,5376,3367,3337,6014,5895,8305,9025,13260,14049,17937,18303,15220,15902,8568,10413,2733,5208,139268,109675,19027,14930,27888,26368,6646,7,6
2021-07-20T23:59:59+02:00,964,845,7909,7528,9511,8864,12028,12562,16200,16738,19565,19747,15863,16589,8878,10806,2807,5376,3294,3284,5955,5841,8245,8964,13175,14004,17905,18289,15220,15902,8568,10411,2733,5208,139228,109285,19026,14915,27885,26236,6634,7,6
2021-07-19T23:59:59+02:00,963,845,7903,7528,9507,8858,12023,12560,16195,16732,19563,19747,15862,16586,8878,10804,2807,5375,3244,3249,5908,5802,8188,8920,13118,13977,17859,18277,15220,15900,8568,10409,2733,5207,139198,109017,19025,14899,27885,26111,6621,7,6
2021-07-18T23:59:59+02:00,962,844,7893,7519,9500,8852,12015,12556,16189,16727,19561,19746,15861,16584,8878,10804,2807,5375,3225,3232,5868,5771,8154,8892,13079,13961,17846,18274,15220,15899,8568,10409,2733,5206,139153,108830,19023,14866,27883,26102,6607,7,6
2021-07-17T23:59:59+02:00,846,725,7569,7227,9348,8683,11838,12394,16060,16588,19465,19651,15840,16563,8870,10791,2807,5372,3124,3124,5756,5678,8020,8737,12939,13836,17751,18197,15210,15881,8565,10402,2733,5206,137138,107654,19021,14862,27883,26098,6591,4,6
2021-07-16T23:59:59+02:00,689,573,7173,6902,9158,8526,11645,12184,15856,16412,19323,19523,15811,16526,8861,10777,2806,5370,3062,3063,5680,5614,7908,8633,12822,13702,17673,18123,15188,15865,8561,10400,2732,5206,134653,106764,19021,14857,27882,26092,6555,4,6
2021-07-15T23:59:59+02:00,687,573,7160,6894,9154,8525,11634,12180,15846,16405,19319,19517,15809,16523,8857,10775,2805,5361,3024,3028,5613,5573,7818,8581,12747,13662,17643,18102,15165,15850,8553,10393,2731,5197,134615,106534,19019,14702,27877,25970,6509,4,6
2021-07-14T23:59:59+02:00,685,572,7151,6886,9150,8523,11629,12176,15840,16402,19314,19512,15807,16520,8854,10772,2804,5357,3001,3016,5572,5542,7783,8559,12714,13646,17626,18091,15158,15847,8550,10389,2731,5193,134583,106382,19018,14669,27877,25930,6472,4,6
2021-07-13T23:59:59+02:00,680,569,7127,6869,9138,8507,11619,12162,15829,16381,19305,19505,15798,16516,8850,10762,2799,5349,2943,2965,5508,5474,7622,8424,12459,13428,17469,17961,15139,15836,8538,10376,2726,5182,134455,105158,19018,14616,27874,25894,6414,4,6
2021-07-12T23:59:59+02:00,674,561,7113,6853,9128,8496,11608,12153,15824,16368,19293,19501,15796,16512,8848,10762,2799,5346,2885,2912,5426,5399,7475,8309,12211,13216,17290,17815,15129,15831,8534,10369,2725,5182,134339,103922,19016,14565,27870,25844,6406,4,6
2021-07-11T23:59:59+02:00,673,560,7105,6850,9119,8487,11602,12145,15814,16365,19288,19496,15796,16509,8847,10760,2799,5346,2854,2877,5350,5323,7378,8221,12046,13061,17163,17683,15122,15820,8533,10366,2725,5182,134297,103036,19012,14515,27870,25803,6378,4,6
2021-07-10T23:59:59+02:00,500,403,6536,6301,8892,8303,11361,11951,15657,16233,19233,19447,15788,16499,8843,10755,2798,5345,2823,2843,5299,5280,7297,8140,11944,12961,17085,17616,15106,15804,8530,10355,2722,5180,131598,102338,19012,14513,27870,25795,6361,4,6
2021-07-09T23:59:59+02:00,489,396,6477,6273,8866,8266,11321,11922,15631,16220,19220,19431,15787,16496,8843,10752,2798,5345,2766,2776,5216,5212,7119,7964,11534,12662,16790,17410,15086,15777,8523,10350,2721,5177,131507,101316,18801,13654,27869,25781,6352,4,6
2021-07-08T23:59:59+02:00,484,394,6157,6008,8492,7975,10940,11612,15292,15974,18961,19258,15764,16472,8834,10745,2795,5344,2704,2726,5135,5138,6978,7873,11335,12520,16642,17287,15079,15769,8523,10348,2721,5176,131420,100458,15891,13487,27864,25706,6322,4,6
2021-07-07T23:59:59+02:00,482,390,6142,5995,8469,7959,10925,11595,15281,15964,18960,19253,15762,16468,8833,10743,2795,5342,2656,2671,5046,5080,6842,7780,11103,12340,16480,17154,15071,15763,8519,10343,2721,5176,131308,99438,15882,13366,27862,25658,6302,4,6
2021-07-06T23:59:59+02:00,455,369,6039,5902,8388,7892,10849,11526,15246,15924,18937,19236,15755,16458,8830,10741,2792,5340,2587,2601,4908,4966,6655,7647,10713,11928,16110,16779,15046,15730,8511,10336,2720,5172,130685,97285,15874,13283,27857,25598,6259,4,6
2021-07-05T23:59:59+02:00,414,335,5860,5730,8271,7796,10736,11411,15187,15857,18905,19205,15749,16450,8826,10736,2789,5339,2533,2526,4810,4869,6524,7510,10363,11612,15835,16474,15015,15700,8503,10321,2720,5167,129635,95496,15870,13219,27854,25544,6233,4,6
2021-07-04T23:59:59+02:00,394,305,5786,5651,8214,7741,10669,11355,15156,15826,18891,19186,15743,16447,8825,10734,2789,5337,2514,2496,4749,4823,6465,7459,10226,11503,15734,16402,15011,15694,8501,10320,2719,5167,129131,94932,15864,13151,27849,25508,6201,4,6
2021-07-03T23:59:59+02:00,389,303,5768,5643,8205,7732,10658,11352,15149,15820,18888,19184,15742,16447,8825,10734,2789,5337,2479,2465,4654,4794,6357,7434,10168,11458,15630,16316,14334,14985,8482,10295,2719,5167,129065,94818,15862,13149,27848,23592,6186,4,6
2021-07-02T23:59:59+02:00,345,264,5580,5492,8131,7657,10559,11255,15084,15764,18869,19178,15738,16443,8820,10732,2787,5334,2431,2417,4499,4715,6174,7360,10014,11302,15440,16113,13540,14066,8474,10280,2719,5166,128146,94255,15860,13105,27847,21183,6175,4,6
2021-07-01T23:59:59+02:00,283,210,5363,5311,8002,7546,10421,11130,14955,15669,18823,19153,15730,16436,8815,10726,2787,5333,2313,2296,4323,4542,5938,7110,9234,10618,14810,15643,13515,14036,8469,10275,2715,5164,126856,90762,15850,13010,27846,21098,6137,4,6
2021-06-30T23:59:59+02:00,153,121,4881,4835,7660,7271,10071,10791,14727,15491,18765,19109,15719,16425,8811,10718,2787,5330,2276,2250,4238,4473,5827,7014,9063,10496,14721,15566,13500,14028,8466,10272,2715,5162,123866,90167,15844,12836,27846,20965,6105,4,6
2021-06-29T23:59:59+02:00,117,100,4597,4553,7410,7053,9781,10492,14527,15300,18700,19048,15667,16375,8792,10703,2786,5325,2210,2168,4095,4336,5621,6835,8837,10270,14428,15344,13452,13979,8454,10248,2713,5149,121798,88726,15838,12683,27844,20892,5842,4,6
2021-06-28T23:59:59+02:00,101,79,4460,4408,7305,6942,9658,10363,14436,15193,18655,19005,15651,16359,8778,10692,2783,5323,2125,2041,3912,4130,5339,6493,8453,9759,13896,14808,13334,13889,8436,10224,2710,5137,120775,85519,15829,12601,27841,20827,5742,4,4
2021-06-27T23:59:59+02:00,96,77,4408,4359,7246,6886,9596,10309,14404,15160,18635,18988,15634,16347,8771,10685,2782,5318,2071,2006,3848,4084,5227,6380,8285,9631,13721,14696,13308,13869,8427,10215,2707,5135,120409,84729,15826,12566,27839,20694,5623,4,4
2021-06-26T23:59:59+02:00,83,75,4365,4331,7215,6859,9578,10288,14385,15145,18623,18975,15630,16340,8771,10685,2782,5318,1994,1914,3659,3925,5012,6123,7919,9176,13371,14399,13228,13812,8407,10187,2702,5126,120170,82089,15822,12566,27839,20688,5613,4,4
2021-06-25T23:59:59+02:00,70,62,4052,4004,6947,6620,9287,9993,14162,14957,18539,18919,15584,16294,8752,10666,2780,5311,1929,1830,3495,3806,4820,5892,7594,8762,13062,14064,13178,13756,8394,10162,2696,5120,117760,79742,15794,12535,27839,20683,5602,4,4
2021-06-24T23:59:59+02:00,63,55,3958,3912,6848,6534,9188,9901,14063,14872,18511,18886,15569,16278,8746,10659,2780,5310,1860,1754,3382,3710,4622,5750,7374,8566,12811,13864,12343,12827,8214,9898,2696,5119,117028,78528,15784,12430,27836,18353,5481,4,4
2021-06-23T23:59:59+02:00,49,50,3551,3534,6395,6185,8657,9391,13726,14570,18375,18750,15465,16186,8703,10622,2777,5296,1722,1579,3127,3507,4208,5422,6429,7856,12074,13163,12320,12815,8204,9891,2696,5115,114086,77898,15535,9106,27835,18304,4822,4,4
2021-06-22T23:59:59+02:00,40,42,3479,3463,6319,6126,8554,9314,13674,14524,18341,18733,15454,16179,8702,10617,2777,5293,1682,1525,3024,3405,4067,5272,6177,7672,11466,12458,12230,12723,8187,9858,2692,5107,113461,75574,15531,9025,27833,18146,4802,4,4
2021-06-21T23:59:59+02:00,34,39,3408,3402,6225,6072,8494,9242,13614,14479,18308,18713,15452,16177,8696,10613,2777,5292,1645,1474,2933,3308,3943,5122,5981,7446,10710,11532,11844,12267,7113,8634,2686,5100,112943,72915,15524,8924,27822,15156,4744,4,4
2021-06-20T23:59:59+02:00,34,38,3382,3380,6178,6040,8449,9212,13586,14464,18297,18709,15451,16177,8696,10613,2777,5292,1626,1457,2897,3282,3892,5085,5928,7423,10624,11458,11824,12248,7111,8627,2685,5100,112768,72602,15508,8848,27822,15144,4673,4,4
2021-06-19T23:59:59+02:00,32,36,3355,3356,6149,6019,8420,9193,13562,14458,18291,18704,15451,16176,8696,10613,2777,5292,1622,1445,2892,3273,3884,5080,5914,7418,10613,11451,11824,12248,7111,8626,2685,5100,112579,72523,15502,8848,27822,15142,4673,4,4
2021-06-18T23:59:59+02:00,28,31,3314,3314,6073,5980,8352,9139,13517,14427,18268,18693,15450,16174,8695,10612,2777,5292,1547,1350,2756,3098,3700,4803,5516,7043,9122,9882,11658,12079,7070,8576,2673,5082,112198,67340,15475,8847,27822,15131,4637,4,4
2021-06-17T23:59:59+02:00,26,28,3250,3262,6007,5942,8279,9086,13445,14382,18245,18682,15448,16169,8693,10609,2777,5289,1415,1254,2567,2883,3438,4514,5155,6649,8451,9152,11375,11838,7029,8519,2669,5079,111828,63630,15446,8731,27819,15104,4522,4,4
2021-06-16T23:59:59+02:00,26,25,3197,3201,5895,5876,8161,8992,13318,14296,18178,18647,15442,16160,8693,10606,2777,5289,1318,1198,2426,2775,3254,4357,4871,6378,7373,7860,11284,11731,6998,8482,2656,5061,111191,59868,15372,8685,27816,15073,4396,4,4
2021-06-15T23:59:59+02:00,21,24,3100,3116,5778,5787,7971,8815,13057,14077,18027,18520,15427,16148,8685,10600,2777,5287,1280,1165,2354,2719,3147,4283,4667,6253,7061,7609,10789,11172,6965,8447,2648,5048,109769,57622,15344,8653,27807,15040,4293,4,3
2021-06-14T23:59:59+02:00,20,22,3027,3045,5700,5730,7830,8696,12768,13841,17842,18346,15411,16134,8678,10595,2776,5286,1253,1137,2288,2663,3022,4185,4469,6114,6722,7308,10261,10561,6934,8410,2644,5039,108388,55255,15336,8548,27803,14993,4216,4,2
2021-06-13T23:59:59+02:00,20,22,3009,3014,5634,5692,7767,8630,12628,13705,17737,18224,15405,16125,8677,10592,2775,5286,1243,1124,2257,2649,2985,4174,4425,6094,6690,7292,10257,10554,6934,8409,2644,5039,107651,55114,15325,8542,27799,14953,4163,4,2
2021-06-12T23:59:59+02:00,18,22,2980,2996,5606,5667,7736,8612,12608,13687,17728,18221,15404,16124,8677,10592,2775,5286,1186,1062,2167,2574,2889,4039,4283,5963,6580,7207,10174,10476,6336,7681,2644,5039,107452,54999,15323,8542,27799,12600,4161,4,2
2021-06-11T23:59:59+02:00,18,19,2903,2920,5537,5602,7553,8426,12198,13379,17448,18017,15388,16099,8671,10584,2773,5284,1163,1045,2112,2534,2824,3991,4198,5901,6470,7117,10072,10363,6322,7675,2642,5033,106435,54476,14432,8274,27798,12564,4150,4,2
2021-06-10T23:59:59+02:00,14,17,2847,2879,5438,5551,7420,8343,12012,13241,17311,17900,15383,16095,8671,10583,2772,5283,1124,1020,2037,2468,2722,3914,4028,5771,6228,6905,9821,10095,6302,7647,2636,5027,105517,52915,14358,8270,27793,12474,4088,4,2
2021-06-09T23:59:59+02:00,13,15,2771,2810,5314,5457,7197,8171,11735,12999,17124,17750,15372,16081,8667,10574,2772,5280,1067,958,1905,2350,2518,3733,3700,5486,5607,6398,9000,9194,6245,7571,2621,4992,104311,48917,14206,8252,27784,12381,3797,4,2
2021-06-08T23:59:59+02:00,10,11,2673,2706,5181,5330,7001,7988,11302,12572,16747,17362,15353,16054,8656,10568,2771,5275,1030,929,1838,2286,2412,3660,3557,5420,5459,6269,8967,9175,6243,7561,2619,4988,102108,48411,14179,8203,27782,12314,3487,4,2
2021-06-07T23:59:59+02:00,8,10,2545,2608,4990,5201,6792,7825,10825,12213,16404,17065,15327,16026,8650,10551,2770,5271,959,892,1711,2232,2273,3578,3304,5331,5104,5985,8418,8551,6189,7502,2615,4979,100173,46199,14136,8189,27773,12242,2995,4,2
2021-06-06T23:59:59+02:00,8,8,2510,2584,4929,5142,6705,7769,10688,12103,16312,17001,15324,16022,8650,10551,2768,5270,943,882,1682,2213,2231,3551,3238,5307,5056,5961,8413,8550,6184,7495,2615,4978,99587,46045,14084,8180,27767,12174,2902,4,2
2021-06-05T23:59:59+02:00,7,7,2497,2562,4900,5115,6667,7742,10657,12076,16303,16995,15324,16022,8650,10551,2768,5270,927,867,1650,2186,2192,3499,3136,5225,4701,5633,7815,7847,6156,7442,2614,4976,99362,43663,14084,8175,27765,12132,2898,4,2
2021-06-04T23:59:59+02:00,6,6,2467,2534,4855,5070,6619,7691,10568,11973,16251,16931,15320,16015,8650,10550,2767,5269,915,849,1627,2167,2150,3462,3084,5166,4538,5445,7513,7479,6120,7400,2612,4970,98833,42379,14079,8173,27765,12086,2861,4,2
2021-06-03T23:59:59+02:00,6,6,2362,2403,4702,4899,6412,7441,9866,11338,15661,16482,15309,16005,8647,10544,2766,5268,898,818,1586,2107,2101,3382,2995,5057,4393,5279,7354,7290,6108,7373,2612,4966,95489,41330,14040,8163,27759,12003,2825,4,2
2021-06-02T23:59:59+02:00,6,6,2345,2378,4657,4866,6356,7402,9766,11249,15603,16429,15301,16001,8646,10540,2766,5267,885,806,1568,2084,2049,3346,2910,4971,4031,4890,6797,6652,6064,7317,2608,4956,94962,38995,14038,8159,27759,11960,2821,4,2
2021-06-01T23:59:59+02:00,6,5,2283,2337,4537,4776,6192,7289,9577,11102,15496,16353,15298,15997,8642,10536,2765,5262,853,780,1503,2034,1935,3284,2754,4880,3828,4763,6586,6422,6042,7299,2602,4949,94096,37913,13989,8137,27747,11847,2617,4,2
2021-05-31T23:59:59+02:00,2,5,2233,2278,4438,4683,6049,7163,9392,10957,15410,16299,15290,15990,8639,10536,2765,5262,830,744,1445,1975,1867,3236,2579,4827,3698,4710,6229,6007,6019,7278,2599,4941,93377,36736,13903,8131,27736,11746,2371,4,2
2021-05-30T23:59:59+02:00,2,5,2208,2256,4381,4622,5960,7103,9317,10895,15373,16280,15289,15988,8639,10536,2765,5262,818,733,1423,1954,1817,3212,2446,4792,3592,4692,6227,6005,6019,7278,2599,4941,92932,36421,13863,8109,27726,11662,2356,4,2
2021-05-29T23:59:59+02:00,2,5,2191,2241,4363,4611,5943,7087,9303,10882,15368,16277,15288,15988,8639,10536,2765,5262,799,680,1329,1694,1684,2851,2246,4241,3314,4263,6137,5911,5907,7145,2598,4941,92806,36371,13860,8104,27725,8909,2356,4,2
2021-05-28T23:59:59+02:00,2,5,2170,2218,4325,4566,5899,7042,9227,10812,15301,16225,15284,15986,8639,10536,2765,5261,780,590,1251,1443,1585,2449,2066,3548,3050,3664,5498,5171,5825,7054,2594,4928,92334,35072,13847,8104,27723,5965,2355,4,2
2021-05-27T23:59:59+02:00,2,5,2127,2180,4240,4499,5775,6968,9072,10712,15203,16141,15283,15985,8639,10536,2765,5261,751,555,1217,1361,1543,2311,1998,3405,2937,3544,5060,4685,5792,7015,2583,4899,91653,33945,13698,8095,27699,5277,2339,4,2
2021-05-26T23:59:59+02:00,2,5,2058,2062,4043,4354,5432,6705,8103,9970,14443,15436,15271,15979,8635,10530,2763,5259,740,539,1191,1302,1498,2256,1940,3292,2787,3400,3754,3305,5733,6942,2560,4842,90877,30675,10172,8080,27684,5013,2313,4,2
2021-05-25T23:59:59+02:00,2,5,2017,2023,3960,4287,5336,6639,7968,9863,14068,15003,15223,15942,8628,10515,2761,5255,731,529,1161,1267,1476,2233,1920,3265,2762,3374,3748,3295,5726,6939,2558,4841,89537,30588,10024,8071,27667,4903,2263,4,2
2021-05-24T23:59:59+02:00,2,5,1991,1977,3871,4213,5231,6557,7843,9739,13557,14387,15172,15874,8621,10501,2760,5250,725,521,1141,1255,1446,2219,1899,3247,2737,3352,3732,3277,5704,6915,2551,4825,87744,30461,9945,8020,27655,4863,2203,4,1
2021-05-23T23:59:59+02:00,2,5,1982,1964,3852,4190,5213,6544,7791,9708,13482,14324,15161,15870,8619,10500,2759,5250,718,509,1131,1242,1421,2194,1840,3211,2629,3254,3321,2844,5062,6104,2537,4780,87509,30289,9845,5464,27655,4842,2203,4,1
2021-05-22T23:59:59+02:00,2,5,1816,1922,3550,4140,4810,6500,7533,9652,13357,14245,15155,15869,8619,10499,2759,5250,557,478,838,1200,1043,2158,1599,3158,2515,3179,3317,2842,5062,6103,2537,4780,87359,30277,9845,5463,27653,4805,822,4,1
2021-05-21T23:59:59+02:00,2,4,1730,1813,3396,3948,4621,6205,7136,9285,12066,12904,15004,15720,8582,10452,2750,5239,553,466,828,1198,1041,2151,1564,3128,2438,3102,3143,2705,5036,6060,2534,4765,82581,29642,9805,5463,27647,4787,820,4,1
2021-05-20T23:59:59+02:00,2,4,1692,1777,3304,3897,4514,6124,6959,9205,11855,12676,14983,15702,8579,10445,2749,5238,533,453,787,1152,985,2087,1445,3057,2311,3005,2954,2535,4995,5984,2526,4750,81747,28897,9702,5447,27590,4552,663,3,1
2021-05-19T23:59:59+02:00,2,4,1669,1751,3247,3841,4419,6058,6843,9142,11622,12415,14972,15692,8577,10444,2749,5237,525,441,771,1114,967,2018,1334,2909,1984,2712,2391,2037,4890,5867,2505,4703,80932,26826,9562,5431,27562,4286,625,3,1
2021-05-18T23:59:59+02:00,2,4,1607,1717,3158,3751,4307,5955,6683,8983,11335,12161,14927,15644,8565,10421,2747,5227,522,429,756,1099,949,2001,1250,2843,1704,2490,1949,1691,4818,5784,2484,4660,79838,25284,9359,5421,27493,4223,501,3,1
2021-05-17T23:59:59+02:00,2,4,1558,1636,3028,3593,4101,5675,6335,8525,10787,11610,14819,15553,8546,10396,2742,5217,520,421,750,1092,931,1996,1226,2819,1676,2451,1932,1672,4811,5777,2481,4657,76944,25219,9324,5407,27468,4198,388,3,1
2021-05-16T23:59:59+02:00,2,4,1539,1614,2975,3553,4006,5588,6186,8389,10611,11477,14793,15531,8539,10388,2741,5215,513,415,727,1076,901,1980,1198,2791,1643,2427,1925,1663,4808,5773,2478,4655,76200,25189,9267,5389,27438,4152,243,3,1
2021-05-15T23:59:59+02:00,2,4,1452,1517,2764,3386,3777,5310,5825,7917,10259,11180,14708,15469,8520,10359,2735,5206,513,413,723,1074,901,1976,1193,2790,1637,2423,1913,1651,4802,5767,2478,4653,73447,25129,9267,5389,27431,4147,242,3,1
2021-05-14T23:59:59+02:00,2,4,1418,1454,2651,3290,3625,5153,5628,7628,10039,10928,14673,15431,8507,10336,2732,5202,464,372,651,908,829,1690,1063,2380,1456,2095,1879,1611,4799,5759,2477,4648,71807,25065,9247,5387,27406,2391,238,3,1
2021-05-13T23:59:59+02:00,2,4,1360,1387,2548,3206,3458,5017,5408,7422,9811,10748,14647,15403,8498,10333,2730,5199,457,359,624,880,727,1582,962,2295,1189,1883,1162,1030,4579,5525,2469,4616,70646,24945,8934,2844,27375,2327,223,3,1
2021-05-12T23:59:59+02:00,2,4,1353,1378,2532,3201,3440,5005,5387,7409,9797,10736,14645,15399,8496,10331,2729,5199,457,358,623,879,724,1579,957,2293,1185,1877,1143,1021,4566,5489,2437,4547,70535,24745,8910,2844,27373,2324,222,3,1
2021-05-11T23:59:59+02:00,2,3,1311,1336,2458,3118,3327,4878,5193,7264,9509,10428,14598,15342,8484,10311,2725,5190,451,345,605,865,702,1562,928,2269,1159,1850,1088,985,4503,5392,2395,4423,69199,24255,8787,2825,27288,2242,200,3,1
2021-05-10T23:59:59+02:00,2,3,1287,1309,2394,3041,3200,4753,5063,7107,9185,10046,14552,15303,8475,10292,2720,5188,450,343,592,855,688,1547,917,2253,1141,1836,1053,951,4442,5316,2356,4308,67843,23846,8667,2822,27217,2190,190,3,1
2021-05-09T23:59:59+02:00,2,3,1272,1292,2351,3028,3122,4717,5001,7073,9120,10002,14539,15288,8473,10287,2720,5186,442,341,578,850,665,1527,895,2232,1129,1822,1034,935,4430,5278,2341,4266,67606,23686,8593,2820,27171,2156,103,3,1
2021-05-08T23:59:59+02:00,1,3,1270,1288,2336,3016,3105,4706,4961,7059,9096,9994,14538,15288,8473,10286,2720,5186,442,341,578,850,664,1527,895,2231,1128,1821,1034,935,4429,5278,2341,4266,67464,23685,8587,2817,27169,2155,103,3,1
2021-05-07T23:59:59+02:00,1,3,1251,1267,2297,2975,3053,4657,4861,6967,8872,9747,14523,15266,8467,10280,2717,5182,392,313,546,781,627,1365,825,2024,1040,1633,1004,906,4409,5255,2339,4261,66557,23581,8581,2814,27142,1222,103,3,1
2021-05-06T23:59:59+02:00,1,3,1101,1174,2069,2731,2754,4348,4491,6567,8285,9142,14245,15027,8427,10223,2714,5181,391,309,534,762,610,1333,806,1989,1006,1605,977,875,4399,5241,2337,4257,62925,23452,8453,2764,27006,1119,96,3,1
2021-05-05T23:59:59+02:00,1,2,1036,1123,1959,2618,2595,4177,4196,6288,7270,7958,14160,14929,8392,10182,2701,5161,388,306,527,751,595,1324,772,1975,983,1585,902,812,4358,5169,2329,4241,59404,23129,8408,2745,26883,1093,50,3,1
2021-05-04T23:59:59+02:00,1,2,1014,1103,1908,2579,2493,4110,3975,6174,6989,7742,13653,14361,8362,10148,2696,5152,385,305,522,747,584,1319,755,1956,967,1578,883,788,4338,5153,2326,4232,57344,22995,8350,2730,26723,1071,42,3,1
2021-05-03T23:59:59+02:00,1,2,982,1065,1847,2525,2390,3999,3776,6057,6632,7441,13115,13736,8325,10110,2689,5137,379,304,520,743,574,1313,746,1945,953,1565,858,764,4321,5135,2320,4219,54918,22885,8324,2721,26583,1052,1,3,1
2021-05-02T23:59:59+02:00,1,2,977,1064,1828,2519,2365,3992,3734,6047,6598,7433,13114,13736,8325,10109,2689,5137,379,304,517,743,573,1311,741,1945,952,1562,856,760,4320,5131,2320,4219,54786,22868,8320,2719,26560,1045,1,3,1
2021-05-01T23:59:59+02:00,1,2,977,1062,1820,2517,2354,3987,3722,6039,6586,7424,13113,13734,8325,10109,2689,5137,379,304,517,743,573,1311,740,1944,950,1562,856,760,4320,5131,2320,4219,54717,22868,8319,2715,26558,1045,1,3,1
2021-04-30T23:59:59+02:00,0,2,961,1057,1799,2503,2333,3952,3685,6006,6508,7370,13017,13630,8324,10105,2686,5125,327,249,475,667,544,1131,710,1720,916,1356,844,742,4316,5129,2320,4219,54222,22854,8318,2711,26519,99,1,3,1
2021-04-29T23:59:59+02:00,0,2,906,1032,1742,2452,2269,3893,3538,5883,6271,7147,12758,13357,8302,10076,2682,5118,320,247,465,660,541,1124,703,1710,906,1346,836,727,4307,5121,2320,4217,52627,22767,8303,2705,26494,77,1,3,1
2021-04-28T23:59:59+02:00,0,2,845,998,1662,2390,2125,3783,3253,5630,5667,6643,11921,12440,8244,9987,2659,5081,319,244,463,653,533,1110,692,1690,895,1339,823,711,4288,5094,2318,4217,48577,22646,8296,2686,26453,56,1,3,1
2021-04-27T23:59:59+02:00,0,2,835,993,1644,2370,2080,3765,3182,5605,5541,6521,11892,12423,8242,9985,2659,5079,318,242,457,651,525,1104,683,1678,886,1333,811,700,4284,5088,2317,4211,48098,22568,8293,2671,26423,48,1,3,1
2021-04-26T23:59:59+02:00,0,2,825,980,1618,2352,2020,3724,3005,5527,5208,6236,11327,11778,8186,9920,2655,5070,316,241,456,650,519,1098,672,1672,877,1323,802,691,4279,5083,2317,4207,45767,22516,8284,2643,26379,43,1,2,1
2021-04-25T23:59:59+02:00,0,2,815,978,1604,2346,1982,3706,2879,5504,5116,6231,11323,11774,8183,9914,2654,5069,315,241,456,650,519,1091,672,1670,874,1321,802,690,4279,5083,2317,4207,45441,22511,8278,2639,26358,36,1,2,1
2021-04-24T23:59:59+02:00,0,2,801,968,1582,2326,1942,3661,2782,5436,4771,5911,10706,11048,8153,9856,2653,5067,315,241,456,650,519,1090,671,1669,873,1321,797,686,4269,5067,2315,4206,43033,22474,8277,2635,26352,35,1,2,1
2021-04-23T23:59:59+02:00,0,2,796,960,1569,2316,1913,3635,2741,5385,4610,5725,10397,10667,8113,9814,2650,5058,315,240,456,650,519,1089,670,1669,871,1321,797,685,4266,5064,2315,4206,41733,22463,8277,2634,26338,35,1,2,1
2021-04-22T23:59:59+02:00,0,2,780,945,1541,2273,1862,3567,2656,5295,4457,5571,10253,10473,8099,9783,2648,5050,315,239,454,639,517,1083,664,1661,865,1312,791,680,4263,5062,2315,4204,40733,22427,8251,2609,26268,27,1,2,1
2021-04-21T23:59:59+02:00,0,2,769,932,1517,2261,1809,3522,2552,5207,4073,5151,9656,9789,8050,9721,2644,5039,313,239,452,637,517,1082,660,1658,860,1307,779,668,4253,5048,2315,4200,38216,22377,8234,2585,26241,25,1,2,1
2021-04-20T23:59:59+02:00,0,2,762,921,1495,2234,1778,3493,2500,5149,3936,5055,9460,9570,8033,9711,2640,5036,313,237,452,636,516,1080,659,1653,857,1302,773,664,4249,5043,2315,4200,37381,22345,8223,2579,26168,25,1,2,0
2021-04-19T23:59:59+02:00,0,2,755,911,1486,2227,1761,3476,2468,5123,3872,4997,9090,9152,8008,9686,2637,5030,313,235,451,633,514,1077,655,1651,853,1298,767,658,4240,5041,2315,4198,36355,22306,8211,2568,26112,25,1,2,0
2021-04-18T23:59:59+02:00,0,2,751,909,1481,2221,1743,3469,2449,5111,3864,4995,9081,9141,8008,9685,2637,5030,312,235,451,629,513,1074,653,1648,850,1298,766,656,4240,5039,2315,4198,36295,22298,8191,2554,26088,25,1,2,0
2021-04-17T23:59:59+02:00,0,2,734,903,1393,2211,1643,3457,2412,5081,3784,4917,8368,8416,7992,9672,2637,5030,312,235,449,627,512,1074,652,1648,849,1295,766,656,4239,5039,2315,4198,36287,22287,8191,2554,24171,25,1,2,0
2021-04-16T23:59:59+02:00,0,2,718,885,1264,2188,1491,3435,2326,5016,3623,4752,7030,6863,7957,9623,2626,4999,312,234,444,621,508,1070,642,1646,845,1286,756,650,4231,5024,2312,4196,34915,22213,8181,2550,21699,14,1,2,0
2021-04-15T23:59:59+02:00,0,2,697,874,1254,2175,1471,3417,2268,4978,3552,4699,6591,6360,7917,9562,2604,4928,305,228,430,610,491,1056,608,1619,809,1256,666,589,3737,4513,2290,4161,33598,22156,8124,1202,21624,10,1,2,0
2021-04-14T23:59:59+02:00,0,2,692,870,1233,2162,1440,3398,2223,4943,3419,4605,5252,4956,7867,9496,2583,4891,297,223,427,603,484,1053,602,1611,803,1253,651,572,3726,4504,2286,4156,30371,22068,8113,1174,21545,9,1,2,0
2021-04-13T23:59:59+02:00,0,2,689,870,1224,2157,1425,3396,2215,4932,3399,4590,5233,4938,7861,9493,2582,4889,297,222,425,601,481,1050,600,1607,792,1251,633,567,3724,4501,2286,4156,30291,22048,8092,1136,21509,9,1,2,0
2021-04-12T23:59:59+02:00,0,2,683,862,1211,2148,1409,3385,2181,4918,3368,4566,5210,4923,7848,9482,2579,4856,296,221,423,600,480,1044,598,1603,784,1244,628,565,3719,4500,2286,4156,30163,22022,8047,1116,21418,9,1,2,0
2021-04-11T23:59:59+02:00,0,2,675,858,1195,2136,1391,3370,2114,4894,3250,4483,4790,4482,7181,8656,2572,4851,296,221,422,600,477,1043,592,1600,780,1243,624,562,3715,4495,2286,4156,30133,22014,5434,1089,21330,9,1,2,0
2021-04-10T23:59:59+02:00,0,2,675,856,1194,2135,1389,3366,2112,4891,3247,4476,4746,4435,7177,8650,2572,4850,290,218,420,589,464,1027,565,1583,748,1218,552,492,3146,3878,2237,4064,30010,20393,5431,1089,21329,9,1,2,0
2021-04-09T23:59:59+02:00,0,2,671,855,1186,2132,1385,3361,2081,4869,3169,4396,4548,4269,7142,8601,2568,4834,280,211,410,575,445,1011,540,1565,727,1195,471,430,2497,3058,2189,3970,29322,18477,5427,1088,21317,9,1,2,0
2021-04-08T23:59:59+02:00,0,2,661,845,1172,2121,1369,3331,2019,4816,3020,4285,3492,3116,6900,8238,2557,4819,267,203,393,557,422,997,518,1536,694,1172,451,403,2487,3049,2186,3967,28523,18253,5378,1040,18859,9,1,2,0
2021-04-07T23:59:59+02:00,0,2,654,839,1159,2112,1350,3319,1909,4736,2703,4034,2887,2584,6789,8115,2534,4766,253,196,365,533,384,962,474,1502,658,1145,424,378,2427,2987,2181,3960,26342,17800,5359,1021,18788,8,1,2,0
2021-04-06T23:59:59+02:00,0,2,644,831,1121,2105,1326,3301,1791,4685,2426,3865,2433,2237,6713,8024,2513,4729,229,183,331,507,359,943,437,1479,622,1113,389,336,2371,2912,2175,3951,24744,17325,5343,1004,18656,8,1,2,0
2021-04-05T23:59:59+02:00,0,2,641,829,1110,2101,1320,3298,1782,4675,2411,3849,2143,1890,5591,6707,2511,4729,229,183,330,503,353,937,433,1477,618,1108,386,332,2369,2906,2175,3950,24712,17314,5333,967,15541,8,1,2,0
2021-04-04T23:59:59+02:00,0,2,640,829,1110,2101,1320,3297,1782,4675,2409,3847,2142,1887,5591,6704,2511,4729,229,183,329,503,353,937,432,1477,618,1108,386,332,2368,2906,2175,3950,24705,17311,5333,967,15535,8,1,2,0
2021-04-03T23:59:59+02:00,0,2,640,829,1110,2100,1320,3297,1781,4673,2405,3847,2141,1884,5590,6704,2511,4729,229,183,329,503,353,937,432,1477,617,1108,386,332,2368,2906,2175,3950,24699,17310,5329,967,15532,8,1,2,0
2021-04-02T23:59:59+02:00,0,2,640,828,1110,2100,1316,3296,1779,4668,2404,3844,2133,1875,5578,6689,2508,4716,229,182,329,501,353,937,431,1476,616,1099,384,332,2368,2905,2175,3950,24631,17292,5325,967,15527,8,1,2,0
2021-04-01T23:59:59+02:00,0,2,636,817,1087,2082,1218,3200,1688,4599,2143,3636,1406,1287,5369,6479,2498,4689,225,181,329,500,352,936,430,1474,616,1098,381,330,2368,2905,2175,3946,24525,17280,2818,958,15490,8,1,2,0
2021-03-31T23:59:59+02:00,0,2,634,816,1083,2078,1213,3192,1676,4593,2125,3623,1379,1254,5340,6424,2461,4590,224,181,329,499,351,936,430,1473,615,1097,380,327,2364,2904,2173,3945,24204,17268,2804,952,15473,8,1,1,0
2021-03-30T23:59:59+02:00,0,2,632,807,1077,2074,1207,3187,1666,4579,2117,3609,1332,1209,5255,6295,2417,4444,224,180,329,498,348,932,425,1470,608,1087,365,316,2262,2752,2053,3720,23683,16650,2782,911,15443,8,1,0,0
2021-03-29T23:59:59+02:00,0,2,630,805,1074,2066,1197,3181,1659,4566,2105,3597,1296,1178,5195,6202,2367,4315,223,179,327,496,346,930,423,1465,603,1082,358,311,2039,2486,1826,3345,23250,15523,2758,908,15426,8,1,0,0
2021-03-28T23:59:59+02:00,0,2,630,802,1072,2060,1194,3174,1653,4556,2101,3592,1280,1169,5187,6180,2356,4283,221,179,326,493,337,926,420,1458,600,1070,352,299,2034,2472,1825,3342,23145,15495,2740,854,15405,5,1,0,0
2021-03-27T23:59:59+01:00,0,2,577,741,992,1992,1112,3056,1535,4432,1999,3510,1211,1099,4583,5445,2356,4283,219,178,326,493,337,926,415,1456,599,1067,351,299,2033,2471,1825,3342,23129,15479,2736,854,13059,4,1,0,0
2021-03-26T23:59:59+01:00,0,2,574,736,985,1982,1110,3050,1525,4425,1982,3502,1167,1068,4553,5411,2355,4279,218,175,326,491,334,925,413,1455,595,1060,343,294,1628,1939,1403,2620,22934,13367,2726,848,13045,4,1,0,0
2021-03-25T23:59:59+01:00,0,2,572,730,972,1974,1107,3041,1518,4413,1967,3492,1157,1057,4545,5406,2355,4278,217,172,325,490,332,919,410,1449,591,1051,339,290,1532,1818,1366,2548,22887,13020,2717,825,12981,4,1,0,0
2021-03-24T23:59:59+01:00,0,2,570,724,962,1961,1094,3026,1489,4395,1953,3483,1122,1026,4518,5373,2350,4273,216,172,324,489,329,915,405,1441,582,1035,325,280,1205,1437,1216,2282,22744,11886,2691,763,12885,4,1,0,0
2021-03-23T23:59:59+01:00,0,2,568,719,957,1947,1090,3016,1482,4381,1943,3476,1109,1015,4499,5358,2350,4270,214,172,322,486,321,912,404,1441,576,1031,317,273,970,1172,1102,2106,22670,11073,2682,742,12829,4,1,0,0
2021-03-22T23:59:59+01:00,0,2,567,710,952,1935,1084,3006,1472,4365,1929,3467,1106,1011,4494,5357,2350,4270,212,172,321,484,320,910,401,1438,573,1027,313,269,969,1168,1102,2103,22646,11056,2666,722,12764,4,1,0,0
2021-03-21T23:59:59+01:00,0,2,565,707,949,1926,1082,3002,1466,4352,1917,3460,1103,1010,4494,5356,2350,4270,211,172,321,483,318,906,401,1433,567,1025,303,264,965,1164,1101,2103,22642,11053,2652,680,12716,4,1,0,0
2021-03-20T23:59:59+01:00,0,2,560,699,944,1910,1065,2986,1438,4334,1883,3431,1030,939,3910,4722,2300,4173,211,172,321,483,318,906,401,1433,567,1025,303,264,965,1164,1100,2102,20979,11051,2651,680,12695,4,1,0,0
2021-03-19T23:59:59+01:00,0,2,551,690,927,1884,1038,2966,1402,4309,1857,3401,942,874,3239,3885,2253,4076,208,172,319,483,317,903,399,1431,563,1018,300,263,952,1151,1069,2062,19001,11028,2640,578,12654,4,1,0,0
2021-03-18T23:59:59+01:00,0,2,538,677,910,1858,1015,2940,1363,4269,1812,3349,844,810,2726,3351,2231,4042,203,170,316,479,314,892,395,1425,561,1013,296,257,849,1057,961,1873,18923,10649,1238,409,12575,3,1,0,0
2021-03-17T23:59:59+01:00,0,2,536,667,901,1838,1002,2921,1341,4248,1793,3332,815,785,2640,3260,2225,4038,201,169,314,477,311,891,388,1421,558,1009,293,252,608,783,660,1428,18614,9730,1201,33,12528,0,1,0,0
2021-03-16T23:59:59+01:00,0,2,534,658,892,1816,980,2906,1323,4236,1768,3316,786,774,2592,3179,2223,4034,201,169,312,477,309,887,385,1419,555,1004,287,248,362,546,471,1121,18404,8727,1161,27,12454,0,0,0,0
2021-03-15T23:59:59+01:00,0,2,534,647,888,1798,971,2884,1317,4230,1760,3307,780,771,2589,3178,2223,4034,200,169,311,476,308,887,385,1419,552,1004,287,248,362,545,470,1121,18391,8721,1139,24,12383,0,0,0,0
2021-03-14T23:59:59+01:00,0,2,533,641,882,1786,964,2879,1306,4217,1750,3295,775,767,2584,3175,2223,4034,200,169,310,476,307,885,383,1417,552,1004,286,248,362,545,470,1121,18386,8718,1111,18,12316,0,0,0,0
2021-03-13T23:59:59+01:00,0,2,511,589,786,1524,834,2498,1112,3650,1468,2865,694,678,2481,3048,2222,4033,200,169,310,476,307,885,383,1417,552,1004,286,248,362,545,470,1121,18382,8718,1111,18,9502,0,0,0,0
2021-03-12T23:59:59+01:00,0,2,496,504,722,1257,742,2102,940,2955,1221,2271,553,525,2437,3003,2222,4033,200,167,310,476,307,883,382,1417,552,1002,286,247,349,524,422,1058,18359,8564,1110,18,6516,0,0,0,0
2021-03-11T23:59:59+01:00,0,2,473,468,689,1186,696,1996,881,2810,1141,2160,495,465,2423,2991,2221,4032,200,167,309,474,306,882,382,1414,551,1002,286,246,336,507,376,1015,18165,8438,1062,15,5902,0,0,0,0
2021-03-10T23:59:59+01:00,0,2,459,458,655,1153,656,1962,836,2774,1108,2132,476,449,2409,2972,2220,4029,196,165,305,467,306,881,377,1407,546,995,282,240,216,408,151,753,17890,7686,1042,9,5818,0,0,0,0
2021-03-09T23:59:59+01:00,0,2,443,441,622,1124,637,1943,813,2748,1086,2108,454,428,2316,2830,2097,3800,196,165,303,465,305,880,376,1404,546,992,280,239,216,408,151,752,17128,7678,1026,0,5738,0,0,0,0
2021-03-08T23:59:59+01:00,0,2,430,420,599,1094,619,1921,797,2723,1064,2082,432,399,2087,2555,1868,3423,196,164,303,463,304,875,376,1398,546,990,279,237,216,407,151,752,15884,7657,997,0,5634,0,0,0,0
2021-03-07T23:59:59+01:00,0,2,429,418,592,1077,605,1913,794,2710,1057,2071,431,398,2082,2547,1867,3421,196,164,303,462,304,874,376,1395,546,989,279,237,216,407,151,752,15856,7651,987,0,5571,0,0,0,0
2021-03-06T23:59:59+01:00,0,2,429,415,589,1063,602,1911,787,2703,1053,2064,430,398,2082,2547,1867,3421,196,164,303,462,304,874,376,1395,546,988,278,237,216,407,151,752,15848,7649,987,0,5528,0,0,0,0
2021-03-05T23:59:59+01:00,0,2,423,400,583,1051,596,1901,782,2694,1047,2056,417,390,1661,1985,1434,2669,193,159,299,462,301,873,374,1392,544,984,278,237,216,407,151,752,13625,7622,987,0,5479,0,0,0,0
2021-03-04T23:59:59+01:00,0,2,413,375,557,1012,577,1845,753,2641,1026,2006,413,386,1569,1867,1395,2596,181,151,288,452,300,865,372,1378,542,980,277,237,216,407,151,752,13274,7549,981,0,5178,0,0,0,0
2021-03-03T23:59:59+01:00,0,2,411,368,549,982,560,1813,728,2593,1009,1968,407,380,1247,1488,1242,2324,180,150,287,451,299,864,368,1371,539,973,275,235,215,406,149,747,12125,7509,974,0,4972,0,0,0,0
2021-03-02T23:59:59+01:00,0,2,407,363,541,948,546,1793,719,2569,998,1950,397,370,1002,1220,1124,2146,180,148,286,440,295,858,368,1362,539,967,275,235,215,406,149,747,11303,7470,939,0,4853,0,0,0,0
2021-03-01T23:59:59+01:00,0,2,405,355,532,925,528,1762,710,2545,987,1933,393,363,1001,1213,1124,2142,180,146,286,431,292,848,365,1347,536,961,273,233,214,405,149,747,11283,7413,904,0,4733,0,0,0,0
2021-02-28T23:59:59+01:00,0,2,400,352,529,916,521,1751,707,2534,982,1918,389,358,1001,1211,1124,2142,178,145,286,430,292,847,365,1347,535,961,273,233,214,405,149,747,11278,7407,877,0,4682,0,0,0,0
2021-02-27T23:59:59+01:00,0,2,399,350,524,909,519,1745,704,2525,979,1916,387,357,1001,1211,1123,2142,178,145,286,430,292,847,365,1347,534,961,273,233,214,405,149,747,11277,7406,877,0,4639,0,0,0,0
2021-02-26T23:59:59+01:00,0,2,351,303,455,736,443,1436,575,2106,807,1572,359,327,1001,1208,1123,2142,178,143,286,427,290,839,363,1339,532,958,273,233,214,405,149,747,11266,7376,866,0,2814,0,0,0,0
2021-02-25T23:59:59+01:00,0,2,331,295,445,714,431,1399,560,2058,789,1540,350,320,917,1119,1051,2018,126,129,266,422,279,827,352,1323,527,951,273,231,214,405,149,747,10864,7221,835,0,2640,0,0,0,0
2021-02-24T23:59:59+01:00,0,2,325,289,440,698,424,1363,544,2010,767,1496,342,307,708,887,867,1713,126,123,264,416,276,818,350,1310,520,944,271,229,212,405,149,745,9924,7158,793,0,2465,0,0,0,0
2021-02-23T23:59:59+01:00,0,2,323,277,432,684,413,1338,536,1974,749,1477,328,297,459,641,676,1412,126,122,263,414,274,813,350,1303,519,936,270,228,211,405,148,744,8924,7126,749,0,2345,0,0,0,0
2021-02-22T23:59:59+01:00,0,2,323,275,431,677,412,1333,532,1964,744,1473,328,294,458,639,676,1411,126,117,258,404,273,796,346,1278,514,928,266,227,211,405,148,744,8920,7041,737,0,2315,0,0,0,0
2021-02-21T23:59:59+01:00,0,2,320,274,429,671,409,1325,530,1956,738,1469,317,289,454,635,674,1411,126,117,257,403,273,794,343,1275,507,925,265,226,210,404,147,735,8915,7007,696,0,2292,0,0,0,0
2021-02-20T23:59:59+01:00,0,2,320,271,429,669,409,1317,529,1947,736,1465,317,289,454,635,674,1411,126,117,257,403,273,794,343,1275,506,925,265,226,210,404,147,735,8915,7006,696,0,2263,0,0,0,0
2021-02-19T23:59:59+01:00,0,1,273,245,397,592,375,1148,471,1732,629,1255,308,273,427,598,595,1304,126,117,257,403,272,794,343,1275,506,925,265,226,210,404,147,735,8697,7005,589,0,1337,0,0,0,0
2021-02-18T23:59:59+01:00,0,1,272,240,390,583,364,1125,458,1714,619,1248,308,271,374,551,493,1176,123,114,253,398,265,788,340,1266,503,924,263,224,210,404,147,735,8517,6957,417,0,1253,0,0,0,0
2021-02-17T23:59:59+01:00,0,1,266,236,378,569,357,1116,435,1697,611,1236,303,264,219,414,157,766,115,101,249,392,260,773,334,1250,497,913,259,221,209,404,147,735,7796,6859,31,0,1198,0,0,0,0
2021-02-16T23:59:59+01:00,0,1,264,234,367,567,347,1107,427,1683,606,1230,300,261,219,413,157,766,84,89,229,366,249,743,316,1210,465,878,238,206,202,386,146,728,7789,6535,27,0,1133,0,0,0,0
2021-02-15T23:59:59+01:00,0,1,262,234,365,563,346,1101,425,1671,602,1224,300,261,219,412,156,766,83,87,225,355,241,731,306,1182,450,855,225,199,190,364,140,672,7781,6305,24,0,1103,0,0,0,0
2021-02-14T23:59:59+01:00,0,1,261,232,359,560,342,1091,421,1665,599,1221,300,261,219,412,156,766,79,85,218,350,238,723,301,1169,446,840,224,197,190,353,140,663,7771,6216,19,0,1076,0,0,0,0
2021-02-13T23:59:59+01:00,0,1,261,232,359,560,342,1091,420,1665,599,1220,299,261,219,412,156,766,79,85,218,350,238,723,301,1169,446,840,224,197,190,353,140,663,7769,6216,19,0,1075,0,0,0,0
2021-02-12T23:59:59+01:00,0,1,203,171,310,482,315,895,386,1425,562,1005,290,246,218,412,156,766,76,84,215,349,236,720,294,1165,443,835,220,195,190,351,140,663,7757,6176,19,0,67,0,0,0,0
2021-02-11T23:59:59+01:00,0,0,201,170,304,471,311,881,380,1405,552,997,290,246,218,412,156,766,75,81,204,323,226,676,274,1113,426,787,219,192,190,346,140,660,7716,5932,16,0,28,0,0,0,0
2021-02-10T23:59:59+01:00,0,0,198,163,300,467,308,877,374,1394,548,989,288,244,216,411,156,764,70,75,188,297,215,617,257,1028,401,735,210,178,176,317,128,613,7674,5505,10,0,13,0,0,0,0
2021-02-09T23:59:59+01:00,0,0,193,156,297,458,307,868,374,1384,546,980,285,243,216,411,156,763,61,60,149,233,186,512,219,836,345,600,189,152,156,282,118,547,7629,4645,2,0,6,0,0,0,0
2021-02-08T23:59:59+01:00,0,0,186,149,293,445,302,858,370,1364,539,973,281,239,215,410,154,759,34,47,104,143,137,284,160,457,250,393,160,126,129,226,95,452,7529,3197,2,0,6,0,0,0,0
2021-02-07T23:59:59+01:00,0,0,184,147,290,444,301,856,369,1363,538,972,280,238,215,410,154,759,19,40,84,121,131,263,151,423,234,365,152,122,119,216,90,417,7519,2947,1,0,0,0,0,0,0
2021-02-06T23:59:59+01:00,0,0,184,147,290,444,301,856,369,1363,538,972,280,238,215,410,154,759,19,37,82,118,121,247,140,406,203,344,137,118,118,211,89,407,7519,2797,1,0,0,0,0,0,0
2021-02-05T23:59:59+01:00,0,0,184,145,290,441,300,845,367,1355,534,969,280,237,215,410,154,758,18,32,78,113,114,234,135,379,189,325,132,113,115,206,82,391,7483,2656,1,0,0,0,0,0,0
2021-02-04T23:59:59+01:00,0,0,176,140,289,437,293,836,364,1344,525,959,279,235,214,410,154,756,11,21,52,76,85,178,112,289,157,268,114,98,103,192,74,351,7411,2181,0,0,0,0,0,0,0
2021-02-03T23:59:59+01:00,0,0,158,133,279,431,289,830,362,1333,525,957,279,235,213,410,154,755,11,19,44,66,76,143,88,258,136,226,95,83,88,164,67,311,7343,1875,0,0,0,0,0,0,0
2021-02-02T23:59:59+01:00,0,0,137,127,267,429,286,823,357,1326,524,950,278,235,212,410,153,754,11,16,35,60,64,119,73,213,105,176,63,59,63,104,43,196,7268,1400,0,0,0,0,0,0,0
2021-02-01T23:59:59+01:00,0,0,132,122,262,414,284,807,355,1302,518,938,273,233,212,410,153,754,4,10,20,33,34,66,45,119,60,76,28,30,27,44,25,97,7169,718,0,0,0,0,0,0,0
2021-01-31T23:59:59+01:00,0,0,131,119,260,411,282,803,352,1296,514,936,273,230,211,409,153,754,4,6,15,23,29,47,32,73,40,43,14,8,13,28,20,59,7134,454,0,0,0,0,0,0,0
2021-01-30T23:59:59+01:00,0,0,131,119,260,411,282,802,352,1295,513,936,273,230,211,409,153,754,4,6,13,20,26,40,27,65,37,41,14,8,13,28,20,59,7131,421,0,0,0,0,0,0,0
2021-01-29T23:59:59+01:00,0,0,131,119,260,411,281,802,352,1295,513,936,273,230,211,409,153,754,4,6,7,18,24,31,22,57,33,38,14,8,13,27,19,58,7130,379,0,0,0,0,0,0,0
2021-01-28T23:59:59+01:00,0,0,129,116,256,405,277,796,349,1288,509,935,273,230,211,409,153,754,1,3,2,8,16,13,12,28,13,23,11,4,6,14,6,23,7090,183,0,0,0,0,0,0,0
2021-01-27T23:59:59+01:00,0,0,121,106,253,400,274,788,344,1281,503,927,268,227,210,408,153,754,0,0,1,4,12,11,8,21,11,17,10,4,6,14,6,23,7017,148,0,0,0,0,0,0,0
2021-01-26T23:59:59+01:00,0,0,92,94,235,383,266,763,331,1243,478,895,248,215,203,392,153,746,0,0,1,4,12,11,8,21,11,17,10,4,6,14,6,23,6737,148,0,0,0,0,0,0,0
2021-01-25T23:59:59+01:00,0,0,89,89,233,363,253,744,317,1209,460,870,231,208,194,372,149,691,0,0,1,4,12,9,7,14,8,13,10,4,6,14,6,23,6472,131,0,0,0,0,0,0,0
2021-01-24T23:59:59+01:00,0,0,89,87,229,359,252,739,314,1196,458,855,230,206,194,361,149,681,0,0,1,4,12,9,7,14,8,13,10,4,6,14,6,23,6399,131,0,0,0,0,0,0,0
2021-01-23T23:59:59+01:00,0,0,89,87,229,359,252,739,314,1196,458,855,230,206,194,361,149,681,0,0,1,4,12,9,7,14,8,13,10,4,6,14,6,23,6399,131,0,0,0,0,0,0,0
2021-01-22T23:59:59+01:00,0,0,89,86,227,357,252,736,310,1192,454,852,228,205,194,360,149,681,0,0,1,4,12,9,7,14,8,13,10,4,6,14,6,23,6372,131,0,0,0,0,0,0,0
2021-01-21T23:59:59+01:00,0,0,89,83,213,328,242,692,285,1141,440,819,227,201,193,354,149,678,0,0,1,2,9,8,6,13,7,11,10,4,6,14,6,23,6134,120,0,0,0,0,0,0,0
2021-01-20T23:59:59+01:00,0,0,83,77,199,307,229,627,271,1047,411,760,218,190,178,325,138,631,0,0,1,2,9,8,6,13,7,11,10,4,6,14,6,23,5691,120,0,0,0,0,0,0,0
2021-01-19T23:59:59+01:00,0,0,75,67,159,257,209,563,245,923,369,651,199,164,156,285,125,554,0,0,1,2,3,7,6,12,5,9,7,3,6,14,6,23,5001,104,0,0,0,0,0,0,0
2021-01-18T23:59:59+01:00,0,0,63,59,136,214,187,459,218,766,329,558,180,143,132,235,104,472,0,0,0,1,2,4,3,7,3,7,6,3,6,14,6,22,4255,84,0,0,0,0,0,0,0
2021-01-17T23:59:59+01:00,0,0,41,46,110,184,170,399,201,677,303,501,172,137,119,218,90,418,0,0,0,0,2,4,2,7,3,5,4,3,6,14,5,22,3786,77,0,0,0,0,0,0,0
2021-01-16T23:59:59+01:00,0,0,34,43,110,181,160,382,185,657,271,479,156,132,118,212,89,408,0,0,0,0,0,0,0,0,0,0,0,0,0,0,0,0,3617,0,0,0,0,0,0,0,0
2021-01-15T23:59:59+01:00,0,0,32,39,106,176,149,369,179,627,254,456,151,123,115,206,81,392,0,0,0,0,0,0,0,0,0,0,0,0,0,0,0,0,3455,0,0,0,0,0,0,0,0
2021-01-14T23:59:59+01:00,0,0,14,24,52,77,87,173,114,290,151,268,123,104,101,191,71,352,0,0,0,0,0,0,0,0,0,0,0,0,0,0,0,0,2192,0,0,0,0,0,0,0,0
2021-01-13T23:59:59+01:00,0,0,12,20,42,67,78,138,92,260,126,231,94,82,82,154,56,284,0,0,0,0,0,0,0,0,0,0,0,0,0,0,0,0,1818,0,0,0,0,0,0,0,0
2021-01-12T23:59:59+01:00,0,0,12,15,38,63,65,113,77,211,97,177,61,56,55,92,32,162,0,0,0,0,0,0,0,0,0,0,0,0,0,0,0,0,1326,0,0,0,0,0,0,0,0
2021-01-11T23:59:59+01:00,0,0,4,10,27,46,41,82,56,141,59,90,31,30,23,36,16,70,0,0,0,0,0,0,0,0,0,0,0,0,0,0,0,0,762,0,0,0,0,0,0,0,0
2021-01-10T23:59:59+01:00,0,0,3,5,20,33,36,58,37,94,38,53,14,8,7,19,11,31,0,0,0,0,0,0,0,0,0,0,0,0,0,0,0,0,467,0,0,0,0,0,0,0,0
2021-01-09T23:59:59+01:00,0,0,3,5,18,29,35,54,32,84,36,52,14,8,7,19,11,31,0,0,0,0,0,0,0,0,0,0,0,0,0,0,0,0,438,0,0,0,0,0,0,0,0
2021-01-08T23:59:59+01:00,0,0,3,5,15,27,32,43,26,75,32,48,13,8,6,17,10,30,0,0,0,0,0,0,0,0,0,0,0,0,0,0,0,0,390,0,0,0,0,0,0,0,0
2021-01-07T23:59:59+01:00,0,0,1,3,2,10,17,13,13,29,14,24,11,5,6,15,8,24,0,0,0,0,0,0,0,0,0,0,0,0,0,0,0,0,195,0,0,0,0,0,0,0,0
2021-01-06T23:59:59+01:00,0,0,1,0,2,4,15,11,9,23,12,19,11,5,6,15,8,24,0,0,0,0,0,0,0,0,0,0,0,0,0,0,0,0,165,0,0,0,0,0,0,0,0
2021-01-05T23:59:59+01:00,0,0,0,0,1,4,14,11,8,21,11,19,10,5,6,15,8,24,0,0,0,0,0,0,0,0,0,0,0,0,0,0,0,0,157,0,0,0,0,0,0,0,0
2021-01-04T23:59:59+01:00,0,0,0,0,1,4,14,10,7,17,9,17,10,5,6,15,8,24,0,0,0,0,0,0,0,0,0,0,0,0,0,0,0,0,147,0,0,0,0,0,0,0,0
2021-01-03T23:59:59+01:00,0,0,0,0,1,4,13,9,7,14,7,14,10,5,6,15,8,24,0,0,0,0,0,0,0,0,0,0,0,0,0,0,0,0,137,0,0,0,0,0,0,0,0
2021-01-02T23:59:59+01:00,0,0,0,0,1,4,13,9,7,14,7,14,10,5,6,15,8,24,0,0,0,0,0,0,0,0,0,0,0,0,0,0,0,0,137,0,0,0,0,0,0,0,0
2021-01-01T23:59:59+01:00,0,0,0,0,1,4,13,9,7,14,7,14,10,5,6,15,8,24,0,0,0,0,0,0,0,0,0,0,0,0,0,0,0,0,137,0,0,0,0,0,0,0,0
2020-12-31T23:59:59+01:00,0,0,0,0,1,4,13,9,7,14,7,14,10,5,6,15,8,24,0,0,0,0,0,0,0,0,0,0,0,0,0,0,0,0,137,0,0,0,0,0,0,0,0
2020-12-30T23:59:59+01:00,0,0,0,0,1,4,13,9,7,14,7,14,10,5,6,15,8,24,0,0,0,0,0,0,0,0,0,0,0,0,0,0,0,0,137,0,0,0,0,0,0,0,0
2020-12-29T23:59:59+01:00,0,0,0,0,1,4,10,9,7,14,5,12,10,5,6,15,8,24,0,0,0,0,0,0,0,0,0,0,0,0,0,0,0,0,130,0,0,0,0,0,0,0,0
2020-12-28T23:59:59+01:00,0,0,0,0,1,1,7,7,7,8,3,9,10,5,6,15,8,24,0,0,0,0,0,0,0,0,0,0,0,0,0,0,0,0,111,0,0,0,0,0,0,0,0
2020-12-27T23:59:59+01:00,0,0,0,0,0,0,2,4,2,7,2,6,4,4,6,15,7,23,0,0,0,0,0,0,0,0,0,0,0,0,0,0,0,0,82,0,0,0,0,0,0,0,0
