Datum,<24_1_m,<24_1_w,25-34_1_m,25-34_1_w,35-44_1_m,35-44_1_w,45-54_1_m,45-54_1_w,55-64_1_m,55-64_1_w,65-74_1_m,65-74_1_w,75-84_1_m,75-84_1_w,>84_1_m,>84_1_w,<24_2_m,<24_2_w,25-34_2_m,25-34_2_w,35-44_2_m,35-44_2_w,45-54_2_m,45-54_2_w,55-64_2_m,55-64_2_w,65-74_2_m,65-74_2_w,75-84_2_m,75-84_2_w,>84_2_m,>84_2_w,bp_1,bp_2,mo_1,mo_2,az_1,az_2,ja
2021-05-30T23:59:59+02:00,2514,2645,4490,4656,5986,7316,9761,11288,15644,16446,14452,15122,8254,10374,2270,4520,901,875,1452,1974,1801,3283,2479,4896,3712,4424,5964,5795,6054,7516,2120,4217,92264,35868,13750,7874,27430,11427,2294
2021-05-29T23:59:59+02:00,2496,2631,4475,4645,5968,7305,9751,11276,15640,16443,14451,15122,8254,10374,2270,4520,879,801,1345,1719,1673,2908,2272,4342,3440,4038,5888,5702,5950,7399,2119,4217,92149,35824,13748,7874,27430,8700,2294
2021-05-28T23:59:59+02:00,2471,2604,4437,4599,5928,7264,9671,11202,15580,16399,14449,15120,8254,10374,2270,4519,858,694,1264,1465,1572,2479,2088,3656,3112,3433,5334,5046,5877,7323,2116,4206,91685,34534,13735,7874,27428,5822,2293
2021-05-27T23:59:59+02:00,2420,2563,4348,4535,5804,7189,9524,11105,15504,16327,14447,15119,8254,10372,2270,4519,829,652,1229,1393,1530,2349,2024,3507,2972,3301,4953,4614,5846,7285,2108,4181,91028,33464,13591,7866,27402,5164,2279
2021-05-26T23:59:59+02:00,2338,2436,4141,4386,5457,6916,8450,10273,14897,15744,14438,15113,8250,10367,2269,4516,818,634,1203,1339,1487,2298,1964,3394,2777,3139,3725,3304,5792,7219,2088,4131,90264,30276,10084,7852,27389,4930,2254
2021-05-25T23:59:59+02:00,2289,2393,4055,4319,5364,6853,8311,10164,14531,15312,14399,15081,8244,10355,2268,4513,804,622,1177,1301,1465,2274,1943,3371,2753,3113,3722,3296,5785,7217,2086,4130,88934,30193,9940,7843,27375,4821,2202
2021-05-24T23:59:59+02:00,2253,2342,3971,4246,5257,6772,8177,10026,14026,14696,14360,15034,8239,10343,2267,4509,795,613,1156,1290,1431,2263,1928,3354,2730,3093,3699,3273,5769,7198,2078,4115,87148,30065,9864,7793,27364,4785,2142
2021-05-23T23:59:59+02:00,2243,2328,3951,4223,5240,6760,8122,9990,13956,14639,14350,15029,8238,10343,2266,4509,787,603,1145,1278,1407,2241,1878,3318,2618,2990,3210,2747,5292,6572,2064,4073,86917,29893,9764,5424,27364,4764,2142
2021-05-22T23:59:59+02:00,2064,2285,3626,4174,4848,6717,7893,9925,13860,14586,14344,15029,8238,10342,2266,4509,613,568,831,1238,1037,2205,1667,3255,2531,2939,3206,2746,5292,6571,2064,4073,86775,29881,9764,5424,27364,4728,803
2021-05-21T23:59:59+02:00,1969,2162,3463,3973,4659,6421,7468,9544,12596,13262,14226,14917,8202,10298,2260,4502,612,554,822,1237,1035,2197,1621,3220,2443,2864,3054,2613,5271,6528,2061,4062,82037,29258,9724,5424,27359,4710,802
2021-05-20T23:59:59+02:00,1927,2121,3365,3918,4553,6345,7295,9465,12392,13042,14214,14907,8200,10292,2259,4501,592,536,779,1193,976,2135,1497,3140,2320,2775,2874,2449,5239,6456,2054,4049,81221,28525,9624,5409,27305,4484,646
2021-05-19T23:59:59+02:00,1899,2089,3305,3865,4455,6282,7192,9403,12161,12790,14206,14901,8198,10291,2259,4500,584,516,759,1164,958,2062,1358,2965,1966,2490,2378,2000,5143,6338,2035,4012,80419,26502,9490,5394,27279,4224,608
2021-05-18T23:59:59+02:00,1828,2050,3217,3774,4342,6176,7028,9245,11894,12547,14164,14858,8188,10267,2257,4493,581,501,743,1150,942,2045,1257,2890,1666,2248,2006,1716,5070,6255,2021,3982,79343,25041,9289,5384,27210,4162,486
2021-05-17T23:59:59+02:00,1770,1959,3075,3608,4134,5873,6661,8780,11380,12039,14073,14783,8173,10242,2252,4486,579,494,736,1143,923,2038,1232,2866,1639,2210,1991,1701,5064,6250,2018,3979,76475,24981,9254,5370,27185,4138,374
2021-05-16T23:59:59+02:00,1747,1935,3020,3569,4032,5775,6512,8650,11214,11921,14057,14762,8165,10234,2252,4485,569,487,715,1129,896,2024,1203,2841,1608,2187,1986,1694,5062,6248,2017,3978,75740,24959,9198,5352,27154,4095,238
2021-05-15T23:59:59+02:00,1645,1822,2799,3393,3804,5488,6124,8162,10910,11674,13976,14705,8150,10206,2248,4479,568,486,712,1126,896,2022,1199,2840,1603,2180,1971,1685,5060,6242,2017,3976,73003,24904,9198,5352,27147,4090,237
2021-05-14T23:59:59+02:00,1599,1755,2692,3302,3656,5313,5922,7873,10704,11452,13944,14668,8138,10188,2246,4474,516,439,634,950,828,1712,1062,2419,1420,1892,1956,1669,5058,6235,2016,3971,71378,24847,9192,5351,27123,2346,233
2021-05-13T23:59:59+02:00,1530,1683,2596,3223,3488,5181,5695,7657,10517,11301,13917,14643,8133,10187,2244,4471,509,424,605,925,714,1595,973,2346,1159,1685,1209,1052,4877,6046,2009,3940,70240,24734,8914,2831,27094,2285,218
2021-05-12T23:59:59+02:00,1523,1674,2580,3218,3471,5169,5676,7645,10503,11289,13917,14640,8132,10185,2243,4471,509,423,604,923,711,1595,968,2344,1154,1679,1197,1043,4863,6009,1978,3887,70137,24557,8890,2831,27092,2282,217
2021-05-11T23:59:59+02:00,1476,1625,2504,3135,3355,5044,5480,7490,10231,10995,13874,14591,8121,10168,2239,4464,503,408,586,911,689,1581,941,2319,1129,1655,1142,1004,4805,5908,1940,3776,68823,24080,8766,2813,27006,2207,197
2021-05-10T23:59:59+02:00,1446,1591,2432,3061,3231,4921,5342,7316,9921,10637,13836,14556,8112,10151,2236,4462,500,405,574,899,678,1567,929,2301,1113,1641,1106,973,4744,5818,1902,3674,67480,23671,8648,2810,26935,2155,188
2021-05-09T23:59:59+02:00,1424,1569,2394,3051,3155,4889,5269,7280,9867,10593,13826,14543,8111,10148,2236,4460,488,402,564,892,656,1549,904,2282,1103,1628,1089,956,4728,5781,1889,3635,67246,23514,8575,2808,26893,2123,101
2021-05-08T23:59:59+02:00,1419,1564,2379,3040,3140,4879,5231,7266,9843,10588,13826,14542,8111,10148,2236,4460,488,402,564,892,655,1549,904,2281,1102,1627,1089,956,4727,5781,1889,3635,67109,23513,8570,2805,26892,2122,101
2021-05-07T23:59:59+02:00,1399,1541,2337,3001,3083,4823,5134,7179,9629,10347,13815,14526,8105,10143,2233,4457,437,371,531,813,616,1386,827,2067,1018,1458,1067,938,4710,5760,1887,3630,66222,23416,8564,2802,26865,1197,101
2021-05-06T23:59:59+02:00,1234,1423,2109,2752,2775,4512,4735,6744,9071,9758,13557,14303,8073,10103,2231,4456,432,366,520,790,599,1354,806,2031,989,1434,1044,901,4702,5751,1885,3626,62573,23288,8436,2752,26733,1096,94
2021-05-05T23:59:59+02:00,1164,1362,1998,2639,2606,4329,4424,6472,8090,8562,13492,14241,8035,10062,2221,4441,430,363,511,782,581,1347,773,2016,967,1415,968,840,4669,5687,1878,3613,59089,22988,8390,2733,26611,1071,48
2021-05-04T23:59:59+02:00,1140,1339,1943,2601,2501,4259,4194,6354,7662,8180,13165,13857,8008,10029,2216,4434,427,361,505,779,571,1339,754,2000,951,1408,949,818,4654,5674,1875,3604,57058,22859,8332,2720,26451,1049,41
2021-05-03T23:59:59+02:00,1107,1298,1884,2547,2386,4146,3976,6227,7213,7745,12761,13387,7975,9996,2211,4420,421,359,503,775,560,1331,748,1990,936,1398,927,794,4638,5658,1870,3591,54658,22757,8308,2711,26313,1031,0
2021-05-02T23:59:59+02:00,1098,1297,1867,2541,2360,4138,3931,6217,7185,7738,12760,13386,7975,9996,2211,4420,421,359,500,775,559,1329,744,1990,935,1394,925,790,4637,5655,1870,3591,54525,22741,8304,2709,26291,1024,0
2021-05-01T23:59:59+02:00,1098,1295,1860,2539,2350,4132,3920,6208,7174,7730,12759,13385,7975,9996,2211,4420,421,359,500,775,559,1329,743,1989,933,1394,925,790,4637,5655,1870,3591,54459,22741,8304,2705,26289,1024,0
2021-04-30T23:59:59+02:00,1081,1287,1839,2526,2325,4099,3886,6172,7068,7647,12697,13316,7973,9993,2209,4408,357,301,468,689,526,1145,715,1762,900,1203,913,784,4635,5653,1870,3591,53971,22727,8303,2701,26252,84,0
2021-04-29T23:59:59+02:00,1023,1262,1792,2489,2260,4043,3750,6053,6789,7395,12491,13105,7956,9967,2205,4402,352,299,460,685,523,1137,706,1754,895,1197,905,774,4626,5645,1870,3590,52466,22660,8288,2695,26228,63,0
2021-04-28T23:59:59+02:00,951,1226,1716,2426,2108,3920,3428,5793,6083,6774,11813,12326,7903,9884,2182,4375,351,296,458,678,514,1121,694,1736,887,1191,890,757,4609,5620,1868,3590,48439,22540,8282,2677,26187,43,0
2021-04-27T23:59:59+02:00,937,1219,1699,2405,2062,3902,3354,5764,5964,6657,11790,12311,7901,9882,2182,4373,349,294,452,676,506,1117,684,1723,879,1184,878,746,4607,5616,1867,3584,47963,22465,8279,2662,26160,35,0
2021-04-26T23:59:59+02:00,928,1205,1667,2388,1996,3859,3166,5685,5618,6339,11259,11704,7857,9824,2178,4364,347,293,451,674,501,1112,670,1715,873,1177,869,739,4603,5610,1867,3581,45650,22417,8270,2635,26117,30,0
2021-04-25T23:59:59+02:00,917,1203,1652,2381,1955,3838,3030,5666,5541,6334,11255,11701,7853,9818,2177,4363,346,293,451,674,501,1105,670,1713,870,1176,869,738,4603,5610,1867,3581,45324,22413,8264,2631,26096,23,0
2021-04-24T23:59:59+02:00,900,1192,1631,2361,1913,3788,2920,5591,5177,5989,10678,11010,7825,9770,2176,4362,346,293,451,674,501,1104,669,1712,868,1175,865,732,4594,5597,1865,3580,42928,22377,8264,2627,26091,22,0
2021-04-23T23:59:59+02:00,891,1184,1620,2351,1884,3759,2879,5540,4985,5759,10402,10678,7790,9732,2173,4355,346,292,451,674,501,1103,668,1712,866,1175,865,730,4591,5595,1865,3580,41640,22366,8264,2626,26078,22,0
2021-04-22T23:59:59+02:00,874,1161,1587,2312,1833,3686,2788,5450,4817,5589,10289,10508,7777,9703,2171,4349,346,290,449,664,499,1097,659,1702,863,1167,859,726,4588,5592,1865,3579,40646,22331,8238,2600,26010,14,0
2021-04-21T23:59:59+02:00,862,1147,1562,2301,1779,3639,2671,5356,4385,5103,9763,9906,7731,9648,2169,4339,345,290,445,662,499,1096,655,1700,857,1161,848,715,4579,5580,1865,3575,38156,22283,8221,2577,25984,12,0
2021-04-20T23:59:59+02:00,853,1131,1543,2278,1747,3608,2613,5292,4239,4999,9584,9704,7711,9639,2168,4337,345,289,445,661,498,1095,655,1695,854,1157,842,711,4576,5576,1865,3575,37325,22255,8210,2572,25911,12,0
2021-04-19T23:59:59+02:00,848,1119,1532,2271,1728,3592,2581,5260,4168,4928,9226,9304,7688,9616,2166,4332,345,287,444,658,496,1093,651,1693,848,1154,838,704,4568,5575,1865,3573,36303,22219,8198,2561,25858,12,0
2021-04-18T23:59:59+02:00,844,1116,1527,2266,1710,3585,2563,5248,4159,4925,9220,9294,7688,9615,2166,4332,344,286,444,655,494,1091,650,1690,846,1154,837,701,4568,5574,1865,3573,36244,22212,8178,2548,25836,12,0
2021-04-17T23:59:59+02:00,826,1107,1422,2258,1625,3572,2523,5211,4035,4802,8559,8625,7675,9607,2166,4332,343,286,443,653,493,1091,649,1689,845,1152,837,701,4567,5574,1865,3573,36236,22201,8178,2548,23931,12,0
2021-04-16T23:59:59+02:00,807,1087,1278,2236,1485,3547,2431,5138,3804,4556,7307,7163,7640,9564,2154,4304,342,284,439,647,488,1088,640,1686,838,1145,831,694,4561,5566,1863,3571,34861,22129,8169,2544,21471,10,0
2021-04-15T23:59:59+02:00,785,1076,1267,2222,1463,3527,2373,5099,3713,4484,6890,6684,7597,9500,2135,4239,333,276,425,638,471,1075,607,1660,803,1117,717,607,4095,5078,1842,3544,33543,22075,8111,1207,21400,6,0
2021-04-14T23:59:59+02:00,780,1069,1244,2214,1436,3508,2325,5057,3522,4350,5606,5324,7551,9435,2116,4208,325,271,422,633,464,1071,602,1652,797,1113,700,592,4084,5070,1839,3541,30319,21994,8101,1177,21325,5,0
2021-04-13T23:59:59+02:00,776,1069,1236,2209,1422,3505,2311,5044,3503,4335,5592,5308,7546,9431,2115,4206,325,269,420,632,461,1068,599,1647,783,1111,686,587,4082,5069,1839,3541,30239,21974,8079,1140,21290,5,0
2021-04-12T23:59:59+02:00,770,1058,1223,2201,1405,3495,2280,5029,3475,4311,5570,5294,7537,9419,2112,4176,324,268,418,632,461,1062,597,1642,774,1103,681,585,4079,5068,1839,3541,30115,21949,8034,1120,21206,5,0
2021-04-11T23:59:59+02:00,760,1054,1208,2189,1387,3476,2208,5004,3344,4211,5026,4721,7015,8750,2105,4172,324,268,416,632,460,1061,592,1639,771,1102,677,582,4075,5063,1839,3541,30087,21944,5422,1093,21121,5,0
2021-04-10T23:59:59+02:00,760,1053,1207,2188,1385,3473,2207,5001,3341,4202,4983,4675,7012,8745,2105,4171,319,262,413,623,448,1046,566,1621,735,1075,569,485,3538,4458,1796,3465,29969,20321,5419,1093,21120,5,0
2021-04-09T23:59:59+02:00,757,1052,1199,2185,1380,3470,2165,4973,3250,4119,4807,4518,6982,8697,2101,4158,308,255,399,605,434,1035,540,1603,714,1046,448,398,2920,3650,1753,3391,29287,18402,5415,1092,21111,5,0
2021-04-08T23:59:59+02:00,746,1041,1184,2171,1363,3442,2087,4909,3102,4010,3722,3336,6797,8384,2093,4145,293,245,382,588,409,1018,519,1574,684,1024,430,377,2913,3643,1750,3388,28494,18187,5367,1045,18671,5,0
2021-04-07T23:59:59+02:00,739,1035,1170,2161,1343,3426,1948,4800,2750,3753,3170,2844,6698,8260,2071,4102,278,236,349,560,372,986,478,1538,649,999,402,353,2854,3583,1747,3381,26321,17735,5348,1026,18601,4,0
2021-04-06T23:59:59+02:00,722,1025,1139,2152,1319,3408,1809,4738,2447,3554,2766,2541,6622,8169,2053,4070,249,220,315,535,348,969,441,1515,615,965,368,315,2799,3510,1742,3373,24728,17266,5334,1009,18472,4,0
2021-04-05T23:59:59+02:00,718,1023,1128,2148,1316,3405,1795,4727,2437,3537,2120,1849,5875,7222,2051,4070,249,220,314,531,343,962,437,1514,610,961,365,311,2798,3506,1742,3371,24698,17256,5324,974,15399,4,0
2021-04-04T23:59:59+02:00,717,1023,1127,2148,1316,3405,1795,4726,2434,3536,2120,1845,5875,7219,2051,4070,249,220,314,531,343,962,436,1514,610,961,365,311,2797,3506,1742,3371,24690,17254,5324,974,15393,4,0
2021-04-03T23:59:59+02:00,717,1023,1127,2147,1316,3405,1793,4724,2431,3536,2119,1843,5874,7219,2051,4070,249,220,314,531,343,962,436,1514,609,961,365,311,2797,3506,1742,3371,24684,17253,5320,974,15391,4,0
2021-04-02T23:59:59+02:00,717,1022,1127,2147,1312,3404,1791,4718,2429,3534,2108,1833,5866,7203,2047,4059,249,219,314,529,343,962,435,1512,608,954,363,311,2797,3505,1742,3371,24616,17236,5316,974,15385,4,0
2021-04-01T23:59:59+02:00,713,1010,1102,2127,1199,3298,1714,4664,2168,3329,1345,1206,5697,7024,2039,4035,245,218,314,528,342,960,434,1510,607,953,361,309,2797,3505,1742,3367,24510,17224,2812,964,15348,4,0
2021-03-31T23:59:59+02:00,711,1009,1099,2123,1194,3290,1702,4658,2150,3316,1319,1171,5669,6969,1999,3942,244,218,314,527,341,960,434,1509,606,951,358,307,2793,3504,1741,3366,24192,17213,2798,956,15331,4,0
2021-03-30T23:59:59+02:00,708,1001,1094,2118,1187,3285,1693,4644,2140,3302,1267,1124,5587,6828,1959,3808,244,217,314,526,338,956,429,1507,600,940,344,296,2666,3318,1647,3175,23666,16598,2776,915,15303,4,0
2021-03-29T23:59:59+02:00,706,999,1089,2110,1178,3278,1686,4630,2126,3290,1230,1089,5524,6727,1909,3690,244,216,313,525,335,954,426,1503,597,935,335,289,2385,2974,1482,2878,23221,15474,2753,913,15287,4,0
2021-03-28T23:59:59+02:00,706,995,1087,2105,1174,3270,1683,4621,2123,3286,1214,1077,5514,6706,1899,3660,242,216,311,521,329,951,424,1495,593,921,330,280,2380,2962,1481,2876,23115,15448,2735,860,15270,4,0
2021-03-27T23:59:59+01:00,647,923,1010,2032,1088,3155,1561,4507,2029,3209,1147,1004,4919,5984,1899,3660,240,215,311,521,329,951,419,1492,591,919,330,280,2379,2961,1481,2876,23100,15432,2731,860,12943,3,0
2021-03-26T23:59:59+01:00,642,916,1004,2023,1087,3150,1550,4499,2009,3201,1102,974,4895,5951,1898,3656,239,212,310,519,327,950,417,1491,587,912,320,275,1872,2266,1171,2315,22907,13326,2722,854,12928,3,0
2021-03-25T23:59:59+01:00,639,910,991,2011,1085,3145,1543,4488,1996,3191,1092,963,4888,5947,1898,3655,238,209,309,518,325,943,414,1486,583,902,315,271,1769,2132,1143,2256,22861,12979,2713,831,12868,3,0
2021-03-24T23:59:59+01:00,637,905,977,1996,1074,3133,1514,4472,1985,3180,1057,932,4863,5916,1893,3650,238,209,308,516,322,939,410,1479,573,886,300,260,1407,1699,1024,2042,22721,11840,2688,769,12775,3,0
2021-03-23T23:59:59+01:00,634,896,973,1986,1068,3122,1508,4459,1975,3176,1045,922,4845,5900,1893,3648,237,209,306,513,315,936,409,1479,568,882,293,253,1139,1397,941,1903,22647,11029,2679,748,12724,3,0
2021-03-22T23:59:59+01:00,633,885,970,1977,1064,3112,1498,4445,1964,3168,1042,919,4840,5899,1893,3648,235,209,305,511,314,935,406,1476,565,878,289,249,1137,1394,941,1901,22625,11013,2664,729,12668,3,0
2021-03-21T23:59:59+01:00,631,879,967,1971,1061,3106,1493,4435,1957,3161,1039,918,4840,5898,1893,3648,235,209,305,509,313,931,406,1471,558,876,280,245,1132,1389,941,1901,22623,11012,2650,686,12624,3,0
2021-03-20T23:59:59+01:00,626,868,961,1957,1046,3091,1466,4416,1920,3130,929,818,4291,5276,1849,3568,235,209,305,509,313,931,406,1471,558,876,280,245,1132,1389,940,1900,20958,11010,2650,686,12604,3,0
2021-03-19T23:59:59+01:00,616,858,941,1927,1023,3076,1430,4393,1893,3094,802,727,3652,4450,1808,3492,232,209,304,509,312,928,404,1469,553,870,278,244,1111,1369,917,1867,18978,10989,2639,584,12565,3,0
2021-03-18T23:59:59+01:00,601,838,925,1908,1000,3050,1394,4350,1848,3046,677,636,3165,3941,1788,3465,227,207,300,504,310,920,401,1463,551,864,274,239,992,1248,822,1702,18903,10611,1241,410,12488,3,0
2021-03-17T23:59:59+01:00,599,826,914,1888,989,3034,1371,4328,1830,3030,648,612,3080,3850,1783,3460,225,206,298,502,307,919,394,1458,548,859,271,235,698,916,572,1314,18598,9689,1203,33,12441,0,0
2021-03-16T23:59:59+01:00,596,811,901,1872,973,3020,1353,4314,1803,3015,623,598,3032,3776,1782,3456,225,206,297,502,306,917,391,1456,544,854,266,231,425,645,409,1039,18393,8686,1164,27,12368,0,0
2021-03-15T23:59:59+01:00,596,797,897,1856,965,2999,1347,4309,1793,3004,617,596,3031,3775,1782,3456,224,206,296,501,305,917,390,1455,542,854,266,231,425,644,408,1039,18380,8679,1142,24,12298,0,0
2021-03-14T23:59:59+01:00,595,791,890,1843,959,2995,1337,4295,1781,2993,614,592,3026,3772,1782,3456,224,206,295,501,304,915,388,1453,542,854,266,231,425,644,408,1039,18375,8677,1115,18,12231,0,0
2021-03-13T23:59:59+01:00,569,718,782,1578,833,2601,1131,3726,1507,2606,548,508,2928,3658,1781,3455,224,206,295,501,304,915,388,1453,542,854,266,231,425,644,408,1039,18371,8677,1115,18,9443,0,0
2021-03-12T23:59:59+01:00,550,610,715,1307,738,2173,950,3024,1211,2006,473,434,2891,3618,1781,3455,224,205,295,501,304,913,387,1452,542,853,266,230,401,613,369,985,18349,8522,1114,18,6473,0,0
2021-03-11T23:59:59+01:00,525,568,682,1237,690,2062,892,2870,1113,1899,441,391,2879,3610,1780,3455,224,205,294,499,303,912,387,1449,541,853,266,229,382,590,327,947,18165,8393,1066,15,5863,0,0
2021-03-10T23:59:59+01:00,510,555,643,1200,651,2031,852,2831,1078,1873,424,378,2866,3592,1779,3451,219,202,291,492,303,912,382,1441,536,847,262,223,214,449,145,723,17888,7632,1046,9,5780,0,0
2021-03-09T23:59:59+01:00,490,537,614,1172,632,2011,830,2803,1058,1850,405,361,2747,3416,1682,3254,219,202,289,490,302,911,381,1438,536,844,260,222,214,448,145,723,17129,7624,1031,0,5702,0,0
2021-03-08T23:59:59+01:00,475,510,594,1144,613,1991,814,2782,1039,1821,381,334,2459,3063,1514,2956,219,201,289,488,301,906,381,1433,536,842,259,220,214,447,145,723,15885,7604,1003,0,5602,0,0
2021-03-07T23:59:59+01:00,473,505,586,1128,603,1983,811,2768,1035,1814,380,332,2454,3055,1513,2955,219,201,289,487,301,904,381,1430,536,842,259,220,214,447,145,723,15859,7598,994,0,5542,0,0
2021-03-06T23:59:59+01:00,473,500,582,1117,600,1982,805,2759,1030,1809,380,332,2454,3055,1513,2955,219,201,289,487,301,904,381,1430,536,841,258,220,214,447,145,723,15851,7596,994,0,5501,0,0
2021-03-05T23:59:59+01:00,467,483,575,1104,595,1975,800,2751,1023,1801,365,323,1915,2326,1197,2362,216,196,285,487,298,903,379,1427,534,837,258,220,214,447,145,723,13615,7569,994,0,5453,0,0
2021-03-04T23:59:59+01:00,456,450,547,1073,576,1912,773,2696,1002,1760,361,318,1812,2194,1168,2303,205,189,277,478,297,896,377,1413,532,834,257,220,214,447,145,723,13261,7504,988,0,5152,0,0
2021-03-03T23:59:59+01:00,453,440,537,1043,559,1876,749,2648,986,1729,353,313,1452,1760,1046,2084,204,188,276,477,296,895,373,1405,531,828,255,218,213,444,143,720,12103,7466,979,0,4946,0,0
2021-03-02T23:59:59+01:00,449,431,530,1012,545,1854,740,2625,976,1712,344,303,1173,1453,960,1944,204,186,275,465,293,890,373,1395,531,823,255,218,213,444,143,720,11279,7428,944,0,4828,0,0
2021-03-01T23:59:59+01:00,447,423,520,985,526,1828,728,2597,969,1697,340,298,1171,1447,960,1941,203,183,275,456,290,879,371,1380,529,819,253,216,212,443,143,720,11261,7372,908,0,4708,0,0
2021-02-28T23:59:59+01:00,444,419,516,976,522,1817,725,2587,963,1683,337,294,1171,1445,960,1941,202,182,275,456,290,878,371,1380,528,819,253,216,212,443,143,720,11261,7368,881,0,4658,0,0
2021-02-27T23:59:59+01:00,443,415,511,970,520,1812,722,2578,960,1681,336,293,1171,1445,959,1941,202,182,275,456,290,878,370,1380,528,819,253,216,212,443,143,720,11260,7367,881,0,4616,0,0
2021-02-26T23:59:59+01:00,392,361,434,786,448,1471,583,2149,789,1381,325,283,1171,1442,959,1941,202,180,275,453,288,867,368,1375,526,816,253,216,212,443,143,720,11249,7337,870,0,2796,0,0
2021-02-25T23:59:59+01:00,372,350,422,763,436,1435,569,2105,772,1347,316,276,1078,1342,897,1829,148,166,258,447,279,855,358,1360,521,812,253,214,212,443,143,720,10847,7189,840,0,2622,0,0
2021-02-24T23:59:59+01:00,367,342,416,746,430,1397,552,2052,750,1311,308,265,846,1082,736,1552,148,160,257,441,275,846,357,1346,514,806,250,212,211,442,142,718,9906,7125,798,0,2448,0,0
2021-02-23T23:59:59+01:00,363,329,408,731,420,1375,542,2015,733,1295,296,256,567,798,570,1282,148,159,256,439,273,839,357,1337,513,802,249,211,210,442,140,717,8896,7092,754,0,2330,0,0
2021-02-22T23:59:59+01:00,363,326,407,724,419,1368,537,2006,729,1291,296,253,566,796,570,1281,148,153,251,429,270,821,354,1313,508,796,246,210,210,442,140,717,8891,7008,742,0,2299,0,0
2021-02-21T23:59:59+01:00,360,325,404,719,417,1361,535,1996,722,1288,287,249,561,791,569,1281,148,152,250,429,269,819,351,1310,501,793,245,209,209,441,139,708,8887,6973,701,0,2277,0,0
2021-02-20T23:59:59+01:00,360,322,404,717,417,1352,534,1987,720,1285,287,249,561,791,569,1281,148,152,250,429,269,819,350,1310,501,793,245,209,209,441,139,708,8887,6972,701,0,2248,0,0
2021-02-19T23:59:59+01:00,313,291,371,632,380,1179,471,1766,613,1091,284,243,516,738,507,1190,148,152,250,429,268,819,350,1310,501,793,245,209,209,441,139,708,8660,6971,595,0,1330,0,0
2021-02-18T23:59:59+01:00,311,285,363,621,368,1160,458,1749,605,1085,284,241,447,669,415,1081,145,148,245,424,262,813,347,1301,498,792,243,208,209,441,139,708,8478,6923,418,0,1246,0,0
2021-02-17T23:59:59+01:00,304,279,352,608,359,1150,437,1732,598,1076,279,234,218,461,149,739,136,133,242,420,257,795,341,1285,492,785,239,206,208,441,139,708,7752,6827,31,0,1192,0,0
2021-02-16T23:59:59+01:00,300,277,342,605,350,1141,429,1719,594,1070,276,231,217,460,149,739,102,117,224,395,246,767,325,1244,460,749,219,191,200,426,138,701,7744,6504,27,0,1128,0,0
2021-02-15T23:59:59+01:00,298,276,340,601,348,1133,428,1709,590,1065,276,231,217,459,148,739,101,115,220,384,237,753,316,1215,443,728,208,184,188,397,131,652,7736,6272,24,0,1098,0,0
2021-02-14T23:59:59+01:00,296,272,335,600,344,1124,424,1703,587,1062,276,231,217,459,148,739,97,113,213,378,234,745,310,1199,440,718,207,181,188,386,131,643,7726,6183,19,0,1072,0,0
2021-02-13T23:59:59+01:00,296,272,335,600,344,1124,423,1703,587,1061,275,231,217,459,148,739,97,113,213,378,234,745,310,1199,440,718,207,181,188,386,131,643,7724,6183,19,0,1071,0,0
2021-02-12T23:59:59+01:00,225,207,296,509,313,928,392,1460,551,858,268,228,217,459,148,739,94,112,210,377,231,742,304,1194,437,714,205,180,188,386,131,643,7712,6148,19,0,67,0,0
2021-02-11T23:59:59+01:00,222,205,291,497,307,913,386,1442,543,851,268,228,217,459,148,739,93,106,197,347,220,703,284,1136,422,676,204,177,188,381,131,640,7672,5905,16,0,28,0,0
2021-02-10T23:59:59+01:00,219,198,287,492,303,910,379,1431,541,843,266,226,215,457,148,738,86,99,181,317,207,642,268,1049,399,632,194,162,173,349,119,597,7630,5474,10,0,13,0,0
2021-02-09T23:59:59+01:00,212,191,285,481,302,903,379,1419,539,836,263,225,215,456,148,738,75,79,142,251,175,536,234,845,339,517,177,134,153,313,110,531,7584,4611,2,0,6,0,0
2021-02-08T23:59:59+01:00,207,184,282,470,298,891,375,1401,534,830,259,221,214,454,146,735,43,58,101,157,127,289,168,461,244,344,154,109,124,260,89,434,7493,3162,2,0,6,0,0
2021-02-07T23:59:59+01:00,205,182,279,469,297,889,374,1399,533,830,258,220,214,454,146,735,25,48,84,136,122,268,157,428,229,318,146,104,116,248,84,401,7483,2914,1,0,0,0,0
2021-02-06T23:59:59+01:00,205,182,279,469,297,889,374,1399,533,830,258,220,214,454,146,735,25,45,81,133,111,254,148,410,196,295,133,104,115,243,83,390,7483,2766,1,0,0,0,0
2021-02-05T23:59:59+01:00,205,180,279,466,296,875,371,1394,530,827,258,219,214,454,146,734,24,40,77,125,105,240,141,384,184,277,126,100,112,237,76,374,7447,2622,1,0,0,0,0
2021-02-04T23:59:59+01:00,196,175,279,462,290,864,368,1382,521,821,257,217,213,453,146,732,14,25,51,85,81,183,116,293,152,226,111,90,101,219,68,334,7376,2149,0,0,0,0,0
2021-02-03T23:59:59+01:00,178,169,272,456,286,860,366,1371,521,820,256,217,213,453,146,731,14,23,44,71,74,148,92,266,133,189,90,76,87,187,62,293,7315,1849,0,0,0,0,0
2021-02-02T23:59:59+01:00,155,163,262,453,282,852,362,1361,520,817,255,217,212,453,145,730,13,20,35,65,63,126,74,217,105,143,59,55,62,119,40,189,7239,1385,0,0,0,0,0
2021-02-01T23:59:59+01:00,150,156,256,439,279,834,361,1336,514,807,251,215,212,453,145,730,7,13,17,35,38,72,42,108,58,61,24,28,28,48,22,97,7138,698,0,0,0,0,0
2021-01-31T23:59:59+01:00,149,153,253,437,278,830,359,1331,510,805,251,212,211,452,145,730,5,9,14,22,31,52,29,59,37,38,12,9,13,29,17,59,7106,435,0,0,0,0,0
2021-01-30T23:59:59+01:00,149,153,253,437,278,828,358,1331,510,805,251,212,211,452,145,730,5,9,12,18,28,46,24,50,34,37,12,9,13,29,17,59,7103,402,0,0,0,0,0
2021-01-29T23:59:59+01:00,149,153,253,437,277,828,358,1331,510,805,251,212,211,452,145,730,4,8,8,17,26,37,19,42,30,34,12,9,12,27,17,59,7102,361,0,0,0,0,0
2021-01-28T23:59:59+01:00,147,150,249,429,272,824,356,1323,506,804,251,212,211,452,145,730,1,3,2,7,15,15,11,20,12,18,8,5,6,15,4,23,7061,165,0,0,0,0,0
2021-01-27T23:59:59+01:00,138,140,248,425,268,815,352,1315,500,799,246,210,210,451,145,730,0,0,1,3,11,11,8,15,10,13,7,5,6,15,4,23,6992,132,0,0,0,0,0
2021-01-26T23:59:59+01:00,106,124,232,412,260,787,340,1278,475,768,226,198,202,437,145,722,0,0,1,3,11,11,8,15,10,13,7,5,6,15,4,23,6712,132,0,0,0,0,0
2021-01-25T23:59:59+01:00,103,117,229,392,245,767,328,1243,454,747,213,189,192,411,140,674,0,0,1,3,11,8,7,9,7,9,7,5,6,15,4,23,6444,115,0,0,0,0,0
2021-01-24T23:59:59+01:00,103,115,225,386,244,763,325,1227,452,736,212,186,192,400,140,664,0,0,1,3,11,8,7,9,7,9,7,5,6,15,4,23,6370,115,0,0,0,0,0
2021-01-23T23:59:59+01:00,103,115,225,386,244,763,325,1227,452,736,212,186,192,400,140,664,0,0,1,3,11,8,7,9,7,9,7,5,6,15,4,23,6370,115,0,0,0,0,0
2021-01-22T23:59:59+01:00,103,114,223,384,244,760,321,1223,448,732,210,185,192,400,140,664,0,0,1,3,11,8,7,9,7,9,7,5,6,15,4,23,6343,115,0,0,0,0,0
2021-01-21T23:59:59+01:00,103,108,207,352,234,720,297,1166,435,707,209,181,191,394,139,661,0,0,1,1,9,7,6,7,6,8,7,5,6,15,4,23,6104,105,0,0,0,0,0
2021-01-20T23:59:59+01:00,95,102,193,327,221,653,283,1070,408,658,199,169,175,362,128,618,0,0,1,1,9,7,6,7,6,8,7,5,6,15,4,23,5661,105,0,0,0,0,0
2021-01-19T23:59:59+01:00,85,88,155,278,199,589,259,936,364,561,183,141,155,319,115,543,0,0,1,1,3,7,5,6,4,6,6,4,6,15,4,23,4970,91,0,0,0,0,0
2021-01-18T23:59:59+01:00,72,77,130,231,179,478,227,776,327,481,167,122,131,270,95,461,0,0,0,1,2,3,2,1,2,5,5,4,6,15,4,21,4224,71,0,0,0,0,0
2021-01-17T23:59:59+01:00,46,59,107,202,166,413,209,684,300,428,157,114,119,252,81,405,0,0,0,0,2,3,1,1,2,4,5,4,6,15,4,21,3742,68,0,0,0,0,0
2021-01-16T23:59:59+01:00,39,56,106,199,154,397,197,661,267,405,144,114,118,247,80,394,0,0,0,0,0,0,0,0,0,0,0,0,0,0,0,0,3578,0,0,0,0,0,0
2021-01-15T23:59:59+01:00,37,52,102,191,143,383,190,631,252,385,137,106,114,240,73,378,0,0,0,0,0,0,0,0,0,0,0,0,0,0,0,0,3414,0,0,0,0,0,0
2021-01-14T23:59:59+01:00,13,29,52,84,84,177,119,292,150,225,117,92,100,221,64,338,0,0,0,0,0,0,0,0,0,0,0,0,0,0,0,0,2157,0,0,0,0,0,0
2021-01-13T23:59:59+01:00,12,25,41,70,77,142,96,266,124,190,87,73,79,178,53,269,0,0,0,0,0,0,0,0,0,0,0,0,0,0,0,0,1782,0,0,0,0,0,0
2021-01-12T23:59:59+01:00,12,20,37,64,65,118,78,213,97,139,54,49,52,103,28,156,0,0,0,0,0,0,0,0,0,0,0,0,0,0,0,0,1285,0,0,0,0,0,0
2021-01-11T23:59:59+01:00,5,15,25,44,43,84,52,131,58,68,24,25,23,39,13,68,0,0,0,0,0,0,0,0,0,0,0,0,0,0,0,0,717,0,0,0,0,0,0
2021-01-10T23:59:59+01:00,2,10,21,28,36,60,33,80,36,40,9,6,7,19,8,29,0,0,0,0,0,0,0,0,0,0,0,0,0,0,0,0,424,0,0,0,0,0,0
2021-01-09T23:59:59+01:00,2,9,19,25,34,56,29,70,34,39,9,6,7,19,8,29,0,0,0,0,0,0,0,0,0,0,0,0,0,0,0,0,395,0,0,0,0,0,0
2021-01-08T23:59:59+01:00,1,8,17,23,31,47,23,59,30,37,8,6,6,17,8,29,0,0,0,0,0,0,0,0,0,0,0,0,0,0,0,0,350,0,0,0,0,0,0
2021-01-07T23:59:59+01:00,1,3,2,9,16,15,12,20,14,19,8,6,6,16,6,24,0,0,0,0,0,0,0,0,0,0,0,0,0,0,0,0,177,0,0,0,0,0,0
2021-01-06T23:59:59+01:00,1,0,2,3,14,12,8,15,12,14,8,6,6,16,6,24,0,0,0,0,0,0,0,0,0,0,0,0,0,0,0,0,147,0,0,0,0,0,0
2021-01-05T23:59:59+01:00,0,0,1,3,12,11,8,15,11,14,7,6,6,16,6,24,0,0,0,0,0,0,0,0,0,0,0,0,0,0,0,0,140,0,0,0,0,0,0
2021-01-04T23:59:59+01:00,0,0,1,3,12,10,7,11,9,12,7,6,6,16,6,24,0,0,0,0,0,0,0,0,0,0,0,0,0,0,0,0,130,0,0,0,0,0,0
2021-01-03T23:59:59+01:00,0,0,1,3,11,8,7,9,7,9,7,6,6,16,6,24,0,0,0,0,0,0,0,0,0,0,0,0,0,0,0,0,120,0,0,0,0,0,0
2021-01-02T23:59:59+01:00,0,0,1,3,11,8,7,9,7,9,7,6,6,16,6,24,0,0,0,0,0,0,0,0,0,0,0,0,0,0,0,0,120,0,0,0,0,0,0
2021-01-01T23:59:59+01:00,0,0,1,3,11,8,7,9,7,9,7,6,6,16,6,24,0,0,0,0,0,0,0,0,0,0,0,0,0,0,0,0,120,0,0,0,0,0,0
2020-12-31T23:59:59+01:00,0,0,1,3,11,8,7,9,7,9,7,6,6,16,6,24,0,0,0,0,0,0,0,0,0,0,0,0,0,0,0,0,120,0,0,0,0,0,0
2020-12-30T23:59:59+01:00,0,0,1,3,11,8,7,9,7,9,7,6,6,16,6,24,0,0,0,0,0,0,0,0,0,0,0,0,0,0,0,0,120,0,0,0,0,0,0
2020-12-29T23:59:59+01:00,0,0,1,3,8,8,6,9,6,7,7,6,6,16,6,24,0,0,0,0,0,0,0,0,0,0,0,0,0,0,0,0,113,0,0,0,0,0,0
2020-12-28T23:59:59+01:00,0,0,1,1,5,5,6,2,4,6,7,6,6,16,6,24,0,0,0,0,0,0,0,0,0,0,0,0,0,0,0,0,95,0,0,0,0,0,0
2020-12-27T23:59:59+01:00,0,0,0,0,2,3,1,1,2,4,5,5,6,15,6,24,0,0,0,0,0,0,0,0,0,0,0,0,0,0,0,0,74,0,0,0,0,0,0
