Datum,<15_m,<15_w,15-24_1_m,15-24_1_w,25-34_1_m,25-34_1_w,35-44_1_m,35-44_1_w,45-54_1_m,45-54_1_w,55-64_1_m,55-64_1_w,65-74_1_m,65-74_1_w,75-84_1_m,75-84_1_w,>84_1_m,>84_1_w,<24_2_m,<24_2_w,25-34_2_m,25-34_2_w,35-44_2_m,35-44_2_w,45-54_2_m,45-54_2_w,55-64_2_m,55-64_2_w,65-74_2_m,65-74_2_w,75-84_2_m,75-84_2_w,>84_2_m,>84_2_w,bp_1,bp_2,mo_1,mo_2,az_1,az_2,ja,unb_1,unb_2
2021-09-07T23:59:59+02:00,1545,1415,9404,8842,10502,9773,13008,13419,17122,17512,20385,20427,16251,16962,9006,10980,2828,5448,8741,8268,10052,9233,12550,12836,16581,16911,19876,19854,15945,16611,8823,10718,2774,5320,146620,140665,19756,19204,27865,27014,10581,7,6
2021-09-06T23:59:59+02:00,1532,1403,9380,8819,10482,9752,13000,13405,17113,17498,20376,20410,16249,16959,9006,10980,2827,5448,8735,8258,10044,9226,12545,12828,16575,16907,19872,19848,15943,16611,8821,10716,2774,5320,146449,140612,19755,19201,27863,27013,10565,7,6
2021-09-05T23:59:59+02:00,1528,1400,9372,8807,10473,9747,12995,13399,17110,17492,20371,20408,16246,16956,9006,10979,2827,5448,8729,8252,10037,9216,12540,12822,16569,16902,19864,19845,15941,16609,8821,10715,2774,5320,146398,140561,19754,19201,27863,27010,10542,7,6
2021-09-04T23:59:59+02:00,1527,1400,9371,8805,10472,9747,12994,13398,17110,17492,20369,20406,16246,16956,9006,10979,2827,5448,8729,8252,10036,9215,12539,12822,16568,16901,19863,19845,15941,16609,8821,10715,2774,5320,146392,140556,19751,19201,27863,27010,10540,7,6
2021-09-03T23:59:59+02:00,1517,1388,9350,8787,10459,9737,12990,13388,17095,17481,20357,20396,16242,16951,9005,10974,2827,5445,8713,8242,10025,9209,12532,12815,16552,16891,19860,19837,15937,16603,8820,10711,2774,5317,146294,140507,19748,19200,27863,27010,10477,7,6
2021-09-02T23:59:59+02:00,1506,1379,9297,8757,10402,9686,12919,13332,17047,17443,20297,20355,16210,16924,8995,10963,2826,5440,8668,8219,9967,9164,12464,12766,16509,16858,19799,19797,15905,16580,8813,10703,2774,5313,146176,140452,19746,19196,27862,27008,9987,7,6
2021-09-01T23:59:59+02:00,1502,1363,9279,8744,10385,9677,12907,13320,17037,17430,20289,20353,16207,16919,8988,10960,2826,5439,8650,8198,9953,9148,12453,12755,16498,16847,19785,19788,15902,16576,8811,10699,2774,5312,146073,140325,19735,19194,27862,27007,9948,7,6
2021-08-31T23:59:59+02:00,1485,1345,9263,8714,10375,9664,12897,13313,17032,17418,20282,20345,16202,16915,8986,10955,2826,5439,8634,8182,9947,9136,12438,12743,16487,16842,19783,19782,15898,16574,8810,10696,2774,5312,145915,140204,19734,19191,27862,27004,9938,7,6
2021-08-30T23:59:59+02:00,1464,1328,9242,8691,10361,9648,12885,13298,17020,17400,20270,20337,16199,16912,8984,10953,2826,5438,8605,8169,9933,9125,12426,12727,16474,16827,19774,19776,15895,16568,8808,10691,2772,5310,145750,140073,19734,19186,27859,26995,9906,7,6
2021-08-29T23:59:59+02:00,1463,1327,9239,8685,10355,9639,12882,13293,17011,17395,20266,20332,16196,16908,8984,10953,2826,5437,8602,8162,9924,9115,12421,12721,16466,16823,19770,19773,15892,16562,8807,10691,2772,5309,145731,140054,19734,19184,27859,26989,9860,7,6
2021-08-28T23:59:59+02:00,1462,1327,9236,8681,10355,9638,12881,13292,17011,17394,20266,20331,16196,16908,8984,10953,2826,5437,8598,8162,9922,9115,12420,12720,16466,16822,19770,19772,15892,16562,8807,10691,2772,5309,145723,140048,19734,19182,27859,26989,9855,7,6
2021-08-27T23:59:59+02:00,1452,1316,9224,8673,10350,9632,12878,13290,17008,17388,20261,20326,16195,16906,8983,10953,2826,5437,8590,8155,9919,9109,12414,12718,16463,16815,19769,19771,15891,16561,8806,10690,2772,5309,145648,140001,19734,19180,27859,26984,9850,7,6
2021-08-26T23:59:59+02:00,1449,1315,9216,8669,10345,9626,12869,13289,17005,17386,20259,20321,16192,16903,8980,10948,2825,5437,8580,8143,9913,9104,12406,12715,16458,16813,19767,19766,15888,16557,8803,10687,2771,5309,145626,139971,19732,19180,27859,26978,9810,7,6
2021-08-25T23:59:59+02:00,1436,1291,9118,8613,10263,9556,12783,13215,16887,17302,20166,20267,16147,16865,8965,10928,2820,5426,8498,8090,9835,9044,12318,12651,16355,16740,19681,19714,15844,16518,8789,10668,2766,5296,145391,139832,19731,19179,27859,26976,9060,7,6
2021-08-24T23:59:59+02:00,1417,1266,9086,8583,10250,9537,12755,13186,16857,17266,20152,20251,16132,16855,8960,10922,2820,5423,8474,8076,9819,9032,12303,12640,16343,16725,19673,19704,15838,16515,8789,10666,2766,5295,145105,139714,19729,19176,27859,26976,9018,7,6
2021-08-23T23:59:59+02:00,1399,1241,9047,8545,10237,9519,12724,13166,16838,17248,20139,20227,16123,16843,8949,10916,2819,5418,8450,8060,9794,9014,12290,12634,16330,16716,19663,19688,15834,16508,8786,10661,2765,5292,144851,139623,19729,19175,27859,26955,8952,7,6
2021-08-22T23:59:59+02:00,1399,1241,9037,8540,10230,9513,12723,13162,16835,17242,20136,20224,16120,16840,8945,10916,2819,5417,8434,8053,9787,9002,12286,12629,16327,16709,19661,19684,15831,16504,8782,10659,2765,5291,144838,139592,19729,19172,27859,26952,8906,7,6
2021-08-21T23:59:59+02:00,1399,1240,9032,8540,10229,9510,12720,13161,16834,17242,20135,20223,16120,16840,8945,10916,2819,5417,8311,7972,9683,8909,12198,12519,16238,16638,19606,19641,15811,16490,8780,10648,2764,5289,144832,139588,19726,18274,27859,26951,8898,7,6
2021-08-20T23:59:59+02:00,1398,1238,9024,8538,10222,9502,12713,13151,16831,17240,20128,20219,16119,16840,8945,10914,2818,5416,7952,7648,9532,8748,12053,12380,16117,16530,19498,19545,15772,16441,8768,10624,2762,5288,144801,137497,19726,18274,27859,26950,8863,7,6
2021-08-19T23:59:59+02:00,1393,1236,9013,8532,10215,9492,12704,13146,16826,17239,20123,20217,16118,16838,8945,10913,2818,5415,7695,7382,9401,8643,11911,12262,16026,16424,19402,19458,15730,16394,8758,10606,2761,5280,144760,135783,19723,18268,27858,26941,8835,7,6
2021-08-18T23:59:59+02:00,1368,1204,8967,8494,10188,9463,12678,13112,16797,17216,20096,20188,16105,16824,8939,10907,2814,5410,7681,7372,9389,8635,11898,12246,16012,16415,19394,19450,15724,16387,8754,10602,2758,5277,144454,135735,19710,18267,27855,26940,8744,7,6
2021-08-17T23:59:59+02:00,1343,1191,8930,8461,10173,9442,12665,13088,16783,17196,20075,20166,16097,16815,8937,10900,2812,5405,7666,7357,9372,8628,11889,12237,16005,16404,19383,19444,15719,16382,8753,10600,2757,5275,144219,135668,19707,18262,27854,26934,8692,7,6
2021-08-16T23:59:59+02:00,1320,1173,8893,8436,10153,9422,12641,13064,16773,17179,20055,20151,16092,16803,8933,10899,2812,5405,7659,7346,9356,8626,11879,12231,16003,16399,19374,19437,15716,16379,8753,10600,2757,5275,143986,135632,19705,18258,27854,26932,8652,7,6
2021-08-15T23:59:59+02:00,1302,1157,8872,8417,10141,9406,12625,13052,16761,17169,20041,20140,16086,16797,8933,10894,2812,5405,7647,7336,9341,8611,11866,12221,15996,16391,19368,19433,15709,16375,8752,10597,2757,5275,143837,135581,19705,18254,27853,26913,8608,7,6
2021-08-14T23:59:59+02:00,1301,1157,8872,8417,10140,9406,12624,13050,16761,17168,20040,20138,16086,16797,8933,10894,2812,5405,7330,7044,9197,8445,11691,12058,15878,16261,19274,19347,15683,16352,8743,10584,2757,5271,143831,133596,19705,18252,27853,26906,8605,7,6
2021-08-13T23:59:59+02:00,1296,1155,8859,8407,10129,9398,12612,13041,16746,17159,20032,20130,16082,16791,8931,10893,2811,5405,6946,6687,9025,8286,11486,11845,15662,16081,19134,19225,15650,16313,8732,10570,2755,5267,143801,131136,19705,18252,27853,26903,8511,7,6
2021-08-12T23:59:59+02:00,1296,1155,8858,8403,10122,9392,12608,13040,16740,17150,20028,20125,16081,16787,8929,10891,2811,5405,6940,6680,9012,8278,11475,11843,15651,16074,19130,19219,15648,16308,8730,10569,2755,5267,143784,131105,19704,18249,27853,26885,8473,7,6
2021-08-11T23:59:59+02:00,1293,1151,8855,8397,10112,9387,12600,13036,16737,17146,20023,20123,16079,16784,8928,10891,2811,5404,6934,6670,8997,8268,11464,11839,15647,16067,19122,19213,15644,16305,8729,10569,2755,5265,143740,131046,19701,18242,27853,26872,8456,7,6
2021-08-10T23:59:59+02:00,1292,1151,8851,8395,10107,9382,12598,13032,16736,17144,20022,20118,16078,16782,8928,10890,2811,5404,6889,6626,8966,8253,11445,11818,15622,16055,19115,19203,15642,16303,8729,10567,2755,5265,143714,130805,19701,18238,27853,26866,8446,7,6
2021-08-09T23:59:59+02:00,1292,1149,8844,8394,10102,9375,12597,13030,16729,17142,20016,20118,16076,16782,8927,10890,2811,5404,6870,6604,8946,8237,11433,11808,15606,16044,19109,19199,15639,16302,8727,10566,2755,5265,143688,130678,19701,18234,27851,26857,8431,7,6
2021-08-08T23:59:59+02:00,1292,1148,8841,8388,10100,9371,12588,13027,16724,17138,20014,20115,16074,16779,8926,10889,2810,5403,6867,6592,8929,8229,11417,11801,15599,16036,19107,19196,15636,16299,8726,10565,2754,5264,143677,130631,19700,18227,27851,26854,8392,7,6
2021-08-07T23:59:59+02:00,1292,1140,8832,8380,10089,9364,12586,13021,16717,17134,20008,20110,16070,16774,8924,10889,2809,5403,6215,6023,8657,8005,11147,11569,15400,15863,19023,19120,15616,16275,8719,10558,2751,5263,143630,127546,19699,18215,27851,26853,8355,7,6
2021-08-06T23:59:59+02:00,1286,1139,8822,8368,10075,9352,12566,13003,16699,17122,19991,20097,16063,16766,8924,10886,2809,5402,6201,6008,8642,7990,11123,11549,15378,15847,19006,19108,15609,16268,8719,10555,2751,5262,143592,127495,19697,18209,27851,26851,8223,7,6
2021-08-05T23:59:59+02:00,1283,1137,8815,8361,10066,9343,12553,12995,16693,17119,19984,20094,16062,16766,8924,10885,2809,5402,5916,5772,8293,7694,10762,11276,15058,15611,18757,18941,15590,16245,8709,10548,2750,5261,143546,127411,19693,15513,27847,26818,8198,7,6
2021-08-04T23:59:59+02:00,1282,1134,8809,8358,10061,9340,12546,12991,16688,17117,19982,20091,16061,16766,8923,10884,2809,5401,5902,5765,8265,7683,10743,11265,15042,15604,18752,18936,15588,16242,8708,10548,2749,5261,143515,127314,19692,15505,27846,26803,8183,7,6
2021-08-03T23:59:59+02:00,1275,1131,8805,8348,10056,9335,12541,12988,16683,17115,19977,20089,16059,16766,8922,10882,2809,5400,5789,5651,8172,7614,10626,11187,14993,15552,18723,18921,15584,16240,8707,10546,2747,5260,143470,126587,19690,15497,27846,26774,8168,7,6
2021-08-02T23:59:59+02:00,1269,1125,8792,8340,10048,9328,12536,12982,16678,17106,19970,20085,16057,16763,8920,10879,2808,5399,5620,5492,8040,7509,10502,11072,14923,15473,18691,18896,15576,16231,8701,10546,2747,5260,143390,125529,19684,15494,27845,26743,8159,7,6
2021-08-01T23:59:59+02:00,1267,1124,8785,8331,10041,9321,12530,12980,16673,17104,19965,20083,16057,16763,8919,10877,2808,5399,5560,5435,7989,7460,10440,11021,14888,15448,18678,18879,15574,16229,8699,10543,2747,5258,143345,125095,19681,15491,27844,26722,8150,7,6
2021-07-31T23:59:59+02:00,1267,1124,8784,8328,10041,9320,12528,12980,16672,17104,19964,20081,16057,16763,8919,10876,2808,5399,5535,5415,7973,7448,10424,11008,14875,15442,18675,18876,15573,16228,8699,10543,2747,5258,143342,124969,19680,15488,27844,26721,8142,7,6
2021-07-30T23:59:59+02:00,1136,1006,8555,8099,9948,9202,12447,12896,16593,17033,19905,20014,16025,16724,8913,10859,2807,5396,5244,5138,7835,7306,10236,10818,14738,15279,18612,18820,15548,16201,8686,10530,2743,5255,141893,123151,19678,15482,27844,26703,8136,7,6
2021-07-29T23:59:59+02:00,1129,998,8426,8010,9789,9104,12297,12795,16448,16939,19742,19904,15940,16657,8888,10840,2806,5389,4947,4905,7556,7112,9958,10616,14491,15107,18417,18703,15463,16128,8659,10509,2742,5245,141778,122047,19675,15440,27844,26677,6797,7,6
2021-07-28T23:59:59+02:00,1118,985,8396,7973,9775,9090,12276,12781,16431,16917,19722,19894,15933,16644,8881,10836,2806,5387,4526,4474,7237,6859,9641,10318,14256,14925,18360,18662,15448,16117,8654,10498,2742,5235,141539,119397,19673,15386,27842,26615,6784,7,6
2021-07-27T23:59:59+02:00,1108,977,8373,7958,9763,9083,12265,12772,16422,16912,19715,19881,15931,16638,8879,10833,2805,5385,4291,4226,7007,6660,9394,10042,14095,14765,18309,18599,15399,16071,8637,10482,2739,5229,141402,117382,19670,15385,27842,26592,6779,7,6
2021-07-26T23:59:59+02:00,1104,974,8359,7946,9756,9078,12259,12767,16415,16904,19708,19880,15928,16633,8877,10829,2804,5380,4183,4115,6905,6550,9269,9917,14014,14686,18264,18566,15388,16060,8627,10474,2736,5227,141324,116482,19666,15376,27831,26534,6773,7,6
2021-07-25T23:59:59+02:00,1103,973,8352,7942,9743,9074,12249,12764,16410,16899,19705,19879,15926,16633,8877,10829,2804,5380,4134,4062,6829,6499,9198,9863,13978,14653,18240,18552,15370,16047,8621,10468,2736,5225,141299,116039,19663,15360,27830,26513,6743,7,6
2021-07-24T23:59:59+02:00,1101,969,8263,7880,9669,8995,12182,12687,16343,16845,19665,19840,15905,16619,8874,10819,2804,5379,4091,4022,6771,6449,9120,9809,13914,14587,18208,18526,15359,16037,8613,10464,2736,5225,141280,115789,19001,15081,27830,26511,6721,7,6
2021-07-23T23:59:59+02:00,1074,944,8151,7791,9631,8960,12148,12658,16298,16810,19635,19821,15899,16613,8870,10815,2804,5379,3797,3735,6509,6238,8839,9523,13678,14411,18129,18469,15317,15993,8595,10445,2734,5219,140784,113533,19001,15057,27830,26505,6679,7,6
2021-07-22T23:59:59+02:00,983,858,7935,7562,9526,8870,12030,12563,16209,16723,19562,19736,15853,16573,8862,10800,2803,5373,3670,3608,6355,6146,8687,9393,13516,14270,18056,18402,15295,15969,8588,10436,2734,5218,139324,112389,19000,14985,27824,26412,6666,7,6
2021-07-21T23:59:59+02:00,963,844,7904,7522,9510,8859,12007,12540,16185,16707,19538,19715,15842,16566,8862,10795,2803,5373,3362,3338,6010,5889,8292,9010,13249,14036,17916,18276,15204,15888,8556,10406,2731,5206,139068,109582,18998,14914,27819,26313,6643,7,6
2021-07-20T23:59:59+02:00,962,843,7896,7517,9501,8856,12002,12538,16177,16706,19533,19711,15841,16565,8862,10794,2803,5373,3289,3285,5951,5835,8233,8949,13164,13992,17884,18262,15204,15888,8556,10404,2731,5206,139029,109194,18997,14899,27816,26181,6631,7,6
2021-07-19T23:59:59+02:00,961,843,7890,7517,9497,8850,11997,12536,16172,16700,19531,19711,15840,16562,8862,10792,2803,5372,3239,3250,5904,5796,8176,8905,13107,13965,17838,18250,15204,15886,8556,10402,2731,5205,138999,108926,18996,14883,27816,26056,6618,7,6
2021-07-18T23:59:59+02:00,960,842,7880,7508,9490,8844,11989,12532,16166,16695,19529,19710,15839,16560,8862,10792,2803,5372,3220,3233,5864,5765,8142,8877,13068,13949,17825,18247,15204,15885,8556,10402,2731,5204,138954,108739,18994,14850,27814,26047,6604,7,6
2021-07-17T23:59:59+02:00,844,723,7557,7217,9338,8675,11813,12371,16037,16556,19433,19615,15818,16539,8854,10779,2803,5369,3119,3124,5752,5672,8008,8722,12928,13824,17730,18171,15194,15867,8553,10395,2731,5204,136943,107563,18992,14846,27814,26043,6588,4,6
2021-07-16T23:59:59+02:00,687,571,7161,6892,9148,8518,11621,12161,15833,16380,19293,19488,15789,16502,8845,10765,2802,5367,3057,3063,5676,5608,7896,8618,12811,13690,17653,18097,15172,15851,8549,10393,2730,5204,134462,106674,18992,14841,27813,26037,6552,4,6
2021-07-15T23:59:59+02:00,685,571,7148,6884,9144,8517,11611,12157,15823,16373,19289,19482,15787,16500,8841,10763,2801,5358,3019,3028,5609,5567,7807,8566,12738,13650,17623,18076,15149,15837,8541,10386,2729,5195,134424,106445,18990,14686,27808,25916,6508,4,6
2021-07-14T23:59:59+02:00,683,570,7139,6876,9140,8515,11606,12153,15817,16370,19284,19477,15785,16497,8838,10760,2800,5354,2996,3016,5568,5536,7772,8544,12706,13634,17606,18065,15142,15834,8538,10382,2729,5191,134392,106294,18989,14653,27808,25876,6471,4,6
2021-07-13T23:59:59+02:00,678,567,7115,6859,9129,8499,11597,12139,15806,16350,19275,19470,15776,16493,8834,10750,2795,5346,2938,2965,5503,5468,7613,8410,12453,13416,17450,17936,15124,15823,8526,10369,2724,5180,134267,105077,18989,14600,27805,25840,6413,4,6
2021-07-12T23:59:59+02:00,672,560,7103,6844,9119,8488,11586,12130,15802,16338,19263,19466,15774,16489,8832,10750,2795,5343,2880,2912,5421,5393,7466,8296,12205,13205,17271,17792,15114,15818,8522,10362,2723,5180,134157,103844,18987,14549,27801,25791,6405,4,6
2021-07-11T23:59:59+02:00,671,559,7095,6841,9110,8479,11580,12122,15792,16335,19258,19461,15774,16486,8831,10748,2795,5343,2849,2877,5345,5317,7369,8208,12040,13050,17144,17660,15107,15807,8521,10359,2723,5180,134115,102958,18983,14499,27801,25750,6377,4,6
2021-07-10T23:59:59+02:00,498,402,6527,6292,8883,8295,11339,11928,15635,16204,19203,19412,15766,16476,8827,10743,2794,5342,2819,2843,5294,5274,7288,8127,11939,12950,17066,17593,15092,15791,8518,10349,2720,5178,131418,102264,18983,14497,27801,25742,6360,4,6
2021-07-09T23:59:59+02:00,487,395,6468,6264,8857,8258,11299,11899,15609,16191,19190,19396,15765,16473,8827,10740,2794,5342,2762,2776,5211,5206,7110,7951,11529,12651,16771,17387,15073,15764,8511,10344,2719,5176,131327,101244,18772,13638,27800,25728,6351,4,6
2021-07-08T23:59:59+02:00,482,393,6149,6001,8483,7967,10919,11590,15272,15945,18931,19223,15742,16449,8818,10733,2791,5341,2700,2726,5130,5132,6971,7860,11330,12509,16623,17264,15066,15756,8511,10342,2719,5175,131240,100386,15868,13472,27796,25654,6321,4,6
2021-07-07T23:59:59+02:00,480,389,6134,5988,8460,7951,10905,11573,15261,15935,18930,19218,15740,16446,8817,10731,2791,5339,2652,2671,5041,5074,6835,7767,11098,12329,16463,17131,15058,15750,8507,10337,2719,5175,131129,99366,15860,13353,27794,25606,6301,4,6
2021-07-06T23:59:59+02:00,453,368,6032,5895,8379,7885,10829,11504,15227,15895,18907,19202,15733,16436,8814,10729,2788,5337,2583,2601,4903,4960,6648,7634,10708,11917,16093,16756,15032,15717,8499,10330,2718,5171,130510,97212,15852,13270,27789,25546,6258,4,6
2021-07-05T23:59:59+02:00,412,334,5853,5723,8262,7789,10716,11389,15168,15828,18876,19170,15727,16428,8810,10724,2785,5336,2529,2526,4805,4863,6517,7498,10358,11601,15818,16452,15002,15687,8491,10315,2718,5166,129460,95426,15848,13206,27786,25492,6232,4,6
2021-07-04T23:59:59+02:00,392,304,5779,5645,8205,7734,10649,11333,15137,15797,18862,19151,15721,16425,8809,10722,2785,5334,2510,2495,4744,4817,6458,7448,10221,11492,15717,16380,14998,15681,8489,10314,2717,5166,128957,94861,15842,13139,27781,25456,6200,4,6
2021-07-03T23:59:59+02:00,387,302,5761,5637,8196,7725,10638,11330,15130,15791,18859,19149,15720,16425,8809,10722,2785,5334,2475,2464,4649,4788,6350,7423,10163,11447,15613,16294,14321,14972,8470,10289,2717,5166,128891,94747,15840,13137,27780,23540,6185,4,6
2021-07-02T23:59:59+02:00,343,264,5573,5486,8122,7650,10539,11233,15065,15735,18840,19143,15716,16421,8804,10720,2783,5331,2427,2416,4494,4709,6167,7349,10009,11291,15423,16091,13530,14054,8462,10274,2717,5165,127973,94184,15838,13093,27779,21135,6174,4,6
2021-07-01T23:59:59+02:00,282,210,5356,5306,7994,7539,10401,11108,14936,15640,18795,19118,15708,16414,8799,10714,2783,5330,2309,2295,4318,4536,5931,7100,9229,10608,14794,15621,13505,14026,8457,10269,2713,5163,126686,90694,15828,12998,27778,21051,6137,4,6
2021-06-30T23:59:59+02:00,152,121,4874,4830,7652,7264,10052,10770,14708,15462,18737,19074,15697,16403,8795,10706,2783,5327,2272,2249,4233,4467,5820,7004,9058,10486,14705,15544,13491,14018,8454,10266,2713,5161,123698,90099,15822,12824,27778,20919,6105,4,6
2021-06-29T23:59:59+02:00,116,100,4590,4548,7402,7046,9762,10471,14509,15272,18675,19013,15645,16353,8776,10691,2782,5322,2206,2167,4090,4330,5614,6825,8833,10260,14413,15322,13443,13969,8442,10242,2711,5148,121632,88658,15819,12672,27776,20847,5842,4,6
2021-06-28T23:59:59+02:00,100,79,4453,4403,7297,6935,9641,10342,14418,15165,18630,18971,15629,16337,8762,10680,2779,5320,2121,2040,3907,4124,5334,6483,8449,9749,13881,14786,13326,13879,8424,10218,2708,5136,120612,85454,15810,12590,27773,20782,5742,4,4
2021-06-27T23:59:59+02:00,95,77,4401,4354,7238,6879,9579,10288,14386,15132,18610,18954,15612,16325,8755,10673,2778,5315,2067,2005,3843,4078,5222,6370,8281,9622,13706,14674,13300,13860,8416,10209,2705,5134,120246,84665,15807,12555,27771,20651,5623,4,4
2021-06-26T23:59:59+02:00,82,75,4358,4326,7207,6852,9561,10267,14367,15117,18598,18941,15608,16318,8755,10673,2778,5315,1990,1913,3654,3919,5007,6113,7915,9167,13356,14377,13220,13803,8396,10181,2700,5125,120007,82025,15803,12555,27771,20645,5613,4,4
2021-06-25T23:59:59+02:00,70,62,4045,3999,6939,6613,9270,9974,14144,14929,18516,18885,15562,16272,8736,10654,2776,5308,1925,1829,3490,3800,4815,5882,7590,8753,13047,14042,13170,13747,8383,10156,2694,5119,117602,79678,15775,12524,27771,20640,5602,4,4
2021-06-24T23:59:59+02:00,63,55,3952,3907,6841,6527,9171,9882,14045,14844,18488,18852,15547,16256,8730,10647,2776,5307,1856,1753,3377,3704,4617,5740,7370,8557,12796,13843,12335,12819,8203,9892,2694,5118,116872,78465,15765,12419,27768,18311,5481,4,4
2021-06-23T23:59:59+02:00,49,50,3545,3529,6388,6178,8640,9372,13709,14542,18353,18716,15443,16164,8687,10611,2773,5293,1719,1578,3124,3502,4204,5412,6425,7847,12059,13142,12313,12807,8193,9885,2694,5114,113932,77840,15517,9095,27767,18263,4822,4,4
2021-06-22T23:59:59+02:00,40,42,3473,3458,6312,6119,8537,9295,13657,14496,18320,18699,15432,16157,8686,10606,2773,5290,1679,1524,3021,3400,4063,5262,6173,7663,11453,12440,12223,12715,8176,9852,2690,5106,113308,75521,15513,9014,27765,18105,4802,4,4
2021-06-21T23:59:59+02:00,34,39,3403,3397,6218,6065,8477,9223,13597,14452,18287,18679,15429,16155,8682,10603,2773,5289,1642,1473,2930,3303,3939,5112,5977,7437,10696,11513,11838,12260,7108,8630,2684,5099,112792,72859,15506,8913,27756,15126,4744,4,4
2021-06-20T23:59:59+02:00,34,38,3377,3375,6171,6033,8432,9193,13569,14437,18276,18675,15428,16155,8682,10603,2773,5289,1623,1456,2894,3277,3888,5075,5924,7414,10610,11439,11818,12241,7106,8623,2683,5099,112617,72546,15490,8837,27756,15114,4673,4,4
2021-06-19T23:59:59+02:00,32,36,3350,3351,6142,6012,8403,9174,13545,14431,18270,18670,15428,16154,8682,10603,2773,5289,1619,1444,2889,3268,3880,5070,5910,7409,10599,11432,11818,12241,7106,8622,2683,5099,112428,72467,15484,8837,27756,15112,4673,4,4
2021-06-18T23:59:59+02:00,28,31,3309,3309,6066,5973,8335,9120,13500,14400,18247,18659,15427,16152,8681,10602,2773,5289,1544,1349,2753,3093,3696,4794,5512,7034,9111,9866,11652,12072,7065,8572,2671,5081,112047,67291,15457,8836,27756,15101,4637,4,4
2021-06-17T23:59:59+02:00,26,28,3245,3258,6000,5935,8262,9067,13428,14355,18224,18648,15425,16147,8680,10599,2773,5286,1412,1255,2564,2878,3434,4505,5152,6640,8441,9136,11369,11831,7024,8515,2667,5078,111679,63585,15428,8720,27753,15074,4522,4,4
2021-06-16T23:59:59+02:00,26,25,3192,3197,5888,5869,8144,8973,13301,14269,18158,18613,15419,16138,8680,10596,2773,5286,1315,1199,2423,2770,3251,4348,4868,6369,7363,7846,11278,11724,6993,8478,2654,5060,111043,59826,15354,8674,27750,15043,4396,4,4
2021-06-15T23:59:59+02:00,21,24,3095,3114,5771,5780,7956,8796,13041,14050,18007,18486,15404,16127,8672,10590,2773,5284,1277,1166,2351,2714,3144,4274,4666,6244,7051,7595,10783,11165,6960,8443,2646,5047,109626,57582,15326,8642,27742,15010,4293,4,3
2021-06-14T23:59:59+02:00,20,22,3022,3043,5693,5723,7815,8677,12752,13814,17823,18314,15388,16113,8665,10585,2772,5283,1250,1138,2285,2658,3019,4178,4468,6105,6713,7294,10255,10555,6929,8406,2642,5038,108248,55219,15318,8537,27738,14963,4216,4,2
2021-06-13T23:59:59+02:00,20,22,3004,3011,5627,5685,7752,8611,12612,13678,17718,18192,15382,16104,8664,10582,2771,5283,1240,1126,2254,2644,2982,4167,4424,6085,6681,7278,10251,10548,6929,8405,2642,5038,107511,55078,15307,8531,27733,14924,4163,4,2
2021-06-12T23:59:59+02:00,18,22,2975,2993,5599,5660,7721,8593,12592,13660,17709,18189,15381,16103,8664,10582,2771,5283,1183,1064,2164,2569,2886,4032,4282,5954,6571,7193,10169,10470,6331,7678,2642,5038,107312,54963,15305,8531,27733,12573,4161,4,2
2021-06-11T23:59:59+02:00,18,19,2898,2917,5530,5595,7538,8407,12182,13353,17429,17985,15365,16078,8658,10574,2769,5281,1160,1047,2109,2529,2821,3984,4197,5892,6462,7103,10067,10357,6317,7672,2640,5032,106296,54440,14414,8264,27732,12537,4150,4,2
2021-06-10T23:59:59+02:00,14,17,2842,2875,5431,5544,7405,8324,11997,13215,17292,17868,15360,16074,8658,10573,2768,5280,1121,1022,2034,2463,2719,3907,4027,5762,6220,6891,9816,10089,6297,7644,2634,5026,105378,52879,14340,8260,27727,12447,4088,4,2
2021-06-09T23:59:59+02:00,13,15,2766,2806,5307,5450,7183,8152,11720,12973,17105,17720,15349,16060,8654,10564,2768,5277,1064,960,1903,2345,2515,3726,3699,5477,5600,6385,8995,9188,6240,7568,2620,4991,104174,48883,14189,8243,27718,12355,3797,4,2
2021-06-08T23:59:59+02:00,10,11,2668,2702,5174,5323,6987,7969,11287,12546,16728,17332,15330,16033,8643,10558,2767,5272,1027,931,1836,2281,2409,3653,3556,5411,5452,6256,8962,9169,6238,7558,2618,4987,101971,48377,14162,8194,27716,12288,3487,4,2
2021-06-07T23:59:59+02:00,8,10,2540,2604,4983,5194,6779,7806,10810,12187,16385,17037,15304,16005,8637,10541,2766,5268,956,894,1709,2227,2270,3571,3303,5322,5097,5972,8413,8545,6184,7499,2614,4978,100039,46165,14119,8180,27707,12216,2995,4,2
2021-06-06T23:59:59+02:00,8,8,2505,2580,4922,5135,6692,7750,10673,12077,16293,16973,15301,16001,8637,10541,2764,5267,940,884,1680,2208,2228,3544,3237,5298,5049,5948,8408,8544,6179,7492,2614,4977,99453,46011,14067,8171,27701,12148,2902,4,2
2021-06-05T23:59:59+02:00,7,7,2492,2558,4893,5108,6654,7723,10642,12050,16284,16967,15301,16001,8637,10541,2764,5267,924,869,1648,2181,2189,3492,3135,5216,4694,5620,7810,7841,6151,7439,2613,4975,99228,43629,14067,8166,27699,12106,2898,4,2
2021-06-04T23:59:59+02:00,6,6,2462,2530,4848,5063,6606,7672,10553,11947,16232,16904,15297,15994,8637,10540,2763,5266,912,851,1625,2162,2147,3455,3083,5157,4531,5432,7508,7473,6115,7397,2611,4969,98700,42345,14062,8164,27699,12060,2861,4,2
2021-06-03T23:59:59+02:00,6,6,2357,2399,4695,4892,6399,7422,9851,11313,15642,16455,15286,15984,8634,10534,2762,5265,895,820,1584,2102,2098,3375,2994,5048,4386,5266,7349,7284,6103,7370,2611,4965,95357,41296,14023,8154,27693,11977,2825,4,2
2021-06-02T23:59:59+02:00,6,6,2340,2374,4652,4859,6343,7383,9751,11224,15584,16402,15278,15980,8633,10530,2762,5264,882,808,1566,2079,2046,3339,2909,4962,4024,4877,6792,6646,6060,7314,2607,4955,94832,38962,14021,8150,27693,11934,2821,4,2
2021-06-01T23:59:59+02:00,6,5,2278,2333,4532,4769,6179,7271,9563,11077,15477,16326,15275,15976,8629,10526,2761,5259,850,782,1501,2029,1933,3277,2753,4871,3821,4750,6581,6416,6038,7296,2601,4948,93968,37880,13972,8128,27681,11822,2617,4,2
2021-05-31T23:59:59+02:00,2,5,2228,2274,4433,4676,6038,7145,9378,10932,15392,16272,15267,15969,8626,10526,2761,5259,827,746,1443,1970,1865,3229,2578,4818,3691,4697,6224,6001,6015,7275,2598,4940,93250,36703,13886,8122,27672,11721,2371,4,2
2021-05-30T23:59:59+02:00,2,5,2203,2252,4376,4615,5949,7085,9303,10870,15355,16253,15266,15967,8626,10526,2761,5259,815,735,1421,1949,1815,3205,2445,4783,3586,4679,6222,5999,6015,7275,2598,4940,92805,36388,13846,8100,27662,11638,2356,4,2
2021-05-29T23:59:59+02:00,2,5,2186,2237,4358,4604,5932,7069,9289,10857,15350,16250,15265,15967,8626,10526,2761,5259,796,682,1327,1690,1682,2844,2245,4234,3308,4250,6132,5905,5903,7142,2597,4940,92679,36338,13843,8095,27661,8888,2356,4,2
2021-05-28T23:59:59+02:00,2,5,2165,2214,4320,4559,5888,7024,9213,10787,15283,16198,15261,15965,8626,10526,2761,5258,777,592,1249,1439,1583,2443,2066,3544,3044,3654,5494,5165,5821,7051,2593,4927,92207,35040,13830,8095,27659,5952,2355,4,2
2021-05-27T23:59:59+02:00,2,5,2122,2176,4235,4492,5764,6950,9058,10687,15185,16114,15260,15964,8626,10526,2761,5258,748,556,1215,1357,1541,2305,1998,3402,2932,3534,5057,4680,5788,7012,2582,4898,91526,33913,13681,8086,27635,5267,2339,4,2
2021-05-26T23:59:59+02:00,2,5,2053,2058,4038,4347,5422,6687,8089,9945,14425,15409,15248,15958,8622,10520,2759,5256,737,540,1189,1299,1496,2250,1940,3289,2782,3390,3751,3300,5729,6939,2559,4841,90751,30644,10155,8071,27620,5003,2313,4,2
2021-05-25T23:59:59+02:00,2,5,2012,2019,3955,4280,5326,6621,7954,9838,14050,14976,15200,15921,8615,10505,2757,5252,728,530,1159,1264,1474,2227,1920,3262,2757,3364,3745,3290,5722,6936,2557,4840,89411,30557,10007,8062,27603,4893,2263,4,2
2021-05-24T23:59:59+02:00,2,5,1986,1973,3866,4206,5221,6539,7829,9714,13539,14361,15149,15853,8608,10491,2756,5247,722,522,1139,1252,1444,2213,1899,3244,2732,3342,3729,3272,5700,6912,2550,4824,87619,30430,9928,8011,27591,4853,2203,4,1
2021-05-23T23:59:59+02:00,2,5,1977,1960,3847,4183,5203,6526,7777,9683,13464,14298,15138,15849,8606,10490,2755,5247,715,510,1129,1239,1419,2188,1840,3208,2624,3244,3319,2839,5058,6102,2536,4779,87384,30258,9828,5457,27591,4832,2203,4,1
2021-05-22T23:59:59+02:00,2,5,1811,1918,3545,4133,4800,6482,7519,9627,13339,14219,15132,15848,8606,10489,2755,5247,554,479,836,1197,1041,2152,1599,3155,2510,3169,3315,2837,5058,6101,2536,4779,87234,30246,9828,5456,27589,4795,822,4,1
2021-05-21T23:59:59+02:00,2,4,1725,1809,3391,3941,4611,6187,7122,9261,12049,12879,14981,15700,8569,10442,2746,5236,550,467,826,1195,1039,2145,1564,3125,2433,3092,3141,2700,5032,6058,2533,4764,82460,29611,9788,5456,27583,4777,820,4,1
2021-05-20T23:59:59+02:00,2,4,1687,1773,3299,3890,4504,6106,6945,9181,11838,12652,14961,15682,8566,10435,2745,5235,530,454,785,1149,983,2081,1445,3054,2306,2995,2952,2531,4991,5982,2525,4749,81627,28867,9685,5441,27527,4541,663,3,1
2021-05-19T23:59:59+02:00,2,4,1664,1747,3242,3834,4410,6040,6830,9118,11606,12392,14949,15672,8564,10434,2745,5234,522,442,769,1112,965,2012,1334,2906,1979,2702,2389,2033,4886,5865,2504,4702,80814,26796,9545,5425,27500,4276,625,3,1
2021-05-18T23:59:59+02:00,2,4,1602,1713,3153,3744,4298,5937,6671,8959,11319,12138,14904,15624,8552,10411,2743,5224,519,430,754,1097,947,1995,1250,2840,1699,2480,1947,1687,4814,5782,2483,4659,79720,25254,9343,5415,27431,4213,501,3,1
2021-05-17T23:59:59+02:00,2,4,1553,1632,3023,3586,4092,5658,6323,8501,10771,11587,14796,15533,8533,10386,2738,5214,517,422,748,1090,929,1990,1226,2816,1671,2441,1930,1668,4807,5775,2480,4656,76827,25189,9308,5401,27406,4188,388,3,1
2021-05-16T23:59:59+02:00,2,4,1534,1610,2970,3546,3997,5571,6174,8365,10595,11454,14770,15511,8526,10378,2737,5212,510,416,725,1075,899,1974,1198,2788,1638,2417,1923,1659,4805,5771,2477,4654,76083,25160,9251,5383,27376,4143,243,3,1
2021-05-15T23:59:59+02:00,2,4,1447,1513,2759,3379,3768,5293,5813,7893,10243,11157,14685,15449,8507,10349,2731,5203,510,414,721,1073,899,1970,1193,2787,1632,2413,1911,1647,4799,5765,2477,4652,73330,25100,9251,5383,27369,4138,242,3,1
2021-05-14T23:59:59+02:00,2,4,1413,1450,2647,3283,3616,5136,5616,7604,10024,10905,14650,15411,8494,10326,2728,5199,461,373,649,907,827,1684,1063,2377,1451,2087,1877,1607,4796,5757,2476,4647,71691,25036,9231,5381,27345,2384,238,3,1
2021-05-13T23:59:59+02:00,2,4,1355,1383,2544,3199,3449,5000,5396,7398,9797,10725,14624,15383,8485,10323,2726,5196,454,360,622,879,725,1576,962,2292,1185,1875,1162,1027,4576,5523,2468,4615,70530,24916,8919,2842,27314,2320,223,3,1
2021-05-12T23:59:59+02:00,2,4,1348,1374,2528,3194,3431,4988,5375,7385,9783,10713,14622,15379,8483,10321,2725,5196,454,359,621,878,722,1573,957,2290,1181,1869,1143,1018,4563,5487,2436,4546,70419,24716,8895,2842,27312,2317,222,3,1
2021-05-11T23:59:59+02:00,2,3,1306,1332,2454,3111,3318,4861,5181,7240,9495,10405,14575,15322,8471,10301,2721,5187,448,346,603,864,701,1556,929,2266,1155,1842,1088,982,4500,5390,2394,4422,69083,24226,8772,2824,27227,2236,200,3,1
2021-05-10T23:59:59+02:00,2,3,1282,1305,2390,3034,3191,4737,5051,7083,9171,10024,14529,15283,8462,10282,2716,5185,447,344,590,854,687,1541,918,2250,1137,1828,1053,948,4439,5314,2355,4307,67729,23817,8652,2821,27156,2184,190,3,1
2021-05-09T23:59:59+02:00,2,3,1267,1288,2347,3021,3113,4701,4989,7049,9106,9980,14516,15268,8460,10277,2716,5183,439,342,576,849,664,1521,896,2229,1125,1814,1034,932,4427,5276,2340,4265,67492,23657,8578,2819,27110,2150,103,3,1
2021-05-08T23:59:59+02:00,1,3,1265,1284,2332,3009,3096,4690,4949,7035,9082,9972,14515,15268,8460,10276,2716,5183,439,342,576,849,663,1521,896,2228,1124,1813,1034,932,4426,5276,2340,4265,67350,23656,8572,2816,27108,2149,103,3,1
2021-05-07T23:59:59+02:00,1,3,1246,1263,2293,2968,3044,4641,4849,6943,8858,9725,14500,15246,8454,10270,2713,5179,389,314,544,780,626,1359,826,2021,1036,1626,1004,903,4406,5253,2338,4260,66443,23552,8566,2813,27081,1217,103,3,1
2021-05-06T23:59:59+02:00,1,3,1096,1171,2065,2724,2745,4332,4479,6543,8271,9120,14222,15007,8414,10213,2710,5178,388,310,532,761,609,1327,807,1986,1003,1598,977,872,4396,5239,2336,4256,62812,23423,8438,2763,26945,1115,96,3,1
2021-05-05T23:59:59+02:00,1,2,1031,1120,1955,2611,2586,4161,4184,6264,7258,7938,14137,14909,8379,10172,2697,5158,385,307,525,751,594,1318,773,1972,980,1577,902,809,4355,5167,2328,4240,59294,23099,8393,2744,26823,1090,50,3,1
2021-05-04T23:59:59+02:00,1,2,1009,1100,1904,2572,2484,4094,3964,6151,6977,7723,13630,14341,8349,10138,2692,5149,382,306,520,747,583,1313,756,1953,964,1570,883,785,4335,5151,2325,4231,57237,22965,8335,2729,26663,1068,42,3,1
2021-05-03T23:59:59+02:00,1,2,977,1062,1843,2519,2381,3984,3765,6034,6620,7423,13092,13716,8312,10100,2685,5134,376,305,518,743,573,1307,747,1942,950,1557,858,761,4318,5133,2319,4218,54813,22855,8309,2720,26524,1049,1,3,1
2021-05-02T23:59:59+02:00,1,2,972,1061,1824,2513,2356,3977,3723,6024,6586,7415,13091,13716,8312,10099,2685,5134,376,305,515,743,572,1305,742,1942,949,1554,856,757,4317,5129,2319,4218,54681,22838,8305,2718,26501,1042,1,3,1
2021-05-01T23:59:59+02:00,1,2,972,1059,1816,2511,2345,3972,3711,6016,6575,7406,13090,13714,8312,10099,2685,5134,376,305,515,743,572,1305,741,1941,947,1554,856,757,4317,5129,2319,4218,54612,22838,8305,2714,26499,1042,1,3,1
2021-04-30T23:59:59+02:00,0,2,956,1054,1795,2497,2324,3937,3674,5983,6497,7352,12995,13610,8311,10095,2682,5122,324,250,473,667,543,1126,711,1717,913,1350,844,739,4313,5127,2319,4218,54117,22824,8304,2710,26461,99,1,3,1
2021-04-29T23:59:59+02:00,0,2,901,1029,1738,2446,2261,3878,3527,5860,6260,7129,12736,13337,8289,10066,2678,5115,317,248,464,660,540,1119,704,1707,903,1340,836,724,4304,5119,2319,4216,52523,22738,8289,2704,26436,77,1,3,1
2021-04-28T23:59:59+02:00,0,2,840,995,1658,2384,2117,3768,3242,5607,5656,6625,11899,12420,8231,9977,2655,5078,316,245,462,653,532,1105,693,1687,892,1333,823,708,4285,5092,2317,4216,48473,22617,8282,2685,26395,56,1,3,1
2021-04-27T23:59:59+02:00,0,2,830,990,1640,2364,2072,3750,3171,5582,5530,6503,11870,12403,8229,9975,2655,5076,315,243,456,651,524,1099,684,1675,883,1327,811,697,4281,5086,2316,4210,47994,22539,8279,2670,26365,48,1,3,1
2021-04-26T23:59:59+02:00,0,2,820,977,1614,2346,2012,3709,2994,5504,5198,6218,11305,11758,8174,9910,2651,5067,313,242,455,650,518,1093,673,1669,874,1317,802,688,4276,5081,2316,4206,45665,22487,8270,2642,26321,43,1,2,1
2021-04-25T23:59:59+02:00,0,2,810,975,1600,2340,1974,3692,2868,5481,5106,6213,11301,11754,8171,9904,2650,5066,312,242,455,650,518,1086,673,1667,871,1315,802,687,4276,5081,2316,4206,45339,22482,8264,2638,26301,36,1,2,1
2021-04-24T23:59:59+02:00,0,2,796,965,1578,2320,1934,3647,2771,5413,4761,5893,10684,11028,8141,9846,2649,5064,312,242,455,650,518,1085,672,1666,870,1315,797,683,4266,5065,2314,4205,42931,22445,8263,2634,26295,35,1,2,1
2021-04-23T23:59:59+02:00,0,2,791,957,1565,2310,1905,3621,2730,5362,4600,5707,10375,10647,8101,9804,2646,5055,312,241,455,650,518,1084,671,1666,868,1315,797,682,4263,5062,2314,4205,41631,22434,8263,2633,26281,35,1,2,1
2021-04-22T23:59:59+02:00,0,2,775,942,1537,2267,1854,3553,2645,5272,4447,5553,10231,10453,8087,9773,2644,5047,312,240,453,639,516,1078,665,1658,862,1306,791,677,4260,5060,2314,4203,40631,22398,8237,2608,26211,27,1,2,1
2021-04-21T23:59:59+02:00,0,2,764,929,1513,2256,1801,3508,2541,5185,4063,5133,9634,9769,8038,9711,2640,5036,310,240,450,637,516,1077,661,1655,857,1301,779,665,4250,5046,2314,4199,38116,22347,8220,2584,26184,25,1,2,1
2021-04-20T23:59:59+02:00,0,2,757,918,1491,2229,1770,3479,2489,5127,3926,5037,9438,9550,8021,9701,2636,5033,310,238,450,636,515,1075,660,1650,854,1296,773,661,4246,5042,2314,4199,37281,22316,8209,2578,26111,25,1,2,0
2021-04-19T23:59:59+02:00,0,2,750,908,1482,2222,1753,3462,2457,5101,3862,4979,9069,9132,7996,9676,2633,5027,310,236,449,633,513,1072,656,1648,850,1292,767,655,4237,5040,2314,4197,36256,22277,8197,2567,26055,25,1,2,0
2021-04-18T23:59:59+02:00,0,2,746,906,1477,2216,1735,3455,2438,5089,3854,4977,9060,9121,7996,9675,2633,5027,309,236,449,629,512,1069,654,1645,847,1292,766,653,4237,5038,2314,4197,36196,22269,8177,2553,26031,25,1,2,0
2021-04-17T23:59:59+02:00,0,2,729,900,1389,2206,1635,3443,2401,5059,3774,4899,8347,8397,7980,9662,2633,5027,309,236,447,627,511,1069,653,1645,846,1289,766,653,4236,5038,2314,4197,36188,22258,8177,2553,24115,25,1,2,0
2021-04-16T23:59:59+02:00,0,2,713,882,1260,2183,1483,3421,2315,4994,3613,4734,7012,6846,7945,9613,2622,4996,309,235,442,621,507,1065,643,1643,842,1280,756,647,4228,5023,2311,4195,34817,22184,8167,2549,21647,14,1,2,0
2021-04-15T23:59:59+02:00,0,2,692,871,1250,2170,1463,3403,2257,4956,3542,4681,6574,6345,7905,9552,2600,4925,302,229,428,610,490,1051,609,1616,806,1250,666,586,3734,4512,2289,4160,33502,22127,8111,1201,21572,10,1,2,0
2021-04-14T23:59:59+02:00,0,2,687,867,1229,2157,1432,3384,2212,4921,3410,4587,5235,4941,7855,9486,2579,4888,294,224,425,603,483,1048,603,1608,800,1247,651,569,3723,4503,2285,4155,30276,22039,8100,1173,21493,9,1,2,0
2021-04-13T23:59:59+02:00,0,2,684,867,1220,2152,1417,3382,2204,4910,3390,4572,5216,4923,7849,9483,2578,4886,294,223,423,601,480,1045,601,1604,789,1245,633,564,3721,4500,2285,4155,30196,22019,8079,1135,21457,9,1,2,0
2021-04-12T23:59:59+02:00,0,2,678,859,1207,2143,1401,3371,2170,4896,3359,4548,5193,4908,7836,9472,2575,4853,293,222,421,600,479,1039,599,1600,781,1238,628,562,3716,4499,2285,4155,30068,21993,8034,1115,21366,9,1,2,0
2021-04-11T23:59:59+02:00,0,2,670,855,1191,2131,1383,3356,2103,4872,3241,4465,4773,4467,7169,8646,2568,4848,293,222,420,600,476,1038,593,1597,777,1237,624,559,3712,4494,2285,4155,30038,21985,5421,1088,21278,9,1,2,0
2021-04-10T23:59:59+02:00,0,2,670,853,1190,2130,1381,3352,2101,4869,3238,4458,4729,4420,7165,8640,2568,4847,287,219,418,589,463,1022,566,1580,745,1212,552,489,3143,3877,2236,4063,29915,20364,5418,1088,21277,9,1,2,0
2021-04-09T23:59:59+02:00,0,2,666,852,1182,2127,1377,3347,2070,4847,3160,4379,4532,4255,7130,8591,2564,4831,277,212,408,575,444,1006,541,1562,724,1189,471,427,2494,3057,2188,3969,29230,18448,5414,1087,21265,9,1,2,0
2021-04-08T23:59:59+02:00,0,2,656,842,1168,2116,1361,3317,2009,4794,3013,4268,3478,3103,6888,8228,2553,4816,264,204,391,557,421,992,519,1533,691,1166,450,400,2485,3048,2185,3966,28433,18224,5366,1039,18810,9,1,2,0
2021-04-07T23:59:59+02:00,0,2,649,836,1155,2107,1342,3305,1899,4715,2696,4019,2873,2575,6777,8105,2530,4763,250,197,363,533,383,957,475,1499,655,1139,423,375,2425,2986,2180,3959,26259,17771,5347,1020,18739,8,1,2,0
2021-04-06T23:59:59+02:00,0,2,639,828,1117,2100,1318,3287,1781,4664,2419,3850,2420,2228,6701,8014,2509,4726,226,184,329,507,358,938,438,1476,619,1107,388,333,2369,2911,2174,3950,24662,17296,5331,1003,18607,8,1,2,0
2021-04-05T23:59:59+02:00,0,2,636,826,1106,2096,1312,3284,1772,4654,2404,3834,2131,1882,5581,6698,2507,4726,226,184,328,503,352,932,434,1474,615,1102,385,330,2367,2905,2174,3949,24630,17285,5321,967,15497,8,1,2,0
2021-04-04T23:59:59+02:00,0,2,635,826,1106,2096,1312,3283,1772,4654,2402,3832,2130,1879,5581,6695,2507,4726,226,184,327,503,352,932,433,1474,615,1102,385,330,2366,2905,2174,3949,24623,17282,5321,967,15491,8,1,2,0
2021-04-03T23:59:59+02:00,0,2,635,826,1106,2095,1312,3283,1771,4652,2398,3832,2129,1876,5580,6695,2507,4726,226,184,327,503,352,932,433,1474,614,1102,385,330,2366,2905,2174,3949,24617,17281,5317,967,15488,8,1,2,0
2021-04-02T23:59:59+02:00,0,2,635,825,1106,2095,1308,3282,1769,4647,2397,3829,2121,1867,5568,6680,2504,4713,226,183,327,501,352,932,432,1473,613,1093,383,330,2366,2904,2174,3949,24549,17263,5313,967,15483,8,1,2,0
2021-04-01T23:59:59+02:00,0,2,631,814,1084,2077,1211,3186,1679,4578,2137,3621,1396,1280,5359,6470,2494,4686,222,182,327,500,351,931,431,1471,613,1092,380,328,2366,2904,2174,3945,24444,17251,2812,958,15446,8,1,2,0
2021-03-31T23:59:59+02:00,0,2,629,813,1080,2073,1206,3178,1668,4573,2119,3608,1369,1247,5330,6415,2457,4587,221,182,327,499,350,931,431,1470,612,1091,379,325,2362,2903,2172,3944,24125,17239,2798,952,15429,8,1,1,0
2021-03-30T23:59:59+02:00,0,2,627,804,1074,2069,1200,3173,1658,4559,2111,3594,1322,1202,5245,6286,2413,4441,221,181,327,498,347,927,426,1467,605,1081,364,314,2260,2751,2052,3719,23604,16621,2776,911,15399,8,1,0,0
2021-03-29T23:59:59+02:00,0,2,625,802,1071,2061,1190,3167,1651,4546,2099,3582,1286,1171,5185,6194,2364,4312,220,180,325,496,345,925,424,1462,600,1076,357,309,2037,2485,1825,3344,23173,15494,2752,908,15382,8,1,0,0
2021-03-28T23:59:59+02:00,0,2,625,799,1069,2055,1187,3160,1645,4536,2095,3577,1270,1162,5177,6172,2353,4280,218,180,324,493,336,921,421,1455,597,1064,351,297,2032,2471,1824,3341,23068,15466,2734,854,15361,5,1,0,0
2021-03-27T23:59:59+01:00,0,2,572,738,989,1987,1105,3042,1527,4412,1993,3495,1201,1092,4574,5440,2353,4280,216,179,324,493,336,921,416,1453,596,1061,350,297,2031,2470,1824,3341,23052,15450,2730,854,13019,4,1,0,0
2021-03-26T23:59:59+01:00,0,2,569,733,982,1977,1103,3036,1517,4405,1976,3487,1157,1061,4544,5406,2352,4276,215,176,324,491,333,920,414,1452,592,1054,342,292,1626,1938,1402,2620,22857,13339,2720,848,13005,4,1,0,0
2021-03-25T23:59:59+01:00,0,2,567,727,969,1969,1100,3027,1510,4393,1961,3477,1147,1050,4536,5401,2352,4275,214,173,323,490,331,914,411,1446,588,1045,338,288,1530,1817,1365,2548,22810,12992,2711,825,12941,4,1,0,0
2021-03-24T23:59:59+01:00,0,2,565,721,959,1956,1087,3012,1481,4375,1947,3468,1112,1020,4509,5368,2347,4270,213,173,322,489,328,910,406,1438,579,1029,324,278,1204,1436,1215,2282,22668,11859,2685,763,12845,4,1,0,0
2021-03-23T23:59:59+01:00,0,2,563,716,954,1942,1083,3002,1474,4361,1937,3461,1099,1009,4490,5353,2347,4267,212,173,320,486,320,907,405,1438,573,1025,316,271,969,1171,1101,2106,22594,11047,2676,742,12789,4,1,0,0
2021-03-22T23:59:59+01:00,0,2,562,707,949,1930,1077,2993,1464,4345,1923,3452,1096,1006,4485,5352,2347,4267,210,173,319,484,319,905,402,1435,570,1021,312,267,968,1167,1101,2103,22570,11030,2661,722,12725,4,1,0,0
2021-03-21T23:59:59+01:00,0,2,560,704,946,1921,1075,2989,1458,4332,1911,3445,1093,1005,4485,5351,2347,4267,209,173,319,483,317,901,402,1430,564,1019,302,262,964,1163,1100,2103,22566,11027,2647,680,12677,4,1,0,0
2021-03-20T23:59:59+01:00,0,2,555,696,941,1905,1058,2973,1430,4314,1877,3416,1021,934,3903,4717,2297,4170,209,173,319,483,317,901,402,1430,564,1019,302,262,964,1163,1099,2102,20906,11025,2646,680,12656,4,1,0,0
2021-03-19T23:59:59+01:00,0,2,546,687,924,1879,1031,2954,1394,4289,1851,3386,934,869,3233,3881,2250,4073,206,173,317,483,316,898,400,1428,560,1012,299,261,951,1150,1068,2062,18932,11002,2635,578,12615,4,1,0,0
2021-03-18T23:59:59+01:00,0,2,533,674,907,1853,1008,2928,1355,4249,1806,3334,836,805,2720,3347,2228,4039,201,171,314,479,313,887,396,1422,558,1007,296,255,848,1056,960,1873,18854,10624,1233,409,12536,3,1,0,0
2021-03-17T23:59:59+01:00,0,2,531,664,898,1833,995,2909,1333,4228,1787,3318,807,780,2634,3256,2222,4035,199,170,312,477,310,886,389,1418,555,1003,293,250,607,782,659,1428,18546,9705,1196,33,12489,0,1,0,0
2021-03-16T23:59:59+01:00,0,2,529,655,889,1811,974,2894,1316,4216,1763,3302,778,769,2586,3175,2220,4031,199,170,310,477,308,884,386,1416,552,998,287,246,361,545,471,1121,18338,8705,1156,27,12416,0,0,0,0
2021-03-15T23:59:59+01:00,0,2,529,644,885,1793,965,2873,1310,4210,1755,3293,772,766,2583,3174,2220,4031,198,170,309,476,307,884,386,1416,549,998,287,246,361,544,470,1121,18325,8699,1134,24,12346,0,0,0,0
2021-03-14T23:59:59+01:00,0,2,528,638,879,1781,958,2868,1300,4197,1745,3281,767,762,2578,3171,2220,4031,198,170,308,476,306,882,384,1414,549,998,286,246,361,544,470,1121,18320,8696,1107,18,12279,0,0,0,0
2021-03-13T23:59:59+01:00,0,2,506,587,784,1519,828,2487,1106,3633,1463,2852,686,673,2475,3045,2219,4030,198,170,308,476,306,882,384,1414,549,998,286,246,361,544,470,1121,18316,8696,1107,18,9472,0,0,0,0
2021-03-12T23:59:59+01:00,0,2,491,502,720,1253,736,2092,935,2944,1216,2261,546,520,2431,3000,2219,4030,198,168,308,476,306,880,383,1414,549,996,286,245,348,523,422,1058,18293,8542,1106,18,6499,0,0,0,0
2021-03-11T23:59:59+01:00,0,2,468,466,687,1182,690,1987,876,2799,1136,2150,488,460,2418,2988,2218,4029,198,168,307,474,305,879,383,1411,548,996,286,244,335,506,376,1015,18100,8416,1058,15,5886,0,0,0,0
2021-03-10T23:59:59+01:00,0,2,454,456,653,1149,650,1953,832,2763,1103,2122,469,444,2404,2969,2217,4026,194,166,303,467,305,878,378,1404,543,989,282,238,215,407,151,753,17825,7664,1038,9,5803,0,0,0,0
2021-03-09T23:59:59+01:00,0,2,438,439,620,1120,631,1934,809,2737,1081,2098,447,423,2311,2827,2094,3797,194,166,301,465,304,877,377,1401,543,986,280,237,215,407,151,752,17063,7656,1022,0,5723,0,0,0,0
2021-03-08T23:59:59+01:00,0,2,425,418,597,1090,613,1912,793,2712,1059,2072,425,395,2082,2552,1865,3420,194,165,301,463,303,872,377,1395,543,984,279,235,215,406,151,752,15819,7635,994,0,5619,0,0,0,0
2021-03-07T23:59:59+01:00,0,2,424,416,590,1073,599,1904,790,2699,1053,2061,424,394,2077,2544,1864,3418,194,165,301,462,303,871,377,1392,543,983,279,235,215,406,151,752,15791,7629,984,0,5557,0,0,0,0
2021-03-06T23:59:59+01:00,0,2,424,413,587,1059,596,1902,783,2692,1049,2054,423,394,2077,2544,1864,3418,194,165,301,462,303,871,377,1392,543,982,278,235,215,406,151,752,15783,7627,984,0,5514,0,0,0,0
2021-03-05T23:59:59+01:00,0,2,418,398,581,1047,590,1892,778,2683,1043,2046,410,386,1656,1982,1432,2666,191,160,297,462,300,870,375,1389,541,978,278,235,215,406,151,752,13561,7600,984,0,5465,0,0,0,0
2021-03-04T23:59:59+01:00,0,2,408,373,555,1008,571,1836,749,2630,1022,1996,406,382,1564,1864,1393,2593,180,152,286,452,299,862,373,1375,539,974,277,235,215,406,151,752,13210,7528,978,0,5164,0,0,0,0
2021-03-03T23:59:59+01:00,0,2,406,366,547,978,554,1804,724,2582,1005,1958,400,376,1242,1485,1240,2321,179,151,285,451,298,861,369,1368,536,967,275,233,214,405,149,747,12061,7488,971,0,4958,0,0,0,0
2021-03-02T23:59:59+01:00,0,2,402,361,539,944,540,1784,715,2558,994,1940,390,366,999,1218,1122,2143,179,149,284,440,294,855,369,1359,536,961,275,233,214,405,149,747,11242,7449,936,0,4839,0,0,0,0
2021-03-01T23:59:59+01:00,0,2,400,353,530,922,522,1753,706,2534,983,1923,386,359,998,1211,1122,2139,179,147,284,431,291,845,366,1344,533,955,273,231,213,404,149,747,11223,7392,901,0,4719,0,0,0,0
2021-02-28T23:59:59+01:00,0,2,395,350,527,914,515,1742,703,2523,978,1908,382,354,998,1209,1122,2139,177,146,284,430,291,844,366,1344,532,955,273,231,213,404,149,747,11218,7386,874,0,4669,0,0,0,0
2021-02-27T23:59:59+01:00,0,2,394,348,522,907,513,1736,700,2514,975,1906,381,353,998,1209,1121,2139,177,146,284,430,291,844,366,1344,531,955,273,231,213,404,149,747,11217,7385,874,0,4627,0,0,0,0
2021-02-26T23:59:59+01:00,0,2,346,301,453,734,437,1428,571,2096,804,1563,353,323,998,1206,1121,2139,177,144,284,427,289,836,364,1336,529,952,273,231,213,404,149,747,11206,7355,863,0,2806,0,0,0,0
2021-02-25T23:59:59+01:00,0,2,326,293,443,712,425,1392,556,2048,786,1531,345,316,914,1117,1049,2015,126,130,264,423,278,824,353,1320,524,945,273,229,213,404,149,747,10805,7202,833,0,2632,0,0,0,0
2021-02-24T23:59:59+01:00,0,2,321,287,438,696,418,1356,540,2000,764,1487,337,303,706,885,865,1710,126,124,263,417,275,815,351,1307,517,938,271,227,211,404,149,745,9866,7140,792,0,2457,0,0,0,0
2021-02-23T23:59:59+01:00,0,2,319,275,430,682,407,1333,532,1964,746,1468,323,293,457,639,674,1409,126,123,262,415,273,810,351,1300,516,930,270,226,210,404,148,744,8868,7108,748,0,2337,0,0,0,0
2021-02-22T23:59:59+01:00,0,2,319,273,429,675,406,1328,528,1954,741,1464,323,290,456,637,674,1408,126,118,257,405,272,793,347,1276,511,922,266,225,210,404,148,744,8864,7024,736,0,2307,0,0,0,0
2021-02-21T23:59:59+01:00,0,2,316,272,427,669,403,1320,526,1946,735,1460,312,285,452,633,672,1408,126,118,256,404,272,791,344,1273,504,919,265,224,209,403,147,735,8859,6990,695,0,2284,0,0,0,0
2021-02-20T23:59:59+01:00,0,2,316,269,427,667,403,1312,525,1937,733,1456,312,285,452,633,672,1408,126,118,256,404,272,791,344,1273,503,919,265,224,209,403,147,735,8859,6989,695,0,2255,0,0,0,0
2021-02-19T23:59:59+01:00,0,1,270,243,395,591,369,1143,467,1722,626,1246,303,269,426,597,593,1301,126,118,256,404,271,791,344,1273,503,919,265,224,209,403,147,735,8642,6988,589,0,1331,0,0,0,0
2021-02-18T23:59:59+01:00,0,1,269,238,388,582,358,1122,454,1704,616,1239,303,267,373,550,491,1173,123,115,252,399,264,785,341,1264,500,918,263,222,209,403,147,735,8463,6940,417,0,1248,0,0,0,0
2021-02-17T23:59:59+01:00,0,1,263,234,376,568,351,1113,431,1688,608,1227,298,260,218,414,156,764,115,102,248,393,259,770,335,1248,494,907,259,219,208,403,147,735,7746,6842,31,0,1193,0,0,0,0
2021-02-16T23:59:59+01:00,0,1,261,232,365,566,341,1104,423,1674,603,1221,295,257,218,413,156,764,84,90,228,367,248,740,317,1208,462,872,238,204,201,385,146,728,7739,6518,27,0,1128,0,0,0,0
2021-02-15T23:59:59+01:00,0,1,259,232,363,562,340,1098,421,1662,599,1215,295,257,218,412,155,764,83,88,224,356,240,728,307,1180,447,849,225,197,190,363,140,672,7731,6289,24,0,1098,0,0,0,0
2021-02-14T23:59:59+01:00,0,1,258,230,357,559,336,1088,417,1656,596,1212,295,257,218,412,155,764,79,86,217,351,237,720,302,1167,443,834,224,195,190,352,140,663,7721,6200,19,0,1071,0,0,0,0
2021-02-13T23:59:59+01:00,0,1,258,230,357,559,336,1088,416,1656,596,1211,294,257,218,412,155,764,79,86,217,351,237,720,302,1167,443,834,224,195,190,352,140,663,7719,6200,19,0,1070,0,0,0,0
2021-02-12T23:59:59+01:00,0,1,200,169,308,481,309,893,383,1418,559,996,286,242,217,412,155,764,76,85,214,350,235,717,295,1163,440,829,220,193,190,350,140,663,7707,6160,19,0,67,0,0,0,0
2021-02-11T23:59:59+01:00,0,0,198,168,302,470,305,879,377,1398,549,988,286,242,217,412,155,764,75,82,203,324,225,673,275,1111,423,781,219,190,190,345,140,660,7666,5916,16,0,28,0,0,0,0
2021-02-10T23:59:59+01:00,0,0,195,161,298,466,302,875,371,1387,545,980,284,240,215,411,155,762,70,76,187,298,214,614,258,1026,398,729,210,176,176,316,128,613,7624,5489,10,0,13,0,0,0,0
2021-02-09T23:59:59+01:00,0,0,190,155,295,457,301,866,371,1377,543,971,281,239,215,411,155,761,61,60,148,234,185,510,220,834,342,594,189,150,156,281,118,547,7580,4629,2,0,6,0,0,0,0
2021-02-08T23:59:59+01:00,0,0,183,148,291,444,296,856,367,1357,536,964,277,235,214,410,153,757,34,47,103,144,136,282,161,456,248,387,160,124,129,226,95,452,7480,3184,2,0,6,0,0,0,0
2021-02-07T23:59:59+01:00,0,0,181,146,288,443,295,854,366,1356,535,963,276,234,214,410,153,757,19,40,84,122,130,261,152,422,232,360,152,120,119,216,90,417,7470,2936,1,0,0,0,0,0,0
2021-02-06T23:59:59+01:00,0,0,181,146,288,443,295,854,366,1356,535,963,276,234,214,410,153,757,19,37,82,119,120,246,141,405,201,339,137,116,118,211,89,407,7470,2787,1,0,0,0,0,0,0
2021-02-05T23:59:59+01:00,0,0,181,144,288,440,294,843,364,1348,531,960,276,233,214,410,153,756,18,32,78,114,113,233,136,378,187,320,132,111,115,206,82,391,7434,2646,1,0,0,0,0,0,0
2021-02-04T23:59:59+01:00,0,0,173,139,287,436,287,834,361,1337,522,951,275,231,213,410,153,754,11,21,52,77,84,177,113,288,155,263,114,96,103,192,74,351,7363,2171,0,0,0,0,0,0,0
2021-02-03T23:59:59+01:00,0,0,155,132,277,430,283,828,359,1326,522,949,275,231,212,410,153,753,11,19,44,67,75,142,89,257,134,221,95,81,88,164,67,311,7295,1865,0,0,0,0,0,0,0
2021-02-02T23:59:59+01:00,0,0,134,126,265,428,280,821,354,1319,521,942,274,231,211,410,152,752,11,16,35,61,63,119,74,212,103,171,63,57,63,104,43,196,7220,1391,0,0,0,0,0,0,0
2021-02-01T23:59:59+01:00,0,0,129,121,260,413,278,805,352,1295,515,930,269,229,211,410,152,752,4,10,20,34,33,66,46,119,59,71,28,28,27,44,25,97,7121,711,0,0,0,0,0,0,0
2021-01-31T23:59:59+01:00,0,0,128,118,258,411,276,801,350,1289,511,928,269,226,210,409,152,752,4,6,15,23,28,47,32,73,39,43,14,8,13,28,20,59,7088,452,0,0,0,0,0,0,0
2021-01-30T23:59:59+01:00,0,0,128,118,258,411,276,800,350,1288,510,928,269,226,210,409,152,752,4,6,13,20,25,40,27,65,36,41,14,8,13,28,20,59,7085,419,0,0,0,0,0,0,0
2021-01-29T23:59:59+01:00,0,0,128,118,258,411,275,800,350,1288,510,928,269,226,210,409,152,752,4,6,7,18,23,31,22,57,32,38,14,8,13,27,19,58,7084,377,0,0,0,0,0,0,0
2021-01-28T23:59:59+01:00,0,0,126,115,254,405,271,794,347,1281,506,927,269,226,210,409,152,752,1,3,2,8,15,13,12,28,12,23,11,4,6,14,6,23,7044,181,0,0,0,0,0,0,0
2021-01-27T23:59:59+01:00,0,0,118,105,252,401,268,786,342,1274,500,920,264,223,209,408,152,752,0,0,1,4,11,11,8,21,10,17,10,4,6,14,6,23,6974,146,0,0,0,0,0,0,0
2021-01-26T23:59:59+01:00,0,0,89,93,234,384,260,761,329,1236,475,889,244,211,202,392,152,744,0,0,1,4,11,11,8,21,10,17,10,4,6,14,6,23,6695,146,0,0,0,0,0,0,0
2021-01-25T23:59:59+01:00,0,0,86,88,232,364,247,742,315,1202,457,864,228,204,193,372,148,689,0,0,1,4,11,9,7,14,7,13,10,4,6,14,6,23,6431,129,0,0,0,0,0,0,0
2021-01-24T23:59:59+01:00,0,0,86,86,228,360,246,737,312,1189,455,849,227,202,193,361,148,679,0,0,1,4,11,9,7,14,7,13,10,4,6,14,6,23,6358,129,0,0,0,0,0,0,0
2021-01-23T23:59:59+01:00,0,0,86,86,228,360,246,737,312,1189,455,849,227,202,193,361,148,679,0,0,1,4,11,9,7,14,7,13,10,4,6,14,6,23,6358,129,0,0,0,0,0,0,0
2021-01-22T23:59:59+01:00,0,0,86,85,226,358,246,734,308,1185,451,846,225,201,193,360,148,679,0,0,1,4,11,9,7,14,7,13,10,4,6,14,6,23,6331,129,0,0,0,0,0,0,0
2021-01-21T23:59:59+01:00,0,0,86,82,212,329,236,690,283,1134,437,813,224,197,192,354,148,676,0,0,1,2,9,8,6,13,6,11,10,4,6,14,6,23,6093,119,0,0,0,0,0,0,0
2021-01-20T23:59:59+01:00,0,0,80,76,198,308,224,625,269,1041,408,754,215,186,177,325,137,629,0,0,1,2,9,8,6,13,6,11,10,4,6,14,6,23,5652,119,0,0,0,0,0,0,0
2021-01-19T23:59:59+01:00,0,0,72,66,158,258,204,562,243,918,367,645,196,160,155,285,124,552,0,0,1,2,3,7,6,12,4,9,7,3,6,14,6,23,4965,103,0,0,0,0,0,0,0
2021-01-18T23:59:59+01:00,0,0,60,58,135,215,182,458,216,761,327,552,179,140,131,235,104,470,0,0,0,1,2,4,3,7,2,7,6,3,6,14,6,22,4223,83,0,0,0,0,0,0,0
2021-01-17T23:59:59+01:00,0,0,40,46,110,185,167,398,199,673,301,495,171,134,118,218,90,416,0,0,0,0,2,4,2,7,2,5,4,3,6,14,5,22,3761,76,0,0,0,0,0,0,0
2021-01-16T23:59:59+01:00,0,0,33,43,110,182,157,381,184,653,270,473,155,129,117,212,89,406,0,0,0,0,0,0,0,0,0,0,0,0,0,0,0,0,3594,0,0,0,0,0,0,0,0
2021-01-15T23:59:59+01:00,0,0,31,39,106,177,146,368,178,623,253,451,150,120,114,206,81,390,0,0,0,0,0,0,0,0,0,0,0,0,0,0,0,0,3433,0,0,0,0,0,0,0,0
2021-01-14T23:59:59+01:00,0,0,13,24,52,78,84,172,114,287,150,263,123,101,100,191,71,350,0,0,0,0,0,0,0,0,0,0,0,0,0,0,0,0,2173,0,0,0,0,0,0,0,0
2021-01-13T23:59:59+01:00,0,0,12,20,42,68,76,137,92,257,125,226,94,79,81,154,56,282,0,0,0,0,0,0,0,0,0,0,0,0,0,0,0,0,1801,0,0,0,0,0,0,0,0
2021-01-12T23:59:59+01:00,0,0,12,15,38,64,63,113,77,209,96,172,61,53,54,92,32,162,0,0,0,0,0,0,0,0,0,0,0,0,0,0,0,0,1313,0,0,0,0,0,0,0,0
2021-01-11T23:59:59+01:00,0,0,4,10,27,47,39,82,56,140,59,85,31,27,22,36,16,70,0,0,0,0,0,0,0,0,0,0,0,0,0,0,0,0,751,0,0,0,0,0,0,0,0
2021-01-10T23:59:59+01:00,0,0,3,5,20,33,34,58,37,93,38,53,14,7,7,19,11,31,0,0,0,0,0,0,0,0,0,0,0,0,0,0,0,0,463,0,0,0,0,0,0,0,0
2021-01-09T23:59:59+01:00,0,0,3,5,18,29,33,54,32,83,36,52,14,7,7,19,11,31,0,0,0,0,0,0,0,0,0,0,0,0,0,0,0,0,434,0,0,0,0,0,0,0,0
2021-01-08T23:59:59+01:00,0,0,3,5,15,27,30,43,26,74,32,48,13,7,6,17,10,30,0,0,0,0,0,0,0,0,0,0,0,0,0,0,0,0,386,0,0,0,0,0,0,0,0
2021-01-07T23:59:59+01:00,0,0,1,3,2,10,15,13,13,29,14,24,11,5,6,15,8,24,0,0,0,0,0,0,0,0,0,0,0,0,0,0,0,0,193,0,0,0,0,0,0,0,0
2021-01-06T23:59:59+01:00,0,0,1,0,2,4,13,11,9,23,12,19,11,5,6,15,8,24,0,0,0,0,0,0,0,0,0,0,0,0,0,0,0,0,163,0,0,0,0,0,0,0,0
2021-01-05T23:59:59+01:00,0,0,0,0,1,4,12,11,8,21,11,19,10,5,6,15,8,24,0,0,0,0,0,0,0,0,0,0,0,0,0,0,0,0,155,0,0,0,0,0,0,0,0
2021-01-04T23:59:59+01:00,0,0,0,0,1,4,12,10,7,17,9,17,10,5,6,15,8,24,0,0,0,0,0,0,0,0,0,0,0,0,0,0,0,0,145,0,0,0,0,0,0,0,0
2021-01-03T23:59:59+01:00,0,0,0,0,1,4,11,9,7,14,7,14,10,5,6,15,8,24,0,0,0,0,0,0,0,0,0,0,0,0,0,0,0,0,135,0,0,0,0,0,0,0,0
2021-01-02T23:59:59+01:00,0,0,0,0,1,4,11,9,7,14,7,14,10,5,6,15,8,24,0,0,0,0,0,0,0,0,0,0,0,0,0,0,0,0,135,0,0,0,0,0,0,0,0
2021-01-01T23:59:59+01:00,0,0,0,0,1,4,11,9,7,14,7,14,10,5,6,15,8,24,0,0,0,0,0,0,0,0,0,0,0,0,0,0,0,0,135,0,0,0,0,0,0,0,0
2020-12-31T23:59:59+01:00,0,0,0,0,1,4,11,9,7,14,7,14,10,5,6,15,8,24,0,0,0,0,0,0,0,0,0,0,0,0,0,0,0,0,135,0,0,0,0,0,0,0,0
2020-12-30T23:59:59+01:00,0,0,0,0,1,4,11,9,7,14,7,14,10,5,6,15,8,24,0,0,0,0,0,0,0,0,0,0,0,0,0,0,0,0,135,0,0,0,0,0,0,0,0
2020-12-29T23:59:59+01:00,0,0,0,0,1,4,8,9,7,14,5,12,10,5,6,15,8,24,0,0,0,0,0,0,0,0,0,0,0,0,0,0,0,0,128,0,0,0,0,0,0,0,0
2020-12-28T23:59:59+01:00,0,0,0,0,1,1,5,7,7,8,3,9,10,5,6,15,8,24,0,0,0,0,0,0,0,0,0,0,0,0,0,0,0,0,109,0,0,0,0,0,0,0,0
2020-12-27T23:59:59+01:00,0,0,0,0,0,0,2,4,2,7,2,6,4,4,6,15,7,23,0,0,0,0,0,0,0,0,0,0,0,0,0,0,0,0,82,0,0,0,0,0,0,0,0
