Datum,<15_m,<15_w,15-24_1_m,15-24_1_w,25-34_1_m,25-34_1_w,35-44_1_m,35-44_1_w,45-54_1_m,45-54_1_w,55-64_1_m,55-64_1_w,65-74_1_m,65-74_1_w,75-84_1_m,75-84_1_w,>84_1_m,>84_1_w,<24_2_m,<24_2_w,25-34_2_m,25-34_2_w,35-44_2_m,35-44_2_w,45-54_2_m,45-54_2_w,55-64_2_m,55-64_2_w,65-74_2_m,65-74_2_w,75-84_2_m,75-84_2_w,>84_2_m,>84_2_w,bp_1,bp_2,mo_1,mo_2,az_1,az_2,ja,unb_1,unb_2
2021-10-07T23:59:59+02:00,1896,1804,10061,9481,11059,10394,13591,14062,17632,17989,20819,20792,16462,17164,9200,11169,2963,5700,9304,8778,10535,9734,13044,13366,17014,17348,20292,20224,16107,16788,8980,10888,2866,5512,151948,145163,20217,19376,27927,27105,12150,9,8
2021-10-06T23:59:59+02:00,1878,1780,10036,9462,11044,10378,13577,14041,17625,17976,20806,20783,16456,17155,9191,11162,2958,5695,9262,8715,10513,9697,13011,13328,16989,17321,20272,20205,16096,16779,8975,10884,2866,5509,151720,144713,20213,19376,27927,27105,12144,9,8
2021-10-05T23:59:59+02:00,1868,1769,10023,9440,11034,10361,13561,14024,17616,17968,20796,20778,16452,17149,9190,11162,2957,5695,9242,8690,10498,9676,13001,13317,16981,17304,20260,20196,16090,16775,8972,10878,2863,5505,151581,144519,20213,19376,27927,27105,12123,9,8
2021-10-04T23:59:59+02:00,1856,1759,9999,9426,11023,10345,13547,14012,17605,17954,20784,20765,16451,17146,9188,11160,2956,5695,9220,8669,10478,9653,12997,13307,16972,17285,20251,20176,16088,16771,8970,10876,2862,5505,151431,144339,20208,19376,27927,27104,12106,9,8
2021-10-03T23:59:59+02:00,1850,1754,9992,9420,11012,10335,13542,14006,17598,17949,20776,20761,16448,17141,9186,11159,2956,5695,9212,8660,10465,9646,12993,13302,16968,17278,20242,20172,16086,16769,8970,10875,2862,5505,151371,144287,20208,19376,27927,27104,12075,9,8
2021-10-02T23:59:59+02:00,1850,1754,9990,9417,11010,10333,13539,14006,17598,17949,20774,20759,16447,17140,9186,11159,2956,5695,9211,8658,10462,9643,12991,13300,16968,17278,20241,20170,16085,16767,8970,10875,2862,5505,151363,144279,20208,19375,27927,27104,12065,9,8
2021-10-01T23:59:59+02:00,1847,1750,9976,9402,11001,10318,13530,13998,17589,17942,20769,20755,16443,17136,9184,11158,2954,5693,9194,8640,10448,9632,12989,13289,16957,17271,20232,20163,16084,16767,8969,10870,2861,5503,151264,144155,20207,19375,27927,27104,12048,9,8
2021-09-30T23:59:59+02:00,1844,1747,9961,9394,10989,10308,13520,13982,17582,17932,20762,20749,16443,17135,9182,11156,2953,5692,9171,8632,10436,9621,12982,13277,16947,17267,20225,20158,16081,16767,8966,10870,2861,5503,151197,144085,20205,19372,27927,27104,12003,9,8
2021-09-29T23:59:59+02:00,1831,1713,9933,9358,10965,10284,13506,13962,17567,17920,20743,20739,16435,17127,9180,11153,2952,5689,9161,8617,10423,9606,12979,13263,16942,17254,20215,20150,16075,16758,8963,10867,2860,5502,150941,143957,20205,19371,27927,27104,11985,9,8
2021-09-28T23:59:59+02:00,1804,1689,9880,9305,10944,10248,13475,13936,17539,17890,20726,20719,16425,17114,9176,11144,2951,5686,9143,8587,10410,9584,12961,13250,16932,17242,20202,20138,16066,16749,8957,10860,2860,5501,150562,143753,20205,19370,27926,27104,11959,9,8
2021-09-27T23:59:59+02:00,1787,1676,9855,9287,10919,10226,13456,13909,17521,17871,20717,20712,16419,17109,9172,11141,2951,5684,9124,8565,10388,9564,12941,13223,16917,17225,20191,20129,16063,16747,8955,10857,2860,5500,150394,143603,20197,19366,27926,27102,11896,9,8
2021-09-26T23:59:59+02:00,1780,1670,9844,9278,10903,10214,13446,13901,17515,17865,20707,20711,16417,17105,9172,11140,2950,5684,9119,8557,10380,9560,12932,13218,16913,17220,20184,20127,16061,16745,8955,10857,2860,5500,150314,143569,20196,19366,27926,27101,11867,9,8
2021-09-25T23:59:59+02:00,1780,1669,9841,9277,10902,10214,13444,13900,17515,17865,20707,20711,16417,17104,9172,11140,2950,5684,9119,8554,10378,9560,12931,13216,16913,17220,20184,20127,16061,16744,8955,10857,2860,5500,150309,143565,20196,19366,27926,27101,11862,9,8
2021-09-24T23:59:59+02:00,1772,1653,9824,9265,10898,10204,13440,13889,17512,17861,20704,20707,16414,17103,9172,11140,2949,5684,9102,8541,10372,9549,12927,13212,16907,17214,20183,20123,16059,16742,8954,10857,2860,5500,150220,143482,20194,19366,27926,27101,11852,9,8
2021-09-23T23:59:59+02:00,1769,1651,9761,9223,10790,10140,13342,13816,17428,17795,20651,20660,16390,17085,9165,11129,2949,5681,9044,8503,10265,9490,12837,13152,16827,17152,20132,20079,16036,16721,8946,10845,2860,5497,150143,143453,20192,19363,27926,27101,11164,9,8
2021-09-22T23:59:59+02:00,1747,1634,9732,9190,10775,10111,13316,13785,17400,17772,20636,20638,16386,17077,9163,11122,2946,5680,9019,8488,10244,9473,12822,13136,16808,17141,20121,20074,16030,16719,8943,10839,2858,5494,149857,143283,20188,19360,27926,27101,11139,9,8
2021-09-21T23:59:59+02:00,1716,1603,9676,9125,10741,10076,13289,13743,17370,17749,20622,20628,16373,17063,9158,11120,2944,5675,8985,8456,10228,9454,12800,13109,16782,17111,20111,20064,16020,16712,8938,10836,2858,5492,149436,143000,20186,19358,27925,27101,11124,9,8
2021-09-20T23:59:59+02:00,1684,1579,9621,9072,10693,10026,13253,13702,17349,17730,20598,20610,16363,17056,9149,11108,2943,5671,8950,8429,10209,9432,12773,13086,16761,17093,20094,20045,16012,16703,8931,10829,2856,5491,149034,142757,20184,19357,27925,27100,11064,9,8
2021-09-19T23:59:59+02:00,1683,1578,9617,9064,10686,10021,13245,13699,17341,17724,20591,20606,16361,17053,9148,11106,2940,5668,8944,8423,10205,9430,12769,13084,16758,17091,20091,20041,16011,16703,8931,10829,2856,5490,148979,142735,20181,19355,27925,27099,11046,9,8
2021-09-18T23:59:59+02:00,1683,1578,9617,9063,10684,10017,13242,13695,17338,17724,20590,20606,16361,17053,9148,11106,2940,5668,8942,8420,10203,9428,12768,13081,16754,17090,20090,20041,16011,16703,8931,10829,2856,5490,148973,142726,20181,19355,27925,27099,11034,9,8
2021-09-17T23:59:59+02:00,1677,1570,9600,9040,10672,10001,13226,13681,17327,17713,20586,20596,16359,17051,9147,11104,2939,5667,8935,8414,10197,9422,12759,13076,16750,17085,20087,20033,16011,16701,8930,10828,2856,5490,148859,142702,20180,19355,27925,27098,10992,9,8
2021-09-16T23:59:59+02:00,1673,1569,9584,9024,10656,9985,13215,13668,17315,17704,20574,20585,16358,17047,9144,11101,2939,5665,8929,8408,10189,9415,12751,13070,16742,17080,20077,20028,16011,16700,8930,10825,2856,5488,148756,142673,20177,19352,27924,27095,10949,9,8
2021-09-15T23:59:59+02:00,1660,1554,9557,8997,10632,9965,13186,13640,17296,17680,20557,20567,16352,17040,9135,11093,2939,5661,8882,8369,10158,9375,12718,13030,16717,17060,20048,20008,16004,16688,8925,10822,2856,5486,148589,142338,20109,19340,27924,27092,10889,9,8
2021-09-14T23:59:59+02:00,1647,1544,9523,8966,10616,9945,13168,13617,17273,17662,20543,20553,16335,17027,9125,11082,2935,5649,8848,8336,10142,9358,12709,13007,16701,17041,20031,19988,16000,16681,8922,10815,2855,5482,148388,142097,20031,19339,27924,27092,10867,9,8
2021-09-13T23:59:59+02:00,1614,1509,9480,8911,10590,9911,13145,13574,17252,17643,20521,20540,16329,17021,9122,11076,2933,5643,8813,8308,10126,9336,12688,12975,16688,17024,20015,19972,15994,16667,8916,10813,2854,5478,148170,141843,19878,19331,27924,27091,10843,8,8
2021-09-12T23:59:59+02:00,1612,1506,9467,8904,10577,9905,13138,13564,17247,17639,20518,20535,16328,17018,9120,11075,2933,5640,8789,8286,10105,9325,12671,12961,16677,17016,20007,19963,15991,16663,8915,10807,2854,5477,148119,141683,19872,19330,27924,27090,10812,8,8
2021-09-11T23:59:59+02:00,1612,1506,9465,8899,10573,9902,13135,13562,17246,17636,20515,20533,16328,17016,9119,11075,2933,5640,8780,8284,10103,9324,12666,12960,16676,17013,20005,19962,15991,16662,8914,10807,2854,5477,148108,141677,19870,19325,27924,27090,10794,8,8
2021-09-10T23:59:59+02:00,1611,1505,9461,8895,10564,9895,13123,13557,17241,17629,20513,20529,16327,17015,9119,11075,2933,5640,8776,8281,10097,9316,12656,12954,16670,17008,20002,19958,15991,16661,8914,10806,2854,5477,148079,141657,19869,19319,27924,27090,10761,8,8
2021-09-09T23:59:59+02:00,1608,1500,9445,8889,10553,9882,13109,13540,17225,17620,20498,20518,16325,17014,9117,11071,2932,5637,8766,8276,10090,9306,12651,12941,16652,17001,19990,19949,15989,16659,8912,10799,2853,5475,147997,141605,19867,19319,27924,27089,10695,8,8
2021-09-08T23:59:59+02:00,1570,1451,9401,8830,10522,9844,13082,13503,17193,17594,20479,20498,16309,17000,9113,11065,2932,5635,8742,8260,10072,9290,12632,12926,16637,16992,19974,19942,15982,16653,8911,10795,2853,5475,147585,141477,19866,19314,27924,27089,10646,8,8
2021-09-07T23:59:59+02:00,1552,1426,9381,8806,10504,9824,13072,13493,17184,17582,20473,20493,16305,16997,9112,11060,2931,5633,8734,8252,10064,9288,12624,12924,16633,16984,19970,19939,15982,16651,8911,10792,2853,5475,147409,141436,19864,19312,27924,27085,10631,8,8
2021-09-06T23:59:59+02:00,1539,1414,9357,8781,10484,9803,13062,13479,17173,17568,20464,20477,16303,16994,9110,11060,2930,5633,8728,8243,10056,9281,12619,12915,16627,16979,19965,19932,15980,16650,8907,10789,2853,5474,147233,141377,19863,19309,27922,27084,10613,8,8
2021-09-05T23:59:59+02:00,1536,1411,9349,8770,10476,9798,13057,13473,17170,17561,20458,20475,16300,16991,9110,11059,2930,5633,8720,8237,10049,9271,12612,12909,16621,16973,19957,19930,15978,16648,8907,10788,2853,5474,147183,141322,19863,19309,27922,27081,10589,8,8
2021-09-04T23:59:59+02:00,1535,1411,9348,8768,10475,9798,13056,13472,17170,17561,20456,20473,16300,16991,9110,11059,2930,5633,8720,8237,10048,9269,12611,12909,16620,16972,19956,19930,15978,16648,8907,10788,2853,5474,147177,141316,19860,19309,27922,27081,10587,8,8
2021-09-03T23:59:59+02:00,1525,1397,9327,8750,10462,9786,13052,13462,17155,17550,20444,20463,16296,16985,9109,11054,2930,5630,8704,8225,10036,9262,12604,12902,16604,16962,19953,19922,15974,16641,8906,10784,2853,5471,147076,141265,19857,19307,27922,27081,10522,8,8
2021-09-02T23:59:59+02:00,1514,1388,9273,8718,10402,9735,12977,13404,17105,17513,20386,20420,16264,16958,9099,11043,2929,5625,8659,8200,9977,9218,12535,12852,16560,16929,19893,19881,15942,16618,8899,10776,2853,5466,146949,141208,19856,19303,27921,27079,10027,8,8
2021-09-01T23:59:59+02:00,1510,1371,9253,8704,10379,9724,12964,13391,17093,17499,20376,20416,16260,16952,9092,11039,2929,5624,8641,8179,9961,9201,12524,12841,16547,16918,19877,19870,15938,16613,8896,10770,2853,5465,146841,141073,19832,19301,27921,27078,9982,8,8
2021-08-31T23:59:59+02:00,1493,1353,9238,8677,10368,9711,12953,13383,17088,17488,20369,20408,16255,16948,9090,11034,2929,5624,8624,8162,9955,9189,12509,12830,16536,16913,19874,19863,15934,16611,8895,10767,2853,5465,146685,140948,19831,19298,27921,27075,9972,8,8
2021-08-30T23:59:59+02:00,1472,1336,9220,8654,10354,9695,12942,13368,17075,17468,20357,20399,16251,16945,9088,11032,2929,5623,8597,8148,9941,9177,12498,12811,16523,16896,19865,19856,15928,16605,8893,10762,2851,5463,146520,140810,19831,19294,27918,27066,9938,8,8
2021-08-29T23:59:59+02:00,1471,1335,9218,8648,10347,9686,12940,13363,17066,17463,20353,20394,16248,16940,9088,11032,2929,5622,8594,8142,9932,9166,12494,12805,16515,16891,19861,19853,15925,16598,8892,10762,2851,5462,146502,140790,19831,19293,27918,27060,9891,8,8
2021-08-28T23:59:59+02:00,1470,1335,9215,8644,10347,9685,12939,13362,17066,17462,20353,20393,16248,16940,9088,11032,2929,5622,8590,8142,9930,9166,12493,12804,16515,16890,19861,19852,15925,16598,8892,10762,2851,5462,146494,140784,19831,19291,27918,27060,9886,8,8
2021-08-27T23:59:59+02:00,1460,1324,9202,8637,10342,9679,12936,13360,17063,17456,20348,20388,16247,16938,9087,11032,2929,5622,8580,8135,9927,9160,12486,12802,16512,16883,19860,19851,15923,16597,8891,10761,2851,5462,146420,140734,19831,19289,27918,27055,9880,8,8
2021-08-26T23:59:59+02:00,1457,1323,9195,8633,10337,9673,12928,13359,17060,17454,20346,20383,16244,16935,9084,11027,2928,5622,8571,8124,9921,9154,12478,12799,16507,16881,19858,19846,15920,16593,8888,10758,2850,5462,146399,140703,19829,19289,27918,27049,9841,8,8
2021-08-25T23:59:59+02:00,1443,1299,9088,8577,10251,9601,12839,13285,16941,17370,20251,20327,16197,16897,9069,11006,2923,5611,8480,8070,9838,9092,12387,12734,16403,16808,19771,19792,15876,16554,8874,10738,2845,5449,146158,140558,19828,19288,27918,27047,9070,8,8
2021-08-24T23:59:59+02:00,1424,1274,9057,8547,10237,9581,12810,13256,16910,17334,20237,20311,16182,16887,9064,11000,2923,5608,8457,8057,9821,9080,12371,12723,16392,16793,19763,19782,15870,16550,8874,10736,2845,5448,145869,140439,19826,19286,27918,27047,9028,8,8
2021-08-23T23:59:59+02:00,1406,1249,9015,8510,10223,9563,12779,13236,16891,17316,20224,20287,16170,16875,9053,10994,2922,5603,8432,8041,9794,9061,12357,12717,16379,16784,19752,19766,15864,16543,8870,10731,2844,5445,145613,140343,19826,19284,27918,27026,8958,8,8
2021-08-22T23:59:59+02:00,1406,1249,9005,8505,10216,9557,12778,13232,16887,17310,20221,20284,16167,16871,9049,10994,2922,5602,8416,8035,9787,9050,12353,12712,16376,16777,19750,19762,15861,16538,8866,10729,2844,5444,145600,140314,19826,19282,27918,27023,8910,8,8
2021-08-21T23:59:59+02:00,1406,1248,9000,8505,10215,9555,12775,13231,16886,17310,20220,20283,16167,16871,9049,10994,2922,5602,8294,7955,9686,8956,12265,12602,16285,16706,19694,19718,15841,16523,8863,10718,2843,5442,145594,140310,19823,18381,27918,27022,8903,8,8
2021-08-20T23:59:59+02:00,1405,1246,8992,8503,10208,9547,12769,13221,16883,17308,20213,20278,16164,16871,9049,10992,2921,5601,7936,7629,9533,8796,12122,12462,16162,16596,19586,19622,15802,16474,8851,10694,2841,5441,145560,138212,19823,18381,27918,27021,8869,8,8
2021-08-19T23:59:59+02:00,1400,1244,8981,8497,10201,9538,12760,13216,16878,17306,20208,20276,16163,16869,9049,10991,2921,5600,7676,7361,9403,8691,11979,12343,16068,16490,19489,19535,15760,16426,8840,10674,2840,5433,145519,136484,19820,18373,27917,27012,8841,8,8
2021-08-18T23:59:59+02:00,1376,1212,8935,8461,10173,9507,12733,13181,16848,17283,20182,20247,16150,16855,9043,10985,2917,5595,7663,7351,9391,8683,11965,12326,16054,16481,19481,19526,15754,16419,8836,10670,2837,5430,145213,136437,19807,18372,27914,27011,8747,8,8
2021-08-17T23:59:59+02:00,1351,1199,8899,8429,10158,9486,12719,13157,16833,17262,20159,20225,16142,16845,9040,10978,2915,5590,7650,7336,9373,8675,11954,12317,16047,16471,19470,19520,15748,16414,8835,10668,2836,5428,144971,136366,19804,18367,27913,27005,8697,8,8
2021-08-16T23:59:59+02:00,1328,1181,8861,8403,10139,9467,12695,13133,16823,17245,20139,20210,16137,16833,9036,10977,2914,5590,7641,7324,9357,8672,11944,12311,16045,16466,19461,19513,15745,16411,8835,10668,2836,5428,144738,136326,19802,18363,27913,27004,8656,8,8
2021-08-15T23:59:59+02:00,1310,1164,8842,8384,10126,9453,12679,13120,16810,17235,20125,20198,16131,16827,9036,10972,2914,5590,7629,7313,9341,8656,11930,12300,16038,16458,19455,19509,15737,16407,8834,10665,2836,5428,144590,136269,19801,18358,27910,26985,8613,8,8
2021-08-14T23:59:59+02:00,1309,1164,8842,8384,10125,9453,12678,13118,16810,17234,20124,20196,16131,16827,9036,10972,2914,5590,7313,7020,9197,8488,11756,12135,15920,16328,19361,19421,15711,16383,8825,10652,2836,5424,144584,134280,19801,18356,27910,26977,8610,8,8
2021-08-13T23:59:59+02:00,1304,1162,8830,8375,10114,9445,12666,13108,16794,17225,20116,20188,16127,16821,9034,10971,2913,5590,6924,6659,9026,8327,11548,11919,15702,16147,19220,19299,15676,16344,8813,10638,2834,5420,144556,131799,19801,18356,27910,26974,8514,8,8
2021-08-12T23:59:59+02:00,1304,1162,8829,8372,10107,9440,12663,13108,16788,17216,20112,20183,16126,16817,9032,10969,2913,5590,6917,6652,9012,8320,11537,11917,15691,16140,19216,19293,15674,16339,8811,10637,2834,5420,144541,131765,19800,18353,27910,26956,8477,8,8
2021-08-11T23:59:59+02:00,1301,1158,8825,8365,10098,9433,12655,13104,16782,17212,20106,20181,16124,16814,9031,10969,2913,5589,6910,6642,8996,8309,11526,11913,15687,16133,19208,19287,15670,16336,8810,10637,2834,5418,144491,131703,19796,18347,27910,26942,8460,8,8
2021-08-10T23:59:59+02:00,1300,1158,8823,8364,10094,9428,12652,13099,16780,17210,20105,20176,16122,16812,9031,10968,2913,5589,6866,6597,8963,8294,11507,11893,15661,16121,19201,19277,15668,16334,8810,10635,2834,5418,144464,131460,19796,18343,27910,26935,8451,8,8
2021-08-09T23:59:59+02:00,1300,1156,8817,8363,10090,9420,12650,13096,16773,17208,20099,20176,16120,16812,9030,10968,2913,5589,6847,6573,8942,8277,11494,11882,15645,16109,19195,19272,15665,16333,8808,10634,2834,5418,144438,131326,19796,18339,27908,26926,8435,8,8
2021-08-08T23:59:59+02:00,1300,1155,8814,8357,10088,9416,12641,13093,16768,17204,20097,20173,16118,16808,9029,10967,2912,5588,6844,6562,8926,8269,11477,11874,15638,16100,19193,19267,15662,16329,8807,10633,2833,5417,144426,131277,19795,18331,27908,26922,8396,8,8
2021-08-07T23:59:59+02:00,1300,1147,8805,8350,10077,9409,12638,13086,16761,17200,20091,20168,16114,16803,9027,10967,2911,5588,6192,5991,8655,8046,11207,11644,15439,15926,19108,19191,15642,16305,8800,10626,2830,5416,144377,128189,19794,18319,27908,26921,8360,8,8
2021-08-06T23:59:59+02:00,1294,1146,8796,8338,10063,9397,12618,13067,16743,17188,20074,20156,16107,16795,9027,10964,2911,5587,6179,5977,8640,8031,11183,11623,15417,15909,19091,19179,15635,16298,8800,10623,2830,5415,144339,128136,19791,18313,27908,26919,8230,8,8
2021-08-05T23:59:59+02:00,1291,1144,8789,8331,10054,9388,12604,13059,16737,17185,20066,20152,16106,16795,9027,10963,2911,5587,5895,5741,8291,7735,10817,11347,15094,15670,18841,19011,15615,16274,8790,10616,2829,5414,144290,128041,19787,15609,27904,26886,8205,8,8
2021-08-04T23:59:59+02:00,1290,1141,8783,8327,10049,9386,12598,13055,16732,17183,20064,20149,16105,16795,9026,10962,2911,5586,5881,5733,8262,7725,10797,11335,15077,15664,18836,19006,15612,16271,8789,10616,2829,5414,144258,127941,19786,15601,27903,26870,8192,8,8
2021-08-03T23:59:59+02:00,1283,1138,8779,8317,10044,9381,12593,13052,16727,17181,20059,20147,16103,16795,9025,10960,2911,5585,5769,5619,8169,7655,10680,11258,15028,15611,18807,18991,15608,16269,8788,10614,2827,5413,144213,127215,19784,15593,27903,26841,8177,8,8
2021-08-02T23:59:59+02:00,1277,1132,8766,8309,10037,9374,12588,13046,16722,17171,20052,20143,16101,16792,9023,10957,2910,5584,5598,5459,8040,7548,10556,11143,14956,15528,18775,18966,15600,16260,8782,10614,2827,5413,144132,126149,19778,15588,27902,26810,8169,8,8
2021-08-01T23:59:59+02:00,1275,1131,8759,8302,10030,9367,12582,13044,16717,17169,20047,20141,16101,16792,9022,10955,2910,5584,5537,5402,7989,7499,10494,11091,14920,15503,18762,18948,15597,16257,8780,10611,2827,5411,144088,125710,19776,15584,27901,26789,8160,8,8
2021-07-31T23:59:59+02:00,1275,1131,8758,8299,10030,9366,12580,13044,16716,17169,20046,20139,16101,16792,9022,10955,2910,5584,5511,5381,7973,7486,10477,11077,14907,15497,18758,18945,15596,16256,8780,10611,2827,5411,144086,125579,19775,15580,27901,26788,8152,8,8
2021-07-30T23:59:59+02:00,1143,1010,8530,8070,9936,9248,12500,12960,16636,17097,19986,20072,16069,16753,9016,10938,2909,5581,5217,5106,7835,7343,10289,10884,14771,15331,18690,18888,15572,16228,8767,10598,2823,5407,142631,123747,19773,15572,27901,26771,8146,8,8
2021-07-29T23:59:59+02:00,1136,1002,8399,7980,9777,9150,12346,12858,16487,17002,19822,19962,15983,16684,8991,10919,2908,5574,4922,4872,7557,7150,10008,10683,14524,15157,18495,18770,15486,16153,8740,10577,2822,5397,142510,122647,19770,15531,27901,26746,6796,8,8
2021-07-28T23:59:59+02:00,1125,988,8370,7943,9763,9134,12324,12844,16470,16979,19802,19952,15976,16671,8984,10915,2908,5572,4500,4442,7239,6899,9690,10383,14288,14975,18439,18729,15471,16142,8734,10566,2822,5387,142267,119997,19768,15477,27899,26683,6783,8,8
2021-07-27T23:59:59+02:00,1115,980,8347,7928,9750,9127,12312,12835,16462,16973,19795,19939,15974,16665,8982,10912,2907,5570,4266,4196,7008,6700,9443,10104,14128,14814,18388,18662,15422,16096,8717,10550,2819,5380,142128,117977,19766,15474,27899,26658,6777,8,8
2021-07-26T23:59:59+02:00,1111,977,8334,7916,9743,9122,12306,12829,16455,16965,19788,19938,15971,16660,8980,10908,2906,5565,4160,4088,6905,6589,9317,9982,14045,14731,18341,18628,15411,16085,8707,10542,2816,5378,142049,117074,19763,15464,27888,26600,6771,8,8
2021-07-25T23:59:59+02:00,1110,976,8325,7913,9730,9118,12296,12826,16450,16958,19785,19937,15969,16660,8979,10908,2906,5565,4109,4038,6828,6540,9245,9926,14009,14699,18317,18614,15393,16072,8700,10536,2816,5376,142023,116633,19759,15448,27887,26578,6739,8,8
2021-07-24T23:59:59+02:00,1108,972,8237,7851,9656,9037,12229,12749,16381,16905,19744,19898,15948,16646,8976,10898,2906,5564,4066,3996,6771,6490,9167,9869,13944,14633,18285,18588,15381,16061,8692,10532,2816,5376,142004,116379,19094,15166,27887,26576,6717,8,8
2021-07-23T23:59:59+02:00,1082,947,8125,7762,9618,9002,12195,12720,16336,16870,19715,19879,15942,16640,8972,10894,2906,5564,3775,3711,6514,6285,8884,9583,13708,14456,18205,18527,15339,16018,8674,10513,2814,5370,141510,114131,19094,15143,27887,26570,6675,8,8
2021-07-22T23:59:59+02:00,989,860,7909,7532,9514,8913,12077,12624,16244,16786,19640,19794,15896,16600,8963,10879,2905,5558,3650,3584,6360,6192,8730,9454,13545,14313,18130,18459,15318,15992,8666,10503,2814,5369,140047,112980,19092,15071,27880,26475,6661,8,8
2021-07-21T23:59:59+02:00,969,846,7877,7492,9498,8902,12055,12601,16220,16770,19616,19773,15885,16593,8963,10874,2905,5558,3345,3318,6013,5933,8335,9071,13278,14077,17988,18334,15226,15911,8634,10473,2811,5357,139791,110171,19090,14999,27875,26378,6638,8,8
2021-07-20T23:59:59+02:00,968,845,7869,7487,9491,8899,12050,12599,16212,16769,19611,19768,15884,16592,8963,10873,2905,5558,3272,3267,5953,5877,8277,9012,13194,14033,17956,18319,15226,15911,8634,10471,2811,5357,139753,109785,19089,14984,27872,26246,6626,8,8
2021-07-19T23:59:59+02:00,967,845,7862,7485,9488,8891,12045,12597,16207,16762,19608,19768,15882,16589,8963,10871,2905,5557,3220,3232,5902,5835,8216,8967,13137,14006,17910,18306,15226,15908,8634,10469,2811,5356,139716,109504,19088,14967,27872,26119,6613,8,8
2021-07-18T23:59:59+02:00,966,844,7851,7476,9483,8886,12036,12592,16202,16756,19606,19766,15881,16587,8963,10871,2905,5557,3200,3214,5863,5804,8181,8938,13098,13990,17895,18302,15226,15907,8634,10469,2811,5355,139669,109316,19087,14933,27870,26106,6599,8,8
2021-07-17T23:59:59+02:00,851,725,7529,7186,9331,8715,11861,12430,16073,16617,19509,19670,15860,16566,8955,10858,2905,5554,3099,3106,5752,5712,8048,8779,12957,13862,17800,18224,15216,15889,8631,10462,2811,5355,137656,108135,19086,14928,27870,26102,6583,5,8
2021-07-16T23:59:59+02:00,695,574,7133,6858,9147,8555,11669,12219,15870,16440,19367,19542,15830,16529,8945,10844,2904,5552,3037,3045,5676,5649,7935,8672,12837,13726,17721,18149,15194,15873,8627,10460,2810,5355,135171,107236,19086,14923,27869,26095,6547,5,8
2021-07-15T23:59:59+02:00,693,574,7119,6850,9144,8553,11657,12215,15860,16433,19363,19536,15828,16526,8941,10842,2903,5543,2998,3010,5610,5606,7845,8622,12762,13685,17691,18125,15171,15857,8619,10453,2809,5346,135131,107004,19084,14769,27864,25970,6500,5,8
2021-07-14T23:59:59+02:00,691,573,7110,6841,9139,8551,11653,12210,15854,16430,19358,19531,15826,16523,8938,10839,2903,5539,2975,2997,5569,5574,7809,8601,12729,13669,17673,18114,15164,15854,8616,10449,2809,5342,135098,106851,19083,14735,27864,25929,6463,5,8
2021-07-13T23:59:59+02:00,686,571,7085,6824,9125,8534,11644,12195,15843,16411,19348,19525,15817,16519,8934,10829,2898,5531,2918,2946,5505,5508,7649,8466,12475,13451,17517,17986,15145,15843,8604,10436,2804,5331,134971,105636,19083,14682,27861,25894,6403,5,8
2021-07-12T23:59:59+02:00,680,563,7071,6809,9114,8523,11634,12185,15838,16398,19336,19521,15815,16515,8932,10829,2898,5528,2862,2892,5422,5433,7501,8351,12228,13238,17336,17839,15135,15838,8600,10429,2803,5331,134855,104398,19081,14629,27857,25844,6395,5,8
2021-07-11T23:59:59+02:00,679,562,7062,6807,9104,8515,11627,12177,15828,16395,19331,19516,15815,16512,8931,10827,2898,5528,2831,2857,5345,5360,7403,8264,12061,13081,17210,17706,15127,15827,8599,10426,2803,5331,134811,103509,19077,14580,27857,25801,6368,5,8
2021-07-10T23:59:59+02:00,505,404,6498,6256,8879,8329,11384,11985,15671,16262,19276,19467,15807,16502,8927,10822,2897,5527,2802,2823,5293,5314,7320,8184,11958,12981,17132,17639,15112,15811,8596,10415,2800,5329,132115,102811,19077,14578,27857,25793,6348,5,8
2021-07-09T23:59:59+02:00,494,397,6439,6228,8852,8292,11344,11957,15644,16249,19263,19451,15806,16499,8927,10819,2897,5527,2745,2756,5211,5245,7141,8007,11546,12682,16835,17432,15091,15783,8589,10410,2798,5327,132023,101783,18867,13718,27856,25778,6338,5,8
2021-07-08T23:59:59+02:00,488,395,6123,5969,8479,8004,10962,11651,15307,16001,19004,19277,15784,16475,8918,10812,2894,5526,2684,2705,5129,5169,7002,7916,11345,12540,16683,17308,15084,15775,8589,10408,2798,5326,131936,100920,15974,13548,27851,25703,6307,5,8
2021-07-07T23:59:59+02:00,486,391,6108,5957,8455,7989,10947,11634,15296,15991,19003,19272,15782,16471,8917,10810,2894,5524,2635,2653,5039,5110,6863,7822,11110,12358,16519,17174,15076,15768,8584,10402,2798,5326,131828,99897,15965,13423,27849,25654,6280,5,8
2021-07-06T23:59:59+02:00,459,371,6007,5864,8382,7923,10874,11565,15263,15951,18980,19256,15774,16461,8914,10808,2891,5522,2567,2583,4906,4995,6680,7689,10721,11946,16147,16798,15050,15735,8576,10395,2797,5322,131211,97739,15957,13341,27844,25593,6248,5,8
2021-07-05T23:59:59+02:00,418,337,5829,5693,8264,7830,10760,11451,15204,15881,18948,19225,15768,16453,8910,10803,2888,5521,2514,2507,4807,4897,6547,7554,10369,11627,15873,16492,15020,15705,8568,10380,2797,5317,130162,95943,15953,13277,27841,25540,6222,5,8
2021-07-04T23:59:59+02:00,398,307,5755,5613,8207,7773,10693,11393,15174,15850,18934,19206,15761,16449,8909,10801,2888,5519,2495,2477,4745,4850,6486,7504,10232,11518,15772,16420,15015,15697,8566,10379,2796,5317,129656,95379,15946,13208,27836,25502,6187,5,8
2021-07-03T23:59:59+02:00,392,305,5736,5603,8197,7764,10682,11389,15167,15844,18931,19203,15761,16449,8909,10801,2888,5519,2460,2445,4649,4822,6379,7478,10174,11472,15667,16334,14336,14990,8547,10354,2796,5317,129585,95264,15944,13206,27836,23586,6170,5,8
2021-07-02T23:59:59+02:00,346,266,5547,5454,8125,7692,10584,11292,15102,15787,18912,19196,15757,16445,8904,10799,2886,5516,2413,2397,4493,4744,6195,7404,10020,11315,15477,16131,13546,14072,8539,10339,2796,5316,128671,94701,15942,13162,27835,21183,6157,5,8
2021-07-01T23:59:59+02:00,284,211,5330,5271,7996,7580,10444,11166,14974,15692,18868,19171,15750,16438,8899,10793,2886,5515,2296,2277,4317,4571,5958,7150,9239,10630,14848,15661,13521,14043,8534,10334,2792,5314,127379,91204,15930,13066,27834,21099,6120,5,8
2021-06-30T23:59:59+02:00,154,121,4848,4798,7655,7303,10091,10828,14747,15515,18811,19127,15739,16427,8895,10785,2886,5512,2260,2230,4232,4499,5847,7053,9068,10507,14758,15583,13507,14035,8531,10331,2792,5312,124393,90604,15924,12893,27834,20966,6086,5,8
2021-06-29T23:59:59+02:00,117,99,4564,4518,7403,7086,9801,10528,14548,15325,18748,19066,15687,16377,8875,10770,2885,5507,2193,2150,4089,4363,5640,6872,8842,10278,14463,15358,13460,13987,8518,10307,2790,5299,122322,89152,15920,12740,27832,20894,5825,5,8
2021-06-28T23:59:59+02:00,101,78,4429,4375,7298,6976,9679,10403,14456,15218,18703,19023,15671,16361,8861,10759,2882,5505,2106,2023,3908,4157,5359,6530,8458,9768,13932,14822,13341,13898,8499,10283,2787,5285,121309,85945,15909,12659,27829,20827,5726,5,6
2021-06-27T23:59:59+02:00,96,76,4375,4328,7239,6921,9617,10348,14423,15184,18683,19006,15654,16349,8854,10752,2881,5500,2052,1989,3844,4113,5245,6416,8289,9639,13756,14709,13315,13878,8489,10274,2784,5283,120943,85156,15905,12624,27826,20688,5607,5,6
2021-06-26T23:59:59+02:00,83,74,4331,4298,7208,6893,9599,10326,14403,15168,18670,18993,15650,16343,8854,10752,2881,5500,1976,1896,3655,3955,5030,6160,7926,9184,13405,14413,13235,13820,8469,10246,2779,5274,120699,82520,15899,12624,27826,20682,5597,5,6
2021-06-25T23:59:59+02:00,70,61,4020,3972,6945,6656,9305,10033,14180,14979,18587,18936,15604,16298,8835,10733,2879,5493,1911,1812,3489,3833,4836,5929,7601,8769,13094,14078,13185,13764,8456,10221,2773,5268,118298,80164,15872,12593,27826,20677,5585,5,6
2021-06-24T23:59:59+02:00,63,54,3927,3882,6847,6571,9205,9943,14080,14894,18559,18903,15589,16281,8829,10726,2879,5492,1844,1738,3375,3736,4637,5787,7381,8570,12845,13877,12352,12833,8276,9958,2773,5267,117567,78947,15863,12487,27822,18348,5467,5,6
2021-06-23T23:59:59+02:00,49,49,3522,3509,6393,6224,8673,9436,13743,14591,18423,18767,15485,16189,8786,10690,2876,5478,1706,1566,3124,3532,4218,5458,6433,7859,12102,13179,12329,12821,8266,9951,2773,5263,114631,78313,15615,9157,27821,18299,4811,5,6
2021-06-22T23:59:59+02:00,40,41,3449,3436,6314,6165,8570,9358,13692,14543,18390,18750,15474,16182,8785,10685,2876,5475,1665,1513,3020,3429,4074,5308,6179,7675,11490,12469,12239,12727,8248,9918,2769,5255,114002,75973,15609,9075,27819,18140,4790,5,6
2021-06-21T23:59:59+02:00,34,38,3378,3375,6222,6106,8510,9287,13631,14497,18357,18730,15472,16180,8782,10682,2876,5474,1629,1462,2929,3332,3948,5158,5983,7449,10732,11549,11851,12271,7169,8691,2763,5248,113481,73318,15602,8974,27812,15140,4731,5,6
2021-06-20T23:59:59+02:00,34,37,3353,3353,6174,6075,8466,9255,13602,14480,18346,18726,15471,16180,8782,10682,2876,5474,1611,1445,2892,3304,3897,5120,5930,7425,10644,11473,11831,12252,7166,8684,2762,5248,113304,73001,15585,8897,27812,15124,4660,5,6
2021-06-19T23:59:59+02:00,32,35,3326,3328,6145,6052,8436,9236,13578,14474,18340,18721,15471,16179,8782,10682,2876,5474,1607,1433,2887,3295,3889,5115,5915,7420,10633,11466,11831,12252,7166,8683,2762,5248,113111,72921,15579,8897,27812,15122,4660,5,6
2021-06-18T23:59:59+02:00,28,30,3284,3285,6071,6012,8367,9181,13532,14443,18317,18710,15470,16177,8781,10681,2876,5474,1532,1339,2750,3119,3706,4839,5518,7047,9140,9898,11664,12084,7125,8633,2750,5230,112727,67742,15552,8896,27812,15111,4623,5,6
2021-06-17T23:59:59+02:00,26,26,3220,3233,6004,5972,8293,9127,13459,14398,18293,18699,15468,16172,8779,10678,2876,5471,1403,1246,2561,2904,3443,4547,5156,6651,8467,9166,11380,11841,7084,8576,2746,5227,112351,64025,15523,8781,27808,15083,4507,5,6
2021-06-16T23:59:59+02:00,26,23,3167,3172,5892,5904,8173,9034,13331,14312,18227,18663,15462,16163,8779,10675,2876,5471,1306,1190,2420,2796,3260,4387,4872,6378,7390,7875,11289,11733,7053,8539,2733,5209,111712,60262,15448,8735,27804,15050,4381,5,6
2021-06-15T23:59:59+02:00,21,22,3071,3086,5774,5814,7988,8855,13068,14093,18078,18536,15447,16151,8771,10669,2876,5469,1269,1157,2347,2740,3156,4312,4669,6253,7078,7624,10794,11174,7019,8505,2725,5196,110291,58017,15420,8703,27794,15018,4279,5,5
2021-06-14T23:59:59+02:00,20,20,2997,3016,5693,5756,7845,8736,12779,13855,17890,18360,15431,16137,8764,10664,2875,5468,1242,1129,2281,2684,3031,4216,4470,6114,6737,7319,10268,10563,6988,8468,2721,5186,108898,55649,15411,8596,27790,14970,4202,5,4
2021-06-13T23:59:59+02:00,20,20,2979,2986,5627,5718,7782,8670,12639,13720,17784,18238,15425,16128,8763,10661,2874,5468,1231,1116,2252,2668,2994,4205,4424,6094,6704,7302,10263,10557,6988,8467,2721,5186,108161,55507,15400,8588,27786,14927,4150,5,4
2021-06-12T23:59:59+02:00,18,20,2950,2968,5599,5693,7751,8651,12620,13701,17776,18235,15424,16126,8763,10661,2874,5468,1175,1054,2163,2592,2900,4069,4282,5962,6594,7217,10181,10479,6392,7743,2721,5186,107962,55392,15397,8588,27786,12582,4148,5,4
2021-06-11T23:59:59+02:00,18,17,2874,2894,5530,5629,7570,8465,12210,13395,17495,18030,15408,16101,8757,10653,2871,5466,1151,1037,2108,2551,2835,4020,4197,5900,6483,7126,10078,10366,6378,7736,2719,5180,106950,54866,14506,8319,27785,12543,4137,5,4
2021-06-10T23:59:59+02:00,14,15,2820,2853,5430,5576,7438,8384,12023,13256,17357,17912,15403,16097,8757,10652,2870,5465,1110,1012,2033,2485,2734,3942,4027,5770,6238,6913,9827,10098,6358,7708,2713,5174,106029,53301,14433,8315,27780,12451,4075,5,4
2021-06-09T23:59:59+02:00,13,14,2742,2784,5308,5481,7216,8214,11744,13014,17170,17763,15392,16083,8753,10643,2870,5462,1053,947,1902,2367,2529,3759,3701,5486,5616,6402,9004,9195,6301,7632,2699,5139,104822,49291,14281,8297,27771,12357,3787,5,4
2021-06-08T23:59:59+02:00,10,10,2644,2682,5173,5353,7020,8029,11314,12587,16793,17374,15373,16056,8742,10636,2869,5457,1016,918,1832,2302,2424,3685,3561,5420,5465,6270,8970,9176,6299,7620,2697,5135,102618,48779,14254,8246,27769,12289,3476,5,4
2021-06-07T23:59:59+02:00,8,9,2517,2584,4982,5222,6813,7864,10836,12226,16450,17078,15348,16028,8736,10619,2868,5453,947,881,1704,2245,2283,3601,3306,5330,5110,5985,8421,8551,6246,7561,2693,5126,100682,46562,14211,8230,27760,12215,2983,5,4
2021-06-06T23:59:59+02:00,8,7,2480,2559,4921,5165,6727,7807,10697,12115,16359,17013,15345,16024,8736,10619,2866,5452,931,871,1676,2225,2239,3573,3235,5305,5062,5961,8416,8550,6241,7553,2693,5125,100091,46401,14160,8220,27753,12144,2891,5,4
2021-06-05T23:59:59+02:00,7,6,2466,2537,4893,5140,6690,7777,10667,12088,16350,17006,15345,16024,8736,10619,2866,5452,915,856,1643,2196,2199,3517,3132,5223,4709,5632,7821,7845,6213,7499,2692,5123,99866,44014,14160,8214,27751,12100,2887,5,4
2021-06-04T23:59:59+02:00,6,5,2435,2508,4848,5096,6642,7724,10578,11984,16298,16942,15341,16017,8736,10618,2865,5451,903,838,1620,2176,2157,3480,3080,5165,4545,5443,7520,7477,6177,7457,2690,5117,99335,42727,14153,8212,27751,12056,2850,5,4
2021-06-03T23:59:59+02:00,6,5,2332,2380,4697,4922,6433,7476,9876,11350,15708,16492,15330,16007,8733,10612,2864,5450,886,808,1580,2117,2108,3400,2990,5055,4399,5276,7361,7288,6165,7430,2690,5113,95995,41679,14114,8202,27746,11972,2813,5,4
2021-06-02T23:59:59+02:00,6,5,2315,2355,4652,4889,6378,7439,9776,11262,15648,16439,15322,16003,8732,10608,2864,5449,874,796,1561,2093,2055,3363,2904,4969,4038,4887,6804,6649,6121,7374,2686,5102,95470,39340,14112,8197,27746,11929,2809,5,4
2021-06-01T23:59:59+02:00,6,4,2252,2315,4531,4796,6213,7322,9587,11114,15540,16362,15319,15999,8728,10604,2863,5444,840,769,1496,2044,1939,3300,2750,4876,3835,4760,6594,6417,6099,7356,2680,5095,94596,38257,14062,8175,27734,11814,2602,5,4
2021-05-31T23:59:59+02:00,2,4,2202,2256,4433,4704,6069,7197,9401,10965,15454,16306,15311,15992,8725,10604,2863,5444,817,735,1439,1985,1867,3251,2575,4820,3705,4706,6237,6003,6076,7335,2677,5087,93874,37077,13975,8168,27723,11713,2355,5,4
2021-05-30T23:59:59+02:00,2,4,2177,2235,4377,4643,5975,7137,9326,10903,15417,16286,15310,15989,8725,10604,2863,5444,805,724,1416,1962,1818,3225,2442,4785,3600,4688,6235,6001,6076,7335,2677,5087,93423,36760,13936,8146,27713,11628,2340,5,4
2021-05-29T23:59:59+02:00,2,4,2161,2220,4357,4631,5958,7120,9313,10890,15412,16283,15309,15989,8725,10604,2863,5444,787,672,1323,1703,1684,2863,2242,4237,3321,4259,6145,5907,5964,7203,2676,5087,93294,36707,13933,8140,27713,8884,2340,5,4
2021-05-28T23:59:59+02:00,2,4,2140,2197,4318,4585,5913,7075,9235,10820,15344,16231,15305,15987,8725,10604,2863,5443,768,582,1245,1450,1586,2461,2064,3549,3057,3664,5506,5166,5882,7112,2672,5074,92816,35406,13920,8140,27711,5951,2339,5,4
2021-05-27T23:59:59+02:00,2,4,2098,2159,4231,4518,5790,7001,9079,10720,15246,16147,15304,15986,8725,10604,2863,5443,738,548,1213,1367,1544,2323,1994,3408,2944,3545,5070,4685,5849,7073,2661,5045,92133,34282,13770,8131,27688,5268,2324,5,4
2021-05-26T23:59:59+02:00,2,4,2030,2040,4036,4373,5449,6736,8108,9976,14483,15444,15292,15980,8721,10598,2861,5440,727,533,1187,1306,1498,2264,1936,3293,2792,3401,3762,3304,5790,7001,2638,4987,91356,31004,10242,8114,27672,5001,2298,5,4
2021-05-25T23:59:59+02:00,2,4,1993,2003,3956,4306,5354,6670,7973,9869,14105,15008,15244,15943,8714,10583,2859,5436,722,526,1159,1271,1478,2239,1916,3265,2766,3375,3756,3294,5783,6998,2636,4986,90011,30915,10093,8104,27656,4892,2257,5,4
2021-05-24T23:59:59+02:00,2,4,1967,1959,3869,4230,5248,6588,7848,9745,13595,14393,15193,15876,8707,10570,2858,5431,716,518,1140,1259,1446,2224,1894,3246,2740,3353,3739,3276,5761,6974,2627,4970,88223,30781,10014,8053,27645,4852,2196,5,3
2021-05-23T23:59:59+02:00,2,4,1958,1947,3850,4208,5230,6575,7796,9714,13519,14330,15182,15872,8705,10569,2857,5431,709,507,1129,1246,1421,2200,1836,3210,2632,3255,3327,2843,5117,6164,2612,4925,87990,30607,9913,5498,27645,4831,2196,5,3
2021-05-22T23:59:59+02:00,2,4,1791,1905,3548,4158,4829,6532,7539,9657,13394,14251,15176,15871,8705,10568,2857,5431,547,476,836,1204,1045,2165,1596,3157,2518,3180,3324,2841,5117,6163,2612,4925,87839,30595,9913,5497,27643,4795,818,5,3
2021-05-21T23:59:59+02:00,2,3,1706,1797,3391,3966,4639,6237,7142,9291,12101,12917,15025,15723,8668,10521,2848,5420,543,464,826,1202,1043,2157,1561,3127,2440,3104,3150,2704,5091,6120,2609,4910,83066,29961,9873,5496,27637,4776,816,5,3
2021-05-20T23:59:59+02:00,2,3,1668,1763,3296,3916,4532,6154,6966,9208,11890,12687,15004,15705,8664,10514,2847,5419,522,449,784,1156,986,2093,1440,3055,2314,3008,2962,2533,5050,6044,2601,4895,82224,29214,9770,5481,27581,4536,659,4,3
2021-05-19T23:59:59+02:00,2,3,1647,1737,3238,3860,4437,6087,6849,9143,11657,12426,14993,15694,8661,10513,2847,5418,513,437,768,1119,969,2024,1330,2907,1988,2714,2399,2038,4945,5926,2579,4848,81403,27148,9631,5466,27554,4268,620,4,3
2021-05-18T23:59:59+02:00,2,3,1586,1704,3149,3770,4324,5983,6689,8984,11365,12169,14948,15646,8649,10490,2845,5408,510,425,752,1103,951,2007,1247,2842,1708,2491,1957,1694,4872,5843,2558,4805,80301,25608,9429,5456,27485,4204,495,4,3
2021-05-17T23:59:59+02:00,2,3,1537,1623,3019,3612,4120,5704,6341,8525,10816,11620,14839,15553,8630,10465,2840,5397,508,417,746,1096,932,2002,1223,2818,1681,2454,1941,1674,4865,5836,2555,4803,77403,25544,9392,5442,27461,4177,386,4,3
2021-05-16T23:59:59+02:00,2,3,1518,1601,2966,3571,4025,5617,6192,8389,10640,11486,14813,15531,8622,10457,2839,5395,501,411,724,1081,902,1986,1194,2790,1648,2430,1934,1665,4862,5832,2552,4801,76657,25514,9333,5424,27431,4131,242,4,3
2021-05-15T23:59:59+02:00,2,3,1432,1503,2756,3405,3796,5340,5833,7917,10287,11191,14728,15469,8603,10428,2833,5386,501,409,720,1079,902,1982,1189,2789,1642,2425,1922,1653,4855,5826,2552,4799,73910,25452,9333,5424,27424,4126,241,4,3
2021-05-14T23:59:59+02:00,2,3,1398,1440,2645,3308,3644,5183,5634,7628,10067,10938,14693,15431,8590,10405,2830,5382,452,368,649,913,829,1696,1061,2379,1461,2100,1888,1613,4852,5818,2551,4795,72265,25389,9314,5422,27401,2375,237,4,3
2021-05-13T23:59:59+02:00,2,3,1341,1372,2543,3224,3475,5046,5415,7422,9840,10759,14667,15402,8580,10402,2828,5379,445,356,622,885,727,1589,961,2294,1197,1887,1169,1033,4631,5583,2543,4762,71102,25269,9001,2881,27371,2310,222,4,3
2021-05-12T23:59:59+02:00,2,3,1334,1362,2526,3218,3457,5032,5394,7409,9825,10748,14665,15398,8578,10400,2827,5379,445,355,621,884,723,1587,956,2294,1193,1881,1150,1024,4618,5545,2509,4693,70986,25067,8977,2881,27369,2307,221,4,3
2021-05-11T23:59:59+02:00,2,2,1292,1320,2453,3136,3343,4905,5198,7262,9538,10440,14617,15340,8566,10380,2823,5370,439,342,603,870,700,1570,928,2270,1167,1855,1095,988,4555,5447,2466,4569,69646,24575,8854,2863,27284,2225,199,4,3
2021-05-10T23:59:59+02:00,2,2,1270,1293,2389,3059,3216,4779,5067,7105,9214,10060,14571,15301,8557,10361,2818,5368,438,340,590,861,686,1555,916,2255,1150,1841,1060,954,4493,5371,2425,4451,68290,24160,8732,2860,27215,2173,191,4,3
2021-05-09T23:59:59+02:00,2,2,1255,1276,2347,3044,3137,4743,5003,7072,9148,10015,14558,15286,8555,10356,2818,5366,430,338,576,856,663,1535,894,2235,1138,1827,1041,938,4480,5333,2409,4408,68051,23997,8656,2858,27167,2139,105,4,3
2021-05-08T23:59:59+02:00,1,2,1253,1272,2333,3032,3119,4732,4963,7057,9124,10007,14557,15286,8555,10355,2818,5366,430,338,575,856,662,1535,894,2234,1137,1826,1041,938,4479,5333,2409,4408,67908,23995,8650,2855,27165,2138,105,4,3
2021-05-07T23:59:59+02:00,1,2,1233,1251,2293,2991,3067,4684,4864,6965,8899,9760,14540,15263,8549,10349,2815,5362,382,312,543,788,625,1373,824,2027,1047,1637,1011,909,4458,5311,2407,4403,66997,23890,8643,2851,27139,1209,105,4,3
2021-05-06T23:59:59+02:00,1,2,1086,1159,2065,2748,2768,4373,4493,6564,8308,9153,14260,15024,8509,10292,2812,5361,381,308,530,769,608,1341,805,1992,1014,1609,984,877,4448,5297,2405,4399,63358,23760,8515,2800,27003,1107,98,4,3
2021-05-05T23:59:59+02:00,1,1,1021,1107,1953,2635,2608,4200,4197,6285,7291,7967,14174,14925,8474,10251,2799,5341,378,305,523,759,593,1331,771,1978,988,1589,911,814,4407,5225,2397,4383,59828,23439,8469,2779,26879,1082,50,4,3
2021-05-04T23:59:59+02:00,1,1,999,1087,1901,2596,2506,4132,3977,6171,7010,7749,13668,14358,8443,10218,2794,5332,375,304,518,755,581,1326,754,1959,972,1582,893,790,4386,5209,2394,4374,57769,23304,8410,2764,26718,1060,42,4,3
2021-05-03T23:59:59+02:00,1,1,967,1050,1839,2543,2400,4021,3776,6053,6652,7447,13132,13732,8406,10180,2787,5317,369,303,516,749,570,1319,745,1948,958,1569,867,766,4368,5191,2388,4361,55340,23192,8384,2753,26575,1039,1,4,3
2021-05-02T23:59:59+02:00,1,1,962,1049,1820,2537,2371,4012,3731,6043,6616,7438,13131,13731,8406,10179,2787,5317,369,303,513,749,569,1317,740,1948,957,1565,865,762,4366,5187,2388,4361,55201,23173,8378,2751,26548,1032,1,4,3
2021-05-01T23:59:59+02:00,1,1,962,1047,1812,2533,2359,4004,3718,6035,6602,7429,13130,13728,8406,10179,2787,5317,369,303,513,749,569,1317,739,1947,955,1565,865,762,4366,5187,2388,4361,55123,23173,8376,2747,26546,1032,1,4,3
2021-04-30T23:59:59+02:00,0,1,946,1042,1792,2517,2338,3969,3681,6002,6523,7375,13035,13624,8405,10174,2784,5305,319,248,472,673,540,1138,708,1724,921,1361,854,744,4362,5184,2388,4361,54625,23159,8375,2742,26508,93,1,4,3
2021-04-29T23:59:59+02:00,0,1,892,1017,1736,2467,2274,3910,3533,5878,6285,7152,12774,13350,8383,10145,2780,5298,312,246,462,666,537,1130,701,1713,910,1351,846,729,4353,5176,2388,4359,53028,23069,8359,2736,26483,71,1,4,3
2021-04-28T23:59:59+02:00,0,1,831,983,1656,2404,2130,3799,3249,5625,5682,6645,11937,12431,8324,10056,2756,5261,311,243,460,659,529,1117,690,1692,900,1344,831,713,4334,5149,2386,4359,48970,22946,8352,2717,26443,51,1,4,3
2021-04-27T23:59:59+02:00,0,1,822,978,1638,2383,2085,3780,3178,5600,5555,6521,11908,12414,8322,10054,2756,5259,310,241,454,657,521,1111,681,1680,890,1338,820,701,4330,5143,2385,4353,48490,22868,8347,2701,26412,43,1,4,3
2021-04-26T23:59:59+02:00,0,1,812,966,1612,2365,2025,3739,3000,5522,5223,6235,11343,11769,8267,9989,2751,5249,308,240,453,656,516,1105,670,1674,881,1327,810,692,4325,5138,2385,4349,46157,22817,8338,2672,26369,38,1,3,2
2021-04-25T23:59:59+02:00,0,1,802,964,1595,2359,1987,3722,2874,5499,5129,6230,11339,11765,8263,9983,2750,5248,307,239,453,656,516,1098,670,1672,878,1325,810,691,4325,5138,2385,4349,45828,22811,8332,2668,26346,31,1,3,2
2021-04-24T23:59:59+02:00,0,1,788,954,1573,2339,1947,3677,2777,5430,4786,5906,10725,11040,8232,9924,2749,5246,307,239,453,656,516,1097,669,1670,877,1325,805,687,4315,5122,2383,4348,43419,22774,8331,2663,26340,30,1,3,2
2021-04-23T23:59:59+02:00,0,1,783,946,1560,2329,1917,3650,2738,5377,4625,5720,10416,10658,8192,9882,2746,5237,307,238,453,656,516,1096,668,1670,875,1325,805,686,4312,5119,2383,4348,42118,22763,8330,2662,26325,30,1,3,2
2021-04-22T23:59:59+02:00,0,1,766,932,1532,2286,1867,3581,2651,5286,4472,5566,10272,10464,8178,9851,2744,5229,307,237,451,645,514,1090,662,1662,869,1316,799,682,4309,5117,2383,4346,41117,22727,8302,2638,26255,22,1,3,2
2021-04-21T23:59:59+02:00,0,1,755,920,1507,2274,1815,3536,2546,5198,4087,5146,9675,9780,8129,9787,2740,5218,305,237,449,644,514,1089,658,1659,864,1311,786,670,4299,5103,2383,4342,38598,22677,8286,2614,26226,20,1,3,2
2021-04-20T23:59:59+02:00,0,1,748,908,1486,2247,1784,3505,2496,5140,3950,5051,9478,9560,8112,9777,2736,5215,305,236,449,643,513,1087,657,1655,861,1305,780,665,4295,5098,2383,4342,37763,22645,8274,2608,26153,20,1,3,1
2021-04-19T23:59:59+02:00,0,1,741,899,1478,2239,1765,3487,2464,5113,3885,4992,9107,9143,8087,9752,2733,5209,305,234,448,639,511,1084,654,1653,857,1301,775,659,4286,5096,2383,4340,36733,22607,8262,2597,26096,20,1,3,1
2021-04-18T23:59:59+02:00,0,1,737,896,1473,2233,1747,3480,2445,5101,3877,4990,9097,9132,8087,9751,2733,5209,304,234,448,636,510,1080,652,1650,854,1301,774,657,4286,5094,2383,4340,36673,22599,8242,2583,26070,20,1,3,1
2021-04-17T23:59:59+02:00,0,1,721,890,1385,2223,1647,3468,2408,5071,3796,4912,8382,8410,8071,9738,2733,5209,304,234,446,634,509,1079,651,1650,853,1298,774,657,4285,5094,2383,4340,36665,22587,8242,2583,24154,20,1,3,1
2021-04-16T23:59:59+02:00,0,1,706,872,1256,2200,1495,3445,2322,5005,3634,4747,7042,6859,8036,9689,2720,5177,304,233,441,626,505,1075,641,1648,849,1288,764,651,4279,5080,2380,4338,35286,22510,8232,2579,21684,12,1,3,1
2021-04-15T23:59:59+02:00,0,1,685,862,1245,2187,1474,3427,2264,4968,3562,4695,6604,6360,7995,9625,2696,5102,297,227,427,615,488,1061,607,1621,814,1258,673,590,3781,4567,2356,4302,33962,22451,8177,1224,21609,8,1,3,1
2021-04-14T23:59:59+02:00,0,1,680,858,1226,2173,1442,3408,2219,4931,3430,4601,5263,4955,7944,9560,2674,5065,289,222,424,609,481,1058,600,1613,809,1255,658,574,3768,4557,2352,4297,30729,22363,8165,1195,21532,7,1,3,1
2021-04-13T23:59:59+02:00,0,1,677,858,1217,2168,1426,3406,2211,4920,3410,4586,5244,4938,7938,9557,2673,5063,289,221,422,607,478,1055,598,1609,798,1252,640,569,3766,4554,2352,4297,30648,22342,8144,1157,21497,7,1,3,1
2021-04-12T23:59:59+02:00,0,1,672,850,1204,2158,1410,3395,2176,4905,3379,4562,5219,4923,7925,9545,2670,5030,288,220,420,607,476,1049,596,1605,790,1244,635,566,3760,4553,2352,4297,30515,22314,8099,1136,21406,7,1,3,1
2021-04-11T23:59:59+02:00,0,1,664,846,1188,2146,1392,3380,2108,4880,3260,4478,4800,4481,7251,8719,2663,5025,288,220,418,607,474,1047,591,1602,786,1242,631,563,3756,4548,2352,4297,30485,22307,5479,1107,21314,7,1,3,1
2021-04-10T23:59:59+02:00,0,1,664,844,1187,2145,1390,3376,2106,4877,3257,4471,4756,4434,7247,8713,2663,5024,283,217,416,596,461,1031,564,1585,754,1217,559,493,3188,3928,2302,4202,30362,20681,5476,1107,21313,7,1,3,1
2021-04-09T23:59:59+02:00,0,1,660,843,1179,2142,1386,3371,2074,4855,3178,4390,4558,4268,7212,8664,2659,5008,273,210,406,582,442,1015,538,1566,733,1194,479,432,2531,3107,2253,4106,29672,18753,5472,1106,21300,7,1,3,1
2021-04-08T23:59:59+02:00,0,1,650,833,1163,2130,1369,3339,2012,4801,3028,4279,3503,3111,6971,8300,2648,4993,260,202,389,564,418,1001,516,1535,700,1172,458,405,2521,3098,2250,4103,28865,18525,5422,1059,18840,7,1,3,1
2021-04-07T23:59:59+02:00,0,1,643,827,1150,2121,1350,3326,1903,4721,2706,4029,2894,2582,6859,8176,2623,4940,246,195,362,540,380,967,473,1501,664,1144,431,381,2460,3034,2245,4095,26680,18072,5401,1040,18766,6,1,3,0
2021-04-06T23:59:59+02:00,0,1,633,818,1111,2114,1326,3308,1785,4670,2427,3861,2441,2233,6781,8085,2601,4902,222,182,328,513,355,948,436,1478,629,1113,396,339,2405,2959,2239,4085,25076,17599,5384,1022,18633,6,1,3,0
2021-04-05T23:59:59+02:00,0,1,630,816,1100,2109,1320,3305,1776,4660,2412,3844,2148,1887,5657,6766,2599,4901,222,182,327,509,349,942,432,1476,625,1109,393,336,2403,2953,2239,4083,25044,17589,5372,985,15512,6,1,2,0
2021-04-04T23:59:59+02:00,0,1,629,815,1100,2109,1320,3304,1776,4660,2410,3842,2147,1884,5657,6762,2599,4901,222,182,326,509,349,942,431,1476,625,1109,393,336,2402,2953,2239,4083,25035,17586,5372,985,15506,6,1,2,0
2021-04-03T23:59:59+02:00,0,1,629,815,1100,2108,1320,3304,1775,4658,2406,3842,2146,1881,5656,6762,2599,4901,222,182,326,509,349,942,431,1476,624,1109,393,336,2402,2953,2239,4083,25029,17585,5368,985,15503,6,1,2,0
2021-04-02T23:59:59+02:00,0,1,629,814,1100,2108,1316,3303,1772,4653,2405,3839,2138,1872,5644,6746,2595,4889,222,182,326,507,349,941,430,1475,623,1098,391,336,2402,2952,2239,4083,24960,17565,5363,985,15498,6,1,2,0
2021-04-01T23:59:59+02:00,0,1,625,803,1078,2089,1218,3208,1681,4584,2146,3631,1405,1283,5434,6533,2585,4859,218,181,326,506,348,940,429,1473,623,1097,388,334,2402,2952,2239,4079,24849,17553,2851,976,15460,6,1,2,0
2021-03-31T23:59:59+02:00,0,1,623,802,1074,2085,1213,3200,1670,4579,2128,3618,1377,1250,5405,6478,2544,4759,217,181,326,505,347,940,429,1472,622,1095,385,331,2398,2951,2237,4077,24523,17539,2837,968,15443,6,1,2,0
2021-03-30T23:59:59+02:00,0,1,621,795,1069,2081,1207,3195,1660,4565,2121,3603,1330,1204,5318,6347,2497,4604,217,180,326,504,344,936,424,1469,615,1084,370,320,2295,2798,2114,3850,23986,16914,2815,926,15415,6,1,1,0
2021-03-29T23:59:59+02:00,0,1,619,793,1066,2073,1197,3189,1653,4553,2108,3590,1294,1173,5254,6252,2443,4470,216,179,324,502,342,934,422,1464,610,1079,363,315,2070,2531,1887,3470,23541,15779,2788,923,15397,6,1,1,0
2021-03-28T23:59:59+02:00,0,1,619,790,1064,2067,1194,3182,1648,4542,2102,3585,1278,1164,5243,6230,2431,4437,214,179,323,499,333,930,419,1457,607,1067,356,303,2065,2517,1886,3467,23431,15751,2770,868,15374,3,1,1,0
2021-03-27T23:59:59+01:00,0,1,566,729,984,1999,1113,3063,1530,4417,2000,3503,1209,1094,4640,5497,2431,4437,212,178,323,499,333,930,415,1455,606,1064,355,303,2064,2516,1886,3467,23414,15735,2765,868,13032,3,1,1,0
2021-03-26T23:59:59+01:00,0,1,563,724,977,1988,1111,3057,1520,4410,1983,3495,1165,1063,4610,5463,2430,4433,211,175,323,497,330,929,413,1454,601,1057,347,298,1659,1980,1460,2740,23218,13609,2755,862,13018,3,1,1,0
2021-03-25T23:59:59+01:00,0,1,560,718,964,1980,1108,3048,1513,4398,1968,3485,1155,1053,4602,5458,2430,4431,210,172,321,496,328,924,410,1448,597,1048,343,294,1562,1858,1423,2664,23172,13256,2747,839,12951,3,1,1,0
2021-03-24T23:59:59+01:00,0,1,558,712,956,1969,1095,3032,1484,4379,1954,3477,1120,1023,4575,5423,2425,4426,209,172,320,495,324,920,406,1440,587,1030,330,284,1234,1475,1267,2395,23031,12106,2721,779,12855,3,1,1,0
2021-03-23T23:59:59+01:00,0,1,556,707,951,1956,1091,3022,1477,4365,1944,3469,1107,1012,4556,5409,2425,4422,208,172,318,492,315,917,405,1440,581,1026,322,277,995,1209,1151,2215,22956,11283,2712,757,12800,3,1,1,0
2021-03-22T23:59:59+01:00,0,1,555,698,946,1942,1085,3013,1468,4349,1930,3459,1104,1008,4551,5408,2425,4422,207,172,317,490,314,915,402,1437,578,1022,318,273,994,1205,1151,2212,22931,11267,2696,737,12735,3,1,1,0
2021-03-21T23:59:59+01:00,0,1,552,695,943,1934,1082,3009,1460,4336,1918,3452,1101,1007,4551,5406,2425,4422,206,172,317,489,312,911,402,1432,572,1020,308,268,990,1200,1150,2212,22927,11264,2683,694,12682,3,1,1,0
2021-03-20T23:59:59+01:00,0,1,547,688,938,1917,1065,2992,1432,4318,1884,3423,1029,936,3965,4766,2373,4322,206,172,317,489,312,911,402,1432,572,1020,308,268,990,1200,1149,2211,21252,11262,2682,694,12660,3,1,1,0
2021-03-19T23:59:59+01:00,0,1,538,679,920,1889,1038,2972,1396,4292,1858,3392,942,871,3284,3926,2322,4223,203,172,315,489,311,908,400,1430,568,1013,305,267,977,1187,1118,2171,19254,11239,2671,592,12616,3,1,1,0
2021-03-18T23:59:59+01:00,0,1,525,667,903,1863,1015,2946,1356,4251,1814,3339,844,807,2768,3392,2299,4189,198,170,312,485,308,898,396,1424,566,1008,302,260,871,1090,1005,1978,19175,10853,1264,415,12538,3,1,1,0
2021-03-17T23:59:59+01:00,0,1,523,657,894,1843,1002,2925,1333,4230,1796,3323,816,784,2685,3304,2293,4184,196,169,310,483,305,897,389,1420,563,1004,299,255,628,815,699,1527,18879,9925,1225,34,12488,0,1,0,0
2021-03-16T23:59:59+01:00,0,1,521,648,885,1822,981,2909,1316,4218,1772,3307,787,773,2637,3223,2291,4179,196,169,308,483,303,894,386,1418,560,999,293,251,380,574,508,1217,18671,8912,1185,28,12414,0,0,0,0
2021-03-15T23:59:59+01:00,0,1,521,638,880,1802,970,2887,1311,4211,1764,3298,781,769,2634,3222,2291,4179,195,169,307,482,302,894,386,1417,557,999,293,251,380,573,507,1217,18656,8905,1162,25,12341,0,0,0,0
2021-03-14T23:59:59+01:00,0,1,520,632,873,1790,963,2880,1301,4198,1754,3285,776,765,2629,3219,2291,4179,195,169,306,482,301,892,384,1415,557,999,292,251,380,573,507,1217,18651,8902,1132,19,12273,0,0,0,0
2021-03-13T23:59:59+01:00,0,1,499,581,780,1528,832,2497,1107,3634,1472,2857,697,676,2526,3093,2290,4178,195,169,306,482,301,892,384,1415,557,999,292,251,380,573,507,1217,18647,8902,1132,19,9469,0,0,0,0
2021-03-12T23:59:59+01:00,0,1,484,498,716,1259,741,2101,935,2946,1225,2263,556,524,2482,3048,2290,4178,195,167,306,482,301,890,383,1415,557,996,292,250,367,552,458,1151,18618,8743,1131,19,6498,0,0,0,0
2021-03-11T23:59:59+01:00,0,1,460,462,682,1188,694,1995,875,2800,1143,2151,500,464,2468,3037,2289,4176,195,167,305,480,300,889,383,1412,556,996,292,249,354,535,409,1106,18422,8612,1083,16,5880,0,0,0,0
2021-03-10T23:59:59+01:00,0,1,446,452,649,1154,654,1962,833,2764,1110,2122,481,448,2454,3017,2288,4172,191,165,301,473,300,888,378,1406,550,989,288,243,229,436,176,837,18146,7840,1063,10,5798,0,0,0,0
2021-03-09T23:59:59+01:00,0,1,430,435,618,1124,631,1942,810,2736,1088,2098,459,427,2360,2874,2162,3940,191,165,299,471,299,887,377,1403,550,986,286,242,229,436,175,836,17377,7832,1046,0,5712,0,0,0,0
2021-03-08T23:59:59+01:00,0,1,417,414,596,1094,613,1920,794,2711,1066,2072,437,399,2129,2598,1933,3558,191,164,299,469,298,882,377,1397,550,984,285,240,229,435,175,836,16126,7811,1017,0,5609,0,0,0,0
2021-03-07T23:59:59+01:00,0,1,416,413,589,1076,599,1912,791,2698,1061,2062,436,398,2124,2590,1932,3555,191,164,298,468,298,881,377,1394,550,983,285,240,229,435,175,836,16098,7804,1007,0,5548,0,0,0,0
2021-03-06T23:59:59+01:00,0,1,416,410,586,1063,596,1910,784,2691,1057,2055,435,398,2124,2590,1932,3555,191,164,298,468,298,881,377,1394,550,982,284,240,229,435,175,836,16090,7802,1007,0,5506,0,0,0,0
2021-03-05T23:59:59+01:00,0,1,410,395,580,1051,591,1901,779,2681,1050,2047,421,390,1700,2026,1496,2799,188,159,294,468,295,879,375,1391,548,978,284,240,229,435,175,836,13853,7774,1007,0,5458,0,0,0,0
2021-03-04T23:59:59+01:00,0,1,400,370,552,1012,572,1844,750,2627,1029,1998,417,386,1607,1907,1456,2722,177,151,283,457,294,871,373,1377,546,974,283,240,229,435,175,836,13495,7701,1001,0,5154,0,0,0,0
2021-03-03T23:59:59+01:00,0,1,397,364,545,981,554,1812,726,2579,1011,1958,409,380,1281,1527,1297,2448,176,150,282,456,293,870,369,1370,543,967,281,238,228,434,173,831,12331,7661,992,0,4947,0,0,0,0
2021-03-02T23:59:59+01:00,0,1,393,359,537,947,540,1792,717,2555,1000,1939,398,370,1035,1258,1177,2265,176,148,281,446,289,864,369,1361,543,961,281,238,228,434,173,831,11500,7623,955,0,4828,0,0,0,0
2021-03-01T23:59:59+01:00,0,1,391,352,528,924,521,1761,708,2531,989,1922,394,363,1034,1251,1177,2261,176,146,281,437,286,854,366,1346,540,955,279,236,227,433,173,831,11480,7566,920,0,4708,0,0,0,0
2021-02-28T23:59:59+01:00,0,1,386,349,525,916,513,1750,704,2519,984,1907,389,358,1034,1249,1177,2261,174,145,281,436,286,853,366,1346,539,955,279,236,227,433,173,831,11474,7560,892,0,4656,0,0,0,0
2021-02-27T23:59:59+01:00,0,1,385,347,520,909,511,1744,701,2510,981,1905,388,357,1034,1249,1176,2261,174,145,281,436,286,853,366,1346,538,955,279,236,227,433,173,831,11473,7559,892,0,4614,0,0,0,0
2021-02-26T23:59:59+01:00,0,1,338,301,452,737,435,1436,574,2093,810,1564,360,327,1034,1246,1176,2261,174,143,281,432,284,845,364,1338,536,952,279,236,227,433,173,831,11462,7528,881,0,2802,0,0,0,0
2021-02-25T23:59:59+01:00,0,1,318,292,441,716,423,1400,559,2045,792,1532,352,319,948,1154,1102,2135,123,130,261,427,275,833,352,1322,531,945,279,234,227,433,173,831,11051,7376,851,0,2627,0,0,0,0
2021-02-24T23:59:59+01:00,0,1,313,286,436,700,416,1365,543,1997,770,1488,345,306,738,920,915,1826,123,124,259,421,272,823,350,1309,524,939,277,232,225,432,173,829,10102,7312,810,0,2453,0,0,0,0
2021-02-23T23:59:59+01:00,0,1,311,274,428,686,405,1341,535,1963,751,1469,331,296,486,671,723,1520,123,123,258,419,270,817,350,1303,523,931,276,231,224,432,171,828,9092,7279,765,0,2334,0,0,0,0
2021-02-22T23:59:59+01:00,0,1,311,273,427,679,404,1336,531,1952,746,1465,331,294,485,669,723,1519,123,118,253,409,269,800,346,1278,518,923,272,230,224,432,171,828,9087,7194,754,0,2305,0,0,0,0
2021-02-21T23:59:59+01:00,0,1,308,272,425,673,401,1327,528,1944,740,1461,320,289,481,664,721,1519,123,118,252,408,269,797,343,1275,510,920,271,229,223,431,170,817,9082,7156,712,0,2280,0,0,0,0
2021-02-20T23:59:59+01:00,0,1,308,269,425,671,401,1319,527,1935,738,1457,320,289,481,664,721,1519,123,118,252,408,269,797,343,1275,509,920,271,229,223,431,170,817,9082,7155,712,0,2251,0,0,0,0
2021-02-19T23:59:59+01:00,0,0,262,243,393,595,367,1150,469,1722,629,1247,311,273,455,628,639,1411,123,118,252,408,268,797,343,1275,509,920,271,229,223,431,170,817,8861,7154,605,0,1328,0,0,0,0
2021-02-18T23:59:59+01:00,0,0,261,238,385,586,356,1128,456,1704,619,1240,311,271,401,580,526,1279,120,115,248,402,261,790,340,1266,506,919,269,227,223,431,170,817,8673,7104,424,0,1244,0,0,0,0
2021-02-17T23:59:59+01:00,0,0,255,234,373,572,349,1119,433,1688,611,1228,306,264,240,444,185,861,112,102,245,396,256,774,334,1250,500,908,265,224,222,431,170,817,7941,7006,32,0,1189,0,0,0,0
2021-02-16T23:59:59+01:00,0,0,253,232,362,570,339,1110,425,1674,606,1221,303,261,239,443,185,861,83,89,225,370,245,744,316,1210,468,873,243,209,214,411,169,810,7932,6679,28,0,1124,0,0,0,0
2021-02-15T23:59:59+01:00,0,0,251,232,360,565,337,1104,423,1662,603,1215,303,261,239,442,184,861,82,87,221,359,238,732,306,1183,452,850,230,202,201,387,162,753,7925,6445,25,0,1092,0,0,0,0
2021-02-14T23:59:59+01:00,0,0,250,230,354,562,333,1095,419,1656,600,1212,303,261,239,442,184,861,78,85,214,354,235,724,301,1170,448,835,229,200,201,376,162,743,7915,6355,20,0,1066,0,0,0,0
2021-02-13T23:59:59+01:00,0,0,250,230,354,562,333,1095,417,1656,600,1211,302,261,239,442,184,861,78,85,214,354,235,724,301,1170,448,835,229,200,201,376,162,743,7913,6355,20,0,1064,0,0,0,0
2021-02-12T23:59:59+01:00,0,0,194,169,306,484,306,899,384,1418,563,997,294,246,238,442,184,861,75,84,211,353,233,721,295,1166,445,830,225,197,201,374,162,743,7900,6315,20,0,65,0,0,0,0
2021-02-11T23:59:59+01:00,0,0,192,168,300,473,302,885,378,1399,553,989,294,246,238,442,184,861,74,81,200,327,223,677,275,1115,427,780,224,194,201,369,162,740,7860,6069,17,0,27,0,0,0,0
2021-02-10T23:59:59+01:00,0,0,190,161,296,469,299,880,372,1388,549,981,292,244,236,441,184,859,69,75,183,299,212,617,258,1030,402,727,215,179,187,339,147,689,7817,5628,11,0,13,0,0,0,0
2021-02-09T23:59:59+01:00,0,0,185,154,292,461,298,871,372,1378,547,972,289,243,236,441,183,858,60,60,145,236,183,512,220,838,346,592,194,153,165,303,137,612,7772,4756,2,0,6,0,0,0,0
2021-02-08T23:59:59+01:00,0,0,179,147,288,449,293,861,368,1358,540,965,285,239,235,440,181,854,33,47,100,146,134,285,161,458,252,386,163,125,136,245,112,508,7674,3291,2,0,6,0,0,0,0
2021-02-07T23:59:59+01:00,0,0,177,145,285,448,292,859,367,1357,539,964,284,238,235,440,181,854,19,40,82,124,129,264,152,424,236,360,153,120,126,234,105,470,7664,3038,1,0,0,0,0,0,0
2021-02-06T23:59:59+01:00,0,0,177,145,285,448,292,859,367,1357,539,964,284,238,235,440,181,854,19,37,80,121,119,249,141,407,205,339,138,116,125,229,104,459,7664,2888,1,0,0,0,0,0,0
2021-02-05T23:59:59+01:00,0,0,177,143,285,444,291,848,365,1349,535,961,284,237,235,440,181,853,18,33,76,116,112,235,135,380,188,321,133,111,121,224,96,442,7627,2741,1,0,0,0,0,0,0
2021-02-04T23:59:59+01:00,0,0,169,138,284,440,284,839,361,1338,526,952,283,235,234,439,181,851,11,20,50,78,83,178,113,289,155,263,115,97,109,206,86,398,7554,2251,0,0,0,0,0,0,0
2021-02-03T23:59:59+01:00,0,0,151,131,274,434,281,832,359,1327,526,950,283,235,233,439,181,850,11,18,42,67,74,143,89,257,134,222,96,83,94,177,78,350,7486,1935,0,0,0,0,0,0,0
2021-02-02T23:59:59+01:00,0,0,131,126,262,432,278,824,354,1321,525,943,282,235,232,439,180,849,11,15,34,61,62,121,74,212,103,172,64,58,69,114,53,225,7413,1448,0,0,0,0,0,0,0
2021-02-01T23:59:59+01:00,0,0,126,121,257,417,276,807,352,1296,519,931,277,233,232,439,180,849,4,9,19,33,31,66,45,118,59,71,29,29,29,48,28,109,7312,727,0,0,0,0,0,0,0
2021-01-31T23:59:59+01:00,0,0,125,118,255,414,275,803,349,1290,514,929,277,230,231,438,180,849,4,6,14,23,26,47,32,72,39,43,15,9,14,28,22,63,7277,457,0,0,0,0,0,0,0
2021-01-30T23:59:59+01:00,0,0,125,118,255,414,275,802,349,1289,513,929,277,230,231,438,180,849,4,6,13,20,23,40,27,64,36,41,15,9,14,28,22,63,7274,425,0,0,0,0,0,0,0
2021-01-29T23:59:59+01:00,0,0,125,118,255,414,274,802,349,1289,513,929,277,230,231,438,180,849,4,6,7,18,21,31,22,56,32,38,15,9,14,27,21,62,7273,383,0,0,0,0,0,0,0
2021-01-28T23:59:59+01:00,0,0,123,115,251,407,270,795,346,1282,509,928,277,230,231,438,180,849,1,3,2,8,13,13,12,27,12,23,11,5,7,14,7,25,7231,183,0,0,0,0,0,0,0
2021-01-27T23:59:59+01:00,0,0,115,105,249,402,267,786,341,1275,503,921,272,227,230,437,180,849,0,0,1,4,9,11,8,20,10,17,10,5,7,14,7,25,7159,148,0,0,0,0,0,0,0
2021-01-26T23:59:59+01:00,0,0,88,93,231,385,259,761,328,1237,477,890,252,215,220,419,180,841,0,0,1,4,9,11,8,20,10,17,10,5,7,14,7,25,6876,148,0,0,0,0,0,0,0
2021-01-25T23:59:59+01:00,0,0,85,88,229,365,246,742,314,1204,459,865,235,208,209,397,175,785,0,0,1,4,9,9,7,13,7,13,10,5,7,14,7,25,6606,131,0,0,0,0,0,0,0
2021-01-24T23:59:59+01:00,0,0,85,86,225,361,245,737,311,1191,457,850,234,206,209,386,175,774,0,0,1,4,9,9,7,13,7,13,10,5,7,14,7,25,6532,131,0,0,0,0,0,0,0
2021-01-23T23:59:59+01:00,0,0,85,86,225,361,245,737,311,1191,457,850,234,206,209,386,175,774,0,0,1,4,9,9,7,13,7,13,10,5,7,14,7,25,6532,131,0,0,0,0,0,0,0
2021-01-22T23:59:59+01:00,0,0,85,85,223,359,245,734,308,1187,453,847,232,205,209,385,175,774,0,0,1,4,9,9,7,13,7,13,10,5,7,14,7,25,6506,131,0,0,0,0,0,0,0
2021-01-21T23:59:59+01:00,0,0,85,82,209,330,235,690,283,1137,438,813,231,201,208,379,174,771,0,0,1,2,7,8,6,12,6,11,10,5,7,14,7,25,6266,121,0,0,0,0,0,0,0
2021-01-20T23:59:59+01:00,0,0,79,76,194,308,223,624,269,1044,409,752,222,190,194,348,160,719,0,0,1,2,7,8,6,12,6,11,10,5,7,14,7,25,5811,121,0,0,0,0,0,0,0
2021-01-19T23:59:59+01:00,0,0,71,66,155,259,203,561,243,921,368,643,201,164,168,306,146,629,0,0,1,2,3,7,6,11,4,9,7,4,7,14,7,25,5104,107,0,0,0,0,0,0,0
2021-01-18T23:59:59+01:00,0,0,59,59,132,216,182,458,216,763,328,550,182,143,143,255,124,540,0,0,0,1,2,4,3,6,2,7,6,4,7,14,7,23,4350,86,0,0,0,0,0,0,0
2021-01-17T23:59:59+01:00,0,0,40,47,108,186,167,399,199,677,303,495,173,136,130,238,107,480,0,0,0,0,2,4,2,6,2,5,4,4,7,14,6,23,3885,79,0,0,0,0,0,0,0
2021-01-16T23:59:59+01:00,0,0,33,44,108,183,157,384,184,657,272,473,157,131,129,232,106,468,0,0,0,0,0,0,0,0,0,0,0,0,0,0,0,0,3718,0,0,0,0,0,0,0,0
2021-01-15T23:59:59+01:00,0,0,31,40,104,178,146,370,178,627,253,451,152,122,125,226,97,450,0,0,0,0,0,0,0,0,0,0,0,0,0,0,0,0,3550,0,0,0,0,0,0,0,0
2021-01-14T23:59:59+01:00,0,0,13,23,51,78,84,174,114,290,149,263,124,104,111,207,85,405,0,0,0,0,0,0,0,0,0,0,0,0,0,0,0,0,2275,0,0,0,0,0,0,0,0
2021-01-13T23:59:59+01:00,0,0,12,20,41,67,76,139,92,260,124,226,95,82,91,166,67,324,0,0,0,0,0,0,0,0,0,0,0,0,0,0,0,0,1882,0,0,0,0,0,0,0,0
2021-01-12T23:59:59+01:00,0,0,12,15,37,63,63,115,77,211,95,172,62,54,61,100,39,189,0,0,0,0,0,0,0,0,0,0,0,0,0,0,0,0,1365,0,0,0,0,0,0,0,0
2021-01-11T23:59:59+01:00,0,0,4,10,26,45,39,83,56,141,58,85,32,28,25,40,18,81,0,0,0,0,0,0,0,0,0,0,0,0,0,0,0,0,771,0,0,0,0,0,0,0,0
2021-01-10T23:59:59+01:00,0,0,3,6,19,32,34,58,38,94,37,53,15,8,8,19,12,34,0,0,0,0,0,0,0,0,0,0,0,0,0,0,0,0,470,0,0,0,0,0,0,0,0
2021-01-09T23:59:59+01:00,0,0,3,6,18,28,33,54,33,84,35,52,15,8,8,19,12,34,0,0,0,0,0,0,0,0,0,0,0,0,0,0,0,0,442,0,0,0,0,0,0,0,0
2021-01-08T23:59:59+01:00,0,0,3,6,15,26,29,43,27,75,31,48,14,8,7,17,11,33,0,0,0,0,0,0,0,0,0,0,0,0,0,0,0,0,393,0,0,0,0,0,0,0,0
2021-01-07T23:59:59+01:00,0,0,1,4,2,9,15,13,14,28,13,24,11,6,7,15,9,26,0,0,0,0,0,0,0,0,0,0,0,0,0,0,0,0,197,0,0,0,0,0,0,0,0
2021-01-06T23:59:59+01:00,0,0,1,0,2,4,13,11,9,22,11,19,11,6,7,15,9,26,0,0,0,0,0,0,0,0,0,0,0,0,0,0,0,0,166,0,0,0,0,0,0,0,0
2021-01-05T23:59:59+01:00,0,0,0,0,1,4,12,11,8,20,10,19,10,6,7,15,9,26,0,0,0,0,0,0,0,0,0,0,0,0,0,0,0,0,158,0,0,0,0,0,0,0,0
2021-01-04T23:59:59+01:00,0,0,0,0,1,4,12,10,7,16,8,17,10,6,7,15,9,26,0,0,0,0,0,0,0,0,0,0,0,0,0,0,0,0,148,0,0,0,0,0,0,0,0
2021-01-03T23:59:59+01:00,0,0,0,0,1,4,11,9,7,13,6,14,10,6,7,15,9,26,0,0,0,0,0,0,0,0,0,0,0,0,0,0,0,0,138,0,0,0,0,0,0,0,0
2021-01-02T23:59:59+01:00,0,0,0,0,1,4,11,9,7,13,6,14,10,6,7,15,9,26,0,0,0,0,0,0,0,0,0,0,0,0,0,0,0,0,138,0,0,0,0,0,0,0,0
2021-01-01T23:59:59+01:00,0,0,0,0,1,4,11,9,7,13,6,14,10,6,7,15,9,26,0,0,0,0,0,0,0,0,0,0,0,0,0,0,0,0,138,0,0,0,0,0,0,0,0
2020-12-31T23:59:59+01:00,0,0,0,0,1,4,11,9,7,13,6,14,10,6,7,15,9,26,0,0,0,0,0,0,0,0,0,0,0,0,0,0,0,0,138,0,0,0,0,0,0,0,0
2020-12-30T23:59:59+01:00,0,0,0,0,1,4,11,9,7,13,6,14,10,6,7,15,9,26,0,0,0,0,0,0,0,0,0,0,0,0,0,0,0,0,138,0,0,0,0,0,0,0,0
2020-12-29T23:59:59+01:00,0,0,0,0,1,4,8,9,7,13,4,12,10,6,7,15,9,26,0,0,0,0,0,0,0,0,0,0,0,0,0,0,0,0,131,0,0,0,0,0,0,0,0
2020-12-28T23:59:59+01:00,0,0,0,0,1,1,5,7,7,7,2,9,10,6,7,15,9,26,0,0,0,0,0,0,0,0,0,0,0,0,0,0,0,0,112,0,0,0,0,0,0,0,0
2020-12-27T23:59:59+01:00,0,0,0,0,0,0,2,4,2,6,1,6,4,5,7,15,8,25,0,0,0,0,0,0,0,0,0,0,0,0,0,0,0,0,85,0,0,0,0,0,0,0,0
