Datum,<24_1_m,<24_1_w,25-34_1_m,25-34_1_w,35-44_1_m,35-44_1_w,45-54_1_m,45-54_1_w,55-64_1_m,55-64_1_w,65-74_1_m,65-74_1_w,75-84_1_m,75-84_1_w,>84_1_m,>84_1_w,<24_2_m,<24_2_w,25-34_2_m,25-34_2_w,35-44_2_m,35-44_2_w,45-54_2_m,45-54_2_w,55-64_2_m,55-64_2_w,65-74_2_m,65-74_2_w,75-84_2_m,75-84_2_w,>84_2_m,>84_2_w,bp_1,bp_2,mo_1,mo_2,az_1,az_2,ja
2021-06-21T23:59:59+02:00,3892,3947,6357,6114,8558,9555,14327,14985,18128,18593,14582,15322,8286,10431,2247,4504,1822,1741,2968,3308,3979,5276,6169,7645,11194,11886,10759,11205,7077,8818,2162,4335,112210,72100,15400,8675,27610,14961,4608
2021-06-20T23:59:59+02:00,3868,3929,6327,6093,8530,9534,14318,14973,18122,18589,14582,15322,8286,10431,2247,4504,1807,1725,2940,3288,3935,5244,6129,7622,11124,11816,10743,11186,7076,8814,2161,4335,112074,71811,15392,8604,27610,14951,4579
2021-06-19T23:59:59+02:00,3837,3901,6298,6071,8503,9518,14295,14966,18117,18585,14582,15322,8286,10431,2247,4504,1803,1713,2934,3283,3929,5239,6114,7617,11114,11809,10743,11185,7076,8814,2161,4335,111886,71737,15388,8604,27610,14949,4579
2021-06-18T23:59:59+02:00,3784,3852,6223,6029,8441,9468,14253,14942,18098,18575,14581,15320,8285,10430,2247,4504,1728,1610,2790,3099,3744,4951,5689,7222,9656,10276,10618,11058,7034,8766,2152,4321,111515,66630,15363,8603,27610,14937,4544
2021-06-17T23:59:59+02:00,3720,3793,6163,5994,8373,9415,14193,14905,18080,18567,14579,15315,8285,10428,2247,4501,1587,1501,2603,2888,3482,4668,5319,6816,9010,9579,10361,10840,7002,8722,2149,4318,111157,62990,15339,8489,27607,14911,4455
2021-06-16T23:59:59+02:00,3658,3721,6044,5933,8258,9321,14074,14827,18026,18534,14573,15308,8285,10425,2247,4501,1475,1440,2469,2785,3296,4506,5019,6541,7968,8294,10294,10773,6971,8687,2139,4303,110534,59305,15265,8443,27604,14880,4332
2021-06-15T23:59:59+02:00,3554,3639,5936,5846,8063,9139,13806,14613,17906,18433,14566,15301,8279,10419,2247,4500,1429,1402,2405,2732,3180,4428,4806,6410,7506,7884,9973,10393,6942,8653,2132,4293,109183,57078,15238,8411,27596,14849,4230
2021-06-14T23:59:59+02:00,3475,3564,5852,5787,7916,9011,13506,14360,17752,18293,14552,15291,8273,10414,2246,4499,1401,1368,2338,2677,3050,4331,4591,6264,7082,7450,9574,9942,6916,8620,2130,4285,107813,54751,15231,8306,27592,14807,4155
2021-06-13T23:59:59+02:00,3447,3525,5796,5756,7844,8936,13363,14211,17666,18198,14546,15283,8272,10411,2245,4499,1389,1351,2309,2668,3013,4319,4548,6244,7056,7435,9571,9935,6916,8619,2130,4285,107086,54612,15220,8300,27586,14770,4106
2021-06-12T23:59:59+02:00,3415,3506,5766,5732,7814,8918,13344,14194,17660,18196,14546,15282,8272,10411,2245,4499,1324,1279,2221,2585,2912,4187,4406,6123,6950,7353,9489,9852,6333,7903,2130,4285,106890,54500,15219,8300,27586,12427,4105
2021-06-11T23:59:59+02:00,3329,3421,5695,5667,7615,8712,12917,13889,17425,18015,14533,15257,8265,10404,2244,4497,1296,1258,2174,2544,2844,4138,4321,6059,6823,7242,9419,9774,6321,7898,2128,4279,105876,53977,14331,8055,27584,12392,4094
2021-06-10T23:59:59+02:00,3264,3377,5596,5618,7489,8630,12735,13755,17318,17918,14530,15254,8264,10404,2244,4496,1251,1224,2102,2482,2734,4059,4156,5921,6540,6990,9221,9566,6306,7872,2122,4274,105023,52430,14256,8052,27579,12304,4034
2021-06-09T23:59:59+02:00,3172,3301,5470,5524,7275,8452,12435,13510,17166,17790,14522,15240,8260,10395,2244,4495,1187,1155,1959,2361,2530,3864,3791,5634,5828,6369,8565,8801,6255,7805,2111,4246,103828,48469,14110,8035,27570,12214,3743
2021-06-08T23:59:59+02:00,3061,3181,5337,5405,7082,8257,11958,13066,16848,17445,14508,15215,8250,10388,2243,4492,1145,1117,1888,2308,2433,3787,3647,5573,5690,6242,8539,8786,6253,7794,2109,4243,101641,47976,14083,7987,27568,12147,3444
2021-06-07T23:59:59+02:00,2916,3068,5145,5282,6870,8088,11436,12686,16573,17184,14487,15191,8245,10374,2242,4488,1067,1073,1756,2255,2290,3704,3377,5482,5331,5932,8024,8197,6211,7742,2106,4235,99722,45780,14040,7973,27559,12075,2954
2021-06-06T23:59:59+02:00,2877,3039,5083,5229,6786,8036,11306,12572,16490,17126,14485,15189,8245,10374,2240,4487,1048,1064,1729,2239,2253,3678,3316,5458,5287,5910,8021,8194,6206,7737,2106,4234,99141,45625,13989,7964,27551,12008,2883
2021-06-05T23:59:59+02:00,2863,3014,5056,5200,6746,8013,11276,12544,16482,17120,14485,15189,8245,10374,2240,4487,1029,1047,1699,2213,2209,3621,3203,5372,4912,5562,7463,7527,6180,7694,2105,4232,98922,43258,13989,7959,27544,11972,2879
2021-06-04T23:59:59+02:00,2828,2977,5009,5157,6701,7960,11186,12442,16436,17065,14482,15183,8245,10373,2239,4486,1013,1032,1679,2190,2169,3584,3151,5313,4726,5338,7188,7201,6149,7655,2103,4228,98399,41994,13984,7957,27544,11926,2842
2021-06-03T23:59:59+02:00,2706,2829,4857,4986,6496,7711,10381,11742,15971,16708,14474,15175,8243,10368,2238,4485,995,994,1634,2133,2120,3501,3053,5202,4563,5158,7068,7042,6138,7627,2103,4226,95078,40961,13947,7947,27539,11843,2806
2021-06-02T23:59:59+02:00,2683,2802,4818,4953,6439,7672,10275,11651,15922,16662,14468,15171,8242,10364,2238,4484,983,981,1612,2112,2070,3462,2951,5108,4156,4709,6581,6477,6097,7578,2100,4217,94555,38648,13947,7943,27539,11800,2803
2021-06-01T23:59:59+02:00,2610,2754,4695,4856,6279,7560,10084,11513,15832,16597,14465,15169,8239,10358,2237,4481,945,949,1544,2063,1958,3399,2782,5011,3959,4572,6388,6270,6073,7563,2098,4211,93706,37571,13897,7923,27526,11691,2600
2021-05-31T23:59:59+02:00,2548,2688,4594,4758,6138,7426,9887,11380,15760,16552,14460,15161,8236,10358,2237,4481,920,906,1489,2008,1887,3353,2652,4963,3860,4505,6042,5875,6052,7541,2096,4205,92983,36492,13811,7918,27517,11591,2353
2021-05-30T23:59:59+02:00,2519,2662,4535,4694,6047,7365,9814,11324,15731,16534,14459,15159,8236,10358,2237,4481,905,890,1468,1991,1832,3324,2510,4931,3772,4492,6041,5873,6052,7541,2096,4205,92538,36179,13772,7896,27507,11510,2338
2021-05-29T23:59:59+02:00,2500,2646,4518,4681,6028,7352,9803,11311,15727,16531,14458,15159,8236,10358,2237,4481,883,814,1358,1736,1704,2945,2301,4377,3497,4104,5966,5780,5948,7423,2095,4205,92412,36130,13770,7891,27506,8777,2338
2021-05-28T23:59:59+02:00,2474,2620,4480,4634,5986,7312,9722,11237,15667,16487,14456,15157,8236,10358,2237,4480,862,707,1277,1482,1603,2516,2115,3691,3170,3499,5408,5123,5875,7347,2092,4194,91946,34836,13757,7891,27503,5897,2337
2021-05-27T23:59:59+02:00,2423,2579,4390,4570,5859,7235,9569,11135,15588,16412,14454,15156,8236,10357,2237,4480,832,663,1241,1404,1558,2380,2049,3539,3026,3364,5011,4678,5844,7309,2084,4168,91271,33724,13608,7882,27479,5222,2322
2021-05-26T23:59:59+02:00,2341,2451,4181,4422,5510,6963,8494,10302,14975,15828,14445,15150,8232,10352,2236,4478,820,642,1212,1346,1514,2323,1987,3416,2821,3191,3766,3348,5790,7239,2064,4118,90499,30473,10099,7868,27465,4959,2297
2021-05-25T23:59:59+02:00,2292,2409,4094,4352,5415,6900,8356,10193,14608,15396,14406,15118,8226,10340,2235,4475,806,630,1185,1308,1491,2300,1965,3393,2797,3165,3762,3340,5783,7237,2062,4117,89169,30388,9954,7859,27448,4850,2244
2021-05-24T23:59:59+02:00,2257,2358,4007,4279,5308,6818,8221,10055,14104,14780,14367,15071,8221,10328,2234,4471,799,621,1164,1296,1456,2289,1949,3375,2774,3145,3739,3317,5766,7218,2054,4102,87382,30260,9875,7808,27437,4811,2185
2021-05-23T23:59:59+02:00,2247,2344,3986,4255,5290,6806,8166,10019,14034,14723,14357,15066,8220,10328,2233,4471,791,611,1153,1284,1432,2267,1898,3339,2661,3041,3250,2789,5287,6592,2041,4060,87148,30088,9775,5433,27437,4790,2185
2021-05-22T23:59:59+02:00,2066,2301,3660,4204,4892,6762,7932,9954,13930,14658,14351,15066,8220,10327,2233,4471,616,576,839,1243,1056,2230,1682,3276,2566,2979,3246,2788,5287,6591,2041,4060,87001,30076,9775,5433,27437,4753,814
2021-05-21T23:59:59+02:00,1973,2176,3497,4003,4702,6466,7506,9571,12660,13326,14233,14954,8183,10282,2227,4464,613,562,830,1242,1054,2222,1634,3241,2478,2904,3092,2654,5266,6549,2038,4048,82243,29446,9735,5433,27432,4735,813
2021-05-20T23:59:59+02:00,1932,2134,3397,3946,4594,6388,7331,9492,12456,13104,14221,14943,8181,10276,2226,4463,593,544,786,1198,994,2156,1509,3160,2354,2811,2911,2489,5234,6477,2031,4035,81418,28705,9632,5418,27377,4502,657
2021-05-19T23:59:59+02:00,1904,2100,3336,3893,4495,6325,7227,9430,12225,12849,14213,14938,8179,10275,2226,4462,585,523,767,1167,976,2082,1368,2980,1996,2519,2404,2028,5138,6359,2011,3998,80614,26642,9493,5402,27351,4238,619
2021-05-18T23:59:59+02:00,1833,2061,3247,3801,4381,6219,7065,9271,11959,12607,14171,14894,8169,10251,2224,4455,582,508,750,1153,960,2065,1263,2901,1684,2273,2018,1728,5064,6271,1996,3962,79537,25114,9292,5392,27282,4175,497
2021-05-17T23:59:59+02:00,1774,1970,3106,3634,4173,5916,6699,8805,11444,12099,14080,14819,8154,10226,2219,4448,580,500,743,1146,941,2058,1238,2877,1657,2233,2003,1713,5058,6265,1993,3959,76668,25052,9257,5378,27257,4150,384
2021-05-16T23:59:59+02:00,1751,1946,3050,3594,4069,5815,6549,8674,11278,11978,14064,14799,8146,10218,2219,4447,570,493,719,1131,912,2041,1209,2851,1626,2209,1998,1705,5056,6261,1990,3957,75931,25023,9201,5360,27226,4106,239
2021-05-15T23:59:59+02:00,1649,1833,2830,3418,3841,5527,6160,8185,10973,11729,13983,14742,8131,10189,2215,4441,569,492,716,1128,912,2039,1205,2850,1621,2202,1983,1696,5054,6255,1990,3955,73188,24968,9201,5360,27219,4101,238
2021-05-14T23:59:59+02:00,1603,1766,2722,3326,3693,5352,5957,7895,10766,11507,13951,14705,8119,10171,2213,4436,517,445,638,952,843,1729,1069,2429,1437,1914,1968,1679,5052,6247,1989,3950,71558,24907,9195,5358,27195,2359,234
2021-05-13T23:59:59+02:00,1534,1693,2623,3245,3524,5214,5729,7677,10573,11354,13925,14680,8113,10170,2211,4433,510,427,609,927,729,1610,979,2356,1176,1707,1221,1061,4870,6055,1982,3919,70408,24791,8905,2832,27166,2296,219
2021-05-12T23:59:59+02:00,1527,1684,2607,3240,3507,5202,5709,7664,10559,11342,13925,14677,8112,10168,2210,4433,510,426,608,925,726,1610,974,2355,1171,1701,1207,1050,4855,6013,1952,3860,70303,24600,8881,2832,27164,2293,218
2021-05-11T23:59:59+02:00,1479,1635,2531,3155,3388,5077,5512,7509,10287,11047,13883,14628,8101,10150,2206,4426,503,410,590,913,704,1594,946,2329,1145,1677,1152,1011,4795,5910,1915,3748,68981,24117,8757,2815,27078,2212,198
2021-05-10T23:59:59+02:00,1450,1601,2459,3080,3264,4954,5374,7334,9977,10689,13845,14593,8092,10132,2203,4424,500,407,578,901,692,1581,934,2310,1129,1663,1116,980,4734,5821,1876,3648,67635,23709,8639,2812,27008,2160,189
2021-05-09T23:59:59+02:00,1428,1579,2421,3069,3186,4921,5301,7298,9923,10645,13835,14579,8091,10128,2203,4422,488,404,569,894,670,1563,908,2291,1119,1650,1099,963,4719,5784,1863,3608,67398,23552,8565,2810,26964,2128,102
2021-05-08T23:59:59+02:00,1423,1574,2406,3058,3170,4911,5263,7284,9898,10638,13835,14578,8091,10128,2203,4422,488,404,569,894,669,1563,908,2290,1118,1649,1099,963,4718,5784,1863,3608,67258,23551,8559,2807,26963,2127,102
2021-05-07T23:59:59+02:00,1403,1551,2364,3017,3113,4854,5165,7195,9680,10394,13825,14562,8085,10123,2200,4418,437,373,536,815,630,1400,831,2074,1032,1480,1075,943,4701,5761,1861,3603,66358,23447,8553,2804,26936,1199,102
2021-05-06T23:59:59+02:00,1239,1437,2134,2770,2807,4546,4771,6772,9119,9809,13566,14336,8053,10082,2198,4417,434,368,525,793,613,1368,809,2039,1001,1455,1051,910,4693,5752,1859,3599,62735,23322,8425,2754,26801,1098,95
2021-05-05T23:59:59+02:00,1169,1376,2021,2656,2636,4361,4458,6502,8136,8612,13501,14273,8015,10041,2188,4402,431,364,516,784,595,1359,776,2024,978,1435,975,846,4660,5687,1851,3586,59238,23010,8380,2735,26680,1073,49
2021-05-04T23:59:59+02:00,1145,1353,1966,2618,2528,4290,4222,6382,7703,8228,13173,13887,7988,10008,2183,4395,428,362,510,781,584,1350,757,2008,963,1427,955,824,4646,5673,1848,3577,57186,22881,8322,2720,26520,1051,41
2021-05-03T23:59:59+02:00,1111,1311,1905,2563,2413,4177,4003,6253,7250,7789,12764,13417,7955,9975,2178,4381,422,360,508,777,571,1342,751,1998,948,1416,931,799,4630,5656,1843,3564,54767,22772,8296,2711,26382,1033,0
2021-05-02T23:59:59+02:00,1102,1310,1888,2557,2387,4169,3958,6242,7221,7782,12763,13416,7955,9975,2178,4381,422,360,505,777,570,1340,747,1998,947,1412,929,795,4629,5653,1843,3564,54634,22756,8292,2709,26358,1026,0
2021-05-01T23:59:59+02:00,1102,1308,1880,2555,2377,4163,3947,6233,7210,7774,12762,13415,7955,9975,2178,4381,422,360,505,777,570,1340,746,1997,945,1412,929,795,4629,5653,1843,3564,54567,22756,8292,2705,26356,1026,0
2021-04-30T23:59:59+02:00,1084,1300,1859,2540,2352,4130,3912,6197,7104,7690,12699,13346,7953,9972,2176,4369,359,302,472,691,538,1156,718,1770,912,1221,917,789,4627,5651,1843,3564,54073,22742,8291,2701,26319,87,0
2021-04-29T23:59:59+02:00,1023,1267,1807,2495,2280,4064,3768,6064,6821,7427,12491,13133,7936,9946,2172,4363,353,300,464,685,535,1148,709,1760,906,1214,908,774,4618,5643,1843,3563,52486,22662,8276,2695,26295,66,0
2021-04-28T23:59:59+02:00,953,1230,1730,2431,2129,3941,3446,5804,6114,6805,11813,12351,7883,9863,2149,4335,352,297,462,679,526,1132,697,1742,897,1208,893,757,4601,5618,1841,3563,48453,22542,8270,2677,26254,46,0
2021-04-27T23:59:59+02:00,939,1223,1713,2410,2082,3922,3372,5775,5993,6688,11790,12336,7881,9861,2149,4333,350,295,456,677,518,1127,687,1729,889,1201,880,746,4599,5614,1840,3557,47974,22465,8267,2662,26226,38,0
2021-04-26T23:59:59+02:00,930,1209,1682,2392,2016,3878,3182,5696,5646,6368,11257,11728,7836,9803,2145,4324,348,294,455,675,512,1122,673,1721,883,1194,871,739,4595,5608,1840,3554,45652,22416,8258,2635,26182,33,0
2021-04-25T23:59:59+02:00,919,1207,1667,2386,1975,3857,3046,5677,5569,6363,11253,11725,7833,9797,2144,4323,347,294,455,675,512,1115,673,1718,880,1193,871,738,4595,5608,1840,3554,45327,22411,8252,2631,26162,26,0
2021-04-24T23:59:59+02:00,902,1195,1645,2366,1932,3807,2936,5603,5203,6014,10675,11031,7805,9749,2143,4321,347,294,455,675,512,1114,672,1717,878,1192,867,732,4586,5595,1838,3553,42918,22375,8252,2627,26157,25,0
2021-04-23T23:59:59+02:00,893,1187,1634,2356,1902,3777,2893,5552,5010,5783,10399,10694,7770,9711,2140,4314,347,293,455,675,512,1113,671,1717,876,1192,867,730,4583,5593,1838,3553,41619,22364,8252,2626,26144,25,0
2021-04-22T23:59:59+02:00,876,1164,1601,2317,1851,3704,2800,5462,4839,5612,10286,10522,7757,9681,2138,4308,347,291,453,665,510,1107,662,1707,873,1184,861,726,4581,5590,1838,3552,40618,22329,8226,2601,26074,17,0
2021-04-21T23:59:59+02:00,864,1149,1576,2306,1795,3657,2681,5367,4405,5124,9759,9914,7709,9626,2136,4298,346,291,449,663,510,1106,658,1705,867,1178,850,716,4571,5577,1838,3548,38109,22280,8209,2578,26048,15,0
2021-04-20T23:59:59+02:00,855,1133,1556,2282,1763,3626,2623,5303,4258,5020,9578,9712,7689,9617,2135,4296,346,289,449,662,509,1104,658,1700,864,1174,844,712,4568,5573,1838,3548,37273,22250,8198,2573,25975,15,0
2021-04-19T23:59:59+02:00,848,1121,1546,2275,1744,3609,2591,5271,4187,4949,9219,9312,7666,9594,2133,4291,346,287,448,659,507,1101,654,1698,858,1170,840,705,4559,5572,1838,3546,36250,22211,8186,2562,25920,15,0
2021-04-18T23:59:59+02:00,844,1118,1541,2270,1726,3602,2572,5259,4178,4946,9213,9302,7666,9593,2133,4291,345,286,448,656,505,1098,653,1695,855,1170,839,702,4559,5571,1838,3546,36190,22203,8166,2548,25898,15,0
2021-04-17T23:59:59+02:00,826,1109,1436,2263,1641,3589,2531,5222,4054,4823,8553,8632,7653,9585,2133,4291,344,286,447,654,504,1098,652,1694,854,1168,839,702,4558,5571,1838,3546,36182,22192,8166,2548,23993,15,0
2021-04-16T23:59:59+02:00,807,1089,1292,2241,1502,3564,2439,5148,3824,4577,7302,7170,7618,9543,2121,4263,343,284,443,648,499,1095,643,1691,847,1161,832,695,4552,5563,1836,3544,34809,22119,8156,2544,21535,13,0
2021-04-15T23:59:59+02:00,785,1078,1281,2227,1480,3543,2381,5109,3733,4501,6885,6690,7576,9479,2104,4199,334,276,429,639,482,1082,610,1665,812,1133,717,606,4085,5075,1816,3517,33491,22064,8098,1205,21462,9,0
2021-04-14T23:59:59+02:00,778,1071,1256,2217,1451,3524,2333,5068,3542,4367,5602,5329,7531,9414,2085,4168,326,271,426,633,475,1078,605,1657,806,1129,699,591,4075,5065,1813,3513,30265,21978,8087,1176,21384,8,0
2021-04-13T23:59:59+02:00,774,1071,1248,2212,1437,3521,2319,5055,3522,4352,5588,5313,7526,9411,2084,4166,326,269,424,632,472,1075,602,1652,792,1127,685,586,4073,5064,1813,3513,30185,21958,8066,1139,21348,8,0
2021-04-12T23:59:59+02:00,768,1060,1234,2204,1419,3511,2287,5040,3491,4328,5565,5298,7517,9399,2081,4135,325,268,422,631,471,1069,600,1648,783,1119,680,584,4070,5063,1813,3513,30057,21933,8021,1118,21259,8,0
2021-04-11T23:59:59+02:00,758,1056,1219,2192,1400,3492,2214,5015,3360,4228,5022,4723,6996,8731,2074,4131,325,268,420,631,469,1068,595,1645,780,1118,676,581,4066,5058,1813,3513,30027,21927,5413,1091,21171,8,0
2021-04-10T23:59:59+02:00,758,1055,1218,2191,1398,3489,2213,5012,3357,4219,4979,4677,6993,8726,2074,4130,320,262,417,622,457,1053,569,1627,744,1091,568,484,3529,4455,1771,3438,29909,20308,5410,1091,21170,8,0
2021-04-09T23:59:59+02:00,755,1054,1210,2187,1393,3486,2172,4984,3265,4136,4803,4519,6963,8678,2070,4117,309,256,403,604,443,1042,543,1609,723,1062,447,397,2914,3645,1729,3364,29226,18392,5406,1090,21160,8,0
2021-04-08T23:59:59+02:00,744,1043,1195,2172,1376,3458,2094,4921,3117,4025,3718,3337,6778,8367,2062,4104,294,246,386,587,418,1025,522,1581,693,1040,428,376,2907,3638,1726,3361,28430,18178,5358,1042,18723,8,0
2021-04-07T23:59:59+02:00,737,1037,1181,2163,1355,3442,1955,4811,2763,3768,3168,2843,6679,8244,2040,4061,279,237,353,559,381,993,481,1545,658,1015,400,352,2848,3577,1723,3355,26255,17726,5339,1023,18653,7,0
2021-04-06T23:59:59+02:00,720,1027,1150,2154,1330,3423,1816,4749,2460,3568,2762,2540,6603,8152,2022,4028,250,221,320,534,357,975,444,1522,624,981,366,314,2793,3503,1718,3347,24657,17256,5323,1006,18524,7,0
2021-04-05T23:59:59+02:00,716,1025,1139,2150,1326,3420,1802,4738,2450,3551,2118,1848,5857,7207,2020,4028,250,221,319,530,351,968,440,1521,619,977,363,309,2792,3499,1718,3346,24626,17246,5313,970,15456,7,0
2021-04-04T23:59:59+02:00,715,1025,1138,2150,1326,3420,1802,4737,2447,3550,2118,1844,5857,7204,2020,4028,250,221,319,530,351,968,439,1521,619,977,363,309,2791,3499,1718,3346,24618,17244,5313,970,15450,7,0
2021-04-03T23:59:59+02:00,715,1025,1138,2149,1326,3420,1800,4735,2444,3550,2117,1842,5856,7204,2020,4028,250,221,319,530,351,968,439,1521,618,977,363,309,2791,3499,1718,3346,24612,17243,5309,970,15448,7,0
2021-04-02T23:59:59+02:00,715,1024,1138,2149,1322,3419,1798,4729,2442,3547,2106,1833,5848,7188,2017,4017,250,220,319,528,351,968,438,1519,617,970,361,309,2791,3498,1718,3346,24544,17226,5305,970,15443,7,0
2021-04-01T23:59:59+02:00,711,1012,1113,2129,1209,3312,1722,4675,2181,3341,1345,1208,5680,7009,2009,3993,246,219,319,527,350,967,437,1517,616,969,359,307,2791,3498,1718,3342,24435,17214,2807,961,15407,7,0
2021-03-31T23:59:59+02:00,709,1011,1110,2125,1204,3304,1710,4669,2163,3328,1318,1172,5651,6954,1972,3900,245,219,319,526,349,967,437,1516,615,967,358,305,2787,3497,1717,3341,24117,17203,2793,955,15390,7,0
2021-03-30T23:59:59+02:00,707,1002,1104,2120,1197,3299,1701,4654,2153,3314,1265,1124,5571,6813,1932,3770,245,218,319,525,346,962,432,1514,608,956,343,294,2661,3310,1622,3151,23595,16585,2771,914,15360,7,0
2021-03-29T23:59:59+02:00,705,1000,1099,2112,1188,3292,1693,4640,2139,3302,1229,1089,5510,6715,1884,3653,243,216,318,524,343,960,429,1510,605,951,333,287,2380,2966,1457,2855,23159,15458,2748,912,15343,7,0
2021-03-28T23:59:59+02:00,705,996,1097,2107,1184,3284,1689,4630,2135,3298,1213,1077,5501,6694,1874,3623,241,216,316,520,336,957,427,1502,601,937,328,278,2375,2952,1456,2853,23054,15433,2730,858,15323,4,0
2021-03-27T23:59:59+01:00,645,924,1020,2034,1098,3167,1567,4514,2039,3220,1145,1003,4905,5969,1874,3623,239,215,316,520,336,957,422,1499,599,935,328,278,2374,2951,1456,2853,23039,15417,2726,858,12982,3,0
2021-03-26T23:59:59+01:00,640,917,1014,2025,1097,3162,1556,4506,2019,3212,1100,973,4881,5936,1873,3619,238,212,315,518,334,956,420,1498,595,928,318,273,1867,2259,1146,2294,22846,13316,2717,852,12967,3,0
2021-03-25T23:59:59+01:00,637,911,1001,2014,1095,3156,1547,4494,2005,3202,1090,962,4874,5932,1873,3618,237,209,314,517,332,949,417,1493,591,918,313,269,1765,2123,1119,2237,22800,12971,2708,829,12903,3,0
2021-03-24T23:59:59+01:00,635,906,987,1999,1084,3143,1517,4478,1994,3191,1055,931,4849,5902,1868,3613,237,209,313,515,328,945,413,1486,581,901,298,258,1403,1692,1002,2024,22660,11835,2683,767,12809,3,0
2021-03-23T23:59:59+01:00,632,897,983,1988,1078,3132,1512,4465,1984,3186,1041,921,4831,5886,1868,3611,236,209,311,512,321,942,412,1486,575,897,291,251,1137,1389,919,1886,22585,11025,2675,746,12755,3,0
2021-03-22T23:59:59+01:00,631,885,979,1979,1072,3121,1501,4451,1971,3178,1038,918,4826,5885,1868,3611,234,209,310,510,320,941,409,1483,572,893,287,247,1135,1386,919,1884,22563,11009,2660,727,12691,3,0
2021-03-21T23:59:59+01:00,629,879,976,1973,1069,3115,1496,4441,1963,3171,1035,917,4826,5884,1868,3611,234,209,310,508,319,937,409,1478,565,891,278,243,1130,1381,919,1884,22560,11008,2646,684,12647,3,0
2021-03-20T23:59:59+01:00,624,868,970,1959,1053,3100,1469,4422,1925,3140,925,817,4277,5265,1825,3532,234,209,310,508,319,937,409,1478,565,891,278,243,1130,1381,918,1883,20900,11006,2645,684,12626,3,0
2021-03-19T23:59:59+01:00,614,859,949,1929,1030,3084,1433,4399,1898,3104,797,726,3641,4439,1785,3456,231,209,309,508,318,934,407,1476,560,884,276,242,1109,1361,895,1850,18924,10984,2634,582,12585,3,0
2021-03-18T23:59:59+01:00,599,839,932,1910,1006,3058,1397,4356,1853,3056,672,635,3155,3930,1765,3429,226,207,305,503,316,925,404,1470,558,878,272,238,990,1240,801,1686,18850,10606,1237,410,12505,3,0
2021-03-17T23:59:59+01:00,597,827,921,1890,995,3042,1374,4334,1835,3040,643,611,3070,3839,1760,3425,224,206,303,501,313,924,397,1465,555,873,269,234,696,909,553,1298,18545,9687,1200,33,12458,0,0
2021-03-16T23:59:59+01:00,594,812,909,1873,979,3028,1356,4320,1808,3025,618,597,3022,3764,1759,3421,223,206,302,501,312,922,394,1463,551,868,264,230,424,638,392,1024,18339,8687,1161,27,12385,0,0
2021-03-15T23:59:59+01:00,594,798,905,1857,970,3007,1350,4315,1798,3014,612,595,3021,3763,1759,3421,222,206,301,500,311,922,393,1462,549,868,264,230,424,637,391,1024,18326,8680,1138,24,12315,0,0
2021-03-14T23:59:59+01:00,593,792,898,1844,964,3003,1340,4301,1786,3003,609,591,3016,3760,1759,3421,222,206,300,500,310,920,391,1460,549,868,264,230,424,637,391,1024,18321,8678,1111,18,12248,0,0
2021-03-13T23:59:59+01:00,567,720,789,1579,838,2608,1134,3731,1510,2614,543,507,2918,3645,1758,3420,222,206,300,500,310,920,391,1460,549,868,264,230,424,637,391,1024,18317,8678,1111,18,9453,0,0
2021-03-12T23:59:59+01:00,548,612,722,1308,743,2180,953,3029,1213,2014,469,433,2881,3605,1758,3420,222,205,300,500,310,918,390,1459,549,867,264,229,400,606,353,970,18295,8524,1110,18,6483,0,0
2021-03-11T23:59:59+01:00,523,570,689,1238,694,2067,895,2876,1115,1907,437,390,2869,3597,1757,3420,222,205,299,498,309,917,390,1456,548,867,264,228,381,583,313,933,18111,8398,1062,15,5871,0,0
2021-03-10T23:59:59+01:00,508,557,650,1201,655,2036,855,2838,1080,1880,420,377,2856,3579,1756,3417,217,202,296,491,309,917,385,1448,543,861,260,222,214,442,133,710,17835,7641,1042,9,5788,0,0
2021-03-09T23:59:59+01:00,488,539,620,1173,636,2016,832,2810,1059,1857,399,360,2738,3403,1658,3221,217,202,294,489,308,916,384,1445,543,858,258,221,214,441,133,710,17075,7633,1026,0,5708,0,0
2021-03-08T23:59:59+01:00,472,512,599,1145,617,1996,816,2789,1040,1828,374,332,2451,3050,1490,2924,217,201,294,487,307,911,384,1440,543,856,257,219,214,440,133,710,15830,7613,998,0,5607,0,0
2021-03-07T23:59:59+01:00,470,507,591,1128,606,1988,813,2775,1036,1821,373,330,2446,3042,1489,2923,217,201,294,486,307,909,384,1437,543,856,257,219,214,440,133,710,15804,7607,988,0,5546,0,0
2021-03-06T23:59:59+01:00,470,502,587,1116,603,1987,807,2766,1031,1816,373,330,2446,3042,1489,2923,217,201,294,486,307,909,384,1437,543,855,256,219,214,440,133,710,15796,7605,988,0,5504,0,0
2021-03-05T23:59:59+01:00,464,485,580,1103,598,1980,802,2758,1024,1808,359,321,1908,2316,1173,2333,214,196,290,486,304,908,382,1434,541,851,256,219,214,440,133,710,13568,7578,988,0,5456,0,0
2021-03-04T23:59:59+01:00,453,452,552,1072,579,1917,775,2703,1003,1767,355,316,1806,2183,1145,2276,204,189,282,477,303,901,380,1420,539,847,255,219,214,440,133,710,13217,7513,982,0,5155,0,0
2021-03-03T23:59:59+01:00,450,442,543,1042,561,1880,751,2655,987,1735,349,311,1446,1751,1025,2058,203,188,281,476,301,900,376,1412,537,841,253,217,213,437,131,707,12062,7473,975,0,4949,0,0
2021-03-02T23:59:59+01:00,445,433,536,1011,547,1858,742,2632,977,1718,340,301,1169,1443,939,1919,203,186,280,464,297,895,376,1402,537,836,253,217,213,437,131,707,11240,7434,940,0,4830,0,0
2021-03-01T23:59:59+01:00,443,425,526,984,528,1832,730,2604,971,1703,336,296,1167,1437,939,1916,203,183,280,455,294,884,374,1387,535,832,251,215,212,436,131,707,11222,7379,905,0,4710,0,0
2021-02-28T23:59:59+01:00,440,421,522,975,524,1821,727,2594,965,1689,333,292,1167,1435,939,1916,202,182,280,455,294,883,374,1387,534,832,251,215,212,436,131,707,11222,7375,878,0,4660,0,0
2021-02-27T23:59:59+01:00,439,417,517,969,522,1816,724,2585,962,1687,332,291,1167,1435,938,1916,202,182,280,455,294,883,373,1387,534,832,251,215,212,436,131,707,11221,7374,878,0,4618,0,0
2021-02-26T23:59:59+01:00,388,363,440,785,450,1475,586,2157,791,1386,321,281,1167,1432,938,1916,202,180,280,452,292,872,371,1382,532,829,251,215,212,436,131,707,11209,7344,867,0,2800,0,0
2021-02-25T23:59:59+01:00,368,352,428,762,438,1438,572,2113,774,1352,312,275,1074,1332,876,1804,148,166,263,446,283,860,361,1367,527,825,251,213,212,436,131,707,10808,7196,837,0,2625,0,0
2021-02-24T23:59:59+01:00,363,344,422,745,432,1400,555,2060,752,1315,304,264,843,1073,717,1527,148,160,262,440,279,851,360,1353,520,819,248,211,211,436,131,705,9870,7134,796,0,2450,0,0
2021-02-23T23:59:59+01:00,360,330,414,730,422,1378,545,2023,735,1299,292,254,565,790,553,1259,148,159,261,438,277,844,360,1344,519,815,247,210,210,436,130,704,8866,7102,752,0,2331,0,0
2021-02-22T23:59:59+01:00,360,327,413,723,421,1372,540,2014,731,1295,292,251,564,788,553,1258,148,153,256,428,274,826,357,1320,514,809,244,209,210,436,130,704,8861,7018,740,0,2301,0,0
2021-02-21T23:59:59+01:00,357,326,410,717,419,1365,538,2004,724,1292,283,247,559,783,552,1258,148,152,255,428,273,824,354,1317,507,806,243,208,209,435,129,695,8857,6983,699,0,2278,0,0
2021-02-20T23:59:59+01:00,357,323,410,715,419,1356,537,1995,722,1289,283,247,559,783,552,1258,148,152,255,428,273,824,353,1317,507,806,243,208,209,435,129,695,8857,6982,699,0,2249,0,0
2021-02-19T23:59:59+01:00,310,292,377,630,383,1183,474,1773,616,1096,280,241,514,730,491,1167,148,152,255,428,272,824,353,1317,507,806,243,208,209,435,129,695,8635,6981,593,0,1329,0,0
2021-02-18T23:59:59+01:00,309,286,369,619,371,1163,461,1756,608,1090,280,239,445,661,403,1060,145,148,250,423,266,818,350,1308,504,805,241,207,209,435,129,695,8456,6933,418,0,1246,0,0
2021-02-17T23:59:59+01:00,302,280,358,606,362,1153,439,1739,601,1081,275,232,217,453,138,719,136,133,247,419,261,800,344,1292,498,796,237,205,208,435,129,695,7733,6835,31,0,1191,0,0
2021-02-16T23:59:59+01:00,298,278,348,603,353,1144,431,1726,597,1075,272,229,216,452,138,719,102,117,229,394,250,772,328,1251,466,760,217,190,201,420,128,688,7725,6513,27,0,1127,0,0
2021-02-15T23:59:59+01:00,296,277,346,599,351,1136,430,1715,593,1070,272,229,216,451,137,719,101,115,224,383,241,758,319,1222,449,739,207,183,190,392,122,639,7717,6284,24,0,1096,0,0
2021-02-14T23:59:59+01:00,294,273,341,598,347,1127,426,1709,590,1067,272,229,216,451,137,719,97,113,217,377,238,750,313,1206,446,728,206,180,190,381,122,631,7707,6195,19,0,1070,0,0
2021-02-13T23:59:59+01:00,294,273,341,598,347,1127,425,1709,590,1066,271,229,216,451,137,719,97,113,217,377,238,750,313,1206,446,728,206,180,190,381,122,631,7705,6195,19,0,1069,0,0
2021-02-12T23:59:59+01:00,224,208,302,507,317,931,394,1466,554,863,264,226,216,451,137,719,94,112,214,376,235,747,307,1201,443,723,204,179,190,381,122,631,7693,6159,19,0,67,0,0
2021-02-11T23:59:59+01:00,221,206,297,495,311,916,388,1448,546,855,264,226,216,451,137,719,93,106,201,346,224,708,287,1143,428,685,203,176,190,376,122,628,7652,5916,16,0,28,0,0
2021-02-10T23:59:59+01:00,218,199,293,490,307,913,381,1437,544,847,262,224,214,449,137,718,86,99,186,316,211,647,270,1056,405,641,193,162,175,344,112,585,7610,5488,10,0,13,0,0
2021-02-09T23:59:59+01:00,212,192,291,479,306,906,381,1425,542,840,259,223,214,448,137,718,75,79,147,250,179,541,236,851,345,526,176,134,155,309,103,523,7565,4629,2,0,6,0,0
2021-02-08T23:59:59+01:00,208,185,288,468,301,894,377,1407,536,834,255,219,213,446,135,715,43,58,105,157,131,293,170,467,250,353,154,110,126,256,83,428,7473,3184,2,0,6,0,0
2021-02-07T23:59:59+01:00,206,183,285,467,300,892,376,1405,535,834,254,218,213,446,135,715,25,48,88,136,126,272,159,434,235,327,146,104,116,244,79,396,7463,2935,1,0,0,0,0
2021-02-06T23:59:59+01:00,206,183,285,467,300,892,376,1405,535,834,254,218,213,446,135,715,25,45,85,133,115,258,150,416,202,304,133,104,115,239,78,385,7463,2787,1,0,0,0,0
2021-02-05T23:59:59+01:00,206,181,285,464,299,878,373,1400,532,831,254,217,213,446,135,714,24,40,80,126,109,244,143,390,190,286,127,100,112,233,72,370,7427,2646,1,0,0,0,0
2021-02-04T23:59:59+01:00,197,176,285,460,292,867,370,1388,523,825,253,215,212,446,135,712,14,25,53,86,83,187,117,299,158,236,112,90,101,216,65,332,7356,2174,0,0,0,0,0
2021-02-03T23:59:59+01:00,178,169,276,454,288,863,368,1376,523,824,252,215,212,446,135,711,14,23,45,72,74,150,92,271,135,191,91,75,87,185,59,294,7290,1858,0,0,0,0,0
2021-02-02T23:59:59+01:00,155,163,266,451,284,856,364,1366,522,821,251,215,211,446,134,710,13,20,36,66,63,127,74,221,106,144,59,55,61,117,37,186,7215,1385,0,0,0,0,0
2021-02-01T23:59:59+01:00,150,156,260,437,281,838,363,1341,516,811,247,213,211,446,134,710,7,13,18,36,38,73,42,112,59,63,24,28,27,47,21,96,7114,704,0,0,0,0,0
2021-01-31T23:59:59+01:00,149,153,257,435,280,834,361,1336,512,809,247,210,210,445,134,710,5,9,15,23,31,53,29,63,38,40,12,9,12,29,17,59,7082,444,0,0,0,0,0
2021-01-30T23:59:59+01:00,149,153,257,435,280,832,360,1336,512,809,247,210,210,445,134,710,5,9,13,19,28,47,24,54,35,39,12,9,12,29,17,59,7079,411,0,0,0,0,0
2021-01-29T23:59:59+01:00,149,153,257,435,279,832,360,1336,512,809,247,210,210,445,134,710,4,8,8,18,26,38,19,46,31,36,12,9,11,27,17,59,7078,369,0,0,0,0,0
2021-01-28T23:59:59+01:00,147,150,253,427,274,828,358,1329,508,808,247,210,210,445,134,710,1,3,2,8,15,16,11,23,13,20,8,5,5,15,4,23,7038,172,0,0,0,0,0
2021-01-27T23:59:59+01:00,138,140,252,423,270,819,354,1321,502,802,242,208,209,444,134,710,0,0,1,4,11,12,8,18,11,15,7,5,5,15,4,23,6968,139,0,0,0,0,0
2021-01-26T23:59:59+01:00,106,124,236,410,262,791,342,1284,477,771,222,196,202,430,134,702,0,0,1,4,11,12,8,18,11,15,7,5,5,15,4,23,6689,139,0,0,0,0,0
2021-01-25T23:59:59+01:00,103,117,233,390,247,771,330,1249,456,750,210,187,193,405,130,654,0,0,1,4,11,9,7,12,8,11,7,5,5,15,4,23,6425,122,0,0,0,0,0
2021-01-24T23:59:59+01:00,103,115,229,384,246,767,327,1233,454,739,209,184,193,394,130,645,0,0,1,4,11,9,7,12,8,11,7,5,5,15,4,23,6352,122,0,0,0,0,0
2021-01-23T23:59:59+01:00,103,115,229,384,246,767,327,1233,454,739,209,184,193,394,130,645,0,0,1,4,11,9,7,12,8,11,7,5,5,15,4,23,6352,122,0,0,0,0,0
2021-01-22T23:59:59+01:00,103,114,227,382,246,764,323,1229,450,735,207,183,193,394,130,645,0,0,1,4,11,9,7,12,8,11,7,5,5,15,4,23,6325,122,0,0,0,0,0
2021-01-21T23:59:59+01:00,103,108,210,350,236,724,299,1172,437,710,206,179,192,388,130,642,0,0,1,2,9,8,6,10,7,10,7,5,5,15,4,23,6086,112,0,0,0,0,0
2021-01-20T23:59:59+01:00,95,102,197,325,223,657,284,1075,410,661,196,168,176,356,121,599,0,0,1,2,9,8,6,10,7,10,7,5,5,15,4,23,5645,112,0,0,0,0,0
2021-01-19T23:59:59+01:00,85,88,158,276,201,593,260,941,366,564,180,139,155,315,108,528,0,0,1,2,3,7,5,9,4,8,6,4,5,15,4,23,4957,96,0,0,0,0,0
2021-01-18T23:59:59+01:00,72,77,134,231,181,481,228,781,329,484,165,121,131,266,89,447,0,0,0,1,2,3,2,4,2,7,5,4,5,15,4,21,4217,75,0,0,0,0,0
2021-01-17T23:59:59+01:00,46,59,110,202,168,416,210,689,303,431,155,114,119,248,76,392,0,0,0,0,2,3,1,4,2,5,5,4,5,15,4,21,3738,71,0,0,0,0,0
2021-01-16T23:59:59+01:00,39,56,109,199,156,400,198,666,270,407,142,114,118,243,75,381,0,0,0,0,0,0,0,0,0,0,0,0,0,0,0,0,3573,0,0,0,0,0,0
2021-01-15T23:59:59+01:00,37,52,104,192,145,386,191,636,255,387,136,106,114,236,69,366,0,0,0,0,0,0,0,0,0,0,0,0,0,0,0,0,3412,0,0,0,0,0,0
2021-01-14T23:59:59+01:00,13,29,53,85,84,180,119,297,153,228,116,92,100,218,61,328,0,0,0,0,0,0,0,0,0,0,0,0,0,0,0,0,2156,0,0,0,0,0,0
2021-01-13T23:59:59+01:00,12,25,42,71,77,144,96,270,126,192,87,73,79,176,50,263,0,0,0,0,0,0,0,0,0,0,0,0,0,0,0,0,1783,0,0,0,0,0,0
2021-01-12T23:59:59+01:00,12,20,38,65,65,120,78,217,99,142,54,50,52,102,26,153,0,0,0,0,0,0,0,0,0,0,0,0,0,0,0,0,1293,0,0,0,0,0,0
2021-01-11T23:59:59+01:00,5,15,26,45,43,86,52,135,60,71,24,26,23,39,12,67,0,0,0,0,0,0,0,0,0,0,0,0,0,0,0,0,729,0,0,0,0,0,0
2021-01-10T23:59:59+01:00,2,10,22,29,36,62,33,84,38,43,9,7,7,20,8,29,0,0,0,0,0,0,0,0,0,0,0,0,0,0,0,0,439,0,0,0,0,0,0
2021-01-09T23:59:59+01:00,2,9,20,26,34,58,29,74,36,42,9,7,7,20,8,29,0,0,0,0,0,0,0,0,0,0,0,0,0,0,0,0,410,0,0,0,0,0,0
2021-01-08T23:59:59+01:00,1,8,18,24,31,48,23,63,32,40,8,7,5,17,8,29,0,0,0,0,0,0,0,0,0,0,0,0,0,0,0,0,362,0,0,0,0,0,0
2021-01-07T23:59:59+01:00,1,3,2,10,16,16,12,24,15,21,8,6,5,16,6,24,0,0,0,0,0,0,0,0,0,0,0,0,0,0,0,0,185,0,0,0,0,0,0
2021-01-06T23:59:59+01:00,1,0,2,4,14,13,8,19,13,16,8,6,5,16,6,24,0,0,0,0,0,0,0,0,0,0,0,0,0,0,0,0,155,0,0,0,0,0,0
2021-01-05T23:59:59+01:00,0,0,1,4,12,12,8,18,12,16,7,6,5,16,6,24,0,0,0,0,0,0,0,0,0,0,0,0,0,0,0,0,147,0,0,0,0,0,0
2021-01-04T23:59:59+01:00,0,0,1,4,12,11,7,14,10,14,7,6,5,16,6,24,0,0,0,0,0,0,0,0,0,0,0,0,0,0,0,0,137,0,0,0,0,0,0
2021-01-03T23:59:59+01:00,0,0,1,4,11,9,7,12,8,11,7,6,5,16,6,24,0,0,0,0,0,0,0,0,0,0,0,0,0,0,0,0,127,0,0,0,0,0,0
2021-01-02T23:59:59+01:00,0,0,1,4,11,9,7,12,8,11,7,6,5,16,6,24,0,0,0,0,0,0,0,0,0,0,0,0,0,0,0,0,127,0,0,0,0,0,0
2021-01-01T23:59:59+01:00,0,0,1,4,11,9,7,12,8,11,7,6,5,16,6,24,0,0,0,0,0,0,0,0,0,0,0,0,0,0,0,0,127,0,0,0,0,0,0
2020-12-31T23:59:59+01:00,0,0,1,4,11,9,7,12,8,11,7,6,5,16,6,24,0,0,0,0,0,0,0,0,0,0,0,0,0,0,0,0,127,0,0,0,0,0,0
2020-12-30T23:59:59+01:00,0,0,1,4,11,9,7,12,8,11,7,6,5,16,6,24,0,0,0,0,0,0,0,0,0,0,0,0,0,0,0,0,127,0,0,0,0,0,0
2020-12-29T23:59:59+01:00,0,0,1,4,8,9,6,12,7,9,7,6,5,16,6,24,0,0,0,0,0,0,0,0,0,0,0,0,0,0,0,0,120,0,0,0,0,0,0
2020-12-28T23:59:59+01:00,0,0,1,1,5,6,6,5,5,8,7,6,5,16,6,24,0,0,0,0,0,0,0,0,0,0,0,0,0,0,0,0,101,0,0,0,0,0,0
2020-12-27T23:59:59+01:00,0,0,0,0,2,3,1,4,2,6,5,5,5,15,6,24,0,0,0,0,0,0,0,0,0,0,0,0,0,0,0,0,78,0,0,0,0,0,0
