Datum,<15_1_m,<15_1_w,15-24_1_m,15-24_1_w,25-34_1_m,25-34_1_w,35-44_1_m,35-44_1_w,45-54_1_m,45-54_1_w,55-64_1_m,55-64_1_w,65-74_1_m,65-74_1_w,75-84_1_m,75-84_1_w,>84_1_m,>84_1_w,<15_2_m,<15_2_w,15-24_2_m,15-24_2_w,25-34_2_m,25-34_2_w,35-44_2_m,35-44_2_w,45-54_2_m,45-54_2_w,55-64_2_m,55-64_2_w,65-74_2_m,65-74_2_w,75-84_2_m,75-84_2_w,>84_2_m,>84_2_w,bp_1,bp_2,mo_1,mo_2,az_1,az_2,ja,unb_1,unb_2
2021-10-27T23:59:59+02:00,2011,1956,10372,9726,11305,10622,13836,14252,17802,18163,20983,20913,16504,17202,9198,11187,2972,5713,1761,1667,9653,9151,10764,9993,13251,13616,17200,17525,20429,20337,16183,16867,9023,10961,2881,5548,154153,147714,20463,19744,27880,27116,12227,9,9
2021-10-26T23:59:59+02:00,2000,1940,10354,9707,11288,10611,13818,14236,17794,18150,20976,20906,16502,17200,9189,11177,2970,5706,1725,1631,9588,9087,10736,9955,13227,13582,17177,17496,20416,20325,16176,16856,9019,10955,2880,5546,153971,147292,20462,19743,27879,27115,12218,9,9
2021-10-25T23:59:59+02:00,1998,1937,10338,9700,11280,10605,13816,14231,17789,18147,20974,20903,16501,17199,9188,11177,2970,5706,1722,1626,9583,9084,10732,9952,13222,13581,17172,17493,20413,20325,16174,16855,9019,10952,2880,5544,153913,147249,20461,19743,27878,27115,12213,9,9
2021-10-24T23:59:59+02:00,1992,1933,10328,9695,11267,10600,13811,14227,17786,18145,20969,20899,16500,17199,9188,11174,2969,5705,1712,1620,9568,9072,10724,9943,13217,13574,17170,17490,20407,20325,16173,16853,9019,10951,2878,5544,153847,147164,20459,19743,27878,27115,12209,9,9
2021-10-23T23:59:59+02:00,1989,1930,10290,9667,11231,10576,13781,14198,17757,18123,20948,20884,16494,17190,9185,11169,2969,5703,1712,1619,9567,9071,10724,9940,13215,13572,17169,17490,20407,20325,16173,16852,9019,10950,2878,5544,153545,147152,20459,19743,27878,27115,12208,9,9
2021-10-22T23:59:59+02:00,1977,1917,10259,9646,11217,10546,13743,14181,17737,18103,20924,20866,16488,17190,9184,11167,2969,5703,1704,1610,9549,9061,10717,9929,13206,13560,17166,17482,20402,20322,16170,16847,9018,10949,2877,5541,153289,147045,20457,19743,27878,27114,12199,9,9
2021-10-21T23:59:59+02:00,1972,1914,10253,9640,11202,10537,13730,14178,17729,18098,20921,20865,16487,17189,9182,11167,2969,5702,1698,1601,9538,9054,10712,9918,13202,13547,17158,17475,20398,20315,16168,16846,9017,10947,2877,5541,153214,146955,20453,19738,27878,27114,12196,9,9
2021-10-20T23:59:59+02:00,1963,1905,10233,9631,11191,10518,13719,14170,17724,18089,20913,20861,16484,17185,9180,11164,2969,5702,1680,1581,9513,9019,10698,9898,13184,13527,17138,17458,20384,20302,16166,16840,9015,10944,2875,5541,153086,146713,20452,19736,27878,27114,12191,9,9
2021-10-19T23:59:59+02:00,1959,1899,10225,9624,11183,10508,13712,14165,17718,18085,20906,20857,16483,17183,9180,11164,2968,5701,1658,1561,9472,8975,10668,9868,13162,13501,17111,17435,20373,20291,16157,16827,9009,10941,2875,5540,153011,146379,20450,19735,27878,27114,12187,9,9
2021-10-18T23:59:59+02:00,1953,1882,10199,9606,11168,10492,13704,14152,17704,18077,20896,20849,16477,17178,9176,11158,2966,5695,1632,1542,9442,8936,10643,9842,13139,13472,17089,17420,20356,20277,16148,16819,9001,10931,2874,5536,152825,146057,20449,19733,27878,27114,12186,9,9
2021-10-17T23:59:59+02:00,1953,1881,10193,9605,11166,10488,13701,14150,17702,18073,20893,20848,16474,17178,9175,11158,2964,5693,1632,1539,9440,8931,10636,9840,13137,13471,17084,17415,20354,20276,16147,16818,9001,10930,2874,5536,152791,146023,20448,19731,27878,27114,12184,9,9
2021-10-16T23:59:59+02:00,1949,1877,10185,9599,11161,10488,13695,14138,17699,18071,20888,20846,16472,17174,9173,11157,2964,5692,1632,1539,9440,8930,10635,9840,13136,13470,17084,17413,20353,20276,16147,16818,9001,10930,2874,5536,152725,146017,20448,19731,27878,27114,12183,9,9
2021-10-15T23:59:59+02:00,1946,1873,10178,9586,11154,10481,13687,14126,17690,18058,20883,20834,16471,17173,9172,11156,2964,5691,1628,1532,9424,8916,10625,9833,13127,13463,17080,17408,20348,20271,16144,16818,9001,10930,2873,5536,152623,145924,20448,19730,27878,27114,12180,9,9
2021-10-14T23:59:59+02:00,1941,1866,10167,9575,11146,10467,13671,14120,17684,18048,20872,20826,16468,17170,9172,11153,2963,5689,1621,1529,9414,8903,10617,9822,13118,13455,17075,17403,20338,20263,16138,16812,8998,10929,2873,5536,152535,145831,20422,19721,27878,27114,12169,9,9
2021-10-13T23:59:59+02:00,1937,1855,10153,9556,11132,10460,13657,14110,17669,18037,20865,20818,16465,17162,9166,11145,2960,5687,1612,1522,9403,8884,10603,9809,13105,13441,17063,17392,20333,20253,16136,16806,8993,10920,2872,5533,152415,145751,20380,19640,27878,27113,12167,9,9
2021-10-12T23:59:59+02:00,1927,1846,10138,9543,11122,10443,13651,14105,17667,18031,20859,20815,16462,17159,9164,11144,2960,5687,1600,1512,9374,8861,10594,9794,13092,13425,17050,17382,20323,20245,16127,16797,8988,10912,2871,5525,152374,145625,20311,19559,27878,27113,12166,9,9
2021-10-11T23:59:59+02:00,1918,1837,10118,9528,11103,10434,13638,14097,17657,18015,20851,20805,16456,17157,9161,11140,2959,5685,1572,1485,9341,8821,10572,9763,13069,13397,17036,17367,20311,20236,16118,16793,8985,10908,2870,5521,152273,145475,20253,19407,27878,27113,12161,9,9
2021-10-10T23:59:59+02:00,1917,1832,10108,9521,11099,10427,13628,14090,17649,18007,20841,20800,16456,17157,9158,11137,2959,5685,1570,1484,9334,8817,10564,9759,13063,13392,17031,17364,20306,20236,16117,16793,8983,10905,2870,5519,152248,145431,20194,19397,27878,27113,12157,9,9
2021-10-09T23:59:59+02:00,1917,1832,10108,9521,11098,10427,13628,14090,17648,18007,20841,20800,16456,17157,9158,11137,2959,5685,1569,1484,9331,8813,10564,9757,13062,13391,17029,17364,20305,20235,16117,16793,8983,10905,2870,5519,152247,145418,20193,19394,27878,27113,12157,9,9
2021-10-08T23:59:59+02:00,1908,1823,10093,9514,11089,10421,13618,14079,17638,18000,20832,20795,16449,17151,9157,11134,2958,5684,1563,1477,9325,8803,10559,9751,13057,13384,17027,17362,20304,20234,16115,16792,8983,10904,2870,5519,152123,145362,20193,19390,27878,27113,12155,9,9
2021-10-07T23:59:59+02:00,1896,1809,10063,9481,11061,10394,13589,14061,17630,17987,20814,20782,16443,17146,9154,11130,2957,5682,1557,1469,9312,8784,10551,9735,13051,13373,17022,17353,20296,20229,16111,16788,8979,10901,2870,5518,151880,145250,20188,19388,27878,27113,12139,9,9
2021-10-06T23:59:59+02:00,1878,1785,10038,9461,11045,10378,13574,14041,17623,17975,20802,20773,16439,17141,9151,11129,2957,5681,1516,1412,9270,8721,10528,9698,13017,13335,16996,17326,20276,20210,16100,16779,8974,10897,2870,5514,151681,144799,20184,19387,27878,27113,12131,9,9
2021-10-05T23:59:59+02:00,1868,1773,10025,9439,11035,10361,13560,14025,17614,17966,20792,20768,16435,17135,9150,11129,2956,5681,1498,1389,9250,8696,10513,9677,13007,13323,16988,17310,20264,20201,16094,16775,8971,10891,2866,5510,151543,144604,20184,19387,27878,27113,12110,9,9
2021-10-04T23:59:59+02:00,1856,1763,10000,9425,11024,10345,13546,14013,17603,17952,20780,20755,16434,17132,9148,11127,2955,5681,1482,1375,9228,8675,10493,9654,13003,13313,16979,17291,20255,20181,16091,16771,8969,10889,2865,5510,151392,144423,20179,19387,27878,27112,12093,9,9
2021-10-03T23:59:59+02:00,1850,1758,9993,9419,11013,10335,13541,14007,17596,17947,20772,20751,16431,17127,9146,11126,2955,5681,1479,1370,9220,8666,10480,9647,12999,13308,16975,17284,20246,20177,16089,16769,8969,10888,2865,5510,151332,144371,20179,19387,27878,27112,12062,9,9
2021-10-02T23:59:59+02:00,1850,1758,9991,9416,11011,10333,13538,14007,17596,17947,20770,20749,16430,17126,9146,11126,2955,5681,1479,1370,9219,8664,10477,9644,12997,13306,16975,17284,20245,20175,16088,16767,8969,10888,2865,5510,151324,144363,20179,19386,27878,27112,12052,9,9
2021-10-01T23:59:59+02:00,1847,1754,9977,9401,11002,10318,13529,13999,17587,17940,20764,20745,16426,17122,9144,11125,2953,5679,1469,1356,9202,8646,10463,9633,12995,13295,16964,17277,20236,20168,16087,16767,8968,10883,2864,5508,151225,144239,20178,19386,27877,27112,12035,9,9
2021-09-30T23:59:59+02:00,1844,1751,9961,9393,10990,10308,13519,13982,17579,17928,20756,20739,16426,17121,9142,11123,2952,5678,1460,1352,9179,8638,10451,9622,12988,13283,16954,17273,20230,20164,16085,16767,8965,10883,2864,5508,151152,144172,20176,19383,27877,27112,11990,9,9
2021-09-29T23:59:59+02:00,1831,1717,9933,9357,10966,10283,13505,13962,17564,17916,20737,20729,16419,17113,9140,11120,2951,5675,1456,1338,9169,8623,10438,9607,12985,13269,16949,17260,20220,20156,16079,16758,8961,10880,2863,5507,150896,144043,20176,19382,27877,27112,11972,9,9
2021-09-28T23:59:59+02:00,1804,1692,9880,9304,10945,10247,13475,13935,17536,17886,20720,20709,16410,17100,9136,11110,2950,5672,1434,1322,9150,8593,10425,9585,12967,13256,16939,17248,20207,20144,16070,16749,8955,10873,2863,5506,150516,143838,20176,19381,27876,27112,11946,9,9
2021-09-27T23:59:59+02:00,1787,1679,9855,9286,10920,10225,13456,13908,17518,17866,20711,20702,16404,17095,9132,11107,2950,5670,1420,1310,9131,8571,10403,9565,12947,13230,16924,17231,20196,20135,16066,16746,8953,10870,2863,5505,150347,143688,20168,19376,27876,27110,11883,9,9
2021-09-26T23:59:59+02:00,1780,1673,9844,9277,10904,10213,13446,13900,17512,17860,20701,20701,16402,17091,9132,11106,2949,5670,1418,1309,9126,8563,10395,9561,12938,13225,16920,17226,20189,20133,16064,16744,8953,10870,2863,5505,150267,143654,20167,19376,27876,27109,11854,9,9
2021-09-25T23:59:59+02:00,1780,1672,9841,9276,10903,10213,13444,13899,17512,17860,20701,20701,16402,17090,9132,11106,2949,5670,1418,1309,9126,8560,10393,9561,12937,13223,16920,17226,20189,20133,16064,16743,8953,10870,2863,5505,150262,143650,20167,19376,27876,27109,11849,9,9
2021-09-24T23:59:59+02:00,1772,1656,9824,9264,10899,10203,13440,13888,17509,17856,20698,20697,16399,17089,9132,11106,2948,5670,1408,1303,9109,8547,10387,9550,12933,13219,16914,17220,20188,20129,16062,16741,8952,10870,2863,5505,150173,143567,20165,19376,27876,27109,11839,9,9
2021-09-23T23:59:59+02:00,1769,1654,9761,9222,10789,10139,13341,13814,17424,17790,20645,20650,16375,17071,9125,11095,2948,5667,1407,1300,9051,8509,10278,9491,12842,13158,16833,17158,20137,20085,16039,16720,8944,10858,2863,5502,150096,143538,20163,19373,27876,27109,11146,9,9
2021-09-22T23:59:59+02:00,1747,1637,9732,9189,10774,10110,13315,13783,17396,17767,20630,20628,16371,17063,9123,11088,2945,5666,1401,1283,9026,8494,10257,9474,12827,13143,16814,17148,20126,20080,16033,16718,8941,10852,2861,5499,149810,143368,20159,19370,27876,27109,11121,9,9
2021-09-21T23:59:59+02:00,1716,1606,9676,9123,10739,10075,13288,13741,17366,17744,20616,20618,16359,17049,9119,11086,2943,5661,1385,1252,8992,8462,10241,9456,12805,13116,16788,17118,20116,20070,16023,16711,8936,10849,2861,5497,149389,143086,20157,19368,27875,27109,11106,9,9
2021-09-20T23:59:59+02:00,1684,1582,9620,9070,10691,10025,13252,13700,17345,17725,20592,20600,16349,17042,9110,11074,2942,5657,1368,1225,8957,8435,10222,9433,12778,13093,16767,17100,20099,20051,16015,16702,8929,10842,2859,5496,148986,142841,20155,19367,27875,27108,11046,9,9
2021-09-19T23:59:59+02:00,1683,1581,9616,9062,10684,10020,13244,13698,17337,17719,20585,20596,16347,17039,9109,11072,2939,5654,1364,1224,8951,8429,10218,9431,12774,13091,16764,17098,20096,20047,16014,16702,8929,10842,2859,5495,148932,142819,20152,19365,27875,27107,11028,9,9
2021-09-18T23:59:59+02:00,1683,1581,9616,9061,10682,10016,13241,13694,17334,17719,20584,20596,16347,17039,9109,11072,2939,5654,1362,1224,8949,8426,10216,9429,12773,13088,16760,17097,20095,20047,16014,16702,8929,10842,2859,5495,148926,142810,20152,19365,27875,27107,11016,9,9
2021-09-17T23:59:59+02:00,1677,1571,9599,9038,10670,10000,13225,13681,17323,17708,20579,20585,16345,17037,9108,11070,2938,5653,1360,1222,8942,8420,10210,9423,12764,13083,16756,17092,20092,20038,16014,16700,8928,10841,2859,5495,148811,142786,20150,19365,27875,27106,10973,9,9
2021-09-16T23:59:59+02:00,1673,1570,9582,9022,10654,9984,13214,13668,17311,17699,20567,20574,16344,17033,9105,11067,2938,5651,1357,1222,8936,8414,10202,9416,12756,13077,16748,17087,20082,20033,16014,16699,8928,10838,2859,5493,148707,142757,20147,19362,27874,27103,10930,9,9
2021-09-15T23:59:59+02:00,1660,1555,9555,8995,10630,9964,13185,13640,17292,17675,20550,20556,16338,17026,9096,11059,2938,5647,1334,1188,8889,8375,10171,9375,12723,13037,16723,17067,20053,20013,16007,16687,8923,10835,2859,5491,148540,142421,20079,19350,27874,27100,10870,9,9
2021-09-14T23:59:59+02:00,1648,1545,9521,8964,10613,9944,13166,13617,17269,17657,20536,20542,16321,17013,9086,11048,2934,5635,1312,1176,8855,8342,10154,9358,12714,13014,16707,17048,20036,19993,16003,16680,8920,10828,2858,5487,148339,142180,20001,19349,27874,27100,10847,9,9
2021-09-13T23:59:59+02:00,1615,1509,9477,8909,10587,9910,13143,13574,17248,17638,20514,20529,16315,17007,9083,11042,2932,5629,1289,1161,8820,8314,10138,9336,12693,12982,16694,17031,20020,19977,15997,16666,8914,10826,2857,5483,148120,141926,19846,19341,27874,27099,10823,9,9
2021-09-12T23:59:59+02:00,1613,1506,9464,8902,10574,9904,13136,13564,17243,17634,20511,20524,16314,17004,9081,11041,2932,5626,1272,1145,8796,8292,10117,9325,12676,12968,16683,17023,20012,19968,15994,16662,8913,10820,2857,5482,148069,141766,19840,19340,27874,27098,10792,9,9
2021-09-11T23:59:59+02:00,1613,1506,9462,8897,10570,9901,13133,13562,17242,17631,20508,20522,16314,17002,9080,11041,2932,5626,1272,1145,8787,8289,10115,9324,12671,12967,16682,17020,20010,19967,15994,16661,8912,10820,2857,5482,148058,141760,19838,19335,27874,27098,10774,9,8
2021-09-10T23:59:59+02:00,1612,1505,9458,8893,10561,9894,13121,13557,17237,17624,20506,20518,16313,17001,9080,11041,2932,5626,1271,1144,8783,8286,10108,9316,12661,12961,16676,17015,20007,19963,15994,16660,8912,10819,2857,5482,148029,141739,19837,19329,27874,27098,10741,9,8
2021-09-09T23:59:59+02:00,1609,1500,9442,8887,10550,9881,13107,13540,17221,17615,20491,20507,16311,17000,9078,11037,2931,5623,1268,1140,8773,8281,10101,9306,12656,12948,16658,17008,19995,19954,15992,16658,8910,10812,2856,5480,147947,141687,19835,19329,27874,27097,10675,9,8
2021-09-08T23:59:59+02:00,1571,1451,9398,8828,10518,9843,13080,13503,17189,17589,20472,20487,16295,16986,9074,11031,2931,5621,1266,1133,8749,8265,10082,9290,12636,12932,16643,16999,19979,19947,15985,16652,8909,10808,2856,5480,147535,141557,19834,19324,27874,27097,10625,9,8
2021-09-07T23:59:59+02:00,1553,1426,9378,8804,10500,9823,13070,13493,17180,17577,20466,20482,16291,16983,9073,11026,2930,5619,1266,1131,8741,8257,10074,9288,12628,12930,16639,16990,19975,19944,15985,16650,8909,10805,2856,5480,147359,141515,19832,19322,27874,27093,10610,9,8
2021-09-06T23:59:59+02:00,1540,1414,9354,8780,10480,9802,13060,13479,17169,17563,20457,20466,16289,16980,9071,11026,2929,5619,1263,1131,8735,8247,10066,9281,12623,12921,16633,16985,19970,19937,15983,16650,8906,10802,2856,5479,147184,141457,19831,19319,27872,27092,10592,9,8
2021-09-05T23:59:59+02:00,1537,1411,9346,8769,10472,9797,13055,13473,17166,17556,20451,20464,16286,16977,9071,11025,2929,5619,1260,1123,8727,8241,10059,9271,12616,12915,16627,16979,19962,19935,15981,16648,8906,10801,2856,5479,147134,141402,19831,19319,27872,27089,10568,9,8
2021-09-04T23:59:59+02:00,1536,1411,9345,8767,10471,9797,13054,13472,17166,17556,20449,20462,16286,16977,9071,11025,2929,5619,1259,1123,8727,8241,10058,9269,12615,12915,16626,16978,19961,19935,15981,16648,8906,10801,2856,5479,147128,141396,19828,19319,27872,27089,10566,9,8
2021-09-03T23:59:59+02:00,1526,1397,9324,8749,10458,9786,13050,13462,17151,17545,20437,20452,16282,16971,9070,11020,2929,5616,1259,1122,8711,8229,10046,9262,12608,12908,16610,16968,19958,19927,15977,16641,8905,10797,2856,5476,147027,141345,19825,19317,27872,27089,10501,9,8
2021-09-02T23:59:59+02:00,1515,1388,9270,8717,10398,9735,12975,13404,17101,17508,20379,20409,16250,16944,9060,11009,2928,5611,1251,1117,8666,8204,9987,9218,12539,12858,16566,16935,19898,19886,15945,16618,8898,10789,2856,5471,146900,141288,19824,19313,27871,27087,10006,9,8
2021-09-01T23:59:59+02:00,1511,1371,9250,8703,10375,9723,12962,13391,17089,17494,20369,20405,16247,16938,9053,11005,2928,5610,1240,1109,8648,8183,9971,9201,12528,12847,16553,16924,19882,19875,15941,16613,8895,10783,2856,5470,146792,141153,19800,19311,27871,27086,9961,9,8
2021-08-31T23:59:59+02:00,1494,1353,9235,8676,10364,9710,12951,13383,17084,17483,20362,20397,16242,16934,9051,11000,2928,5610,1227,1095,8631,8165,9965,9188,12513,12836,16542,16919,19879,19868,15937,16611,8894,10780,2856,5470,146636,141026,19799,19308,27871,27083,9951,9,8
2021-08-30T23:59:59+02:00,1473,1336,9217,8653,10350,9694,12940,13368,17071,17463,20350,20388,16238,16931,9049,10998,2928,5609,1219,1084,8604,8151,9951,9176,12502,12817,16529,16902,19870,19861,15931,16605,8892,10775,2854,5468,146471,140888,19799,19304,27868,27074,9917,9,8
2021-08-29T23:59:59+02:00,1472,1335,9215,8647,10343,9685,12938,13363,17062,17458,20346,20383,16235,16926,9049,10998,2928,5608,1219,1081,8601,8145,9942,9165,12498,12811,16521,16897,19866,19858,15928,16598,8891,10775,2854,5467,146453,140868,19799,19303,27868,27068,9870,9,8
2021-08-28T23:59:59+02:00,1471,1335,9212,8643,10343,9684,12937,13362,17062,17457,20345,20382,16235,16926,9049,10998,2928,5608,1218,1079,8597,8145,9940,9165,12497,12810,16521,16896,19865,19857,15928,16598,8891,10775,2854,5467,146445,140862,19799,19301,27868,27068,9864,9,8
2021-08-27T23:59:59+02:00,1461,1324,9199,8636,10338,9677,12934,13360,17059,17451,20340,20377,16234,16924,9048,10998,2928,5608,1213,1073,8587,8138,9937,9159,12492,12808,16518,16889,19864,19856,15927,16597,8890,10774,2854,5467,146371,140815,19798,19299,27868,27063,9858,9,8
2021-08-26T23:59:59+02:00,1458,1323,9192,8632,10333,9671,12926,13359,17056,17449,20338,20372,16231,16921,9045,10993,2927,5608,1210,1071,8578,8127,9931,9153,12484,12805,16513,16887,19862,19851,15924,16593,8887,10771,2853,5467,146350,140784,19796,19299,27868,27057,9819,9,8
2021-08-25T23:59:59+02:00,1444,1298,9086,8576,10246,9599,12837,13286,16937,17366,20243,20316,16184,16884,9030,10972,2922,5597,1198,1063,8486,8073,9847,9091,12393,12740,16409,16814,19775,19797,15880,16555,8873,10751,2848,5454,146111,140638,19795,19298,27868,27055,9048,9,8
2021-08-24T23:59:59+02:00,1425,1273,9055,8546,10232,9579,12808,13257,16906,17330,20229,20300,16169,16874,9025,10966,2922,5594,1193,1054,8463,8060,9830,9079,12377,12729,16398,16799,19768,19787,15874,16551,8873,10749,2848,5453,145822,140520,19793,19296,27868,27055,9006,9,8
2021-08-23T23:59:59+02:00,1407,1248,9013,8509,10218,9560,12777,13237,16887,17312,20216,20276,16157,16862,9014,10960,2921,5589,1192,1048,8438,8044,9803,9060,12363,12723,16385,16790,19757,19771,15868,16544,8869,10744,2847,5450,145565,140424,19793,19294,27868,27034,8936,9,8
2021-08-22T23:59:59+02:00,1407,1248,9003,8504,10211,9554,12776,13233,16883,17306,20213,20273,16154,16858,9010,10960,2921,5588,1191,1047,8422,8038,9796,9049,12359,12718,16382,16783,19755,19767,15865,16539,8865,10742,2847,5449,145552,140395,19793,19292,27868,27031,8888,9,8
2021-08-21T23:59:59+02:00,1407,1247,8998,8504,10210,9552,12773,13232,16882,17306,20212,20272,16154,16858,9010,10960,2921,5588,1189,1045,8300,7958,9695,8955,12271,12608,16291,16712,19699,19723,15845,16524,8862,10731,2846,5447,145546,140391,19790,18391,27868,27030,8881,9,8
2021-08-20T23:59:59+02:00,1406,1245,8990,8502,10203,9544,12767,13222,16879,17304,20205,20267,16151,16858,9010,10958,2920,5587,1040,905,7942,7632,9542,8796,12128,12468,16168,16602,19591,19627,15806,16475,8850,10707,2844,5446,145512,138294,19790,18391,27868,27029,8847,9,8
2021-08-19T23:59:59+02:00,1401,1243,8979,8496,10196,9535,12758,13216,16874,17302,20200,20265,16150,16856,9010,10957,2920,5586,920,791,7681,7364,9412,8690,11985,12349,16073,16497,19494,19540,15764,16428,8839,10688,2843,5438,145470,136566,19787,18383,27867,27020,8819,9,8
2021-08-18T23:59:59+02:00,1377,1211,8933,8460,10168,9504,12731,13181,16844,17279,20174,20236,16137,16842,9004,10951,2916,5581,919,790,7668,7354,9400,8682,11971,12332,16059,16488,19486,19531,15758,16421,8835,10684,2840,5435,145164,136519,19774,18382,27864,27019,8725,9,8
2021-08-17T23:59:59+02:00,1352,1198,8897,8428,10153,9483,12716,13156,16829,17258,20151,20214,16129,16832,9001,10944,2914,5576,914,788,7655,7339,9382,8674,11960,12323,16052,16478,19475,19525,15752,16416,8834,10682,2839,5433,144920,136448,19771,18377,27863,27013,8675,9,8
2021-08-16T23:59:59+02:00,1329,1180,8859,8402,10134,9464,12692,13132,16819,17241,20131,20199,16124,16820,8997,10943,2913,5576,913,788,7646,7327,9366,8671,11950,12317,16050,16473,19466,19518,15749,16413,8834,10682,2839,5433,144687,136408,19769,18373,27863,27012,8634,9,8
2021-08-15T23:59:59+02:00,1311,1163,8840,8383,10121,9450,12676,13119,16806,17231,20117,20187,16118,16814,8997,10938,2913,5576,911,787,7634,7316,9350,8655,11936,12306,16043,16465,19460,19514,15741,16409,8833,10679,2839,5433,144539,136351,19768,18368,27860,26993,8591,9,8
2021-08-14T23:59:59+02:00,1310,1163,8840,8383,10120,9450,12675,13117,16806,17230,20116,20185,16118,16814,8997,10938,2913,5576,792,670,7317,7023,9205,8487,11762,12141,15925,16335,19366,19426,15715,16385,8824,10666,2839,5429,144533,134361,19768,18366,27860,26984,8588,9,8
2021-08-13T23:59:59+02:00,1305,1161,8828,8374,10109,9442,12663,13107,16790,17221,20108,20177,16115,16809,8995,10937,2912,5576,631,525,6929,6663,9034,8326,11554,11925,15707,16154,19225,19304,15681,16347,8812,10652,2837,5425,144505,131882,19768,18366,27860,26981,8494,9,8
2021-08-12T23:59:59+02:00,1305,1161,8827,8371,10102,9436,12660,13107,16784,17212,20104,20172,16114,16805,8993,10935,2912,5576,627,523,6922,6656,9020,8319,11542,11923,15696,16147,19221,19298,15679,16342,8810,10651,2837,5425,144489,131847,19767,18363,27860,26963,8457,9,8
2021-08-11T23:59:59+02:00,1302,1157,8823,8364,10093,9429,12652,13103,16778,17208,20098,20170,16112,16802,8992,10935,2912,5575,623,522,6915,6646,9004,8308,11531,11919,15692,16140,19213,19292,15675,16339,8809,10651,2837,5423,144439,131785,19763,18357,27860,26949,8440,9,8
2021-08-10T23:59:59+02:00,1301,1157,8821,8363,10089,9423,12649,13098,16776,17206,20097,20165,16110,16800,8992,10934,2912,5575,605,514,6871,6601,8971,8293,11512,11899,15666,16128,19206,19282,15673,16337,8809,10649,2837,5423,144411,131542,19763,18353,27860,26942,8431,9,8
2021-08-09T23:59:59+02:00,1301,1155,8815,8361,10085,9415,12647,13095,16769,17204,20091,20165,16108,16800,8991,10934,2912,5575,599,508,6852,6577,8950,8276,11499,11888,15650,16116,19200,19277,15670,16336,8807,10648,2837,5423,144385,131408,19763,18349,27858,26933,8415,8,8
2021-08-08T23:59:59+02:00,1301,1154,8812,8355,10083,9411,12638,13092,16764,17200,20089,20162,16106,16796,8990,10933,2911,5574,598,506,6849,6566,8934,8268,11482,11880,15643,16107,19198,19272,15667,16332,8806,10647,2836,5422,144373,131359,19762,18341,27858,26929,8376,8,8
2021-08-07T23:59:59+02:00,1301,1146,8803,8348,10072,9404,12635,13086,16757,17196,20083,20157,16102,16791,8988,10932,2910,5574,421,359,6196,5995,8663,8045,11210,11649,15444,15933,19113,19196,15647,16308,8799,10640,2833,5421,144324,128267,19761,18329,27858,26928,8340,8,8
2021-08-06T23:59:59+02:00,1295,1145,8794,8336,10058,9392,12615,13067,16739,17184,20066,20145,16095,16783,8988,10929,2910,5573,419,358,6183,5981,8648,8030,11186,11628,15422,15916,19096,19184,15640,16301,8799,10637,2833,5420,144286,128214,19758,18323,27858,26926,8210,8,8
2021-08-05T23:59:59+02:00,1292,1143,8786,8329,10049,9383,12601,13059,16733,17181,20058,20141,16094,16783,8988,10928,2910,5573,417,353,5898,5744,8299,7734,10820,11351,15098,15677,18846,19016,15620,16277,8789,10630,2832,5419,144237,128119,19754,15616,27854,26893,8184,8,8
2021-08-04T23:59:59+02:00,1291,1140,8780,8325,10044,9381,12595,13055,16728,17179,20056,20138,16093,16783,8987,10927,2910,5572,415,351,5884,5736,8270,7724,10800,11339,15081,15671,18841,19011,15618,16274,8788,10630,2832,5419,144205,128020,19753,15608,27853,26877,8171,8,8
2021-08-03T23:59:59+02:00,1284,1137,8776,8315,10039,9376,12590,13052,16723,17177,20051,20136,16091,16783,8986,10925,2910,5571,394,335,5772,5622,8177,7654,10683,11262,15032,15618,18812,18996,15614,16272,8787,10628,2830,5418,144160,127294,19751,15600,27853,26848,8156,8,8
2021-08-02T23:59:59+02:00,1278,1131,8763,8307,10032,9369,12585,13046,16718,17167,20044,20132,16089,16780,8984,10922,2909,5570,357,303,5601,5462,8048,7547,10559,11147,14960,15535,18780,18971,15606,16263,8781,10628,2830,5418,144079,126228,19745,15595,27852,26817,8148,8,8
2021-08-01T23:59:59+02:00,1276,1130,8756,8300,10025,9362,12579,13044,16713,17165,20039,20130,16089,16780,8983,10920,2909,5570,341,283,5541,5405,7997,7498,10496,11095,14924,15510,18767,18953,15603,16260,8779,10625,2830,5416,144035,125789,19743,15591,27851,26796,8139,8,8
2021-07-31T23:59:59+02:00,1276,1130,8755,8297,10025,9361,12577,13044,16712,17165,20038,20128,16089,16780,8983,10920,2909,5570,336,279,5515,5384,7981,7485,10479,11081,14911,15504,18763,18950,15602,16259,8779,10625,2830,5416,144033,125658,19742,15587,27851,26795,8131,8,8
2021-07-30T23:59:59+02:00,1144,1009,8527,8068,9931,9243,12497,12960,16632,17093,19978,20061,16057,16741,8977,10903,2908,5567,280,216,5221,5109,7842,7342,10291,10888,14775,15338,18695,18893,15578,16231,8766,10612,2826,5412,142578,123825,19740,15579,27851,26778,8125,8,8
2021-07-29T23:59:59+02:00,1137,1001,8396,7978,9773,9145,12343,12859,16483,16998,19815,19951,15971,16672,8952,10884,2907,5560,233,183,4926,4875,7565,7149,10010,10687,14528,15164,18501,18775,15492,16156,8739,10591,2825,5402,142457,122724,19737,15538,27851,26753,6778,8,8
2021-07-28T23:59:59+02:00,1126,987,8367,7941,9759,9129,12321,12845,16465,16975,19796,19941,15964,16659,8945,10880,2907,5558,135,108,4504,4445,7247,6898,9692,10387,14292,14982,18445,18734,15477,16145,8734,10580,2825,5392,142214,120075,19735,15484,27849,26690,6765,8,8
2021-07-27T23:59:59+02:00,1116,979,8343,7926,9746,9122,12309,12836,16457,16969,19789,19928,15962,16653,8943,10877,2906,5556,109,92,4270,4199,7015,6699,9445,10108,14132,14821,18394,18667,15428,16099,8717,10564,2822,5385,142074,118053,19733,15481,27849,26665,6759,8,8
2021-07-26T23:59:59+02:00,1112,976,8330,7914,9739,9117,12303,12830,16450,16961,19782,19927,15959,16648,8941,10873,2905,5551,106,86,4164,4091,6912,6588,9319,9986,14049,14738,18347,18633,15417,16088,8707,10556,2819,5383,141995,117150,19730,15471,27838,26607,6753,8,8
2021-07-25T23:59:59+02:00,1111,975,8321,7911,9726,9113,12293,12827,16445,16954,19779,19926,15957,16648,8941,10873,2905,5551,104,84,4113,4041,6834,6539,9247,9930,14013,14706,18323,18619,15399,16075,8700,10550,2819,5381,141969,116709,19726,15454,27837,26585,6721,8,8
2021-07-24T23:59:59+02:00,1109,972,8235,7849,9653,9033,12226,12750,16377,16901,19738,19887,15937,16634,8938,10863,2905,5550,97,82,4070,3999,6777,6489,9169,9873,13948,14640,18291,18593,15388,16064,8692,10546,2819,5381,141950,116455,19068,15173,27837,26583,6699,8,8
2021-07-23T23:59:59+02:00,1083,947,8123,7760,9615,8998,12192,12721,16332,16866,19709,19868,15931,16628,8934,10859,2905,5550,83,68,3779,3714,6520,6283,8885,9587,13712,14462,18210,18532,15346,16021,8674,10527,2817,5375,141456,114204,19068,15149,27837,26577,6657,8,8
2021-07-22T23:59:59+02:00,990,860,7907,7530,9511,8909,12074,12625,16241,16782,19634,19783,15885,16588,8925,10844,2904,5544,65,51,3654,3587,6366,6190,8731,9458,13548,14319,18135,18464,15325,15995,8666,10517,2817,5374,139994,113052,19066,15077,27830,26482,6643,8,8
2021-07-21T23:59:59+02:00,970,846,7875,7490,9495,8898,12052,12602,16217,16766,19610,19762,15874,16581,8925,10839,2904,5544,52,38,3349,3321,6019,5931,8336,9075,13281,14083,17993,18339,15233,15914,8634,10487,2814,5362,139738,110243,19064,15005,27825,26385,6620,8,8
2021-07-20T23:59:59+02:00,969,845,7867,7485,9488,8895,12047,12600,16209,16765,19605,19757,15873,16580,8925,10838,2904,5544,48,31,3276,3270,5959,5875,8278,9016,13197,14039,17961,18324,15233,15914,8634,10485,2814,5362,139700,109857,19063,14990,27822,26253,6608,8,8
2021-07-19T23:59:59+02:00,968,845,7860,7483,9485,8887,12042,12598,16204,16758,19602,19757,15871,16577,8925,10836,2904,5543,46,30,3224,3235,5908,5833,8217,8971,13140,14012,17915,18311,15233,15911,8634,10483,2814,5361,139663,109576,19062,14973,27822,26126,6595,8,8
2021-07-18T23:59:59+02:00,967,844,7849,7474,9480,8882,12033,12593,16199,16752,19600,19755,15870,16575,8925,10836,2904,5543,45,30,3204,3217,5869,5802,8182,8942,13101,13996,17900,18307,15233,15910,8634,10483,2814,5360,139616,109388,19061,14939,27820,26113,6581,8,8
2021-07-17T23:59:59+02:00,852,725,7527,7184,9328,8711,11858,12431,16070,16613,19503,19660,15849,16554,8917,10823,2904,5540,30,23,3103,3109,5758,5710,8049,8782,12960,13868,17805,18229,15223,15892,8631,10476,2814,5360,137604,108206,19060,14934,27820,26109,6565,5,8
2021-07-16T23:59:59+02:00,696,574,7136,6857,9147,8553,11666,12222,15868,16437,19361,19535,15819,16518,8907,10809,2903,5538,23,20,3041,3048,5682,5647,7935,8674,12840,13731,17726,18154,15201,15876,8627,10474,2813,5360,135138,107304,19060,14929,27819,26102,6529,5,8
2021-07-15T23:59:59+02:00,694,574,7122,6849,9144,8551,11654,12218,15858,16430,19357,19529,15817,16515,8903,10807,2902,5529,22,20,3001,3012,5616,5604,7845,8624,12764,13690,17696,18128,15178,15859,8619,10467,2812,5351,135098,107068,19058,14775,27814,25975,6482,5,8
2021-07-14T23:59:59+02:00,692,573,7113,6840,9139,8549,11650,12213,15852,16427,19352,19524,15815,16512,8900,10804,2902,5525,22,20,2978,2999,5575,5572,7809,8603,12731,13674,17678,18117,15171,15856,8616,10463,2812,5347,135065,106915,19057,14741,27814,25934,6445,5,8
2021-07-13T23:59:59+02:00,687,571,7088,6823,9126,8532,11641,12198,15841,16408,19342,19518,15806,16508,8896,10794,2897,5517,20,19,2921,2948,5510,5506,7649,8468,12477,13456,17522,17989,15152,15845,8604,10450,2807,5336,134939,105699,19057,14688,27811,25899,6385,5,8
2021-07-12T23:59:59+02:00,681,563,7074,6808,9115,8521,11631,12188,15836,16395,19330,19514,15804,16504,8894,10794,2897,5514,19,17,2865,2894,5427,5431,7501,8353,12230,13243,17341,17842,15142,15840,8600,10443,2806,5336,134823,104461,19055,14635,27807,25849,6377,5,8
2021-07-11T23:59:59+02:00,680,562,7065,6806,9105,8513,11623,12180,15826,16392,19325,19509,15804,16501,8893,10792,2897,5514,19,16,2834,2859,5350,5358,7403,8266,12063,13086,17215,17709,15134,15829,8599,10440,2806,5336,134778,103572,19051,14586,27807,25806,6350,5,8
2021-07-10T23:59:59+02:00,506,404,6502,6255,8880,8327,11380,11988,15669,16259,19270,19460,15796,16491,8889,10787,2896,5513,17,12,2805,2825,5298,5312,7320,8186,11960,12986,17137,17642,15119,15813,8596,10429,2803,5334,132083,102874,19051,14584,27807,25798,6330,5,8
2021-07-09T23:59:59+02:00,495,397,6443,6227,8853,8290,11340,11960,15642,16246,19257,19444,15795,16488,8889,10784,2896,5513,15,12,2748,2758,5216,5243,7141,8009,11548,12687,16839,17434,15099,15785,8589,10424,2801,5332,131991,101847,18841,13722,27806,25783,6320,5,8
2021-07-08T23:59:59+02:00,489,395,6126,5968,8481,8002,10958,11653,15305,15998,18998,19271,15773,16464,8880,10777,2893,5512,14,11,2687,2707,5134,5167,7001,7918,11347,12545,16687,17310,15092,15777,8589,10422,2801,5331,131903,100983,15949,13552,27801,25708,6289,5,8
2021-07-07T23:59:59+02:00,487,391,6111,5956,8457,7987,10943,11636,15294,15988,18997,19266,15771,16460,8879,10775,2893,5510,14,11,2638,2655,5043,5108,6862,7824,11112,12363,16523,17176,15084,15770,8584,10416,2801,5331,131795,99960,15940,13426,27799,25659,6262,5,8
2021-07-06T23:59:59+02:00,460,371,6011,5863,8383,7921,10870,11567,15261,15948,18974,19250,15763,16450,8876,10773,2890,5508,12,10,2571,2585,4910,4993,6679,7691,10723,11951,16151,16800,15058,15737,8576,10409,2800,5327,131177,97802,15932,13344,27794,25598,6231,5,8
2021-07-05T23:59:59+02:00,419,337,5833,5692,8265,7828,10756,11453,15202,15878,18942,19219,15757,16442,8872,10768,2887,5507,8,8,2518,2509,4811,4895,6546,7556,10371,11632,15877,16494,15028,15707,8568,10394,2800,5322,130128,96006,15928,13280,27791,25545,6205,5,8
2021-07-04T23:59:59+02:00,399,307,5759,5612,8208,7771,10689,11395,15172,15847,18928,19200,15750,16438,8871,10766,2887,5505,7,8,2499,2479,4749,4848,6485,7506,10234,11522,15776,16422,15023,15700,8566,10393,2799,5322,129622,95441,15921,13212,27786,25507,6170,5,8
2021-07-03T23:59:59+02:00,393,305,5740,5602,8198,7762,10677,11391,15165,15841,18925,19197,15750,16438,8871,10766,2887,5505,6,8,2464,2447,4653,4820,6378,7480,10176,11476,15671,16336,14344,14993,8547,10368,2799,5322,129550,95326,15919,13210,27786,23591,6153,5,8
2021-07-02T23:59:59+02:00,347,266,5551,5453,8126,7690,10579,11294,15100,15784,18906,19190,15746,16434,8866,10764,2885,5502,6,8,2417,2399,4497,4742,6194,7406,10022,11319,15480,16133,13553,14074,8539,10353,2799,5321,128636,94763,15917,13166,27785,21185,6140,5,8
2021-07-01T23:59:59+02:00,285,211,5334,5270,7998,7578,10439,11168,14972,15689,18862,19165,15739,16427,8861,10758,2885,5501,5,7,2300,2279,4320,4569,5957,7152,9241,10634,14851,15662,13528,14045,8534,10348,2795,5319,127345,91264,15905,13070,27784,21101,6103,5,8
2021-06-30T23:59:59+02:00,154,121,4852,4797,7657,7301,10086,10830,14745,15512,18805,19121,15728,16416,8857,10750,2885,5498,5,7,2264,2232,4235,4496,5846,7055,9070,10510,14761,15584,13514,14037,8531,10345,2795,5317,124358,90663,15899,12896,27784,20968,6069,5,8
2021-06-29T23:59:59+02:00,117,99,4568,4517,7405,7084,9796,10530,14546,15322,18742,19060,15676,16366,8837,10735,2884,5493,4,6,2197,2152,4092,4360,5639,6874,8844,10281,14466,15359,13467,13989,8518,10321,2793,5304,122287,89211,15895,12743,27782,20896,5808,5,8
2021-06-28T23:59:59+02:00,101,78,4433,4374,7300,6974,9674,10405,14454,15215,18697,19017,15660,16350,8823,10724,2881,5491,2,5,2110,2025,3911,4154,5358,6532,8460,9771,13933,14823,13348,13900,8499,10297,2790,5290,121274,86002,15884,12662,27779,20829,5709,5,6
2021-06-27T23:59:59+02:00,96,76,4379,4327,7241,6919,9612,10350,14421,15182,18677,19000,15643,16338,8816,10717,2880,5486,2,4,2056,1991,3847,4110,5244,6418,8291,9643,13757,14710,13322,13881,8490,10288,2787,5288,120908,85213,15880,12627,27776,20692,5591,5,6
2021-06-26T23:59:59+02:00,83,74,4335,4297,7210,6891,9594,10329,14401,15166,18664,18987,15639,16332,8816,10717,2880,5486,2,4,1980,1898,3658,3952,5029,6160,7928,9187,13406,14414,13242,13823,8470,10260,2782,5279,120665,82574,15874,12627,27776,20686,5581,5,6
2021-06-25T23:59:59+02:00,70,61,4024,3971,6947,6654,9301,10036,14178,14977,18580,18930,15593,16287,8797,10698,2878,5480,2,4,1915,1814,3492,3830,4835,5929,7603,8772,13095,14079,13192,13767,8457,10235,2776,5273,118265,80218,15847,12596,27776,20681,5569,5,6
2021-06-24T23:59:59+02:00,63,54,3932,3881,6850,6569,9201,9946,14078,14892,18552,18897,15578,16270,8791,10691,2878,5479,2,4,1847,1740,3377,3733,4636,5787,7383,8573,12846,13878,12359,12836,8277,9972,2776,5272,117536,78999,15838,12490,27772,18352,5451,5,6
2021-06-23T23:59:59+02:00,49,49,3527,3508,6396,6222,8669,9439,13742,14589,18416,18761,15474,16178,8748,10655,2875,5465,2,4,1709,1568,3126,3529,4217,5458,6434,7862,12103,13180,12336,12824,8267,9965,2776,5268,114600,78365,15591,9159,27771,18303,4795,5,6
2021-06-22T23:59:59+02:00,40,41,3454,3435,6317,6163,8566,9361,13691,14542,18383,18744,15463,16171,8747,10650,2875,5462,2,4,1668,1515,3022,3426,4073,5308,6180,7677,11492,12469,12246,12730,8249,9932,2772,5260,113972,76024,15585,9077,27769,18144,4774,5,6
2021-06-21T23:59:59+02:00,34,38,3384,3374,6225,6104,8506,9290,13630,14496,18350,18724,15461,16170,8746,10649,2875,5461,1,4,1632,1464,2931,3329,3947,5158,5984,7451,10734,11551,11858,12275,7173,8703,2766,5253,113452,73371,15578,8976,27767,15146,4715,5,6
2021-06-20T23:59:59+02:00,34,37,3359,3352,6177,6073,8462,9258,13602,14479,18339,18720,15460,16170,8746,10649,2875,5461,0,4,1614,1447,2894,3301,3896,5120,5932,7427,10646,11475,11838,12256,7170,8696,2765,5253,113275,73054,15561,8899,27767,15130,4645,5,6
2021-06-19T23:59:59+02:00,32,35,3332,3328,6148,6050,8432,9239,13578,14473,18333,18715,15460,16169,8746,10649,2875,5461,0,4,1610,1435,2889,3292,3888,5115,5917,7422,10635,11468,11838,12256,7170,8695,2765,5253,113083,72974,15555,8899,27767,15128,4645,5,6
2021-06-18T23:59:59+02:00,28,30,3290,3285,6074,6010,8363,9184,13532,14441,18310,18704,15459,16167,8745,10648,2875,5461,0,4,1535,1341,2752,3116,3704,4839,5520,7049,9142,9899,11671,12088,7129,8645,2753,5235,112699,67793,15527,8898,27767,15117,4608,5,6
2021-06-17T23:59:59+02:00,26,26,3226,3233,6006,5970,8288,9129,13460,14396,18286,18693,15457,16162,8743,10645,2875,5458,0,4,1406,1247,2563,2901,3441,4546,5159,6653,8470,9168,11386,11845,7088,8588,2749,5232,112322,64076,15498,8783,27762,15089,4492,5,6
2021-06-16T23:59:59+02:00,26,23,3172,3171,5894,5902,8168,9036,13331,14310,18220,18656,15451,16153,8743,10642,2875,5458,0,4,1307,1191,2422,2793,3258,4386,4874,6379,7393,7877,11295,11737,7057,8550,2736,5214,111679,60308,15423,8737,27758,15056,4366,5,6
2021-06-15T23:59:59+02:00,21,22,3076,3085,5776,5813,7983,8857,13068,14091,18071,18529,15436,16141,8735,10636,2875,5456,0,4,1270,1158,2349,2738,3154,4311,4671,6254,7081,7626,10800,11178,7023,8516,2728,5201,110258,58063,15395,8705,27748,15024,4265,5,5
2021-06-14T23:59:59+02:00,20,20,3002,3015,5695,5755,7840,8738,12779,13853,17883,18353,15420,16127,8728,10631,2874,5455,0,4,1243,1130,2283,2682,3029,4216,4471,6115,6738,7321,10274,10567,6992,8479,2724,5191,108865,55693,15386,8598,27744,14976,4188,5,4
2021-06-13T23:59:59+02:00,20,20,2984,2985,5629,5717,7777,8672,12639,13718,17777,18231,15414,16118,8727,10628,2873,5455,0,4,1232,1117,2254,2666,2992,4205,4425,6095,6705,7304,10269,10561,6992,8478,2724,5191,108128,55551,15375,8590,27740,14933,4136,5,4
2021-06-12T23:59:59+02:00,18,20,2955,2967,5601,5692,7746,8653,12620,13699,17769,18228,15413,16116,8727,10628,2873,5455,0,4,1176,1055,2165,2590,2898,4069,4283,5963,6596,7220,10187,10483,6397,7752,2724,5191,107929,55436,15372,8590,27740,12589,4134,5,4
2021-06-11T23:59:59+02:00,18,17,2879,2893,5532,5628,7565,8467,12210,13392,17487,18022,15397,16091,8721,10620,2870,5453,0,4,1152,1038,2110,2549,2833,4020,4198,5901,6485,7129,10084,10370,6383,7745,2722,5185,106916,54910,14479,8321,27739,12550,4123,5,4
2021-06-10T23:59:59+02:00,14,15,2825,2852,5432,5575,7433,8386,12023,13253,17349,17904,15392,16087,8721,10619,2869,5452,0,4,1111,1013,2035,2483,2732,3942,4028,5771,6240,6916,9833,10102,6363,7717,2716,5179,105995,53345,14406,8317,27734,12458,4061,5,4
2021-06-09T23:59:59+02:00,13,14,2747,2783,5310,5480,7212,8215,11744,13012,17163,17755,15381,16073,8717,10610,2869,5449,0,4,1054,948,1904,2365,2528,3759,3702,5489,5617,6404,9010,9199,6306,7641,2703,5144,104788,49335,14254,8299,27725,12364,3775,5,4
2021-06-08T23:59:59+02:00,10,10,2649,2681,5175,5352,7015,8030,11315,12584,16786,17366,15362,16046,8706,10603,2868,5444,0,4,1017,919,1834,2300,2422,3685,3562,5423,5465,6272,8976,9180,6304,7629,2701,5140,102583,48822,14227,8248,27723,12295,3464,5,4
2021-06-07T23:59:59+02:00,8,9,2522,2583,4984,5221,6808,7865,10837,12223,16443,17070,15337,16018,8700,10586,2867,5440,0,4,948,882,1706,2244,2281,3601,3307,5333,5110,5987,8426,8554,6251,7570,2697,5131,100647,46603,14184,8232,27714,12222,2971,5,4
2021-06-06T23:59:59+02:00,8,7,2485,2558,4923,5164,6722,7808,10698,12112,16352,17005,15334,16014,8700,10586,2865,5439,0,4,932,872,1678,2224,2237,3573,3236,5308,5062,5963,8421,8553,6246,7562,2697,5130,100056,46442,14133,8222,27707,12151,2879,5,4
2021-06-05T23:59:59+02:00,7,6,2471,2536,4895,5139,6685,7778,10669,12085,16343,16998,15334,16014,8700,10586,2865,5439,0,4,916,857,1645,2195,2197,3517,3133,5226,4709,5634,7826,7848,6218,7508,2696,5128,99831,44055,14133,8216,27706,12107,2875,5,4
2021-06-04T23:59:59+02:00,6,5,2440,2507,4850,5095,6637,7725,10580,11980,16291,16934,15330,16007,8700,10585,2864,5438,0,4,904,839,1622,2175,2155,3480,3081,5167,4545,5445,7525,7480,6182,7466,2694,5122,99300,42768,14126,8214,27706,12063,2837,5,4
2021-06-03T23:59:59+02:00,6,5,2337,2379,4699,4921,6429,7477,9878,11346,15701,16484,15319,15997,8697,10579,2863,5437,0,4,887,809,1582,2116,2107,3400,2991,5057,4399,5278,7366,7291,6170,7439,2694,5118,95960,41720,14087,8204,27701,11979,2801,5,4
2021-06-02T23:59:59+02:00,6,5,2320,2354,4654,4888,6374,7440,9778,11258,15641,16431,15311,15993,8696,10575,2863,5436,0,3,875,797,1563,2092,2054,3363,2905,4971,4038,4889,6809,6652,6126,7383,2690,5107,95435,39381,14085,8199,27701,11936,2797,5,4
2021-06-01T23:59:59+02:00,6,4,2257,2314,4532,4795,6209,7323,9589,11110,15533,16354,15308,15989,8692,10571,2862,5431,0,2,841,770,1498,2043,1938,3300,2751,4878,3834,4761,6599,6420,6103,7364,2684,5098,94560,38292,14035,8177,27689,11821,2590,5,4
2021-05-31T23:59:59+02:00,2,4,2207,2255,4434,4703,6065,7198,9403,10961,15448,16298,15300,15982,8689,10571,2862,5431,0,2,818,736,1441,1984,1866,3251,2576,4822,3703,4707,6242,6006,6080,7343,2681,5090,93838,37112,13948,8170,27679,11719,2343,5,4
2021-05-30T23:59:59+02:00,2,4,2182,2234,4378,4642,5971,7138,9328,10899,15411,16278,15299,15979,8689,10571,2862,5431,0,2,806,725,1418,1961,1817,3225,2443,4787,3598,4689,6240,6004,6080,7343,2681,5090,93387,36795,13909,8148,27669,11634,2328,5,4
2021-05-29T23:59:59+02:00,2,4,2166,2219,4358,4630,5954,7121,9315,10886,15406,16275,15298,15979,8689,10571,2862,5431,0,2,788,673,1325,1702,1683,2863,2243,4239,3319,4259,6150,5910,5968,7211,2680,5090,93258,36742,13906,8142,27669,8889,2328,5,4
2021-05-28T23:59:59+02:00,2,4,2145,2196,4319,4584,5909,7076,9237,10816,15338,16223,15294,15977,8689,10571,2862,5430,0,2,769,583,1247,1450,1585,2460,2065,3550,3055,3664,5512,5169,5886,7120,2676,5077,92780,35441,13893,8142,27667,5956,2327,5,4
2021-05-27T23:59:59+02:00,2,4,2103,2158,4232,4517,5786,7002,9081,10716,15240,16139,15293,15976,8689,10571,2862,5430,0,2,739,549,1215,1367,1543,2322,1995,3408,2942,3545,5076,4688,5853,7081,2665,5048,92097,34317,13743,8133,27644,5272,2312,5,4
2021-05-26T23:59:59+02:00,2,4,2035,2039,4037,4371,5445,6737,8110,9972,14477,15437,15281,15970,8685,10565,2860,5427,0,2,728,534,1189,1306,1496,2263,1937,3293,2790,3401,3768,3305,5794,7008,2642,4990,91320,31035,10215,8116,27628,5005,2286,5,4
2021-05-25T23:59:59+02:00,2,4,1998,2002,3957,4304,5351,6671,7975,9865,14099,15001,15233,15933,8678,10550,2858,5423,0,2,723,527,1161,1271,1477,2238,1917,3265,2764,3375,3762,3295,5787,7005,2640,4989,89975,30946,10066,8106,27612,4896,2246,5,4
2021-05-24T23:59:59+02:00,2,4,1972,1958,3870,4228,5245,6589,7850,9741,13589,14386,15182,15866,8671,10537,2857,5418,0,2,717,519,1142,1259,1445,2223,1895,3246,2738,3353,3745,3277,5765,6981,2631,4973,88187,30812,9987,8055,27601,4856,2185,5,3
2021-05-23T23:59:59+02:00,2,4,1963,1946,3851,4206,5227,6576,7798,9710,13513,14323,15171,15862,8669,10536,2856,5418,0,2,710,509,1131,1246,1420,2199,1837,3210,2630,3255,3333,2844,5120,6171,2616,4928,87954,30638,9886,5500,27601,4835,2185,5,3
2021-05-22T23:59:59+02:00,2,4,1796,1903,3549,4157,4830,6534,7541,9653,13390,14246,15165,15861,8669,10535,2856,5418,0,2,548,477,838,1205,1048,2165,1597,3157,2518,3182,3330,2842,5120,6170,2616,4928,87803,30626,9886,5499,27599,4799,816,5,3
2021-05-21T23:59:59+02:00,2,3,1711,1795,3392,3965,4639,6239,7144,9288,12101,12916,15014,15713,8633,10488,2847,5407,0,1,544,465,828,1203,1046,2157,1562,3127,2440,3106,3155,2705,5094,6127,2613,4913,83039,29991,9846,5498,27593,4780,814,5,3
2021-05-20T23:59:59+02:00,2,3,1673,1761,3297,3915,4532,6156,6968,9205,11890,12687,14993,15695,8629,10481,2846,5406,0,1,523,450,786,1157,989,2093,1441,3055,2314,3009,2966,2534,5053,6051,2605,4898,82197,29243,9743,5483,27538,4539,657,4,3
2021-05-19T23:59:59+02:00,2,3,1652,1735,3239,3859,4437,6089,6851,9140,11657,12426,14982,15684,8626,10480,2846,5405,0,1,514,438,770,1120,972,2024,1331,2907,1988,2715,2403,2040,4948,5933,2583,4851,81376,27178,9604,5468,27511,4271,618,4,3
2021-05-18T23:59:59+02:00,2,3,1591,1702,3150,3770,4324,5985,6691,8981,11365,12169,14937,15636,8614,10457,2844,5395,0,1,511,426,754,1105,954,2007,1248,2842,1708,2492,1961,1696,4875,5850,2562,4808,80274,25638,9402,5458,27442,4207,494,4,3
2021-05-17T23:59:59+02:00,2,3,1542,1621,3020,3612,4120,5706,6343,8522,10815,11620,14828,15543,8595,10432,2839,5384,0,1,509,418,748,1098,935,2002,1224,2818,1681,2455,1945,1676,4868,5843,2559,4806,77375,25574,9365,5444,27418,4180,385,4,3
2021-05-16T23:59:59+02:00,2,3,1523,1599,2967,3571,4025,5619,6194,8386,10640,11486,14802,15521,8587,10424,2838,5382,0,1,502,412,726,1083,905,1986,1195,2790,1649,2431,1938,1667,4865,5839,2556,4804,76629,25544,9306,5426,27388,4134,242,4,3
2021-05-15T23:59:59+02:00,2,3,1437,1501,2757,3405,3796,5341,5835,7914,10287,11191,14717,15459,8568,10395,2832,5373,0,1,502,410,722,1081,905,1982,1190,2789,1643,2426,1926,1655,4858,5833,2556,4802,73881,25482,9306,5426,27381,4129,241,4,3
2021-05-14T23:59:59+02:00,2,3,1403,1438,2646,3308,3644,5184,5636,7625,10067,10938,14682,15421,8555,10372,2829,5369,0,1,453,369,651,915,832,1696,1062,2379,1461,2101,1892,1615,4855,5825,2555,4798,72236,25419,9287,5424,27358,2377,237,4,3
2021-05-13T23:59:59+02:00,2,3,1345,1370,2543,3224,3475,5047,5416,7419,9840,10759,14656,15392,8545,10369,2827,5366,0,1,446,357,624,887,730,1589,962,2294,1197,1887,1174,1034,4634,5590,2547,4765,71071,25299,8973,2881,27328,2313,222,4,3
2021-05-12T23:59:59+02:00,2,3,1337,1360,2526,3218,3457,5033,5395,7406,9825,10748,14654,15388,8543,10367,2826,5366,0,1,446,356,623,886,726,1588,957,2294,1193,1881,1155,1025,4621,5552,2513,4696,70954,25098,8949,2881,27326,2310,221,4,3
2021-05-11T23:59:59+02:00,2,2,1295,1318,2453,3136,3343,4906,5199,7259,9538,10440,14606,15330,8531,10347,2822,5357,0,1,440,343,605,872,703,1571,929,2270,1167,1855,1100,989,4558,5454,2470,4572,69614,24606,8826,2863,27241,2228,199,4,3
2021-05-10T23:59:59+02:00,2,2,1273,1291,2389,3059,3216,4780,5067,7102,9214,10060,14560,15291,8522,10328,2817,5355,0,1,439,341,592,863,689,1556,917,2255,1150,1841,1064,955,4496,5377,2429,4454,68257,24189,8704,2860,27172,2176,191,4,3
2021-05-09T23:59:59+02:00,2,2,1258,1274,2347,3044,3137,4744,5003,7069,9148,10015,14547,15276,8520,10323,2817,5353,0,1,431,339,578,858,666,1536,895,2235,1138,1827,1045,939,4483,5339,2413,4411,68018,24026,8628,2858,27124,2142,105,4,3
2021-05-08T23:59:59+02:00,1,2,1256,1270,2333,3032,3119,4733,4963,7054,9124,10007,14546,15276,8520,10322,2817,5353,0,1,431,339,577,858,665,1536,895,2234,1137,1826,1045,939,4482,5339,2413,4411,67875,24024,8622,2855,27122,2141,105,4,3
2021-05-07T23:59:59+02:00,1,2,1236,1249,2293,2991,3067,4685,4864,6962,8899,9760,14529,15253,8514,10316,2814,5349,0,1,382,313,545,789,628,1374,825,2027,1047,1637,1015,910,4461,5317,2411,4406,66964,23919,8615,2851,27096,1210,105,4,3
2021-05-06T23:59:59+02:00,1,2,1089,1157,2065,2747,2768,4377,4494,6562,8312,9156,14251,15017,8474,10260,2811,5348,0,1,381,309,532,770,611,1342,806,1992,1014,1609,988,878,4451,5303,2409,4402,63342,23789,8487,2800,26960,1108,98,4,3
2021-05-05T23:59:59+02:00,1,1,1024,1105,1953,2634,2608,4204,4198,6283,7296,7970,14165,14918,8439,10219,2798,5328,0,1,378,306,524,760,596,1332,772,1978,988,1589,915,815,4410,5231,2401,4386,59813,23467,8441,2779,26836,1083,50,4,3
2021-05-04T23:59:59+02:00,1,1,1002,1085,1901,2595,2506,4136,3978,6169,7015,7752,13659,14351,8408,10186,2793,5319,0,1,375,305,519,756,584,1327,755,1959,972,1582,897,791,4389,5215,2398,4377,57754,23332,8382,2764,26675,1061,42,4,3
2021-05-03T23:59:59+02:00,1,1,970,1048,1839,2542,2400,4024,3777,6051,6655,7450,13123,13725,8371,10148,2786,5304,0,1,369,304,517,750,573,1320,746,1948,958,1569,871,767,4371,5197,2392,4364,55322,23220,8356,2753,26532,1040,1,4,3
2021-05-02T23:59:59+02:00,1,1,965,1047,1820,2536,2371,4015,3732,6041,6619,7441,13122,13724,8371,10147,2786,5304,0,1,369,304,514,750,572,1318,741,1948,957,1565,869,763,4369,5193,2392,4364,55183,23201,8350,2751,26505,1033,1,4,3
2021-05-01T23:59:59+02:00,1,1,965,1045,1812,2532,2359,4007,3719,6033,6605,7432,13121,13721,8371,10147,2786,5304,0,1,369,304,514,750,572,1318,740,1947,955,1565,869,763,4369,5193,2392,4364,55105,23201,8348,2747,26503,1033,1,4,3
2021-04-30T23:59:59+02:00,0,1,949,1040,1792,2516,2338,3972,3682,6000,6526,7378,13026,13617,8370,10142,2783,5292,0,1,319,249,473,674,543,1138,709,1724,921,1361,858,745,4365,5190,2392,4364,54607,23187,8347,2742,26465,93,1,4,3
2021-04-29T23:59:59+02:00,0,1,895,1015,1736,2466,2274,3913,3534,5876,6288,7155,12765,13343,8348,10113,2779,5285,0,1,312,247,463,667,540,1130,702,1713,910,1351,850,730,4356,5182,2392,4362,53010,23097,8331,2736,26440,71,1,4,3
2021-04-28T23:59:59+02:00,0,1,834,981,1656,2403,2130,3802,3250,5623,5684,6647,11928,12424,8289,10024,2755,5248,0,1,311,244,461,660,532,1117,691,1692,900,1344,835,714,4337,5155,2390,4362,48950,22974,8324,2717,26400,51,1,4,3
2021-04-27T23:59:59+02:00,0,1,825,976,1638,2382,2085,3783,3179,5598,5556,6523,11899,12407,8287,10022,2755,5246,0,1,310,242,455,658,524,1111,682,1680,890,1338,824,702,4333,5149,2389,4356,48469,22896,8319,2701,26369,43,1,4,3
2021-04-26T23:59:59+02:00,0,1,815,964,1612,2364,2025,3742,3001,5520,5224,6237,11334,11762,8232,9957,2750,5236,0,1,308,241,454,657,519,1105,671,1674,881,1327,814,693,4328,5144,2389,4352,46136,22845,8310,2672,26326,38,1,3,2
2021-04-25T23:59:59+02:00,0,1,805,962,1595,2358,1987,3725,2875,5497,5130,6232,11330,11758,8228,9951,2749,5235,0,1,307,240,454,657,519,1098,671,1672,878,1325,814,692,4328,5144,2389,4352,45807,22839,8304,2668,26303,31,1,3,2
2021-04-24T23:59:59+02:00,0,1,791,952,1573,2338,1947,3680,2778,5428,4787,5908,10717,11033,8197,9892,2748,5233,0,1,307,240,454,657,519,1097,670,1670,877,1325,809,688,4318,5128,2387,4351,43399,22802,8303,2663,26297,30,1,3,2
2021-04-23T23:59:59+02:00,0,1,786,944,1560,2328,1917,3653,2739,5375,4625,5722,10408,10651,8157,9850,2745,5224,0,1,307,239,454,657,519,1096,669,1670,875,1325,809,687,4315,5125,2387,4351,42098,22791,8302,2662,26281,30,1,3,2
2021-04-22T23:59:59+02:00,0,1,769,930,1532,2285,1867,3584,2652,5284,4472,5568,10264,10457,8143,9819,2743,5216,0,1,307,238,452,646,517,1090,663,1662,869,1316,803,683,4312,5123,2387,4349,41097,22755,8274,2638,26211,22,1,3,2
2021-04-21T23:59:59+02:00,0,1,758,918,1507,2273,1815,3539,2547,5196,4087,5148,9667,9773,8094,9755,2739,5205,0,1,305,238,450,645,517,1089,659,1659,864,1311,790,671,4302,5109,2387,4345,38578,22705,8258,2614,26182,20,1,3,2
2021-04-20T23:59:59+02:00,0,1,751,906,1486,2246,1784,3508,2497,5138,3950,5053,9470,9553,8077,9745,2735,5202,0,1,305,237,450,644,516,1087,658,1655,861,1305,784,666,4298,5104,2387,4345,37743,22673,8246,2608,26109,20,1,3,1
2021-04-19T23:59:59+02:00,0,1,744,897,1478,2238,1765,3490,2465,5111,3885,4994,9099,9136,8052,9720,2732,5196,0,1,305,235,449,639,514,1084,655,1652,857,1301,779,660,4289,5102,2387,4343,36713,22633,8234,2597,26052,20,1,3,1
2021-04-18T23:59:59+02:00,0,1,740,894,1473,2232,1747,3483,2446,5099,3877,4992,9089,9125,8052,9719,2732,5196,0,1,304,235,449,636,513,1080,653,1649,854,1301,778,658,4289,5100,2387,4343,36653,22625,8214,2583,26026,20,1,3,1
2021-04-17T23:59:59+02:00,0,1,723,888,1385,2222,1647,3471,2409,5069,3796,4913,8372,8403,8036,9706,2732,5196,0,1,304,235,447,634,512,1079,652,1649,853,1298,778,658,4288,5100,2387,4343,36645,22613,8214,2583,24106,20,1,3,1
2021-04-16T23:59:59+02:00,0,1,708,870,1256,2199,1495,3448,2323,5003,3634,4748,7032,6851,8001,9657,2719,5164,0,1,304,234,442,626,508,1075,642,1647,849,1288,768,652,4282,5086,2384,4341,35266,22536,8204,2579,21635,12,1,3,1
2021-04-15T23:59:59+02:00,0,1,687,860,1245,2186,1474,3430,2265,4966,3562,4696,6594,6352,7960,9592,2695,5089,0,1,297,228,428,615,491,1061,608,1620,814,1258,677,591,3784,4574,2360,4305,33941,22477,8149,1225,21560,8,1,3,1
2021-04-14T23:59:59+02:00,0,1,682,856,1227,2172,1442,3411,2220,4929,3430,4602,5255,4947,7909,9527,2673,5052,0,1,289,223,425,609,484,1058,601,1612,809,1255,662,575,3771,4564,2356,4300,30710,22389,8137,1196,21484,7,1,3,1
2021-04-13T23:59:59+02:00,0,1,679,856,1218,2167,1426,3409,2212,4918,3410,4587,5236,4930,7903,9524,2672,5050,0,1,289,222,423,607,481,1055,599,1608,798,1252,644,570,3769,4561,2356,4300,30629,22368,8116,1158,21449,7,1,3,1
2021-04-12T23:59:59+02:00,0,1,674,848,1205,2157,1410,3398,2177,4903,3379,4563,5211,4914,7890,9512,2669,5017,0,1,288,221,421,607,479,1049,597,1604,790,1244,639,567,3763,4560,2356,4300,30495,22340,8071,1137,21358,7,1,3,1
2021-04-11T23:59:59+02:00,0,1,666,844,1189,2145,1392,3383,2109,4878,3260,4479,4794,4474,7219,8689,2662,5012,0,1,288,221,419,607,477,1047,592,1601,786,1242,635,564,3759,4555,2356,4300,30465,22333,5461,1108,21266,7,1,3,1
2021-04-10T23:59:59+02:00,0,1,666,842,1188,2144,1390,3379,2107,4875,3257,4472,4750,4427,7215,8683,2662,5011,0,1,283,218,417,596,464,1031,565,1584,754,1217,563,494,3190,3935,2306,4205,30342,20706,5458,1108,21265,7,1,3,1
2021-04-09T23:59:59+02:00,0,1,662,841,1180,2141,1386,3374,2075,4853,3178,4391,4552,4261,7180,8634,2658,4995,0,1,273,211,407,582,445,1015,539,1565,733,1194,483,433,2533,3113,2257,4109,29652,18777,5454,1107,21252,7,1,3,1
2021-04-08T23:59:59+02:00,0,1,652,831,1163,2129,1369,3342,2013,4799,3028,4280,3498,3106,6941,8270,2647,4980,0,1,260,203,390,564,421,1001,517,1534,700,1172,461,406,2523,3104,2254,4106,28845,18548,5404,1060,18796,7,1,3,1
2021-04-07T23:59:59+02:00,0,1,645,825,1150,2120,1350,3329,1904,4719,2706,4030,2889,2577,6829,8146,2622,4927,0,1,246,196,363,540,383,967,474,1500,664,1144,433,382,2462,3038,2249,4098,26660,18092,5383,1041,18722,6,1,3,0
2021-04-06T23:59:59+02:00,0,1,635,816,1112,2113,1326,3311,1786,4668,2427,3862,2436,2228,6751,8055,2600,4889,0,1,222,183,329,513,358,948,437,1477,629,1113,398,340,2407,2963,2243,4088,25056,17619,5366,1023,18590,6,1,3,0
2021-04-05T23:59:59+02:00,0,1,632,814,1101,2108,1320,3308,1777,4658,2412,3845,2145,1884,5642,6754,2598,4888,0,1,222,183,328,509,352,942,433,1475,625,1109,395,337,2405,2957,2243,4086,25024,17609,5354,986,15506,6,1,2,0
2021-04-04T23:59:59+02:00,0,1,631,813,1101,2108,1320,3307,1777,4658,2410,3843,2144,1881,5642,6750,2598,4888,0,1,222,183,327,509,352,942,432,1475,625,1109,395,337,2404,2957,2243,4086,25015,17606,5354,986,15500,6,1,2,0
2021-04-03T23:59:59+02:00,0,1,631,813,1101,2107,1320,3307,1776,4656,2406,3843,2143,1878,5641,6750,2598,4888,0,1,222,183,327,509,352,942,432,1475,624,1109,395,337,2404,2957,2243,4086,25009,17605,5350,986,15497,6,1,2,0
2021-04-02T23:59:59+02:00,0,1,631,812,1101,2107,1316,3306,1773,4651,2405,3840,2135,1869,5629,6734,2594,4876,0,1,222,183,327,507,352,941,431,1474,623,1098,393,337,2404,2956,2243,4086,24940,17585,5345,986,15492,6,1,2,0
2021-04-01T23:59:59+02:00,0,1,627,801,1079,2088,1218,3211,1682,4582,2146,3632,1407,1282,5420,6522,2584,4846,0,1,218,182,327,506,351,940,430,1472,623,1097,390,335,2404,2956,2243,4082,24829,17573,2842,977,15454,6,1,2,0
2021-03-31T23:59:59+02:00,0,1,625,800,1075,2084,1213,3203,1671,4577,2128,3619,1379,1250,5393,6467,2543,4746,0,1,217,182,326,505,350,940,430,1471,622,1095,387,332,2400,2955,2241,4080,24503,17558,2828,969,15440,6,1,2,0
2021-03-30T23:59:59+02:00,0,1,623,793,1070,2080,1207,3198,1661,4563,2121,3604,1332,1204,5306,6336,2496,4591,0,1,217,181,326,504,347,936,425,1468,615,1084,372,321,2296,2802,2118,3853,23966,16933,2806,926,15412,6,1,1,0
2021-03-29T23:59:59+02:00,0,1,621,791,1067,2071,1197,3192,1654,4550,2108,3591,1295,1173,5242,6240,2442,4458,0,1,216,180,324,502,345,934,423,1463,610,1079,365,316,2071,2535,1890,3472,23518,15796,2779,923,15394,6,1,1,0
2021-03-28T23:59:59+02:00,0,1,621,788,1065,2065,1194,3185,1649,4539,2102,3586,1279,1164,5231,6218,2430,4425,0,1,214,180,323,499,336,930,420,1456,607,1067,358,304,2066,2521,1889,3469,23408,15768,2761,868,15371,3,1,1,0
2021-03-27T23:59:59+01:00,0,1,568,727,985,1997,1113,3066,1531,4414,2000,3504,1210,1094,4628,5484,2430,4425,0,1,212,179,323,499,336,930,416,1454,606,1064,357,304,2065,2520,1889,3469,23391,15752,2756,868,13028,3,1,1,0
2021-03-26T23:59:59+01:00,0,1,565,722,978,1986,1111,3060,1521,4407,1983,3496,1166,1063,4598,5450,2429,4421,0,1,211,176,323,497,333,929,414,1453,601,1057,349,299,1659,1981,1463,2741,23195,13621,2746,862,13014,3,1,1,0
2021-03-25T23:59:59+01:00,0,1,562,716,965,1978,1108,3051,1514,4395,1968,3486,1156,1053,4590,5445,2429,4419,0,1,210,173,321,496,331,924,411,1447,597,1048,345,295,1562,1859,1426,2665,23149,13268,2738,839,12947,3,1,1,0
2021-03-24T23:59:59+01:00,0,1,560,710,957,1967,1095,3035,1485,4376,1954,3478,1121,1023,4563,5410,2424,4414,0,1,209,173,320,495,327,920,407,1439,587,1030,332,285,1234,1476,1270,2396,23008,12118,2712,779,12851,3,1,1,0
2021-03-23T23:59:59+01:00,0,1,558,705,952,1954,1091,3025,1478,4362,1944,3470,1108,1012,4544,5396,2424,4410,0,1,208,173,318,492,318,917,406,1439,581,1026,324,278,996,1210,1154,2215,22933,11295,2703,757,12796,3,1,1,0
2021-03-22T23:59:59+01:00,0,1,557,696,947,1940,1085,3016,1469,4346,1930,3460,1105,1008,4539,5395,2424,4410,0,1,207,173,317,490,317,915,403,1436,578,1022,320,274,995,1206,1154,2212,22908,11279,2687,737,12731,3,1,1,0
2021-03-21T23:59:59+01:00,0,1,554,693,944,1932,1082,3012,1461,4333,1918,3453,1102,1007,4539,5393,2424,4410,0,1,206,173,317,489,315,911,403,1431,572,1020,310,269,991,1201,1153,2212,22904,11276,2674,694,12678,3,1,1,0
2021-03-20T23:59:59+01:00,0,1,549,686,939,1915,1065,2995,1433,4315,1884,3425,1030,937,3955,4753,2372,4311,0,1,206,173,317,489,315,911,403,1431,572,1020,310,269,991,1201,1152,2211,21234,11274,2673,694,12656,3,1,1,0
2021-03-19T23:59:59+01:00,0,1,540,677,921,1887,1038,2975,1397,4289,1858,3394,943,872,3275,3917,2321,4213,0,1,203,173,315,489,314,908,401,1429,568,1013,307,268,978,1188,1121,2171,19242,11251,2662,592,12612,3,1,1,0
2021-03-18T23:59:59+01:00,0,1,527,664,904,1861,1015,2949,1357,4248,1814,3341,845,808,2760,3385,2298,4179,0,1,198,171,312,485,311,898,397,1423,566,1008,304,261,872,1090,1008,1978,19162,10864,1260,415,12532,3,1,1,0
2021-03-17T23:59:59+01:00,0,1,525,654,895,1841,1002,2928,1334,4226,1796,3325,815,783,2673,3293,2292,4174,0,1,196,170,310,483,308,897,390,1419,563,1004,301,256,629,815,701,1527,18853,9935,1221,34,12482,0,1,0,0
2021-03-16T23:59:59+01:00,0,1,523,645,886,1820,981,2912,1317,4214,1772,3309,786,772,2625,3212,2290,4169,0,1,196,170,308,483,306,894,387,1417,560,999,295,252,381,574,510,1216,18645,8921,1181,28,12408,0,0,0,0
2021-03-15T23:59:59+01:00,0,1,523,635,881,1800,970,2890,1312,4207,1764,3300,780,768,2622,3211,2290,4169,0,1,195,170,307,482,305,894,387,1416,557,999,295,252,381,573,509,1216,18630,8914,1158,25,12335,0,0,0,0
2021-03-14T23:59:59+01:00,0,1,522,629,874,1788,963,2883,1302,4194,1754,3287,775,764,2617,3208,2290,4169,0,1,195,170,306,482,304,892,385,1414,557,999,294,252,381,573,509,1216,18625,8911,1128,19,12267,0,0,0,0
2021-03-13T23:59:59+01:00,0,1,501,578,781,1526,832,2500,1108,3630,1472,2859,696,676,2514,3082,2289,4168,0,1,195,170,306,482,304,892,385,1414,557,999,294,252,381,573,509,1216,18621,8911,1128,19,9464,0,0,0,0
2021-03-12T23:59:59+01:00,0,1,485,495,717,1257,741,2103,936,2943,1225,2265,555,525,2470,3038,2289,4168,0,0,195,168,306,482,304,890,384,1414,557,996,294,251,368,552,460,1150,18591,8752,1127,19,6495,0,0,0,0
2021-03-11T23:59:59+01:00,0,1,461,459,683,1186,694,1997,876,2798,1143,2153,498,465,2456,3026,2288,4166,0,0,195,168,305,480,303,889,384,1411,556,996,294,250,355,535,411,1105,18394,8621,1079,16,5877,0,0,0,0
2021-03-10T23:59:59+01:00,0,1,447,449,649,1152,654,1964,834,2762,1110,2124,479,449,2442,3006,2287,4162,0,0,191,166,301,473,303,888,379,1405,550,989,290,244,230,436,178,837,18117,7850,1059,10,5795,0,0,0,0
2021-03-09T23:59:59+01:00,0,1,431,432,618,1123,631,1944,811,2734,1088,2100,457,428,2348,2864,2161,3931,0,0,191,166,299,471,302,887,378,1402,550,986,288,243,230,436,177,836,17350,7842,1043,0,5709,0,0,0,0
2021-03-08T23:59:59+01:00,0,1,418,411,596,1093,613,1922,795,2709,1066,2074,435,400,2117,2588,1931,3548,0,0,191,165,299,469,301,882,378,1396,550,984,287,241,230,435,177,836,16097,7821,1014,0,5606,0,0,0,0
2021-03-07T23:59:59+01:00,0,1,417,410,589,1075,599,1914,792,2696,1061,2064,434,399,2112,2580,1930,3545,0,0,191,165,298,468,301,881,378,1393,550,983,287,241,230,435,177,836,16069,7814,1004,0,5545,0,0,0,0
2021-03-06T23:59:59+01:00,0,1,417,407,586,1062,596,1912,785,2689,1057,2057,433,399,2112,2580,1930,3545,0,0,191,165,298,468,301,881,378,1393,550,982,286,241,230,435,177,836,16061,7812,1004,0,5503,0,0,0,0
2021-03-05T23:59:59+01:00,0,1,411,392,580,1050,591,1903,780,2679,1050,2049,419,391,1694,2020,1499,2796,0,0,188,160,294,468,298,879,376,1390,548,978,286,241,230,435,177,836,13846,7784,1004,0,5455,0,0,0,0
2021-03-04T23:59:59+01:00,0,1,401,367,552,1011,572,1846,750,2625,1029,1999,415,387,1601,1901,1459,2719,0,0,177,152,283,457,297,871,374,1376,546,974,285,241,230,435,177,836,13488,7711,998,0,5149,0,0,0,0
2021-03-03T23:59:59+01:00,0,1,398,361,545,980,554,1814,726,2577,1011,1959,407,381,1275,1522,1300,2446,0,0,176,151,282,456,296,870,370,1369,543,967,283,239,229,434,175,831,12326,7671,989,0,4942,0,0,0,0
2021-03-02T23:59:59+01:00,0,1,394,356,537,946,540,1794,717,2553,1000,1940,397,371,1029,1254,1180,2262,0,0,176,149,281,446,292,864,370,1360,543,961,283,239,229,434,175,831,11496,7633,952,0,4823,0,0,0,0
2021-03-01T23:59:59+01:00,0,1,392,349,528,923,521,1763,708,2529,990,1923,393,364,1028,1247,1180,2258,0,0,176,147,281,437,289,854,367,1345,540,955,281,237,228,433,175,831,11476,7576,917,0,4704,0,0,0,0
2021-02-28T23:59:59+01:00,0,1,387,346,525,915,513,1752,704,2517,985,1908,388,359,1028,1245,1180,2258,0,0,174,146,281,436,289,853,367,1345,539,955,281,237,228,433,175,831,11470,7570,889,0,4652,0,0,0,0
2021-02-27T23:59:59+01:00,0,1,386,344,520,908,511,1746,701,2508,982,1906,387,358,1028,1245,1179,2258,0,0,174,146,281,436,289,853,367,1345,538,955,281,237,228,433,175,831,11469,7569,889,0,4610,0,0,0,0
2021-02-26T23:59:59+01:00,0,1,339,298,452,736,435,1438,574,2091,811,1565,359,328,1028,1242,1179,2258,0,0,174,144,281,432,287,845,365,1337,536,952,281,237,228,433,175,831,11458,7538,878,0,2798,0,0,0,0
2021-02-25T23:59:59+01:00,0,1,319,289,441,715,423,1402,559,2043,792,1533,351,320,943,1150,1107,2133,0,0,123,131,261,427,278,833,353,1321,531,945,281,235,228,433,175,831,11051,7386,847,0,2623,0,0,0,0
2021-02-24T23:59:59+01:00,0,1,314,283,436,699,416,1367,543,1995,770,1489,344,307,735,916,921,1824,0,0,123,125,259,421,275,823,351,1308,524,939,278,232,226,432,175,829,10105,7320,806,0,2449,0,0,0,0
2021-02-23T23:59:59+01:00,0,1,312,271,428,686,405,1343,535,1960,751,1470,330,297,484,668,729,1519,0,0,123,124,258,419,273,817,351,1302,523,931,277,231,225,432,173,828,9098,7287,761,0,2330,0,0,0,0
2021-02-22T23:59:59+01:00,0,1,312,270,427,679,404,1338,531,1949,746,1466,330,295,483,666,729,1518,0,0,123,119,253,409,272,800,347,1277,518,923,273,230,225,432,173,828,9093,7202,750,0,2301,0,0,0,0
2021-02-21T23:59:59+01:00,0,1,309,269,425,673,401,1329,528,1941,740,1462,319,290,479,661,727,1518,0,0,123,119,252,408,271,797,344,1274,510,920,272,229,224,431,172,817,9088,7163,708,0,2276,0,0,0,0
2021-02-20T23:59:59+01:00,0,1,309,266,425,671,401,1321,527,1932,738,1458,319,290,479,661,727,1518,0,0,123,119,252,408,271,797,344,1274,509,920,272,229,224,431,172,817,9088,7162,708,0,2247,0,0,0,0
2021-02-19T23:59:59+01:00,0,0,263,240,393,595,367,1152,469,1719,629,1248,310,274,453,625,645,1409,0,0,123,119,252,408,270,797,344,1274,509,920,272,229,224,431,172,817,8866,7161,601,0,1324,0,0,0,0
2021-02-18T23:59:59+01:00,0,0,262,235,385,586,356,1130,456,1701,619,1241,310,272,399,577,532,1278,0,0,120,116,248,402,263,790,341,1265,506,919,270,227,224,431,172,817,8678,7111,421,0,1240,0,0,0,0
2021-02-17T23:59:59+01:00,0,0,256,231,373,572,349,1121,433,1685,611,1229,305,265,240,441,187,861,0,0,112,103,245,396,258,774,335,1249,500,908,266,224,223,431,172,817,7942,7013,32,0,1185,0,0,0,0
2021-02-16T23:59:59+01:00,0,0,254,229,362,570,340,1112,425,1671,606,1222,302,262,239,440,187,861,0,0,83,90,225,370,247,744,317,1209,468,873,244,209,215,411,171,810,7934,6686,28,0,1120,0,0,0,0
2021-02-15T23:59:59+01:00,0,0,252,229,360,565,338,1106,423,1659,603,1216,302,262,239,439,186,861,0,0,82,88,221,359,240,732,307,1182,452,850,231,202,202,387,164,753,7927,6452,25,0,1088,0,0,0,0
2021-02-14T23:59:59+01:00,0,0,251,227,354,562,334,1097,419,1653,600,1213,302,262,239,439,186,861,0,0,78,86,214,354,237,724,302,1169,448,835,230,200,202,376,164,743,7917,6362,20,0,1062,0,0,0,0
2021-02-13T23:59:59+01:00,0,0,251,227,354,562,334,1097,417,1653,600,1212,301,262,239,439,186,861,0,0,78,86,214,354,237,724,302,1169,448,835,230,200,202,376,164,743,7915,6362,20,0,1060,0,0,0,0
2021-02-12T23:59:59+01:00,0,0,195,168,306,485,307,901,384,1416,563,998,293,247,238,439,186,861,0,0,75,85,211,353,235,721,296,1165,445,830,226,197,202,374,164,743,7902,6322,20,0,65,0,0,0,0
2021-02-11T23:59:59+01:00,0,0,193,167,300,474,303,887,378,1397,553,990,293,247,238,439,186,861,0,0,74,82,200,327,225,677,276,1114,427,780,225,194,202,369,164,740,7862,6076,17,0,27,0,0,0,0
2021-02-10T23:59:59+01:00,0,0,191,160,296,470,300,882,372,1386,549,982,291,245,236,438,186,859,0,0,69,76,183,299,214,617,259,1030,402,727,216,179,188,339,149,689,7819,5636,11,0,13,0,0,0,0
2021-02-09T23:59:59+01:00,0,0,186,154,292,462,299,873,372,1376,547,973,288,244,236,438,185,858,0,0,60,60,145,236,185,512,221,838,346,592,194,153,166,303,139,612,7775,4762,2,0,6,0,0,0,0
2021-02-08T23:59:59+01:00,0,0,179,148,288,450,294,863,368,1356,541,966,284,240,235,437,183,854,0,0,33,47,100,146,136,285,162,458,252,386,163,125,137,245,114,508,7678,3297,2,0,6,0,0,0,0
2021-02-07T23:59:59+01:00,0,0,177,146,285,449,293,861,367,1355,540,965,283,239,235,437,183,854,0,0,19,40,82,124,131,264,153,425,236,360,153,120,127,234,107,470,7668,3045,1,0,0,0,0,0,0
2021-02-06T23:59:59+01:00,0,0,177,146,285,449,293,861,367,1355,540,965,283,239,235,437,183,854,0,0,19,37,80,121,121,249,142,408,205,339,138,116,126,229,106,459,7668,2895,1,0,0,0,0,0,0
2021-02-05T23:59:59+01:00,0,0,177,144,285,445,292,850,365,1347,536,962,283,238,235,437,183,853,0,0,18,33,76,116,114,235,136,381,188,321,133,111,122,224,98,442,7631,2748,1,0,0,0,0,0,0
2021-02-04T23:59:59+01:00,0,0,169,139,284,441,285,841,361,1336,527,953,282,236,234,436,183,851,0,0,11,20,50,78,85,178,114,290,155,263,115,97,110,206,88,398,7558,2258,0,0,0,0,0,0,0
2021-02-03T23:59:59+01:00,0,0,151,132,274,435,282,834,359,1325,527,951,282,236,233,436,183,850,0,0,11,18,42,67,76,143,90,258,134,222,96,83,95,177,79,350,7490,1941,0,0,0,0,0,0,0
2021-02-02T23:59:59+01:00,0,0,131,127,262,433,279,826,354,1319,526,944,281,236,232,436,182,849,0,0,11,15,34,61,64,121,75,213,103,172,64,58,70,114,54,225,7417,1454,0,0,0,0,0,0,0
2021-02-01T23:59:59+01:00,0,0,126,122,257,418,277,809,352,1294,520,932,276,234,232,436,182,849,0,0,4,9,19,33,33,66,46,118,59,71,29,29,30,48,29,109,7316,732,0,0,0,0,0,0,0
2021-01-31T23:59:59+01:00,0,0,125,119,255,415,275,805,350,1288,515,930,276,231,231,435,182,849,0,0,4,6,14,23,28,47,32,72,39,43,15,9,14,28,23,63,7281,460,0,0,0,0,0,0,0
2021-01-30T23:59:59+01:00,0,0,125,119,255,415,275,804,350,1287,514,930,276,231,231,435,182,849,0,0,4,6,13,20,25,40,27,64,36,41,15,9,14,28,23,63,7278,428,0,0,0,0,0,0,0
2021-01-29T23:59:59+01:00,0,0,125,119,255,415,274,804,350,1287,514,930,276,231,231,435,182,849,0,0,4,6,7,18,23,31,22,56,32,38,15,9,14,27,22,62,7277,386,0,0,0,0,0,0,0
2021-01-28T23:59:59+01:00,0,0,123,116,251,408,270,797,347,1280,510,929,276,231,231,435,182,849,0,0,1,3,2,8,15,13,12,27,12,23,11,5,7,14,7,25,7235,185,0,0,0,0,0,0,0
2021-01-27T23:59:59+01:00,0,0,115,106,249,403,267,788,342,1273,504,922,271,228,230,434,182,849,0,0,0,0,1,4,11,11,8,20,10,17,10,5,7,14,7,25,7163,150,0,0,0,0,0,0,0
2021-01-26T23:59:59+01:00,0,0,88,94,231,386,259,763,329,1235,478,891,251,216,220,416,182,841,0,0,0,0,1,4,11,11,8,20,10,17,10,5,7,14,7,25,6880,150,0,0,0,0,0,0,0
2021-01-25T23:59:59+01:00,0,0,85,89,229,366,246,744,315,1202,460,866,234,209,209,394,177,785,0,0,0,0,1,4,11,9,7,13,7,13,10,5,7,14,7,25,6610,133,0,0,0,0,0,0,0
2021-01-24T23:59:59+01:00,0,0,85,87,225,362,245,739,312,1189,458,851,233,207,209,383,177,774,0,0,0,0,1,4,11,9,7,13,7,13,10,5,7,14,7,25,6536,133,0,0,0,0,0,0,0
2021-01-23T23:59:59+01:00,0,0,85,87,225,362,245,739,312,1189,458,851,233,207,209,383,177,774,0,0,0,0,1,4,11,9,7,13,7,13,10,5,7,14,7,25,6536,133,0,0,0,0,0,0,0
2021-01-22T23:59:59+01:00,0,0,85,86,223,360,245,736,309,1185,454,848,231,206,209,382,177,774,0,0,0,0,1,4,11,9,7,13,7,13,10,5,7,14,7,25,6510,133,0,0,0,0,0,0,0
2021-01-21T23:59:59+01:00,0,0,85,83,209,331,235,692,284,1136,439,814,230,202,208,376,176,771,0,0,0,0,1,2,9,8,6,12,6,11,10,5,7,14,7,25,6271,123,0,0,0,0,0,0,0
2021-01-20T23:59:59+01:00,0,0,79,77,194,308,223,626,270,1043,410,753,221,190,193,345,162,719,0,0,0,0,1,2,9,8,6,12,6,11,10,5,7,14,7,25,5813,123,0,0,0,0,0,0,0
2021-01-19T23:59:59+01:00,0,0,71,67,155,259,203,563,244,920,369,644,200,164,167,303,148,629,0,0,0,0,1,2,3,7,6,11,4,9,7,4,7,14,7,25,5106,107,0,0,0,0,0,0,0
2021-01-18T23:59:59+01:00,0,0,59,59,132,216,182,460,217,762,329,551,181,143,142,252,126,540,0,0,0,0,0,1,2,4,3,6,2,7,6,4,7,14,7,23,4351,86,0,0,0,0,0,0,0
2021-01-17T23:59:59+01:00,0,0,40,47,108,186,167,401,200,676,304,496,172,136,129,235,109,480,0,0,0,0,0,0,2,4,2,6,2,5,4,4,7,14,6,23,3886,79,0,0,0,0,0,0,0
2021-01-16T23:59:59+01:00,0,0,33,44,108,183,157,385,185,656,273,474,156,131,128,229,108,468,0,0,0,0,0,0,0,0,0,0,0,0,0,0,0,0,0,0,3718,0,0,0,0,0,0,0,0
2021-01-15T23:59:59+01:00,0,0,31,40,104,178,146,371,179,626,254,452,151,122,124,223,99,450,0,0,0,0,0,0,0,0,0,0,0,0,0,0,0,0,0,0,3550,0,0,0,0,0,0,0,0
2021-01-14T23:59:59+01:00,0,0,13,23,51,78,84,174,115,289,149,263,123,103,110,204,87,405,0,0,0,0,0,0,0,0,0,0,0,0,0,0,0,0,0,0,2271,0,0,0,0,0,0,0,0
2021-01-13T23:59:59+01:00,0,0,12,20,41,67,76,139,93,259,124,226,94,81,90,163,68,324,0,0,0,0,0,0,0,0,0,0,0,0,0,0,0,0,0,0,1877,0,0,0,0,0,0,0,0
2021-01-12T23:59:59+01:00,0,0,12,15,37,63,63,115,78,210,95,172,61,53,60,97,40,189,0,0,0,0,0,0,0,0,0,0,0,0,0,0,0,0,0,0,1360,0,0,0,0,0,0,0,0
2021-01-11T23:59:59+01:00,0,0,4,10,26,45,39,83,57,141,58,85,32,28,25,40,19,81,0,0,0,0,0,0,0,0,0,0,0,0,0,0,0,0,0,0,773,0,0,0,0,0,0,0,0
2021-01-10T23:59:59+01:00,0,0,3,6,19,32,34,58,38,94,37,53,15,8,8,19,13,34,0,0,0,0,0,0,0,0,0,0,0,0,0,0,0,0,0,0,471,0,0,0,0,0,0,0,0
2021-01-09T23:59:59+01:00,0,0,3,6,18,28,33,54,33,84,35,52,15,8,8,19,13,34,0,0,0,0,0,0,0,0,0,0,0,0,0,0,0,0,0,0,443,0,0,0,0,0,0,0,0
2021-01-08T23:59:59+01:00,0,0,3,6,15,26,29,43,27,75,31,48,14,8,7,17,12,33,0,0,0,0,0,0,0,0,0,0,0,0,0,0,0,0,0,0,394,0,0,0,0,0,0,0,0
2021-01-07T23:59:59+01:00,0,0,1,4,2,9,15,13,14,28,13,24,11,6,7,15,9,26,0,0,0,0,0,0,0,0,0,0,0,0,0,0,0,0,0,0,197,0,0,0,0,0,0,0,0
2021-01-06T23:59:59+01:00,0,0,1,0,2,4,13,11,9,22,11,19,11,6,7,15,9,26,0,0,0,0,0,0,0,0,0,0,0,0,0,0,0,0,0,0,166,0,0,0,0,0,0,0,0
2021-01-05T23:59:59+01:00,0,0,0,0,1,4,12,11,8,20,10,19,10,6,7,15,9,26,0,0,0,0,0,0,0,0,0,0,0,0,0,0,0,0,0,0,158,0,0,0,0,0,0,0,0
2021-01-04T23:59:59+01:00,0,0,0,0,1,4,12,10,7,16,8,17,10,6,7,15,9,26,0,0,0,0,0,0,0,0,0,0,0,0,0,0,0,0,0,0,148,0,0,0,0,0,0,0,0
2021-01-03T23:59:59+01:00,0,0,0,0,1,4,11,9,7,13,6,14,10,6,7,15,9,26,0,0,0,0,0,0,0,0,0,0,0,0,0,0,0,0,0,0,138,0,0,0,0,0,0,0,0
2021-01-02T23:59:59+01:00,0,0,0,0,1,4,11,9,7,13,6,14,10,6,7,15,9,26,0,0,0,0,0,0,0,0,0,0,0,0,0,0,0,0,0,0,138,0,0,0,0,0,0,0,0
2021-01-01T23:59:59+01:00,0,0,0,0,1,4,11,9,7,13,6,14,10,6,7,15,9,26,0,0,0,0,0,0,0,0,0,0,0,0,0,0,0,0,0,0,138,0,0,0,0,0,0,0,0
2020-12-31T23:59:59+01:00,0,0,0,0,1,4,11,9,7,13,6,14,10,6,7,15,9,26,0,0,0,0,0,0,0,0,0,0,0,0,0,0,0,0,0,0,138,0,0,0,0,0,0,0,0
2020-12-30T23:59:59+01:00,0,0,0,0,1,4,11,9,7,13,6,14,10,6,7,15,9,26,0,0,0,0,0,0,0,0,0,0,0,0,0,0,0,0,0,0,138,0,0,0,0,0,0,0,0
2020-12-29T23:59:59+01:00,0,0,0,0,1,4,8,9,7,13,4,12,10,6,7,15,9,26,0,0,0,0,0,0,0,0,0,0,0,0,0,0,0,0,0,0,131,0,0,0,0,0,0,0,0
2020-12-28T23:59:59+01:00,0,0,0,0,1,1,5,7,7,7,2,9,10,6,7,15,9,26,0,0,0,0,0,0,0,0,0,0,0,0,0,0,0,0,0,0,112,0,0,0,0,0,0,0,0
2020-12-27T23:59:59+01:00,0,0,0,0,0,0,2,4,2,6,1,6,4,5,7,15,8,25,0,0,0,0,0,0,0,0,0,0,0,0,0,0,0,0,0,0,85,0,0,0,0,0,0,0,0
