Datum,<15_m,<15_w,15-24_1_m,15-24_1_w,25-34_1_m,25-34_1_w,35-44_1_m,35-44_1_w,45-54_1_m,45-54_1_w,55-64_1_m,55-64_1_w,65-74_1_m,65-74_1_w,75-84_1_m,75-84_1_w,>84_1_m,>84_1_w,<24_2_m,<24_2_w,25-34_2_m,25-34_2_w,35-44_2_m,35-44_2_w,45-54_2_m,45-54_2_w,55-64_2_m,55-64_2_w,65-74_2_m,65-74_2_w,75-84_2_m,75-84_2_w,>84_2_m,>84_2_w,bp_1,bp_2,mo_1,mo_2,az_1,az_2,ja,unb_1,unb_2
2021-10-04T23:59:59+02:00,1856,1758,9998,9424,11022,10346,13550,14011,17603,17954,20783,20766,16452,17150,9192,11164,2961,5699,9217,8669,10475,9652,13000,13303,16970,17286,20250,20174,16087,16770,8965,10871,2862,5504,151451,144313,20208,19374,27923,27104,12110,7,6
2021-10-03T23:59:59+02:00,1850,1753,9991,9418,11011,10336,13545,14006,17596,17949,20775,20762,16449,17145,9190,11163,2961,5699,9210,8660,10464,9646,12997,13298,16966,17279,20241,20170,16085,16768,8965,10870,2862,5504,151392,144266,20208,19374,27923,27104,12079,7,6
2021-10-02T23:59:59+02:00,1850,1753,9989,9415,11009,10334,13542,14006,17596,17949,20773,20760,16448,17144,9190,11163,2961,5699,9209,8658,10461,9643,12995,13296,16966,17279,20240,20168,16084,16766,8965,10870,2862,5504,151384,144258,20208,19373,27923,27104,12069,7,6
2021-10-01T23:59:59+02:00,1847,1749,9975,9400,11000,10319,13533,13998,17587,17942,20768,20756,16444,17140,9188,11162,2959,5697,9192,8640,10447,9632,12993,13285,16955,17272,20231,20161,16083,16766,8964,10865,2861,5502,151285,144134,20207,19373,27923,27104,12052,7,6
2021-09-30T23:59:59+02:00,1844,1746,9960,9392,10988,10309,13523,13982,17580,17932,20761,20750,16444,17139,9186,11160,2958,5696,9169,8632,10435,9621,12986,13273,16945,17268,20224,20156,16080,16766,8961,10865,2861,5502,151218,144064,20205,19370,27923,27104,12007,7,6
2021-09-29T23:59:59+02:00,1831,1712,9932,9356,10964,10285,13509,13962,17565,17920,20742,20740,16436,17131,9184,11157,2957,5693,9159,8617,10422,9606,12983,13259,16940,17255,20214,20148,16074,16757,8958,10862,2860,5501,150962,143936,20205,19369,27923,27104,11989,7,6
2021-09-28T23:59:59+02:00,1804,1688,9879,9303,10943,10249,13478,13936,17537,17890,20725,20720,16426,17118,9180,11148,2956,5690,9141,8587,10409,9584,12965,13246,16930,17243,20201,20136,16065,16748,8952,10855,2860,5500,150583,143732,20205,19368,27922,27104,11963,7,6
2021-09-27T23:59:59+02:00,1787,1675,9854,9285,10918,10227,13459,13909,17519,17871,20716,20713,16420,17113,9176,11145,2956,5688,9122,8565,10387,9564,12945,13219,16915,17226,20190,20127,16062,16746,8950,10852,2860,5499,150415,143582,20197,19364,27922,27102,11900,7,6
2021-09-26T23:59:59+02:00,1780,1669,9843,9276,10902,10215,13449,13901,17513,17865,20706,20712,16418,17109,9176,11144,2955,5688,9117,8557,10379,9560,12936,13214,16911,17221,20183,20125,16060,16744,8950,10852,2860,5499,150335,143548,20196,19364,27922,27101,11871,7,6
2021-09-25T23:59:59+02:00,1780,1668,9840,9275,10901,10215,13447,13900,17513,17865,20706,20712,16418,17108,9176,11144,2955,5688,9117,8554,10377,9560,12935,13212,16911,17221,20183,20125,16060,16743,8950,10852,2860,5499,150330,143544,20196,19364,27922,27101,11866,7,6
2021-09-24T23:59:59+02:00,1772,1652,9823,9263,10897,10205,13443,13889,17510,17861,20703,20708,16415,17107,9176,11144,2954,5688,9100,8541,10371,9549,12931,13208,16905,17215,20182,20121,16058,16741,8949,10852,2860,5499,150241,143461,20194,19364,27922,27101,11856,7,6
2021-09-23T23:59:59+02:00,1769,1650,9760,9222,10789,10141,13345,13816,17426,17795,20650,20661,16391,17089,9169,11133,2954,5685,9042,8503,10264,9490,12841,13148,16825,17153,20131,20077,16035,16720,8941,10840,2860,5496,150165,143432,20192,19361,27922,27101,11168,7,6
2021-09-22T23:59:59+02:00,1747,1633,9731,9189,10774,10112,13318,13785,17398,17772,20635,20639,16387,17081,9167,11126,2951,5684,9017,8488,10244,9473,12825,13133,16806,17142,20120,20072,16029,16718,8938,10834,2858,5493,149878,143263,20188,19358,27922,27101,11143,7,6
2021-09-21T23:59:59+02:00,1716,1602,9675,9124,10740,10077,13291,13743,17368,17749,20621,20629,16374,17067,9162,11124,2949,5679,8983,8456,10228,9454,12803,13106,16780,17112,20110,20062,16019,16711,8933,10831,2858,5491,149457,142980,20186,19356,27921,27101,11128,7,6
2021-09-20T23:59:59+02:00,1684,1578,9620,9071,10692,10027,13255,13702,17347,17730,20597,20611,16364,17060,9153,11112,2948,5675,8948,8429,10209,9432,12776,13083,16759,17094,20093,20043,16011,16702,8926,10824,2856,5490,149055,142738,20184,19355,27921,27100,11068,7,6
2021-09-19T23:59:59+02:00,1683,1577,9616,9063,10685,10022,13247,13699,17339,17724,20590,20607,16362,17057,9152,11110,2945,5672,8942,8423,10205,9430,12772,13081,16756,17092,20090,20039,16010,16702,8926,10824,2856,5489,149000,142716,20181,19353,27921,27099,11050,7,6
2021-09-18T23:59:59+02:00,1683,1577,9616,9062,10683,10018,13244,13695,17336,17724,20589,20607,16362,17057,9152,11110,2945,5672,8940,8420,10203,9428,12771,13078,16752,17091,20089,20039,16010,16702,8926,10824,2856,5489,148994,142707,20181,19353,27921,27099,11038,7,6
2021-09-17T23:59:59+02:00,1677,1569,9599,9039,10671,10002,13228,13681,17325,17713,20585,20597,16360,17055,9151,11108,2944,5671,8933,8414,10197,9422,12762,13073,16748,17086,20086,20031,16010,16700,8925,10823,2856,5489,148880,142683,20180,19353,27921,27098,10996,7,6
2021-09-16T23:59:59+02:00,1673,1568,9583,9023,10655,9986,13217,13668,17313,17704,20573,20586,16359,17051,9148,11105,2944,5669,8927,8408,10189,9415,12754,13067,16740,17081,20076,20026,16010,16699,8925,10820,2856,5487,148777,142654,20177,19350,27920,27095,10953,7,6
2021-09-15T23:59:59+02:00,1660,1553,9556,8996,10631,9966,13188,13640,17294,17680,20556,20568,16353,17044,9139,11097,2944,5665,8880,8369,10158,9375,12721,13027,16715,17061,20047,20006,16003,16687,8920,10817,2856,5485,148610,142319,20109,19338,27920,27092,10893,7,6
2021-09-14T23:59:59+02:00,1647,1544,9522,8965,10615,9946,13170,13617,17271,17662,20542,20554,16336,17031,9129,11086,2940,5653,8846,8336,10142,9358,12712,13004,16699,17042,20030,19986,15999,16680,8917,10810,2855,5481,148410,142078,20031,19337,27920,27092,10871,7,6
2021-09-13T23:59:59+02:00,1614,1509,9479,8910,10589,9912,13147,13574,17250,17643,20520,20541,16330,17025,9126,11080,2938,5647,8811,8308,10126,9336,12691,12972,16686,17025,20014,19970,15993,16666,8911,10808,2854,5477,148192,141824,19878,19329,27920,27091,10847,6,6
2021-09-12T23:59:59+02:00,1612,1506,9466,8903,10576,9906,13140,13564,17245,17639,20517,20536,16329,17022,9124,11079,2938,5644,8787,8286,10105,9325,12674,12958,16675,17017,20006,19961,15990,16662,8910,10802,2854,5476,148141,141664,19872,19328,27920,27090,10816,6,6
2021-09-11T23:59:59+02:00,1612,1506,9464,8898,10572,9903,13137,13562,17244,17636,20514,20534,16329,17020,9123,11079,2938,5644,8778,8284,10103,9324,12669,12957,16674,17014,20004,19960,15990,16661,8909,10802,2854,5476,148130,141658,19870,19323,27920,27090,10798,6,6
2021-09-10T23:59:59+02:00,1611,1505,9460,8894,10563,9896,13125,13557,17239,17629,20512,20530,16328,17019,9123,11079,2938,5644,8774,8281,10097,9316,12659,12951,16668,17009,20001,19956,15990,16660,8909,10801,2854,5476,148101,141638,19869,19317,27920,27090,10765,6,6
2021-09-09T23:59:59+02:00,1608,1500,9444,8888,10552,9883,13111,13540,17223,17620,20497,20519,16326,17018,9121,11075,2937,5641,8764,8276,10090,9306,12654,12938,16650,17002,19989,19947,15988,16658,8907,10794,2853,5474,148019,141586,19867,19317,27920,27089,10699,6,6
2021-09-08T23:59:59+02:00,1570,1451,9400,8829,10521,9845,13084,13503,17191,17594,20478,20499,16310,17004,9117,11069,2937,5639,8740,8260,10072,9290,12635,12923,16635,16993,19973,19940,15981,16652,8906,10790,2853,5474,147607,141458,19866,19312,27920,27089,10650,6,6
2021-09-07T23:59:59+02:00,1552,1426,9380,8806,10503,9825,13074,13493,17182,17582,20472,20494,16306,17001,9116,11064,2936,5637,8732,8252,10064,9288,12627,12921,16631,16985,19969,19937,15981,16650,8906,10787,2853,5474,147432,141417,19864,19310,27920,27085,10635,6,6
2021-09-06T23:59:59+02:00,1539,1414,9356,8781,10483,9804,13065,13479,17171,17568,20463,20478,16304,16998,9115,11064,2935,5637,8726,8243,10056,9281,12622,12912,16625,16980,19964,19930,15979,16649,8902,10784,2853,5473,147258,141358,19863,19307,27918,27084,10617,6,6
2021-09-05T23:59:59+02:00,1536,1411,9348,8770,10475,9799,13060,13473,17168,17561,20457,20476,16301,16995,9115,11063,2935,5637,8718,8237,10049,9271,12615,12906,16619,16974,19956,19928,15977,16647,8902,10783,2853,5473,147208,141303,19863,19307,27918,27081,10593,6,6
2021-09-04T23:59:59+02:00,1535,1411,9347,8768,10474,9799,13059,13472,17168,17561,20455,20474,16301,16995,9115,11063,2935,5637,8718,8237,10048,9269,12614,12906,16618,16973,19955,19928,15977,16647,8902,10783,2853,5473,147202,141297,19860,19307,27918,27081,10591,6,6
2021-09-03T23:59:59+02:00,1525,1397,9326,8750,10461,9787,13055,13462,17153,17550,20443,20464,16297,16989,9114,11058,2935,5634,8702,8225,10036,9262,12607,12899,16602,16963,19952,19920,15973,16640,8901,10779,2853,5470,147101,141246,19857,19305,27918,27081,10526,6,6
2021-09-02T23:59:59+02:00,1514,1388,9272,8718,10401,9736,12980,13404,17103,17513,20385,20421,16265,16962,9104,11047,2934,5629,8657,8200,9977,9218,12538,12849,16558,16930,19892,19879,15941,16617,8894,10771,2853,5465,146974,141189,19856,19301,27917,27079,10031,6,6
2021-09-01T23:59:59+02:00,1510,1371,9252,8704,10378,9725,12966,13391,17091,17499,20375,20417,16261,16956,9097,11043,2934,5628,8639,8179,9961,9201,12527,12838,16546,16919,19876,19868,15937,16612,8891,10765,2853,5464,146865,141055,19832,19299,27917,27078,9986,6,6
2021-08-31T23:59:59+02:00,1493,1353,9237,8677,10367,9711,12955,13383,17086,17488,20368,20409,16256,16952,9095,11038,2934,5628,8622,8162,9955,9189,12512,12827,16535,16914,19873,19861,15933,16610,8890,10762,2853,5464,146708,140930,19831,19296,27917,27075,9976,6,6
2021-08-30T23:59:59+02:00,1472,1336,9219,8654,10353,9695,12944,13368,17073,17468,20356,20400,16252,16949,9093,11036,2934,5627,8595,8148,9941,9177,12501,12808,16522,16897,19864,19854,15927,16604,8888,10757,2851,5462,146543,140792,19831,19292,27914,27066,9942,6,6
2021-08-29T23:59:59+02:00,1471,1335,9217,8648,10346,9686,12942,13363,17064,17463,20352,20395,16249,16944,9093,11036,2934,5626,8592,8142,9932,9166,12497,12802,16514,16892,19860,19851,15924,16597,8887,10757,2851,5461,146525,140772,19831,19291,27914,27060,9895,6,6
2021-08-28T23:59:59+02:00,1470,1335,9214,8644,10346,9685,12941,13362,17064,17462,20352,20394,16249,16944,9093,11036,2934,5626,8588,8142,9930,9166,12496,12801,16514,16891,19860,19850,15924,16597,8887,10757,2851,5461,146517,140766,19831,19289,27914,27060,9890,6,6
2021-08-27T23:59:59+02:00,1460,1324,9201,8637,10341,9679,12938,13360,17061,17456,20347,20389,16248,16942,9092,11036,2934,5626,8578,8135,9927,9160,12489,12799,16511,16884,19859,19849,15922,16596,8886,10756,2851,5461,146443,140716,19831,19287,27914,27055,9884,6,6
2021-08-26T23:59:59+02:00,1457,1323,9194,8633,10336,9673,12930,13359,17058,17454,20345,20384,16245,16939,9089,11031,2933,5626,8569,8124,9921,9154,12481,12796,16506,16882,19857,19844,15919,16592,8883,10753,2850,5461,146422,140685,19829,19287,27914,27049,9845,6,6
2021-08-25T23:59:59+02:00,1443,1299,9087,8577,10250,9601,12841,13285,16939,17370,20250,20328,16198,16901,9074,11010,2928,5615,8478,8070,9838,9092,12390,12731,16402,16809,19770,19790,15875,16553,8869,10733,2845,5448,146181,140540,19828,19286,27914,27047,9074,6,6
2021-08-24T23:59:59+02:00,1424,1274,9056,8547,10236,9581,12812,13256,16908,17334,20236,20312,16183,16891,9069,11004,2928,5612,8455,8057,9821,9080,12374,12720,16391,16794,19762,19780,15869,16549,8869,10731,2845,5447,145892,140421,19826,19284,27914,27047,9032,6,6
2021-08-23T23:59:59+02:00,1406,1249,9014,8510,10222,9563,12781,13236,16889,17316,20223,20288,16171,16879,9058,10998,2927,5607,8430,8041,9794,9061,12360,12714,16378,16785,19751,19764,15862,16542,8865,10726,2844,5444,145636,140324,19826,19282,27914,27026,8962,6,6
2021-08-22T23:59:59+02:00,1406,1249,9004,8505,10215,9557,12780,13232,16885,17310,20220,20285,16168,16875,9054,10998,2927,5606,8414,8035,9787,9050,12356,12709,16375,16778,19749,19760,15859,16537,8861,10724,2844,5443,145623,140295,19826,19280,27914,27023,8914,6,6
2021-08-21T23:59:59+02:00,1406,1248,8999,8505,10214,9555,12777,13231,16884,17310,20219,20284,16168,16875,9054,10998,2927,5606,8292,7955,9686,8956,12268,12599,16284,16707,19693,19716,15839,16522,8858,10713,2843,5441,145617,140291,19823,18379,27914,27022,8907,6,6
2021-08-20T23:59:59+02:00,1405,1246,8991,8503,10207,9547,12771,13221,16881,17308,20212,20279,16165,16875,9054,10996,2926,5605,7934,7629,9533,8796,12125,12459,16161,16597,19586,19620,15800,16473,8846,10689,2841,5440,145583,138194,19823,18379,27914,27021,8873,6,6
2021-08-19T23:59:59+02:00,1400,1244,8980,8497,10200,9538,12762,13215,16876,17306,20207,20277,16164,16873,9054,10995,2926,5604,7675,7361,9403,8691,11982,12340,16067,16491,19489,19533,15758,16425,8835,10669,2840,5432,145541,136467,19820,18371,27913,27012,8845,6,6
2021-08-18T23:59:59+02:00,1376,1212,8934,8461,10172,9507,12735,13180,16846,17283,20181,20248,16151,16859,9048,10989,2922,5599,7662,7351,9391,8683,11968,12323,16053,16482,19481,19524,15752,16418,8831,10665,2837,5429,145235,136420,19807,18370,27910,27011,8751,6,6
2021-08-17T23:59:59+02:00,1351,1199,8898,8429,10157,9486,12721,13156,16831,17262,20158,20226,16143,16849,9045,10982,2920,5594,7649,7336,9373,8675,11957,12314,16046,16472,19470,19518,15746,16413,8830,10663,2836,5427,144993,136349,19804,18365,27909,27005,8701,6,6
2021-08-16T23:59:59+02:00,1328,1181,8860,8403,10138,9467,12697,13132,16821,17243,20138,20211,16138,16837,9041,10981,2919,5594,7640,7324,9357,8672,11947,12308,16044,16467,19461,19511,15743,16410,8830,10663,2836,5427,144758,136309,19802,18361,27909,27004,8660,6,6
2021-08-15T23:59:59+02:00,1310,1164,8841,8384,10125,9453,12681,13119,16808,17233,20124,20199,16132,16831,9041,10976,2919,5594,7628,7313,9341,8656,11933,12297,16037,16459,19455,19507,15735,16406,8829,10660,2836,5427,144610,136252,19801,18356,27906,26985,8617,6,6
2021-08-14T23:59:59+02:00,1309,1164,8841,8384,10124,9453,12680,13117,16808,17232,20123,20197,16132,16831,9041,10976,2919,5594,7312,7020,9197,8488,11759,12132,15919,16329,19361,19419,15709,16382,8820,10647,2836,5423,144604,134263,19801,18354,27906,26977,8614,6,6
2021-08-13T23:59:59+02:00,1304,1162,8829,8375,10113,9445,12668,13107,16792,17223,20115,20189,16128,16825,9039,10975,2918,5594,6924,6659,9026,8327,11551,11916,15701,16148,19220,19297,15674,16343,8808,10633,2834,5419,144576,131783,19801,18354,27906,26974,8518,6,6
2021-08-12T23:59:59+02:00,1304,1162,8828,8372,10106,9440,12665,13107,16786,17214,20111,20184,16127,16821,9037,10973,2918,5594,6917,6652,9012,8320,11540,11914,15690,16141,19216,19291,15672,16338,8806,10632,2834,5419,144561,131749,19800,18351,27906,26956,8481,6,6
2021-08-11T23:59:59+02:00,1301,1158,8824,8365,10097,9433,12657,13103,16780,17210,20105,20182,16125,16818,9036,10973,2918,5593,6910,6642,8996,8309,11529,11910,15686,16134,19208,19285,15668,16335,8805,10632,2834,5417,144511,131687,19796,18345,27906,26942,8464,6,6
2021-08-10T23:59:59+02:00,1300,1158,8822,8364,10093,9428,12654,13098,16778,17208,20104,20177,16123,16816,9036,10972,2918,5593,6866,6597,8963,8294,11510,11890,15660,16122,19201,19275,15666,16333,8805,10630,2834,5417,144484,131444,19796,18341,27906,26935,8455,6,6
2021-08-09T23:59:59+02:00,1300,1156,8816,8363,10089,9420,12652,13095,16771,17206,20098,20177,16121,16816,9035,10972,2918,5593,6847,6573,8942,8277,11497,11879,15644,16110,19195,19270,15663,16332,8803,10629,2834,5417,144458,131310,19796,18337,27904,26926,8439,6,6
2021-08-08T23:59:59+02:00,1300,1155,8813,8357,10087,9416,12643,13092,16766,17202,20096,20174,16119,16812,9034,10971,2917,5592,6844,6562,8926,8269,11480,11871,15637,16101,19193,19266,15660,16328,8802,10628,2833,5416,144446,131261,19795,18329,27904,26923,8400,6,6
2021-08-07T23:59:59+02:00,1300,1147,8804,8350,10076,9409,12640,13085,16759,17198,20090,20169,16115,16807,9032,10971,2916,5592,6192,5991,8655,8046,11210,11641,15438,15927,19108,19190,15640,16304,8795,10621,2830,5415,144397,128173,19794,18317,27904,26922,8364,6,6
2021-08-06T23:59:59+02:00,1294,1146,8795,8338,10062,9397,12620,13066,16741,17186,20073,20157,16108,16799,9032,10968,2916,5591,6179,5977,8640,8031,11186,11620,15416,15910,19091,19178,15633,16297,8795,10618,2830,5414,144359,128120,19791,18311,27904,26920,8234,6,6
2021-08-05T23:59:59+02:00,1291,1144,8788,8331,10053,9388,12606,13058,16735,17183,20065,20153,16107,16799,9032,10967,2916,5591,5895,5741,8291,7735,10820,11344,15093,15671,18841,19010,15613,16273,8785,10611,2829,5413,144310,128025,19787,15607,27900,26887,8209,6,6
2021-08-04T23:59:59+02:00,1290,1141,8782,8327,10048,9386,12600,13054,16730,17181,20063,20150,16106,16799,9031,10966,2916,5590,5881,5733,8262,7725,10800,11332,15076,15665,18836,19005,15610,16270,8784,10611,2829,5413,144278,127925,19786,15599,27899,26871,8196,6,6
2021-08-03T23:59:59+02:00,1283,1138,8778,8317,10043,9381,12595,13051,16725,17179,20058,20148,16104,16799,9030,10964,2916,5589,5769,5619,8169,7655,10683,11255,15027,15612,18807,18990,15606,16268,8783,10609,2827,5412,144233,127199,19784,15591,27899,26842,8181,6,6
2021-08-02T23:59:59+02:00,1277,1132,8765,8309,10036,9374,12590,13045,16720,17169,20051,20144,16102,16796,9028,10961,2915,5588,5598,5459,8040,7548,10559,11140,14955,15529,18775,18965,15598,16259,8777,10609,2826,5412,144152,126132,19778,15586,27898,26811,8173,6,6
2021-08-01T23:59:59+02:00,1275,1131,8758,8302,10029,9367,12584,13043,16715,17167,20046,20142,16102,16796,9027,10959,2915,5588,5537,5402,7989,7499,10497,11088,14919,15504,18762,18947,15595,16256,8775,10606,2826,5410,144108,125693,19776,15582,27897,26790,8164,6,6
2021-07-31T23:59:59+02:00,1275,1131,8757,8299,10029,9366,12582,13043,16714,17167,20045,20140,16102,16796,9027,10959,2915,5588,5511,5382,7973,7486,10480,11074,14906,15498,18758,18944,15594,16255,8775,10606,2826,5410,144106,125563,19775,15578,27897,26789,8156,6,6
2021-07-30T23:59:59+02:00,1143,1010,8529,8070,9935,9248,12502,12959,16634,17095,19986,20072,16070,16757,9021,10942,2914,5585,5217,5108,7835,7343,10292,10881,14770,15332,18689,18888,15570,16228,8762,10592,2822,5406,142651,123732,19773,15570,27897,26772,8150,6,6
2021-07-29T23:59:59+02:00,1136,1002,8398,7980,9776,9150,12348,12857,16485,17000,19822,19962,15984,16688,8996,10923,2913,5578,4922,4874,7558,7150,10011,10680,14523,15157,18494,18770,15484,16153,8735,10571,2821,5396,142530,122632,19770,15529,27897,26747,6800,6,6
2021-07-28T23:59:59+02:00,1125,988,8369,7943,9762,9134,12326,12843,16468,16977,19802,19952,15977,16675,8989,10919,2913,5576,4500,4444,7240,6899,9693,10380,14287,14975,18438,18729,15469,16142,8729,10560,2821,5386,142287,119982,19768,15475,27895,26684,6787,6,6
2021-07-27T23:59:59+02:00,1115,980,8346,7928,9749,9127,12314,12834,16460,16971,19795,19939,15975,16669,8987,10916,2912,5574,4266,4198,7009,6700,9446,10100,14127,14814,18387,18662,15420,16096,8712,10544,2818,5379,142148,117961,19766,15472,27895,26659,6781,6,6
2021-07-26T23:59:59+02:00,1111,977,8333,7916,9742,9122,12308,12828,16453,16963,19788,19938,15972,16664,8985,10912,2911,5569,4160,4090,6906,6589,9320,9978,14044,14731,18340,18628,15409,16085,8702,10536,2815,5377,142069,117058,19763,15462,27884,26601,6775,6,6
2021-07-25T23:59:59+02:00,1110,976,8324,7913,9729,9118,12298,12825,16448,16956,19785,19937,15970,16664,8984,10912,2911,5569,4109,4040,6829,6540,9248,9922,14008,14699,18316,18614,15391,16072,8695,10530,2815,5375,142043,116617,19759,15446,27883,26579,6743,6,6
2021-07-24T23:59:59+02:00,1108,972,8236,7851,9655,9037,12231,12748,16379,16903,19744,19898,15949,16650,8981,10902,2911,5568,4066,3998,6772,6490,9170,9865,13943,14633,18284,18588,15379,16061,8687,10526,2815,5375,142024,116363,19094,15164,27883,26577,6721,6,6
2021-07-23T23:59:59+02:00,1082,947,8124,7762,9617,9002,12197,12719,16334,16868,19715,19879,15943,16644,8977,10898,2911,5568,3775,3713,6515,6285,8887,9579,13707,14457,18204,18527,15337,16018,8669,10507,2813,5369,141530,114116,19094,15141,27883,26571,6679,6,6
2021-07-22T23:59:59+02:00,989,860,7908,7532,9513,8913,12079,12623,16242,16784,19640,19794,15897,16604,8968,10883,2910,5562,3650,3586,6361,6192,8733,9450,13545,14314,18129,18459,15316,15992,8661,10497,2813,5368,140067,112966,19092,15069,27876,26476,6665,6,6
2021-07-21T23:59:59+02:00,969,846,7876,7492,9497,8902,12057,12600,16218,16768,19616,19773,15886,16597,8968,10878,2910,5562,3345,3320,6014,5933,8338,9067,13278,14078,17987,18334,15224,15911,8629,10467,2810,5356,139811,110157,19090,14997,27871,26379,6642,6,6
2021-07-20T23:59:59+02:00,968,845,7868,7487,9490,8899,12052,12598,16210,16767,19611,19768,15885,16596,8968,10877,2910,5562,3272,3269,5954,5877,8280,9008,13194,14034,17955,18319,15224,15911,8629,10465,2810,5356,139773,109771,19089,14982,27868,26247,6630,6,6
2021-07-19T23:59:59+02:00,967,845,7861,7485,9487,8891,12047,12596,16205,16760,19608,19768,15883,16593,8968,10875,2910,5561,3220,3234,5903,5835,8219,8963,13137,14007,17909,18306,15224,15908,8629,10463,2810,5355,139736,109490,19088,14965,27868,26120,6617,6,6
2021-07-18T23:59:59+02:00,966,844,7850,7476,9482,8886,12038,12591,16200,16754,19606,19766,15882,16591,8968,10875,2910,5561,3200,3216,5864,5804,8184,8934,13098,13991,17894,18302,15224,15907,8629,10463,2810,5354,139689,109302,19087,14931,27866,26107,6603,6,6
2021-07-17T23:59:59+02:00,851,725,7528,7186,9330,8715,11863,12429,16071,16615,19509,19670,15861,16570,8960,10862,2910,5558,3099,3108,5753,5712,8051,8775,12957,13863,17799,18224,15214,15889,8626,10456,2810,5354,137676,108121,19086,14926,27866,26103,6587,3,6
2021-07-16T23:59:59+02:00,695,574,7132,6858,9146,8555,11671,12218,15868,16438,19367,19542,15831,16533,8950,10848,2909,5556,3037,3047,5677,5649,7938,8668,12837,13727,17720,18149,15192,15873,8622,10454,2809,5354,135191,107222,19086,14921,27865,26096,6551,3,6
2021-07-15T23:59:59+02:00,693,574,7118,6850,9143,8553,11659,12214,15858,16431,19363,19536,15829,16530,8946,10846,2908,5547,2998,3012,5611,5606,7848,8618,12762,13686,17690,18125,15169,15857,8614,10447,2808,5345,135151,106990,19084,14767,27860,25971,6504,3,6
2021-07-14T23:59:59+02:00,691,573,7109,6841,9138,8551,11655,12209,15852,16428,19358,19531,15827,16527,8943,10843,2908,5543,2975,2999,5570,5574,7812,8597,12729,13670,17672,18114,15162,15854,8611,10443,2808,5341,135118,106837,19083,14733,27860,25930,6467,3,6
2021-07-13T23:59:59+02:00,686,571,7084,6824,9124,8534,11646,12194,15841,16409,19348,19525,15818,16523,8939,10833,2903,5535,2918,2948,5506,5508,7652,8462,12475,13452,17516,17986,15143,15843,8599,10430,2803,5330,134991,105622,19083,14680,27857,25895,6407,3,6
2021-07-12T23:59:59+02:00,680,563,7070,6809,9113,8523,11636,12184,15836,16396,19336,19521,15816,16519,8937,10833,2903,5532,2862,2894,5423,5433,7504,8347,12228,13239,17335,17839,15133,15838,8595,10423,2802,5330,134875,104384,19081,14627,27853,25845,6399,3,6
2021-07-11T23:59:59+02:00,679,562,7061,6807,9103,8515,11629,12176,15826,16393,19331,19516,15816,16516,8936,10831,2903,5532,2831,2859,5346,5360,7406,8260,12061,13082,17209,17706,15125,15827,8594,10420,2802,5330,134831,103495,19077,14578,27853,25802,6372,3,6
2021-07-10T23:59:59+02:00,505,404,6497,6256,8878,8329,11386,11984,15669,16260,19276,19467,15808,16506,8932,10826,2902,5531,2802,2825,5294,5314,7323,8180,11958,12982,17131,17639,15110,15811,8591,10409,2799,5328,132135,102797,19077,14576,27853,25794,6352,3,6
2021-07-09T23:59:59+02:00,494,397,6438,6228,8851,8292,11346,11956,15642,16247,19263,19451,15807,16503,8932,10823,2902,5531,2745,2758,5212,5245,7144,8003,11546,12683,16834,17432,15089,15783,8584,10404,2797,5326,132043,101769,18867,13716,27852,25779,6342,3,6
2021-07-08T23:59:59+02:00,488,395,6122,5969,8478,8004,10964,11650,15305,15999,19004,19277,15785,16479,8923,10816,2899,5530,2684,2707,5130,5169,7005,7912,11345,12541,16682,17308,15082,15775,8584,10402,2797,5325,131956,100906,15974,13546,27847,25704,6311,3,6
2021-07-07T23:59:59+02:00,486,391,6107,5957,8454,7989,10949,11633,15294,15989,19003,19272,15783,16475,8922,10814,2899,5528,2635,2655,5040,5110,6866,7818,11110,12359,16518,17174,15074,15768,8579,10396,2797,5325,131848,99883,15965,13421,27845,25655,6284,3,6
2021-07-06T23:59:59+02:00,459,371,6006,5864,8381,7923,10876,11564,15261,15949,18980,19255,15775,16465,8919,10812,2896,5526,2567,2585,4907,4995,6683,7685,10721,11947,16146,16798,15048,15735,8571,10389,2796,5321,131230,97725,15957,13339,27840,25594,6252,3,6
2021-07-05T23:59:59+02:00,418,337,5828,5693,8263,7830,10762,11450,15202,15879,18948,19224,15769,16457,8915,10807,2893,5525,2514,2509,4808,4897,6550,7550,10369,11628,15872,16492,15018,15705,8563,10374,2796,5316,130181,95929,15953,13275,27837,25541,6226,3,6
2021-07-04T23:59:59+02:00,398,307,5754,5613,8206,7773,10695,11392,15172,15848,18934,19205,15762,16453,8914,10805,2893,5523,2495,2479,4746,4850,6489,7500,10232,11519,15771,16420,15013,15697,8561,10373,2795,5316,129675,95365,15946,13206,27832,25503,6191,3,6
2021-07-03T23:59:59+02:00,392,305,5735,5603,8196,7764,10684,11388,15165,15842,18931,19202,15762,16453,8914,10805,2893,5523,2460,2447,4650,4822,6382,7474,10174,11473,15667,16334,14334,14990,8542,10348,2795,5316,129604,95250,15944,13204,27832,23588,6174,3,6
2021-07-02T23:59:59+02:00,346,266,5546,5454,8124,7692,10586,11291,15100,15786,18912,19195,15758,16449,8909,10803,2891,5520,2413,2399,4494,4744,6198,7400,10020,11316,15477,16131,13544,14072,8534,10333,2795,5315,128691,94687,15942,13160,27831,21185,6161,3,6
2021-07-01T23:59:59+02:00,284,211,5330,5272,7996,7580,10446,11165,14972,15691,18868,19170,15751,16442,8904,10797,2891,5519,2296,2279,4318,4571,5961,7146,9239,10631,14848,15661,13519,14043,8529,10328,2791,5313,127402,91190,15930,13064,27830,21101,6124,3,6
2021-06-30T23:59:59+02:00,154,121,4848,4799,7655,7303,10093,10827,14745,15514,18811,19126,15740,16431,8900,10789,2891,5516,2260,2232,4233,4499,5850,7049,9068,10508,14758,15583,13505,14035,8526,10325,2791,5311,124416,90590,15924,12891,27830,20968,6090,3,6
2021-06-29T23:59:59+02:00,117,99,4564,4518,7403,7086,9803,10527,14546,15324,18748,19065,15688,16381,8880,10774,2890,5511,2193,2151,4090,4363,5643,6868,8842,10279,14463,15358,13458,13987,8513,10301,2789,5298,122345,89138,15920,12738,27828,20896,5828,3,6
2021-06-28T23:59:59+02:00,101,78,4429,4375,7298,6976,9681,10402,14454,15217,18703,19022,15672,16365,8866,10763,2887,5509,2106,2024,3909,4157,5362,6526,8458,9769,13932,14822,13339,13898,8494,10277,2786,5284,121332,85931,15909,12657,27825,20829,5729,3,4
2021-06-27T23:59:59+02:00,96,76,4375,4328,7239,6921,9619,10347,14421,15183,18683,19005,15655,16353,8859,10756,2886,5504,2052,1990,3845,4113,5248,6412,8289,9640,13756,14709,13313,13878,8484,10268,2783,5282,120966,85142,15905,12622,27822,20690,5610,3,4
2021-06-26T23:59:59+02:00,83,74,4331,4298,7208,6893,9601,10325,14401,15167,18670,18992,15651,16347,8859,10756,2886,5504,1976,1897,3656,3955,5033,6156,7926,9185,13405,14413,13233,13820,8464,10240,2778,5273,120722,82506,15899,12622,27822,20684,5600,3,4
2021-06-25T23:59:59+02:00,70,61,4020,3972,6945,6656,9308,10032,14178,14978,18587,18935,15605,16302,8840,10737,2884,5497,1911,1813,3490,3833,4840,5925,7601,8770,13094,14078,13183,13764,8451,10215,2772,5267,118321,80150,15872,12591,27822,20679,5589,3,4
2021-06-24T23:59:59+02:00,63,54,3927,3882,6847,6571,9208,9942,14079,14893,18559,18902,15590,16285,8834,10730,2884,5496,1844,1739,3376,3736,4641,5783,7381,8571,12845,13877,12349,12833,8271,9952,2772,5266,117591,78933,15863,12485,27818,18349,5471,3,4
2021-06-23T23:59:59+02:00,49,49,3522,3509,6393,6224,8676,9435,13742,14590,18423,18767,15486,16193,8791,10694,2881,5482,1706,1567,3125,3532,4222,5454,6433,7860,12102,13179,12326,12821,8261,9945,2772,5262,114656,78299,15615,9155,27817,18300,4815,3,4
2021-06-22T23:59:59+02:00,40,41,3449,3436,6314,6165,8573,9357,13691,14542,18390,18750,15475,16186,8790,10689,2881,5479,1665,1514,3021,3429,4078,5304,6179,7676,11490,12470,12236,12727,8243,9912,2768,5254,114027,75960,15609,9073,27815,18141,4794,3,4
2021-06-21T23:59:59+02:00,34,38,3378,3375,6222,6106,8513,9286,13630,14496,18357,18730,15473,16184,8787,10686,2881,5478,1629,1463,2930,3332,3952,5154,5983,7450,10732,11549,11848,12271,7166,8685,2762,5247,113506,73304,15602,8972,27808,15143,4735,3,4
2021-06-20T23:59:59+02:00,34,37,3353,3353,6174,6075,8469,9254,13601,14479,18346,18726,15472,16184,8787,10686,2881,5478,1611,1446,2893,3304,3901,5116,5930,7426,10644,11473,11828,12252,7163,8678,2761,5247,113329,72987,15585,8895,27808,15127,4664,3,4
2021-06-19T23:59:59+02:00,32,35,3326,3328,6145,6052,8439,9235,13577,14473,18340,18721,15472,16183,8787,10686,2881,5478,1607,1433,2888,3295,3893,5111,5915,7421,10633,11466,11828,12252,7163,8677,2761,5247,113136,72906,15579,8895,27808,15125,4664,3,4
2021-06-18T23:59:59+02:00,28,30,3284,3285,6071,6012,8370,9180,13531,14442,18317,18710,15471,16181,8786,10685,2881,5478,1532,1339,2751,3119,3710,4835,5518,7048,9140,9899,11661,12084,7122,8627,2749,5229,112752,67728,15552,8894,27808,15114,4627,3,4
2021-06-17T23:59:59+02:00,26,26,3220,3233,6004,5972,8296,9126,13458,14397,18293,18699,15469,16176,8784,10682,2881,5475,1403,1246,2562,2904,3447,4543,5156,6652,8467,9168,11377,11841,7081,8570,2745,5226,112376,64012,15523,8779,27804,15086,4511,3,4
2021-06-16T23:59:59+02:00,26,23,3167,3172,5892,5904,8176,9033,13330,14311,18227,18663,15463,16167,8784,10679,2881,5475,1306,1190,2421,2796,3264,4383,4872,6379,7390,7877,11286,11733,7050,8533,2732,5208,111737,60249,15448,8733,27800,15053,4385,3,4
2021-06-15T23:59:59+02:00,21,22,3071,3086,5774,5814,7991,8854,13067,14092,18078,18536,15448,16155,8776,10673,2881,5473,1269,1157,2348,2740,3160,4308,4669,6255,7078,7626,10791,11174,7016,8499,2724,5195,110316,58005,15420,8701,27790,15021,4283,3,3
2021-06-14T23:59:59+02:00,20,20,2997,3016,5693,5756,7848,8735,12778,13854,17890,18360,15432,16141,8769,10668,2880,5472,1242,1129,2282,2684,3035,4212,4470,6116,6737,7321,10265,10563,6985,8462,2720,5185,108923,55637,15411,8594,27786,14973,4206,3,2
2021-06-13T23:59:59+02:00,20,20,2979,2986,5627,5718,7785,8669,12638,13719,17784,18238,15426,16132,8768,10665,2879,5472,1231,1116,2253,2668,2998,4201,4424,6096,6704,7304,10260,10557,6985,8461,2720,5185,108186,55495,15400,8586,27782,14930,4154,3,2
2021-06-12T23:59:59+02:00,18,20,2950,2968,5599,5693,7754,8650,12619,13700,17776,18235,15425,16130,8768,10665,2879,5472,1175,1054,2164,2592,2903,4065,4282,5964,6594,7219,10178,10479,6389,7737,2720,5185,107987,55380,15397,8586,27782,12584,4152,3,2
2021-06-11T23:59:59+02:00,18,17,2874,2894,5530,5629,7573,8464,12209,13394,17495,18030,15409,16105,8762,10657,2876,5470,1151,1037,2109,2551,2838,4016,4197,5902,6483,7128,10075,10366,6375,7730,2718,5179,106975,54854,14506,8317,27781,12545,4141,3,2
2021-06-10T23:59:59+02:00,14,15,2820,2853,5430,5576,7441,8383,12022,13255,17357,17912,15404,16101,8762,10656,2875,5469,1110,1012,2034,2485,2737,3938,4027,5772,6238,6915,9824,10098,6355,7702,2712,5173,106054,53289,14433,8313,27776,12453,4079,3,2
2021-06-09T23:59:59+02:00,13,14,2742,2784,5308,5481,7219,8213,11743,13013,17170,17763,15393,16087,8758,10647,2875,5466,1053,947,1902,2367,2532,3755,3701,5488,5616,6404,9001,9195,6298,7626,2698,5138,104847,49279,14281,8295,27767,12358,3791,3,2
2021-06-08T23:59:59+02:00,10,10,2644,2682,5173,5353,7022,8028,11313,12586,16793,17374,15374,16060,8747,10640,2874,5461,1016,918,1832,2302,2426,3681,3561,5422,5466,6272,8967,9176,6296,7614,2696,5134,102643,48768,14254,8244,27765,12290,3479,3,2
2021-06-07T23:59:59+02:00,8,9,2517,2584,4982,5222,6815,7863,10835,12225,16450,17078,15349,16032,8741,10623,2873,5457,947,881,1704,2245,2285,3597,3306,5332,5111,5987,8418,8551,6243,7555,2692,5125,100707,46551,14211,8228,27756,12216,2986,3,2
2021-06-06T23:59:59+02:00,8,7,2480,2559,4921,5165,6729,7806,10696,12114,16359,17013,15346,16028,8741,10623,2871,5456,931,871,1676,2225,2241,3569,3235,5307,5063,5963,8413,8550,6238,7547,2692,5124,100116,46390,14160,8218,27749,12145,2894,3,2
2021-06-05T23:59:59+02:00,7,6,2466,2537,4893,5140,6692,7776,10666,12087,16350,17006,15346,16028,8741,10623,2871,5456,915,856,1643,2196,2201,3513,3132,5225,4710,5634,7818,7845,6210,7493,2691,5122,99891,44003,14160,8212,27747,12101,2890,3,2
2021-06-04T23:59:59+02:00,6,5,2435,2508,4848,5096,6644,7723,10577,11983,16298,16942,15342,16021,8741,10622,2870,5455,903,838,1620,2176,2159,3476,3080,5167,4546,5445,7517,7477,6174,7451,2689,5116,99360,42716,14153,8210,27747,12057,2853,3,2
2021-06-03T23:59:59+02:00,6,5,2332,2380,4697,4922,6435,7475,9876,11349,15708,16492,15331,16011,8738,10616,2869,5454,886,808,1580,2117,2110,3396,2990,5057,4400,5278,7358,7288,6162,7424,2689,5112,96021,41668,14114,8200,27742,11973,2816,3,2
2021-06-02T23:59:59+02:00,6,5,2315,2355,4652,4889,6380,7438,9776,11261,15648,16439,15323,16007,8737,10612,2869,5453,874,796,1561,2093,2057,3359,2904,4971,4039,4889,6801,6649,6118,7368,2685,5101,95496,39329,14112,8195,27742,11930,2812,3,2
2021-06-01T23:59:59+02:00,6,4,2252,2315,4531,4796,6215,7321,9587,11113,15540,16362,15320,16003,8733,10608,2868,5448,840,769,1496,2044,1941,3296,2750,4878,3836,4762,6591,6417,6096,7350,2679,5094,94622,38246,14062,8173,27730,11815,2605,3,2
2021-05-31T23:59:59+02:00,2,4,2202,2256,4433,4704,6071,7196,9401,10964,15454,16306,15312,15996,8730,10608,2868,5448,817,735,1439,1985,1869,3247,2575,4822,3706,4708,6234,6003,6073,7329,2676,5086,93900,37066,13975,8166,27719,11714,2358,3,2
2021-05-30T23:59:59+02:00,2,4,2177,2235,4377,4643,5976,7136,9326,10902,15417,16286,15311,15993,8730,10608,2868,5448,805,724,1416,1962,1819,3221,2442,4787,3601,4690,6232,6001,6073,7329,2676,5086,93449,36749,13936,8144,27709,11629,2342,3,2
2021-05-29T23:59:59+02:00,2,4,2161,2220,4357,4631,5959,7119,9313,10889,15412,16283,15310,15993,8730,10608,2868,5448,787,672,1323,1703,1685,2860,2242,4239,3322,4261,6142,5907,5961,7197,2675,5086,93320,36696,13933,8138,27709,8886,2342,3,2
2021-05-28T23:59:59+02:00,2,4,2140,2197,4318,4585,5914,7074,9235,10819,15344,16231,15306,15991,8730,10608,2868,5447,768,582,1245,1450,1587,2458,2064,3551,3058,3666,5503,5166,5879,7106,2671,5073,92842,35395,13920,8138,27707,5953,2341,3,2
2021-05-27T23:59:59+02:00,2,4,2098,2159,4231,4518,5791,7000,9079,10719,15246,16147,15305,15990,8730,10608,2868,5447,738,548,1213,1367,1545,2321,1994,3409,2945,3547,5067,4685,5846,7067,2660,5044,92159,34271,13770,8129,27684,5270,2326,3,2
2021-05-26T23:59:59+02:00,2,4,2030,2040,4036,4373,5450,6735,8108,9975,14483,15444,15293,15984,8726,10602,2866,5444,727,533,1187,1306,1499,2262,1936,3294,2793,3403,3759,3304,5787,6995,2637,4986,91382,30993,10242,8112,27668,5003,2300,3,2
2021-05-25T23:59:59+02:00,2,4,1993,2003,3956,4306,5355,6669,7973,9868,14105,15008,15245,15947,8719,10587,2864,5440,722,526,1159,1271,1479,2237,1916,3266,2767,3377,3753,3294,5780,6992,2635,4985,90037,30904,10093,8102,27652,4894,2259,3,2
2021-05-24T23:59:59+02:00,2,4,1967,1959,3869,4230,5249,6587,7848,9744,13595,14393,15194,15880,8712,10574,2863,5435,716,518,1140,1259,1447,2222,1894,3247,2741,3355,3736,3276,5758,6968,2626,4969,88249,30770,10014,8051,27641,4854,2198,3,1
2021-05-23T23:59:59+02:00,2,4,1958,1947,3850,4208,5231,6574,7796,9713,13519,14330,15183,15876,8710,10573,2862,5435,709,507,1129,1246,1422,2198,1836,3211,2633,3257,3325,2843,5114,6158,2611,4924,88016,30596,9913,5497,27641,4833,2198,3,1
2021-05-22T23:59:59+02:00,2,4,1791,1905,3548,4158,4829,6531,7539,9656,13394,14251,15177,15875,8710,10572,2862,5435,547,476,836,1204,1045,2163,1596,3158,2519,3182,3322,2841,5114,6157,2611,4924,87865,30584,9913,5496,27639,4797,819,3,1
2021-05-21T23:59:59+02:00,2,3,1706,1797,3391,3966,4639,6236,7142,9290,12101,12917,15026,15727,8673,10525,2853,5424,543,464,826,1202,1043,2155,1561,3128,2441,3106,3148,2704,5088,6114,2608,4909,83092,29950,9873,5495,27633,4778,817,3,1
2021-05-20T23:59:59+02:00,2,3,1668,1763,3296,3916,4532,6153,6966,9207,11890,12687,15005,15709,8669,10518,2852,5423,522,449,784,1156,986,2091,1440,3056,2315,3009,2960,2533,5047,6038,2600,4894,82250,29203,9770,5480,27577,4537,660,2,1
2021-05-19T23:59:59+02:00,2,3,1647,1737,3238,3860,4437,6086,6849,9142,11657,12426,14994,15698,8666,10517,2852,5422,513,437,768,1119,969,2022,1330,2908,1989,2715,2397,2038,4942,5920,2578,4847,81429,27137,9631,5465,27550,4269,621,2,1
2021-05-18T23:59:59+02:00,2,3,1586,1704,3149,3770,4324,5982,6689,8983,11365,12169,14949,15650,8654,10494,2850,5412,510,425,752,1103,951,2005,1247,2843,1709,2492,1956,1694,4869,5837,2557,4804,80327,25598,9429,5455,27481,4205,496,2,1
2021-05-17T23:59:59+02:00,2,3,1537,1623,3019,3612,4120,5703,6341,8524,10816,11620,14840,15557,8635,10469,2845,5401,508,417,746,1096,932,2000,1223,2819,1682,2455,1940,1674,4862,5830,2554,4802,77429,25534,9392,5441,27457,4178,387,2,1
2021-05-16T23:59:59+02:00,2,3,1518,1601,2966,3571,4025,5616,6192,8388,10640,11486,14814,15535,8627,10461,2844,5399,501,411,724,1081,902,1984,1194,2791,1649,2431,1933,1665,4859,5826,2551,4800,76683,25504,9333,5423,27427,4132,243,2,1
2021-05-15T23:59:59+02:00,2,3,1432,1503,2756,3405,3796,5339,5833,7916,10287,11191,14729,15473,8608,10432,2838,5390,501,409,720,1079,902,1980,1189,2790,1643,2426,1921,1653,4852,5820,2551,4798,73936,25442,9333,5423,27420,4127,242,2,1
2021-05-14T23:59:59+02:00,2,3,1398,1440,2645,3308,3644,5182,5634,7627,10067,10938,14694,15435,8595,10409,2835,5386,452,368,649,913,829,1694,1061,2380,1462,2101,1887,1613,4849,5812,2550,4794,72291,25379,9314,5421,27397,2376,238,2,1
2021-05-13T23:59:59+02:00,2,3,1341,1372,2543,3224,3475,5045,5415,7421,9840,10759,14668,15406,8585,10406,2833,5383,445,356,622,885,727,1587,961,2295,1197,1888,1168,1033,4629,5577,2542,4761,71128,25259,9001,2880,27367,2311,223,2,1
2021-05-12T23:59:59+02:00,2,3,1334,1362,2526,3218,3457,5031,5394,7408,9825,10748,14666,15402,8583,10404,2832,5383,445,355,621,884,723,1585,956,2295,1193,1882,1149,1024,4616,5539,2508,4692,71012,25057,8977,2880,27365,2308,222,2,1
2021-05-11T23:59:59+02:00,2,2,1292,1320,2453,3136,3343,4904,5198,7261,9538,10440,14618,15344,8571,10384,2828,5374,439,342,603,870,700,1568,928,2271,1167,1856,1094,988,4553,5441,2465,4568,69672,24565,8854,2862,27280,2226,200,2,1
2021-05-10T23:59:59+02:00,2,2,1270,1293,2389,3059,3216,4778,5067,7103,9213,10060,14572,15305,8562,10365,2823,5372,438,340,590,861,686,1553,916,2255,1149,1842,1059,954,4491,5365,2424,4450,68316,24150,8732,2859,27211,2174,190,2,1
2021-05-09T23:59:59+02:00,2,2,1255,1276,2347,3044,3137,4742,5003,7070,9147,10015,14559,15290,8560,10360,2823,5370,430,338,576,856,663,1533,894,2235,1137,1828,1040,938,4478,5327,2408,4407,68077,23987,8656,2857,27163,2140,104,2,1
2021-05-08T23:59:59+02:00,1,2,1253,1272,2333,3032,3119,4731,4963,7055,9123,10007,14558,15290,8560,10359,2823,5370,430,338,575,856,662,1533,894,2234,1136,1827,1040,938,4477,5327,2408,4407,67934,23985,8650,2854,27161,2139,104,2,1
2021-05-07T23:59:59+02:00,1,2,1233,1251,2293,2991,3067,4683,4864,6963,8898,9760,14541,15267,8554,10353,2820,5366,382,312,543,788,625,1371,824,2027,1046,1638,1010,909,4456,5305,2406,4402,67023,23880,8643,2850,27135,1210,104,2,1
2021-05-06T23:59:59+02:00,1,2,1086,1159,2065,2748,2768,4372,4493,6562,8307,9153,14261,15028,8514,10296,2817,5365,381,308,530,769,608,1339,805,1992,1013,1610,983,877,4446,5291,2404,4398,63384,23750,8515,2799,26999,1108,97,2,1
2021-05-05T23:59:59+02:00,1,1,1021,1107,1953,2635,2608,4200,4197,6283,7290,7967,14175,14929,8479,10255,2804,5345,378,305,523,759,593,1330,771,1978,987,1590,910,814,4405,5219,2396,4382,59854,23429,8469,2778,26875,1083,50,2,1
2021-05-04T23:59:59+02:00,1,1,999,1087,1901,2596,2506,4132,3977,6169,7009,7749,13669,14362,8448,10222,2799,5336,375,304,518,755,581,1325,754,1959,971,1583,892,790,4384,5203,2393,4373,57795,23294,8410,2763,26714,1061,42,2,1
2021-05-03T23:59:59+02:00,1,1,967,1050,1839,2543,2400,4021,3776,6051,6651,7447,13133,13736,8411,10184,2792,5321,369,303,516,749,570,1318,745,1948,957,1570,866,766,4366,5185,2387,4360,55366,23182,8384,2752,26571,1040,1,2,1
2021-05-02T23:59:59+02:00,1,1,962,1049,1820,2537,2371,4012,3731,6041,6615,7438,13132,13735,8411,10183,2792,5321,369,303,513,749,569,1316,740,1948,956,1566,864,762,4364,5181,2387,4360,55227,23163,8378,2750,26544,1033,1,2,1
2021-05-01T23:59:59+02:00,1,1,962,1047,1812,2533,2359,4004,3718,6033,6601,7429,13131,13732,8411,10183,2792,5321,369,303,513,749,569,1316,739,1947,954,1566,864,762,4364,5181,2387,4360,55149,23163,8376,2746,26542,1033,1,2,1
2021-04-30T23:59:59+02:00,0,1,946,1042,1792,2517,2338,3969,3681,6000,6522,7375,13036,13628,8410,10178,2789,5309,319,248,472,673,540,1137,708,1723,920,1362,853,744,4360,5178,2387,4360,54651,23149,8375,2741,26504,93,1,2,1
2021-04-29T23:59:59+02:00,0,1,892,1017,1736,2467,2274,3910,3533,5876,6284,7152,12775,13354,8388,10149,2785,5302,312,246,462,666,537,1129,701,1712,909,1352,845,729,4351,5170,2387,4358,53054,23059,8359,2735,26479,71,1,2,1
2021-04-28T23:59:59+02:00,0,1,831,983,1656,2404,2130,3799,3249,5623,5681,6645,11938,12435,8329,10060,2761,5265,311,243,460,659,529,1116,690,1691,899,1345,830,713,4332,5143,2385,4358,48996,22936,8352,2716,26439,51,1,2,1
2021-04-27T23:59:59+02:00,0,1,822,978,1638,2383,2085,3780,3178,5598,5555,6521,11909,12418,8327,10058,2761,5263,310,241,454,657,521,1110,681,1679,889,1339,819,701,4328,5137,2384,4352,48517,22858,8347,2700,26408,43,1,2,1
2021-04-26T23:59:59+02:00,0,1,812,966,1612,2365,2025,3739,3000,5520,5223,6235,11344,11773,8272,9993,2756,5253,308,240,453,656,516,1104,670,1673,880,1328,810,692,4323,5132,2384,4348,46184,22807,8338,2671,26365,38,1,1,1
2021-04-25T23:59:59+02:00,0,1,802,964,1595,2359,1987,3722,2874,5497,5129,6230,11340,11769,8268,9987,2755,5252,307,239,453,656,516,1097,670,1671,877,1326,810,691,4323,5132,2384,4348,45855,22801,8332,2667,26342,31,1,1,1
2021-04-24T23:59:59+02:00,0,1,788,954,1573,2339,1947,3677,2777,5428,4786,5906,10726,11044,8237,9928,2754,5250,307,239,453,656,516,1096,669,1669,876,1326,805,687,4313,5116,2382,4347,43446,22764,8331,2662,26336,30,1,1,1
2021-04-23T23:59:59+02:00,0,1,783,946,1560,2329,1917,3650,2738,5375,4625,5720,10417,10662,8197,9886,2751,5241,307,238,453,656,516,1095,668,1669,874,1326,805,686,4310,5113,2382,4347,42145,22753,8330,2661,26321,30,1,1,1
2021-04-22T23:59:59+02:00,0,1,766,932,1532,2286,1867,3581,2651,5284,4472,5566,10273,10468,8183,9855,2749,5233,307,237,451,645,514,1089,662,1661,868,1317,799,682,4307,5111,2382,4345,41144,22717,8302,2637,26251,22,1,1,1
2021-04-21T23:59:59+02:00,0,1,755,920,1507,2274,1815,3536,2546,5196,4087,5146,9676,9784,8134,9791,2745,5222,305,237,449,644,514,1088,658,1658,863,1312,786,670,4297,5097,2382,4341,38625,22667,8286,2613,26222,20,1,1,1
2021-04-20T23:59:59+02:00,0,1,748,908,1486,2247,1784,3505,2496,5138,3950,5051,9479,9564,8117,9781,2741,5219,305,236,449,643,513,1086,657,1654,860,1306,780,665,4293,5092,2382,4341,37790,22635,8274,2607,26149,20,1,1,0
2021-04-19T23:59:59+02:00,0,1,741,899,1478,2239,1765,3487,2464,5111,3885,4992,9108,9147,8092,9756,2738,5213,305,234,448,639,511,1083,654,1652,856,1302,775,659,4284,5090,2382,4339,36760,22597,8262,2596,26092,20,1,1,0
2021-04-18T23:59:59+02:00,0,1,737,896,1473,2233,1747,3480,2445,5099,3877,4990,9098,9136,8092,9755,2738,5213,304,234,448,636,510,1079,652,1649,853,1302,774,657,4284,5088,2382,4339,36700,22589,8242,2582,26066,20,1,1,0
2021-04-17T23:59:59+02:00,0,1,721,890,1385,2223,1647,3468,2408,5069,3796,4912,8383,8414,8076,9742,2738,5213,304,234,446,634,509,1078,651,1649,852,1299,774,657,4283,5088,2382,4339,36692,22577,8242,2582,24150,20,1,1,0
2021-04-16T23:59:59+02:00,0,1,706,872,1256,2200,1495,3445,2322,5003,3634,4747,7043,6863,8041,9693,2725,5181,304,233,441,626,505,1074,641,1647,848,1289,764,651,4277,5074,2379,4337,35313,22500,8232,2578,21680,12,1,1,0
2021-04-15T23:59:59+02:00,0,1,685,862,1245,2187,1474,3427,2264,4966,3562,4695,6605,6364,8000,9629,2701,5106,297,227,427,615,488,1060,607,1620,813,1259,673,590,3779,4562,2355,4301,33989,22441,8177,1224,21605,8,1,1,0
2021-04-14T23:59:59+02:00,0,1,680,858,1226,2173,1442,3408,2219,4929,3430,4601,5264,4959,7949,9564,2679,5069,289,222,424,609,481,1057,600,1612,808,1256,658,574,3766,4552,2351,4296,30756,22353,8165,1195,21528,7,1,1,0
2021-04-13T23:59:59+02:00,0,1,677,858,1217,2168,1426,3406,2211,4918,3410,4586,5245,4942,7943,9561,2678,5067,289,221,422,607,478,1054,598,1608,797,1253,640,569,3764,4549,2351,4296,30675,22332,8144,1157,21493,7,1,1,0
2021-04-12T23:59:59+02:00,0,1,672,850,1204,2158,1410,3395,2176,4903,3379,4562,5220,4927,7930,9549,2675,5034,288,220,420,607,476,1048,596,1604,789,1245,635,566,3758,4548,2351,4296,30542,22304,8099,1136,21402,7,1,1,0
2021-04-11T23:59:59+02:00,0,1,664,846,1188,2146,1392,3380,2108,4878,3260,4478,4801,4485,7256,8723,2668,5029,288,220,418,607,474,1046,591,1601,785,1243,631,563,3754,4543,2351,4296,30512,22297,5479,1107,21310,7,1,1,0
2021-04-10T23:59:59+02:00,0,1,664,844,1187,2145,1390,3376,2106,4875,3257,4471,4757,4438,7252,8717,2668,5028,283,217,416,596,461,1030,564,1584,753,1218,559,493,3186,3923,2301,4201,30389,20671,5476,1107,21309,7,1,1,0
2021-04-09T23:59:59+02:00,0,1,660,843,1179,2142,1386,3371,2074,4853,3178,4390,4559,4272,7217,8668,2664,5012,273,210,406,582,442,1014,538,1565,732,1195,479,432,2529,3103,2252,4105,29699,18744,5472,1106,21296,7,1,1,0
2021-04-08T23:59:59+02:00,0,1,650,833,1163,2130,1369,3339,2012,4799,3028,4279,3504,3115,6976,8304,2653,4997,260,202,389,564,418,1000,516,1534,699,1172,458,405,2519,3094,2249,4102,28892,18516,5422,1058,18836,7,1,1,0
2021-04-07T23:59:59+02:00,0,1,643,827,1150,2121,1350,3326,1903,4719,2706,4029,2895,2586,6864,8180,2628,4944,246,195,362,540,380,966,473,1500,664,1144,431,381,2459,3030,2244,4094,26707,18064,5401,1039,18762,6,1,1,0
2021-04-06T23:59:59+02:00,0,1,633,818,1111,2114,1326,3308,1785,4668,2427,3861,2442,2237,6786,8089,2606,4906,222,182,328,513,355,947,436,1477,629,1113,396,339,2404,2955,2238,4084,25103,17591,5384,1021,18629,6,1,1,0
2021-04-05T23:59:59+02:00,0,1,630,816,1100,2109,1320,3305,1776,4658,2412,3844,2150,1891,5662,6770,2604,4905,222,182,327,509,349,941,432,1475,625,1109,393,336,2402,2949,2238,4082,25071,17581,5372,984,15508,6,1,1,0
2021-04-04T23:59:59+02:00,0,1,629,815,1100,2109,1320,3304,1776,4658,2410,3842,2149,1888,5662,6766,2604,4905,222,182,326,509,349,941,431,1475,625,1109,393,336,2401,2949,2238,4082,25062,17578,5372,984,15502,6,1,1,0
2021-04-03T23:59:59+02:00,0,1,629,815,1100,2108,1320,3304,1775,4656,2406,3842,2148,1885,5661,6766,2604,4905,222,182,326,509,349,941,431,1475,624,1109,393,336,2401,2949,2238,4082,25056,17577,5368,984,15499,6,1,1,0
2021-04-02T23:59:59+02:00,0,1,629,814,1100,2108,1316,3303,1772,4651,2405,3839,2140,1876,5649,6750,2600,4893,222,182,326,507,349,940,430,1474,623,1098,391,336,2401,2948,2238,4082,24987,17557,5363,984,15494,6,1,1,0
2021-04-01T23:59:59+02:00,0,1,625,803,1078,2089,1218,3208,1681,4582,2146,3631,1407,1287,5440,6537,2590,4863,218,181,326,506,348,939,429,1472,623,1097,388,334,2401,2948,2238,4078,24876,17545,2852,975,15456,6,1,1,0
2021-03-31T23:59:59+02:00,0,1,623,802,1074,2085,1213,3200,1670,4577,2128,3618,1379,1254,5411,6482,2549,4763,217,181,326,505,347,939,429,1471,622,1095,385,331,2397,2947,2236,4076,24550,17531,2838,967,15439,6,1,1,0
2021-03-30T23:59:59+02:00,0,1,621,795,1069,2081,1207,3195,1660,4563,2121,3603,1332,1208,5324,6351,2502,4608,217,180,326,504,344,935,424,1468,615,1084,370,320,2294,2794,2113,3849,24013,16906,2816,925,15411,6,1,0,0
2021-03-29T23:59:59+02:00,0,1,619,793,1066,2073,1197,3189,1653,4551,2108,3590,1296,1177,5260,6256,2448,4474,216,179,324,502,342,933,422,1463,610,1079,363,315,2069,2527,1886,3469,23568,15771,2789,922,15393,6,1,0,0
2021-03-28T23:59:59+02:00,0,1,619,790,1064,2067,1194,3182,1648,4540,2102,3585,1280,1168,5249,6234,2436,4441,214,179,323,499,333,929,419,1456,607,1067,356,303,2064,2513,1885,3466,23458,15743,2771,867,15370,3,1,0,0
2021-03-27T23:59:59+01:00,0,1,566,729,984,1999,1113,3063,1530,4415,2000,3503,1211,1098,4646,5501,2436,4441,212,178,323,499,333,929,415,1454,606,1064,355,303,2063,2512,1885,3466,23441,15727,2766,867,13028,3,1,0,0
2021-03-26T23:59:59+01:00,0,1,563,724,977,1988,1111,3057,1520,4408,1983,3495,1167,1067,4616,5467,2435,4437,211,175,323,497,330,928,413,1453,601,1057,347,298,1658,1976,1460,2739,23245,13602,2756,861,13014,3,1,0,0
2021-03-25T23:59:59+01:00,0,1,560,718,964,1980,1108,3048,1513,4396,1968,3485,1157,1057,4608,5462,2435,4435,210,172,321,496,328,923,410,1447,597,1048,343,294,1561,1854,1423,2663,23199,13249,2748,838,12947,3,1,0,0
2021-03-24T23:59:59+01:00,0,1,558,712,956,1969,1095,3032,1484,4377,1954,3477,1122,1027,4581,5427,2430,4430,209,172,320,495,324,919,406,1439,587,1030,330,284,1233,1471,1267,2394,23058,12099,2722,778,12851,3,1,0,0
2021-03-23T23:59:59+01:00,0,1,556,707,951,1956,1091,3022,1477,4363,1944,3469,1109,1016,4562,5413,2430,4426,208,172,318,492,315,916,405,1439,581,1026,322,277,994,1205,1151,2214,22983,11276,2713,756,12796,3,1,0,0
2021-03-22T23:59:59+01:00,0,1,555,698,946,1942,1085,3013,1468,4347,1930,3459,1106,1012,4557,5412,2430,4426,207,172,317,490,314,914,402,1436,578,1022,318,273,993,1201,1151,2211,22958,11260,2697,736,12731,3,1,0,0
2021-03-21T23:59:59+01:00,0,1,552,695,943,1934,1082,3009,1460,4334,1918,3452,1103,1011,4557,5410,2430,4426,206,172,317,489,312,910,402,1431,572,1020,308,268,989,1196,1150,2211,22954,11257,2684,693,12678,3,1,0,0
2021-03-20T23:59:59+01:00,0,1,547,688,938,1917,1065,2992,1432,4316,1884,3423,1031,940,3971,4770,2378,4326,206,172,317,489,312,910,402,1431,572,1020,308,268,989,1196,1149,2210,21279,11255,2683,693,12656,3,1,0,0
2021-03-19T23:59:59+01:00,0,1,538,679,920,1889,1038,2972,1396,4290,1858,3392,944,875,3290,3930,2327,4227,203,172,315,489,311,907,400,1429,568,1013,305,267,976,1183,1118,2170,19281,11232,2672,591,12612,3,1,0,0
2021-03-18T23:59:59+01:00,0,1,525,667,903,1863,1015,2946,1356,4249,1814,3339,846,811,2774,3395,2304,4193,198,170,312,485,308,897,396,1423,566,1008,302,260,870,1086,1005,1977,19202,10846,1264,414,12534,3,1,0,0
2021-03-17T23:59:59+01:00,0,1,523,657,894,1843,1002,2925,1333,4227,1797,3323,816,786,2686,3304,2298,4188,196,169,310,483,305,896,389,1419,563,1004,299,255,628,811,699,1526,18893,9918,1225,34,12484,0,1,0,0
2021-03-16T23:59:59+01:00,0,1,521,648,885,1822,981,2909,1316,4215,1773,3307,787,775,2638,3223,2296,4183,196,169,308,483,303,893,386,1417,560,999,293,251,380,571,508,1216,18685,8906,1185,28,12410,0,0,0,0
2021-03-15T23:59:59+01:00,0,1,521,638,880,1802,970,2887,1311,4208,1765,3298,781,771,2635,3222,2296,4183,195,169,307,482,302,893,386,1416,557,999,293,251,380,570,507,1216,18670,8899,1162,25,12337,0,0,0,0
2021-03-14T23:59:59+01:00,0,1,520,632,873,1790,963,2880,1301,4195,1755,3285,776,767,2630,3219,2296,4183,195,169,306,482,301,891,384,1414,557,999,292,251,380,570,507,1216,18665,8896,1132,19,12269,0,0,0,0
2021-03-13T23:59:59+01:00,0,1,499,581,780,1529,832,2497,1107,3632,1473,2857,697,678,2527,3093,2295,4182,195,169,306,482,301,891,384,1414,557,999,292,251,380,570,507,1216,18661,8896,1132,19,9467,0,0,0,0
2021-03-12T23:59:59+01:00,0,1,484,498,716,1260,741,2101,935,2944,1226,2263,556,526,2483,3048,2295,4182,195,167,306,482,301,889,383,1414,557,996,292,250,367,550,458,1151,18632,8739,1131,19,6496,0,0,0,0
2021-03-11T23:59:59+01:00,0,1,460,462,682,1189,694,1995,875,2799,1144,2151,500,466,2469,3036,2294,4180,195,167,305,480,300,888,383,1411,556,996,292,249,354,533,409,1106,18435,8608,1083,16,5879,0,0,0,0
2021-03-10T23:59:59+01:00,0,1,446,452,649,1155,654,1962,833,2763,1111,2122,481,450,2455,3016,2293,4176,191,165,301,473,300,887,378,1405,550,989,288,243,229,434,176,837,18159,7836,1063,10,5797,0,0,0,0
2021-03-09T23:59:59+01:00,0,1,430,435,618,1125,631,1942,810,2735,1089,2098,459,429,2361,2873,2167,3944,191,165,299,471,299,886,377,1402,550,986,286,242,229,434,175,836,17390,7828,1046,0,5711,0,0,0,0
2021-03-08T23:59:59+01:00,0,1,417,414,596,1095,613,1920,794,2710,1067,2072,437,401,2130,2597,1938,3562,191,164,299,469,298,881,377,1396,550,984,285,240,229,433,175,836,16139,7807,1017,0,5608,0,0,0,0
2021-03-07T23:59:59+01:00,0,1,416,413,589,1077,599,1912,791,2697,1062,2062,436,400,2125,2589,1937,3559,191,164,298,468,298,880,377,1393,550,983,285,240,229,433,175,836,16111,7800,1007,0,5547,0,0,0,0
2021-03-06T23:59:59+01:00,0,1,416,410,586,1064,596,1910,784,2690,1058,2055,435,400,2125,2589,1937,3559,191,164,298,468,298,880,377,1393,550,982,284,240,229,433,175,836,16103,7798,1007,0,5505,0,0,0,0
2021-03-05T23:59:59+01:00,0,1,410,395,580,1052,591,1901,779,2680,1051,2047,421,392,1701,2024,1501,2802,188,159,294,468,295,878,375,1390,548,978,284,240,229,433,175,836,13864,7770,1007,0,5457,0,0,0,0
2021-03-04T23:59:59+01:00,0,1,400,370,552,1013,572,1844,750,2626,1030,1998,417,388,1608,1905,1461,2725,177,151,283,457,294,870,373,1376,546,974,283,240,229,433,175,836,13506,7697,1001,0,5153,0,0,0,0
2021-03-03T23:59:59+01:00,0,1,397,364,545,982,554,1812,726,2578,1012,1958,409,382,1282,1525,1302,2451,176,150,282,456,293,869,369,1369,543,967,281,238,228,432,173,831,12342,7657,992,0,4946,0,0,0,0
2021-03-02T23:59:59+01:00,0,1,393,359,537,948,540,1792,717,2554,1001,1939,398,372,1036,1256,1182,2268,176,148,281,446,289,863,369,1360,543,961,281,238,228,432,173,831,11511,7619,955,0,4827,0,0,0,0
2021-03-01T23:59:59+01:00,0,1,391,352,528,925,521,1761,708,2530,990,1922,394,365,1035,1249,1182,2264,176,146,281,437,286,853,366,1345,540,955,279,236,227,431,173,831,11491,7562,920,0,4707,0,0,0,0
2021-02-28T23:59:59+01:00,0,1,386,349,525,917,513,1750,704,2518,985,1907,389,360,1035,1247,1182,2264,174,145,281,436,286,852,366,1345,539,955,279,236,227,431,173,831,11485,7556,892,0,4655,0,0,0,0
2021-02-27T23:59:59+01:00,0,1,385,347,520,910,511,1744,701,2509,982,1905,388,359,1035,1247,1181,2264,174,145,281,436,286,852,366,1345,538,955,279,236,227,431,173,831,11484,7555,892,0,4613,0,0,0,0
2021-02-26T23:59:59+01:00,0,1,338,301,452,738,435,1436,574,2092,811,1564,360,329,1035,1244,1181,2264,174,143,281,432,284,844,364,1337,536,952,279,236,227,431,173,831,11473,7524,881,0,2801,0,0,0,0
2021-02-25T23:59:59+01:00,0,1,318,292,441,717,423,1400,559,2044,793,1532,352,321,949,1152,1107,2138,123,130,261,427,275,832,352,1321,531,945,279,234,227,431,173,831,11062,7372,851,0,2626,0,0,0,0
2021-02-24T23:59:59+01:00,0,1,313,286,436,701,416,1365,543,1996,771,1488,345,308,739,918,920,1829,123,124,259,421,272,822,350,1308,524,939,277,232,225,430,173,829,10113,7308,810,0,2452,0,0,0,0
2021-02-23T23:59:59+01:00,0,1,311,274,428,687,405,1341,535,1962,752,1469,331,298,486,669,727,1522,123,123,258,419,270,816,350,1302,523,931,276,231,224,430,171,828,9100,7275,765,0,2333,0,0,0,0
2021-02-22T23:59:59+01:00,0,1,311,273,427,680,404,1336,531,1951,747,1465,331,296,485,667,727,1521,123,118,253,409,269,799,346,1277,518,923,272,230,224,430,171,828,9095,7190,754,0,2304,0,0,0,0
2021-02-21T23:59:59+01:00,0,1,308,272,425,674,401,1327,528,1943,741,1461,320,291,481,662,725,1521,123,118,252,408,269,796,343,1274,510,920,271,229,223,429,170,817,9090,7152,712,0,2279,0,0,0,0
2021-02-20T23:59:59+01:00,0,1,308,269,425,672,401,1319,527,1934,739,1457,320,291,481,662,725,1521,123,118,252,408,269,796,343,1274,509,920,271,229,223,429,170,817,9090,7151,712,0,2250,0,0,0,0
2021-02-19T23:59:59+01:00,0,0,262,243,393,596,367,1150,469,1721,630,1247,311,275,455,626,643,1412,123,118,252,408,268,796,343,1274,509,920,271,229,223,429,170,817,8868,7150,605,0,1327,0,0,0,0
2021-02-18T23:59:59+01:00,0,0,261,238,385,587,356,1128,456,1703,620,1240,311,273,401,578,530,1280,120,115,248,402,261,789,340,1265,506,919,269,227,223,429,170,817,8680,7100,424,0,1243,0,0,0,0
2021-02-17T23:59:59+01:00,0,0,255,234,373,573,349,1119,433,1687,612,1228,306,266,240,442,185,861,112,102,245,396,256,773,334,1249,500,908,265,224,222,429,170,817,7943,7002,32,0,1188,0,0,0,0
2021-02-16T23:59:59+01:00,0,0,253,232,362,571,339,1110,425,1673,607,1221,303,263,239,441,185,861,83,89,225,370,245,743,316,1209,468,873,243,209,214,409,169,810,7934,6675,28,0,1123,0,0,0,0
2021-02-15T23:59:59+01:00,0,0,251,232,360,566,337,1104,423,1661,604,1215,303,263,239,440,184,861,82,87,221,359,238,731,306,1182,452,850,230,202,201,385,162,753,7927,6441,25,0,1091,0,0,0,0
2021-02-14T23:59:59+01:00,0,0,250,230,354,563,333,1095,419,1655,601,1212,303,263,239,440,184,861,78,85,214,354,235,723,301,1169,448,835,229,200,201,374,162,743,7917,6351,20,0,1065,0,0,0,0
2021-02-13T23:59:59+01:00,0,0,250,230,354,563,333,1095,417,1655,601,1211,302,263,239,440,184,861,78,85,214,354,235,723,301,1169,448,835,229,200,201,374,162,743,7915,6351,20,0,1063,0,0,0,0
2021-02-12T23:59:59+01:00,0,0,194,169,306,485,306,899,384,1417,564,998,294,248,238,440,184,861,75,84,211,353,233,720,295,1165,445,830,225,197,201,372,162,743,7902,6311,20,0,65,0,0,0,0
2021-02-11T23:59:59+01:00,0,0,192,168,300,474,302,885,378,1398,554,990,294,248,238,440,184,861,74,81,200,327,223,676,275,1114,427,780,224,194,201,367,162,740,7862,6065,17,0,27,0,0,0,0
2021-02-10T23:59:59+01:00,0,0,190,161,296,470,299,880,372,1387,550,982,292,246,236,439,184,859,69,75,183,299,212,616,258,1029,402,727,215,179,187,337,147,689,7819,5624,11,0,13,0,0,0,0
2021-02-09T23:59:59+01:00,0,0,185,154,292,462,298,871,372,1377,548,973,289,245,236,439,183,858,60,60,145,236,183,511,220,837,346,592,194,153,165,301,137,612,7774,4752,2,0,6,0,0,0,0
2021-02-08T23:59:59+01:00,0,0,179,147,288,450,293,861,368,1357,541,966,285,241,235,438,181,854,33,47,100,146,134,284,161,457,252,386,163,125,136,243,112,508,7676,3287,2,0,6,0,0,0,0
2021-02-07T23:59:59+01:00,0,0,177,145,285,449,292,859,367,1356,540,965,284,240,235,438,181,854,19,40,82,124,129,263,152,423,236,360,153,120,126,232,105,470,7666,3034,1,0,0,0,0,0,0
2021-02-06T23:59:59+01:00,0,0,177,145,285,449,292,859,367,1356,540,965,284,240,235,438,181,854,19,37,80,121,119,248,141,406,205,339,138,116,125,227,104,459,7666,2884,1,0,0,0,0,0,0
2021-02-05T23:59:59+01:00,0,0,177,143,285,445,291,848,365,1348,536,962,284,239,235,438,181,853,18,33,76,116,112,234,135,379,188,321,133,111,121,222,96,442,7629,2737,1,0,0,0,0,0,0
2021-02-04T23:59:59+01:00,0,0,169,138,284,441,284,839,361,1337,527,953,283,237,234,437,181,851,11,20,50,78,83,177,113,288,155,263,115,97,109,206,86,398,7556,2249,0,0,0,0,0,0,0
2021-02-03T23:59:59+01:00,0,0,151,131,274,435,281,832,359,1326,527,951,283,237,233,437,181,850,11,18,42,67,74,142,89,256,134,222,96,83,94,177,78,350,7488,1933,0,0,0,0,0,0,0
2021-02-02T23:59:59+01:00,0,0,131,126,262,433,278,824,354,1320,526,944,282,237,232,437,180,849,11,15,34,61,62,120,74,212,103,172,64,58,69,114,53,225,7415,1447,0,0,0,0,0,0,0
2021-02-01T23:59:59+01:00,0,0,126,121,257,418,276,807,352,1295,520,932,277,235,232,437,180,849,4,9,19,33,31,66,45,118,59,71,29,29,29,48,28,109,7314,727,0,0,0,0,0,0,0
2021-01-31T23:59:59+01:00,0,0,125,118,255,415,275,803,349,1289,515,930,277,232,231,436,180,849,4,6,14,23,26,47,32,72,39,43,15,9,14,28,22,63,7279,457,0,0,0,0,0,0,0
2021-01-30T23:59:59+01:00,0,0,125,118,255,415,275,802,349,1288,514,930,277,232,231,436,180,849,4,6,13,20,23,40,27,64,36,41,15,9,14,28,22,63,7276,425,0,0,0,0,0,0,0
2021-01-29T23:59:59+01:00,0,0,125,118,255,415,274,802,349,1288,514,930,277,232,231,436,180,849,4,6,7,18,21,31,22,56,32,38,15,9,14,27,21,62,7275,383,0,0,0,0,0,0,0
2021-01-28T23:59:59+01:00,0,0,123,115,251,408,270,795,346,1281,510,929,277,232,231,436,180,849,1,3,2,8,13,13,12,27,12,23,11,5,7,14,7,25,7233,183,0,0,0,0,0,0,0
2021-01-27T23:59:59+01:00,0,0,115,105,249,403,267,786,341,1274,504,922,272,229,230,435,180,849,0,0,1,4,9,11,8,20,10,17,10,5,7,14,7,25,7161,148,0,0,0,0,0,0,0
2021-01-26T23:59:59+01:00,0,0,88,93,231,386,259,761,328,1236,478,891,252,217,220,417,180,841,0,0,1,4,9,11,8,20,10,17,10,5,7,14,7,25,6878,148,0,0,0,0,0,0,0
2021-01-25T23:59:59+01:00,0,0,85,88,229,366,246,742,314,1203,460,866,235,210,209,395,175,785,0,0,1,4,9,9,7,13,7,13,10,5,7,14,7,25,6608,131,0,0,0,0,0,0,0
2021-01-24T23:59:59+01:00,0,0,85,86,225,362,245,737,311,1190,458,851,234,208,209,384,175,774,0,0,1,4,9,9,7,13,7,13,10,5,7,14,7,25,6534,131,0,0,0,0,0,0,0
2021-01-23T23:59:59+01:00,0,0,85,86,225,362,245,737,311,1190,458,851,234,208,209,384,175,774,0,0,1,4,9,9,7,13,7,13,10,5,7,14,7,25,6534,131,0,0,0,0,0,0,0
2021-01-22T23:59:59+01:00,0,0,85,85,223,360,245,734,308,1186,454,848,232,207,209,383,175,774,0,0,1,4,9,9,7,13,7,13,10,5,7,14,7,25,6508,131,0,0,0,0,0,0,0
2021-01-21T23:59:59+01:00,0,0,85,82,209,331,235,690,283,1136,439,814,231,203,208,377,174,771,0,0,1,2,7,8,6,12,6,11,10,5,7,14,7,25,6268,121,0,0,0,0,0,0,0
2021-01-20T23:59:59+01:00,0,0,79,76,194,308,223,624,269,1043,410,753,222,191,194,346,160,719,0,0,1,2,7,8,6,12,6,11,10,5,7,14,7,25,5811,121,0,0,0,0,0,0,0
2021-01-19T23:59:59+01:00,0,0,71,66,155,259,203,561,243,920,369,644,201,165,168,304,146,629,0,0,1,2,3,7,6,11,4,9,7,4,7,14,7,25,5104,107,0,0,0,0,0,0,0
2021-01-18T23:59:59+01:00,0,0,59,59,132,216,182,458,216,763,329,551,182,144,143,253,124,540,0,0,0,1,2,4,3,6,2,7,6,4,7,14,7,23,4351,86,0,0,0,0,0,0,0
2021-01-17T23:59:59+01:00,0,0,40,47,108,186,167,399,199,677,304,496,173,137,130,236,107,480,0,0,0,0,2,4,2,6,2,5,4,4,7,14,6,23,3886,79,0,0,0,0,0,0,0
2021-01-16T23:59:59+01:00,0,0,33,44,108,183,157,383,184,657,273,474,157,132,129,230,106,468,0,0,0,0,0,0,0,0,0,0,0,0,0,0,0,0,3718,0,0,0,0,0,0,0,0
2021-01-15T23:59:59+01:00,0,0,31,40,104,178,146,369,178,627,254,452,152,123,125,224,97,450,0,0,0,0,0,0,0,0,0,0,0,0,0,0,0,0,3550,0,0,0,0,0,0,0,0
2021-01-14T23:59:59+01:00,0,0,13,23,51,78,84,173,114,290,149,263,124,104,111,207,85,405,0,0,0,0,0,0,0,0,0,0,0,0,0,0,0,0,2274,0,0,0,0,0,0,0,0
2021-01-13T23:59:59+01:00,0,0,12,20,41,67,76,138,92,260,124,226,95,82,91,166,67,324,0,0,0,0,0,0,0,0,0,0,0,0,0,0,0,0,1881,0,0,0,0,0,0,0,0
2021-01-12T23:59:59+01:00,0,0,12,15,37,63,63,114,77,211,95,172,62,54,61,100,39,189,0,0,0,0,0,0,0,0,0,0,0,0,0,0,0,0,1364,0,0,0,0,0,0,0,0
2021-01-11T23:59:59+01:00,0,0,4,10,26,45,39,83,56,141,58,85,32,28,25,40,18,81,0,0,0,0,0,0,0,0,0,0,0,0,0,0,0,0,771,0,0,0,0,0,0,0,0
2021-01-10T23:59:59+01:00,0,0,3,6,19,32,34,58,38,94,37,53,15,8,8,19,12,34,0,0,0,0,0,0,0,0,0,0,0,0,0,0,0,0,470,0,0,0,0,0,0,0,0
2021-01-09T23:59:59+01:00,0,0,3,6,18,28,33,54,33,84,35,52,15,8,8,19,12,34,0,0,0,0,0,0,0,0,0,0,0,0,0,0,0,0,442,0,0,0,0,0,0,0,0
2021-01-08T23:59:59+01:00,0,0,3,6,15,26,29,43,27,75,31,48,14,8,7,17,11,33,0,0,0,0,0,0,0,0,0,0,0,0,0,0,0,0,393,0,0,0,0,0,0,0,0
2021-01-07T23:59:59+01:00,0,0,1,4,2,9,15,13,14,28,13,24,11,6,7,15,9,26,0,0,0,0,0,0,0,0,0,0,0,0,0,0,0,0,197,0,0,0,0,0,0,0,0
2021-01-06T23:59:59+01:00,0,0,1,0,2,4,13,11,9,22,11,19,11,6,7,15,9,26,0,0,0,0,0,0,0,0,0,0,0,0,0,0,0,0,166,0,0,0,0,0,0,0,0
2021-01-05T23:59:59+01:00,0,0,0,0,1,4,12,11,8,20,10,19,10,6,7,15,9,26,0,0,0,0,0,0,0,0,0,0,0,0,0,0,0,0,158,0,0,0,0,0,0,0,0
2021-01-04T23:59:59+01:00,0,0,0,0,1,4,12,10,7,16,8,17,10,6,7,15,9,26,0,0,0,0,0,0,0,0,0,0,0,0,0,0,0,0,148,0,0,0,0,0,0,0,0
2021-01-03T23:59:59+01:00,0,0,0,0,1,4,11,9,7,13,6,14,10,6,7,15,9,26,0,0,0,0,0,0,0,0,0,0,0,0,0,0,0,0,138,0,0,0,0,0,0,0,0
2021-01-02T23:59:59+01:00,0,0,0,0,1,4,11,9,7,13,6,14,10,6,7,15,9,26,0,0,0,0,0,0,0,0,0,0,0,0,0,0,0,0,138,0,0,0,0,0,0,0,0
2021-01-01T23:59:59+01:00,0,0,0,0,1,4,11,9,7,13,6,14,10,6,7,15,9,26,0,0,0,0,0,0,0,0,0,0,0,0,0,0,0,0,138,0,0,0,0,0,0,0,0
2020-12-31T23:59:59+01:00,0,0,0,0,1,4,11,9,7,13,6,14,10,6,7,15,9,26,0,0,0,0,0,0,0,0,0,0,0,0,0,0,0,0,138,0,0,0,0,0,0,0,0
2020-12-30T23:59:59+01:00,0,0,0,0,1,4,11,9,7,13,6,14,10,6,7,15,9,26,0,0,0,0,0,0,0,0,0,0,0,0,0,0,0,0,138,0,0,0,0,0,0,0,0
2020-12-29T23:59:59+01:00,0,0,0,0,1,4,8,9,7,13,4,12,10,6,7,15,9,26,0,0,0,0,0,0,0,0,0,0,0,0,0,0,0,0,131,0,0,0,0,0,0,0,0
2020-12-28T23:59:59+01:00,0,0,0,0,1,1,5,7,7,7,2,9,10,6,7,15,9,26,0,0,0,0,0,0,0,0,0,0,0,0,0,0,0,0,112,0,0,0,0,0,0,0,0
2020-12-27T23:59:59+01:00,0,0,0,0,0,0,2,4,2,6,1,6,4,5,7,15,8,25,0,0,0,0,0,0,0,0,0,0,0,0,0,0,0,0,85,0,0,0,0,0,0,0,0
