Datum,<15_m,<15_w,15-24_1_m,15-24_1_w,25-34_1_m,25-34_1_w,35-44_1_m,35-44_1_w,45-54_1_m,45-54_1_w,55-64_1_m,55-64_1_w,65-74_1_m,65-74_1_w,75-84_1_m,75-84_1_w,>84_1_m,>84_1_w,<24_2_m,<24_2_w,25-34_2_m,25-34_2_w,35-44_2_m,35-44_2_w,45-54_2_m,45-54_2_w,55-64_2_m,55-64_2_w,65-74_2_m,65-74_2_w,75-84_2_m,75-84_2_w,>84_2_m,>84_2_w,bp_1,bp_2,mo_1,mo_2,az_1,az_2,ja,unb_1,unb_2
2021-09-11T23:59:59+02:00,1606,1500,9506,8943,10589,9861,13098,13511,17207,17600,20456,20509,16304,17009,9033,11006,2834,5457,8804,8307,10109,9281,12614,12894,16636,16975,19937,19914,15983,16649,8849,10746,2780,5328,147545,141133,19791,19249,27936,27074,10751,7,6
2021-09-10T23:59:59+02:00,1605,1499,9502,8939,10580,9854,13086,13506,17202,17593,20454,20506,16303,17008,9033,11006,2834,5457,8800,8304,10103,9273,12604,12888,16630,16970,19934,19912,15983,16648,8849,10745,2780,5328,147516,141114,19790,19243,27936,27074,10719,7,6
2021-09-09T23:59:59+02:00,1602,1494,9487,8934,10569,9842,13078,13495,17193,17587,20443,20499,16300,17007,9031,11004,2833,5455,8791,8300,10096,9264,12602,12880,16620,16966,19926,19908,15981,16646,8847,10740,2779,5326,147439,141062,19788,19243,27936,27074,10684,7,6
2021-09-08T23:59:59+02:00,1565,1445,9443,8876,10538,9807,13051,13458,17163,17563,20424,20477,16285,16993,9027,10998,2833,5453,8768,8285,10076,9248,12583,12865,16607,16957,19912,19902,15975,16641,8846,10735,2779,5326,147036,140940,19787,19239,27936,27074,10634,7,6
2021-09-07T23:59:59+02:00,1547,1420,9422,8853,10519,9787,13043,13448,17154,17552,20418,20472,16281,16990,9026,10993,2832,5451,8759,8277,10066,9246,12575,12863,16603,16950,19908,19899,15975,16640,8846,10732,2779,5326,146862,140899,19786,19237,27936,27070,10618,7,6
2021-09-06T23:59:59+02:00,1534,1408,9399,8830,10498,9766,13035,13434,17144,17538,20409,20455,16279,16987,9025,10993,2831,5451,8753,8267,10057,9239,12570,12853,16597,16944,19903,19892,15973,16639,8842,10729,2779,5325,146690,140836,19785,19233,27934,27069,10601,7,6
2021-09-05T23:59:59+02:00,1530,1405,9391,8818,10489,9761,13030,13428,17141,17531,20403,20453,16276,16984,9025,10992,2831,5451,8747,8261,10050,9229,12565,12847,16591,16938,19895,19889,15971,16637,8842,10728,2779,5325,146638,140784,19784,19233,27934,27066,10577,7,6
2021-09-04T23:59:59+02:00,1529,1405,9390,8816,10488,9761,13029,13427,17141,17531,20401,20451,16276,16984,9025,10992,2831,5451,8747,8261,10049,9228,12564,12847,16590,16937,19894,19889,15971,16637,8842,10728,2779,5325,146632,140779,19781,19233,27934,27066,10575,7,6
2021-09-03T23:59:59+02:00,1519,1393,9370,8799,10475,9749,13024,13417,17126,17520,20389,20441,16271,16978,9024,10987,2831,5448,8731,8251,10037,9221,12557,12840,16574,16927,19891,19881,15967,16630,8841,10724,2779,5322,146533,140729,19778,19232,27934,27066,10510,7,6
2021-09-02T23:59:59+02:00,1508,1384,9317,8768,10417,9698,12953,13361,17077,17481,20331,20399,16239,16951,9014,10976,2830,5443,8686,8227,9978,9176,12489,12791,16530,16894,19831,19840,15935,16607,8834,10716,2779,5318,146414,140673,19776,19228,27933,27064,10018,7,6
2021-09-01T23:59:59+02:00,1504,1368,9299,8755,10400,9689,12941,13348,17067,17468,20322,20396,16235,16945,9007,10972,2830,5442,8667,8205,9963,9160,12478,12780,16519,16883,19815,19829,15931,16603,8831,10710,2779,5317,146308,140538,19765,19226,27933,27063,9976,7,6
2021-08-31T23:59:59+02:00,1487,1350,9283,8726,10389,9675,12931,13340,17062,17457,20315,20388,16230,16941,9005,10967,2830,5442,8651,8189,9957,9148,12463,12768,16508,16878,19812,19822,15927,16601,8830,10707,2779,5317,146149,140415,19764,19223,27933,27060,9966,7,6
2021-08-30T23:59:59+02:00,1466,1333,9262,8703,10375,9659,12919,13325,17050,17438,20303,20380,16226,16938,9003,10965,2830,5441,8622,8176,9943,9137,12451,12750,16495,16863,19803,19814,15920,16595,8828,10702,2777,5315,145983,140278,19764,19218,27930,27051,9932,7,6
2021-08-29T23:59:59+02:00,1465,1332,9259,8697,10369,9650,12916,13320,17041,17433,20299,20375,16223,16933,9003,10965,2830,5440,8619,8169,9934,9127,12446,12744,16487,16859,19799,19811,15917,16588,8827,10702,2777,5314,145964,140259,19764,19216,27930,27045,9885,7,6
2021-08-28T23:59:59+02:00,1464,1332,9256,8693,10369,9649,12915,13319,17041,17432,20299,20374,16223,16933,9003,10965,2830,5440,8615,8169,9932,9127,12445,12743,16487,16858,19799,19810,15917,16588,8827,10702,2777,5314,145956,140253,19764,19214,27930,27045,9880,7,6
2021-08-27T23:59:59+02:00,1454,1321,9244,8685,10364,9643,12912,13317,17038,17426,20294,20369,16222,16931,9002,10965,2830,5440,8607,8162,9929,9121,12437,12741,16484,16851,19798,19809,15915,16587,8826,10701,2777,5314,145881,140203,19764,19212,27930,27040,9875,7,6
2021-08-26T23:59:59+02:00,1451,1320,9236,8681,10359,9637,12903,13316,17035,17424,20292,20364,16219,16928,8999,10960,2829,5440,8597,8150,9923,9116,12429,12738,16479,16849,19796,19804,15912,16583,8823,10698,2776,5314,145859,140173,19762,19212,27930,27034,9835,7,6
2021-08-25T23:59:59+02:00,1438,1296,9134,8625,10277,9565,12815,13241,16917,17340,20199,20308,16173,16890,8984,10940,2824,5429,8513,8097,9845,9054,12339,12674,16376,16776,19710,19750,15868,16544,8809,10678,2771,5301,145619,140031,19761,19211,27930,27032,9078,7,6
2021-08-24T23:59:59+02:00,1419,1271,9102,8595,10263,9546,12786,13212,16887,17304,20185,20292,16158,16880,8979,10934,2824,5426,8489,8083,9828,9042,12324,12662,16364,16760,19702,19739,15862,16539,8809,10676,2771,5300,145332,139908,19759,19208,27930,27032,9035,7,6
2021-08-23T23:59:59+02:00,1401,1246,9063,8557,10249,9528,12755,13192,16868,17286,20172,20268,16147,16868,8968,10928,2823,5421,8465,8067,9803,9024,12308,12655,16351,16751,19692,19723,15855,16532,8805,10671,2770,5297,145077,139812,19759,19206,27930,27011,8967,7,6
2021-08-22T23:59:59+02:00,1401,1246,9053,8552,10242,9522,12754,13188,16865,17280,20169,20265,16144,16865,8964,10928,2823,5420,8449,8060,9796,9012,12304,12650,16348,16744,19690,19719,15852,16528,8801,10669,2770,5296,145064,139781,19759,19203,27930,27008,8921,7,6
2021-08-21T23:59:59+02:00,1401,1245,9048,8552,10241,9519,12751,13187,16864,17280,20168,20264,16144,16865,8964,10928,2823,5420,8326,7978,9692,8919,12216,12540,16259,16673,19635,19675,15832,16513,8798,10658,2769,5294,145058,139777,19756,18301,27930,27007,8913,7,6
2021-08-20T23:59:59+02:00,1400,1243,9040,8550,10234,9511,12744,13177,16861,17278,20161,20260,16142,16865,8964,10926,2822,5419,7965,7652,9541,8756,12071,12401,16137,16561,19527,19579,15793,16464,8786,10634,2767,5293,145026,137673,19756,18301,27930,27006,8878,7,6
2021-08-19T23:59:59+02:00,1395,1241,9029,8544,10227,9501,12735,13172,16856,17277,20156,20258,16141,16863,8964,10925,2822,5418,7706,7385,9410,8651,11929,12282,16045,16453,19431,19490,15751,16415,8776,10614,2766,5285,144985,135946,19753,18295,27929,26997,8850,7,6
2021-08-18T23:59:59+02:00,1370,1209,8983,8506,10200,9472,12708,13138,16826,17254,20129,20229,16128,16849,8957,10919,2818,5413,7692,7375,9398,8643,11915,12266,16030,16444,19423,19481,15745,16408,8772,10610,2763,5282,144677,135896,19740,18294,27926,26996,8758,7,6
2021-08-17T23:59:59+02:00,1345,1196,8946,8473,10185,9451,12695,13114,16811,17234,20108,20207,16120,16840,8954,10912,2816,5408,7677,7360,9381,8636,11906,12257,16023,16433,19412,19475,15740,16403,8771,10608,2762,5280,144440,135829,19737,18289,27925,26990,8706,7,6
2021-08-16T23:59:59+02:00,1322,1178,8909,8448,10165,9431,12671,13090,16801,17215,20088,20192,16115,16828,8950,10911,2816,5408,7670,7349,9365,8634,11896,12251,16021,16428,19403,19468,15737,16400,8771,10608,2762,5280,144205,135793,19735,18285,27925,26988,8666,7,6
2021-08-15T23:59:59+02:00,1304,1161,8888,8429,10153,9415,12655,13078,16788,17205,20074,20180,16109,16822,8950,10906,2816,5408,7658,7339,9350,8619,11883,12241,16014,16420,19397,19464,15730,16396,8770,10605,2762,5280,144055,135742,19734,18281,27923,26969,8622,7,6
2021-08-14T23:59:59+02:00,1303,1161,8888,8429,10152,9415,12654,13075,16788,17204,20073,20178,16109,16822,8950,10906,2816,5408,7341,7046,9205,8453,11708,12078,15895,16290,19303,19378,15704,16372,8761,10592,2762,5276,144048,133754,19734,18279,27923,26961,8619,7,6
2021-08-13T23:59:59+02:00,1298,1159,8875,8419,10141,9407,12642,13066,16773,17195,20065,20170,16105,16816,8948,10905,2815,5408,6956,6688,9032,8294,11503,11864,15679,16109,19162,19256,15670,16333,8750,10578,2760,5272,144018,131287,19734,18279,27923,26958,8525,7,6
2021-08-12T23:59:59+02:00,1298,1159,8874,8415,10134,9401,12638,13065,16767,17186,20061,20164,16104,16812,8946,10903,2815,5408,6950,6681,9019,8286,11492,11862,15668,16102,19158,19249,15668,16327,8748,10577,2760,5272,144001,131254,19733,18276,27923,26940,8486,7,6
2021-08-11T23:59:59+02:00,1295,1155,8871,8409,10124,9396,12630,13061,16762,17182,20056,20162,16102,16809,8945,10903,2815,5407,6944,6671,9004,8276,11481,11858,15662,16095,19150,19243,15664,16324,8747,10577,2760,5270,143956,131194,19730,18269,27923,26927,8468,7,6
2021-08-10T23:59:59+02:00,1294,1155,8867,8407,10119,9391,12628,13057,16761,17180,20055,20157,16101,16807,8945,10902,2815,5407,6899,6627,8973,8261,11462,11837,15637,16083,19143,19233,15662,16322,8747,10575,2760,5270,143930,130953,19730,18265,27923,26921,8458,7,6
2021-08-09T23:59:59+02:00,1294,1153,8860,8406,10114,9384,12627,13055,16754,17178,20049,20157,16099,16807,8944,10902,2815,5407,6880,6605,8953,8245,11450,11827,15621,16072,19137,19229,15659,16321,8745,10574,2760,5270,143904,130826,19730,18261,27921,26912,8443,7,6
2021-08-08T23:59:59+02:00,1294,1152,8857,8400,10112,9380,12618,13052,16749,17174,20047,20154,16097,16804,8943,10901,2814,5406,6877,6593,8936,8237,11434,11820,15614,16063,19135,19226,15656,16318,8744,10573,2759,5269,143893,130778,19729,18254,27921,26909,8404,7,6
2021-08-07T23:59:59+02:00,1294,1144,8848,8392,10101,9373,12616,13045,16742,17170,20041,20149,16093,16799,8941,10901,2813,5406,6224,6024,8664,8013,11164,11588,15415,15889,19051,19150,15636,16294,8737,10566,2756,5268,143845,127691,19728,18242,27921,26908,8367,7,6
2021-08-06T23:59:59+02:00,1288,1143,8838,8380,10086,9361,12596,13027,16724,17158,20024,20136,16086,16791,8941,10898,2813,5405,6210,6009,8648,7998,11140,11568,15393,15873,19034,19138,15629,16287,8737,10563,2756,5267,143807,127640,19726,18236,27921,26906,8234,7,6
2021-08-05T23:59:59+02:00,1285,1141,8831,8373,10077,9352,12582,13019,16718,17155,20017,20132,16085,16791,8941,10897,2813,5405,5924,5772,8299,7702,10777,11295,15072,15637,18785,18971,15609,16264,8727,10556,2755,5266,143759,127555,19722,15535,27917,26873,8209,7,6
2021-08-04T23:59:59+02:00,1284,1138,8825,8370,10072,9349,12575,13015,16713,17153,20015,20129,16084,16791,8940,10896,2813,5404,5910,5765,8271,7691,10758,11284,15056,15630,18780,18966,15606,16261,8726,10556,2754,5266,143728,127457,19721,15527,27916,26858,8194,7,6
2021-08-03T23:59:59+02:00,1277,1135,8821,8360,10067,9344,12570,13012,16708,17151,20010,20127,16082,16791,8939,10894,2813,5403,5797,5651,8178,7622,10641,11206,15007,15578,18751,18951,15602,16259,8725,10554,2752,5264,143683,126729,19719,15519,27916,26829,8179,7,6
2021-08-02T23:59:59+02:00,1271,1129,8807,8352,10059,9337,12565,13006,16703,17142,20003,20123,16080,16788,8937,10891,2812,5402,5626,5492,8046,7517,10517,11091,14936,15498,18719,18926,15594,16250,8718,10554,2751,5264,143602,125663,19713,15516,27915,26798,8170,7,6
2021-08-01T23:59:59+02:00,1269,1128,8800,8343,10052,9330,12559,13004,16698,17140,19998,20121,16079,16788,8936,10889,2812,5402,5565,5435,7995,7468,10455,11040,14901,15473,18706,18909,15592,16247,8716,10551,2751,5262,143556,125227,19710,15513,27914,26777,8161,7,6
2021-07-31T23:59:59+02:00,1269,1128,8799,8340,10052,9329,12557,13004,16697,17140,19997,20119,16079,16788,8936,10888,2812,5402,5540,5415,7979,7456,10439,11027,14888,15467,18703,18906,15591,16246,8716,10551,2751,5262,143553,125101,19709,15510,27914,26776,8153,7,6
2021-07-30T23:59:59+02:00,1138,1008,8569,8111,9959,9211,12475,12920,16618,17066,19938,20051,16047,16749,8930,10871,2811,5399,5249,5138,7841,7313,10251,10836,14751,15301,18636,18850,15566,16218,8700,10537,2746,5258,142096,123270,19707,15501,27914,26758,8147,7,6
2021-07-29T23:59:59+02:00,1131,1000,8440,8022,9799,9113,12322,12819,16472,16971,19774,19941,15961,16681,8905,10852,2810,5392,4952,4904,7561,7119,9971,10634,14503,15125,18439,18732,15481,16144,8673,10516,2745,5248,141979,122160,19704,15459,27914,26732,6801,7,6
2021-07-28T23:59:59+02:00,1120,987,8410,7985,9785,9098,12301,12805,16455,16949,19754,19931,15954,16668,8898,10848,2810,5390,4531,4473,7242,6865,9654,10335,14268,14943,18382,18691,15466,16133,8667,10505,2745,5238,141739,119507,19702,15405,27912,26670,6788,7,6
2021-07-27T23:59:59+02:00,1110,979,8387,7970,9773,9091,12290,12796,16446,16944,19747,19918,15952,16662,8896,10845,2809,5388,4296,4225,7012,6666,9407,10058,14106,14782,18331,18625,15417,16087,8650,10489,2742,5231,141602,117484,19699,15404,27912,26647,6783,7,6
2021-07-26T23:59:59+02:00,1106,976,8373,7958,9766,9086,12284,12791,16439,16936,19740,19917,15949,16657,8894,10841,2808,5383,4188,4113,6910,6556,9282,9933,14024,14701,18286,18591,15406,16076,8640,10481,2739,5229,141524,116579,19695,15395,27901,26589,6777,7,6
2021-07-25T23:59:59+02:00,1105,975,8366,7954,9753,9082,12274,12788,16434,16931,19737,19916,15947,16657,8893,10841,2808,5383,4139,4060,6834,6505,9211,9879,13988,14668,18262,18577,15388,16063,8633,10475,2739,5227,141499,116136,19692,15379,27900,26568,6746,7,6
2021-07-24T23:59:59+02:00,1103,971,8277,7892,9679,9003,12207,12711,16367,16877,19697,19877,15926,16643,8890,10831,2808,5382,4096,4020,6776,6455,9133,9825,13924,14602,18230,18551,15375,16053,8625,10471,2739,5227,141480,115886,19030,15098,27900,26566,6724,7,6
2021-07-23T23:59:59+02:00,1076,946,8164,7802,9641,8968,12173,12682,16322,16842,19667,19858,15920,16637,8885,10827,2808,5382,3802,3733,6514,6244,8852,9538,13688,14426,18150,18494,15333,16009,8607,10452,2736,5221,140981,113626,19030,15074,27900,26560,6682,7,6
2021-07-22T23:59:59+02:00,985,860,7948,7573,9536,8878,12055,12586,16231,16755,19594,19771,15874,16597,8877,10812,2807,5376,3675,3606,6359,6152,8700,9408,13526,14284,18077,18427,15311,15984,8599,10443,2736,5220,139517,112478,19029,15002,27893,26467,6669,7,6
2021-07-21T23:59:59+02:00,965,846,7917,7533,9520,8867,12032,12563,16207,16739,19570,19750,15863,16590,8877,10807,2807,5376,3367,3336,6014,5895,8305,9024,13259,14049,17935,18301,15219,15902,8567,10413,2733,5208,139261,109666,19027,14930,27888,26368,6646,7,6
2021-07-20T23:59:59+02:00,964,845,7909,7528,9511,8864,12027,12561,16199,16738,19565,19745,15862,16589,8877,10806,2807,5376,3294,3283,5955,5841,8245,8963,13174,14004,17903,18287,15219,15902,8567,10411,2733,5208,139221,109276,19026,14915,27885,26236,6634,7,6
2021-07-19T23:59:59+02:00,963,845,7903,7528,9507,8858,12022,12559,16194,16732,19563,19745,15861,16586,8877,10804,2807,5375,3244,3248,5908,5802,8188,8919,13117,13977,17857,18275,15219,15900,8567,10409,2733,5207,139191,109008,19025,14899,27885,26111,6621,7,6
2021-07-18T23:59:59+02:00,962,844,7893,7519,9500,8852,12014,12555,16188,16727,19561,19744,15860,16584,8877,10804,2807,5375,3225,3231,5868,5771,8154,8891,13078,13961,17844,18272,15219,15899,8567,10409,2733,5206,139146,108821,19023,14866,27883,26102,6607,7,6
2021-07-17T23:59:59+02:00,846,725,7569,7227,9348,8683,11837,12393,16059,16588,19465,19649,15839,16563,8869,10791,2807,5372,3124,3123,5756,5678,8020,8736,12938,13836,17749,18195,15209,15881,8564,10402,2733,5206,137131,107645,19021,14862,27883,26098,6591,4,6
2021-07-16T23:59:59+02:00,689,573,7173,6902,9158,8526,11644,12183,15855,16412,19323,19521,15810,16526,8860,10777,2806,5370,3062,3062,5680,5614,7908,8632,12821,13702,17671,18121,15187,15865,8560,10400,2732,5206,134646,106755,19021,14857,27882,26092,6555,4,6
2021-07-15T23:59:59+02:00,687,573,7160,6894,9154,8525,11633,12179,15845,16405,19319,19515,15808,16523,8856,10775,2805,5361,3024,3027,5613,5573,7818,8580,12746,13662,17641,18100,15164,15850,8552,10393,2731,5197,134608,106525,19019,14702,27877,25970,6509,4,6
2021-07-14T23:59:59+02:00,685,572,7151,6886,9150,8523,11628,12175,15839,16402,19314,19510,15806,16520,8853,10772,2804,5357,3001,3015,5572,5542,7783,8558,12713,13646,17624,18089,15157,15847,8549,10389,2731,5193,134576,106373,19018,14669,27877,25930,6472,4,6
2021-07-13T23:59:59+02:00,680,569,7127,6869,9138,8507,11618,12161,15828,16381,19305,19503,15797,16516,8849,10762,2799,5349,2943,2964,5508,5474,7622,8423,12459,13428,17467,17959,15138,15836,8537,10376,2726,5182,134448,105150,19018,14616,27874,25894,6414,4,6
2021-07-12T23:59:59+02:00,674,561,7113,6853,9128,8496,11607,12152,15823,16368,19293,19499,15795,16512,8847,10762,2799,5346,2885,2911,5426,5399,7475,8308,12211,13216,17288,17814,15128,15831,8533,10369,2725,5182,134332,103915,19016,14565,27870,25844,6406,4,6
2021-07-11T23:59:59+02:00,673,560,7105,6850,9119,8487,11601,12144,15813,16365,19288,19494,15795,16509,8846,10760,2799,5346,2854,2876,5350,5323,7378,8220,12046,13061,17161,17682,15121,15820,8532,10366,2725,5182,134290,103029,19012,14515,27870,25803,6378,4,6
2021-07-10T23:59:59+02:00,500,403,6536,6301,8892,8303,11360,11950,15656,16233,19233,19445,15787,16499,8842,10755,2798,5345,2823,2842,5299,5280,7297,8139,11944,12961,17083,17615,15105,15804,8529,10355,2722,5180,131591,102331,19012,14513,27870,25795,6361,4,6
2021-07-09T23:59:59+02:00,489,396,6477,6273,8866,8266,11320,11921,15630,16220,19220,19429,15786,16496,8842,10752,2798,5345,2766,2775,5216,5212,7119,7963,11534,12662,16788,17409,15085,15777,8522,10350,2721,5177,131500,101309,18801,13654,27869,25781,6352,4,6
2021-07-08T23:59:59+02:00,484,394,6157,6008,8492,7975,10939,11611,15291,15974,18961,19256,15763,16472,8833,10745,2795,5344,2704,2725,5135,5138,6978,7872,11335,12520,16640,17286,15078,15769,8522,10348,2721,5176,131413,100451,15891,13487,27864,25706,6322,4,6
2021-07-07T23:59:59+02:00,482,390,6142,5995,8469,7959,10924,11594,15280,15964,18960,19251,15761,16468,8832,10743,2795,5342,2656,2670,5046,5080,6842,7779,11103,12340,16478,17153,15070,15763,8518,10343,2721,5176,131301,99431,15882,13366,27862,25658,6302,4,6
2021-07-06T23:59:59+02:00,455,369,6039,5902,8388,7892,10848,11525,15245,15924,18937,19234,15754,16458,8829,10741,2792,5340,2587,2600,4908,4966,6655,7646,10713,11928,16108,16778,15045,15730,8510,10336,2720,5172,130678,97278,15874,13283,27857,25598,6259,4,6
2021-07-05T23:59:59+02:00,414,335,5860,5730,8271,7796,10735,11410,15186,15857,18905,19203,15748,16450,8825,10736,2789,5339,2533,2525,4810,4869,6524,7509,10363,11612,15833,16473,15014,15700,8502,10321,2720,5167,129628,95489,15870,13219,27854,25544,6233,4,6
2021-07-04T23:59:59+02:00,394,305,5786,5651,8214,7741,10668,11354,15155,15826,18891,19184,15742,16447,8824,10734,2789,5337,2514,2495,4749,4823,6465,7458,10226,11503,15732,16401,15010,15694,8500,10320,2719,5167,129124,94925,15864,13151,27849,25508,6201,4,6
2021-07-03T23:59:59+02:00,389,303,5768,5643,8205,7732,10657,11351,15148,15820,18888,19182,15741,16447,8824,10734,2789,5337,2479,2464,4654,4794,6357,7433,10168,11458,15628,16315,14333,14985,8481,10295,2719,5167,129058,94811,15862,13149,27848,23592,6186,4,6
2021-07-02T23:59:59+02:00,345,264,5580,5492,8131,7657,10558,11254,15083,15764,18869,19176,15737,16443,8819,10732,2787,5334,2431,2416,4499,4715,6174,7359,10014,11302,15438,16112,13539,14066,8473,10280,2719,5166,128139,94248,15860,13105,27847,21183,6175,4,6
2021-07-01T23:59:59+02:00,283,210,5363,5311,8002,7546,10420,11129,14954,15669,18823,19151,15729,16436,8814,10726,2787,5333,2313,2295,4323,4542,5938,7109,9234,10618,14808,15642,13514,14036,8468,10275,2715,5164,126849,90755,15850,13010,27846,21098,6137,4,6
2021-06-30T23:59:59+02:00,153,121,4881,4835,7660,7271,10070,10790,14726,15491,18765,19107,15718,16425,8810,10718,2787,5330,2276,2249,4238,4473,5827,7013,9063,10496,14719,15565,13499,14028,8465,10272,2715,5162,123859,90160,15844,12836,27846,20965,6105,4,6
2021-06-29T23:59:59+02:00,117,100,4597,4553,7410,7053,9780,10491,14526,15300,18700,19046,15666,16375,8791,10703,2786,5325,2210,2167,4095,4336,5621,6834,8837,10270,14426,15343,13451,13979,8453,10248,2713,5149,121791,88719,15838,12683,27844,20892,5842,4,6
2021-06-28T23:59:59+02:00,101,79,4460,4408,7305,6942,9657,10362,14435,15193,18655,19003,15650,16359,8777,10692,2783,5323,2125,2040,3912,4130,5339,6492,8453,9759,13894,14807,13333,13889,8435,10224,2710,5137,120768,85512,15829,12601,27841,20827,5742,4,4
2021-06-27T23:59:59+02:00,96,77,4408,4359,7246,6886,9595,10308,14403,15160,18635,18986,15633,16347,8770,10685,2782,5318,2071,2005,3848,4084,5227,6379,8285,9631,13719,14695,13307,13869,8426,10215,2707,5135,120402,84722,15826,12566,27839,20694,5623,4,4
2021-06-26T23:59:59+02:00,83,75,4365,4331,7215,6859,9577,10287,14384,15145,18623,18973,15629,16340,8770,10685,2782,5318,1994,1913,3659,3925,5012,6122,7919,9176,13369,14398,13227,13812,8406,10187,2702,5126,120163,82082,15822,12566,27839,20688,5613,4,4
2021-06-25T23:59:59+02:00,70,62,4052,4004,6947,6620,9286,9992,14161,14957,18539,18917,15583,16294,8751,10666,2780,5311,1929,1829,3495,3806,4820,5891,7594,8762,13060,14063,13177,13756,8393,10162,2696,5120,117753,79735,15794,12535,27839,20683,5602,4,4
2021-06-24T23:59:59+02:00,63,55,3958,3912,6848,6534,9187,9900,14062,14872,18511,18884,15568,16278,8745,10659,2780,5310,1860,1753,3382,3710,4622,5749,7374,8566,12809,13863,12342,12827,8213,9898,2696,5119,117021,78521,15784,12430,27836,18353,5481,4,4
2021-06-23T23:59:59+02:00,49,50,3551,3534,6395,6185,8656,9390,13725,14570,18375,18748,15464,16186,8702,10622,2777,5296,1722,1578,3127,3507,4208,5421,6429,7856,12072,13162,12319,12815,8203,9891,2696,5115,114079,77891,15535,9106,27835,18304,4822,4,4
2021-06-22T23:59:59+02:00,40,42,3479,3463,6319,6126,8553,9313,13673,14524,18341,18731,15453,16179,8701,10617,2777,5293,1682,1524,3024,3405,4067,5271,6177,7672,11464,12457,12229,12723,8186,9858,2692,5107,113454,75567,15531,9025,27833,18146,4802,4,4
2021-06-21T23:59:59+02:00,34,39,3408,3402,6225,6072,8493,9241,13613,14479,18308,18711,15451,16177,8695,10613,2777,5292,1645,1473,2933,3308,3943,5121,5981,7446,10708,11532,11843,12267,7112,8634,2686,5100,112936,72909,15524,8924,27822,15156,4744,4,4
2021-06-20T23:59:59+02:00,34,38,3382,3380,6178,6040,8448,9211,13585,14464,18297,18707,15450,16177,8695,10613,2777,5292,1626,1456,2897,3282,3892,5084,5928,7423,10622,11458,11823,12248,7110,8627,2685,5100,112761,72596,15508,8848,27822,15144,4673,4,4
2021-06-19T23:59:59+02:00,32,36,3355,3356,6149,6019,8419,9192,13561,14458,18291,18702,15450,16176,8695,10613,2777,5292,1622,1444,2892,3273,3884,5079,5914,7418,10611,11451,11823,12248,7110,8626,2685,5100,112572,72517,15502,8848,27822,15142,4673,4,4
2021-06-18T23:59:59+02:00,28,31,3314,3314,6073,5980,8351,9138,13516,14427,18268,18691,15449,16174,8694,10612,2777,5292,1547,1349,2756,3098,3700,4802,5516,7043,9121,9882,11657,12079,7069,8576,2673,5082,112191,67335,15475,8847,27822,15131,4637,4,4
2021-06-17T23:59:59+02:00,26,28,3250,3262,6007,5942,8278,9085,13444,14382,18245,18680,15447,16169,8692,10609,2777,5289,1415,1254,2567,2883,3438,4513,5155,6649,8451,9152,11374,11838,7028,8519,2669,5079,111821,63627,15446,8731,27819,15104,4522,4,4
2021-06-16T23:59:59+02:00,26,25,3197,3201,5895,5876,8160,8991,13317,14296,18178,18645,15441,16160,8692,10606,2777,5289,1318,1198,2426,2775,3254,4356,4871,6378,7373,7860,11283,11731,6997,8482,2656,5061,111184,59865,15372,8685,27816,15073,4396,4,4
2021-06-15T23:59:59+02:00,21,24,3100,3116,5778,5787,7970,8814,13057,14077,18027,18518,15426,16148,8684,10600,2777,5287,1280,1165,2354,2719,3147,4282,4667,6253,7061,7609,10788,11172,6964,8447,2648,5048,109763,57619,15344,8653,27807,15040,4293,4,3
2021-06-14T23:59:59+02:00,20,22,3027,3045,5700,5730,7829,8695,12768,13841,17842,18345,15410,16134,8677,10595,2776,5286,1253,1137,2288,2663,3022,4185,4469,6114,6722,7308,10260,10561,6933,8410,2644,5039,108383,55253,15336,8548,27803,14993,4216,4,2
2021-06-13T23:59:59+02:00,20,22,3009,3014,5634,5692,7766,8629,12628,13705,17737,18223,15404,16125,8676,10592,2775,5286,1243,1124,2257,2649,2985,4174,4425,6094,6690,7292,10256,10554,6933,8409,2644,5039,107646,55112,15325,8542,27799,14953,4163,4,2
2021-06-12T23:59:59+02:00,18,22,2980,2996,5606,5667,7735,8611,12608,13687,17728,18220,15403,16124,8676,10592,2775,5286,1186,1062,2167,2574,2889,4039,4283,5963,6580,7207,10173,10476,6335,7681,2644,5039,107447,54997,15323,8542,27799,12600,4161,4,2
2021-06-11T23:59:59+02:00,18,19,2903,2920,5537,5602,7552,8425,12198,13379,17448,18016,15387,16099,8670,10584,2773,5284,1163,1045,2112,2534,2824,3991,4198,5901,6470,7117,10071,10363,6321,7675,2642,5033,106430,54474,14432,8274,27798,12564,4150,4,2
2021-06-10T23:59:59+02:00,14,17,2847,2879,5438,5551,7419,8342,12012,13241,17311,17899,15382,16095,8670,10583,2772,5283,1124,1020,2037,2468,2722,3914,4028,5771,6228,6905,9820,10095,6301,7647,2636,5027,105512,52913,14358,8270,27793,12474,4088,4,2
2021-06-09T23:59:59+02:00,13,15,2771,2810,5314,5457,7196,8170,11735,12999,17124,17749,15371,16081,8666,10574,2772,5280,1067,958,1905,2350,2518,3733,3700,5486,5607,6398,8999,9194,6244,7571,2621,4992,104306,48915,14206,8252,27784,12381,3797,4,2
2021-06-08T23:59:59+02:00,10,11,2673,2706,5181,5330,7000,7987,11302,12572,16747,17361,15352,16054,8655,10568,2771,5275,1030,929,1838,2286,2412,3660,3557,5420,5459,6269,8966,9175,6242,7561,2619,4988,102103,48409,14179,8203,27782,12314,3487,4,2
2021-06-07T23:59:59+02:00,8,10,2545,2608,4990,5201,6791,7824,10825,12213,16404,17064,15326,16026,8649,10551,2770,5271,959,892,1711,2232,2273,3578,3304,5331,5104,5985,8417,8551,6188,7502,2615,4979,100168,46197,14136,8189,27773,12242,2995,4,2
2021-06-06T23:59:59+02:00,8,8,2510,2584,4929,5142,6704,7768,10688,12103,16312,17000,15323,16022,8649,10551,2768,5270,943,882,1682,2213,2231,3551,3238,5307,5056,5961,8412,8550,6183,7495,2615,4978,99582,46043,14084,8180,27767,12174,2902,4,2
2021-06-05T23:59:59+02:00,7,7,2497,2562,4900,5115,6666,7741,10657,12076,16303,16994,15323,16022,8649,10551,2768,5270,927,867,1650,2186,2192,3499,3136,5225,4701,5633,7814,7847,6155,7442,2614,4976,99357,43661,14084,8175,27765,12132,2898,4,2
2021-06-04T23:59:59+02:00,6,6,2467,2534,4855,5070,6618,7690,10568,11973,16251,16930,15319,16015,8649,10550,2767,5269,915,849,1627,2167,2150,3462,3084,5166,4538,5445,7512,7479,6119,7400,2612,4970,98828,42377,14079,8173,27765,12086,2861,4,2
2021-06-03T23:59:59+02:00,6,6,2362,2403,4702,4899,6411,7440,9866,11338,15661,16481,15308,16005,8646,10544,2766,5268,898,818,1586,2107,2101,3382,2995,5057,4393,5279,7353,7290,6107,7373,2612,4966,95484,41328,14040,8163,27759,12003,2825,4,2
2021-06-02T23:59:59+02:00,6,6,2345,2378,4657,4866,6355,7401,9766,11249,15603,16428,15300,16001,8645,10540,2766,5267,885,806,1568,2084,2049,3346,2910,4971,4031,4890,6796,6652,6063,7317,2608,4956,94957,38993,14038,8159,27759,11960,2821,4,2
2021-06-01T23:59:59+02:00,6,5,2283,2337,4537,4776,6191,7288,9577,11102,15496,16352,15297,15997,8641,10536,2765,5262,853,780,1503,2034,1935,3284,2754,4880,3828,4763,6585,6422,6041,7299,2602,4949,94091,37911,13989,8137,27747,11847,2617,4,2
2021-05-31T23:59:59+02:00,2,5,2233,2278,4438,4683,6048,7162,9392,10957,15410,16298,15289,15990,8638,10536,2765,5262,830,744,1445,1975,1867,3236,2579,4827,3698,4710,6228,6007,6018,7278,2599,4941,93372,36734,13903,8131,27736,11746,2371,4,2
2021-05-30T23:59:59+02:00,2,5,2208,2256,4381,4622,5959,7102,9317,10895,15373,16279,15288,15988,8638,10536,2765,5262,818,733,1423,1954,1817,3212,2446,4792,3592,4692,6226,6005,6018,7278,2599,4941,92927,36419,13863,8109,27726,11662,2356,4,2
2021-05-29T23:59:59+02:00,2,5,2191,2241,4363,4611,5942,7086,9303,10882,15368,16276,15287,15988,8638,10536,2765,5262,799,680,1329,1694,1684,2851,2246,4241,3314,4263,6136,5911,5906,7145,2598,4941,92801,36369,13860,8104,27725,8909,2356,4,2
2021-05-28T23:59:59+02:00,2,5,2170,2218,4325,4566,5898,7041,9227,10812,15301,16224,15283,15986,8638,10536,2765,5261,780,590,1251,1443,1585,2449,2066,3548,3050,3664,5498,5171,5824,7054,2594,4928,92329,35071,13847,8104,27723,5965,2355,4,2
2021-05-27T23:59:59+02:00,2,5,2127,2180,4240,4499,5774,6967,9072,10712,15203,16140,15282,15985,8638,10536,2765,5261,751,555,1217,1361,1543,2311,1998,3405,2937,3544,5060,4685,5791,7015,2583,4899,91648,33944,13698,8095,27699,5277,2339,4,2
2021-05-26T23:59:59+02:00,2,5,2058,2062,4043,4354,5431,6704,8103,9970,14443,15435,15270,15979,8634,10530,2763,5259,740,539,1191,1302,1498,2256,1940,3292,2787,3400,3754,3305,5732,6942,2560,4842,90872,30674,10172,8080,27684,5013,2313,4,2
2021-05-25T23:59:59+02:00,2,5,2017,2023,3960,4287,5335,6638,7968,9863,14068,15002,15222,15942,8627,10515,2761,5255,731,529,1161,1267,1476,2233,1920,3265,2762,3374,3748,3295,5725,6939,2558,4841,89532,30587,10024,8071,27667,4903,2263,4,2
2021-05-24T23:59:59+02:00,2,5,1991,1977,3871,4213,5230,6556,7843,9739,13557,14386,15171,15874,8620,10501,2760,5250,725,521,1141,1255,1446,2219,1899,3247,2737,3352,3732,3277,5703,6915,2551,4825,87739,30460,9945,8020,27655,4863,2203,4,1
2021-05-23T23:59:59+02:00,2,5,1982,1964,3852,4190,5212,6543,7791,9708,13482,14323,15160,15870,8618,10500,2759,5250,718,509,1131,1242,1421,2194,1840,3211,2629,3254,3321,2844,5061,6104,2537,4780,87504,30288,9845,5464,27655,4842,2203,4,1
2021-05-22T23:59:59+02:00,2,5,1816,1922,3550,4140,4809,6499,7533,9652,13357,14244,15154,15869,8618,10499,2759,5250,557,478,838,1200,1043,2158,1599,3158,2515,3179,3317,2842,5061,6103,2537,4780,87354,30276,9845,5463,27653,4805,822,4,1
2021-05-21T23:59:59+02:00,2,4,1730,1813,3396,3948,4620,6204,7136,9285,12066,12903,15003,15720,8581,10452,2750,5239,553,466,828,1198,1041,2151,1564,3128,2438,3102,3143,2705,5035,6060,2534,4765,82576,29641,9805,5463,27647,4787,820,4,1
2021-05-20T23:59:59+02:00,2,4,1692,1777,3304,3897,4513,6123,6959,9205,11855,12675,14982,15702,8578,10445,2749,5238,533,453,787,1152,985,2087,1445,3057,2311,3005,2954,2535,4994,5984,2526,4750,81742,28896,9702,5447,27590,4552,663,3,1
2021-05-19T23:59:59+02:00,2,4,1669,1751,3247,3841,4418,6057,6843,9142,11622,12414,14971,15692,8576,10444,2749,5237,525,441,771,1114,967,2018,1334,2909,1984,2712,2391,2037,4889,5867,2505,4703,80927,26825,9562,5431,27562,4286,625,3,1
2021-05-18T23:59:59+02:00,2,4,1607,1717,3158,3751,4306,5954,6683,8983,11335,12160,14926,15644,8564,10421,2747,5227,522,429,756,1099,949,2001,1250,2843,1704,2490,1949,1691,4817,5784,2484,4660,79833,25283,9359,5421,27493,4223,501,3,1
2021-05-17T23:59:59+02:00,2,4,1558,1636,3028,3593,4100,5674,6335,8525,10787,11609,14818,15553,8545,10396,2742,5217,520,421,750,1092,931,1996,1226,2819,1676,2451,1932,1672,4810,5777,2481,4657,76939,25218,9324,5407,27468,4198,388,3,1
2021-05-16T23:59:59+02:00,2,4,1539,1614,2975,3553,4005,5587,6186,8389,10611,11476,14792,15531,8538,10388,2741,5215,513,415,727,1076,901,1980,1198,2791,1643,2427,1925,1663,4807,5773,2478,4655,76195,25188,9267,5389,27438,4152,243,3,1
2021-05-15T23:59:59+02:00,2,4,1452,1517,2764,3386,3776,5309,5825,7917,10259,11179,14707,15469,8519,10359,2735,5206,513,413,723,1074,901,1976,1193,2790,1637,2423,1913,1651,4801,5767,2478,4653,73442,25128,9267,5389,27431,4147,242,3,1
2021-05-14T23:59:59+02:00,2,4,1418,1454,2651,3290,3624,5152,5628,7628,10039,10927,14672,15431,8506,10336,2732,5202,464,372,651,908,829,1690,1063,2380,1456,2095,1879,1611,4798,5759,2477,4648,71802,25064,9247,5387,27406,2391,238,3,1
2021-05-13T23:59:59+02:00,2,4,1360,1387,2548,3206,3457,5016,5408,7422,9811,10747,14646,15403,8497,10333,2730,5199,457,359,624,880,727,1582,962,2295,1189,1883,1162,1030,4578,5525,2469,4616,70641,24944,8934,2844,27375,2327,223,3,1
2021-05-12T23:59:59+02:00,2,4,1353,1378,2532,3201,3439,5004,5387,7409,9797,10735,14644,15399,8495,10331,2729,5199,457,358,623,879,724,1579,957,2293,1185,1877,1143,1021,4565,5489,2437,4547,70530,24744,8910,2844,27373,2324,222,3,1
2021-05-11T23:59:59+02:00,2,3,1311,1336,2458,3118,3326,4877,5193,7264,9509,10427,14597,15342,8483,10311,2725,5190,451,345,605,865,702,1562,928,2269,1159,1850,1088,985,4502,5392,2395,4423,69194,24254,8787,2825,27288,2242,200,3,1
2021-05-10T23:59:59+02:00,2,3,1287,1309,2394,3041,3199,4753,5063,7107,9185,10046,14551,15303,8474,10292,2720,5188,450,343,592,855,688,1547,917,2253,1141,1836,1053,951,4441,5316,2356,4308,67840,23845,8667,2822,27217,2190,190,3,1
2021-05-09T23:59:59+02:00,2,3,1272,1292,2351,3028,3121,4717,5001,7073,9120,10002,14538,15288,8472,10287,2720,5186,442,341,578,850,665,1527,895,2232,1129,1822,1034,935,4429,5278,2341,4266,67603,23685,8593,2820,27171,2156,103,3,1
2021-05-08T23:59:59+02:00,1,3,1270,1288,2336,3016,3104,4706,4961,7059,9096,9994,14537,15288,8472,10286,2720,5186,442,341,578,850,664,1527,895,2231,1128,1821,1034,935,4428,5278,2341,4266,67461,23684,8587,2817,27169,2155,103,3,1
2021-05-07T23:59:59+02:00,1,3,1251,1267,2297,2975,3052,4657,4861,6967,8872,9747,14522,15266,8466,10280,2717,5182,392,313,546,781,627,1365,825,2024,1040,1633,1004,906,4408,5255,2339,4261,66554,23580,8581,2814,27142,1222,103,3,1
2021-05-06T23:59:59+02:00,1,3,1101,1174,2069,2731,2753,4348,4491,6567,8285,9142,14244,15027,8426,10223,2714,5181,391,309,534,762,610,1333,806,1989,1006,1605,977,875,4398,5241,2337,4257,62922,23451,8453,2764,27006,1119,96,3,1
2021-05-05T23:59:59+02:00,1,2,1036,1123,1959,2618,2594,4177,4196,6288,7270,7958,14159,14929,8391,10182,2701,5161,388,306,527,751,595,1324,772,1975,983,1585,902,812,4357,5169,2329,4241,59401,23128,8408,2745,26883,1093,50,3,1
2021-05-04T23:59:59+02:00,1,2,1014,1103,1908,2579,2492,4110,3975,6174,6989,7742,13652,14361,8361,10148,2696,5152,385,305,522,747,584,1319,755,1956,967,1578,883,788,4337,5153,2326,4232,57341,22994,8350,2730,26723,1071,42,3,1
2021-05-03T23:59:59+02:00,1,2,982,1065,1847,2525,2389,3999,3776,6057,6632,7441,13114,13736,8324,10110,2689,5137,379,304,520,743,574,1313,746,1945,953,1565,858,764,4320,5135,2320,4219,54915,22884,8324,2721,26583,1052,1,3,1
2021-05-02T23:59:59+02:00,1,2,977,1064,1828,2519,2364,3992,3734,6047,6598,7433,13113,13736,8324,10109,2689,5137,379,304,517,743,573,1311,741,1945,952,1562,856,760,4319,5131,2320,4219,54783,22867,8320,2719,26560,1045,1,3,1
2021-05-01T23:59:59+02:00,1,2,977,1062,1820,2517,2353,3987,3722,6039,6586,7424,13112,13734,8324,10109,2689,5137,379,304,517,743,573,1311,740,1944,950,1562,856,760,4319,5131,2320,4219,54714,22867,8319,2715,26558,1045,1,3,1
2021-04-30T23:59:59+02:00,0,2,961,1057,1799,2503,2332,3952,3685,6006,6508,7370,13016,13630,8323,10105,2686,5125,327,249,475,667,544,1131,710,1720,916,1356,844,742,4315,5129,2320,4219,54219,22853,8318,2711,26519,99,1,3,1
2021-04-29T23:59:59+02:00,0,2,906,1032,1742,2452,2268,3893,3538,5883,6271,7147,12757,13357,8301,10076,2682,5118,320,247,465,660,541,1124,703,1710,906,1346,836,727,4306,5121,2320,4217,52624,22766,8303,2705,26494,77,1,3,1
2021-04-28T23:59:59+02:00,0,2,845,998,1662,2390,2124,3783,3253,5630,5667,6643,11920,12440,8243,9987,2659,5081,319,244,463,653,533,1110,692,1690,895,1339,823,711,4287,5094,2318,4217,48574,22645,8296,2686,26453,56,1,3,1
2021-04-27T23:59:59+02:00,0,2,835,993,1644,2370,2079,3765,3182,5605,5541,6521,11891,12423,8241,9985,2659,5079,318,242,457,651,525,1104,683,1678,886,1333,811,700,4283,5088,2317,4211,48095,22567,8293,2671,26423,48,1,3,1
2021-04-26T23:59:59+02:00,0,2,825,980,1618,2352,2019,3724,3005,5527,5208,6236,11326,11778,8185,9920,2655,5070,316,241,456,650,519,1098,672,1672,877,1323,802,691,4278,5083,2317,4207,45764,22515,8284,2643,26379,43,1,2,1
2021-04-25T23:59:59+02:00,0,2,815,978,1604,2346,1981,3706,2879,5504,5116,6231,11322,11774,8182,9914,2654,5069,315,241,456,650,519,1091,672,1670,874,1321,802,690,4278,5083,2317,4207,45438,22510,8278,2639,26358,36,1,2,1
2021-04-24T23:59:59+02:00,0,2,801,968,1582,2326,1941,3661,2782,5436,4771,5911,10705,11048,8152,9856,2653,5067,315,241,456,650,519,1090,671,1669,873,1321,797,686,4268,5067,2315,4206,43030,22473,8277,2635,26352,35,1,2,1
2021-04-23T23:59:59+02:00,0,2,796,960,1569,2316,1912,3635,2741,5385,4610,5725,10396,10667,8112,9814,2650,5058,315,240,456,650,519,1089,670,1669,871,1321,797,685,4265,5064,2315,4206,41730,22462,8277,2634,26338,35,1,2,1
2021-04-22T23:59:59+02:00,0,2,780,945,1541,2273,1861,3567,2656,5295,4457,5571,10252,10473,8098,9783,2648,5050,315,239,454,639,517,1083,664,1661,865,1312,791,680,4262,5062,2315,4204,40730,22426,8251,2609,26268,27,1,2,1
2021-04-21T23:59:59+02:00,0,2,769,932,1517,2261,1808,3522,2552,5207,4073,5151,9655,9789,8049,9721,2644,5039,313,239,452,637,517,1082,660,1658,860,1307,779,668,4252,5048,2315,4200,38213,22376,8234,2585,26241,25,1,2,1
2021-04-20T23:59:59+02:00,0,2,762,921,1495,2234,1777,3493,2500,5149,3936,5055,9459,9570,8032,9711,2640,5036,313,237,452,636,516,1080,659,1653,857,1302,773,664,4248,5043,2315,4200,37378,22344,8223,2579,26168,25,1,2,0
2021-04-19T23:59:59+02:00,0,2,755,911,1486,2227,1760,3476,2468,5123,3872,4997,9089,9152,8007,9686,2637,5030,313,235,451,633,514,1077,655,1651,853,1298,767,658,4239,5041,2315,4198,36352,22305,8211,2568,26112,25,1,2,0
2021-04-18T23:59:59+02:00,0,2,751,909,1481,2221,1742,3469,2449,5111,3864,4995,9080,9141,8007,9685,2637,5030,312,235,451,629,513,1074,653,1648,850,1298,766,656,4239,5039,2315,4198,36292,22297,8191,2554,26088,25,1,2,0
2021-04-17T23:59:59+02:00,0,2,734,903,1393,2211,1642,3457,2412,5081,3784,4917,8367,8416,7991,9672,2637,5030,312,235,449,627,512,1074,652,1648,849,1295,766,656,4238,5039,2315,4198,36284,22286,8191,2554,24171,25,1,2,0
2021-04-16T23:59:59+02:00,0,2,718,885,1264,2188,1490,3435,2326,5016,3623,4752,7030,6863,7956,9623,2626,4999,312,234,444,621,508,1070,642,1646,845,1286,756,650,4230,5024,2312,4196,34913,22212,8181,2550,21699,14,1,2,0
2021-04-15T23:59:59+02:00,0,2,697,874,1254,2175,1470,3417,2268,4978,3552,4699,6591,6360,7916,9562,2604,4928,305,228,430,610,491,1056,608,1619,809,1256,666,589,3736,4513,2290,4161,33596,22155,8124,1202,21624,10,1,2,0
2021-04-14T23:59:59+02:00,0,2,692,870,1233,2162,1439,3398,2223,4943,3419,4605,5252,4956,7866,9496,2583,4891,297,223,427,603,484,1053,602,1611,803,1253,651,572,3725,4504,2286,4156,30369,22067,8113,1174,21545,9,1,2,0
2021-04-13T23:59:59+02:00,0,2,689,870,1224,2157,1424,3396,2215,4932,3399,4590,5233,4938,7860,9493,2582,4889,297,222,425,601,481,1050,600,1607,792,1251,633,567,3723,4501,2286,4156,30289,22047,8092,1136,21509,9,1,2,0
2021-04-12T23:59:59+02:00,0,2,683,862,1211,2148,1408,3385,2181,4918,3368,4566,5210,4923,7847,9482,2579,4856,296,221,423,600,480,1044,598,1603,784,1244,628,565,3718,4500,2286,4156,30161,22021,8047,1116,21418,9,1,2,0
2021-04-11T23:59:59+02:00,0,2,675,858,1195,2136,1390,3370,2114,4894,3250,4483,4790,4482,7180,8656,2572,4851,296,221,422,600,477,1043,592,1600,780,1243,624,562,3714,4495,2286,4156,30131,22013,5434,1089,21330,9,1,2,0
2021-04-10T23:59:59+02:00,0,2,675,856,1194,2135,1388,3366,2112,4891,3247,4476,4746,4435,7176,8650,2572,4850,290,218,420,589,464,1027,565,1583,748,1218,552,492,3145,3878,2237,4064,30008,20392,5431,1089,21329,9,1,2,0
2021-04-09T23:59:59+02:00,0,2,671,855,1186,2132,1384,3361,2081,4869,3169,4396,4548,4269,7141,8601,2568,4834,280,211,410,575,445,1011,540,1565,727,1195,471,430,2496,3058,2189,3970,29320,18476,5427,1088,21317,9,1,2,0
2021-04-08T23:59:59+02:00,0,2,661,845,1172,2121,1368,3331,2019,4816,3020,4285,3492,3116,6899,8238,2557,4819,267,203,393,557,422,997,518,1536,694,1172,451,403,2487,3049,2186,3967,28521,18253,5378,1040,18859,9,1,2,0
2021-04-07T23:59:59+02:00,0,2,654,839,1159,2112,1349,3319,1909,4736,2703,4034,2887,2584,6788,8115,2534,4766,253,196,365,533,384,962,474,1502,658,1145,424,378,2427,2987,2181,3960,26340,17800,5359,1021,18788,8,1,2,0
2021-04-06T23:59:59+02:00,0,2,644,831,1121,2105,1325,3301,1791,4685,2426,3865,2433,2237,6712,8024,2513,4729,229,183,331,507,359,943,437,1479,622,1113,389,336,2371,2912,2175,3951,24742,17325,5343,1004,18656,8,1,2,0
2021-04-05T23:59:59+02:00,0,2,641,829,1110,2101,1319,3298,1782,4675,2411,3849,2143,1890,5590,6707,2511,4729,229,183,330,503,353,937,433,1477,618,1108,386,332,2369,2906,2175,3950,24710,17314,5333,967,15541,8,1,2,0
2021-04-04T23:59:59+02:00,0,2,640,829,1110,2101,1319,3297,1782,4675,2409,3847,2142,1887,5590,6704,2511,4729,229,183,329,503,353,937,432,1477,618,1108,386,332,2368,2906,2175,3950,24703,17311,5333,967,15535,8,1,2,0
2021-04-03T23:59:59+02:00,0,2,640,829,1110,2100,1319,3297,1781,4673,2405,3847,2141,1884,5589,6704,2511,4729,229,183,329,503,353,937,432,1477,617,1108,386,332,2368,2906,2175,3950,24697,17310,5329,967,15532,8,1,2,0
2021-04-02T23:59:59+02:00,0,2,640,828,1110,2100,1315,3296,1779,4668,2404,3844,2133,1875,5577,6689,2508,4716,229,182,329,501,353,937,431,1476,616,1099,384,332,2368,2905,2175,3950,24629,17292,5325,967,15527,8,1,2,0
2021-04-01T23:59:59+02:00,0,2,636,817,1087,2082,1217,3200,1688,4599,2143,3636,1406,1287,5368,6479,2498,4689,225,181,329,500,352,936,430,1474,616,1098,381,330,2368,2905,2175,3946,24523,17280,2818,958,15490,8,1,2,0
2021-03-31T23:59:59+02:00,0,2,634,816,1083,2078,1212,3192,1676,4593,2125,3623,1379,1254,5339,6424,2461,4590,224,181,329,499,351,936,430,1473,615,1097,380,327,2364,2904,2173,3945,24202,17268,2804,952,15473,8,1,1,0
2021-03-30T23:59:59+02:00,0,2,632,807,1077,2074,1206,3187,1666,4579,2117,3609,1332,1209,5254,6295,2417,4444,224,180,329,498,348,932,425,1470,608,1087,365,316,2262,2752,2053,3720,23681,16650,2782,911,15443,8,1,0,0
2021-03-29T23:59:59+02:00,0,2,630,805,1074,2066,1196,3181,1659,4566,2105,3597,1296,1178,5194,6202,2367,4315,223,179,327,496,346,930,423,1465,603,1082,358,311,2039,2486,1826,3345,23248,15523,2758,908,15426,8,1,0,0
2021-03-28T23:59:59+02:00,0,2,630,802,1072,2060,1193,3174,1653,4556,2101,3592,1280,1169,5186,6180,2356,4283,221,179,326,493,337,926,420,1458,600,1070,352,299,2034,2472,1825,3342,23143,15495,2740,854,15405,5,1,0,0
2021-03-27T23:59:59+01:00,0,2,577,741,992,1992,1111,3056,1535,4432,1999,3510,1211,1099,4582,5445,2356,4283,219,178,326,493,337,926,415,1456,599,1067,351,299,2033,2471,1825,3342,23127,15479,2736,854,13059,4,1,0,0
2021-03-26T23:59:59+01:00,0,2,574,736,985,1982,1109,3050,1525,4425,1982,3502,1167,1068,4552,5411,2355,4279,218,175,326,491,334,925,413,1455,595,1060,343,294,1628,1939,1403,2620,22932,13367,2726,848,13045,4,1,0,0
2021-03-25T23:59:59+01:00,0,2,572,730,972,1974,1106,3041,1518,4413,1967,3492,1157,1057,4544,5406,2355,4278,217,172,325,490,332,919,410,1449,591,1051,339,290,1532,1818,1366,2548,22885,13020,2717,825,12981,4,1,0,0
2021-03-24T23:59:59+01:00,0,2,570,724,962,1961,1093,3026,1489,4395,1953,3483,1122,1026,4517,5373,2350,4273,216,172,324,489,329,915,405,1441,582,1035,325,280,1205,1437,1216,2282,22742,11886,2691,763,12885,4,1,0,0
2021-03-23T23:59:59+01:00,0,2,568,719,957,1947,1089,3016,1482,4381,1943,3476,1109,1015,4498,5358,2350,4270,214,172,322,486,321,912,404,1441,576,1031,317,273,970,1172,1102,2106,22668,11073,2682,742,12829,4,1,0,0
2021-03-22T23:59:59+01:00,0,2,567,710,952,1935,1083,3006,1472,4365,1929,3467,1106,1011,4493,5357,2350,4270,212,172,321,484,320,910,401,1438,573,1027,313,269,969,1168,1102,2103,22644,11056,2666,722,12764,4,1,0,0
2021-03-21T23:59:59+01:00,0,2,565,707,949,1926,1081,3002,1466,4352,1917,3460,1103,1010,4493,5356,2350,4270,211,172,321,483,318,906,401,1433,567,1025,303,264,965,1164,1101,2103,22640,11053,2652,680,12716,4,1,0,0
2021-03-20T23:59:59+01:00,0,2,560,699,944,1910,1064,2986,1438,4334,1883,3431,1030,939,3909,4722,2300,4173,211,172,321,483,318,906,401,1433,567,1025,303,264,965,1164,1100,2102,20977,11051,2651,680,12695,4,1,0,0
2021-03-19T23:59:59+01:00,0,2,551,690,927,1884,1037,2966,1402,4309,1857,3401,942,874,3238,3885,2253,4076,208,172,319,483,317,903,399,1431,563,1018,300,263,952,1151,1069,2062,18999,11028,2640,578,12654,4,1,0,0
2021-03-18T23:59:59+01:00,0,2,538,677,910,1858,1014,2940,1363,4269,1812,3349,844,810,2725,3351,2231,4042,203,170,316,479,314,892,395,1425,561,1013,296,257,849,1057,961,1873,18921,10649,1238,409,12575,3,1,0,0
2021-03-17T23:59:59+01:00,0,2,536,667,901,1838,1001,2921,1341,4248,1793,3332,815,785,2639,3260,2225,4038,201,169,314,477,311,891,388,1421,558,1009,293,252,608,783,660,1428,18612,9730,1201,33,12528,0,1,0,0
2021-03-16T23:59:59+01:00,0,2,534,658,892,1816,979,2906,1323,4236,1768,3316,786,774,2591,3179,2223,4034,201,169,312,477,309,887,385,1419,555,1004,287,248,362,546,471,1121,18402,8727,1161,27,12454,0,0,0,0
2021-03-15T23:59:59+01:00,0,2,534,647,888,1798,970,2884,1317,4230,1760,3307,780,771,2588,3178,2223,4034,200,169,311,476,308,887,385,1419,552,1004,287,248,362,545,470,1121,18389,8721,1139,24,12383,0,0,0,0
2021-03-14T23:59:59+01:00,0,2,533,641,882,1786,963,2879,1306,4217,1750,3295,775,767,2583,3175,2223,4034,200,169,310,476,307,885,383,1417,552,1004,286,248,362,545,470,1121,18384,8718,1111,18,12316,0,0,0,0
2021-03-13T23:59:59+01:00,0,2,511,589,786,1524,833,2498,1112,3650,1468,2865,694,678,2480,3048,2222,4033,200,169,310,476,307,885,383,1417,552,1004,286,248,362,545,470,1121,18380,8718,1111,18,9502,0,0,0,0
2021-03-12T23:59:59+01:00,0,2,496,504,722,1257,741,2102,940,2955,1221,2271,553,525,2436,3003,2222,4033,200,167,310,476,307,883,382,1417,552,1002,286,247,349,524,422,1058,18357,8564,1110,18,6516,0,0,0,0
2021-03-11T23:59:59+01:00,0,2,473,468,689,1186,695,1996,881,2810,1141,2160,495,465,2423,2991,2221,4032,200,167,309,474,306,882,382,1414,551,1002,286,246,336,507,376,1015,18164,8438,1062,15,5902,0,0,0,0
2021-03-10T23:59:59+01:00,0,2,459,458,655,1153,655,1962,836,2774,1108,2132,476,449,2409,2972,2220,4029,196,165,305,467,306,881,377,1407,546,995,282,240,216,408,151,753,17889,7686,1042,9,5818,0,0,0,0
2021-03-09T23:59:59+01:00,0,2,443,441,622,1124,636,1943,813,2748,1086,2108,454,428,2316,2830,2097,3800,196,165,303,465,305,880,376,1404,546,992,280,239,216,408,151,752,17127,7678,1026,0,5738,0,0,0,0
2021-03-08T23:59:59+01:00,0,2,430,420,599,1094,618,1921,797,2723,1064,2082,432,399,2087,2555,1868,3423,196,164,303,463,304,875,376,1398,546,990,279,237,216,407,151,752,15883,7657,997,0,5634,0,0,0,0
2021-03-07T23:59:59+01:00,0,2,429,418,592,1077,604,1913,794,2710,1057,2071,431,398,2082,2547,1867,3421,196,164,303,462,304,874,376,1395,546,989,279,237,216,407,151,752,15855,7651,987,0,5571,0,0,0,0
2021-03-06T23:59:59+01:00,0,2,429,415,589,1063,601,1911,787,2703,1053,2064,430,398,2082,2547,1867,3421,196,164,303,462,304,874,376,1395,546,988,278,237,216,407,151,752,15847,7649,987,0,5528,0,0,0,0
2021-03-05T23:59:59+01:00,0,2,423,400,583,1051,595,1901,782,2694,1047,2056,417,390,1661,1985,1434,2669,193,159,299,462,301,873,374,1392,544,984,278,237,216,407,151,752,13624,7622,987,0,5479,0,0,0,0
2021-03-04T23:59:59+01:00,0,2,413,375,557,1012,576,1845,753,2641,1026,2006,413,386,1569,1867,1395,2596,181,151,288,452,300,865,372,1378,542,980,277,237,216,407,151,752,13273,7549,981,0,5178,0,0,0,0
2021-03-03T23:59:59+01:00,0,2,411,368,549,982,559,1813,728,2593,1009,1968,407,380,1247,1488,1242,2324,180,150,287,451,299,864,368,1371,539,973,275,235,215,406,149,747,12124,7509,974,0,4972,0,0,0,0
2021-03-02T23:59:59+01:00,0,2,407,363,541,948,545,1793,719,2569,998,1950,397,370,1002,1220,1124,2146,180,148,286,440,295,858,368,1362,539,967,275,235,215,406,149,747,11302,7470,939,0,4853,0,0,0,0
2021-03-01T23:59:59+01:00,0,2,405,355,532,925,527,1762,710,2545,987,1933,393,363,1001,1213,1124,2142,180,146,286,431,292,848,365,1347,536,961,273,233,214,405,149,747,11282,7413,904,0,4733,0,0,0,0
2021-02-28T23:59:59+01:00,0,2,400,352,529,916,520,1751,707,2534,982,1918,389,358,1001,1211,1124,2142,178,145,286,430,292,847,365,1347,535,961,273,233,214,405,149,747,11277,7407,877,0,4682,0,0,0,0
2021-02-27T23:59:59+01:00,0,2,399,350,524,909,518,1745,704,2525,979,1916,387,357,1001,1211,1123,2142,178,145,286,430,292,847,365,1347,534,961,273,233,214,405,149,747,11276,7406,877,0,4639,0,0,0,0
2021-02-26T23:59:59+01:00,0,2,351,303,455,736,442,1436,575,2106,807,1572,359,327,1001,1208,1123,2142,178,143,286,427,290,839,363,1339,532,958,273,233,214,405,149,747,11265,7376,866,0,2814,0,0,0,0
2021-02-25T23:59:59+01:00,0,2,331,295,445,714,430,1399,560,2058,789,1540,350,320,917,1119,1051,2018,126,129,266,422,279,827,352,1323,527,951,273,231,214,405,149,747,10863,7221,835,0,2640,0,0,0,0
2021-02-24T23:59:59+01:00,0,2,325,289,440,698,423,1363,544,2010,767,1496,342,307,708,887,867,1713,126,123,264,416,276,818,350,1310,520,944,271,229,212,405,149,745,9923,7158,793,0,2465,0,0,0,0
2021-02-23T23:59:59+01:00,0,2,323,277,432,684,412,1338,536,1974,749,1477,328,297,459,641,676,1412,126,122,263,414,274,813,350,1303,519,936,270,228,211,405,148,744,8923,7126,749,0,2345,0,0,0,0
2021-02-22T23:59:59+01:00,0,2,323,275,431,677,411,1333,532,1964,744,1473,328,294,458,639,676,1411,126,117,258,404,273,796,346,1278,514,928,266,227,211,405,148,744,8919,7041,737,0,2315,0,0,0,0
2021-02-21T23:59:59+01:00,0,2,320,274,429,671,408,1325,530,1956,738,1469,317,289,454,635,674,1411,126,117,257,403,273,794,343,1275,507,925,265,226,210,404,147,735,8914,7007,696,0,2292,0,0,0,0
2021-02-20T23:59:59+01:00,0,2,320,271,429,669,408,1317,529,1947,736,1465,317,289,454,635,674,1411,126,117,257,403,273,794,343,1275,506,925,265,226,210,404,147,735,8914,7006,696,0,2263,0,0,0,0
2021-02-19T23:59:59+01:00,0,1,273,245,397,592,374,1148,471,1732,629,1255,308,273,427,598,595,1304,126,117,257,403,272,794,343,1275,506,925,265,226,210,404,147,735,8696,7005,589,0,1337,0,0,0,0
2021-02-18T23:59:59+01:00,0,1,272,240,390,583,363,1125,458,1714,619,1248,308,271,374,551,493,1176,123,114,253,398,265,788,340,1266,503,924,263,224,210,404,147,735,8516,6957,417,0,1253,0,0,0,0
2021-02-17T23:59:59+01:00,0,1,266,236,378,569,356,1116,435,1697,611,1236,303,264,219,414,157,766,115,101,249,392,260,773,334,1250,497,913,259,221,209,404,147,735,7795,6859,31,0,1198,0,0,0,0
2021-02-16T23:59:59+01:00,0,1,264,234,367,567,346,1107,427,1683,606,1230,300,261,219,413,157,766,84,89,229,366,249,743,316,1210,465,878,238,206,202,386,146,728,7788,6535,27,0,1133,0,0,0,0
2021-02-15T23:59:59+01:00,0,1,262,234,365,563,345,1101,425,1671,602,1224,300,261,219,412,156,766,83,87,225,355,241,731,306,1182,450,855,225,199,190,364,140,672,7780,6305,24,0,1103,0,0,0,0
2021-02-14T23:59:59+01:00,0,1,261,232,359,560,341,1091,421,1665,599,1221,300,261,219,412,156,766,79,85,218,350,238,723,301,1169,446,840,224,197,190,353,140,663,7770,6216,19,0,1076,0,0,0,0
2021-02-13T23:59:59+01:00,0,1,261,232,359,560,341,1091,420,1665,599,1220,299,261,219,412,156,766,79,85,218,350,238,723,301,1169,446,840,224,197,190,353,140,663,7768,6216,19,0,1075,0,0,0,0
2021-02-12T23:59:59+01:00,0,1,203,171,310,482,314,895,386,1425,562,1005,290,246,218,412,156,766,76,84,215,349,236,720,294,1165,443,835,220,195,190,351,140,663,7756,6176,19,0,67,0,0,0,0
2021-02-11T23:59:59+01:00,0,0,201,170,304,471,310,881,380,1405,552,997,290,246,218,412,156,766,75,81,204,323,226,676,274,1113,426,787,219,192,190,346,140,660,7715,5932,16,0,28,0,0,0,0
2021-02-10T23:59:59+01:00,0,0,198,163,300,467,307,877,374,1394,548,989,288,244,216,411,156,764,70,75,188,297,215,617,257,1028,401,735,210,178,176,317,128,613,7673,5505,10,0,13,0,0,0,0
2021-02-09T23:59:59+01:00,0,0,193,156,297,458,306,868,374,1384,546,980,285,243,216,411,156,763,61,60,149,233,186,512,219,836,345,600,189,152,156,282,118,547,7628,4645,2,0,6,0,0,0,0
2021-02-08T23:59:59+01:00,0,0,186,149,293,445,301,858,370,1364,539,973,281,239,215,410,154,759,34,47,104,143,137,284,160,457,250,393,160,126,129,226,95,452,7528,3197,2,0,6,0,0,0,0
2021-02-07T23:59:59+01:00,0,0,184,147,290,444,300,856,369,1363,538,972,280,238,215,410,154,759,19,40,84,121,131,263,151,423,234,365,152,122,119,216,90,417,7518,2947,1,0,0,0,0,0,0
2021-02-06T23:59:59+01:00,0,0,184,147,290,444,300,856,369,1363,538,972,280,238,215,410,154,759,19,37,82,118,121,247,140,406,203,344,137,118,118,211,89,407,7518,2797,1,0,0,0,0,0,0
2021-02-05T23:59:59+01:00,0,0,184,145,290,441,299,845,367,1355,534,969,280,237,215,410,154,758,18,32,78,113,114,234,135,379,189,325,132,113,115,206,82,391,7482,2656,1,0,0,0,0,0,0
2021-02-04T23:59:59+01:00,0,0,176,140,289,437,292,836,364,1344,525,959,279,235,214,410,154,756,11,21,52,76,85,178,112,289,157,268,114,98,103,192,74,351,7410,2181,0,0,0,0,0,0,0
2021-02-03T23:59:59+01:00,0,0,158,133,279,431,288,830,362,1333,525,957,279,235,213,410,154,755,11,19,44,66,76,143,88,258,136,226,95,83,88,164,67,311,7342,1875,0,0,0,0,0,0,0
2021-02-02T23:59:59+01:00,0,0,137,127,267,429,285,823,357,1326,524,950,278,235,212,410,153,754,11,16,35,60,64,119,73,213,105,176,63,59,63,104,43,196,7267,1400,0,0,0,0,0,0,0
2021-02-01T23:59:59+01:00,0,0,132,122,262,414,283,807,355,1302,518,938,273,233,212,410,153,754,4,10,20,33,34,66,45,119,60,76,28,30,27,44,25,97,7168,718,0,0,0,0,0,0,0
2021-01-31T23:59:59+01:00,0,0,131,119,260,411,281,803,352,1296,514,936,273,230,211,409,153,754,4,6,15,23,29,47,32,73,40,43,14,8,13,28,20,59,7133,454,0,0,0,0,0,0,0
2021-01-30T23:59:59+01:00,0,0,131,119,260,411,281,802,352,1295,513,936,273,230,211,409,153,754,4,6,13,20,26,40,27,65,37,41,14,8,13,28,20,59,7130,421,0,0,0,0,0,0,0
2021-01-29T23:59:59+01:00,0,0,131,119,260,411,280,802,352,1295,513,936,273,230,211,409,153,754,4,6,7,18,24,31,22,57,33,38,14,8,13,27,19,58,7129,379,0,0,0,0,0,0,0
2021-01-28T23:59:59+01:00,0,0,129,116,256,405,276,796,349,1288,509,935,273,230,211,409,153,754,1,3,2,8,16,13,12,28,13,23,11,4,6,14,6,23,7089,183,0,0,0,0,0,0,0
2021-01-27T23:59:59+01:00,0,0,121,106,253,400,273,788,344,1281,503,927,268,227,210,408,153,754,0,0,1,4,12,11,8,21,11,17,10,4,6,14,6,23,7016,148,0,0,0,0,0,0,0
2021-01-26T23:59:59+01:00,0,0,92,94,235,383,265,763,331,1243,478,895,248,215,203,392,153,746,0,0,1,4,12,11,8,21,11,17,10,4,6,14,6,23,6736,148,0,0,0,0,0,0,0
2021-01-25T23:59:59+01:00,0,0,89,89,233,363,252,744,317,1209,460,870,231,208,194,372,149,691,0,0,1,4,12,9,7,14,8,13,10,4,6,14,6,23,6471,131,0,0,0,0,0,0,0
2021-01-24T23:59:59+01:00,0,0,89,87,229,359,251,739,314,1196,458,855,230,206,194,361,149,681,0,0,1,4,12,9,7,14,8,13,10,4,6,14,6,23,6398,131,0,0,0,0,0,0,0
2021-01-23T23:59:59+01:00,0,0,89,87,229,359,251,739,314,1196,458,855,230,206,194,361,149,681,0,0,1,4,12,9,7,14,8,13,10,4,6,14,6,23,6398,131,0,0,0,0,0,0,0
2021-01-22T23:59:59+01:00,0,0,89,86,227,357,251,736,310,1192,454,852,228,205,194,360,149,681,0,0,1,4,12,9,7,14,8,13,10,4,6,14,6,23,6371,131,0,0,0,0,0,0,0
2021-01-21T23:59:59+01:00,0,0,89,83,213,328,241,692,285,1141,440,819,227,201,193,354,149,678,0,0,1,2,9,8,6,13,7,11,10,4,6,14,6,23,6133,120,0,0,0,0,0,0,0
2021-01-20T23:59:59+01:00,0,0,83,77,199,307,229,627,271,1047,411,760,218,190,178,325,138,631,0,0,1,2,9,8,6,13,7,11,10,4,6,14,6,23,5691,120,0,0,0,0,0,0,0
2021-01-19T23:59:59+01:00,0,0,75,67,159,257,209,563,245,923,369,651,199,164,156,285,125,554,0,0,1,2,3,7,6,12,5,9,7,3,6,14,6,23,5001,104,0,0,0,0,0,0,0
2021-01-18T23:59:59+01:00,0,0,63,59,136,214,187,459,218,766,329,558,180,143,132,235,104,472,0,0,0,1,2,4,3,7,3,7,6,3,6,14,6,22,4255,84,0,0,0,0,0,0,0
2021-01-17T23:59:59+01:00,0,0,41,46,110,184,170,399,201,677,303,501,172,137,119,218,90,418,0,0,0,0,2,4,2,7,3,5,4,3,6,14,5,22,3786,77,0,0,0,0,0,0,0
2021-01-16T23:59:59+01:00,0,0,34,43,110,181,160,382,185,657,271,479,156,132,118,212,89,408,0,0,0,0,0,0,0,0,0,0,0,0,0,0,0,0,3617,0,0,0,0,0,0,0,0
2021-01-15T23:59:59+01:00,0,0,32,39,106,176,149,369,179,627,254,456,151,123,115,206,81,392,0,0,0,0,0,0,0,0,0,0,0,0,0,0,0,0,3455,0,0,0,0,0,0,0,0
2021-01-14T23:59:59+01:00,0,0,14,24,52,77,87,173,114,290,151,268,123,104,101,191,71,352,0,0,0,0,0,0,0,0,0,0,0,0,0,0,0,0,2192,0,0,0,0,0,0,0,0
2021-01-13T23:59:59+01:00,0,0,12,20,42,67,78,138,92,260,126,231,94,82,82,154,56,284,0,0,0,0,0,0,0,0,0,0,0,0,0,0,0,0,1818,0,0,0,0,0,0,0,0
2021-01-12T23:59:59+01:00,0,0,12,15,38,63,65,113,77,211,97,177,61,56,55,92,32,162,0,0,0,0,0,0,0,0,0,0,0,0,0,0,0,0,1326,0,0,0,0,0,0,0,0
2021-01-11T23:59:59+01:00,0,0,4,10,27,46,41,82,56,141,59,90,31,30,23,36,16,70,0,0,0,0,0,0,0,0,0,0,0,0,0,0,0,0,762,0,0,0,0,0,0,0,0
2021-01-10T23:59:59+01:00,0,0,3,5,20,33,36,58,37,94,38,53,14,8,7,19,11,31,0,0,0,0,0,0,0,0,0,0,0,0,0,0,0,0,467,0,0,0,0,0,0,0,0
2021-01-09T23:59:59+01:00,0,0,3,5,18,29,35,54,32,84,36,52,14,8,7,19,11,31,0,0,0,0,0,0,0,0,0,0,0,0,0,0,0,0,438,0,0,0,0,0,0,0,0
2021-01-08T23:59:59+01:00,0,0,3,5,15,27,32,43,26,75,32,48,13,8,6,17,10,30,0,0,0,0,0,0,0,0,0,0,0,0,0,0,0,0,390,0,0,0,0,0,0,0,0
2021-01-07T23:59:59+01:00,0,0,1,3,2,10,17,13,13,29,14,24,11,5,6,15,8,24,0,0,0,0,0,0,0,0,0,0,0,0,0,0,0,0,195,0,0,0,0,0,0,0,0
2021-01-06T23:59:59+01:00,0,0,1,0,2,4,15,11,9,23,12,19,11,5,6,15,8,24,0,0,0,0,0,0,0,0,0,0,0,0,0,0,0,0,165,0,0,0,0,0,0,0,0
2021-01-05T23:59:59+01:00,0,0,0,0,1,4,14,11,8,21,11,19,10,5,6,15,8,24,0,0,0,0,0,0,0,0,0,0,0,0,0,0,0,0,157,0,0,0,0,0,0,0,0
2021-01-04T23:59:59+01:00,0,0,0,0,1,4,14,10,7,17,9,17,10,5,6,15,8,24,0,0,0,0,0,0,0,0,0,0,0,0,0,0,0,0,147,0,0,0,0,0,0,0,0
2021-01-03T23:59:59+01:00,0,0,0,0,1,4,13,9,7,14,7,14,10,5,6,15,8,24,0,0,0,0,0,0,0,0,0,0,0,0,0,0,0,0,137,0,0,0,0,0,0,0,0
2021-01-02T23:59:59+01:00,0,0,0,0,1,4,13,9,7,14,7,14,10,5,6,15,8,24,0,0,0,0,0,0,0,0,0,0,0,0,0,0,0,0,137,0,0,0,0,0,0,0,0
2021-01-01T23:59:59+01:00,0,0,0,0,1,4,13,9,7,14,7,14,10,5,6,15,8,24,0,0,0,0,0,0,0,0,0,0,0,0,0,0,0,0,137,0,0,0,0,0,0,0,0
2020-12-31T23:59:59+01:00,0,0,0,0,1,4,13,9,7,14,7,14,10,5,6,15,8,24,0,0,0,0,0,0,0,0,0,0,0,0,0,0,0,0,137,0,0,0,0,0,0,0,0
2020-12-30T23:59:59+01:00,0,0,0,0,1,4,13,9,7,14,7,14,10,5,6,15,8,24,0,0,0,0,0,0,0,0,0,0,0,0,0,0,0,0,137,0,0,0,0,0,0,0,0
2020-12-29T23:59:59+01:00,0,0,0,0,1,4,10,9,7,14,5,12,10,5,6,15,8,24,0,0,0,0,0,0,0,0,0,0,0,0,0,0,0,0,130,0,0,0,0,0,0,0,0
2020-12-28T23:59:59+01:00,0,0,0,0,1,1,7,7,7,8,3,9,10,5,6,15,8,24,0,0,0,0,0,0,0,0,0,0,0,0,0,0,0,0,111,0,0,0,0,0,0,0,0
2020-12-27T23:59:59+01:00,0,0,0,0,0,0,2,4,2,7,2,6,4,4,6,15,7,23,0,0,0,0,0,0,0,0,0,0,0,0,0,0,0,0,82,0,0,0,0,0,0,0,0
