Datum,<24_1_m,<24_1_w,25-34_1_m,25-34_1_w,35-44_1_m,35-44_1_w,45-54_1_m,45-54_1_w,55-64_1_m,55-64_1_w,65-74_1_m,65-74_1_w,75-84_1_m,75-84_1_w,>84_1_m,>84_1_w,<24_2_m,<24_2_w,25-34_2_m,25-34_2_w,35-44_2_m,35-44_2_w,45-54_2_m,45-54_2_w,55-64_2_m,55-64_2_w,65-74_2_m,65-74_2_w,75-84_2_m,75-84_2_w,>84_2_m,>84_2_w,bp_1,bp_2,mo_1,mo_2,az_1,az_2,ja
2021-06-01T23:59:59+02:00,2605,2739,4649,4821,6218,7516,10027,11476,15742,16509,14461,15131,8257,10374,2270,4520,941,938,1525,2054,1921,3373,2746,4989,3909,4518,6364,6242,6075,7552,2126,4229,93466,37451,13874,7888,27456,11644,2519
2021-05-31T23:59:59+02:00,2544,2674,4558,4725,6083,7386,9841,11350,15678,16465,14456,15125,8254,10374,2270,4520,917,898,1477,2001,1854,3330,2626,4946,3819,4452,6021,5848,6055,7530,2124,4224,92758,36382,13790,7884,27447,11548,2308
2021-05-30T23:59:59+02:00,2515,2648,4499,4661,5994,7326,9771,11294,15650,16447,14455,15123,8254,10374,2270,4520,902,883,1456,1985,1804,3303,2490,4915,3736,4440,6020,5846,6055,7530,2124,4224,92314,36069,13754,7880,27439,11470,2294
2021-05-29T23:59:59+02:00,2497,2633,4482,4648,5976,7314,9760,11282,15646,16444,14454,15123,8254,10374,2270,4520,880,807,1349,1730,1676,2924,2281,4361,3462,4054,5944,5753,5951,7413,2123,4224,92193,36022,13752,7875,27438,8741,2294
2021-05-28T23:59:59+02:00,2472,2606,4444,4601,5935,7273,9680,11208,15586,16400,14452,15121,8254,10374,2270,4519,859,700,1268,1476,1575,2495,2097,3675,3134,3449,5389,5096,5878,7337,2120,4213,91728,34730,13739,7875,27435,5863,2293
2021-05-27T23:59:59+02:00,2421,2565,4354,4536,5809,7197,9527,11106,15508,16327,14450,15120,8254,10372,2270,4519,830,656,1233,1399,1532,2361,2031,3523,2991,3314,4993,4653,5847,7299,2112,4187,91057,33623,13591,7866,27409,5194,2278
2021-05-26T23:59:59+02:00,2338,2438,4147,4387,5461,6924,8453,10274,14900,15744,14441,15114,8250,10367,2269,4516,818,635,1204,1342,1489,2305,1969,3399,2791,3147,3749,3327,5793,7230,2092,4137,90290,30390,10084,7852,27396,4932,2253
2021-05-25T23:59:59+02:00,2289,2395,4061,4319,5368,6861,8314,10165,14534,15312,14402,15082,8244,10355,2268,4513,804,623,1178,1304,1467,2281,1947,3376,2767,3121,3745,3319,5786,7228,2090,4136,88959,30305,9940,7843,27382,4823,2201
2021-05-24T23:59:59+02:00,2253,2344,3976,4246,5261,6780,8180,10027,14029,14696,14363,15035,8239,10343,2267,4509,795,614,1157,1292,1433,2270,1932,3359,2744,3101,3722,3296,5770,7209,2082,4121,87172,30177,9864,7793,27371,4786,2141
2021-05-23T23:59:59+02:00,2243,2330,3956,4223,5244,6768,8125,9991,13959,14639,14353,15030,8238,10343,2266,4509,787,604,1146,1280,1409,2248,1882,3323,2632,2998,3233,2770,5292,6583,2068,4079,86941,30005,9764,5423,27371,4765,2141
2021-05-22T23:59:59+02:00,2064,2287,3631,4174,4852,6725,7896,9926,13863,14586,14347,15030,8238,10342,2266,4509,613,569,832,1240,1039,2212,1671,3260,2545,2947,3229,2769,5292,6582,2068,4079,86799,29993,9764,5423,27371,4729,802
2021-05-21T23:59:59+02:00,1969,2164,3468,3973,4663,6429,7471,9545,12599,13262,14229,14918,8202,10298,2260,4502,612,555,823,1239,1037,2204,1625,3225,2457,2872,3077,2636,5271,6539,2065,4068,82061,29370,9724,5423,27366,4711,801
2021-05-20T23:59:59+02:00,1927,2122,3369,3918,4555,6351,7298,9466,12395,13042,14217,14908,8200,10292,2259,4501,592,537,780,1195,978,2142,1501,3145,2334,2783,2897,2472,5239,6467,2058,4055,81241,28637,9624,5408,27310,4485,645
2021-05-19T23:59:59+02:00,1899,2090,3309,3865,4457,6288,7195,9404,12165,12789,14209,14903,8198,10291,2259,4500,584,516,760,1166,960,2069,1361,2970,1977,2494,2391,2012,5143,6348,2038,4018,80440,26582,9490,5393,27284,4225,607
2021-05-18T23:59:59+02:00,1828,2051,3221,3774,4344,6182,7031,9246,11898,12547,14167,14860,8188,10267,2257,4493,581,501,744,1152,944,2052,1258,2892,1670,2249,2008,1718,5069,6261,2023,3984,79364,25074,9289,5383,27215,4163,486
2021-05-17T23:59:59+02:00,1770,1960,3079,3608,4136,5879,6664,8781,11384,12039,14076,14785,8173,10242,2252,4486,579,494,737,1145,925,2045,1233,2868,1643,2211,1993,1703,5063,6255,2020,3981,76496,25013,9254,5369,27190,4139,374
2021-05-16T23:59:59+02:00,1747,1936,3024,3569,4034,5781,6515,8651,11218,11921,14060,14764,8165,10234,2252,4485,569,487,716,1131,898,2031,1204,2843,1612,2188,1988,1695,5061,6251,2017,3979,75761,24985,9198,5351,27159,4096,238
2021-05-15T23:59:59+02:00,1645,1823,2803,3393,3806,5494,6127,8163,10914,11674,13979,14707,8150,10206,2248,4479,568,486,713,1128,898,2029,1200,2842,1607,2181,1973,1686,5059,6245,2017,3977,73024,24930,9198,5351,27152,4091,237
2021-05-14T23:59:59+02:00,1599,1756,2696,3302,3658,5319,5925,7874,10708,11452,13947,14670,8138,10188,2246,4474,516,439,635,952,830,1719,1063,2421,1424,1893,1958,1670,5057,6238,2016,3972,71399,24873,9192,5350,27128,2347,233
2021-05-13T23:59:59+02:00,1530,1684,2600,3223,3490,5186,5698,7658,10521,11301,13920,14645,8133,10187,2244,4471,509,424,606,927,716,1602,974,2348,1163,1686,1211,1053,4876,6049,2009,3941,70260,24760,8914,2830,27099,2286,218
2021-05-12T23:59:59+02:00,1523,1675,2584,3218,3473,5174,5679,7646,10507,11289,13920,14642,8132,10185,2243,4471,509,423,605,925,713,1602,969,2346,1158,1680,1199,1044,4862,6012,1978,3888,70157,24583,8890,2830,27097,2283,217
2021-05-11T23:59:59+02:00,1476,1626,2508,3135,3357,5049,5483,7491,10235,10995,13877,14593,8121,10168,2239,4464,503,408,587,913,691,1588,942,2321,1133,1656,1144,1005,4804,5911,1940,3777,68843,24106,8766,2812,27011,2208,197
2021-05-10T23:59:59+02:00,1446,1592,2436,3061,3233,4926,5345,7316,9925,10637,13839,14558,8112,10151,2236,4462,500,405,575,901,680,1574,930,2303,1117,1642,1108,974,4743,5821,1902,3675,67499,23697,8648,2809,26940,2156,188
2021-05-09T23:59:59+02:00,1424,1570,2398,3051,3156,4893,5272,7280,9871,10593,13829,14545,8111,10148,2236,4460,488,402,565,894,658,1556,905,2284,1107,1629,1091,957,4727,5784,1889,3636,67265,23540,8575,2807,26896,2124,101
2021-05-08T23:59:59+02:00,1419,1565,2383,3040,3141,4883,5234,7266,9847,10588,13829,14544,8111,10148,2236,4460,488,402,565,894,657,1556,905,2283,1106,1628,1091,957,4726,5784,1889,3636,67128,23539,8570,2804,26895,2123,101
2021-05-07T23:59:59+02:00,1399,1542,2341,3001,3084,4827,5137,7179,9633,10347,13818,14528,8105,10143,2233,4457,437,371,532,815,618,1393,828,2068,1022,1459,1069,939,4709,5763,1887,3631,66241,23442,8564,2801,26868,1197,101
2021-05-06T23:59:59+02:00,1234,1424,2113,2752,2776,4516,4738,6744,9075,9758,13560,14305,8073,10103,2231,4456,432,366,521,792,601,1361,807,2032,993,1435,1045,902,4701,5754,1885,3627,62592,23313,8436,2751,26736,1096,94
2021-05-05T23:59:59+02:00,1164,1363,2002,2639,2607,4333,4427,6472,8094,8562,13495,14243,8035,10062,2221,4441,430,363,512,784,583,1352,774,2017,970,1415,969,840,4668,5690,1878,3614,59108,23008,8390,2732,26614,1071,48
2021-05-04T23:59:59+02:00,1140,1340,1947,2601,2502,4263,4197,6354,7666,8180,13168,13859,8008,10029,2216,4434,427,361,506,781,573,1343,755,2001,954,1408,950,818,4653,5677,1875,3605,57077,22878,8332,2719,26454,1049,41
2021-05-03T23:59:59+02:00,1107,1299,1887,2547,2388,4150,3979,6227,7217,7745,12764,13389,7975,9996,2211,4420,421,359,504,777,561,1335,749,1991,939,1398,928,794,4637,5661,1870,3592,54677,22775,8308,2710,26316,1031,0
2021-05-02T23:59:59+02:00,1098,1298,1870,2541,2362,4142,3934,6217,7189,7738,12763,13388,7975,9996,2211,4420,421,359,501,777,560,1333,745,1991,938,1394,926,790,4636,5658,1870,3592,54544,22759,8304,2708,26294,1024,0
2021-05-01T23:59:59+02:00,1098,1296,1863,2539,2352,4136,3923,6208,7178,7730,12762,13387,7975,9996,2211,4420,421,359,501,777,560,1333,744,1990,936,1394,926,790,4636,5658,1870,3592,54478,22759,8304,2704,26292,1024,0
2021-04-30T23:59:59+02:00,1081,1288,1842,2526,2327,4103,3889,6172,7072,7647,12700,13318,7973,9993,2209,4408,357,301,469,691,527,1149,716,1763,903,1203,914,784,4634,5656,1870,3592,53990,22745,8303,2700,26255,84,0
2021-04-29T23:59:59+02:00,1023,1263,1795,2489,2262,4047,3753,6053,6793,7395,12494,13107,7956,9967,2205,4402,352,299,461,686,524,1141,707,1754,897,1197,906,774,4625,5648,1870,3591,52485,22675,8288,2694,26231,63,0
2021-04-28T23:59:59+02:00,951,1226,1719,2426,2110,3924,3431,5793,6087,6774,11816,12328,7903,9884,2182,4375,351,296,459,679,515,1125,695,1736,889,1191,891,757,4608,5623,1868,3591,48457,22555,8282,2676,26190,43,0
2021-04-27T23:59:59+02:00,937,1219,1702,2405,2064,3906,3357,5764,5968,6657,11793,12313,7901,9882,2182,4373,349,294,453,677,507,1121,685,1723,881,1184,879,746,4606,5619,1867,3585,47981,22480,8279,2661,26163,35,0
2021-04-26T23:59:59+02:00,928,1205,1670,2388,1998,3862,3169,5685,5622,6339,11262,11706,7857,9824,2178,4364,347,293,452,675,502,1116,671,1715,875,1177,870,739,4602,5613,1867,3582,45667,22432,8270,2634,26120,30,0
2021-04-25T23:59:59+02:00,917,1203,1655,2381,1957,3841,3033,5666,5545,6334,11258,11703,7853,9818,2177,4363,346,293,452,675,502,1109,671,1713,872,1176,870,738,4602,5613,1867,3582,45341,22428,8264,2630,26099,23,0
2021-04-24T23:59:59+02:00,900,1192,1634,2361,1915,3791,2923,5591,5181,5989,10681,11012,7825,9770,2176,4362,346,293,452,675,502,1108,670,1712,870,1175,866,732,4593,5600,1865,3581,42945,22392,8264,2626,26094,22,0
2021-04-23T23:59:59+02:00,891,1184,1623,2351,1886,3762,2882,5540,4989,5759,10405,10680,7790,9732,2173,4355,346,292,452,675,502,1107,669,1712,868,1175,866,730,4590,5598,1865,3581,41657,22381,8264,2625,26081,22,0
2021-04-22T23:59:59+02:00,874,1161,1590,2312,1835,3689,2791,5450,4821,5589,10292,10510,7777,9703,2171,4349,346,290,450,665,500,1101,660,1702,865,1167,860,726,4588,5595,1865,3580,40663,22346,8238,2600,26013,14,0
2021-04-21T23:59:59+02:00,862,1146,1565,2301,1781,3642,2674,5356,4389,5103,9766,9908,7731,9648,2169,4339,345,290,446,663,500,1100,656,1700,859,1161,849,715,4579,5583,1865,3576,38172,22298,8221,2577,25987,12,0
2021-04-20T23:59:59+02:00,853,1130,1546,2278,1749,3611,2616,5292,4243,4999,9586,9706,7711,9639,2168,4337,345,289,446,662,499,1098,656,1695,856,1157,843,711,4576,5579,1865,3576,37340,22269,8210,2572,25914,12,0
2021-04-19T23:59:59+02:00,848,1118,1535,2271,1730,3594,2583,5260,4172,4928,9226,9306,7688,9616,2166,4332,345,287,445,659,497,1095,652,1693,850,1154,839,704,4568,5578,1865,3574,36314,22232,8198,2561,25861,12,0
2021-04-18T23:59:59+02:00,844,1115,1530,2266,1712,3587,2565,5248,4163,4925,9220,9296,7688,9615,2166,4332,344,286,445,656,495,1092,651,1690,848,1154,838,701,4568,5577,1865,3574,36255,22224,8178,2548,25839,12,0
2021-04-17T23:59:59+02:00,826,1106,1425,2258,1627,3574,2524,5211,4039,4802,8559,8627,7675,9607,2166,4332,343,286,444,654,494,1092,650,1689,847,1152,838,701,4567,5577,1865,3574,36247,22213,8178,2548,23933,12,0
2021-04-16T23:59:59+02:00,807,1086,1281,2236,1487,3549,2432,5138,3808,4556,7307,7165,7640,9564,2154,4304,342,284,440,648,489,1089,641,1686,840,1145,832,694,4561,5569,1863,3572,34872,22141,8169,2544,21473,10,0
2021-04-15T23:59:59+02:00,785,1075,1270,2222,1465,3529,2374,5099,3717,4484,6890,6686,7597,9500,2135,4239,333,276,426,639,472,1076,608,1660,805,1117,718,607,4095,5081,1842,3545,33554,22087,8111,1207,21402,6,0
2021-04-14T23:59:59+02:00,780,1068,1246,2214,1438,3510,2326,5057,3526,4350,5606,5325,7551,9435,2116,4208,325,271,423,633,465,1072,603,1652,799,1113,701,592,4084,5072,1839,3541,30328,22003,8101,1177,21327,5,0
2021-04-13T23:59:59+02:00,776,1068,1238,2209,1424,3507,2312,5044,3507,4335,5592,5309,7546,9431,2115,4206,325,269,421,632,462,1069,600,1647,785,1111,687,587,4082,5071,1839,3541,30248,21983,8079,1140,21292,5,0
2021-04-12T23:59:59+02:00,770,1057,1225,2201,1407,3497,2281,5029,3479,4311,5570,5295,7537,9419,2112,4176,324,268,419,632,462,1063,598,1642,776,1103,682,585,4079,5070,1839,3541,30124,21958,8034,1120,21208,5,0
2021-04-11T23:59:59+02:00,760,1053,1210,2189,1389,3478,2209,5004,3348,4211,5026,4722,7015,8750,2105,4172,324,268,417,632,461,1062,593,1639,773,1102,678,582,4075,5065,1839,3541,30096,21953,5422,1093,21123,5,0
2021-04-10T23:59:59+02:00,760,1052,1209,2188,1387,3475,2208,5001,3345,4202,4983,4676,7012,8745,2105,4171,319,262,414,623,449,1047,567,1621,737,1075,570,485,3538,4460,1796,3465,29978,20330,5419,1093,21122,5,0
2021-04-09T23:59:59+02:00,757,1051,1201,2185,1382,3472,2166,4973,3254,4119,4807,4519,6982,8697,2101,4158,308,255,400,605,435,1036,541,1603,716,1046,449,398,2920,3651,1753,3391,29296,18410,5415,1092,21113,5,0
2021-04-08T23:59:59+02:00,746,1040,1186,2171,1365,3444,2088,4909,3106,4010,3722,3337,6797,8384,2093,4145,293,245,383,588,410,1019,520,1574,686,1024,431,377,2913,3644,1750,3388,28503,18195,5367,1045,18673,5,0
2021-04-07T23:59:59+02:00,739,1034,1172,2161,1344,3428,1949,4800,2753,3753,3170,2844,6698,8260,2071,4102,278,236,350,560,373,987,479,1538,651,999,403,353,2854,3584,1747,3381,26327,17743,5348,1026,18603,4,0
2021-04-06T23:59:59+02:00,722,1024,1141,2152,1320,3410,1810,4738,2450,3554,2766,2541,6622,8169,2053,4070,249,220,316,535,349,970,442,1515,617,965,369,315,2799,3511,1742,3373,24734,17274,5334,1009,18474,4,0
2021-04-05T23:59:59+02:00,718,1022,1130,2148,1317,3407,1796,4727,2440,3537,2120,1849,5875,7222,2051,4070,249,220,315,531,344,963,438,1514,612,961,366,311,2798,3507,1742,3371,24704,17264,5324,974,15401,4,0
2021-04-04T23:59:59+02:00,717,1022,1129,2148,1317,3407,1796,4726,2437,3536,2120,1845,5875,7219,2051,4070,249,220,315,531,344,963,437,1514,612,961,366,311,2797,3507,1742,3371,24696,17262,5324,974,15395,4,0
2021-04-03T23:59:59+02:00,717,1022,1129,2147,1317,3407,1794,4724,2434,3536,2119,1843,5874,7219,2051,4070,249,220,315,531,344,963,437,1514,611,961,366,311,2797,3507,1742,3371,24690,17261,5320,974,15393,4,0
2021-04-02T23:59:59+02:00,717,1021,1129,2147,1313,3406,1792,4718,2432,3534,2108,1833,5866,7203,2047,4059,249,219,315,529,344,963,436,1512,610,954,364,311,2797,3506,1742,3371,24622,17244,5316,974,15387,4,0
2021-04-01T23:59:59+02:00,713,1009,1104,2127,1200,3300,1715,4664,2171,3329,1345,1206,5697,7024,2039,4035,245,218,315,528,343,961,435,1510,609,953,362,309,2797,3506,1742,3367,24516,17232,2812,964,15350,4,0
2021-03-31T23:59:59+02:00,711,1008,1101,2123,1195,3292,1703,4658,2153,3316,1319,1171,5669,6969,1999,3942,244,218,315,527,342,961,435,1509,608,951,359,307,2793,3505,1741,3366,24198,17221,2798,956,15333,4,0
2021-03-30T23:59:59+02:00,708,1000,1096,2118,1188,3287,1694,4644,2143,3302,1267,1124,5587,6828,1959,3808,244,217,315,526,339,957,430,1507,602,940,345,296,2666,3319,1647,3175,23672,16606,2776,915,15305,4,0
2021-03-29T23:59:59+02:00,706,998,1091,2110,1179,3280,1687,4630,2129,3290,1231,1089,5524,6727,1909,3690,244,216,314,525,336,955,427,1503,599,935,335,289,2385,2975,1482,2878,23228,15481,2753,913,15289,4,0
2021-03-28T23:59:59+02:00,706,994,1089,2105,1175,3272,1684,4621,2126,3286,1215,1077,5514,6706,1899,3660,242,216,312,521,330,952,425,1495,595,921,330,280,2380,2963,1481,2876,23122,15455,2735,860,15272,4,0
2021-03-27T23:59:59+01:00,647,922,1012,2032,1089,3157,1562,4507,2032,3209,1148,1004,4919,5984,1899,3660,240,215,312,521,330,952,420,1492,593,919,330,280,2379,2962,1481,2876,23107,15439,2731,860,12945,3,0
2021-03-26T23:59:59+01:00,642,915,1006,2023,1088,3152,1551,4499,2012,3201,1103,974,4895,5951,1898,3656,239,212,311,519,328,951,418,1491,589,912,320,275,1872,2267,1171,2315,22914,13333,2722,854,12930,3,0
2021-03-25T23:59:59+01:00,639,909,993,2011,1086,3147,1544,4488,1999,3191,1093,963,4888,5947,1898,3655,238,209,310,518,326,944,415,1486,585,902,315,271,1769,2132,1143,2256,22868,12985,2713,831,12870,3,0
2021-03-24T23:59:59+01:00,637,904,979,1996,1075,3134,1515,4472,1988,3180,1058,932,4863,5916,1893,3650,238,209,309,516,323,940,411,1479,575,886,300,260,1407,1699,1024,2042,22727,11846,2688,769,12777,3,0
2021-03-23T23:59:59+01:00,634,895,975,1986,1069,3123,1509,4459,1978,3176,1046,922,4845,5900,1893,3648,237,209,307,513,316,937,410,1479,569,882,293,253,1139,1397,941,1903,22653,11034,2679,748,12726,3,0
2021-03-22T23:59:59+01:00,633,884,972,1977,1065,3113,1499,4445,1967,3168,1043,919,4840,5899,1893,3648,235,209,306,511,315,936,407,1476,566,878,289,249,1137,1394,941,1901,22631,11018,2664,729,12670,3,0
2021-03-21T23:59:59+01:00,631,878,969,1971,1062,3107,1494,4435,1959,3161,1040,918,4840,5898,1893,3648,235,209,306,509,314,932,407,1471,559,876,280,245,1132,1389,941,1901,22628,11017,2650,686,12626,3,0
2021-03-20T23:59:59+01:00,626,867,963,1957,1047,3092,1467,4416,1922,3130,930,818,4291,5276,1849,3568,235,209,306,509,314,932,407,1471,559,876,280,245,1132,1389,940,1900,20963,11015,2650,686,12606,3,0
2021-03-19T23:59:59+01:00,616,857,943,1927,1024,3077,1431,4393,1895,3094,803,727,3652,4450,1808,3492,232,209,305,509,313,929,405,1469,554,870,278,244,1111,1369,917,1867,18983,10994,2639,584,12567,3,0
2021-03-18T23:59:59+01:00,601,837,927,1908,1001,3051,1395,4350,1850,3046,678,636,3165,3941,1788,3465,227,207,301,504,311,921,402,1463,552,864,274,239,992,1248,822,1702,18908,10616,1241,410,12490,3,0
2021-03-17T23:59:59+01:00,599,825,916,1888,990,3035,1372,4328,1832,3030,649,612,3080,3850,1783,3460,225,206,299,502,308,920,395,1458,549,859,271,235,698,916,572,1314,18603,9694,1203,33,12443,0,0
2021-03-16T23:59:59+01:00,596,810,903,1872,974,3021,1354,4314,1805,3015,624,598,3032,3776,1782,3456,225,206,298,502,307,918,392,1456,545,854,266,231,425,645,409,1039,18398,8691,1164,27,12370,0,0
2021-03-15T23:59:59+01:00,596,796,899,1856,966,3000,1348,4309,1795,3004,618,596,3031,3775,1782,3456,224,206,297,501,306,918,391,1455,543,854,266,231,425,644,408,1039,18385,8684,1142,24,12300,0,0
2021-03-14T23:59:59+01:00,595,790,892,1843,960,2996,1338,4295,1783,2993,615,592,3026,3772,1782,3456,224,206,296,501,305,916,389,1453,543,854,266,231,425,644,408,1039,18380,8682,1115,18,12233,0,0
2021-03-13T23:59:59+01:00,569,717,784,1578,834,2601,1132,3726,1508,2606,549,508,2928,3658,1781,3455,224,206,296,501,305,916,389,1453,543,854,266,231,425,644,408,1039,18376,8682,1115,18,9443,0,0
2021-03-12T23:59:59+01:00,550,609,717,1307,739,2173,951,3024,1212,2006,474,434,2891,3618,1781,3455,224,205,296,501,305,914,388,1452,543,853,266,230,401,613,369,985,18354,8527,1114,18,6473,0,0
2021-03-11T23:59:59+01:00,525,567,684,1237,691,2062,893,2870,1114,1899,442,391,2879,3610,1780,3455,224,205,295,499,304,913,388,1449,542,853,266,229,382,590,327,947,18170,8398,1066,15,5863,0,0
2021-03-10T23:59:59+01:00,510,554,645,1200,652,2031,853,2831,1079,1873,425,378,2866,3592,1779,3451,219,202,292,492,304,913,383,1441,537,847,262,223,214,449,145,723,17893,7637,1046,9,5780,0,0
2021-03-09T23:59:59+01:00,490,536,616,1172,633,2011,831,2803,1059,1850,406,361,2747,3416,1682,3254,219,202,290,490,303,912,382,1438,537,844,260,222,214,448,145,723,17134,7629,1031,0,5702,0,0
2021-03-08T23:59:59+01:00,475,510,596,1144,614,1991,815,2782,1040,1821,381,334,2459,3063,1514,2956,219,201,290,488,302,907,382,1433,537,842,259,220,214,447,145,723,15889,7609,1003,0,5603,0,0
2021-03-07T23:59:59+01:00,473,505,588,1128,604,1983,812,2768,1036,1814,380,332,2454,3055,1513,2955,219,201,290,487,302,905,382,1430,537,842,259,220,214,447,145,723,15863,7603,994,0,5543,0,0
2021-03-06T23:59:59+01:00,473,500,584,1117,601,1982,806,2759,1031,1809,380,332,2454,3055,1513,2955,219,201,290,487,302,905,382,1430,537,841,258,220,214,447,145,723,15855,7601,994,0,5502,0,0
2021-03-05T23:59:59+01:00,467,483,577,1104,596,1975,801,2751,1024,1801,365,323,1915,2326,1197,2362,216,196,286,487,299,904,380,1427,535,837,258,220,214,447,145,723,13619,7574,994,0,5454,0,0
2021-03-04T23:59:59+01:00,456,450,549,1073,577,1912,774,2696,1003,1760,361,318,1812,2194,1168,2303,205,189,278,478,298,897,378,1413,533,834,257,220,214,447,145,723,13265,7509,988,0,5153,0,0
2021-03-03T23:59:59+01:00,453,440,539,1043,560,1876,750,2648,987,1729,353,313,1452,1760,1046,2084,204,188,277,477,297,896,374,1405,531,828,255,218,213,444,143,720,12107,7470,979,0,4947,0,0
2021-03-02T23:59:59+01:00,449,431,531,1012,546,1854,741,2625,977,1712,344,303,1173,1453,960,1944,204,186,276,465,293,891,374,1395,531,823,255,218,213,444,143,720,11283,7431,944,0,4828,0,0
2021-03-01T23:59:59+01:00,447,423,521,985,527,1828,729,2597,970,1697,340,298,1171,1447,960,1941,203,183,276,456,290,880,372,1380,529,819,253,216,212,443,143,720,11265,7375,908,0,4708,0,0
2021-02-28T23:59:59+01:00,444,419,517,976,523,1817,726,2587,964,1683,337,294,1171,1445,960,1941,202,182,276,456,290,879,372,1380,528,819,253,216,212,443,143,720,11265,7371,881,0,4658,0,0
2021-02-27T23:59:59+01:00,443,415,512,970,521,1812,723,2578,961,1681,336,293,1171,1445,959,1941,202,182,276,456,290,879,371,1380,528,819,253,216,212,443,143,720,11264,7370,881,0,4616,0,0
2021-02-26T23:59:59+01:00,392,361,435,786,449,1471,584,2149,790,1381,325,283,1171,1442,959,1941,202,180,276,453,288,868,369,1375,526,816,253,216,212,443,143,720,11253,7340,870,0,2796,0,0
2021-02-25T23:59:59+01:00,372,350,423,763,437,1435,570,2105,773,1347,316,276,1078,1342,897,1829,148,166,259,447,279,856,359,1360,521,812,253,214,212,443,143,720,10851,7192,840,0,2622,0,0
2021-02-24T23:59:59+01:00,367,342,417,746,431,1397,553,2052,751,1311,308,265,846,1082,736,1552,148,160,258,441,275,847,358,1346,514,806,250,212,211,442,142,718,9910,7128,798,0,2448,0,0
2021-02-23T23:59:59+01:00,363,329,409,731,421,1375,543,2015,734,1295,296,256,567,798,570,1282,148,159,257,439,273,840,358,1337,513,802,249,211,210,442,140,717,8900,7095,754,0,2330,0,0
2021-02-22T23:59:59+01:00,363,326,408,724,420,1368,538,2006,730,1291,296,253,566,796,570,1281,148,153,252,429,270,822,355,1313,508,796,246,210,210,442,140,717,8895,7011,742,0,2299,0,0
2021-02-21T23:59:59+01:00,360,325,405,719,418,1361,536,1996,723,1288,287,249,561,791,569,1281,148,152,251,429,269,820,352,1310,501,793,245,209,209,441,139,708,8891,6976,701,0,2277,0,0
2021-02-20T23:59:59+01:00,360,322,405,717,418,1352,535,1987,721,1285,287,249,561,791,569,1281,148,152,251,429,269,820,351,1310,501,793,245,209,209,441,139,708,8891,6975,701,0,2248,0,0
2021-02-19T23:59:59+01:00,313,291,372,632,381,1179,472,1766,614,1091,284,243,516,738,507,1190,148,152,251,429,268,820,351,1310,501,793,245,209,209,441,139,708,8664,6974,595,0,1330,0,0
2021-02-18T23:59:59+01:00,311,285,364,621,369,1160,459,1749,606,1085,284,241,447,669,415,1081,145,148,246,424,262,814,348,1301,498,792,243,208,209,441,139,708,8482,6926,418,0,1246,0,0
2021-02-17T23:59:59+01:00,304,279,353,608,360,1150,438,1732,599,1076,279,234,218,461,149,739,136,133,243,420,257,796,342,1285,492,785,239,206,208,441,139,708,7756,6830,31,0,1192,0,0
2021-02-16T23:59:59+01:00,300,277,343,605,351,1141,430,1719,595,1070,276,231,217,460,149,739,102,117,225,395,246,768,326,1244,460,749,219,191,200,426,138,701,7748,6507,27,0,1128,0,0
2021-02-15T23:59:59+01:00,298,276,341,601,349,1133,429,1709,591,1065,276,231,217,459,148,739,101,115,221,384,237,754,317,1215,443,728,208,184,188,397,131,652,7740,6275,24,0,1098,0,0
2021-02-14T23:59:59+01:00,296,272,336,600,345,1124,425,1703,588,1062,276,231,217,459,148,739,97,113,214,378,234,746,311,1199,440,718,207,181,188,386,131,643,7730,6186,19,0,1072,0,0
2021-02-13T23:59:59+01:00,296,272,336,600,345,1124,424,1703,588,1061,275,231,217,459,148,739,97,113,214,378,234,746,311,1199,440,718,207,181,188,386,131,643,7728,6186,19,0,1071,0,0
2021-02-12T23:59:59+01:00,225,207,297,509,314,928,393,1460,552,858,268,228,217,459,148,739,94,112,211,377,231,743,305,1194,437,713,205,180,188,386,131,643,7716,6150,19,0,67,0,0
2021-02-11T23:59:59+01:00,222,205,292,497,308,913,387,1442,544,851,268,228,217,459,148,739,93,106,198,347,220,704,285,1136,422,675,204,177,188,381,131,640,7676,5907,16,0,28,0,0
2021-02-10T23:59:59+01:00,219,198,288,492,304,910,380,1431,542,843,266,226,215,457,148,738,86,99,182,317,207,643,268,1049,399,631,194,162,173,349,119,597,7634,5475,10,0,13,0,0
2021-02-09T23:59:59+01:00,212,191,286,481,303,903,380,1419,540,836,263,225,215,456,148,738,75,79,143,251,175,537,234,845,339,516,177,134,153,313,110,531,7588,4612,2,0,6,0,0
2021-02-08T23:59:59+01:00,207,184,283,470,298,891,376,1401,534,830,259,221,214,454,146,735,43,58,101,157,127,290,168,461,244,343,154,109,124,260,89,434,7495,3162,2,0,6,0,0
2021-02-07T23:59:59+01:00,205,182,280,469,297,889,375,1399,533,830,258,220,214,454,146,735,25,48,84,136,122,269,157,428,229,317,146,104,116,248,84,401,7485,2914,1,0,0,0,0
2021-02-06T23:59:59+01:00,205,182,280,469,297,889,375,1399,533,830,258,220,214,454,146,735,25,45,81,133,111,255,148,410,196,294,133,104,115,243,83,390,7485,2766,1,0,0,0,0
2021-02-05T23:59:59+01:00,205,180,280,466,296,875,372,1394,530,827,258,219,214,454,146,734,24,40,77,125,105,241,141,384,184,276,126,100,112,237,76,374,7449,2622,1,0,0,0,0
2021-02-04T23:59:59+01:00,196,175,280,462,290,864,369,1382,521,821,257,217,213,453,146,732,14,25,51,85,81,184,116,293,152,226,111,90,101,219,68,334,7378,2150,0,0,0,0,0
2021-02-03T23:59:59+01:00,178,169,273,456,286,860,367,1371,521,820,256,217,213,453,146,731,14,23,44,71,74,149,92,266,133,189,90,76,87,187,62,293,7317,1850,0,0,0,0,0
2021-02-02T23:59:59+01:00,155,163,263,453,282,853,363,1361,520,817,255,217,212,453,145,730,13,20,35,65,63,126,74,217,105,143,59,55,62,119,40,189,7242,1385,0,0,0,0,0
2021-02-01T23:59:59+01:00,150,156,257,439,279,835,362,1336,514,807,251,215,212,453,145,730,7,13,17,35,38,72,42,108,58,61,24,28,28,48,22,97,7141,698,0,0,0,0,0
2021-01-31T23:59:59+01:00,149,153,254,437,278,831,360,1331,510,805,251,212,211,452,145,730,5,9,14,22,31,52,29,59,37,38,12,9,13,29,17,59,7109,435,0,0,0,0,0
2021-01-30T23:59:59+01:00,149,153,254,437,278,829,359,1331,510,805,251,212,211,452,145,730,5,9,12,18,28,46,24,50,34,37,12,9,13,29,17,59,7106,402,0,0,0,0,0
2021-01-29T23:59:59+01:00,149,153,254,437,277,829,359,1331,510,805,251,212,211,452,145,730,4,8,8,17,26,37,19,42,30,34,12,9,12,27,17,59,7105,361,0,0,0,0,0
2021-01-28T23:59:59+01:00,147,150,250,429,272,825,357,1323,506,804,251,212,211,452,145,730,1,3,2,7,15,15,11,20,12,18,8,5,6,15,4,23,7064,165,0,0,0,0,0
2021-01-27T23:59:59+01:00,138,140,249,425,268,816,353,1315,500,799,246,210,210,451,145,730,0,0,1,3,11,11,8,15,10,13,7,5,6,15,4,23,6995,132,0,0,0,0,0
2021-01-26T23:59:59+01:00,106,124,233,412,260,788,341,1278,475,768,226,198,202,437,145,722,0,0,1,3,11,11,8,15,10,13,7,5,6,15,4,23,6715,132,0,0,0,0,0
2021-01-25T23:59:59+01:00,103,117,230,392,245,768,329,1243,454,747,213,189,192,411,140,674,0,0,1,3,11,8,7,9,7,9,7,5,6,15,4,23,6447,115,0,0,0,0,0
2021-01-24T23:59:59+01:00,103,115,226,386,244,764,326,1227,452,736,212,186,192,400,140,664,0,0,1,3,11,8,7,9,7,9,7,5,6,15,4,23,6373,115,0,0,0,0,0
2021-01-23T23:59:59+01:00,103,115,226,386,244,764,326,1227,452,736,212,186,192,400,140,664,0,0,1,3,11,8,7,9,7,9,7,5,6,15,4,23,6373,115,0,0,0,0,0
2021-01-22T23:59:59+01:00,103,114,224,384,244,761,322,1223,448,732,210,185,192,400,140,664,0,0,1,3,11,8,7,9,7,9,7,5,6,15,4,23,6346,115,0,0,0,0,0
2021-01-21T23:59:59+01:00,103,108,207,352,234,721,298,1166,435,707,209,181,191,394,139,661,0,0,1,1,9,7,6,7,6,8,7,5,6,15,4,23,6106,105,0,0,0,0,0
2021-01-20T23:59:59+01:00,95,102,193,327,221,654,283,1070,408,658,199,169,175,362,128,618,0,0,1,1,9,7,6,7,6,8,7,5,6,15,4,23,5662,105,0,0,0,0,0
2021-01-19T23:59:59+01:00,85,88,155,278,199,590,259,936,364,561,183,141,155,319,115,543,0,0,1,1,3,7,5,6,4,6,6,4,6,15,4,23,4971,91,0,0,0,0,0
2021-01-18T23:59:59+01:00,72,77,130,231,179,479,227,776,327,481,167,122,131,270,95,461,0,0,0,1,2,3,2,1,2,5,5,4,6,15,4,21,4225,71,0,0,0,0,0
2021-01-17T23:59:59+01:00,46,59,107,202,166,414,209,684,300,428,157,114,119,252,81,405,0,0,0,0,2,3,1,1,2,4,5,4,6,15,4,21,3743,68,0,0,0,0,0
2021-01-16T23:59:59+01:00,39,56,106,199,154,398,197,661,267,404,144,114,118,247,80,394,0,0,0,0,0,0,0,0,0,0,0,0,0,0,0,0,3578,0,0,0,0,0,0
2021-01-15T23:59:59+01:00,37,52,102,191,143,384,190,631,252,384,137,106,114,240,73,378,0,0,0,0,0,0,0,0,0,0,0,0,0,0,0,0,3414,0,0,0,0,0,0
2021-01-14T23:59:59+01:00,13,29,52,84,84,178,119,292,150,225,117,92,100,221,64,338,0,0,0,0,0,0,0,0,0,0,0,0,0,0,0,0,2158,0,0,0,0,0,0
2021-01-13T23:59:59+01:00,12,25,41,70,77,143,96,266,124,190,87,73,79,178,53,269,0,0,0,0,0,0,0,0,0,0,0,0,0,0,0,0,1783,0,0,0,0,0,0
2021-01-12T23:59:59+01:00,12,20,37,64,65,119,78,213,97,139,54,49,52,103,28,156,0,0,0,0,0,0,0,0,0,0,0,0,0,0,0,0,1286,0,0,0,0,0,0
2021-01-11T23:59:59+01:00,5,15,25,44,43,85,52,131,58,68,24,25,23,39,13,68,0,0,0,0,0,0,0,0,0,0,0,0,0,0,0,0,718,0,0,0,0,0,0
2021-01-10T23:59:59+01:00,2,10,21,28,36,61,33,80,36,40,9,6,7,19,8,29,0,0,0,0,0,0,0,0,0,0,0,0,0,0,0,0,425,0,0,0,0,0,0
2021-01-09T23:59:59+01:00,2,9,19,25,34,57,29,70,34,39,9,6,7,19,8,29,0,0,0,0,0,0,0,0,0,0,0,0,0,0,0,0,396,0,0,0,0,0,0
2021-01-08T23:59:59+01:00,1,8,17,23,31,47,23,59,30,37,8,6,6,17,8,29,0,0,0,0,0,0,0,0,0,0,0,0,0,0,0,0,350,0,0,0,0,0,0
2021-01-07T23:59:59+01:00,1,3,2,9,16,15,12,20,14,19,8,6,6,16,6,24,0,0,0,0,0,0,0,0,0,0,0,0,0,0,0,0,177,0,0,0,0,0,0
2021-01-06T23:59:59+01:00,1,0,2,3,14,12,8,15,12,14,8,6,6,16,6,24,0,0,0,0,0,0,0,0,0,0,0,0,0,0,0,0,147,0,0,0,0,0,0
2021-01-05T23:59:59+01:00,0,0,1,3,12,11,8,15,11,14,7,6,6,16,6,24,0,0,0,0,0,0,0,0,0,0,0,0,0,0,0,0,140,0,0,0,0,0,0
2021-01-04T23:59:59+01:00,0,0,1,3,12,10,7,11,9,12,7,6,6,16,6,24,0,0,0,0,0,0,0,0,0,0,0,0,0,0,0,0,130,0,0,0,0,0,0
2021-01-03T23:59:59+01:00,0,0,1,3,11,8,7,9,7,9,7,6,6,16,6,24,0,0,0,0,0,0,0,0,0,0,0,0,0,0,0,0,120,0,0,0,0,0,0
2021-01-02T23:59:59+01:00,0,0,1,3,11,8,7,9,7,9,7,6,6,16,6,24,0,0,0,0,0,0,0,0,0,0,0,0,0,0,0,0,120,0,0,0,0,0,0
2021-01-01T23:59:59+01:00,0,0,1,3,11,8,7,9,7,9,7,6,6,16,6,24,0,0,0,0,0,0,0,0,0,0,0,0,0,0,0,0,120,0,0,0,0,0,0
2020-12-31T23:59:59+01:00,0,0,1,3,11,8,7,9,7,9,7,6,6,16,6,24,0,0,0,0,0,0,0,0,0,0,0,0,0,0,0,0,120,0,0,0,0,0,0
2020-12-30T23:59:59+01:00,0,0,1,3,11,8,7,9,7,9,7,6,6,16,6,24,0,0,0,0,0,0,0,0,0,0,0,0,0,0,0,0,120,0,0,0,0,0,0
2020-12-29T23:59:59+01:00,0,0,1,3,8,8,6,9,6,7,7,6,6,16,6,24,0,0,0,0,0,0,0,0,0,0,0,0,0,0,0,0,113,0,0,0,0,0,0
2020-12-28T23:59:59+01:00,0,0,1,1,5,5,6,2,4,6,7,6,6,16,6,24,0,0,0,0,0,0,0,0,0,0,0,0,0,0,0,0,95,0,0,0,0,0,0
2020-12-27T23:59:59+01:00,0,0,0,0,2,3,1,1,2,4,5,5,6,15,6,24,0,0,0,0,0,0,0,0,0,0,0,0,0,0,0,0,74,0,0,0,0,0,0
