Datum,<24_1_m,<24_1_w,25-34_1_m,25-34_1_w,35-44_1_m,35-44_1_w,45-54_1_m,45-54_1_w,55-64_1_m,55-64_1_w,65-74_1_m,65-74_1_w,75-84_1_m,75-84_1_w,>84_1_m,>84_1_w,<24_2_m,<24_2_w,25-34_2_m,25-34_2_w,35-44_2_m,35-44_2_w,45-54_2_m,45-54_2_w,55-64_2_m,55-64_2_w,65-74_2_m,65-74_2_w,75-84_2_m,75-84_2_w,>84_2_m,>84_2_w,bp_1,bp_2,mo_1,mo_2,az_1,az_2,ja
2021-06-29T23:59:59+02:00,4649,4594,7344,6991,9698,10373,14399,15184,18592,18914,15606,16319,8780,10684,2809,5358,2171,2128,4046,4271,5549,6736,8726,10154,14277,15156,13323,13856,8372,10167,2729,5175,121042,87941,15750,12423,27696,20666,5806
2021-06-28T23:59:59+02:00,4503,4433,7242,6884,9576,10248,14313,15079,18554,18878,15593,16306,8770,10676,2806,5356,2088,2005,3868,4072,5273,6404,8353,9656,13760,14635,13208,13767,8354,10144,2726,5163,120077,84822,15740,12342,27693,20605,5707
2021-06-27T23:59:59+02:00,4448,4383,7188,6829,9516,10194,14281,15047,18534,18861,15576,16294,8763,10669,2805,5351,2037,1971,3807,4027,5168,6292,8186,9528,13589,14525,13183,13749,8346,10135,2723,5161,119716,84044,15737,12310,27691,20478,5595
2021-06-26T23:59:59+02:00,4393,4354,7156,6801,9499,10173,14262,15032,18522,18849,15572,16287,8763,10669,2805,5351,1961,1879,3618,3868,4955,6036,7822,9074,13243,14230,13103,13692,8327,10107,2718,5152,119478,81417,15734,12310,27691,20473,5585
2021-06-25T23:59:59+02:00,4069,4015,6891,6563,9209,9881,14039,14848,18440,18794,15528,16241,8744,10650,2803,5344,1897,1795,3458,3752,4764,5809,7501,8666,12935,13896,13054,13637,8314,10083,2712,5146,117087,79096,15707,12279,27690,20469,5575
2021-06-24T23:59:59+02:00,3974,3922,6794,6481,9111,9792,13956,14771,18411,18763,15513,16225,8738,10642,2803,5344,1829,1721,3345,3658,4566,5669,7286,8475,12683,13700,12223,12712,8135,9819,2712,5145,116402,77901,15697,12174,27686,18148,5455
2021-06-23T23:59:59+02:00,3557,3547,6344,6134,8581,9290,13622,14474,18276,18629,15410,16134,8695,10606,2800,5330,1693,1547,3092,3458,4155,5348,6347,7772,11951,13004,12201,12700,8125,9812,2712,5141,113493,77289,15453,8873,27685,18098,4798
2021-06-22T23:59:59+02:00,3477,3468,6271,6076,8479,9214,13572,14430,18243,18612,15399,16127,8694,10601,2800,5327,1654,1493,2989,3359,4015,5199,6096,7590,11358,12306,12113,12609,8107,9779,2708,5133,112880,74997,15449,8793,27683,17940,4778
2021-06-21T23:59:59+02:00,3400,3404,6178,6024,8418,9145,13514,14386,18210,18591,15396,16125,8685,10597,2800,5326,1617,1442,2899,3261,3891,5051,5902,7365,10601,11386,11731,12159,7055,8566,2702,5127,112370,72347,15441,8692,27668,14996,4720
2021-06-20T23:59:59+02:00,3374,3383,6131,5992,8373,9118,13488,14372,18199,18587,15395,16125,8685,10597,2800,5326,1597,1427,2863,3235,3841,5014,5849,7341,10516,11312,11711,12140,7053,8559,2701,5127,112202,72036,15425,8616,27668,14984,4650
2021-06-19T23:59:59+02:00,3345,3357,6103,5971,8344,9099,13464,14366,18193,18582,15395,16124,8685,10597,2800,5326,1593,1417,2858,3228,3834,5009,5835,7336,10505,11305,11711,12140,7053,8558,2701,5127,112013,71962,15420,8616,27668,14982,4650
2021-06-18T23:59:59+02:00,3300,3310,6028,5934,8279,9048,13418,14336,18170,18571,15394,16122,8684,10596,2800,5326,1523,1325,2723,3053,3654,4735,5444,6961,9032,9761,11547,11972,7012,8508,2689,5109,111639,66849,15395,8615,27668,14970,4614
2021-06-17T23:59:59+02:00,3237,3255,5962,5897,8209,8996,13348,14291,18147,18560,15392,16117,8684,10593,2800,5323,1394,1235,2536,2844,3397,4452,5089,6579,8370,9040,11265,11734,6971,8451,2685,5106,111279,63203,15366,8500,27665,14944,4501
2021-06-16T23:59:59+02:00,3184,3191,5850,5832,8092,8903,13224,14207,18081,18525,15386,16109,8684,10590,2800,5323,1298,1182,2397,2740,3214,4296,4808,6310,7304,7768,11176,11630,6943,8415,2672,5088,110652,59498,15292,8454,27662,14914,4375
2021-06-15T23:59:59+02:00,3089,3115,5740,5749,7904,8731,12968,13991,17935,18406,15377,16101,8678,10585,2800,5321,1260,1152,2326,2686,3108,4222,4610,6186,6994,7521,10680,11072,6911,8380,2664,5075,109300,57270,15264,8422,27654,14883,4272
2021-06-14T23:59:59+02:00,3016,3043,5661,5692,7762,8612,12681,13759,17753,18234,15362,16087,8671,10580,2799,5320,1233,1125,2260,2631,2983,4126,4418,6049,6658,7221,10157,10469,6881,8343,2660,5066,107929,54929,15256,8317,27650,14837,4197
2021-06-13T23:59:59+02:00,2998,3010,5596,5655,7700,8548,12543,13624,17648,18113,15356,16078,8670,10577,2798,5320,1223,1113,2229,2616,2948,4115,4376,6028,6626,7205,10153,10462,6881,8342,2660,5066,107202,54790,15245,8311,27645,14800,4142
2021-06-12T23:59:59+02:00,2967,2993,5569,5630,7670,8530,12523,13607,17639,18110,15356,16077,8670,10577,2798,5320,1166,1051,2139,2541,2852,3981,4236,5898,6516,7120,10072,10384,6286,7617,2660,5066,107006,54677,15244,8311,27645,12456,4141
2021-06-11T23:59:59+02:00,2890,2914,5500,5565,7488,8345,12116,13300,17360,17907,15340,16052,8664,10569,2796,5318,1144,1032,2087,2501,2789,3933,4154,5836,6411,7037,9971,10271,6273,7611,2658,5060,105994,54154,14356,8064,27644,12420,4130
2021-06-10T23:59:59+02:00,2833,2873,5403,5517,7359,8269,11942,13166,17234,17799,15335,16048,8664,10568,2795,5317,1105,1008,2015,2435,2687,3859,3988,5706,6170,6826,9723,10005,6253,7583,2652,5054,105132,52608,14281,8061,27639,12330,4070
2021-06-09T23:59:59+02:00,2756,2804,5280,5424,7140,8097,11665,12926,17049,17653,15323,16033,8660,10560,2795,5314,1048,945,1885,2318,2484,3678,3662,5422,5559,6325,8917,9108,6196,7507,2638,5019,103936,48648,14134,8044,27630,12240,3779
2021-06-08T23:59:59+02:00,2657,2699,5146,5298,6946,7915,11236,12503,16675,17266,15304,16006,8649,10554,2794,5309,1011,917,1820,2255,2381,3606,3521,5359,5414,6197,8886,9089,6194,7496,2636,5015,101749,48155,14107,7995,27628,12174,3473
2021-06-07T23:59:59+02:00,2527,2600,4959,5170,6739,7752,10760,12146,16334,16971,15279,15978,8643,10537,2793,5305,940,880,1694,2200,2243,3525,3269,5270,5060,5915,8342,8465,6141,7438,2632,5006,99828,45955,14064,7981,27619,12102,2982
2021-06-06T23:59:59+02:00,2492,2575,4898,5112,6652,7696,10624,12036,16242,16907,15276,15974,8643,10537,2791,5304,924,870,1665,2181,2201,3497,3203,5247,5013,5891,8337,8464,6136,7431,2632,5005,99247,45800,14012,7972,27611,12036,2889
2021-06-05T23:59:59+02:00,2479,2552,4870,5086,6614,7672,10593,12008,16233,16900,15276,15974,8643,10537,2791,5304,908,855,1636,2154,2162,3445,3102,5166,4658,5570,7741,7765,6108,7378,2631,5003,99028,43433,14012,7967,27607,11997,2885
2021-06-04T23:59:59+02:00,2449,2523,4825,5040,6566,7621,10507,11905,16180,16838,15272,15967,8643,10536,2790,5303,897,838,1615,2135,2123,3410,3051,5108,4497,5383,7439,7400,6072,7336,2629,4997,98503,42166,14007,7965,27607,11951,2848
2021-06-03T23:59:59+02:00,2346,2394,4675,4869,6363,7377,9808,11274,15589,16389,15261,15958,8640,10531,2789,5302,880,808,1574,2075,2074,3331,2964,5001,4353,5219,7284,7213,6060,7309,2629,4993,95181,41132,13970,7955,27602,11868,2812
2021-06-02T23:59:59+02:00,2328,2370,4632,4836,6307,7339,9708,11185,15531,16336,15253,15954,8639,10527,2789,5301,868,795,1556,2053,2024,3295,2879,4915,3994,4833,6728,6579,6017,7253,2625,4983,94655,38813,13970,7951,27602,11825,2808
2021-06-01T23:59:59+02:00,2267,2327,4513,4748,6143,7230,9520,11039,15426,16262,15250,15951,8635,10523,2788,5296,836,768,1492,2003,1912,3233,2723,4825,3792,4708,6517,6349,5996,7235,2620,4976,93804,37736,13920,7931,27589,11713,2605
2021-05-31T23:59:59+02:00,2213,2269,4413,4653,6001,7103,9333,10896,15339,16207,15242,15943,8632,10523,2788,5296,813,731,1435,1945,1844,3185,2549,4772,3662,4657,6162,5935,5973,7214,2617,4968,93079,36566,13834,7925,27580,11613,2358
2021-05-30T23:59:59+02:00,2188,2247,4357,4591,5912,7042,9259,10834,15301,16188,15241,15941,8632,10523,2788,5296,801,721,1413,1925,1794,3163,2417,4737,3558,4639,6160,5933,5973,7214,2617,4968,92632,36253,13795,7903,27570,11534,2343
2021-05-29T23:59:59+02:00,2171,2232,4339,4580,5895,7026,9245,10821,15297,16185,15240,15941,8632,10523,2788,5296,783,669,1319,1669,1661,2803,2218,4192,3280,4214,6070,5839,5862,7081,2616,4968,92506,36204,13793,7898,27569,8799,2343
2021-05-28T23:59:59+02:00,2150,2209,4301,4536,5850,6984,9169,10751,15231,16133,15236,15939,8632,10523,2788,5295,765,582,1243,1424,1563,2408,2041,3515,3020,3628,5434,5102,5780,6990,2612,4955,92039,34910,13780,7898,27566,5912,2342
2021-05-27T23:59:59+02:00,2108,2172,4216,4469,5726,6910,9014,10651,15134,16050,15234,15938,8632,10522,2788,5295,736,548,1209,1345,1521,2273,1974,3372,2908,3510,5003,4622,5747,6951,2602,4926,91360,33795,13631,7889,27542,5237,2326
2021-05-26T23:59:59+02:00,2040,2055,4020,4326,5384,6650,8048,9909,14376,15346,15222,15932,8628,10516,2786,5293,725,532,1184,1288,1476,2219,1917,3261,2757,3366,3698,3250,5688,6878,2579,4868,90588,30536,10114,7875,27528,4974,2301
2021-05-25T23:59:59+02:00,1999,2016,3935,4259,5289,6584,7913,9802,14003,14913,15174,15896,8621,10501,2784,5289,716,522,1152,1252,1454,2197,1897,3234,2732,3341,3692,3240,5681,6876,2577,4867,89251,30451,9968,7866,27511,4865,2248
2021-05-24T23:59:59+02:00,1973,1972,3847,4189,5187,6508,7788,9686,13492,14304,15123,15828,8614,10487,2783,5284,710,515,1132,1242,1424,2184,1876,3216,2707,3319,3675,3222,5659,6852,2568,4850,87487,30321,9889,7815,27500,4826,2189
2021-05-23T23:59:59+02:00,1964,1959,3828,4166,5169,6495,7736,9655,13418,14241,15112,15824,8612,10486,2782,5284,703,506,1122,1230,1403,2165,1823,3182,2611,3227,3300,2821,5047,6084,2554,4805,87253,30149,9789,5440,27500,4805,2189
2021-05-22T23:59:59+02:00,1801,1917,3526,4117,4768,6451,7481,9600,13293,14162,15106,15823,8612,10485,2782,5284,545,475,829,1188,1028,2129,1585,3129,2497,3152,3296,2819,5047,6083,2554,4805,87105,30137,9789,5440,27498,4768,816
2021-05-21T23:59:59+02:00,1716,1809,3374,3925,4579,6156,7084,9235,12007,12824,14955,15675,8575,10438,2773,5273,542,463,820,1186,1026,2122,1550,3099,2419,3076,3123,2682,5021,6040,2551,4790,82341,29505,9749,5440,27493,4750,815
2021-05-20T23:59:59+02:00,1679,1773,3283,3874,4472,6076,6910,9158,11796,12597,14935,15657,8572,10431,2772,5272,523,450,781,1140,971,2058,1432,3028,2293,2979,2935,2512,4981,5964,2543,4775,81515,28764,9646,5425,27437,4517,659
2021-05-19T23:59:59+02:00,1656,1747,3227,3818,4378,6013,6796,9097,11565,12340,14923,15647,8570,10430,2772,5271,515,438,765,1103,953,1991,1321,2882,1966,2687,2373,2015,4876,5847,2521,4728,80711,26698,9507,5409,27411,4253,621
2021-05-18T23:59:59+02:00,1595,1713,3140,3730,4268,5910,6639,8939,11282,12087,14878,15599,8558,10408,2770,5261,512,426,750,1088,935,1974,1236,2816,1686,2467,1935,1671,4805,5764,2500,4685,79632,25164,9306,5399,27342,4190,497
2021-05-17T23:59:59+02:00,1545,1632,3010,3571,4062,5633,6294,8483,10739,11540,14770,15507,8539,10384,2765,5251,510,418,744,1081,917,1969,1212,2792,1658,2428,1918,1652,4798,5757,2496,4682,76753,25098,9271,5385,27317,4165,384
2021-05-16T23:59:59+02:00,1526,1610,2957,3531,3966,5546,6145,8346,10563,11408,14745,15485,8532,10376,2764,5249,503,412,721,1066,887,1953,1184,2765,1625,2404,1911,1643,4796,5753,2493,4680,76009,25069,9215,5367,27286,4121,239
2021-05-15T23:59:59+02:00,1439,1513,2746,3364,3737,5268,5784,7875,10212,11112,14660,15423,8513,10347,2758,5240,503,411,717,1064,887,1950,1180,2764,1620,2400,1899,1631,4790,5747,2493,4678,73259,25013,9215,5367,27279,4116,238
2021-05-14T23:59:59+02:00,1408,1452,2637,3272,3585,5112,5588,7590,9994,10861,14625,15386,8500,10324,2755,5236,454,371,646,899,815,1665,1051,2356,1441,2077,1865,1591,4787,5739,2492,4673,71627,24951,9209,5365,27255,2372,234
2021-05-13T23:59:59+02:00,1350,1386,2537,3189,3420,4976,5371,7384,9772,10689,14599,15358,8491,10321,2753,5233,447,358,619,871,713,1560,952,2274,1180,1866,1152,1012,4566,5506,2484,4640,70469,24835,8915,2837,27226,2309,219
2021-05-12T23:59:59+02:00,1343,1378,2521,3184,3402,4964,5351,7371,9758,10678,14597,15354,8489,10319,2752,5233,447,357,618,870,710,1559,948,2273,1176,1860,1134,1003,4553,5468,2451,4571,70361,24637,8891,2837,27224,2306,218
2021-05-11T23:59:59+02:00,1301,1335,2446,3100,3290,4837,5157,7226,9470,10370,14549,15297,8476,10299,2748,5224,441,344,600,856,689,1543,921,2250,1151,1833,1080,967,4491,5371,2409,4447,69022,24150,8767,2820,27138,2225,198
2021-05-10T23:59:59+02:00,1277,1309,2383,3024,3164,4713,5027,7069,9147,9989,14503,15259,8467,10280,2743,5222,440,342,588,846,675,1528,910,2235,1134,1819,1046,933,4430,5295,2368,4332,67672,23742,8647,2817,27068,2173,189
2021-05-09T23:59:59+02:00,1262,1292,2340,3010,3088,4678,4965,7035,9082,9945,14490,15244,8465,10275,2743,5220,432,340,575,841,653,1508,888,2216,1122,1806,1027,918,4418,5257,2352,4290,67435,23585,8573,2815,27024,2141,102
2021-05-08T23:59:59+02:00,1259,1288,2325,2998,3072,4669,4925,7021,9058,9937,14489,15244,8465,10274,2743,5220,432,340,575,841,652,1508,888,2215,1121,1805,1027,918,4417,5257,2352,4290,67295,23584,8567,2812,27023,2140,102
2021-05-07T23:59:59+02:00,1240,1265,2286,2957,3022,4621,4826,6929,8834,9692,14474,15221,8459,10268,2740,5216,382,312,543,772,615,1347,818,2010,1033,1619,997,889,4397,5234,2350,4285,66391,23480,8561,2809,26996,1212,102
2021-05-06T23:59:59+02:00,1090,1174,2061,2714,2723,4312,4457,6529,8248,9086,14196,14982,8419,10211,2737,5215,381,308,532,753,598,1315,799,1976,1001,1591,970,857,4387,5220,2348,4281,62765,23353,8433,2759,26861,1110,95
2021-05-05T23:59:59+02:00,1025,1121,1952,2601,2567,4142,4165,6251,7238,7906,14111,14884,8384,10171,2724,5195,378,305,525,743,583,1306,765,1963,978,1570,895,797,4346,5151,2340,4266,59260,23037,8388,2740,26740,1085,49
2021-05-04T23:59:59+02:00,1003,1101,1901,2563,2466,4076,3947,6139,6957,7692,13603,14316,8354,10136,2719,5186,375,304,520,739,572,1301,748,1944,962,1563,876,774,4327,5136,2337,4257,57208,22906,8330,2725,26580,1063,41
2021-05-03T23:59:59+02:00,971,1063,1842,2510,2364,3966,3748,6021,6601,7392,13066,13693,8317,10098,2712,5171,369,302,518,735,562,1295,739,1934,948,1550,852,750,4310,5118,2331,4244,54789,22796,8304,2716,26442,1045,0
2021-05-02T23:59:59+02:00,966,1062,1823,2504,2339,3958,3705,6011,6567,7384,13065,13693,8317,10097,2712,5171,369,302,515,735,561,1293,735,1934,947,1547,850,746,4309,5114,2331,4244,54655,22780,8300,2714,26419,1038,0
2021-05-01T23:59:59+02:00,966,1060,1816,2502,2328,3953,3694,6003,6556,7375,13064,13691,8317,10097,2712,5171,369,302,515,735,561,1293,734,1933,945,1547,850,746,4309,5114,2331,4244,54588,22780,8300,2710,26417,1038,0
2021-04-30T23:59:59+02:00,949,1055,1795,2488,2307,3918,3657,5970,6479,7322,12969,13587,8316,10093,2709,5159,317,247,473,659,532,1115,704,1709,911,1344,838,729,4305,5112,2331,4244,54094,22766,8299,2706,26380,98,0
2021-04-29T23:59:59+02:00,894,1030,1738,2438,2245,3861,3512,5847,6242,7101,12710,13314,8294,10064,2705,5152,311,245,465,653,530,1108,697,1699,902,1336,829,714,4296,5105,2331,4242,52507,22686,8284,2700,26356,77,0
2021-04-28T23:59:59+02:00,833,996,1658,2377,2101,3751,3227,5594,5640,6598,11879,12400,8235,9975,2680,5115,310,242,463,647,522,1095,686,1679,891,1329,816,698,4277,5079,2329,4242,48466,22566,8278,2682,26315,57,0
2021-04-27T23:59:59+02:00,823,991,1640,2357,2057,3732,3156,5568,5516,6477,11850,12383,8233,9973,2680,5113,309,240,456,645,515,1090,677,1667,882,1323,804,687,4273,5073,2328,4236,47987,22489,8275,2667,26287,49,0
2021-04-26T23:59:59+02:00,813,978,1614,2339,1998,3693,2981,5491,5185,6193,11286,11737,8177,9908,2675,5103,307,239,455,644,509,1084,666,1661,874,1315,795,679,4268,5068,2328,4232,45662,22440,8266,2640,26243,44,0
2021-04-25T23:59:59+02:00,803,976,1600,2333,1960,3677,2855,5468,5093,6188,11282,11733,8174,9902,2674,5102,306,239,455,644,509,1078,666,1658,871,1313,795,678,4268,5068,2328,4232,45337,22435,8260,2636,26223,37,0
2021-04-24T23:59:59+02:00,789,966,1578,2313,1921,3632,2758,5398,4747,5868,10666,11009,8144,9844,2673,5100,306,239,455,644,509,1077,665,1657,870,1313,790,674,4259,5052,2326,4231,42928,22399,8260,2632,26218,36,0
2021-04-23T23:59:59+02:00,784,958,1565,2303,1892,3606,2718,5348,4586,5682,10357,10628,8104,9802,2670,5091,306,238,455,644,509,1076,664,1657,868,1313,790,673,4256,5049,2326,4231,41629,22388,8260,2631,26205,36,0
2021-04-22T23:59:59+02:00,768,943,1537,2260,1841,3538,2633,5258,4434,5528,10212,10433,8090,9771,2668,5083,306,237,453,633,507,1070,658,1649,862,1304,784,668,4254,5047,2326,4229,40628,22353,8234,2606,26135,28,0
2021-04-21T23:59:59+02:00,757,930,1513,2249,1789,3494,2528,5172,4051,5111,9616,9750,8041,9708,2664,5072,305,237,449,631,507,1069,654,1646,857,1299,772,657,4244,5034,2326,4225,38119,22304,8217,2582,26109,26,0
2021-04-20T23:59:59+02:00,750,919,1491,2222,1758,3465,2476,5114,3913,5016,9420,9531,8024,9698,2660,5069,305,235,449,630,506,1067,653,1641,855,1295,766,653,4240,5030,2326,4225,37284,22274,8206,2576,26036,26,0
2021-04-19T23:59:59+02:00,743,908,1482,2215,1741,3448,2444,5088,3850,4959,9053,9113,7999,9673,2657,5063,305,233,448,627,504,1064,649,1639,851,1291,760,647,4231,5028,2326,4223,36261,22235,8194,2565,25981,26,0
2021-04-18T23:59:59+02:00,739,906,1477,2209,1724,3441,2425,5076,3842,4957,9045,9102,7999,9672,2657,5063,304,233,448,623,503,1061,647,1636,848,1291,759,645,4231,5026,2326,4223,36201,22227,8174,2551,25959,26,0
2021-04-17T23:59:59+02:00,722,900,1389,2199,1624,3429,2388,5046,3762,4880,8336,8383,7983,9659,2657,5063,304,233,446,621,502,1061,646,1636,847,1288,759,645,4230,5026,2326,4223,36193,22216,8174,2551,24053,26,0
2021-04-16T23:59:59+02:00,706,882,1260,2177,1473,3407,2302,4981,3602,4716,7003,6835,7948,9610,2644,5032,304,232,441,615,498,1057,636,1634,843,1280,749,639,4221,5011,2323,4221,34820,22143,8164,2547,21594,14,0
2021-04-15T23:59:59+02:00,685,871,1250,2163,1453,3389,2245,4943,3531,4663,6565,6334,7907,9548,2622,4960,296,226,427,605,481,1043,602,1608,808,1251,660,578,3730,4503,2300,4186,33502,22088,8106,1206,21521,10,0
2021-04-14T23:59:59+02:00,680,867,1229,2151,1422,3370,2200,4908,3400,4569,5223,4933,7857,9482,2601,4923,288,222,424,598,474,1040,596,1600,802,1248,645,561,3718,4494,2296,4181,30277,22001,8095,1177,21443,9,0
2021-04-13T23:59:59+02:00,678,867,1220,2146,1407,3368,2192,4897,3380,4554,5204,4914,7851,9479,2600,4921,288,221,422,596,471,1037,594,1596,791,1246,627,557,3716,4491,2296,4181,30197,21981,8074,1140,21407,9,0
2021-04-12T23:59:59+02:00,672,859,1207,2137,1391,3357,2159,4882,3350,4530,5181,4899,7839,9468,2597,4888,287,220,420,595,470,1031,592,1592,783,1239,623,554,3711,4490,2296,4181,30069,21956,8029,1119,21318,9,0
2021-04-11T23:59:59+02:00,664,855,1191,2125,1373,3343,2092,4857,3232,4448,4762,4458,7173,8643,2590,4883,287,220,419,595,467,1030,587,1589,779,1238,619,551,3707,4485,2296,4181,30039,21949,5420,1092,21230,9,0
2021-04-10T23:59:59+02:00,664,854,1190,2124,1371,3340,2091,4854,3229,4441,4718,4411,7170,8637,2590,4882,282,217,417,584,455,1014,560,1572,747,1214,548,481,3136,3870,2247,4087,29920,20330,5417,1092,21229,9,0
2021-04-09T23:59:59+02:00,661,853,1182,2121,1366,3336,2062,4832,3150,4363,4522,4246,7135,8588,2586,4866,272,211,407,571,436,998,535,1554,726,1191,467,419,2486,3051,2199,3991,29237,18414,5413,1091,21219,9,0
2021-04-08T23:59:59+02:00,651,843,1168,2110,1350,3306,2001,4779,3005,4253,3468,3095,6894,8226,2575,4851,259,203,389,553,413,985,513,1525,694,1168,449,395,2478,3044,2196,3988,28440,18200,5365,1043,18770,9,0
2021-04-07T23:59:59+02:00,644,837,1155,2101,1331,3294,1891,4700,2687,4005,2864,2566,6783,8103,2551,4798,245,196,361,528,375,951,469,1491,658,1141,422,370,2418,2982,2191,3981,26264,17747,5346,1024,18700,8,0
2021-04-06T23:59:59+02:00,634,829,1117,2094,1308,3275,1773,4650,2410,3836,2412,2219,6707,8012,2529,4761,221,183,327,502,350,933,432,1468,622,1109,387,328,2364,2909,2185,3972,24667,17277,5330,1007,18569,8,0
2021-04-05T23:59:59+02:00,631,827,1107,2090,1302,3272,1764,4640,2395,3820,2123,1873,5594,6697,2527,4761,221,183,326,498,344,927,428,1466,617,1104,383,325,2362,2903,2185,3971,24636,17265,5320,971,15467,7,0
2021-04-04T23:59:59+02:00,630,827,1106,2090,1302,3272,1764,4640,2393,3818,2122,1870,5594,6693,2527,4761,221,183,326,498,344,927,427,1466,617,1104,383,325,2361,2903,2185,3971,24628,17263,5320,971,15461,7,0
2021-04-03T23:59:59+02:00,630,827,1106,2089,1302,3272,1763,4638,2389,3818,2121,1868,5593,6693,2527,4761,221,183,326,498,344,927,427,1466,616,1104,383,325,2361,2903,2185,3971,24622,17262,5316,971,15459,7,0
2021-04-02T23:59:59+02:00,630,826,1106,2089,1298,3271,1761,4633,2388,3815,2113,1859,5581,6678,2524,4748,221,182,326,496,344,927,426,1465,615,1096,381,325,2361,2902,2185,3971,24554,17245,5312,971,15454,7,0
2021-04-01T23:59:59+02:00,626,815,1083,2071,1201,3176,1671,4565,2129,3607,1387,1270,5373,6466,2514,4720,217,181,326,495,343,926,425,1463,615,1095,378,323,2361,2902,2185,3967,24445,17233,2812,962,15417,7,0
2021-03-31T23:59:59+02:00,624,814,1080,2067,1196,3168,1660,4560,2111,3594,1360,1238,5344,6412,2476,4621,216,181,326,494,342,926,425,1462,614,1094,377,320,2357,2901,2183,3966,24127,17221,2798,956,15400,7,0
2021-03-30T23:59:59+02:00,622,805,1074,2063,1190,3163,1650,4546,2103,3581,1314,1193,5260,6282,2431,4474,216,180,326,493,339,922,420,1459,607,1083,363,309,2255,2749,2063,3740,23605,16602,2776,915,15370,7,0
2021-03-29T23:59:59+02:00,620,803,1070,2055,1180,3157,1643,4533,2091,3569,1278,1163,5199,6189,2380,4345,215,179,324,491,337,920,418,1455,602,1078,356,304,2032,2484,1837,3363,23169,15475,2753,913,15353,7,0
2021-03-28T23:59:59+02:00,620,800,1068,2049,1177,3150,1638,4523,2087,3564,1262,1154,5191,6167,2369,4313,213,179,323,488,330,916,415,1448,599,1066,350,292,2027,2471,1836,3360,23064,15450,2735,859,15333,4,0
2021-03-27T23:59:59+01:00,568,739,988,1981,1095,3032,1520,4399,1985,3482,1193,1084,4588,5435,2369,4313,211,178,323,488,330,916,410,1446,598,1063,349,292,2026,2470,1836,3360,23049,15434,2731,859,12991,3,0
2021-03-26T23:59:59+01:00,565,734,980,1971,1093,3026,1510,4392,1969,3474,1149,1053,4558,5401,2368,4309,210,175,323,486,327,915,408,1445,594,1056,341,287,1629,1938,1413,2641,22855,13332,2721,853,12976,3,0
2021-03-25T23:59:59+01:00,563,728,967,1963,1090,3017,1502,4380,1954,3465,1139,1042,4550,5396,2368,4308,209,172,322,485,325,909,405,1439,590,1047,337,283,1536,1817,1376,2568,22808,12987,2712,830,12912,3,0
2021-03-24T23:59:59+01:00,561,723,957,1950,1078,3002,1473,4363,1941,3456,1104,1012,4523,5363,2363,4303,209,172,321,484,322,905,400,1432,581,1031,323,273,1208,1436,1223,2302,22668,11851,2686,768,12818,3,0
2021-03-23T23:59:59+01:00,559,718,952,1936,1074,2992,1466,4350,1931,3450,1091,1001,4503,5348,2363,4300,208,172,319,481,315,902,400,1432,575,1027,315,266,974,1172,1107,2125,22593,11040,2677,747,12764,3,0
2021-03-22T23:59:59+01:00,558,709,947,1924,1068,2983,1456,4334,1917,3442,1088,998,4498,5347,2363,4300,206,172,318,479,314,900,397,1429,572,1023,311,262,973,1169,1106,2122,22570,11023,2662,727,12700,3,0
2021-03-21T23:59:59+01:00,556,706,944,1915,1066,2979,1451,4322,1907,3435,1085,997,4498,5346,2363,4300,206,172,318,478,313,896,397,1424,566,1021,301,257,969,1164,1105,2122,22567,11022,2648,684,12655,3,0
2021-03-20T23:59:59+01:00,551,698,939,1899,1050,2963,1423,4304,1873,3407,1013,926,3914,4714,2313,4201,206,172,318,478,313,896,397,1424,566,1021,301,257,969,1164,1104,2121,20907,11020,2647,684,12634,3,0
2021-03-19T23:59:59+01:00,542,689,922,1874,1023,2944,1387,4279,1847,3378,926,861,3242,3879,2266,4102,204,172,316,478,312,893,395,1422,562,1014,298,256,956,1151,1073,2081,18932,10998,2636,582,12593,3,0
2021-03-18T23:59:59+01:00,528,677,905,1849,1000,2917,1349,4240,1802,3326,828,798,2731,3348,2243,4068,199,170,313,474,309,883,392,1416,560,1009,295,251,851,1055,964,1892,18858,10620,1238,410,12513,3,0
2021-03-17T23:59:59+01:00,526,666,896,1829,987,2900,1327,4219,1784,3310,800,773,2645,3257,2237,4064,197,169,311,472,306,882,385,1412,557,1005,292,246,611,781,662,1446,18553,9701,1201,33,12466,0,0
2021-03-16T23:59:59+01:00,524,657,887,1807,967,2885,1310,4207,1760,3294,771,763,2598,3177,2235,4060,197,169,309,472,305,880,382,1410,554,1000,286,242,365,544,474,1138,18347,8700,1162,27,12393,0,0
2021-03-15T23:59:59+01:00,524,646,883,1789,958,2864,1304,4201,1752,3285,765,759,2595,3176,2235,4060,196,169,308,471,304,880,382,1409,551,1000,286,242,365,543,473,1138,18334,8693,1139,24,12323,0,0
2021-03-14T23:59:59+01:00,523,640,877,1777,951,2859,1294,4188,1742,3273,760,755,2590,3173,2235,4060,196,169,307,471,303,878,380,1407,551,1000,286,242,365,543,473,1138,18329,8691,1112,18,12256,0,0
2021-03-13T23:59:59+01:00,501,589,782,1515,821,2478,1100,3627,1460,2848,679,666,2487,3047,2234,4059,196,169,307,471,303,878,380,1407,551,1000,286,242,365,543,473,1138,18325,8691,1112,18,9456,0,0
2021-03-12T23:59:59+01:00,486,504,718,1249,729,2084,930,2937,1214,2258,539,513,2443,3002,2234,4059,196,166,307,471,303,876,379,1407,551,998,286,241,352,522,424,1074,18303,8535,1111,18,6485,0,0
2021-03-11T23:59:59+01:00,463,468,685,1179,683,1979,872,2792,1134,2148,485,455,2430,2992,2233,4058,196,166,306,469,302,875,379,1404,550,998,286,240,339,505,378,1031,18119,8409,1063,15,5874,0,0
2021-03-10T23:59:59+01:00,449,458,651,1145,643,1945,828,2756,1101,2120,465,439,2416,2973,2232,4055,192,164,302,462,302,874,374,1397,545,991,282,234,218,406,152,766,17842,7652,1043,9,5791,0,0
2021-03-09T23:59:59+01:00,433,441,619,1116,624,1927,805,2730,1079,2096,444,419,2322,2831,2109,3825,192,164,300,460,301,873,373,1394,545,988,280,233,218,406,152,765,17082,7644,1027,0,5711,0,0
2021-03-08T23:59:59+01:00,420,420,597,1086,606,1905,789,2706,1057,2070,423,391,2093,2557,1879,3446,192,163,300,458,300,869,373,1388,545,986,279,231,218,405,152,765,15837,7624,999,0,5609,0,0
2021-03-07T23:59:59+01:00,419,418,590,1069,594,1897,786,2693,1052,2059,422,390,2088,2549,1878,3444,192,163,300,457,300,868,373,1385,545,985,279,231,218,405,152,765,15811,7618,989,0,5548,0,0
2021-03-06T23:59:59+01:00,419,415,587,1056,591,1895,779,2686,1048,2052,421,390,2088,2549,1878,3444,192,163,300,457,300,868,373,1385,545,984,278,231,218,405,152,765,15803,7616,989,0,5506,0,0
2021-03-05T23:59:59+01:00,413,400,581,1045,585,1885,774,2677,1042,2044,408,382,1666,1986,1444,2690,189,158,296,457,297,867,371,1382,543,980,278,231,218,405,152,765,13575,7589,989,0,5458,0,0
2021-03-04T23:59:59+01:00,403,375,554,1006,566,1829,745,2624,1021,1994,404,378,1575,1869,1405,2616,180,151,286,449,296,859,369,1368,541,976,277,231,218,405,152,765,13224,7523,983,0,5157,0,0
2021-03-03T23:59:59+01:00,401,368,546,976,549,1797,720,2576,1004,1956,398,372,1250,1490,1249,2344,179,150,285,448,295,858,365,1361,538,969,275,229,217,404,150,760,12069,7483,976,0,4951,0,0
2021-03-02T23:59:59+01:00,397,363,538,942,535,1777,712,2552,993,1937,389,362,1007,1223,1129,2164,179,148,284,437,291,852,365,1352,538,963,275,229,217,404,150,760,11247,7444,941,0,4832,0,0
2021-03-01T23:59:59+01:00,395,355,529,920,517,1746,703,2528,982,1920,385,355,1006,1217,1128,2160,179,146,284,428,288,842,364,1337,535,957,273,227,216,403,150,760,11228,7389,906,0,4712,0,0
2021-02-28T23:59:59+01:00,392,352,526,912,512,1735,700,2518,977,1905,381,350,1006,1215,1128,2160,178,145,284,428,288,841,364,1337,534,957,273,227,216,403,150,760,11228,7385,879,0,4662,0,0
2021-02-27T23:59:59+01:00,391,350,521,905,510,1729,697,2509,974,1903,380,349,1006,1215,1127,2160,178,145,284,428,288,841,364,1337,533,957,273,227,216,403,150,760,11227,7384,879,0,4620,0,0
2021-02-26T23:59:59+01:00,343,303,452,731,434,1420,568,2091,804,1562,352,319,1006,1212,1127,2160,178,143,284,425,286,833,362,1329,531,954,273,227,216,403,150,760,11216,7354,868,0,2800,0,0
2021-02-25T23:59:59+01:00,323,295,442,708,422,1384,554,2043,786,1530,344,313,921,1122,1055,2036,127,129,264,421,276,822,351,1313,526,947,273,225,216,403,150,760,10815,7203,838,0,2625,0,0
2021-02-24T23:59:59+01:00,318,289,437,692,415,1348,538,1995,764,1486,336,300,713,890,871,1731,127,123,263,415,273,813,349,1300,519,940,271,223,214,403,150,758,9876,7141,797,0,2450,0,0
2021-02-23T23:59:59+01:00,316,277,429,678,404,1325,530,1959,747,1467,322,290,462,642,680,1428,127,122,262,413,271,808,349,1293,518,932,270,222,213,403,149,757,8872,7109,753,0,2331,0,0
2021-02-22T23:59:59+01:00,316,275,428,671,403,1320,526,1948,742,1463,322,287,461,640,680,1427,127,117,257,403,270,791,345,1269,513,924,266,221,213,403,149,757,8867,7025,741,0,2301,0,0
2021-02-21T23:59:59+01:00,313,274,426,665,400,1312,524,1940,736,1459,312,282,457,635,678,1427,127,117,256,402,270,789,341,1266,506,921,265,220,212,402,148,748,8863,6990,699,0,2278,0,0
2021-02-20T23:59:59+01:00,313,271,426,663,400,1304,523,1931,734,1455,312,282,457,635,678,1427,127,117,256,402,270,789,341,1266,505,921,265,220,212,402,148,748,8863,6989,699,0,2249,0,0
2021-02-19T23:59:59+01:00,267,244,394,587,366,1136,465,1717,626,1246,303,266,431,599,598,1319,127,117,256,402,269,789,341,1266,505,921,265,220,212,402,148,748,8642,6988,593,0,1329,0,0
2021-02-18T23:59:59+01:00,266,239,387,578,355,1115,452,1699,616,1239,303,264,377,551,495,1191,124,114,252,397,262,783,338,1257,502,920,263,218,212,402,148,748,8463,6940,418,0,1246,0,0
2021-02-17T23:59:59+01:00,260,235,375,564,348,1106,429,1683,608,1227,298,257,222,415,157,778,116,101,248,391,257,768,332,1241,496,909,259,215,211,402,148,748,7740,6842,31,0,1191,0,0
2021-02-16T23:59:59+01:00,258,233,364,562,339,1097,421,1669,603,1221,295,254,221,414,157,778,85,89,228,365,246,738,314,1201,464,874,238,200,204,384,147,741,7732,6518,27,0,1127,0,0
2021-02-15T23:59:59+01:00,256,232,362,558,338,1091,419,1657,599,1215,295,254,221,413,156,778,84,87,224,354,238,726,304,1174,449,851,225,193,193,361,141,685,7724,6289,24,0,1096,0,0
2021-02-14T23:59:59+01:00,255,230,356,555,334,1082,415,1651,596,1212,295,254,221,413,156,778,80,85,217,349,235,718,299,1161,445,836,224,191,193,350,141,676,7714,6200,19,0,1070,0,0
2021-02-13T23:59:59+01:00,255,230,356,555,334,1082,414,1651,596,1211,294,254,221,413,156,778,80,85,217,349,235,718,299,1161,445,836,224,191,193,350,141,676,7712,6200,19,0,1069,0,0
2021-02-12T23:59:59+01:00,197,169,307,477,307,888,381,1413,559,996,286,239,220,413,156,778,77,84,214,348,233,715,292,1157,442,831,222,190,193,349,141,676,7700,6164,19,0,67,0,0
2021-02-11T23:59:59+01:00,195,167,301,466,303,874,375,1393,549,988,286,239,220,413,156,778,76,81,202,322,223,671,272,1106,425,783,221,187,193,344,141,673,7659,5920,16,0,28,0,0
2021-02-10T23:59:59+01:00,192,160,297,462,300,870,369,1382,545,980,284,237,218,412,156,776,70,75,186,296,212,612,255,1021,400,731,212,173,179,315,129,626,7617,5492,10,0,13,0,0
2021-02-09T23:59:59+01:00,187,154,294,453,299,861,369,1372,543,971,281,236,218,412,156,775,61,60,147,232,183,508,217,829,344,596,191,147,159,280,119,560,7573,4633,2,0,6,0,0
2021-02-08T23:59:59+01:00,183,148,291,442,294,851,366,1352,536,964,277,232,217,411,154,771,34,47,102,142,134,281,158,452,250,389,161,121,132,226,96,463,7481,3188,2,0,6,0,0
2021-02-07T23:59:59+01:00,181,146,288,441,293,849,365,1351,535,963,276,231,217,411,154,771,18,40,83,120,130,260,149,418,234,362,152,117,122,216,91,427,7471,2939,1,0,0,0,0
2021-02-06T23:59:59+01:00,181,146,288,441,293,849,365,1351,535,963,276,231,217,411,154,771,18,37,81,118,120,245,138,402,203,341,137,113,121,211,90,416,7471,2791,1,0,0,0,0
2021-02-05T23:59:59+01:00,181,144,288,438,292,838,363,1343,531,960,276,230,217,411,154,770,17,32,77,113,113,232,133,375,189,322,132,108,118,206,83,400,7435,2650,1,0,0,0,0
2021-02-04T23:59:59+01:00,173,139,287,434,285,829,360,1332,522,951,275,228,216,411,154,768,10,21,51,76,84,176,110,285,157,265,114,96,107,191,75,360,7364,2178,0,0,0,0,0
2021-02-03T23:59:59+01:00,156,132,277,428,281,824,358,1321,522,949,275,228,215,411,154,767,10,19,43,66,74,141,87,255,134,217,95,81,92,164,67,318,7298,1863,0,0,0,0,0
2021-02-02T23:59:59+01:00,135,126,265,426,278,817,353,1314,521,942,274,228,214,411,153,766,10,16,34,61,62,118,72,210,103,167,63,57,67,105,43,201,7223,1389,0,0,0,0,0
2021-02-01T23:59:59+01:00,130,121,260,411,276,800,351,1290,515,929,269,226,214,411,153,766,4,10,20,34,33,65,44,116,59,69,28,28,28,45,25,100,7122,708,0,0,0,0,0
2021-01-31T23:59:59+01:00,129,118,258,409,274,797,349,1284,511,927,269,223,213,410,153,766,4,6,15,23,28,46,31,70,39,42,14,8,13,28,20,61,7090,448,0,0,0,0,0
2021-01-30T23:59:59+01:00,129,118,258,409,274,796,349,1283,510,927,269,223,213,410,153,766,4,6,13,20,25,39,26,62,36,40,14,8,13,28,20,61,7087,415,0,0,0,0,0
2021-01-29T23:59:59+01:00,129,118,258,409,273,796,349,1283,510,927,269,223,213,410,153,766,4,6,7,18,23,30,21,54,32,37,14,8,13,27,19,60,7086,373,0,0,0,0,0
2021-01-28T23:59:59+01:00,127,115,254,403,269,790,346,1276,506,926,269,223,213,410,153,766,1,3,2,8,15,12,11,25,12,22,11,4,6,14,6,25,7046,177,0,0,0,0,0
2021-01-27T23:59:59+01:00,119,105,252,399,266,782,341,1269,500,919,264,220,212,409,153,766,0,0,1,4,11,10,7,18,10,17,10,4,6,14,6,25,6976,143,0,0,0,0,0
2021-01-26T23:59:59+01:00,90,93,234,382,258,757,328,1231,475,888,244,208,205,393,153,758,0,0,1,4,11,10,7,18,10,17,10,4,6,14,6,25,6697,143,0,0,0,0,0
2021-01-25T23:59:59+01:00,87,88,232,362,245,738,314,1198,457,863,228,201,196,372,149,703,0,0,1,4,11,8,6,11,7,13,10,4,6,14,6,25,6433,126,0,0,0,0,0
2021-01-24T23:59:59+01:00,87,86,228,358,244,733,311,1185,455,848,227,199,196,361,149,693,0,0,1,4,11,8,6,11,7,13,10,4,6,14,6,25,6360,126,0,0,0,0,0
2021-01-23T23:59:59+01:00,87,86,228,358,244,733,311,1185,455,848,227,199,196,361,149,693,0,0,1,4,11,8,6,11,7,13,10,4,6,14,6,25,6360,126,0,0,0,0,0
2021-01-22T23:59:59+01:00,87,85,226,356,244,730,307,1181,451,845,225,198,196,360,149,693,0,0,1,4,11,8,6,11,7,13,10,4,6,14,6,25,6333,126,0,0,0,0,0
2021-01-21T23:59:59+01:00,87,82,211,327,234,686,282,1130,437,812,224,194,195,354,149,690,0,0,1,2,9,7,5,10,6,11,10,4,6,14,6,25,6094,116,0,0,0,0,0
2021-01-20T23:59:59+01:00,80,76,197,306,222,622,268,1037,408,753,215,183,180,325,138,643,0,0,1,2,9,7,5,10,6,11,10,4,6,14,6,25,5653,116,0,0,0,0,0
2021-01-19T23:59:59+01:00,72,66,157,256,202,559,242,914,367,644,196,157,158,285,125,565,0,0,1,2,3,6,5,9,4,9,7,3,6,14,6,25,4965,100,0,0,0,0,0
2021-01-18T23:59:59+01:00,60,58,134,213,180,455,215,757,327,551,180,138,134,236,105,481,0,0,0,1,2,3,2,4,2,7,6,3,6,14,6,23,4224,79,0,0,0,0,0
2021-01-17T23:59:59+01:00,36,46,109,182,167,392,198,666,301,492,170,131,121,218,91,426,0,0,0,0,2,3,1,4,2,5,4,3,6,14,5,23,3746,72,0,0,0,0,0
2021-01-16T23:59:59+01:00,29,43,109,180,157,375,183,646,270,470,155,126,120,213,90,415,0,0,0,0,0,0,0,0,0,0,0,0,0,0,0,0,3581,0,0,0,0,0,0
2021-01-15T23:59:59+01:00,27,39,105,175,146,362,177,616,253,448,150,117,117,207,82,399,0,0,0,0,0,0,0,0,0,0,0,0,0,0,0,0,3420,0,0,0,0,0,0
2021-01-14T23:59:59+01:00,9,24,51,77,84,167,113,281,150,260,122,100,104,191,72,359,0,0,0,0,0,0,0,0,0,0,0,0,0,0,0,0,2164,0,0,0,0,0,0
2021-01-13T23:59:59+01:00,8,20,41,67,76,133,91,252,125,223,93,78,85,154,56,289,0,0,0,0,0,0,0,0,0,0,0,0,0,0,0,0,1791,0,0,0,0,0,0
2021-01-12T23:59:59+01:00,8,15,37,63,63,109,76,203,96,170,60,52,57,92,32,167,0,0,0,0,0,0,0,0,0,0,0,0,0,0,0,0,1300,0,0,0,0,0,0
2021-01-11T23:59:59+01:00,1,10,27,46,39,78,55,134,59,83,30,26,23,36,16,73,0,0,0,0,0,0,0,0,0,0,0,0,0,0,0,0,736,0,0,0,0,0,0
2021-01-10T23:59:59+01:00,1,5,20,32,34,54,36,87,38,51,13,6,7,18,11,33,0,0,0,0,0,0,0,0,0,0,0,0,0,0,0,0,446,0,0,0,0,0,0
2021-01-09T23:59:59+01:00,1,5,18,28,33,50,31,77,36,50,13,6,7,18,11,33,0,0,0,0,0,0,0,0,0,0,0,0,0,0,0,0,417,0,0,0,0,0,0
2021-01-08T23:59:59+01:00,1,5,15,26,30,39,25,68,32,46,12,6,6,16,10,32,0,0,0,0,0,0,0,0,0,0,0,0,0,0,0,0,369,0,0,0,0,0,0
2021-01-07T23:59:59+01:00,1,3,2,10,15,12,12,26,14,24,11,5,6,15,8,26,0,0,0,0,0,0,0,0,0,0,0,0,0,0,0,0,190,0,0,0,0,0,0
2021-01-06T23:59:59+01:00,1,0,2,4,13,10,8,20,12,19,11,5,6,15,8,26,0,0,0,0,0,0,0,0,0,0,0,0,0,0,0,0,160,0,0,0,0,0,0
2021-01-05T23:59:59+01:00,0,0,1,4,12,10,7,18,11,19,10,5,6,15,8,26,0,0,0,0,0,0,0,0,0,0,0,0,0,0,0,0,152,0,0,0,0,0,0
2021-01-04T23:59:59+01:00,0,0,1,4,12,9,6,14,9,17,10,5,6,15,8,26,0,0,0,0,0,0,0,0,0,0,0,0,0,0,0,0,142,0,0,0,0,0,0
2021-01-03T23:59:59+01:00,0,0,1,4,11,8,6,11,7,14,10,5,6,15,8,26,0,0,0,0,0,0,0,0,0,0,0,0,0,0,0,0,132,0,0,0,0,0,0
2021-01-02T23:59:59+01:00,0,0,1,4,11,8,6,11,7,14,10,5,6,15,8,26,0,0,0,0,0,0,0,0,0,0,0,0,0,0,0,0,132,0,0,0,0,0,0
2021-01-01T23:59:59+01:00,0,0,1,4,11,8,6,11,7,14,10,5,6,15,8,26,0,0,0,0,0,0,0,0,0,0,0,0,0,0,0,0,132,0,0,0,0,0,0
2020-12-31T23:59:59+01:00,0,0,1,4,11,8,6,11,7,14,10,5,6,15,8,26,0,0,0,0,0,0,0,0,0,0,0,0,0,0,0,0,132,0,0,0,0,0,0
2020-12-30T23:59:59+01:00,0,0,1,4,11,8,6,11,7,14,10,5,6,15,8,26,0,0,0,0,0,0,0,0,0,0,0,0,0,0,0,0,132,0,0,0,0,0,0
2020-12-29T23:59:59+01:00,0,0,1,4,8,8,6,11,5,12,10,5,6,15,8,26,0,0,0,0,0,0,0,0,0,0,0,0,0,0,0,0,125,0,0,0,0,0,0
2020-12-28T23:59:59+01:00,0,0,1,1,5,6,6,5,3,9,10,5,6,15,8,26,0,0,0,0,0,0,0,0,0,0,0,0,0,0,0,0,106,0,0,0,0,0,0
2020-12-27T23:59:59+01:00,0,0,0,0,2,3,1,4,2,6,4,4,6,15,7,25,0,0,0,0,0,0,0,0,0,0,0,0,0,0,0,0,79,0,0,0,0,0,0
