Datum,<15_m,<15_w,15-24_1_m,15-24_1_w,25-34_1_m,25-34_1_w,35-44_1_m,35-44_1_w,45-54_1_m,45-54_1_w,55-64_1_m,55-64_1_w,65-74_1_m,65-74_1_w,75-84_1_m,75-84_1_w,>84_1_m,>84_1_w,<24_2_m,<24_2_w,25-34_2_m,25-34_2_w,35-44_2_m,35-44_2_w,45-54_2_m,45-54_2_w,55-64_2_m,55-64_2_w,65-74_2_m,65-74_2_w,75-84_2_m,75-84_2_w,>84_2_m,>84_2_w,bp_1,bp_2,mo_1,mo_2,az_1,az_2,ja,unb_1,unb_2
2021-08-18T23:59:59+02:00,1364,1204,8952,8483,10177,9450,12666,13097,16782,17201,20074,20175,16097,16818,8936,10903,2814,5408,7652,7349,9364,8614,11872,12219,15967,16369,19343,19411,15696,16364,8733,10587,2758,5275,144309,135410,19695,18220,27858,26899,8730,9,6
2021-08-17T23:59:59+02:00,1339,1191,8915,8450,10162,9429,12653,13073,16768,17181,20053,20154,16089,16809,8934,10897,2812,5404,7638,7334,9347,8607,11863,12210,15960,16359,19332,19405,15691,16359,8732,10586,2757,5273,144076,135345,19692,18215,27857,26893,8679,9,6
2021-08-16T23:59:59+02:00,1316,1173,8878,8426,10143,9409,12629,13050,16758,17164,20033,20139,16084,16797,8930,10896,2812,5404,7631,7323,9334,8605,11853,12204,15958,16354,19323,19398,15688,16356,8732,10586,2757,5273,143845,135311,19690,18211,27857,26891,8640,9,6
2021-08-15T23:59:59+02:00,1298,1157,8857,8407,10131,9394,12613,13038,16746,17154,20020,20128,16078,16791,8930,10891,2812,5404,7619,7313,9320,8590,11841,12194,15951,16346,19317,19394,15681,16352,8731,10583,2757,5273,143698,135262,19690,18207,27856,26872,8596,9,6
2021-08-14T23:59:59+02:00,1297,1157,8857,8407,10131,9394,12612,13036,16746,17153,20019,20128,16078,16791,8930,10891,2812,5404,7303,7022,9177,8424,11665,12032,15834,16216,19223,19310,15655,16329,8722,10570,2757,5269,143695,133281,19690,18207,27856,26865,8593,9,6
2021-08-13T23:59:59+02:00,1292,1155,8844,8397,10120,9386,12600,13027,16731,17144,20011,20120,16074,16785,8928,10890,2811,5404,6924,6666,9006,8265,11461,11821,15621,16036,19085,19189,15622,16290,8711,10556,2755,5265,143665,130844,19690,18207,27856,26862,8499,9,6
2021-08-12T23:59:59+02:00,1292,1155,8843,8393,10113,9380,12596,13026,16725,17135,20007,20115,16073,16781,8926,10888,2811,5404,6918,6660,8993,8257,11450,11819,15610,16029,19081,19183,15620,16285,8709,10555,2755,5265,143648,130814,19689,18204,27856,26844,8461,9,6
2021-08-11T23:59:59+02:00,1289,1151,8840,8387,10103,9375,12588,13022,16722,17131,20002,20113,16071,16778,8925,10888,2811,5403,6912,6650,8978,8247,11439,11815,15606,16023,19073,19177,15616,16282,8708,10555,2755,5263,143604,130756,19686,18197,27856,26831,8444,9,6
2021-08-10T23:59:59+02:00,1288,1151,8836,8385,10098,9370,12586,13018,16721,17129,20001,20108,16070,16776,8925,10887,2811,5403,6867,6606,8947,8232,11420,11794,15581,16011,19066,19167,15614,16280,8708,10553,2755,5263,143578,130515,19686,18193,27856,26825,8434,9,6
2021-08-09T23:59:59+02:00,1288,1149,8829,8384,10093,9364,12585,13017,16716,17128,19996,20108,16069,16776,8924,10887,2811,5403,6849,6584,8927,8216,11408,11784,15567,16000,19060,19163,15612,16279,8706,10552,2755,5263,143556,130389,19686,18189,27854,26816,8422,9,6
2021-08-08T23:59:59+02:00,1288,1148,8826,8378,10091,9360,12576,13014,16711,17124,19994,20105,16067,16773,8923,10886,2810,5402,6846,6572,8910,8208,11392,11777,15560,15993,19058,19160,15609,16276,8705,10551,2754,5262,143545,130343,19685,18182,27854,26813,8383,9,6
2021-08-07T23:59:59+02:00,1288,1140,8817,8370,10080,9353,12574,13008,16704,17120,19988,20100,16063,16768,8921,10886,2809,5402,6196,6004,8639,7984,11124,11546,15361,15820,18974,19084,15589,16252,8698,10544,2751,5261,143498,127267,19684,18170,27854,26812,8346,9,6
2021-08-06T23:59:59+02:00,1282,1139,8807,8358,10066,9341,12554,12991,16686,17108,19971,20087,16056,16760,8921,10883,2809,5401,6183,5989,8624,7969,11100,11527,15339,15804,18957,19072,15582,16245,8698,10541,2751,5260,143460,127217,19682,18164,27854,26810,8215,9,6
2021-08-05T23:59:59+02:00,1279,1137,8801,8351,10057,9332,12543,12984,16680,17105,19964,20084,16055,16760,8921,10882,2809,5401,5900,5753,8279,7674,10740,11255,15020,15569,18708,18907,15563,16222,8688,10534,2750,5259,143418,127136,19678,15476,27850,26779,8190,9,6
2021-08-04T23:59:59+02:00,1278,1134,8795,8348,10052,9329,12536,12980,16675,17103,19962,20081,16054,16760,8920,10881,2809,5400,5886,5747,8251,7663,10721,11244,15004,15562,18703,18902,15561,16219,8687,10534,2749,5259,143387,127040,19677,15468,27849,26764,8175,9,6
2021-08-03T23:59:59+02:00,1271,1131,8791,8338,10047,9325,12531,12977,16670,17101,19957,20079,16052,16760,8919,10879,2809,5399,5774,5634,8158,7594,10604,11166,14956,15510,18674,18888,15557,16217,8686,10532,2747,5258,143343,126317,19675,15460,27849,26735,8160,9,6
2021-08-02T23:59:59+02:00,1265,1125,8778,8330,10039,9318,12526,12971,16665,17092,19950,20076,16050,16757,8917,10876,2808,5398,5606,5476,8027,7489,10480,11051,14886,15431,18642,18863,15549,16208,8680,10532,2747,5258,143264,125261,19669,15457,27848,26705,8151,9,6
2021-08-01T23:59:59+02:00,1264,1124,8771,8321,10032,9311,12520,12969,16661,17090,19945,20074,16050,16757,8916,10874,2808,5398,5546,5419,7976,7440,10418,11000,14852,15406,18629,18846,15547,16206,8678,10529,2747,5256,143220,124827,19666,15454,27847,26684,8143,9,6
2021-07-31T23:59:59+02:00,1264,1124,8770,8318,10032,9310,12518,12969,16660,17090,19944,20072,16050,16757,8916,10873,2808,5398,5521,5399,7960,7428,10402,10987,14839,15400,18626,18843,15546,16205,8678,10529,2747,5256,143217,124701,19665,15451,27847,26683,8135,9,6
2021-07-30T23:59:59+02:00,1133,1006,8542,8090,9939,9192,12437,12885,16582,17019,19885,20005,16018,16718,8910,10856,2807,5395,5230,5122,7822,7286,10215,10797,14702,15237,18563,18787,15521,16178,8665,10516,2743,5253,141771,122884,19663,15445,27847,26665,8129,9,6
2021-07-29T23:59:59+02:00,1126,998,8413,8001,9780,9095,12287,12784,16437,16926,19723,19895,15933,16651,8885,10837,2806,5388,4933,4891,7543,7093,9937,10595,14455,15065,18369,18670,15436,16105,8638,10495,2742,5243,141657,121782,19660,15403,27847,26639,6792,9,6
2021-07-28T23:59:59+02:00,1115,985,8384,7965,9766,9082,12266,12770,16420,16904,19703,19885,15926,16638,8878,10833,2806,5386,4513,4460,7225,6841,9620,10297,14220,14883,18312,18629,15421,16094,8633,10484,2742,5233,141420,119135,19658,15349,27845,26577,6780,9,6
2021-07-27T23:59:59+02:00,1105,977,8361,7950,9754,9075,12255,12761,16411,16899,19696,19872,15924,16632,8876,10830,2805,5384,4278,4212,6995,6642,9373,10021,14059,14723,18261,18566,15372,16048,8616,10468,2739,5227,141283,117120,19655,15348,27845,26554,6775,9,6
2021-07-26T23:59:59+02:00,1101,974,8347,7938,9747,9070,12249,12756,16404,16891,19689,19871,15921,16627,8874,10826,2804,5379,4170,4101,6893,6532,9248,9896,13978,14644,18216,18533,15361,16037,8606,10460,2736,5225,141205,116220,19651,15339,27834,26496,6769,9,6
2021-07-25T23:59:59+02:00,1100,973,8341,7934,9734,9066,12239,12753,16399,16885,19686,19870,15919,16627,8874,10826,2804,5379,4121,4048,6817,6481,9177,9842,13942,14611,18192,18519,15343,16024,8600,10454,2736,5223,141180,115777,19648,15323,27833,26475,6739,9,6
2021-07-24T23:59:59+02:00,1098,969,8252,7872,9660,8988,12172,12677,16333,16831,19646,19831,15898,16613,8871,10816,2804,5379,4078,4008,6759,6433,9100,9788,13880,14546,18160,18493,15332,16014,8592,10450,2736,5223,141161,115528,18990,15049,27833,26473,6717,9,6
2021-07-23T23:59:59+02:00,1071,944,8141,7784,9622,8954,12138,12648,16288,16797,19617,19812,15892,16607,8868,10812,2804,5379,3788,3723,6497,6222,8823,9505,13647,14375,18084,18437,15291,15971,8575,10431,2734,5217,140671,113300,18990,15025,27833,26467,6675,9,6
2021-07-22T23:59:59+02:00,981,858,7925,7555,9517,8865,12020,12553,16199,16710,19545,19728,15846,16567,8860,10797,2803,5373,3661,3596,6343,6131,8671,9376,13485,14234,18011,18370,15268,15947,8568,10422,2734,5216,139226,112158,18989,14952,27816,26374,6662,9,6
2021-07-21T23:59:59+02:00,961,844,7894,7515,9501,8854,11997,12530,16175,16694,19521,19707,15835,16560,8860,10792,2803,5373,3354,3326,6000,5874,8277,8994,13218,14000,17871,18244,15177,15866,8536,10392,2731,5204,138970,109356,18987,14881,27811,26275,6639,9,6
2021-07-20T23:59:59+02:00,960,843,7886,7510,9493,8851,11992,12528,16167,16693,19516,19703,15834,16559,8860,10791,2803,5373,3281,3273,5941,5820,8218,8933,13133,13956,17839,18230,15177,15866,8536,10390,2731,5204,138932,108968,18986,14866,27808,26143,6627,9,6
2021-07-19T23:59:59+02:00,959,843,7881,7510,9489,8845,11987,12526,16162,16687,19514,19703,15833,16556,8860,10789,2803,5372,3231,3238,5894,5781,8161,8889,13077,13930,17793,18218,15177,15864,8536,10388,2731,5203,138903,108702,18985,14850,27808,26018,6614,9,6
2021-07-18T23:59:59+02:00,958,842,7871,7501,9482,8839,11979,12522,16156,16682,19512,19702,15832,16554,8860,10789,2803,5372,3212,3222,5854,5749,8127,8861,13039,13914,17781,18215,15177,15863,8536,10388,2731,5202,138858,108517,18983,14817,27806,26009,6600,9,6
2021-07-17T23:59:59+02:00,842,723,7548,7210,9330,8670,11803,12361,16028,16543,19416,19607,15811,16533,8852,10776,2803,5369,3111,3114,5742,5656,7993,8706,12900,13790,17686,18139,15167,15844,8533,10381,2731,5202,136851,107345,18981,14813,27806,26004,6584,3,5
2021-07-16T23:59:59+02:00,685,571,7152,6885,9141,8513,11611,12151,15824,16367,19276,19480,15782,16496,8843,10762,2802,5367,3049,3055,5667,5592,7881,8604,12783,13656,17610,18065,15144,15829,8529,10379,2730,5202,134371,106462,18981,14808,27805,25998,6548,3,5
2021-07-15T23:59:59+02:00,683,571,7139,6877,9137,8512,11601,12147,15814,16360,19272,19474,15780,16494,8839,10760,2801,5358,3011,3020,5600,5551,7792,8553,12710,13616,17580,18044,15121,15815,8521,10372,2729,5193,134333,106234,18979,14653,27800,25877,6504,3,5
2021-07-14T23:59:59+02:00,681,570,7130,6869,9133,8510,11596,12143,15808,16357,19267,19469,15778,16491,8836,10757,2800,5354,2988,3008,5559,5520,7757,8531,12678,13600,17563,18033,15114,15812,8518,10368,2729,5189,134301,106083,18978,14620,27800,25837,6467,3,5
2021-07-13T23:59:59+02:00,676,567,7106,6852,9122,8494,11587,12129,15797,16339,19259,19462,15769,16487,8832,10747,2795,5346,2930,2957,5495,5453,7598,8397,12426,13383,17408,17906,15096,15801,8506,10355,2724,5178,134179,104871,18978,14568,27797,25802,6409,3,5
2021-07-12T23:59:59+02:00,670,560,7094,6837,9113,8483,11576,12120,15793,16328,19247,19458,15767,16483,8830,10747,2795,5343,2872,2904,5413,5378,7451,8283,12178,13172,17229,17762,15086,15796,8502,10348,2723,5178,134070,103638,18976,14517,27794,25753,6401,3,5
2021-07-11T23:59:59+02:00,669,559,7086,6834,9104,8474,11570,12112,15783,16325,19242,19453,15767,16480,8829,10745,2795,5343,2841,2869,5337,5302,7354,8196,12015,13017,17102,17630,15079,15785,8501,10345,2723,5178,134028,102755,18972,14467,27794,25712,6373,3,5
2021-07-10T23:59:59+02:00,496,402,6518,6287,8877,8290,11329,11918,15626,16194,19187,19404,15759,16470,8825,10740,2794,5342,2811,2836,5286,5260,7273,8115,11914,12918,17024,17563,15063,15770,8498,10335,2720,5176,131332,102064,18972,14465,27794,25703,6357,3,5
2021-07-09T23:59:59+02:00,485,395,6459,6259,8851,8253,11289,11889,15599,16181,19174,19388,15758,16467,8825,10737,2794,5342,2755,2770,5203,5192,7095,7939,11506,12620,16731,17358,15044,15743,8491,10330,2719,5174,131240,101048,18761,13610,27793,25689,6348,3,5
2021-07-08T23:59:59+02:00,480,393,6141,5996,8477,7962,10909,11580,15263,15935,18914,19215,15736,16443,8816,10730,2791,5341,2693,2720,5123,5118,6956,7849,11307,12478,16585,17235,15037,15735,8491,10328,2719,5173,131153,100192,15858,13446,27790,25615,6318,3,5
2021-07-07T23:59:59+02:00,478,389,6126,5983,8454,7946,10895,11564,15252,15925,18913,19210,15734,16440,8815,10728,2791,5339,2645,2665,5034,5060,6820,7756,11075,12297,16425,17103,15029,15729,8487,10323,2719,5173,131043,99172,15850,13327,27788,25567,6298,3,5
2021-07-06T23:59:59+02:00,452,368,6026,5890,8373,7880,10820,11495,15218,15885,18890,19194,15727,16430,8812,10726,2788,5337,2576,2595,4895,4947,6633,7623,10685,11887,16055,16730,15004,15696,8479,10316,2718,5169,130428,97023,15842,13244,27783,25507,6255,3,5
2021-07-05T23:59:59+02:00,411,334,5847,5718,8256,7784,10708,11380,15158,15818,18859,19162,15721,16422,8808,10721,2785,5336,2522,2520,4797,4850,6502,7487,10336,11572,15781,16426,14974,15666,8471,10301,2718,5164,129378,95240,15838,13180,27780,25453,6229,3,5
2021-07-04T23:59:59+02:00,391,304,5773,5640,8199,7729,10641,11324,15127,15787,18845,19143,15715,16419,8807,10719,2785,5334,2504,2489,4736,4804,6443,7437,10200,11463,15680,16354,14970,15660,8469,10300,2717,5164,128875,94676,15832,13113,27775,25418,6197,3,5
2021-07-03T23:59:59+02:00,386,302,5755,5632,8190,7720,10630,11321,15120,15781,18842,19141,15714,16419,8807,10719,2785,5334,2469,2458,4641,4775,6336,7412,10142,11419,15576,16268,14294,14953,8450,10275,2717,5164,128809,94563,15830,13111,27774,23506,6182,3,5
2021-07-02T23:59:59+02:00,342,264,5567,5481,8116,7645,10531,11224,15055,15725,18823,19135,15710,16415,8802,10717,2783,5331,2422,2410,4488,4697,6153,7338,9988,11265,15386,16065,13504,14035,8442,10260,2717,5163,127891,94002,15828,13068,27773,21105,6171,3,5
2021-07-01T23:59:59+02:00,281,210,5350,5301,7988,7534,10393,11099,14926,15629,18778,19110,15702,16408,8797,10711,2783,5330,2304,2289,4312,4525,5918,7089,9210,10584,14758,15595,13479,14007,8437,10256,2713,5161,126603,90520,15818,12973,27772,21021,6134,3,5
2021-06-30T23:59:59+02:00,151,121,4868,4825,7646,7259,10044,10761,14699,15451,18720,19066,15691,16397,8793,10703,2783,5327,2267,2243,4227,4456,5807,6993,9039,10463,14669,15519,13465,13999,8434,10253,2713,5159,123616,89927,15812,12799,27772,20889,6102,3,5
2021-06-29T23:59:59+02:00,115,100,4584,4543,7396,7041,9754,10462,14500,15261,18658,19005,15639,16347,8774,10688,2782,5322,2201,2161,4086,4319,5602,6815,8815,10237,14378,15297,13417,13950,8422,10229,2711,5146,121550,88492,15809,12647,27770,20817,5839,3,5
2021-06-28T23:59:59+02:00,99,79,4448,4398,7291,6930,9633,10333,14409,15154,18613,18963,15623,16331,8760,10677,2779,5320,2116,2035,3903,4114,5322,6473,8431,9729,13851,14762,13300,13861,8404,10205,2708,5134,120531,85300,15800,12565,27767,20752,5739,3,3
2021-06-27T23:59:59+02:00,94,77,4396,4349,7232,6874,9571,10279,14377,15121,18593,18946,15606,16319,8753,10670,2778,5315,2062,2000,3839,4068,5211,6360,8263,9601,13677,14652,13274,13842,8396,10196,2705,5132,120165,84513,15797,12531,27765,20621,5620,3,3
2021-06-26T23:59:59+02:00,81,75,4353,4321,7201,6847,9553,10258,14358,15106,18581,18933,15602,16312,8753,10670,2778,5315,1986,1908,3650,3909,4997,6103,7897,9146,13327,14355,13194,13785,8376,10168,2700,5123,119926,81874,15793,12531,27765,20616,5610,3,3
2021-06-25T23:59:59+02:00,69,62,4040,3994,6933,6608,9262,9965,14135,14919,18498,18877,15556,16266,8734,10651,2776,5308,1921,1824,3488,3791,4805,5873,7573,8732,13019,14020,13144,13729,8363,10144,2694,5117,117521,79534,15765,12500,27765,20611,5599,3,3
2021-06-24T23:59:59+02:00,62,55,3947,3902,6835,6522,9163,9873,14036,14834,18469,18843,15541,16250,8728,10644,2776,5307,1853,1748,3375,3695,4606,5731,7355,8537,12769,13822,12312,12803,8183,9880,2694,5116,116789,78327,15755,12395,27762,18286,5478,3,3
2021-06-23T23:59:59+02:00,49,50,3540,3524,6382,6173,8632,9363,13700,14532,18334,18707,15437,16158,8684,10608,2773,5293,1716,1573,3122,3494,4194,5406,6413,7829,12033,13123,12290,12791,8173,9873,2694,5112,113850,77706,15506,9080,27761,18238,4819,3,3
2021-06-22T23:59:59+02:00,40,42,3468,3453,6306,6114,8529,9286,13648,14487,18301,18690,15426,16151,8683,10603,2773,5290,1676,1519,3019,3393,4053,5256,6161,7646,11433,12421,12200,12699,8156,9840,2690,5104,113227,75395,15502,8999,27759,18080,4799,3,3
2021-06-21T23:59:59+02:00,34,39,3398,3392,6212,6060,8469,9214,13589,14443,18268,18669,15423,16149,8677,10600,2773,5289,1639,1468,2928,3296,3929,5106,5966,7421,10675,11501,11818,12247,7096,8620,2684,5098,112711,72743,15495,8898,27748,15116,4741,3,3
2021-06-20T23:59:59+02:00,34,38,3372,3370,6165,6028,8424,9184,13561,14428,18257,18665,15422,16149,8677,10600,2773,5289,1620,1451,2892,3270,3878,5069,5913,7398,10589,11428,11798,12228,7094,8613,2683,5098,112536,72431,15479,8822,27748,15104,4670,3,3
2021-06-19T23:59:59+02:00,32,36,3345,3347,6136,6008,8395,9165,13537,14422,18251,18660,15422,16148,8677,10600,2773,5289,1616,1439,2887,3261,3870,5064,5899,7393,10578,11421,11798,12228,7094,8612,2683,5098,112348,72352,15474,8822,27748,15102,4670,3,3
2021-06-18T23:59:59+02:00,28,31,3304,3305,6060,5969,8327,9111,13491,14391,18228,18649,15421,16146,8676,10599,2773,5289,1539,1344,2751,3086,3686,4786,5501,7018,9095,9861,11633,12060,7053,8562,2671,5080,111966,67181,15447,8821,27748,15091,4634,3,3
2021-06-17T23:59:59+02:00,26,28,3240,3254,5994,5931,8254,9058,13420,14346,18205,18638,15419,16141,8675,10596,2773,5286,1408,1251,2562,2874,3425,4498,5143,6628,8429,9134,11351,11819,7012,8505,2667,5077,111599,63496,15418,8705,27745,15064,4519,3,3
2021-06-16T23:59:59+02:00,26,25,3187,3193,5882,5866,8136,8964,13293,14260,18139,18603,15413,16132,8675,10593,2773,5286,1311,1195,2421,2766,3242,4341,4859,6357,7354,7845,11261,11712,6982,8468,2654,5059,110964,59743,15344,8659,27742,15033,4393,3,3
2021-06-15T23:59:59+02:00,21,24,3090,3111,5765,5777,7948,8787,13033,14040,17988,18477,15398,16121,8667,10587,2773,5284,1273,1163,2349,2710,3135,4267,4657,6232,7042,7594,10766,11152,6949,8433,2646,5046,109548,57499,15316,8627,27734,15000,4290,3,2
2021-06-14T23:59:59+02:00,20,22,3017,3040,5687,5720,7807,8668,12744,13804,17804,18305,15382,16107,8660,10582,2772,5283,1246,1135,2283,2654,3010,4171,4459,6093,6704,7293,10239,10543,6918,8396,2642,5037,108170,55138,15308,8522,27730,14953,4213,3,1
2021-06-13T23:59:59+02:00,20,22,2999,3008,5621,5682,7744,8602,12605,13668,17699,18183,15376,16098,8659,10579,2771,5283,1236,1123,2252,2640,2973,4160,4415,6073,6672,7277,10235,10536,6918,8395,2642,5037,107434,54997,15297,8516,27725,14914,4160,3,1
2021-06-12T23:59:59+02:00,18,22,2970,2990,5593,5657,7713,8584,12585,13650,17690,18180,15375,16097,8659,10579,2771,5283,1179,1061,2162,2565,2877,4025,4273,5942,6562,7192,10153,10458,6320,7668,2642,5037,107235,54882,15295,8516,27725,12563,4158,3,1
2021-06-11T23:59:59+02:00,18,19,2893,2914,5524,5592,7530,8398,12175,13344,17411,17976,15359,16072,8653,10571,2769,5281,1156,1044,2107,2525,2812,3977,4190,5880,6454,7104,10051,10345,6307,7662,2640,5031,106220,54360,14405,8254,27724,12527,4147,3,1
2021-06-10T23:59:59+02:00,14,17,2837,2872,5425,5541,7397,8316,11990,13205,17274,17859,15354,16068,8653,10570,2768,5280,1117,1018,2033,2459,2710,3900,4020,5751,6213,6892,9801,10078,6287,7634,2634,5025,105303,52802,14330,8251,27719,12437,4085,3,1
2021-06-09T23:59:59+02:00,13,15,2761,2803,5301,5447,7175,8144,11713,12963,17087,17712,15343,16054,8649,10561,2768,5277,1060,956,1902,2341,2506,3718,3692,5466,5596,6387,8981,9177,6230,7558,2620,4990,104100,48810,14179,8234,27710,12345,3794,3,1
2021-06-08T23:59:59+02:00,10,11,2664,2700,5168,5320,6979,7961,11279,12536,16710,17324,15324,16027,8638,10555,2767,5272,1023,928,1835,2277,2400,3645,3549,5400,5448,6258,8949,9158,6228,7548,2618,4986,101897,48305,14152,8185,27708,12278,3485,3,1
2021-06-07T23:59:59+02:00,8,10,2536,2602,4977,5191,6771,7798,10802,12177,16367,17030,15298,15999,8632,10538,2766,5268,952,891,1708,2223,2261,3563,3296,5311,5094,5974,8400,8534,6174,7489,2614,4977,99966,46094,14109,8171,27699,12206,2993,3,1
2021-06-06T23:59:59+02:00,8,8,2501,2578,4916,5132,6684,7742,10665,12067,16275,16966,15295,15995,8632,10538,2764,5267,936,881,1679,2204,2219,3536,3230,5287,5046,5950,8395,8533,6169,7482,2614,4976,99380,45940,14057,8162,27693,12138,2900,3,1
2021-06-05T23:59:59+02:00,7,7,2488,2556,4887,5105,6646,7715,10634,12040,16266,16960,15295,15995,8632,10538,2764,5267,920,866,1647,2177,2180,3484,3128,5205,4692,5624,7797,7831,6141,7429,2613,4974,99155,43562,14057,8157,27691,12096,2896,3,1
2021-06-04T23:59:59+02:00,6,6,2458,2528,4842,5060,6597,7664,10546,11937,16214,16897,15291,15988,8632,10537,2763,5266,908,849,1625,2158,2141,3448,3076,5146,4529,5436,7495,7464,6105,7387,2611,4968,98627,42285,14052,8155,27691,12050,2859,3,1
2021-06-03T23:59:59+02:00,6,6,2353,2397,4690,4889,6391,7416,9846,11303,15624,16449,15280,15979,8629,10532,2762,5265,891,819,1584,2098,2092,3369,2987,5037,4384,5271,7336,7275,6093,7360,2611,4964,95292,41239,14013,8145,27686,11967,2823,3,1
2021-06-02T23:59:59+02:00,6,6,2336,2372,4647,4856,6335,7377,9746,11214,15566,16396,15272,15975,8628,10528,2762,5264,878,807,1566,2075,2040,3333,2902,4951,4022,4882,6779,6639,6050,7304,2607,4954,94767,38907,14011,8141,27686,11924,2819,3,1
2021-06-01T23:59:59+02:00,6,5,2274,2331,4528,4767,6171,7266,9558,11067,15459,16320,15269,15971,8624,10524,2761,5259,846,781,1502,2025,1927,3271,2746,4860,3819,4755,6568,6409,6028,7286,2601,4947,93905,37825,13962,8119,27674,11812,2616,3,1
2021-05-31T23:59:59+02:00,2,5,2224,2272,4429,4674,6030,7140,9372,10923,15374,16266,15261,15964,8621,10524,2761,5259,823,745,1444,1966,1859,3223,2572,4807,3689,4702,6211,5994,6005,7265,2598,4939,93187,36649,13876,8113,27665,11711,2370,3,1
2021-05-30T23:59:59+02:00,2,5,2199,2250,4372,4613,5941,7080,9297,10861,15337,16247,15260,15962,8621,10524,2761,5259,811,734,1422,1945,1809,3199,2439,4772,3584,4684,6209,5992,6005,7265,2598,4939,92742,36334,13836,8091,27655,11628,2355,3,1
2021-05-29T23:59:59+02:00,2,5,2182,2235,4354,4602,5924,7064,9283,10848,15332,16244,15259,15962,8621,10524,2761,5259,793,681,1328,1687,1676,2839,2239,4224,3306,4257,6119,5898,5893,7132,2597,4939,92616,36285,13833,8086,27654,8883,2355,3,1
2021-05-28T23:59:59+02:00,2,5,2162,2212,4316,4557,5880,7019,9207,10778,15265,16192,15255,15960,8621,10524,2761,5258,774,591,1250,1436,1577,2438,2060,3534,3042,3661,5481,5158,5811,7041,2593,4926,92145,34987,13820,8086,27652,5947,2354,3,1
2021-05-27T23:59:59+02:00,2,5,2119,2174,4231,4490,5756,6945,9052,10678,15168,16109,15253,15959,8621,10523,2761,5258,745,556,1216,1355,1535,2300,1993,3392,2930,3541,5046,4673,5778,7002,2582,4897,91464,33864,13671,8077,27628,5263,2338,3,1
2021-05-26T23:59:59+02:00,2,5,2050,2056,4034,4345,5414,6683,8083,9936,14411,15404,15241,15953,8617,10517,2759,5256,734,540,1190,1297,1490,2245,1936,3281,2777,3395,3741,3296,5719,6929,2559,4840,90690,30597,10148,8062,27613,4999,2312,3,1
2021-05-25T23:59:59+02:00,2,5,2009,2017,3951,4278,5318,6617,7948,9829,14038,14971,15193,15916,8610,10502,2757,5252,725,530,1160,1262,1468,2222,1916,3254,2752,3369,3735,3286,5712,6926,2557,4839,89352,30510,10000,8053,27596,4889,2262,3,1
2021-05-24T23:59:59+02:00,2,5,1983,1971,3862,4204,5213,6535,7823,9705,13526,14357,15142,15848,8603,10488,2756,5247,719,522,1140,1251,1438,2209,1895,3236,2727,3347,3719,3268,5690,6902,2550,4823,87560,30383,9921,8002,27584,4850,2202,3,1
2021-05-23T23:59:59+02:00,2,5,1974,1958,3843,4181,5195,6522,7771,9674,13451,14294,15131,15844,8601,10487,2755,5247,712,510,1128,1238,1413,2183,1837,3200,2619,3247,3311,2835,5048,6092,2536,4778,87325,30212,9821,5445,27584,4829,2202,3,1
2021-05-22T23:59:59+02:00,2,5,1809,1916,3541,4131,4792,6478,7513,9618,13326,14215,15125,15843,8601,10486,2755,5247,552,479,835,1196,1035,2147,1596,3147,2505,3172,3307,2833,5048,6091,2536,4778,87175,30200,9821,5444,27582,4792,822,3,1
2021-05-21T23:59:59+02:00,2,4,1723,1807,3387,3939,4603,6183,7116,9252,12039,12874,14974,15695,8564,10439,2746,5236,548,467,825,1194,1033,2140,1561,3117,2428,3095,3134,2696,5022,6048,2533,4763,82403,29566,9781,5444,27576,4774,820,3,1
2021-05-20T23:59:59+02:00,2,4,1685,1771,3296,3888,4496,6102,6940,9173,11828,12647,14954,15677,8561,10432,2745,5235,528,454,785,1148,977,2076,1443,3046,2301,2998,2946,2527,4981,5972,2525,4748,81573,28824,9678,5429,27520,4539,663,2,1
2021-05-19T23:59:59+02:00,2,4,1662,1745,3239,3832,4402,6037,6825,9111,11596,12388,14942,15667,8559,10431,2745,5234,520,442,769,1111,959,2007,1332,2899,1974,2705,2384,2030,4876,5855,2504,4701,80763,26755,9538,5413,27493,4275,625,2,1
2021-05-18T23:59:59+02:00,2,4,1600,1711,3151,3742,4290,5934,6666,8952,11309,12134,14897,15619,8547,10408,2743,5224,517,430,754,1096,941,1990,1248,2833,1694,2483,1942,1684,4804,5772,2483,4658,79670,25213,9336,5403,27424,4212,501,2,1
2021-05-17T23:59:59+02:00,2,4,1551,1630,3021,3585,4084,5655,6318,8495,10763,11583,14789,15528,8528,10383,2738,5214,515,422,748,1089,923,1985,1224,2809,1666,2444,1925,1665,4797,5765,2480,4655,76781,25148,9301,5389,27399,4187,388,2,1
2021-05-16T23:59:59+02:00,2,4,1532,1608,2968,3545,3988,5568,6169,8359,10587,11450,14763,15506,8521,10375,2737,5212,508,416,725,1074,893,1969,1196,2781,1633,2420,1918,1656,4795,5761,2477,4653,76037,25119,9244,5371,27368,4142,243,2,1
2021-05-15T23:59:59+02:00,2,4,1445,1511,2757,3378,3759,5290,5808,7887,10235,11153,14678,15444,8502,10346,2731,5203,508,414,721,1072,893,1965,1191,2780,1628,2416,1906,1644,4789,5755,2477,4651,73284,25060,9244,5371,27361,4137,242,2,1
2021-05-14T23:59:59+02:00,2,4,1411,1449,2646,3282,3607,5133,5610,7598,10016,10901,14643,15406,8489,10323,2728,5199,459,373,649,906,821,1679,1061,2370,1447,2090,1872,1604,4786,5747,2476,4646,71647,24996,9223,5369,27337,2383,238,2,1
2021-05-13T23:59:59+02:00,2,4,1353,1382,2543,3198,3440,4997,5392,7391,9789,10722,14617,15378,8481,10320,2726,5196,452,360,621,878,720,1573,962,2287,1184,1878,1159,1024,4566,5514,2468,4614,70486,24878,8914,2840,27306,2319,223,2,1
2021-05-12T23:59:59+02:00,2,4,1346,1373,2527,3193,3422,4985,5372,7378,9775,10710,14615,15374,8479,10318,2725,5196,452,359,620,877,717,1570,957,2284,1180,1872,1140,1015,4553,5478,2436,4545,70376,24677,8890,2840,27304,2316,222,2,1
2021-05-11T23:59:59+02:00,2,3,1304,1331,2453,3109,3310,4858,5178,7233,9489,10402,14568,15317,8467,10298,2721,5187,446,346,602,863,696,1553,929,2260,1154,1845,1086,979,4491,5381,2394,4421,69042,24189,8767,2822,27219,2235,200,2,1
2021-05-10T23:59:59+02:00,2,3,1280,1304,2389,3032,3183,4734,5048,7076,9166,10022,14522,15278,8458,10279,2716,5185,445,344,589,853,682,1538,918,2245,1136,1831,1052,945,4431,5305,2355,4306,67690,23783,8647,2819,27148,2183,190,2,1
2021-05-09T23:59:59+02:00,2,3,1265,1287,2346,3019,3106,4699,4986,7042,9101,9978,14509,15263,8456,10274,2716,5183,437,342,575,848,659,1518,896,2224,1124,1817,1033,929,4419,5267,2340,4264,67453,23623,8573,2817,27104,2149,103,2,1
2021-05-08T23:59:59+02:00,1,3,1263,1283,2331,3007,3089,4689,4946,7028,9077,9970,14508,15263,8456,10273,2716,5183,437,342,575,848,658,1518,896,2223,1123,1816,1033,929,4418,5267,2340,4264,67312,23622,8567,2814,27102,2148,103,2,1
2021-05-07T23:59:59+02:00,1,3,1244,1262,2292,2966,3038,4640,4847,6936,8853,9723,14493,15241,8450,10267,2713,5179,387,314,543,779,621,1356,826,2016,1035,1629,1003,900,4398,5244,2338,4259,66407,23518,8561,2811,27075,1216,103,2,1
2021-05-06T23:59:59+02:00,1,3,1094,1171,2064,2723,2739,4331,4476,6536,8266,9118,14215,15002,8410,10210,2710,5178,386,310,531,760,604,1324,807,1981,1002,1601,976,869,4388,5230,2336,4255,62777,23389,8433,2761,26939,1114,96,2,1
2021-05-05T23:59:59+02:00,1,2,1029,1120,1954,2610,2580,4160,4181,6258,7254,7936,14130,14904,8375,10169,2697,5158,383,307,524,750,589,1315,773,1967,979,1580,901,807,4347,5160,2328,4239,59261,23068,8388,2742,26817,1089,50,2,1
2021-05-04T23:59:59+02:00,1,2,1007,1100,1903,2571,2478,4093,3961,6145,6973,7721,13623,14336,8345,10134,2692,5149,380,306,519,746,578,1310,756,1948,963,1573,882,783,4327,5144,2325,4230,57203,22934,8330,2727,26657,1067,42,2,1
2021-05-03T23:59:59+02:00,1,2,975,1062,1842,2518,2375,3983,3762,6028,6616,7421,13086,13712,8308,10096,2685,5134,374,305,517,742,568,1304,747,1937,949,1560,857,759,4310,5126,2319,4217,54781,22824,8304,2718,26518,1048,1,2,1
2021-05-02T23:59:59+02:00,1,2,970,1061,1823,2512,2350,3976,3720,6018,6582,7413,13085,13712,8308,10095,2685,5134,374,305,514,742,567,1302,742,1937,948,1557,855,755,4309,5122,2319,4217,54649,22807,8300,2716,26495,1041,1,2,1
2021-05-01T23:59:59+02:00,1,2,970,1059,1815,2510,2339,3971,3708,6010,6571,7404,13084,13710,8308,10095,2685,5134,374,305,514,742,567,1302,741,1936,946,1557,855,755,4309,5122,2319,4217,54580,22807,8300,2712,26493,1041,1,2,1
2021-04-30T23:59:59+02:00,0,2,954,1054,1794,2496,2318,3936,3671,5977,6493,7350,12989,13606,8307,10091,2682,5122,322,250,472,666,538,1123,711,1712,912,1353,843,738,4305,5120,2319,4217,54085,22793,8299,2708,26455,99,1,2,1
2021-04-29T23:59:59+02:00,0,2,899,1029,1737,2445,2255,3877,3525,5854,6256,7127,12730,13333,8285,10062,2678,5115,315,248,463,659,535,1116,704,1702,902,1343,835,723,4296,5112,2319,4215,52492,22707,8284,2702,26430,77,1,2,1
2021-04-28T23:59:59+02:00,0,2,838,995,1657,2383,2111,3767,3239,5601,5652,6623,11893,12416,8227,9973,2655,5078,314,245,461,652,527,1102,693,1682,891,1336,822,707,4277,5085,2317,4215,48441,22586,8277,2683,26389,56,1,2,1
2021-04-27T23:59:59+02:00,0,2,828,990,1639,2363,2066,3749,3168,5576,5526,6501,11864,12399,8225,9971,2655,5076,313,243,455,650,519,1096,684,1670,882,1330,810,696,4273,5079,2316,4209,47962,22508,8274,2668,26359,48,1,2,1
2021-04-26T23:59:59+02:00,0,2,818,977,1613,2345,2006,3709,2992,5499,5195,6216,11299,11754,8170,9906,2651,5067,311,242,454,649,513,1090,673,1664,873,1320,801,687,4268,5074,2316,4205,45635,22456,8265,2640,26316,43,1,2,1
2021-04-25T23:59:59+02:00,0,2,808,975,1599,2339,1968,3692,2866,5476,5103,6211,11295,11750,8167,9900,2650,5066,310,242,454,649,513,1083,673,1662,870,1318,801,686,4268,5074,2316,4205,45309,22451,8259,2636,26296,36,1,2,1
2021-04-24T23:59:59+02:00,0,2,794,965,1577,2319,1928,3647,2769,5408,4758,5892,10678,11024,8137,9842,2649,5064,310,242,454,649,513,1082,672,1661,869,1318,796,682,4259,5058,2314,4204,42902,22415,8258,2632,26290,35,1,2,1
2021-04-23T23:59:59+02:00,0,2,789,957,1564,2309,1899,3621,2729,5358,4597,5706,10369,10643,8097,9800,2646,5055,310,241,454,649,513,1081,671,1661,867,1318,796,681,4256,5055,2314,4204,41604,22404,8258,2631,26276,35,1,2,1
2021-04-22T23:59:59+02:00,0,2,773,942,1536,2266,1848,3553,2644,5268,4444,5552,10224,10449,8083,9769,2644,5047,310,240,452,638,511,1075,665,1653,861,1309,790,676,4253,5053,2314,4202,40603,22368,8232,2606,26206,27,1,2,1
2021-04-21T23:59:59+02:00,0,2,762,929,1512,2255,1795,3508,2540,5181,4060,5132,9627,9766,8034,9707,2640,5036,308,240,449,636,511,1074,661,1650,856,1304,778,664,4243,5039,2314,4198,38089,22317,8215,2582,26179,25,1,2,1
2021-04-20T23:59:59+02:00,0,2,755,918,1490,2228,1764,3479,2488,5123,3923,5036,9431,9547,8017,9697,2636,5033,308,238,449,635,510,1072,660,1645,853,1299,772,660,4239,5035,2314,4198,37254,22286,8204,2576,26106,25,1,2,0
2021-04-19T23:59:59+02:00,0,2,748,908,1481,2221,1747,3462,2456,5097,3859,4978,9062,9129,7992,9672,2633,5027,308,236,448,632,508,1069,656,1643,849,1295,766,654,4230,5033,2314,4196,36229,22247,8192,2565,26050,25,1,2,0
2021-04-18T23:59:59+02:00,0,2,744,906,1476,2215,1729,3455,2437,5085,3851,4976,9053,9118,7992,9671,2633,5027,307,236,448,628,507,1066,654,1640,846,1295,765,652,4230,5031,2314,4196,36169,22239,8172,2551,26026,25,1,2,0
2021-04-17T23:59:59+02:00,0,2,727,900,1388,2205,1629,3443,2400,5055,3771,4898,8341,8395,7976,9658,2633,5027,307,236,446,626,506,1066,653,1640,845,1292,765,652,4229,5031,2314,4196,36161,22228,8172,2551,24112,25,1,2,0
2021-04-16T23:59:59+02:00,0,2,711,882,1259,2183,1477,3421,2314,4990,3610,4733,7006,6844,7941,9609,2622,4996,307,235,441,620,502,1062,643,1638,841,1283,755,646,4221,5016,2311,4194,34790,22154,8162,2547,21645,14,1,2,0
2021-04-15T23:59:59+02:00,0,2,690,871,1249,2170,1457,3403,2257,4952,3539,4680,6568,6343,7901,9548,2600,4925,300,229,427,609,485,1048,609,1611,806,1253,665,585,3727,4506,2289,4159,33475,22097,8106,1201,21571,10,1,2,0
2021-04-14T23:59:59+02:00,0,2,685,867,1228,2157,1426,3384,2212,4917,3407,4586,5229,4940,7851,9482,2579,4888,292,224,424,602,478,1045,603,1603,800,1250,650,568,3716,4497,2285,4154,30250,22009,8095,1173,21492,9,1,2,0
2021-04-13T23:59:59+02:00,0,2,682,867,1219,2152,1411,3382,2204,4906,3387,4571,5210,4921,7845,9479,2578,4886,292,223,422,600,475,1042,601,1599,789,1248,632,563,3714,4494,2285,4154,30170,21989,8074,1135,21455,9,1,2,0
2021-04-12T23:59:59+02:00,0,2,676,859,1206,2143,1395,3371,2170,4892,3356,4547,5187,4906,7832,9468,2575,4853,291,222,420,599,474,1036,599,1595,781,1241,627,561,3709,4493,2285,4154,30042,21963,8029,1115,21364,9,1,2,0
2021-04-11T23:59:59+02:00,0,2,668,855,1190,2131,1377,3356,2103,4868,3238,4464,4767,4465,7165,8642,2568,4848,291,222,419,599,471,1035,593,1592,777,1240,623,558,3705,4488,2285,4154,30012,21955,5416,1088,21276,9,1,2,0
2021-04-10T23:59:59+02:00,0,2,668,853,1189,2130,1375,3352,2101,4865,3235,4457,4723,4418,7161,8636,2568,4847,285,219,417,588,458,1019,566,1575,745,1216,551,488,3136,3871,2236,4062,29889,20335,5413,1088,21275,9,1,2,0
2021-04-09T23:59:59+02:00,0,2,664,852,1181,2127,1371,3347,2070,4843,3157,4378,4527,4253,7126,8587,2564,4831,275,212,407,574,439,1003,541,1557,724,1193,470,426,2487,3051,2188,3968,29205,18419,5409,1087,21263,9,1,2,0
2021-04-08T23:59:59+02:00,0,2,654,842,1167,2116,1355,3317,2009,4790,3011,4267,3473,3102,6884,8224,2553,4816,262,204,390,556,416,989,519,1528,691,1170,451,400,2478,3042,2185,3965,28408,18198,5361,1039,18810,9,1,2,0
2021-04-07T23:59:59+02:00,0,2,647,836,1154,2107,1336,3305,1899,4711,2694,4018,2868,2574,6773,8101,2530,4763,248,197,362,532,378,954,475,1494,655,1143,424,375,2418,2980,2180,3958,26234,17745,5342,1020,18739,8,1,2,0
2021-04-06T23:59:59+02:00,0,2,637,828,1116,2100,1312,3286,1781,4661,2418,3849,2415,2227,6697,8010,2509,4726,224,184,328,506,353,936,438,1471,619,1111,389,333,2362,2906,2174,3949,24637,17272,5326,1003,18608,8,1,2,0
2021-04-05T23:59:59+02:00,0,2,634,826,1105,2096,1306,3283,1772,4651,2403,3833,2126,1880,5580,6694,2507,4726,224,184,327,502,347,930,434,1469,615,1106,385,330,2360,2900,2174,3948,24605,17261,5316,967,15500,7,1,2,0
2021-04-04T23:59:59+02:00,0,2,633,826,1105,2096,1306,3282,1772,4651,2401,3831,2125,1877,5580,6690,2507,4726,224,184,326,502,347,930,433,1469,615,1106,385,330,2359,2900,2174,3948,24597,17258,5316,967,15494,7,1,2,0
2021-04-03T23:59:59+02:00,0,2,633,826,1105,2095,1306,3282,1771,4649,2397,3831,2124,1874,5579,6690,2507,4726,224,184,326,502,347,930,433,1469,614,1106,385,330,2359,2900,2174,3948,24591,17257,5312,967,15491,7,1,2,0
2021-04-02T23:59:59+02:00,0,2,633,825,1105,2095,1302,3281,1769,4644,2396,3828,2116,1865,5567,6675,2504,4713,224,183,326,500,347,930,432,1468,613,1097,383,330,2359,2899,2174,3948,24523,17239,5308,967,15486,7,1,2,0
2021-04-01T23:59:59+02:00,0,2,629,814,1082,2077,1206,3186,1679,4576,2136,3620,1392,1278,5358,6465,2494,4686,220,182,326,499,346,929,431,1466,613,1096,380,328,2359,2899,2174,3944,24417,17227,2811,958,15449,7,1,2,0
2021-03-31T23:59:59+02:00,0,2,627,813,1078,2073,1201,3178,1668,4571,2118,3607,1365,1245,5329,6410,2457,4587,219,182,326,498,345,929,431,1465,612,1095,379,325,2355,2898,2172,3943,24098,17215,2797,952,15432,7,1,1,0
2021-03-30T23:59:59+02:00,0,2,625,804,1072,2069,1195,3173,1658,4557,2110,3593,1319,1200,5245,6281,2413,4441,219,181,326,497,342,925,426,1462,605,1085,364,314,2253,2746,2052,3718,23579,16597,2775,911,15402,7,1,0,0
2021-03-29T23:59:59+02:00,0,2,623,802,1069,2061,1185,3167,1651,4544,2098,3581,1283,1169,5185,6188,2364,4312,218,180,324,495,340,923,424,1457,600,1080,357,309,2030,2481,1825,3343,23147,15471,2751,908,15385,7,1,0,0
2021-03-28T23:59:59+02:00,0,2,623,799,1067,2055,1182,3160,1645,4534,2094,3576,1267,1160,5177,6166,2353,4280,216,180,323,492,333,919,421,1450,597,1068,351,297,2025,2467,1824,3340,23042,15445,2733,854,15364,4,1,0,0
2021-03-27T23:59:59+01:00,0,2,570,738,987,1987,1100,3042,1527,4410,1992,3494,1198,1090,4574,5434,2353,4280,214,179,323,492,333,919,416,1448,596,1065,350,297,2024,2466,1824,3340,23026,15429,2729,854,13022,3,1,0,0
2021-03-26T23:59:59+01:00,0,2,567,733,980,1977,1098,3036,1517,4403,1976,3486,1154,1059,4544,5400,2352,4276,213,176,323,490,330,918,414,1447,592,1058,342,292,1624,1935,1402,2620,22832,13325,2719,848,13008,3,1,0,0
2021-03-25T23:59:59+01:00,0,2,565,727,967,1969,1095,3027,1510,4391,1961,3476,1144,1048,4536,5395,2352,4275,212,173,322,489,328,912,411,1441,588,1049,338,288,1529,1814,1365,2548,22785,12979,2710,825,12944,3,1,0,0
2021-03-24T23:59:59+01:00,0,2,563,721,957,1956,1082,3012,1481,4373,1947,3467,1109,1018,4509,5362,2347,4270,212,173,321,488,325,908,406,1434,579,1033,324,278,1203,1433,1215,2282,22643,11848,2684,763,12848,3,1,0,0
2021-03-23T23:59:59+01:00,0,2,561,716,952,1942,1078,3002,1474,4359,1937,3460,1096,1007,4490,5347,2347,4267,211,173,319,485,318,905,405,1434,573,1029,316,271,968,1168,1101,2106,22569,11037,2675,742,12792,3,1,0,0
2021-03-22T23:59:59+01:00,0,2,560,707,947,1930,1072,2993,1464,4343,1923,3451,1093,1004,4485,5346,2347,4267,209,173,318,483,317,903,402,1431,570,1025,312,267,967,1164,1101,2103,22545,11020,2660,722,12728,3,1,0,0
2021-03-21T23:59:59+01:00,0,2,558,704,944,1921,1070,2989,1458,4330,1911,3444,1090,1003,4485,5345,2347,4267,209,173,318,482,316,899,402,1426,564,1023,302,262,963,1160,1100,2103,22541,11019,2646,680,12680,3,1,0,0
2021-03-20T23:59:59+01:00,0,2,553,696,939,1905,1053,2973,1430,4312,1877,3416,1018,932,3903,4711,2297,4170,209,173,318,482,316,899,402,1426,564,1023,302,262,963,1160,1099,2102,20882,11017,2645,680,12659,3,1,0,0
2021-03-19T23:59:59+01:00,0,2,544,687,922,1879,1026,2954,1394,4287,1851,3386,931,867,3233,3875,2250,4073,206,173,316,482,315,896,400,1424,560,1016,299,261,950,1147,1068,2062,18908,10994,2634,578,12618,3,1,0,0
2021-03-18T23:59:59+01:00,0,2,531,674,905,1853,1003,2927,1355,4247,1806,3334,833,803,2719,3342,2228,4039,201,171,313,478,312,886,396,1418,558,1011,296,255,847,1053,960,1873,18830,10616,1232,409,12538,3,1,0,0
2021-03-17T23:59:59+01:00,0,2,529,664,896,1833,990,2908,1333,4226,1787,3318,804,778,2634,3251,2222,4035,199,170,311,476,309,885,389,1414,555,1007,293,250,606,779,659,1428,18522,9697,1196,33,12491,0,1,0,0
2021-03-16T23:59:59+01:00,0,2,527,655,887,1811,969,2893,1316,4214,1763,3302,775,767,2586,3171,2220,4031,199,170,309,476,307,883,386,1412,552,1002,287,246,361,543,471,1121,18315,8699,1156,27,12418,0,0,0,0
2021-03-15T23:59:59+01:00,0,2,527,644,883,1793,960,2872,1310,4208,1755,3293,769,764,2583,3170,2220,4031,198,170,308,475,306,883,386,1412,549,1002,287,246,361,542,470,1121,18302,8693,1134,24,12348,0,0,0,0
2021-03-14T23:59:59+01:00,0,2,526,638,877,1781,953,2867,1300,4195,1745,3281,764,760,2578,3167,2220,4031,198,170,307,475,305,881,384,1410,549,1002,286,246,361,542,470,1121,18297,8690,1107,18,12281,0,0,0,0
2021-03-13T23:59:59+01:00,0,2,504,587,782,1519,823,2486,1106,3631,1463,2852,683,671,2475,3041,2219,4030,198,170,307,475,305,881,384,1410,549,1002,286,246,361,542,470,1121,18293,8690,1107,18,9474,0,0,0,0
2021-03-12T23:59:59+01:00,0,2,489,502,718,1253,731,2091,935,2941,1216,2261,543,518,2431,2996,2219,4030,198,168,307,475,305,879,383,1410,549,1000,286,245,348,521,422,1058,18270,8536,1106,18,6500,0,0,0,0
2021-03-11T23:59:59+01:00,0,2,466,466,685,1182,685,1986,876,2796,1136,2150,488,459,2418,2985,2218,4029,198,168,306,473,304,878,383,1407,548,1000,286,244,335,504,376,1015,18083,8410,1058,15,5886,0,0,0,0
2021-03-10T23:59:59+01:00,0,2,452,456,651,1149,645,1952,832,2760,1103,2122,468,443,2404,2966,2217,4026,194,166,302,466,304,877,378,1400,543,993,282,238,215,405,151,753,17807,7658,1038,9,5803,0,0,0,0
2021-03-09T23:59:59+01:00,0,2,436,439,619,1120,626,1934,809,2734,1081,2098,447,423,2311,2824,2094,3797,194,166,300,464,303,876,377,1397,543,990,280,237,215,405,151,752,17049,7650,1022,0,5723,0,0,0,0
2021-03-08T23:59:59+01:00,0,2,423,418,596,1090,608,1912,793,2709,1059,2072,425,395,2082,2550,1865,3420,194,165,300,462,302,872,377,1391,543,988,279,235,215,404,151,752,15806,7630,994,0,5619,0,0,0,0
2021-03-07T23:59:59+01:00,0,2,422,416,589,1073,596,1904,790,2696,1053,2061,424,394,2077,2542,1864,3418,194,165,300,461,302,871,377,1388,543,987,279,235,215,404,151,752,15780,7624,984,0,5557,0,0,0,0
2021-03-06T23:59:59+01:00,0,2,422,413,586,1059,593,1902,783,2689,1049,2054,423,394,2077,2542,1864,3418,194,165,300,461,302,871,377,1388,543,986,278,235,215,404,151,752,15772,7622,984,0,5514,0,0,0,0
2021-03-05T23:59:59+01:00,0,2,416,398,580,1047,587,1892,778,2680,1043,2046,410,386,1656,1980,1432,2666,191,160,296,461,299,870,375,1385,541,982,278,235,215,404,151,752,13550,7595,984,0,5465,0,0,0,0
2021-03-04T23:59:59+01:00,0,2,406,373,554,1008,568,1836,749,2627,1022,1996,406,382,1564,1863,1393,2593,180,152,285,451,298,862,373,1371,539,978,277,235,215,404,151,752,13200,7523,978,0,5164,0,0,0,0
2021-03-03T23:59:59+01:00,0,2,404,366,546,978,551,1804,724,2579,1005,1958,400,376,1242,1484,1240,2321,179,151,284,450,297,861,369,1364,536,971,275,233,214,403,149,747,12051,7483,971,0,4958,0,0,0,0
2021-03-02T23:59:59+01:00,0,2,400,361,538,944,537,1784,715,2555,994,1940,390,366,999,1217,1122,2143,179,149,283,439,293,855,369,1355,536,965,275,233,214,403,149,747,11232,7444,936,0,4839,0,0,0,0
2021-03-01T23:59:59+01:00,0,2,398,353,529,922,519,1753,706,2531,983,1923,386,359,998,1210,1122,2139,179,147,283,430,290,845,366,1340,533,959,273,231,213,402,149,747,11213,7387,901,0,4719,0,0,0,0
2021-02-28T23:59:59+01:00,0,2,395,350,526,914,514,1742,703,2521,978,1908,382,354,998,1208,1122,2139,177,146,283,430,290,844,366,1340,532,959,273,231,213,402,149,747,11213,7382,874,0,4669,0,0,0,0
2021-02-27T23:59:59+01:00,0,2,394,348,521,907,512,1736,700,2512,975,1906,381,353,998,1208,1121,2139,177,146,283,430,290,844,366,1340,531,959,273,231,213,402,149,747,11212,7381,874,0,4627,0,0,0,0
2021-02-26T23:59:59+01:00,0,2,346,301,452,734,436,1428,571,2094,804,1563,353,323,998,1205,1121,2139,177,144,283,427,288,836,364,1332,529,956,273,231,213,402,149,747,11201,7351,863,0,2806,0,0,0,0
2021-02-25T23:59:59+01:00,0,2,326,293,442,712,424,1392,556,2046,786,1531,345,316,914,1116,1049,2015,126,130,263,423,277,824,353,1316,524,949,273,229,213,402,149,747,10800,7198,833,0,2632,0,0,0,0
2021-02-24T23:59:59+01:00,0,2,321,287,437,696,417,1356,540,1998,764,1487,337,303,706,884,865,1710,126,124,262,417,274,815,351,1303,517,942,271,227,211,402,149,745,9861,7136,792,0,2457,0,0,0,0
2021-02-23T23:59:59+01:00,0,2,319,275,429,682,406,1333,532,1962,746,1468,323,293,457,638,674,1409,126,123,261,415,272,810,351,1296,516,934,270,226,210,402,148,744,8863,7104,748,0,2337,0,0,0,0
2021-02-22T23:59:59+01:00,0,2,319,273,428,675,405,1328,528,1952,741,1464,323,290,456,636,674,1408,126,118,256,405,271,793,347,1272,511,926,266,225,210,402,148,744,8859,7020,736,0,2307,0,0,0,0
2021-02-21T23:59:59+01:00,0,2,316,272,426,669,402,1320,526,1944,735,1460,312,285,452,632,672,1408,126,118,255,404,271,791,344,1269,504,923,265,224,209,401,147,735,8854,6986,695,0,2284,0,0,0,0
2021-02-20T23:59:59+01:00,0,2,316,269,426,667,402,1312,525,1935,733,1456,312,285,452,632,672,1408,126,118,255,404,271,791,344,1269,503,923,265,224,209,401,147,735,8854,6985,695,0,2255,0,0,0,0
2021-02-19T23:59:59+01:00,0,1,270,243,394,591,368,1143,467,1720,626,1246,303,269,426,596,593,1301,126,118,255,404,270,791,344,1269,503,923,265,224,209,401,147,735,8637,6984,589,0,1331,0,0,0,0
2021-02-18T23:59:59+01:00,0,1,269,238,387,582,357,1122,454,1702,616,1239,303,267,373,549,491,1173,123,115,251,399,263,785,341,1260,500,922,263,222,209,401,147,735,8458,6936,417,0,1248,0,0,0,0
2021-02-17T23:59:59+01:00,0,1,263,234,375,568,350,1113,431,1686,608,1227,298,260,218,413,156,764,115,102,247,393,258,770,335,1244,494,911,259,219,208,401,147,735,7741,6838,31,0,1193,0,0,0,0
2021-02-16T23:59:59+01:00,0,1,261,232,364,566,340,1104,423,1672,603,1221,295,257,218,412,156,764,84,90,227,367,247,740,317,1204,462,876,238,204,201,383,146,728,7734,6514,27,0,1128,0,0,0,0
2021-02-15T23:59:59+01:00,0,1,259,232,362,562,339,1098,421,1660,599,1215,295,257,218,411,155,764,83,88,223,356,239,728,307,1176,447,853,225,197,190,361,140,672,7726,6285,24,0,1098,0,0,0,0
2021-02-14T23:59:59+01:00,0,1,258,230,356,559,335,1088,417,1654,596,1212,295,257,218,411,155,764,79,86,216,351,236,720,302,1163,443,838,224,195,190,350,140,663,7716,6196,19,0,1071,0,0,0,0
2021-02-13T23:59:59+01:00,0,1,258,230,356,559,335,1088,416,1654,596,1211,294,257,218,411,155,764,79,86,216,351,236,720,302,1163,443,838,224,195,190,350,140,663,7714,6196,19,0,1070,0,0,0,0
2021-02-12T23:59:59+01:00,0,1,200,169,307,481,308,893,383,1416,559,996,286,242,217,411,155,764,76,85,213,350,234,717,295,1159,440,833,220,193,190,348,140,663,7702,6156,19,0,67,0,0,0,0
2021-02-11T23:59:59+01:00,0,0,198,168,301,470,304,879,377,1396,549,988,286,242,217,411,155,764,75,82,202,324,224,673,275,1108,423,785,219,190,190,343,140,660,7661,5913,16,0,28,0,0,0,0
2021-02-10T23:59:59+01:00,0,0,195,161,297,466,301,875,371,1385,545,980,284,240,215,410,155,762,70,76,186,298,213,614,258,1023,398,733,210,176,176,314,128,613,7619,5486,10,0,13,0,0,0,0
2021-02-09T23:59:59+01:00,0,0,190,155,294,457,300,866,371,1375,543,971,281,239,215,410,155,761,61,60,147,234,184,510,220,831,342,598,189,150,156,279,118,547,7575,4626,2,0,6,0,0,0,0
2021-02-08T23:59:59+01:00,0,0,183,148,290,444,295,856,367,1355,536,964,277,235,214,409,153,757,34,47,102,144,135,282,161,454,248,391,160,124,129,224,95,452,7475,3182,2,0,6,0,0,0,0
2021-02-07T23:59:59+01:00,0,0,181,146,287,443,294,854,366,1354,535,963,276,234,214,409,153,757,19,40,83,122,130,261,152,420,232,364,152,120,119,214,90,417,7465,2935,1,0,0,0,0,0,0
2021-02-06T23:59:59+01:00,0,0,181,146,287,443,294,854,366,1354,535,963,276,234,214,409,153,757,19,37,81,119,120,246,141,404,201,343,137,116,118,209,89,407,7465,2787,1,0,0,0,0,0,0
2021-02-05T23:59:59+01:00,0,0,181,144,287,440,293,843,364,1346,531,960,276,233,214,409,153,756,18,32,77,114,113,233,136,377,187,324,132,111,115,204,82,391,7429,2646,1,0,0,0,0,0,0
2021-02-04T23:59:59+01:00,0,0,173,139,286,436,286,834,361,1335,522,951,275,231,213,409,153,754,11,21,51,77,84,177,113,287,155,267,114,96,103,190,74,351,7358,2171,0,0,0,0,0,0,0
2021-02-03T23:59:59+01:00,0,0,155,132,276,430,282,828,359,1324,522,949,275,231,212,409,153,753,11,19,43,67,75,142,89,257,134,221,95,81,88,162,67,311,7290,1862,0,0,0,0,0,0,0
2021-02-02T23:59:59+01:00,0,0,134,126,264,428,279,821,354,1317,521,942,274,231,211,409,152,752,11,16,34,61,63,119,74,212,103,171,63,57,63,104,43,196,7215,1390,0,0,0,0,0,0,0
2021-02-01T23:59:59+01:00,0,0,129,121,259,413,277,804,352,1293,515,930,269,229,211,409,152,752,4,10,20,34,33,66,46,119,59,71,28,28,27,44,25,97,7115,711,0,0,0,0,0,0,0
2021-01-31T23:59:59+01:00,0,0,128,118,257,411,275,800,350,1287,511,928,269,226,210,408,152,752,4,6,15,23,28,47,32,73,39,43,14,8,13,28,20,59,7082,452,0,0,0,0,0,0,0
2021-01-30T23:59:59+01:00,0,0,128,118,257,411,275,799,350,1286,510,928,269,226,210,408,152,752,4,6,13,20,25,40,27,65,36,41,14,8,13,28,20,59,7079,419,0,0,0,0,0,0,0
2021-01-29T23:59:59+01:00,0,0,128,118,257,411,274,799,350,1286,510,928,269,226,210,408,152,752,4,6,7,18,23,31,22,57,32,38,14,8,13,27,19,58,7078,377,0,0,0,0,0,0,0
2021-01-28T23:59:59+01:00,0,0,126,115,253,405,270,793,347,1279,506,927,269,226,210,408,152,752,1,3,2,8,15,14,12,28,12,23,11,4,6,14,6,23,7038,182,0,0,0,0,0,0,0
2021-01-27T23:59:59+01:00,0,0,118,105,251,401,267,785,342,1272,500,920,264,223,209,407,152,752,0,0,1,4,11,12,8,21,10,17,10,4,6,14,6,23,6968,147,0,0,0,0,0,0,0
2021-01-26T23:59:59+01:00,0,0,89,93,233,384,259,760,329,1234,475,889,244,211,202,391,152,744,0,0,1,4,11,12,8,21,10,17,10,4,6,14,6,23,6689,147,0,0,0,0,0,0,0
2021-01-25T23:59:59+01:00,0,0,86,88,231,364,246,741,315,1200,457,864,228,204,193,371,148,689,0,0,1,4,11,10,7,14,7,13,10,4,6,14,6,23,6425,130,0,0,0,0,0,0,0
2021-01-24T23:59:59+01:00,0,0,86,86,227,360,245,736,312,1187,455,849,227,202,193,360,148,679,0,0,1,4,11,10,7,14,7,13,10,4,6,14,6,23,6352,130,0,0,0,0,0,0,0
2021-01-23T23:59:59+01:00,0,0,86,86,227,360,245,736,312,1187,455,849,227,202,193,360,148,679,0,0,1,4,11,10,7,14,7,13,10,4,6,14,6,23,6352,130,0,0,0,0,0,0,0
2021-01-22T23:59:59+01:00,0,0,86,85,225,358,245,733,308,1183,451,846,225,201,193,359,148,679,0,0,1,4,11,10,7,14,7,13,10,4,6,14,6,23,6325,130,0,0,0,0,0,0,0
2021-01-21T23:59:59+01:00,0,0,86,82,211,329,235,689,283,1132,437,813,224,197,192,353,148,676,0,0,1,2,9,9,6,13,6,11,10,4,6,14,6,23,6087,120,0,0,0,0,0,0,0
2021-01-20T23:59:59+01:00,0,0,80,76,197,308,223,625,269,1039,408,754,215,186,177,324,137,629,0,0,1,2,9,9,6,13,6,11,10,4,6,14,6,23,5647,120,0,0,0,0,0,0,0
2021-01-19T23:59:59+01:00,0,0,72,66,157,258,203,562,243,916,367,645,196,160,155,284,124,552,0,0,1,2,3,7,6,12,4,9,7,3,6,14,6,23,4960,103,0,0,0,0,0,0,0
2021-01-18T23:59:59+01:00,0,0,60,58,134,215,181,458,216,759,327,552,179,140,131,234,104,470,0,0,0,1,2,4,3,7,2,7,6,3,6,14,6,22,4218,83,0,0,0,0,0,0,0
2021-01-17T23:59:59+01:00,0,0,37,46,109,184,167,397,199,668,301,494,171,134,118,217,90,416,0,0,0,0,2,4,2,7,2,5,4,3,6,14,5,22,3748,76,0,0,0,0,0,0,0
2021-01-16T23:59:59+01:00,0,0,30,43,109,181,157,380,184,648,270,472,155,129,117,211,89,406,0,0,0,0,0,0,0,0,0,0,0,0,0,0,0,0,3581,0,0,0,0,0,0,0,0
2021-01-15T23:59:59+01:00,0,0,28,39,105,176,146,367,178,618,253,450,150,120,114,205,81,390,0,0,0,0,0,0,0,0,0,0,0,0,0,0,0,0,3420,0,0,0,0,0,0,0,0
2021-01-14T23:59:59+01:00,0,0,10,24,51,77,84,171,114,283,150,262,123,101,100,190,71,350,0,0,0,0,0,0,0,0,0,0,0,0,0,0,0,0,2161,0,0,0,0,0,0,0,0
2021-01-13T23:59:59+01:00,0,0,9,20,41,67,76,136,92,254,125,225,94,79,81,153,56,282,0,0,0,0,0,0,0,0,0,0,0,0,0,0,0,0,1790,0,0,0,0,0,0,0,0
2021-01-12T23:59:59+01:00,0,0,9,15,37,63,63,112,77,206,96,171,61,53,54,92,32,162,0,0,0,0,0,0,0,0,0,0,0,0,0,0,0,0,1303,0,0,0,0,0,0,0,0
2021-01-11T23:59:59+01:00,0,0,1,10,27,46,39,81,56,137,59,84,31,27,22,36,16,70,0,0,0,0,0,0,0,0,0,0,0,0,0,0,0,0,742,0,0,0,0,0,0,0,0
2021-01-10T23:59:59+01:00,0,0,1,5,20,32,34,57,37,90,38,52,14,7,7,19,11,31,0,0,0,0,0,0,0,0,0,0,0,0,0,0,0,0,455,0,0,0,0,0,0,0,0
2021-01-09T23:59:59+01:00,0,0,1,5,18,28,33,53,32,80,36,51,14,7,7,19,11,31,0,0,0,0,0,0,0,0,0,0,0,0,0,0,0,0,426,0,0,0,0,0,0,0,0
2021-01-08T23:59:59+01:00,0,0,1,5,15,26,30,42,26,71,32,47,13,7,6,17,10,30,0,0,0,0,0,0,0,0,0,0,0,0,0,0,0,0,378,0,0,0,0,0,0,0,0
2021-01-07T23:59:59+01:00,0,0,1,3,2,10,15,13,13,29,14,24,11,5,6,15,8,24,0,0,0,0,0,0,0,0,0,0,0,0,0,0,0,0,193,0,0,0,0,0,0,0,0
2021-01-06T23:59:59+01:00,0,0,1,0,2,4,13,11,9,23,12,19,11,5,6,15,8,24,0,0,0,0,0,0,0,0,0,0,0,0,0,0,0,0,163,0,0,0,0,0,0,0,0
2021-01-05T23:59:59+01:00,0,0,0,0,1,4,12,11,8,21,11,19,10,5,6,15,8,24,0,0,0,0,0,0,0,0,0,0,0,0,0,0,0,0,155,0,0,0,0,0,0,0,0
2021-01-04T23:59:59+01:00,0,0,0,0,1,4,12,10,7,17,9,17,10,5,6,15,8,24,0,0,0,0,0,0,0,0,0,0,0,0,0,0,0,0,145,0,0,0,0,0,0,0,0
2021-01-03T23:59:59+01:00,0,0,0,0,1,4,11,9,7,14,7,14,10,5,6,15,8,24,0,0,0,0,0,0,0,0,0,0,0,0,0,0,0,0,135,0,0,0,0,0,0,0,0
2021-01-02T23:59:59+01:00,0,0,0,0,1,4,11,9,7,14,7,14,10,5,6,15,8,24,0,0,0,0,0,0,0,0,0,0,0,0,0,0,0,0,135,0,0,0,0,0,0,0,0
2021-01-01T23:59:59+01:00,0,0,0,0,1,4,11,9,7,14,7,14,10,5,6,15,8,24,0,0,0,0,0,0,0,0,0,0,0,0,0,0,0,0,135,0,0,0,0,0,0,0,0
2020-12-31T23:59:59+01:00,0,0,0,0,1,4,11,9,7,14,7,14,10,5,6,15,8,24,0,0,0,0,0,0,0,0,0,0,0,0,0,0,0,0,135,0,0,0,0,0,0,0,0
2020-12-30T23:59:59+01:00,0,0,0,0,1,4,11,9,7,14,7,14,10,5,6,15,8,24,0,0,0,0,0,0,0,0,0,0,0,0,0,0,0,0,135,0,0,0,0,0,0,0,0
2020-12-29T23:59:59+01:00,0,0,0,0,1,4,8,9,7,14,5,12,10,5,6,15,8,24,0,0,0,0,0,0,0,0,0,0,0,0,0,0,0,0,128,0,0,0,0,0,0,0,0
2020-12-28T23:59:59+01:00,0,0,0,0,1,1,5,7,7,8,3,9,10,5,6,15,8,24,0,0,0,0,0,0,0,0,0,0,0,0,0,0,0,0,109,0,0,0,0,0,0,0,0
2020-12-27T23:59:59+01:00,0,0,0,0,0,0,2,4,2,7,2,6,4,4,6,15,7,23,0,0,0,0,0,0,0,0,0,0,0,0,0,0,0,0,82,0,0,0,0,0,0,0,0
