Datum,<15_1_m,<15_1_w,15-24_1_m,15-24_1_w,25-34_1_m,25-34_1_w,35-44_1_m,35-44_1_w,45-54_1_m,45-54_1_w,55-64_1_m,55-64_1_w,65-74_1_m,65-74_1_w,75-84_1_m,75-84_1_w,>84_1_m,>84_1_w,<15_2_m,<15_2_w,15-24_2_m,15-24_2_w,25-34_2_m,25-34_2_w,35-44_2_m,35-44_2_w,45-54_2_m,45-54_2_w,55-64_2_m,55-64_2_w,65-74_2_m,65-74_2_w,75-84_2_m,75-84_2_w,>84_2_m,>84_2_w,bp_1,bp_2,mo_1,mo_2,az_1,az_2,ja,unb_1,unb_2
2021-10-24T23:59:59+02:00,1991,1932,10323,9696,11266,10597,13809,14228,17787,18144,20969,20899,16501,17198,9195,11177,2971,5710,1712,1620,9565,9072,10722,9942,13215,13574,17169,17490,20408,20324,16175,16851,9020,10948,2877,5544,153850,147148,20459,19741,27880,27120,12210,9,9
2021-10-23T23:59:59+02:00,1988,1929,10286,9668,11230,10573,13780,14199,17758,18122,20948,20884,16495,17189,9192,11172,2971,5708,1712,1619,9564,9071,10722,9939,13213,13572,17168,17490,20408,20324,16175,16850,9020,10947,2877,5544,153550,147136,20459,19741,27880,27120,12209,9,9
2021-10-22T23:59:59+02:00,1976,1916,10255,9647,11216,10543,13742,14182,17738,18102,20924,20866,16489,17189,9191,11170,2971,5708,1704,1610,9546,9061,10715,9928,13204,13560,17165,17482,20404,20321,16172,16845,9019,10947,2876,5541,153294,147030,20457,19741,27880,27120,12200,9,9
2021-10-21T23:59:59+02:00,1971,1913,10249,9641,11201,10534,13729,14179,17730,18097,20921,20865,16488,17188,9189,11170,2971,5707,1698,1601,9535,9054,10710,9917,13200,13547,17158,17475,20400,20314,16170,16844,9018,10945,2876,5541,153219,146941,20453,19736,27880,27120,12197,9,9
2021-10-20T23:59:59+02:00,1963,1904,10230,9632,11190,10516,13718,14171,17725,18089,20913,20861,16485,17185,9187,11167,2971,5707,1680,1581,9510,9019,10696,9897,13182,13527,17138,17458,20386,20301,16168,16838,9016,10941,2874,5541,153096,146698,20452,19734,27880,27120,12192,9,9
2021-10-19T23:59:59+02:00,1959,1898,10222,9625,11182,10506,13711,14166,17719,18085,20906,20857,16484,17183,9187,11167,2970,5706,1658,1561,9469,8975,10666,9868,13160,13501,17111,17435,20375,20290,16159,16825,9010,10938,2874,5540,153021,146364,20450,19734,27880,27120,12188,9,9
2021-10-18T23:59:59+02:00,1953,1881,10196,9607,11167,10490,13703,14153,17705,18077,20896,20849,16478,17178,9183,11161,2968,5700,1632,1542,9439,8936,10641,9842,13137,13472,17089,17420,20358,20276,16150,16817,9002,10928,2873,5536,152835,146042,20449,19732,27880,27120,12187,9,9
2021-10-17T23:59:59+02:00,1953,1880,10190,9606,11165,10486,13700,14151,17703,18073,20893,20848,16475,17178,9182,11161,2966,5698,1632,1539,9437,8931,10634,9840,13135,13471,17084,17415,20356,20275,16149,16816,9002,10927,2873,5536,152801,146008,20448,19730,27880,27120,12185,9,9
2021-10-16T23:59:59+02:00,1949,1876,10182,9600,11160,10486,13694,14139,17700,18071,20888,20846,16473,17174,9180,11160,2966,5697,1632,1539,9437,8930,10633,9840,13134,13470,17084,17413,20355,20275,16149,16816,9002,10927,2873,5536,152735,146002,20448,19730,27880,27120,12184,9,9
2021-10-15T23:59:59+02:00,1946,1872,10175,9587,11153,10479,13686,14127,17691,18058,20883,20834,16472,17173,9179,11159,2966,5696,1628,1532,9421,8916,10623,9833,13125,13463,17080,17408,20350,20270,16146,16816,9002,10927,2872,5536,152633,145909,20448,19729,27880,27120,12181,9,9
2021-10-14T23:59:59+02:00,1941,1865,10164,9576,11145,10465,13669,14121,17685,18048,20872,20826,16469,17170,9179,11156,2965,5694,1621,1529,9411,8903,10615,9822,13116,13455,17075,17403,20340,20262,16140,16810,8999,10926,2872,5536,152545,145816,20421,19720,27880,27120,12170,9,9
2021-10-13T23:59:59+02:00,1937,1854,10150,9557,11131,10458,13655,14111,17670,18037,20865,20818,16466,17162,9173,11148,2962,5692,1612,1522,9400,8884,10601,9809,13103,13441,17063,17392,20335,20252,16138,16804,8994,10917,2871,5533,152425,145736,20379,19639,27880,27119,12168,9,9
2021-10-12T23:59:59+02:00,1927,1845,10135,9544,11121,10441,13649,14106,17668,18031,20859,20815,16463,17159,9171,11147,2962,5692,1600,1512,9371,8861,10592,9794,13090,13425,17050,17382,20325,20244,16129,16795,8989,10909,2870,5525,152384,145610,20310,19558,27880,27119,12167,9,9
2021-10-11T23:59:59+02:00,1918,1836,10115,9529,11102,10432,13636,14098,17658,18015,20851,20805,16457,17157,9168,11143,2961,5690,1572,1485,9338,8821,10570,9763,13067,13397,17036,17367,20313,20235,16120,16791,8986,10905,2869,5521,152283,145460,20252,19406,27880,27119,12162,9,9
2021-10-10T23:59:59+02:00,1917,1831,10105,9522,11098,10425,13626,14091,17650,18007,20841,20800,16457,17157,9165,11140,2961,5690,1570,1484,9331,8817,10562,9759,13061,13392,17031,17364,20308,20235,16119,16791,8984,10902,2869,5519,152258,145416,20193,19396,27880,27119,12158,9,9
2021-10-09T23:59:59+02:00,1917,1831,10105,9522,11097,10425,13626,14091,17649,18007,20841,20800,16457,17157,9165,11140,2961,5690,1569,1484,9328,8813,10562,9757,13060,13391,17029,17364,20307,20234,16119,16791,8984,10902,2869,5519,152257,145403,20192,19393,27880,27119,12158,9,9
2021-10-08T23:59:59+02:00,1908,1822,10090,9515,11088,10419,13616,14080,17639,18000,20832,20795,16450,17151,9164,11137,2960,5689,1563,1477,9322,8803,10557,9751,13055,13384,17027,17362,20306,20233,16117,16790,8984,10901,2869,5519,152133,145347,20192,19389,27880,27119,12156,9,9
2021-10-07T23:59:59+02:00,1896,1808,10060,9482,11060,10392,13587,14062,17631,17987,20814,20782,16444,17146,9161,11133,2959,5687,1557,1469,9309,8784,10549,9735,13049,13373,17022,17353,20298,20228,16113,16787,8980,10898,2869,5518,151890,145236,20187,19387,27880,27119,12140,9,9
2021-10-06T23:59:59+02:00,1878,1784,10035,9462,11044,10376,13572,14042,17624,17975,20802,20773,16440,17141,9158,11132,2959,5686,1516,1412,9267,8721,10526,9698,13015,13335,16996,17326,20278,20209,16102,16778,8975,10894,2869,5514,151691,144785,20183,19386,27880,27119,12132,9,9
2021-10-05T23:59:59+02:00,1868,1772,10022,9440,11034,10359,13558,14026,17615,17966,20792,20768,16436,17135,9157,11132,2958,5686,1498,1389,9247,8696,10511,9677,13005,13323,16988,17310,20266,20200,16096,16774,8972,10888,2865,5510,151553,144590,20183,19386,27880,27119,12111,9,9
2021-10-04T23:59:59+02:00,1856,1762,9997,9426,11023,10343,13544,14014,17604,17952,20780,20755,16435,17132,9155,11130,2957,5686,1482,1375,9225,8675,10491,9654,13001,13313,16979,17291,20257,20180,16094,16770,8970,10886,2864,5510,151402,144410,20178,19386,27880,27118,12094,9,9
2021-10-03T23:59:59+02:00,1850,1757,9990,9420,11012,10333,13539,14008,17597,17947,20772,20751,16432,17127,9153,11129,2957,5686,1479,1370,9217,8666,10478,9647,12997,13308,16975,17284,20248,20176,16092,16768,8970,10885,2864,5510,151342,144358,20178,19386,27880,27118,12063,9,9
2021-10-02T23:59:59+02:00,1850,1757,9988,9417,11010,10331,13536,14008,17597,17947,20770,20749,16431,17126,9153,11129,2957,5686,1479,1370,9216,8664,10475,9644,12995,13306,16975,17284,20247,20174,16091,16766,8970,10885,2864,5510,151334,144350,20178,19385,27880,27118,12053,9,9
2021-10-01T23:59:59+02:00,1847,1753,9974,9402,11001,10316,13527,14000,17588,17940,20765,20745,16427,17122,9151,11128,2955,5684,1469,1356,9199,8646,10461,9633,12993,13295,16964,17277,20238,20167,16090,16766,8969,10880,2863,5508,151235,144226,20177,19385,27880,27118,12036,9,9
2021-09-30T23:59:59+02:00,1844,1750,9958,9394,10989,10306,13517,13983,17580,17928,20757,20739,16427,17121,9149,11126,2954,5683,1460,1352,9176,8638,10449,9622,12986,13283,16954,17273,20232,20163,16088,16766,8966,10880,2863,5508,151162,144159,20175,19382,27880,27118,11991,9,9
2021-09-29T23:59:59+02:00,1831,1716,9930,9358,10965,10281,13503,13963,17565,17916,20738,20729,16420,17113,9147,11123,2953,5680,1456,1338,9166,8623,10436,9607,12983,13269,16949,17260,20222,20155,16082,16757,8963,10877,2862,5507,150906,144031,20175,19381,27880,27118,11973,9,9
2021-09-28T23:59:59+02:00,1804,1692,9877,9305,10944,10245,13473,13936,17537,17886,20721,20709,16411,17100,9143,11114,2952,5677,1434,1322,9147,8593,10423,9585,12965,13256,16939,17248,20209,20143,16073,16748,8957,10870,2862,5506,150528,143826,20175,19380,27879,27118,11947,9,9
2021-09-27T23:59:59+02:00,1787,1679,9852,9287,10919,10223,13454,13909,17519,17866,20712,20702,16405,17095,9139,11111,2952,5675,1420,1310,9128,8571,10401,9565,12945,13230,16924,17231,20198,20134,16069,16745,8955,10867,2862,5505,150359,143676,20167,19375,27879,27116,11884,9,9
2021-09-26T23:59:59+02:00,1780,1673,9841,9278,10903,10211,13444,13901,17513,17860,20702,20701,16403,17091,9139,11110,2951,5675,1418,1309,9123,8563,10393,9561,12936,13225,16920,17226,20191,20132,16067,16743,8955,10867,2862,5505,150279,143642,20166,19375,27879,27115,11855,9,9
2021-09-25T23:59:59+02:00,1780,1672,9838,9277,10902,10211,13442,13900,17513,17860,20702,20701,16403,17090,9139,11110,2951,5675,1418,1309,9123,8560,10391,9561,12935,13223,16920,17226,20191,20132,16067,16742,8955,10867,2862,5505,150274,143638,20166,19375,27879,27115,11850,9,9
2021-09-24T23:59:59+02:00,1772,1656,9821,9265,10898,10201,13438,13889,17510,17856,20699,20697,16400,17089,9139,11110,2950,5675,1408,1303,9106,8547,10385,9550,12931,13219,16914,17220,20190,20128,16065,16740,8954,10867,2862,5505,150185,143555,20164,19375,27879,27115,11840,9,9
2021-09-23T23:59:59+02:00,1769,1654,9758,9223,10788,10137,13339,13815,17425,17790,20646,20650,16376,17071,9132,11099,2950,5672,1407,1300,9048,8509,10276,9491,12840,13158,16833,17158,20139,20084,16042,16719,8946,10855,2862,5502,150108,143526,20162,19372,27879,27115,11147,9,9
2021-09-22T23:59:59+02:00,1747,1637,9729,9190,10773,10108,13313,13784,17397,17767,20631,20628,16372,17063,9130,11092,2947,5671,1401,1283,9023,8494,10255,9474,12825,13143,16814,17148,20128,20079,16036,16717,8943,10849,2860,5499,149822,143356,20158,19369,27879,27115,11122,9,9
2021-09-21T23:59:59+02:00,1716,1606,9673,9124,10738,10073,13286,13742,17367,17744,20617,20618,16360,17049,9126,11090,2945,5666,1385,1252,8989,8462,10239,9456,12803,13116,16788,17118,20118,20069,16026,16710,8938,10846,2860,5497,149401,143074,20156,19367,27878,27115,11107,9,9
2021-09-20T23:59:59+02:00,1684,1582,9617,9071,10690,10023,13250,13701,17346,17725,20593,20600,16350,17042,9117,11078,2944,5662,1368,1225,8954,8435,10220,9433,12776,13093,16767,17100,20101,20050,16018,16701,8931,10839,2858,5496,148998,142829,20154,19366,27878,27114,11047,9,9
2021-09-19T23:59:59+02:00,1683,1581,9613,9063,10683,10018,13242,13699,17338,17719,20586,20596,16348,17039,9116,11076,2941,5659,1364,1224,8948,8429,10216,9431,12772,13091,16764,17098,20098,20046,16017,16701,8931,10839,2858,5495,148944,142807,20151,19364,27878,27113,11029,9,9
2021-09-18T23:59:59+02:00,1683,1581,9613,9062,10681,10014,13239,13695,17335,17719,20585,20596,16348,17039,9116,11076,2941,5659,1362,1224,8946,8426,10214,9429,12771,13088,16760,17097,20097,20046,16017,16701,8931,10839,2858,5495,148938,142798,20151,19364,27878,27113,11017,9,9
2021-09-17T23:59:59+02:00,1677,1571,9596,9039,10669,9998,13223,13682,17324,17708,20580,20585,16346,17037,9115,11074,2940,5658,1360,1222,8939,8420,10208,9423,12762,13083,16756,17092,20094,20037,16017,16699,8930,10838,2858,5495,148823,142774,20149,19364,27878,27112,10974,9,9
2021-09-16T23:59:59+02:00,1673,1570,9579,9023,10653,9982,13212,13669,17312,17699,20568,20574,16345,17033,9112,11071,2940,5656,1357,1222,8933,8414,10200,9416,12754,13077,16748,17087,20084,20032,16017,16698,8930,10835,2858,5493,148719,142745,20146,19361,27877,27109,10931,9,9
2021-09-15T23:59:59+02:00,1660,1555,9552,8996,10629,9962,13183,13641,17293,17675,20551,20556,16339,17026,9103,11063,2940,5652,1334,1188,8886,8375,10169,9375,12721,13037,16723,17067,20055,20012,16010,16686,8925,10832,2858,5491,148552,142409,20078,19349,27877,27106,10871,9,9
2021-09-14T23:59:59+02:00,1648,1545,9518,8965,10613,9942,13164,13618,17270,17657,20537,20542,16322,17013,9093,11052,2936,5640,1312,1176,8852,8342,10153,9358,12712,13014,16707,17048,20038,19992,16006,16679,8922,10825,2857,5487,148351,142168,20000,19348,27877,27106,10849,9,9
2021-09-13T23:59:59+02:00,1615,1509,9474,8910,10587,9908,13141,13575,17249,17638,20515,20529,16316,17007,9090,11046,2934,5634,1289,1161,8817,8314,10137,9336,12691,12982,16694,17031,20022,19976,16000,16665,8916,10823,2856,5483,148132,141914,19845,19340,27877,27105,10825,9,9
2021-09-12T23:59:59+02:00,1613,1506,9461,8903,10574,9902,13134,13565,17244,17634,20512,20524,16315,17004,9088,11045,2934,5631,1272,1145,8793,8292,10116,9325,12674,12968,16683,17023,20014,19967,15997,16661,8915,10817,2856,5482,148081,141754,19839,19339,27877,27104,10794,9,9
2021-09-11T23:59:59+02:00,1613,1506,9459,8898,10570,9899,13131,13563,17243,17631,20509,20522,16315,17002,9087,11045,2934,5631,1272,1145,8784,8289,10114,9324,12669,12967,16682,17020,20012,19966,15997,16660,8914,10817,2856,5482,148070,141748,19837,19334,27877,27104,10776,9,8
2021-09-10T23:59:59+02:00,1612,1505,9455,8894,10561,9892,13119,13558,17238,17624,20507,20518,16314,17001,9087,11045,2934,5631,1271,1144,8780,8286,10107,9316,12659,12961,16676,17015,20009,19962,15997,16659,8914,10816,2856,5482,148041,141727,19836,19328,27877,27104,10743,9,8
2021-09-09T23:59:59+02:00,1609,1500,9439,8888,10550,9879,13105,13541,17222,17615,20492,20507,16312,17000,9085,11041,2933,5628,1268,1140,8770,8281,10100,9306,12654,12948,16658,17008,19997,19953,15995,16657,8912,10809,2855,5480,147959,141675,19834,19328,27877,27103,10677,9,8
2021-09-08T23:59:59+02:00,1571,1451,9395,8829,10518,9841,13078,13504,17190,17589,20473,20487,16296,16986,9081,11035,2933,5626,1266,1133,8746,8265,10081,9290,12634,12932,16643,16999,19981,19946,15988,16651,8911,10805,2855,5480,147547,141545,19833,19323,27877,27103,10627,9,8
2021-09-07T23:59:59+02:00,1553,1426,9375,8805,10500,9821,13068,13494,17181,17577,20467,20482,16292,16983,9080,11030,2932,5624,1266,1131,8738,8257,10073,9288,12626,12930,16639,16990,19977,19943,15988,16649,8911,10802,2855,5480,147371,141503,19831,19321,27877,27099,10612,9,8
2021-09-06T23:59:59+02:00,1540,1414,9351,8781,10480,9800,13058,13480,17170,17563,20458,20466,16290,16980,9078,11030,2931,5624,1263,1131,8732,8247,10065,9281,12621,12921,16633,16985,19972,19936,15986,16649,8908,10799,2855,5479,147196,141445,19830,19318,27875,27098,10594,9,8
2021-09-05T23:59:59+02:00,1537,1411,9343,8770,10472,9795,13053,13474,17167,17556,20452,20464,16287,16977,9078,11029,2931,5624,1260,1123,8724,8241,10058,9271,12614,12915,16627,16979,19964,19934,15984,16647,8908,10798,2855,5479,147146,141390,19830,19318,27875,27095,10570,9,8
2021-09-04T23:59:59+02:00,1536,1411,9342,8768,10471,9795,13052,13473,17167,17556,20450,20462,16287,16977,9078,11029,2931,5624,1259,1123,8724,8241,10057,9269,12613,12915,16626,16978,19963,19934,15984,16647,8908,10798,2855,5479,147140,141384,19827,19318,27875,27095,10568,9,8
2021-09-03T23:59:59+02:00,1526,1397,9321,8750,10458,9784,13048,13463,17152,17545,20438,20452,16283,16971,9077,11024,2931,5621,1259,1122,8708,8229,10045,9262,12606,12908,16610,16968,19960,19926,15980,16640,8907,10794,2855,5476,147039,141333,19824,19316,27875,27095,10503,9,8
2021-09-02T23:59:59+02:00,1515,1388,9267,8718,10398,9733,12973,13405,17102,17508,20380,20409,16251,16944,9067,11013,2930,5616,1251,1117,8663,8204,9986,9218,12537,12858,16566,16935,19900,19885,15948,16617,8900,10786,2855,5471,146912,141276,19823,19312,27874,27093,10008,9,8
2021-09-01T23:59:59+02:00,1511,1371,9247,8704,10375,9721,12960,13392,17090,17494,20370,20405,16248,16938,9060,11009,2930,5615,1240,1109,8645,8183,9970,9201,12526,12847,16553,16924,19884,19874,15944,16612,8897,10780,2855,5470,146804,141141,19799,19310,27874,27092,9963,9,8
2021-08-31T23:59:59+02:00,1494,1353,9232,8677,10364,9708,12949,13384,17085,17483,20363,20397,16243,16934,9058,11004,2930,5615,1227,1095,8628,8165,9964,9188,12511,12836,16542,16919,19881,19867,15940,16610,8896,10777,2855,5470,146648,141014,19798,19307,27874,27089,9953,9,8
2021-08-30T23:59:59+02:00,1473,1336,9214,8654,10350,9692,12938,13369,17072,17463,20351,20388,16239,16931,9056,11002,2930,5614,1219,1084,8601,8151,9950,9176,12500,12817,16529,16902,19872,19860,15934,16604,8894,10772,2853,5468,146483,140876,19798,19303,27871,27080,9919,9,8
2021-08-29T23:59:59+02:00,1472,1335,9212,8648,10343,9683,12936,13364,17063,17458,20347,20383,16236,16926,9056,11002,2930,5613,1219,1081,8598,8145,9941,9165,12496,12811,16521,16897,19868,19857,15931,16597,8893,10772,2853,5467,146465,140856,19798,19302,27871,27074,9872,9,8
2021-08-28T23:59:59+02:00,1471,1335,9209,8644,10343,9682,12935,13363,17063,17457,20346,20382,16236,16926,9056,11002,2930,5613,1218,1079,8594,8145,9939,9165,12495,12810,16521,16896,19867,19856,15931,16597,8893,10772,2853,5467,146457,140850,19798,19300,27871,27074,9866,9,8
2021-08-27T23:59:59+02:00,1461,1324,9196,8637,10338,9676,12932,13361,17060,17451,20341,20377,16235,16924,9055,11002,2930,5613,1213,1073,8584,8138,9936,9159,12490,12808,16518,16889,19866,19855,15930,16596,8892,10771,2853,5467,146383,140803,19798,19298,27871,27069,9860,9,8
2021-08-26T23:59:59+02:00,1458,1323,9189,8633,10333,9670,12924,13360,17057,17449,20339,20372,16232,16921,9052,10997,2929,5613,1210,1071,8575,8127,9930,9153,12482,12805,16513,16887,19864,19850,15927,16592,8889,10768,2852,5467,146362,140772,19796,19298,27871,27063,9821,9,8
2021-08-25T23:59:59+02:00,1444,1298,9083,8577,10246,9598,12835,13287,16938,17366,20244,20316,16185,16884,9037,10976,2924,5602,1198,1063,8483,8073,9846,9091,12391,12740,16409,16814,19777,19796,15883,16554,8875,10748,2847,5454,146123,140626,19795,19297,27871,27061,9050,9,8
2021-08-24T23:59:59+02:00,1425,1273,9052,8547,10232,9578,12806,13258,16907,17330,20230,20300,16170,16874,9032,10970,2924,5599,1193,1054,8460,8060,9829,9079,12375,12729,16398,16799,19770,19786,15877,16550,8875,10746,2847,5453,145834,140508,19793,19295,27871,27061,9008,9,8
2021-08-23T23:59:59+02:00,1407,1248,9010,8510,10218,9559,12775,13238,16888,17312,20217,20276,16158,16862,9021,10964,2923,5594,1192,1048,8435,8044,9802,9060,12361,12723,16385,16790,19759,19770,15871,16543,8871,10741,2846,5450,145577,140412,19793,19293,27871,27040,8938,9,8
2021-08-22T23:59:59+02:00,1407,1248,9000,8505,10211,9553,12774,13234,16884,17306,20214,20273,16155,16858,9017,10964,2923,5593,1191,1047,8419,8038,9795,9049,12357,12718,16382,16783,19757,19766,15868,16538,8867,10739,2846,5449,145564,140383,19793,19291,27871,27037,8890,9,8
2021-08-21T23:59:59+02:00,1407,1247,8995,8505,10210,9551,12771,13233,16883,17306,20213,20272,16155,16858,9017,10964,2923,5593,1189,1045,8297,7958,9694,8955,12269,12608,16291,16712,19701,19722,15848,16523,8864,10728,2845,5447,145558,140379,19790,18390,27871,27036,8883,9,8
2021-08-20T23:59:59+02:00,1406,1245,8987,8503,10203,9543,12765,13223,16880,17304,20206,20267,16152,16858,9017,10962,2922,5592,1040,905,7939,7632,9541,8796,12126,12468,16168,16602,19593,19626,15809,16474,8852,10704,2843,5446,145524,138282,19790,18390,27871,27035,8849,9,8
2021-08-19T23:59:59+02:00,1401,1243,8976,8497,10196,9534,12756,13217,16875,17302,20201,20265,16151,16856,9017,10961,2922,5591,920,791,7678,7364,9411,8690,11983,12349,16073,16497,19496,19539,15767,16427,8841,10685,2842,5438,145482,136554,19787,18382,27870,27026,8821,9,8
2021-08-18T23:59:59+02:00,1377,1211,8930,8461,10168,9503,12729,13182,16845,17279,20175,20236,16138,16842,9011,10955,2918,5586,919,790,7665,7354,9399,8682,11969,12332,16059,16488,19488,19530,15761,16420,8837,10681,2839,5435,145176,136507,19774,18381,27867,27025,8727,9,8
2021-08-17T23:59:59+02:00,1352,1198,8894,8429,10153,9482,12714,13157,16830,17258,20152,20214,16130,16832,9008,10948,2916,5581,914,788,7652,7339,9381,8674,11958,12323,16052,16478,19477,19524,15755,16415,8836,10679,2838,5433,144932,136436,19771,18376,27866,27019,8677,9,8
2021-08-16T23:59:59+02:00,1329,1180,8856,8403,10134,9463,12690,13133,16820,17241,20132,20199,16125,16820,9004,10947,2915,5581,913,788,7643,7327,9365,8671,11948,12317,16050,16473,19468,19517,15752,16412,8836,10679,2838,5433,144699,136396,19769,18372,27866,27018,8636,9,8
2021-08-15T23:59:59+02:00,1311,1163,8837,8384,10121,9449,12674,13120,16807,17231,20118,20187,16119,16814,9004,10942,2915,5581,911,787,7631,7316,9349,8655,11934,12306,16043,16465,19462,19513,15744,16408,8835,10676,2838,5433,144551,136339,19768,18367,27863,26999,8593,9,8
2021-08-14T23:59:59+02:00,1310,1163,8837,8384,10120,9449,12673,13118,16807,17230,20117,20185,16119,16814,9004,10942,2915,5581,792,670,7314,7023,9204,8487,11760,12141,15925,16335,19368,19425,15718,16384,8826,10663,2838,5429,144545,134349,19768,18365,27863,26990,8590,9,8
2021-08-13T23:59:59+02:00,1305,1161,8825,8375,10109,9441,12661,13108,16791,17221,20109,20177,16116,16809,9002,10941,2914,5581,631,525,6926,6663,9033,8326,11552,11925,15707,16154,19227,19303,15684,16346,8814,10649,2836,5425,144517,131870,19768,18365,27863,26987,8496,9,8
2021-08-12T23:59:59+02:00,1305,1161,8824,8372,10102,9435,12658,13108,16785,17212,20105,20172,16115,16805,9000,10939,2914,5581,627,523,6919,6656,9019,8319,11540,11923,15696,16147,19223,19297,15682,16341,8812,10648,2836,5425,144501,131835,19767,18362,27863,26969,8459,9,8
2021-08-11T23:59:59+02:00,1302,1157,8820,8365,10093,9428,12650,13104,16779,17208,20099,20170,16113,16802,8999,10939,2914,5580,623,522,6912,6646,9003,8308,11529,11919,15692,16140,19215,19291,15678,16338,8811,10648,2836,5423,144451,131773,19763,18356,27863,26955,8442,9,8
2021-08-10T23:59:59+02:00,1301,1157,8818,8364,10089,9422,12647,13099,16777,17206,20098,20165,16111,16800,8999,10938,2914,5580,605,514,6868,6601,8970,8293,11510,11899,15666,16128,19208,19281,15676,16336,8811,10646,2836,5423,144423,131530,19763,18352,27863,26948,8433,9,8
2021-08-09T23:59:59+02:00,1301,1155,8812,8362,10085,9414,12645,13096,16770,17204,20092,20165,16109,16800,8998,10938,2914,5580,599,508,6849,6577,8949,8276,11497,11888,15650,16116,19202,19276,15673,16335,8809,10645,2836,5423,144397,131396,19763,18348,27861,26939,8417,8,8
2021-08-08T23:59:59+02:00,1301,1154,8809,8356,10083,9410,12636,13093,16765,17200,20090,20162,16107,16796,8997,10937,2913,5579,598,506,6846,6566,8933,8268,11480,11880,15643,16107,19200,19271,15670,16331,8808,10644,2835,5422,144385,131347,19762,18340,27861,26935,8378,8,8
2021-08-07T23:59:59+02:00,1301,1146,8800,8349,10072,9403,12633,13087,16758,17196,20084,20157,16103,16791,8995,10936,2912,5579,421,359,6194,5995,8662,8045,11208,11649,15444,15933,19115,19195,15650,16307,8801,10637,2832,5421,144336,128256,19761,18328,27861,26934,8342,8,8
2021-08-06T23:59:59+02:00,1295,1145,8791,8337,10058,9391,12613,13068,16740,17184,20067,20145,16096,16783,8995,10933,2912,5578,419,358,6181,5981,8647,8030,11184,11628,15422,15916,19098,19183,15643,16300,8801,10634,2832,5420,144298,128203,19758,18322,27861,26932,8212,8,8
2021-08-05T23:59:59+02:00,1292,1143,8783,8330,10049,9382,12599,13060,16734,17181,20059,20141,16095,16783,8995,10932,2912,5578,417,353,5896,5744,8298,7734,10818,11351,15098,15677,18848,19015,15623,16276,8791,10627,2831,5419,144249,128108,19754,15615,27857,26899,8186,8,8
2021-08-04T23:59:59+02:00,1291,1140,8777,8326,10044,9380,12593,13056,16729,17179,20057,20138,16094,16783,8994,10931,2912,5577,415,351,5882,5736,8269,7724,10798,11339,15081,15671,18843,19010,15621,16273,8790,10627,2831,5419,144217,128009,19753,15607,27856,26883,8173,8,8
2021-08-03T23:59:59+02:00,1284,1137,8773,8316,10039,9375,12588,13053,16724,17177,20052,20136,16092,16783,8993,10929,2912,5576,394,335,5770,5622,8176,7654,10681,11262,15032,15618,18814,18995,15617,16271,8789,10625,2829,5418,144172,127283,19751,15599,27856,26854,8158,8,8
2021-08-02T23:59:59+02:00,1278,1131,8760,8308,10032,9368,12583,13047,16719,17167,20045,20132,16090,16780,8991,10926,2911,5575,357,303,5599,5462,8047,7547,10557,11147,14960,15535,18782,18970,15609,16262,8783,10625,2829,5418,144091,126217,19745,15594,27855,26823,8150,8,8
2021-08-01T23:59:59+02:00,1276,1130,8753,8301,10025,9361,12577,13045,16714,17165,20040,20130,16090,16780,8990,10924,2911,5575,341,283,5539,5405,7996,7498,10494,11095,14924,15510,18769,18952,15606,16259,8781,10622,2829,5416,144047,125778,19743,15590,27854,26802,8141,8,8
2021-07-31T23:59:59+02:00,1276,1130,8752,8298,10025,9360,12575,13045,16713,17165,20039,20128,16090,16780,8990,10924,2911,5575,336,279,5513,5384,7980,7485,10477,11081,14911,15504,18765,18949,15605,16258,8781,10622,2829,5416,144045,125647,19742,15586,27854,26801,8133,8,8
2021-07-30T23:59:59+02:00,1144,1009,8524,8069,9931,9242,12495,12961,16633,17093,19979,20061,16058,16741,8984,10907,2910,5572,280,216,5219,5109,7842,7342,10289,10888,14775,15338,18697,18892,15581,16230,8768,10609,2825,5412,142590,123815,19740,15578,27854,26784,8127,8,8
2021-07-29T23:59:59+02:00,1137,1001,8393,7979,9773,9144,12341,12860,16484,16998,19816,19951,15972,16672,8959,10888,2909,5565,233,183,4924,4875,7565,7149,10008,10687,14528,15164,18503,18774,15495,16155,8741,10588,2824,5402,142469,122714,19737,15537,27854,26759,6780,8,8
2021-07-28T23:59:59+02:00,1126,987,8364,7942,9759,9128,12319,12846,16466,16975,19797,19941,15965,16659,8952,10884,2909,5563,135,108,4502,4445,7247,6898,9690,10387,14292,14982,18447,18733,15480,16144,8736,10577,2824,5392,142226,120065,19735,15483,27852,26696,6767,8,8
2021-07-27T23:59:59+02:00,1116,979,8340,7927,9746,9121,12307,12837,16458,16969,19790,19928,15963,16653,8950,10881,2908,5561,109,92,4268,4199,7015,6699,9443,10108,14132,14821,18396,18666,15431,16098,8719,10561,2821,5385,142086,118043,19733,15480,27852,26671,6761,8,8
2021-07-26T23:59:59+02:00,1112,976,8327,7915,9739,9116,12301,12831,16451,16961,19783,19927,15960,16648,8948,10877,2907,5556,106,86,4162,4091,6912,6588,9317,9986,14049,14738,18349,18632,15420,16087,8709,10553,2818,5383,142007,117140,19730,15470,27841,26613,6755,8,8
2021-07-25T23:59:59+02:00,1111,975,8318,7912,9726,9112,12291,12828,16446,16954,19780,19926,15958,16648,8948,10877,2907,5556,104,84,4111,4041,6834,6539,9245,9930,14013,14706,18325,18618,15402,16074,8702,10547,2818,5381,141981,116699,19726,15453,27840,26591,6723,8,8
2021-07-24T23:59:59+02:00,1109,972,8232,7850,9653,9032,12224,12751,16378,16901,19739,19887,15938,16634,8945,10867,2907,5555,97,82,4068,3999,6777,6489,9167,9873,13948,14640,18293,18592,15391,16063,8694,10543,2818,5381,141962,116445,19068,15172,27840,26589,6701,8,8
2021-07-23T23:59:59+02:00,1083,947,8120,7761,9615,8997,12190,12722,16333,16866,19710,19868,15932,16628,8941,10863,2907,5555,83,68,3777,3714,6520,6283,8883,9587,13712,14462,18212,18531,15349,16020,8676,10524,2816,5375,141468,114194,19068,15148,27840,26583,6659,8,8
2021-07-22T23:59:59+02:00,990,860,7904,7531,9511,8908,12072,12626,16242,16782,19635,19783,15886,16588,8932,10848,2906,5549,65,51,3652,3587,6366,6190,8729,9458,13548,14319,18137,18463,15328,15994,8668,10514,2816,5374,140006,113042,19066,15076,27833,26488,6645,8,8
2021-07-21T23:59:59+02:00,970,846,7872,7491,9495,8897,12050,12603,16218,16766,19611,19762,15875,16581,8932,10843,2906,5549,52,38,3347,3321,6019,5931,8334,9075,13281,14083,17995,18338,15236,15913,8636,10484,2813,5362,139750,110233,19064,15004,27828,26391,6622,8,8
2021-07-20T23:59:59+02:00,969,845,7864,7486,9488,8894,12045,12601,16210,16765,19606,19757,15874,16580,8932,10842,2906,5549,48,31,3274,3270,5959,5875,8276,9016,13197,14039,17963,18323,15236,15913,8636,10482,2813,5362,139712,109847,19063,14989,27825,26259,6610,8,8
2021-07-19T23:59:59+02:00,968,845,7857,7484,9485,8886,12040,12599,16205,16758,19603,19757,15872,16577,8932,10840,2906,5548,46,30,3222,3235,5908,5833,8215,8971,13140,14012,17917,18310,15236,15910,8636,10480,2813,5361,139675,109566,19062,14972,27825,26132,6597,8,8
2021-07-18T23:59:59+02:00,967,844,7846,7475,9480,8881,12031,12594,16200,16752,19601,19755,15871,16575,8932,10840,2906,5548,45,30,3202,3217,5869,5802,8180,8942,13101,13996,17902,18306,15236,15909,8636,10480,2813,5360,139628,109378,19061,14938,27823,26119,6583,8,8
2021-07-17T23:59:59+02:00,852,725,7524,7185,9328,8710,11856,12432,16071,16613,19504,19660,15850,16554,8924,10827,2906,5545,30,23,3101,3109,5758,5710,8047,8782,12960,13868,17807,18228,15226,15891,8633,10473,2813,5360,137616,108196,19060,14933,27823,26115,6567,5,8
2021-07-16T23:59:59+02:00,696,574,7133,6858,9147,8552,11664,12223,15869,16437,19362,19535,15820,16518,8914,10813,2905,5543,23,20,3039,3048,5682,5647,7933,8674,12840,13731,17728,18153,15204,15875,8629,10471,2812,5360,135150,107294,19060,14928,27822,26108,6531,5,8
2021-07-15T23:59:59+02:00,694,574,7119,6850,9144,8550,11652,12219,15859,16430,19358,19529,15818,16515,8910,10811,2904,5534,22,20,2999,3012,5616,5604,7843,8624,12765,13690,17698,18128,15181,15858,8621,10464,2811,5351,135110,107060,19058,14774,27817,25981,6484,5,8
2021-07-14T23:59:59+02:00,692,573,7110,6841,9139,8548,11648,12214,15853,16427,19353,19524,15816,16512,8907,10808,2904,5530,22,20,2976,2999,5575,5572,7807,8603,12732,13674,17680,18117,15174,15855,8618,10460,2811,5347,135077,106907,19057,14740,27817,25940,6447,5,8
2021-07-13T23:59:59+02:00,687,571,7085,6824,9126,8531,11639,12199,15842,16408,19343,19518,15807,16508,8903,10798,2899,5522,20,19,2919,2948,5510,5506,7647,8468,12478,13456,17524,17989,15155,15844,8606,10447,2806,5336,134951,105691,19057,14687,27814,25905,6387,5,8
2021-07-12T23:59:59+02:00,681,563,7071,6809,9115,8520,11629,12189,15837,16395,19331,19514,15805,16504,8901,10798,2899,5519,19,17,2863,2894,5427,5431,7499,8353,12231,13243,17343,17842,15145,15839,8602,10440,2805,5336,134835,104453,19055,14634,27810,25855,6379,5,8
2021-07-11T23:59:59+02:00,680,562,7062,6807,9105,8512,11621,12181,15827,16392,19326,19509,15805,16501,8900,10796,2899,5519,19,16,2832,2859,5350,5358,7401,8266,12064,13086,17217,17709,15137,15828,8601,10437,2805,5336,134790,103564,19051,14585,27810,25812,6352,5,8
2021-07-10T23:59:59+02:00,506,404,6499,6256,8880,8326,11378,11989,15670,16259,19271,19460,15797,16491,8896,10791,2898,5518,17,12,2803,2825,5298,5312,7318,8186,11961,12986,17139,17642,15122,15812,8598,10426,2802,5334,132095,102866,19051,14583,27810,25804,6332,5,8
2021-07-09T23:59:59+02:00,495,397,6440,6228,8853,8289,11338,11961,15643,16246,19258,19444,15796,16488,8896,10788,2898,5518,15,12,2746,2758,5216,5243,7139,8009,11549,12687,16841,17434,15101,15784,8591,10421,2800,5332,132003,101838,18841,13721,27809,25789,6322,5,8
2021-07-08T23:59:59+02:00,489,395,6124,5969,8481,8001,10956,11654,15306,15998,18999,19271,15774,16464,8887,10781,2895,5517,14,11,2685,2707,5134,5167,6999,7918,11348,12545,16689,17310,15094,15776,8591,10419,2800,5331,131916,100974,15949,13551,27804,25714,6291,5,8
2021-07-07T23:59:59+02:00,487,391,6109,5957,8457,7986,10941,11637,15295,15988,18998,19266,15772,16460,8886,10779,2895,5515,14,11,2636,2655,5043,5108,6860,7824,11113,12363,16525,17176,15086,15769,8586,10413,2800,5331,131808,99951,15940,13425,27802,25665,6264,5,8
2021-07-06T23:59:59+02:00,460,371,6009,5864,8383,7920,10868,11568,15262,15948,18975,19250,15764,16450,8883,10777,2892,5513,12,10,2569,2585,4910,4993,6677,7691,10724,11951,16153,16800,15060,15736,8578,10406,2799,5327,131190,97793,15932,13343,27797,25604,6233,5,8
2021-07-05T23:59:59+02:00,419,337,5831,5693,8265,7827,10754,11454,15203,15878,18943,19219,15758,16442,8879,10772,2889,5512,8,8,2516,2509,4811,4895,6544,7556,10372,11632,15879,16494,15030,15706,8570,10391,2799,5322,130141,95997,15928,13279,27794,25551,6207,5,8
2021-07-04T23:59:59+02:00,399,307,5757,5613,8208,7770,10687,11396,15173,15847,18929,19200,15751,16438,8878,10770,2889,5510,7,8,2497,2479,4749,4848,6483,7506,10235,11522,15778,16422,15025,15699,8568,10390,2798,5322,129635,95432,15921,13211,27789,25513,6172,5,8
2021-07-03T23:59:59+02:00,393,305,5738,5603,8198,7761,10675,11392,15166,15841,18926,19197,15751,16438,8878,10770,2889,5510,6,8,2462,2447,4653,4820,6376,7480,10177,11476,15673,16336,14345,14992,8549,10365,2798,5322,129563,95317,15919,13209,27789,23596,6155,5,8
2021-07-02T23:59:59+02:00,347,266,5549,5454,8126,7689,10577,11295,15101,15784,18907,19190,15747,16434,8873,10768,2887,5507,6,8,2415,2399,4497,4742,6192,7406,10023,11319,15482,16133,13554,14073,8541,10350,2798,5321,128649,94754,15917,13165,27788,21190,6142,5,8
2021-07-01T23:59:59+02:00,285,211,5332,5271,7998,7577,10437,11169,14973,15689,18863,19165,15740,16427,8868,10762,2887,5506,5,7,2298,2279,4320,4569,5955,7152,9242,10634,14853,15662,13529,14044,8536,10345,2794,5319,127358,91255,15905,13069,27787,21106,6105,5,8
2021-06-30T23:59:59+02:00,154,121,4850,4798,7657,7300,10084,10831,14746,15512,18806,19121,15729,16416,8864,10754,2887,5503,5,7,2262,2232,4235,4497,5844,7055,9071,10510,14763,15584,13515,14036,8533,10342,2794,5317,124371,90654,15899,12896,27787,20973,6071,5,8
2021-06-29T23:59:59+02:00,117,99,4566,4518,7405,7083,9794,10531,14547,15322,18743,19060,15677,16366,8844,10739,2886,5498,4,6,2195,2152,4092,4361,5637,6874,8845,10281,14468,15359,13468,13988,8520,10318,2792,5304,122300,89202,15895,12743,27785,20901,5810,5,8
2021-06-28T23:59:59+02:00,101,78,4431,4375,7300,6973,9672,10406,14455,15215,18698,19017,15661,16350,8830,10728,2883,5496,2,5,2108,2025,3911,4155,5356,6532,8461,9771,13935,14823,13349,13899,8501,10294,2789,5290,121287,85993,15884,12662,27782,20834,5711,5,6
2021-06-27T23:59:59+02:00,96,76,4377,4328,7241,6918,9610,10351,14422,15182,18678,19000,15644,16338,8823,10721,2882,5491,2,4,2054,1991,3847,4111,5242,6418,8292,9643,13759,14710,13323,13880,8492,10285,2786,5288,120921,85204,15880,12627,27779,20697,5593,5,6
2021-06-26T23:59:59+02:00,83,74,4333,4298,7210,6890,9592,10330,14402,15166,18665,18987,15640,16332,8823,10721,2882,5491,2,4,1978,1898,3658,3953,5027,6160,7929,9187,13408,14414,13243,13822,8472,10257,2781,5279,120678,82565,15874,12627,27779,20691,5583,5,6
2021-06-25T23:59:59+02:00,70,61,4022,3972,6947,6653,9299,10037,14179,14977,18581,18930,15594,16287,8804,10702,2880,5485,2,4,1913,1814,3492,3831,4833,5929,7604,8772,13097,14079,13193,13766,8459,10232,2775,5273,118278,80209,15847,12596,27779,20686,5571,5,6
2021-06-24T23:59:59+02:00,63,54,3930,3882,6850,6568,9199,9947,14079,14892,18553,18897,15579,16270,8798,10695,2880,5484,2,4,1845,1740,3377,3734,4634,5787,7384,8573,12848,13878,12360,12835,8279,9969,2775,5272,117549,78990,15838,12490,27775,18357,5453,5,6
2021-06-23T23:59:59+02:00,49,49,3525,3509,6396,6221,8667,9440,13743,14589,18417,18761,15475,16178,8755,10659,2877,5470,2,4,1707,1568,3126,3530,4215,5458,6435,7862,12105,13180,12337,12823,8269,9962,2775,5268,114613,78356,15591,9159,27774,18308,4797,5,6
2021-06-22T23:59:59+02:00,40,41,3452,3436,6317,6162,8564,9362,13692,14542,18384,18744,15464,16171,8754,10654,2877,5467,2,4,1666,1515,3022,3427,4071,5308,6181,7677,11494,12469,12247,12729,8251,9929,2771,5260,113985,76015,15585,9077,27772,18149,4776,5,6
2021-06-21T23:59:59+02:00,34,38,3382,3375,6225,6103,8504,9291,13631,14496,18351,18724,15462,16170,8753,10653,2877,5466,1,4,1630,1464,2931,3330,3945,5158,5985,7451,10736,11551,11859,12274,7174,8700,2765,5253,113465,73362,15578,8976,27770,15150,4717,5,6
2021-06-20T23:59:59+02:00,34,37,3357,3353,6177,6072,8460,9259,13603,14479,18340,18720,15461,16170,8753,10653,2877,5466,0,4,1612,1447,2894,3302,3894,5120,5933,7427,10648,11475,11839,12255,7171,8693,2764,5253,113288,73045,15561,8899,27770,15134,4647,5,6
2021-06-19T23:59:59+02:00,32,35,3330,3329,6148,6049,8430,9240,13579,14473,18334,18715,15461,16169,8753,10653,2877,5466,0,4,1608,1435,2889,3293,3886,5115,5918,7422,10637,11468,11839,12255,7171,8692,2764,5253,113096,72965,15555,8899,27770,15132,4647,5,6
2021-06-18T23:59:59+02:00,28,30,3288,3286,6074,6009,8361,9185,13533,14441,18311,18704,15460,16167,8752,10652,2877,5466,0,4,1533,1341,2752,3117,3703,4839,5521,7049,9144,9899,11672,12087,7130,8642,2752,5235,112712,67785,15527,8898,27770,15121,4610,5,6
2021-06-17T23:59:59+02:00,26,26,3224,3234,6006,5969,8286,9130,13461,14396,18287,18693,15458,16162,8750,10649,2877,5463,0,4,1404,1247,2563,2902,3440,4547,5160,6653,8472,9168,11387,11844,7089,8585,2748,5232,112335,64069,15498,8783,27765,15093,4494,5,6
2021-06-16T23:59:59+02:00,26,23,3170,3172,5894,5901,8166,9037,13333,14310,18221,18657,15452,16153,8750,10646,2877,5463,0,4,1307,1191,2422,2794,3257,4387,4875,6380,7395,7877,11296,11736,7058,8547,2735,5214,111694,60304,15423,8737,27761,15060,4368,5,6
2021-06-15T23:59:59+02:00,21,22,3074,3086,5776,5812,7981,8858,13070,14091,18072,18530,15437,16141,8742,10640,2877,5461,0,4,1270,1158,2349,2739,3153,4312,4672,6255,7083,7626,10801,11177,7024,8513,2727,5201,110273,58059,15395,8705,27751,15028,4267,5,5
2021-06-14T23:59:59+02:00,20,20,3000,3016,5695,5754,7838,8739,12781,13853,17884,18354,15421,16127,8735,10635,2876,5460,0,4,1243,1130,2283,2683,3028,4217,4472,6116,6740,7321,10275,10566,6993,8476,2723,5191,108880,55689,15386,8598,27747,14980,4190,5,4
2021-06-13T23:59:59+02:00,20,20,2982,2986,5629,5716,7775,8673,12641,13718,17778,18232,15415,16118,8734,10632,2875,5460,0,4,1232,1117,2254,2667,2991,4206,4426,6096,6707,7304,10270,10560,6993,8475,2723,5191,108143,55547,15375,8590,27743,14937,4138,5,4
2021-06-12T23:59:59+02:00,18,20,2953,2968,5601,5691,7744,8654,12622,13699,17770,18229,15414,16116,8734,10632,2875,5460,0,4,1176,1055,2165,2591,2897,4070,4284,5964,6597,7220,10188,10482,6397,7749,2723,5191,107944,55432,15372,8590,27743,12591,4136,5,4
2021-06-11T23:59:59+02:00,18,17,2877,2894,5532,5627,7563,8468,12212,13392,17488,18023,15398,16091,8728,10624,2872,5458,0,4,1152,1038,2110,2550,2832,4021,4199,5902,6486,7129,10085,10369,6383,7742,2721,5185,106931,54906,14479,8321,27742,12552,4125,5,4
2021-06-10T23:59:59+02:00,14,15,2823,2853,5432,5574,7431,8387,12025,13253,17350,17905,15393,16087,8728,10623,2871,5457,0,4,1111,1013,2035,2484,2731,3943,4029,5772,6241,6916,9834,10101,6363,7714,2715,5179,106010,53341,14406,8317,27737,12460,4063,5,4
2021-06-09T23:59:59+02:00,13,14,2745,2784,5310,5479,7211,8216,11746,13012,17164,17756,15382,16073,8724,10614,2871,5454,0,4,1054,948,1904,2366,2528,3760,3703,5489,5618,6404,9011,9198,6306,7638,2702,5144,104803,49330,14254,8299,27728,12366,3778,5,4
2021-06-08T23:59:59+02:00,10,10,2647,2682,5175,5351,7014,8031,11316,12584,16787,17367,15363,16046,8713,10607,2870,5449,0,4,1017,919,1834,2301,2422,3686,3562,5423,5466,6272,8977,9179,6304,7626,2700,5140,102598,48817,14227,8248,27726,12297,3466,5,4
2021-06-07T23:59:59+02:00,8,9,2520,2584,4984,5220,6807,7866,10838,12223,16444,17071,15338,16018,8707,10590,2869,5445,0,4,948,882,1706,2245,2281,3602,3307,5333,5111,5987,8427,8553,6251,7567,2696,5131,100662,46598,14184,8232,27717,12224,2973,5,4
2021-06-06T23:59:59+02:00,8,7,2483,2559,4923,5163,6721,7809,10699,12112,16353,17006,15335,16014,8707,10590,2867,5444,0,4,932,872,1678,2225,2237,3574,3236,5308,5063,5963,8422,8552,6246,7559,2696,5130,100071,46437,14133,8222,27710,12153,2881,5,4
2021-06-05T23:59:59+02:00,7,6,2469,2537,4895,5138,6684,7779,10669,12085,16344,16999,15335,16014,8707,10590,2867,5444,0,4,916,857,1645,2196,2197,3518,3133,5226,4710,5634,7827,7847,6218,7505,2695,5128,99846,44050,14133,8216,27708,12109,2877,5,4
2021-06-04T23:59:59+02:00,6,5,2438,2508,4850,5094,6636,7726,10580,11980,16292,16935,15331,16007,8707,10589,2866,5443,0,4,904,839,1622,2176,2155,3481,3081,5167,4546,5445,7526,7479,6182,7463,2693,5122,99315,42763,14126,8214,27708,12065,2839,5,4
2021-06-03T23:59:59+02:00,6,5,2335,2380,4699,4920,6428,7478,9878,11346,15702,16485,15320,15997,8704,10583,2865,5442,0,4,887,809,1582,2117,2107,3401,2991,5057,4400,5278,7367,7290,6170,7436,2693,5118,95975,41715,14087,8204,27703,11981,2803,5,4
2021-06-02T23:59:59+02:00,6,5,2318,2355,4654,4887,6373,7441,9778,11258,15642,16432,15312,15993,8703,10579,2865,5441,0,3,875,797,1563,2093,2054,3364,2905,4971,4039,4889,6810,6651,6126,7380,2689,5107,95450,39376,14085,8199,27703,11938,2799,5,4
2021-06-01T23:59:59+02:00,6,4,2255,2315,4532,4794,6208,7324,9589,11110,15534,16355,15309,15989,8699,10575,2864,5436,0,2,841,770,1498,2044,1938,3301,2751,4878,3835,4761,6600,6419,6103,7361,2683,5098,94575,38287,14035,8177,27691,11823,2592,5,4
2021-05-31T23:59:59+02:00,2,4,2205,2256,4434,4702,6064,7199,9403,10961,15449,16299,15301,15982,8696,10575,2864,5436,0,2,818,736,1441,1985,1866,3252,2576,4822,3704,4707,6243,6005,6080,7340,2680,5090,93853,37107,13948,8170,27681,11721,2345,5,4
2021-05-30T23:59:59+02:00,2,4,2180,2235,4378,4641,5970,7139,9328,10899,15412,16279,15300,15979,8696,10575,2864,5436,0,2,806,725,1418,1962,1817,3226,2443,4787,3599,4689,6241,6003,6080,7340,2680,5090,93402,36790,13909,8148,27671,11636,2330,5,4
2021-05-29T23:59:59+02:00,2,4,2164,2220,4358,4629,5953,7122,9315,10886,15407,16276,15299,15979,8696,10575,2864,5436,0,2,788,673,1325,1703,1683,2864,2243,4239,3320,4259,6151,5909,5968,7208,2679,5090,93273,36737,13906,8142,27671,8891,2330,5,4
2021-05-28T23:59:59+02:00,2,4,2143,2197,4319,4583,5908,7077,9237,10816,15339,16224,15295,15977,8696,10575,2864,5435,0,2,769,583,1247,1450,1585,2461,2065,3550,3056,3664,5512,5168,5886,7117,2675,5077,92795,35436,13893,8142,27669,5956,2329,5,4
2021-05-27T23:59:59+02:00,2,4,2101,2159,4232,4516,5785,7003,9081,10716,15241,16140,15294,15976,8696,10575,2864,5435,0,2,739,549,1215,1367,1543,2323,1995,3408,2943,3545,5076,4687,5853,7078,2664,5048,92112,34312,13743,8133,27646,5272,2314,5,4
2021-05-26T23:59:59+02:00,2,4,2033,2040,4037,4371,5444,6738,8110,9972,14478,15438,15282,15970,8692,10569,2862,5432,0,2,728,534,1189,1306,1496,2264,1937,3293,2791,3401,3768,3305,5794,7005,2641,4990,91335,31031,10216,8116,27630,5005,2288,5,4
2021-05-25T23:59:59+02:00,2,4,1996,2003,3957,4304,5350,6672,7975,9865,14100,15002,15234,15933,8685,10554,2860,5428,0,2,723,527,1161,1271,1477,2239,1917,3265,2765,3375,3762,3295,5787,7002,2639,4989,89990,30942,10067,8106,27614,4896,2248,5,4
2021-05-24T23:59:59+02:00,2,4,1970,1959,3870,4228,5244,6590,7850,9741,13590,14387,15183,15866,8678,10541,2859,5423,0,2,717,519,1142,1259,1445,2224,1895,3246,2739,3353,3745,3277,5765,6978,2630,4973,88202,30808,9988,8055,27603,4856,2187,5,3
2021-05-23T23:59:59+02:00,2,4,1961,1947,3851,4206,5226,6577,7798,9710,13514,14324,15172,15862,8676,10540,2858,5423,0,2,710,509,1131,1246,1420,2200,1837,3210,2631,3255,3333,2844,5120,6168,2615,4928,87969,30634,9887,5500,27603,4835,2187,5,3
2021-05-22T23:59:59+02:00,2,4,1794,1904,3549,4157,4829,6534,7541,9653,13391,14247,15166,15861,8676,10539,2858,5423,0,2,548,477,838,1205,1048,2165,1597,3157,2519,3182,3330,2842,5120,6167,2615,4928,87818,30622,9887,5499,27601,4799,817,5,3
2021-05-21T23:59:59+02:00,2,3,1709,1796,3392,3965,4639,6239,7144,9288,12102,12917,15015,15713,8640,10492,2849,5412,0,1,544,465,828,1203,1046,2157,1562,3127,2441,3106,3155,2705,5094,6124,2612,4913,83055,29987,9847,5498,27595,4780,815,5,3
2021-05-20T23:59:59+02:00,2,3,1671,1762,3297,3915,4532,6156,6968,9205,11891,12688,14994,15695,8636,10485,2848,5411,0,1,523,450,786,1157,989,2093,1441,3055,2315,3009,2966,2534,5053,6048,2604,4898,82213,29239,9744,5483,27540,4539,658,4,3
2021-05-19T23:59:59+02:00,2,3,1650,1736,3239,3859,4437,6089,6851,9140,11658,12427,14983,15684,8633,10484,2848,5410,0,1,514,438,770,1120,972,2024,1331,2907,1989,2715,2403,2040,4948,5930,2582,4851,81392,27174,9605,5468,27513,4271,619,4,3
2021-05-18T23:59:59+02:00,2,3,1589,1703,3150,3770,4324,5985,6691,8981,11366,12170,14938,15636,8621,10461,2846,5400,0,1,511,426,754,1105,954,2007,1248,2842,1709,2492,1961,1696,4875,5847,2561,4808,80290,25634,9403,5458,27444,4207,495,4,3
2021-05-17T23:59:59+02:00,2,3,1540,1622,3020,3612,4120,5706,6343,8522,10816,11621,14829,15543,8602,10436,2841,5389,0,1,509,418,748,1098,935,2002,1224,2818,1682,2455,1945,1676,4868,5840,2558,4806,77391,25570,9366,5444,27420,4180,386,4,3
2021-05-16T23:59:59+02:00,2,3,1521,1600,2967,3571,4025,5619,6194,8386,10640,11487,14803,15521,8594,10428,2840,5387,0,1,502,412,726,1083,905,1986,1195,2790,1649,2431,1938,1667,4865,5836,2555,4804,76645,25540,9307,5426,27390,4134,242,4,3
2021-05-15T23:59:59+02:00,2,3,1435,1502,2757,3405,3796,5341,5835,7914,10287,11192,14718,15459,8575,10399,2834,5378,0,1,502,410,722,1081,905,1982,1190,2789,1643,2426,1926,1655,4858,5830,2555,4802,73897,25478,9307,5426,27383,4129,241,4,3
2021-05-14T23:59:59+02:00,2,3,1401,1439,2646,3308,3644,5184,5636,7625,10067,10939,14683,15421,8562,10376,2831,5374,0,1,453,369,651,915,832,1696,1062,2379,1461,2101,1892,1615,4855,5822,2554,4798,72252,25415,9288,5424,27360,2377,237,4,3
2021-05-13T23:59:59+02:00,2,3,1343,1371,2543,3224,3475,5047,5416,7419,9840,10760,14657,15392,8552,10373,2829,5371,0,1,446,357,624,887,730,1589,962,2294,1197,1887,1174,1034,4634,5587,2546,4765,71087,25295,8974,2881,27330,2313,222,4,3
2021-05-12T23:59:59+02:00,2,3,1336,1361,2526,3218,3457,5033,5395,7406,9825,10749,14655,15388,8550,10371,2828,5371,0,1,446,356,623,886,726,1588,957,2294,1193,1881,1155,1025,4621,5549,2512,4696,70971,25094,8950,2881,27328,2310,221,4,3
2021-05-11T23:59:59+02:00,2,2,1294,1319,2453,3136,3343,4906,5199,7259,9538,10441,14607,15330,8538,10351,2824,5362,0,1,440,343,605,872,703,1571,929,2270,1167,1855,1100,989,4558,5451,2469,4572,69631,24602,8827,2863,27243,2228,199,4,3
2021-05-10T23:59:59+02:00,2,2,1272,1292,2389,3059,3216,4780,5067,7102,9214,10061,14561,15291,8529,10332,2819,5360,0,1,439,341,592,863,689,1556,917,2255,1150,1841,1064,955,4496,5374,2428,4454,68274,24185,8705,2860,27174,2176,191,4,3
2021-05-09T23:59:59+02:00,2,2,1257,1275,2347,3044,3137,4744,5003,7069,9148,10016,14548,15276,8527,10327,2819,5358,0,1,431,339,578,858,666,1536,895,2235,1138,1827,1045,939,4483,5336,2412,4411,68035,24022,8629,2858,27126,2142,105,4,3
2021-05-08T23:59:59+02:00,1,2,1255,1271,2333,3032,3119,4733,4963,7054,9124,10008,14547,15276,8527,10326,2819,5358,0,1,431,339,577,858,665,1536,895,2234,1137,1826,1045,939,4482,5336,2412,4411,67892,24020,8623,2855,27124,2141,105,4,3
2021-05-07T23:59:59+02:00,1,2,1235,1250,2293,2991,3067,4685,4864,6962,8899,9761,14530,15253,8521,10320,2816,5354,0,1,382,313,545,789,628,1374,825,2027,1047,1637,1015,910,4461,5314,2410,4406,66981,23915,8616,2851,27098,1210,105,4,3
2021-05-06T23:59:59+02:00,1,2,1088,1158,2065,2747,2768,4377,4494,6562,8312,9157,14252,15017,8481,10264,2813,5353,0,1,381,309,532,770,611,1342,806,1992,1014,1609,988,878,4451,5300,2408,4402,63359,23785,8488,2800,26962,1108,98,4,3
2021-05-05T23:59:59+02:00,1,1,1023,1106,1953,2634,2608,4204,4198,6283,7296,7971,14166,14918,8446,10223,2800,5333,0,1,378,306,524,760,596,1332,772,1978,988,1589,915,815,4410,5228,2400,4386,59830,23463,8442,2779,26838,1083,50,4,3
2021-05-04T23:59:59+02:00,1,1,1001,1086,1901,2595,2506,4136,3978,6169,7015,7753,13660,14351,8415,10190,2795,5324,0,1,375,305,519,756,584,1327,755,1959,972,1582,897,791,4389,5212,2397,4377,57771,23328,8383,2764,26677,1061,42,4,3
2021-05-03T23:59:59+02:00,1,1,969,1049,1839,2542,2400,4024,3777,6051,6655,7451,13124,13725,8378,10152,2788,5309,0,1,369,304,517,750,573,1320,746,1948,958,1569,871,767,4371,5194,2391,4364,55339,23216,8357,2753,26534,1040,1,4,3
2021-05-02T23:59:59+02:00,1,1,964,1048,1820,2536,2371,4015,3732,6041,6619,7442,13123,13724,8378,10151,2788,5309,0,1,369,304,514,750,572,1318,741,1948,957,1565,869,763,4369,5190,2391,4364,55200,23197,8351,2751,26507,1033,1,4,3
2021-05-01T23:59:59+02:00,1,1,964,1046,1812,2532,2359,4007,3719,6033,6605,7433,13122,13721,8378,10151,2788,5309,0,1,369,304,514,750,572,1318,740,1947,955,1565,869,763,4369,5190,2391,4364,55122,23197,8349,2747,26505,1033,1,4,3
2021-04-30T23:59:59+02:00,0,1,948,1041,1792,2516,2338,3972,3682,6000,6526,7379,13027,13617,8377,10146,2785,5297,0,1,319,249,473,674,543,1138,709,1724,921,1361,858,745,4365,5187,2391,4364,54624,23183,8348,2742,26467,93,1,4,3
2021-04-29T23:59:59+02:00,0,1,894,1016,1736,2466,2274,3913,3534,5876,6288,7156,12766,13343,8355,10117,2781,5290,0,1,312,247,463,667,540,1130,702,1713,910,1351,850,730,4356,5179,2391,4362,53027,23093,8332,2736,26442,71,1,4,3
2021-04-28T23:59:59+02:00,0,1,833,982,1656,2403,2130,3802,3250,5623,5684,6648,11929,12424,8296,10028,2757,5253,0,1,311,244,461,660,532,1117,691,1692,900,1344,835,714,4337,5152,2389,4362,48967,22970,8325,2717,26402,51,1,4,3
2021-04-27T23:59:59+02:00,0,1,824,977,1638,2382,2085,3783,3179,5598,5556,6524,11900,12407,8294,10026,2757,5251,0,1,310,242,455,658,524,1111,682,1680,890,1338,824,702,4333,5146,2388,4356,48486,22892,8320,2701,26371,43,1,4,3
2021-04-26T23:59:59+02:00,0,1,814,965,1612,2364,2025,3742,3001,5520,5224,6238,11335,11762,8239,9961,2752,5241,0,1,308,241,454,657,519,1105,671,1674,881,1327,814,693,4328,5141,2388,4352,46153,22841,8311,2672,26328,38,1,3,2
2021-04-25T23:59:59+02:00,0,1,804,963,1595,2358,1987,3725,2875,5497,5130,6233,11331,11758,8235,9955,2751,5240,0,1,307,240,454,657,519,1098,671,1672,878,1325,814,692,4328,5141,2388,4352,45824,22835,8305,2668,26305,31,1,3,2
2021-04-24T23:59:59+02:00,0,1,790,953,1573,2338,1947,3680,2778,5428,4787,5909,10718,11033,8204,9896,2750,5238,0,1,307,240,454,657,519,1097,670,1670,877,1325,809,688,4318,5125,2386,4351,43416,22798,8304,2663,26299,30,1,3,2
2021-04-23T23:59:59+02:00,0,1,785,945,1560,2328,1917,3653,2739,5375,4625,5723,10409,10651,8164,9854,2747,5229,0,1,307,239,454,657,519,1096,669,1670,875,1325,809,687,4315,5122,2386,4351,42115,22787,8303,2662,26283,30,1,3,2
2021-04-22T23:59:59+02:00,0,1,768,931,1532,2285,1867,3584,2652,5284,4472,5569,10265,10457,8150,9823,2745,5221,0,1,307,238,452,646,517,1090,663,1662,869,1316,803,683,4312,5120,2386,4349,41114,22751,8275,2638,26213,22,1,3,2
2021-04-21T23:59:59+02:00,0,1,757,919,1507,2273,1815,3539,2547,5196,4087,5149,9668,9773,8101,9759,2741,5210,0,1,305,238,450,645,517,1089,659,1659,864,1311,790,671,4302,5106,2386,4345,38595,22701,8259,2614,26184,20,1,3,2
2021-04-20T23:59:59+02:00,0,1,750,907,1486,2246,1784,3508,2497,5138,3950,5054,9471,9553,8084,9749,2737,5207,0,1,305,237,450,644,516,1087,658,1655,861,1305,784,666,4298,5101,2386,4345,37760,22669,8247,2608,26111,20,1,3,1
2021-04-19T23:59:59+02:00,0,1,743,898,1478,2238,1765,3490,2465,5111,3885,4995,9100,9136,8059,9724,2734,5201,0,1,305,235,449,639,514,1084,655,1652,857,1301,779,660,4289,5099,2386,4343,36730,22629,8235,2597,26054,20,1,3,1
2021-04-18T23:59:59+02:00,0,1,739,895,1473,2232,1747,3483,2446,5099,3877,4993,9090,9125,8059,9723,2734,5201,0,1,304,235,449,636,513,1080,653,1649,854,1301,778,658,4289,5097,2386,4343,36670,22621,8215,2583,26028,20,1,3,1
2021-04-17T23:59:59+02:00,0,1,722,889,1385,2222,1647,3471,2409,5069,3796,4914,8373,8403,8043,9710,2734,5201,0,1,304,235,447,634,512,1079,652,1649,853,1298,778,658,4288,5097,2386,4343,36662,22609,8215,2583,24108,20,1,3,1
2021-04-16T23:59:59+02:00,0,1,707,871,1256,2199,1495,3448,2323,5003,3634,4749,7033,6851,8008,9661,2721,5169,0,1,304,234,442,626,508,1075,642,1647,849,1288,768,652,4282,5083,2383,4341,35283,22532,8205,2579,21637,12,1,3,1
2021-04-15T23:59:59+02:00,0,1,686,861,1245,2186,1474,3430,2265,4966,3562,4697,6595,6352,7967,9596,2697,5094,0,1,297,228,428,615,491,1061,608,1620,814,1258,677,591,3784,4571,2359,4305,33958,22473,8150,1225,21562,8,1,3,1
2021-04-14T23:59:59+02:00,0,1,681,857,1227,2172,1442,3411,2220,4929,3430,4603,5256,4947,7916,9531,2675,5057,0,1,289,223,425,609,484,1058,601,1612,809,1255,662,575,3771,4561,2355,4300,30727,22385,8138,1196,21486,7,1,3,1
2021-04-13T23:59:59+02:00,0,1,678,857,1218,2167,1426,3409,2212,4918,3410,4588,5237,4930,7910,9528,2674,5055,0,1,289,222,423,607,481,1055,599,1608,798,1252,644,570,3769,4558,2355,4300,30646,22364,8117,1158,21451,7,1,3,1
2021-04-12T23:59:59+02:00,0,1,673,849,1205,2157,1410,3398,2177,4903,3379,4564,5212,4915,7897,9516,2671,5022,0,1,288,221,421,607,479,1049,597,1604,790,1244,639,567,3763,4557,2355,4300,30513,22336,8072,1137,21360,7,1,3,1
2021-04-11T23:59:59+02:00,0,1,665,845,1189,2145,1392,3383,2109,4878,3260,4480,4795,4475,7226,8693,2664,5017,0,1,288,221,419,607,477,1047,592,1601,786,1242,635,564,3759,4552,2355,4300,30483,22329,5462,1108,21268,7,1,3,1
2021-04-10T23:59:59+02:00,0,1,665,843,1188,2144,1390,3379,2107,4875,3257,4473,4751,4428,7222,8687,2664,5016,0,1,283,218,417,596,464,1031,565,1584,754,1217,563,494,3190,3932,2305,4205,30360,20702,5459,1108,21267,7,1,3,1
2021-04-09T23:59:59+02:00,0,1,661,842,1180,2141,1386,3374,2075,4853,3178,4392,4553,4262,7187,8638,2660,5000,0,1,273,211,407,582,445,1015,539,1565,733,1194,483,433,2533,3110,2256,4109,29670,18773,5455,1107,21254,7,1,3,1
2021-04-08T23:59:59+02:00,0,1,651,832,1163,2129,1369,3342,2013,4799,3028,4281,3499,3107,6948,8274,2649,4985,0,1,260,203,390,564,421,1001,517,1534,700,1172,461,406,2523,3101,2253,4106,28863,18544,5405,1060,18798,7,1,3,1
2021-04-07T23:59:59+02:00,0,1,644,826,1150,2120,1350,3329,1904,4719,2706,4031,2890,2578,6836,8150,2624,4932,0,1,246,196,363,540,383,967,474,1500,664,1144,433,382,2462,3037,2248,4098,26678,18090,5384,1041,18724,6,1,3,0
2021-04-06T23:59:59+02:00,0,1,634,817,1112,2113,1326,3311,1786,4668,2427,3863,2437,2229,6758,8059,2602,4894,0,1,222,183,329,513,358,948,437,1477,629,1113,398,340,2407,2962,2242,4088,25074,17617,5367,1023,18592,6,1,3,0
2021-04-05T23:59:59+02:00,0,1,631,815,1101,2108,1320,3308,1777,4658,2412,3846,2146,1885,5649,6758,2600,4893,0,1,222,183,328,509,352,942,433,1475,625,1109,395,337,2405,2956,2242,4086,25042,17607,5355,986,15508,6,1,2,0
2021-04-04T23:59:59+02:00,0,1,630,814,1101,2108,1320,3307,1777,4658,2410,3844,2145,1882,5649,6754,2600,4893,0,1,222,183,327,509,352,942,432,1475,625,1109,395,337,2404,2956,2242,4086,25033,17604,5355,986,15502,6,1,2,0
2021-04-03T23:59:59+02:00,0,1,630,814,1101,2107,1320,3307,1776,4656,2406,3844,2144,1879,5648,6754,2600,4893,0,1,222,183,327,509,352,942,432,1475,624,1109,395,337,2404,2956,2242,4086,25027,17603,5351,986,15499,6,1,2,0
2021-04-02T23:59:59+02:00,0,1,630,813,1101,2107,1316,3306,1773,4651,2405,3841,2136,1870,5636,6738,2596,4881,0,1,222,183,327,507,352,941,431,1474,623,1098,393,337,2404,2955,2242,4086,24958,17583,5346,986,15494,6,1,2,0
2021-04-01T23:59:59+02:00,0,1,626,802,1079,2088,1218,3211,1682,4582,2146,3633,1408,1283,5427,6526,2586,4851,0,1,218,182,327,506,351,940,430,1472,623,1097,390,335,2404,2955,2242,4082,24847,17571,2843,977,15456,6,1,2,0
2021-03-31T23:59:59+02:00,0,1,624,801,1075,2084,1213,3203,1671,4577,2128,3620,1380,1251,5400,6471,2545,4751,0,1,217,182,326,505,350,940,430,1471,622,1095,387,332,2400,2954,2240,4080,24521,17556,2829,969,15442,6,1,2,0
2021-03-30T23:59:59+02:00,0,1,622,794,1070,2080,1207,3198,1661,4563,2121,3605,1333,1205,5313,6340,2498,4596,0,1,217,181,326,504,347,936,425,1468,615,1084,372,321,2296,2801,2117,3853,23984,16931,2807,926,15414,6,1,1,0
2021-03-29T23:59:59+02:00,0,1,620,792,1067,2071,1197,3192,1654,4550,2108,3592,1296,1174,5249,6244,2444,4463,0,1,216,180,324,502,345,934,423,1463,610,1079,365,316,2071,2534,1889,3472,23536,15794,2780,923,15396,6,1,1,0
2021-03-28T23:59:59+02:00,0,1,620,789,1065,2065,1194,3185,1649,4539,2102,3587,1280,1165,5238,6222,2432,4430,0,1,214,180,323,499,336,930,420,1456,607,1067,358,304,2066,2520,1888,3469,23426,15766,2762,868,15373,3,1,1,0
2021-03-27T23:59:59+01:00,0,1,567,728,985,1997,1113,3066,1531,4414,2000,3505,1211,1095,4635,5488,2432,4430,0,1,212,179,323,499,336,930,416,1454,606,1064,357,304,2065,2519,1888,3469,23409,15750,2757,868,13030,3,1,1,0
2021-03-26T23:59:59+01:00,0,1,564,723,978,1986,1111,3060,1521,4407,1983,3497,1167,1064,4605,5454,2431,4426,0,1,211,176,323,497,333,929,414,1453,601,1057,349,299,1659,1981,1462,2741,23213,13620,2747,862,13016,3,1,1,0
2021-03-25T23:59:59+01:00,0,1,561,717,965,1978,1108,3051,1514,4395,1968,3487,1157,1054,4597,5449,2431,4424,0,1,210,173,321,496,331,924,411,1447,597,1048,345,295,1562,1859,1425,2665,23167,13267,2739,839,12949,3,1,1,0
2021-03-24T23:59:59+01:00,0,1,559,711,957,1967,1095,3035,1485,4376,1954,3479,1122,1024,4570,5414,2426,4419,0,1,209,173,320,495,327,920,407,1439,587,1030,332,285,1234,1476,1269,2396,23026,12117,2713,779,12853,3,1,1,0
2021-03-23T23:59:59+01:00,0,1,557,706,952,1954,1091,3025,1478,4362,1944,3471,1109,1013,4551,5400,2426,4415,0,1,208,173,318,492,318,917,406,1439,581,1026,324,278,996,1210,1153,2215,22951,11294,2704,757,12798,3,1,1,0
2021-03-22T23:59:59+01:00,0,1,556,697,947,1940,1085,3016,1469,4346,1930,3461,1106,1009,4546,5399,2426,4415,0,1,207,173,317,490,317,915,403,1436,578,1022,320,274,995,1206,1153,2212,22926,11278,2688,737,12733,3,1,1,0
2021-03-21T23:59:59+01:00,0,1,553,694,944,1932,1082,3012,1461,4333,1918,3454,1103,1008,4546,5397,2426,4415,0,1,206,173,317,489,315,911,403,1431,572,1020,310,269,991,1201,1152,2212,22922,11275,2675,694,12680,3,1,1,0
2021-03-20T23:59:59+01:00,0,1,548,687,939,1915,1065,2995,1433,4315,1884,3425,1031,938,3960,4757,2374,4315,0,1,206,173,317,489,315,911,403,1431,572,1020,310,269,991,1201,1151,2211,21248,11273,2674,694,12658,3,1,1,0
2021-03-19T23:59:59+01:00,0,1,539,678,921,1887,1038,2975,1397,4289,1858,3394,944,873,3280,3919,2323,4217,0,1,203,173,315,489,314,908,401,1429,568,1013,307,268,978,1188,1120,2171,19254,11250,2663,592,12614,3,1,1,0
2021-03-18T23:59:59+01:00,0,1,526,665,904,1861,1015,2949,1357,4248,1814,3341,846,809,2764,3387,2300,4183,0,1,198,171,312,485,311,898,397,1423,566,1008,304,261,872,1090,1007,1978,19174,10863,1260,415,12534,3,1,1,0
2021-03-17T23:59:59+01:00,0,1,524,655,895,1841,1002,2928,1334,4226,1796,3325,816,784,2677,3296,2294,4178,0,1,196,170,310,483,308,897,390,1419,563,1004,301,256,629,815,701,1527,18866,9935,1221,34,12484,0,1,0,0
2021-03-16T23:59:59+01:00,0,1,522,646,886,1820,981,2912,1317,4214,1772,3309,787,773,2629,3215,2292,4173,0,1,196,170,308,483,306,894,387,1417,560,999,295,252,381,574,510,1216,18658,8921,1181,28,12410,0,0,0,0
2021-03-15T23:59:59+01:00,0,1,522,636,881,1800,970,2890,1312,4207,1764,3300,781,769,2626,3214,2292,4173,0,1,195,170,307,482,305,894,387,1416,557,999,295,252,381,573,509,1216,18643,8914,1158,25,12337,0,0,0,0
2021-03-14T23:59:59+01:00,0,1,521,630,874,1788,963,2883,1302,4194,1754,3287,776,765,2621,3211,2292,4173,0,1,195,170,306,482,304,892,385,1414,557,999,294,252,381,573,509,1216,18638,8911,1128,19,12269,0,0,0,0
2021-03-13T23:59:59+01:00,0,1,500,579,781,1526,832,2500,1108,3630,1472,2859,697,677,2518,3085,2291,4172,0,1,195,170,306,482,304,892,385,1414,557,999,294,252,381,573,509,1216,18634,8911,1128,19,9466,0,0,0,0
2021-03-12T23:59:59+01:00,0,1,485,496,717,1257,741,2103,936,2943,1225,2265,556,525,2474,3041,2291,4172,0,0,195,168,306,482,304,890,384,1414,557,996,294,251,368,552,460,1150,18605,8752,1127,19,6496,0,0,0,0
2021-03-11T23:59:59+01:00,0,1,461,460,683,1186,694,1997,876,2798,1143,2153,499,465,2460,3029,2290,4170,0,0,195,168,305,480,303,889,384,1411,556,996,294,250,355,535,411,1105,18408,8621,1079,16,5878,0,0,0,0
2021-03-10T23:59:59+01:00,0,1,447,450,649,1152,654,1964,834,2762,1110,2124,480,449,2446,3009,2289,4166,0,0,191,166,301,473,303,888,379,1405,550,989,290,244,230,436,178,837,18131,7850,1059,10,5796,0,0,0,0
2021-03-09T23:59:59+01:00,0,1,431,433,618,1123,631,1944,811,2734,1088,2100,458,428,2352,2866,2163,3935,0,0,191,166,299,471,302,887,378,1402,550,986,288,243,230,436,177,836,17363,7842,1043,0,5710,0,0,0,0
2021-03-08T23:59:59+01:00,0,1,418,412,596,1093,613,1922,795,2709,1066,2074,436,400,2121,2590,1933,3552,0,0,191,165,299,469,301,882,378,1396,550,984,287,241,230,435,177,836,16110,7821,1014,0,5607,0,0,0,0
2021-03-07T23:59:59+01:00,0,1,417,411,589,1075,599,1914,792,2696,1061,2064,435,399,2116,2582,1932,3549,0,0,191,165,298,468,301,881,378,1393,550,983,287,241,230,435,177,836,16082,7814,1004,0,5546,0,0,0,0
2021-03-06T23:59:59+01:00,0,1,417,408,586,1062,596,1912,785,2689,1057,2057,434,399,2116,2582,1932,3549,0,0,191,165,298,468,301,881,378,1393,550,982,286,241,230,435,177,836,16074,7812,1004,0,5504,0,0,0,0
2021-03-05T23:59:59+01:00,0,1,411,393,580,1050,591,1903,780,2679,1050,2049,420,391,1698,2022,1501,2799,0,0,188,160,294,468,298,879,376,1390,548,978,286,241,230,435,177,836,13858,7784,1004,0,5456,0,0,0,0
2021-03-04T23:59:59+01:00,0,1,401,368,552,1011,572,1846,750,2625,1029,1999,416,387,1605,1903,1461,2722,0,0,177,152,283,457,297,871,374,1376,546,974,285,241,230,435,177,836,13500,7711,998,0,5150,0,0,0,0
2021-03-03T23:59:59+01:00,0,1,398,362,545,980,554,1814,726,2577,1011,1959,408,381,1279,1523,1302,2448,0,0,176,151,282,456,296,870,370,1369,543,967,283,239,229,434,175,831,12336,7671,989,0,4943,0,0,0,0
2021-03-02T23:59:59+01:00,0,1,394,357,537,946,540,1794,717,2553,1000,1940,397,371,1032,1255,1182,2264,0,0,176,149,281,446,292,864,370,1360,543,961,283,239,229,434,175,831,11504,7633,952,0,4824,0,0,0,0
2021-03-01T23:59:59+01:00,0,1,392,350,528,923,521,1763,708,2529,990,1923,393,364,1031,1248,1182,2260,0,0,176,147,281,437,289,854,367,1345,540,955,281,237,228,433,175,831,11484,7576,917,0,4705,0,0,0,0
2021-02-28T23:59:59+01:00,0,1,387,347,525,915,513,1752,704,2517,985,1908,388,359,1031,1246,1182,2260,0,0,174,146,281,436,289,853,367,1345,539,955,281,237,228,433,175,831,11478,7570,889,0,4653,0,0,0,0
2021-02-27T23:59:59+01:00,0,1,386,345,520,908,511,1746,701,2508,982,1906,387,358,1031,1246,1181,2260,0,0,174,146,281,436,289,853,367,1345,538,955,281,237,228,433,175,831,11477,7569,889,0,4611,0,0,0,0
2021-02-26T23:59:59+01:00,0,1,339,299,452,736,435,1438,574,2091,811,1565,359,328,1031,1243,1181,2260,0,0,174,144,281,432,287,845,365,1337,536,952,281,237,228,433,175,831,11466,7538,878,0,2799,0,0,0,0
2021-02-25T23:59:59+01:00,0,1,319,290,441,715,423,1402,559,2043,792,1533,351,320,946,1150,1107,2134,0,0,123,131,261,427,278,833,353,1321,531,945,281,235,228,433,175,831,11055,7386,847,0,2624,0,0,0,0
2021-02-24T23:59:59+01:00,0,1,314,284,436,699,416,1367,543,1995,770,1489,344,307,737,916,921,1825,0,0,123,125,259,421,275,823,351,1308,524,939,278,232,226,432,175,829,10108,7320,806,0,2450,0,0,0,0
2021-02-23T23:59:59+01:00,0,1,312,272,428,686,405,1343,535,1960,751,1470,330,297,485,668,729,1519,0,0,123,124,258,419,273,817,351,1302,523,931,277,231,225,432,173,828,9099,7287,761,0,2331,0,0,0,0
2021-02-22T23:59:59+01:00,0,1,312,271,427,679,404,1338,531,1949,746,1466,330,295,484,666,729,1518,0,0,123,119,253,409,272,800,347,1277,518,923,273,230,225,432,173,828,9094,7202,750,0,2302,0,0,0,0
2021-02-21T23:59:59+01:00,0,1,309,270,425,673,401,1329,528,1941,740,1462,319,290,480,661,727,1518,0,0,123,119,252,408,271,797,344,1274,510,920,272,229,224,431,172,817,9089,7163,708,0,2277,0,0,0,0
2021-02-20T23:59:59+01:00,0,1,309,267,425,671,401,1321,527,1932,738,1458,319,290,480,661,727,1518,0,0,123,119,252,408,271,797,344,1274,509,920,272,229,224,431,172,817,9089,7162,708,0,2248,0,0,0,0
2021-02-19T23:59:59+01:00,0,0,263,241,393,595,367,1152,469,1719,629,1248,310,274,454,625,645,1409,0,0,123,119,252,408,270,797,344,1274,509,920,272,229,224,431,172,817,8867,7161,601,0,1325,0,0,0,0
2021-02-18T23:59:59+01:00,0,0,262,236,385,586,356,1130,456,1701,619,1241,310,272,400,577,532,1278,0,0,120,116,248,402,263,790,341,1265,506,919,270,227,224,431,172,817,8679,7111,421,0,1241,0,0,0,0
2021-02-17T23:59:59+01:00,0,0,256,232,373,572,349,1121,433,1685,611,1229,305,265,240,441,187,861,0,0,112,103,245,396,258,774,335,1249,500,908,266,224,223,431,172,817,7942,7013,32,0,1186,0,0,0,0
2021-02-16T23:59:59+01:00,0,0,254,230,362,570,340,1112,425,1671,606,1222,302,262,239,440,187,861,0,0,83,90,225,370,247,744,317,1209,468,873,244,209,215,411,171,810,7934,6686,28,0,1121,0,0,0,0
2021-02-15T23:59:59+01:00,0,0,252,230,360,565,338,1106,423,1659,603,1216,302,262,239,439,186,861,0,0,82,88,221,359,240,732,307,1182,452,850,231,202,202,387,164,753,7927,6452,25,0,1089,0,0,0,0
2021-02-14T23:59:59+01:00,0,0,251,228,354,562,334,1097,419,1653,600,1213,302,262,239,439,186,861,0,0,78,86,214,354,237,724,302,1169,448,835,230,200,202,376,164,743,7917,6362,20,0,1063,0,0,0,0
2021-02-13T23:59:59+01:00,0,0,251,228,354,562,334,1097,417,1653,600,1212,301,262,239,439,186,861,0,0,78,86,214,354,237,724,302,1169,448,835,230,200,202,376,164,743,7915,6362,20,0,1061,0,0,0,0
2021-02-12T23:59:59+01:00,0,0,195,168,306,485,307,901,384,1416,563,998,293,247,238,439,186,861,0,0,75,85,211,353,235,721,296,1165,445,830,226,197,202,374,164,743,7902,6322,20,0,65,0,0,0,0
2021-02-11T23:59:59+01:00,0,0,193,167,300,474,303,887,378,1397,553,990,293,247,238,439,186,861,0,0,74,82,200,327,225,677,276,1114,427,780,225,194,202,369,164,740,7862,6076,17,0,27,0,0,0,0
2021-02-10T23:59:59+01:00,0,0,191,160,296,470,300,882,372,1386,549,982,291,245,236,438,186,859,0,0,69,76,183,299,214,617,259,1030,402,727,216,179,188,339,149,689,7819,5636,11,0,13,0,0,0,0
2021-02-09T23:59:59+01:00,0,0,186,154,292,462,299,873,372,1376,547,973,288,244,236,438,185,858,0,0,60,60,145,236,185,512,221,838,346,592,194,153,166,303,139,612,7775,4762,2,0,6,0,0,0,0
2021-02-08T23:59:59+01:00,0,0,179,148,288,450,294,863,368,1356,541,966,284,240,235,437,183,854,0,0,33,47,100,146,136,285,162,458,252,386,163,125,137,245,114,508,7678,3297,2,0,6,0,0,0,0
2021-02-07T23:59:59+01:00,0,0,177,146,285,449,293,861,367,1355,540,965,283,239,235,437,183,854,0,0,19,40,82,124,131,264,153,425,236,360,153,120,127,234,107,470,7668,3045,1,0,0,0,0,0,0
2021-02-06T23:59:59+01:00,0,0,177,146,285,449,293,861,367,1355,540,965,283,239,235,437,183,854,0,0,19,37,80,121,121,249,142,408,205,339,138,116,126,229,106,459,7668,2895,1,0,0,0,0,0,0
2021-02-05T23:59:59+01:00,0,0,177,144,285,445,292,850,365,1347,536,962,283,238,235,437,183,853,0,0,18,33,76,116,114,235,136,381,188,321,133,111,122,224,98,442,7631,2748,1,0,0,0,0,0,0
2021-02-04T23:59:59+01:00,0,0,169,139,284,441,285,841,361,1336,527,953,282,236,234,436,183,851,0,0,11,20,50,78,85,178,114,290,155,263,115,97,110,206,88,398,7558,2258,0,0,0,0,0,0,0
2021-02-03T23:59:59+01:00,0,0,151,132,274,435,282,834,359,1325,527,951,282,236,233,436,183,850,0,0,11,18,42,67,76,143,90,258,134,222,96,83,95,177,79,350,7490,1941,0,0,0,0,0,0,0
2021-02-02T23:59:59+01:00,0,0,131,127,262,433,279,826,354,1319,526,944,281,236,232,436,182,849,0,0,11,15,34,61,64,121,75,213,103,172,64,58,70,114,54,225,7417,1454,0,0,0,0,0,0,0
2021-02-01T23:59:59+01:00,0,0,126,122,257,418,277,809,352,1294,520,932,276,234,232,436,182,849,0,0,4,9,19,33,33,66,46,118,59,71,29,29,30,48,29,109,7316,732,0,0,0,0,0,0,0
2021-01-31T23:59:59+01:00,0,0,125,119,255,415,275,805,350,1288,515,930,276,231,231,435,182,849,0,0,4,6,14,23,28,47,32,72,39,43,15,9,14,28,23,63,7281,460,0,0,0,0,0,0,0
2021-01-30T23:59:59+01:00,0,0,125,119,255,415,275,804,350,1287,514,930,276,231,231,435,182,849,0,0,4,6,13,20,25,40,27,64,36,41,15,9,14,28,23,63,7278,428,0,0,0,0,0,0,0
2021-01-29T23:59:59+01:00,0,0,125,119,255,415,274,804,350,1287,514,930,276,231,231,435,182,849,0,0,4,6,7,18,23,31,22,56,32,38,15,9,14,27,22,62,7277,386,0,0,0,0,0,0,0
2021-01-28T23:59:59+01:00,0,0,123,116,251,408,270,797,347,1280,510,929,276,231,231,435,182,849,0,0,1,3,2,8,15,13,12,27,12,23,11,5,7,14,7,25,7235,185,0,0,0,0,0,0,0
2021-01-27T23:59:59+01:00,0,0,115,106,249,403,267,788,342,1273,504,922,271,228,230,434,182,849,0,0,0,0,1,4,11,11,8,20,10,17,10,5,7,14,7,25,7163,150,0,0,0,0,0,0,0
2021-01-26T23:59:59+01:00,0,0,88,94,231,386,259,763,329,1235,478,891,251,216,220,416,182,841,0,0,0,0,1,4,11,11,8,20,10,17,10,5,7,14,7,25,6880,150,0,0,0,0,0,0,0
2021-01-25T23:59:59+01:00,0,0,85,89,229,366,246,744,315,1202,460,866,234,209,209,394,177,785,0,0,0,0,1,4,11,9,7,13,7,13,10,5,7,14,7,25,6610,133,0,0,0,0,0,0,0
2021-01-24T23:59:59+01:00,0,0,85,87,225,362,245,739,312,1189,458,851,233,207,209,383,177,774,0,0,0,0,1,4,11,9,7,13,7,13,10,5,7,14,7,25,6536,133,0,0,0,0,0,0,0
2021-01-23T23:59:59+01:00,0,0,85,87,225,362,245,739,312,1189,458,851,233,207,209,383,177,774,0,0,0,0,1,4,11,9,7,13,7,13,10,5,7,14,7,25,6536,133,0,0,0,0,0,0,0
2021-01-22T23:59:59+01:00,0,0,85,86,223,360,245,736,309,1185,454,848,231,206,209,382,177,774,0,0,0,0,1,4,11,9,7,13,7,13,10,5,7,14,7,25,6510,133,0,0,0,0,0,0,0
2021-01-21T23:59:59+01:00,0,0,85,83,209,331,235,692,284,1136,439,814,230,202,208,376,176,771,0,0,0,0,1,2,9,8,6,12,6,11,10,5,7,14,7,25,6271,123,0,0,0,0,0,0,0
2021-01-20T23:59:59+01:00,0,0,79,77,194,308,223,626,270,1043,410,753,221,190,193,345,162,719,0,0,0,0,1,2,9,8,6,12,6,11,10,5,7,14,7,25,5813,123,0,0,0,0,0,0,0
2021-01-19T23:59:59+01:00,0,0,71,67,155,259,203,563,244,920,369,644,200,164,167,303,148,629,0,0,0,0,1,2,3,7,6,11,4,9,7,4,7,14,7,25,5106,107,0,0,0,0,0,0,0
2021-01-18T23:59:59+01:00,0,0,59,59,132,216,182,460,217,762,329,551,181,143,142,252,126,540,0,0,0,0,0,1,2,4,3,6,2,7,6,4,7,14,7,23,4351,86,0,0,0,0,0,0,0
2021-01-17T23:59:59+01:00,0,0,40,47,108,186,167,401,200,676,304,496,172,136,129,235,109,480,0,0,0,0,0,0,2,4,2,6,2,5,4,4,7,14,6,23,3886,79,0,0,0,0,0,0,0
2021-01-16T23:59:59+01:00,0,0,33,44,108,183,157,385,185,656,273,474,156,131,128,229,108,468,0,0,0,0,0,0,0,0,0,0,0,0,0,0,0,0,0,0,3718,0,0,0,0,0,0,0,0
2021-01-15T23:59:59+01:00,0,0,31,40,104,178,146,371,179,626,254,452,151,122,124,223,99,450,0,0,0,0,0,0,0,0,0,0,0,0,0,0,0,0,0,0,3550,0,0,0,0,0,0,0,0
2021-01-14T23:59:59+01:00,0,0,13,23,51,78,84,174,115,289,149,263,123,103,110,204,87,405,0,0,0,0,0,0,0,0,0,0,0,0,0,0,0,0,0,0,2271,0,0,0,0,0,0,0,0
2021-01-13T23:59:59+01:00,0,0,12,20,41,67,76,139,93,259,124,226,94,81,90,163,68,324,0,0,0,0,0,0,0,0,0,0,0,0,0,0,0,0,0,0,1877,0,0,0,0,0,0,0,0
2021-01-12T23:59:59+01:00,0,0,12,15,37,63,63,115,78,210,95,172,61,53,60,97,40,189,0,0,0,0,0,0,0,0,0,0,0,0,0,0,0,0,0,0,1360,0,0,0,0,0,0,0,0
2021-01-11T23:59:59+01:00,0,0,4,10,26,45,39,83,57,141,58,85,32,28,25,40,19,81,0,0,0,0,0,0,0,0,0,0,0,0,0,0,0,0,0,0,773,0,0,0,0,0,0,0,0
2021-01-10T23:59:59+01:00,0,0,3,6,19,32,34,58,38,94,37,53,15,8,8,19,13,34,0,0,0,0,0,0,0,0,0,0,0,0,0,0,0,0,0,0,471,0,0,0,0,0,0,0,0
2021-01-09T23:59:59+01:00,0,0,3,6,18,28,33,54,33,84,35,52,15,8,8,19,13,34,0,0,0,0,0,0,0,0,0,0,0,0,0,0,0,0,0,0,443,0,0,0,0,0,0,0,0
2021-01-08T23:59:59+01:00,0,0,3,6,15,26,29,43,27,75,31,48,14,8,7,17,12,33,0,0,0,0,0,0,0,0,0,0,0,0,0,0,0,0,0,0,394,0,0,0,0,0,0,0,0
2021-01-07T23:59:59+01:00,0,0,1,4,2,9,15,13,14,28,13,24,11,6,7,15,9,26,0,0,0,0,0,0,0,0,0,0,0,0,0,0,0,0,0,0,197,0,0,0,0,0,0,0,0
2021-01-06T23:59:59+01:00,0,0,1,0,2,4,13,11,9,22,11,19,11,6,7,15,9,26,0,0,0,0,0,0,0,0,0,0,0,0,0,0,0,0,0,0,166,0,0,0,0,0,0,0,0
2021-01-05T23:59:59+01:00,0,0,0,0,1,4,12,11,8,20,10,19,10,6,7,15,9,26,0,0,0,0,0,0,0,0,0,0,0,0,0,0,0,0,0,0,158,0,0,0,0,0,0,0,0
2021-01-04T23:59:59+01:00,0,0,0,0,1,4,12,10,7,16,8,17,10,6,7,15,9,26,0,0,0,0,0,0,0,0,0,0,0,0,0,0,0,0,0,0,148,0,0,0,0,0,0,0,0
2021-01-03T23:59:59+01:00,0,0,0,0,1,4,11,9,7,13,6,14,10,6,7,15,9,26,0,0,0,0,0,0,0,0,0,0,0,0,0,0,0,0,0,0,138,0,0,0,0,0,0,0,0
2021-01-02T23:59:59+01:00,0,0,0,0,1,4,11,9,7,13,6,14,10,6,7,15,9,26,0,0,0,0,0,0,0,0,0,0,0,0,0,0,0,0,0,0,138,0,0,0,0,0,0,0,0
2021-01-01T23:59:59+01:00,0,0,0,0,1,4,11,9,7,13,6,14,10,6,7,15,9,26,0,0,0,0,0,0,0,0,0,0,0,0,0,0,0,0,0,0,138,0,0,0,0,0,0,0,0
2020-12-31T23:59:59+01:00,0,0,0,0,1,4,11,9,7,13,6,14,10,6,7,15,9,26,0,0,0,0,0,0,0,0,0,0,0,0,0,0,0,0,0,0,138,0,0,0,0,0,0,0,0
2020-12-30T23:59:59+01:00,0,0,0,0,1,4,11,9,7,13,6,14,10,6,7,15,9,26,0,0,0,0,0,0,0,0,0,0,0,0,0,0,0,0,0,0,138,0,0,0,0,0,0,0,0
2020-12-29T23:59:59+01:00,0,0,0,0,1,4,8,9,7,13,4,12,10,6,7,15,9,26,0,0,0,0,0,0,0,0,0,0,0,0,0,0,0,0,0,0,131,0,0,0,0,0,0,0,0
2020-12-28T23:59:59+01:00,0,0,0,0,1,1,5,7,7,7,2,9,10,6,7,15,9,26,0,0,0,0,0,0,0,0,0,0,0,0,0,0,0,0,0,0,112,0,0,0,0,0,0,0,0
2020-12-27T23:59:59+01:00,0,0,0,0,0,0,2,4,2,6,1,6,4,5,7,15,8,25,0,0,0,0,0,0,0,0,0,0,0,0,0,0,0,0,0,0,85,0,0,0,0,0,0,0,0
