Datum,<24_1_m,<24_1_w,25-34_1_m,25-34_1_w,35-44_1_m,35-44_1_w,45-54_1_m,45-54_1_w,55-64_1_m,55-64_1_w,65-74_1_m,65-74_1_w,75-84_1_m,75-84_1_w,>84_1_m,>84_1_w,<24_2_m,<24_2_w,25-34_2_m,25-34_2_w,35-44_2_m,35-44_2_w,45-54_2_m,45-54_2_w,55-64_2_m,55-64_2_w,65-74_2_m,65-74_2_w,75-84_2_m,75-84_2_w,>84_2_m,>84_2_w,bp_1,bp_2,mo_1,mo_2,az_1,az_2,ja
2021-05-20T23:59:59+02:00,1911,2109,3351,3907,4540,6328,7269,9441,12326,12980,14190,14890,8196,10283,2257,4499,587,534,772,1190,970,2124,1482,3119,2295,2736,2848,2420,5229,6440,2051,4032,81025,28374,9574,5395,27261,4443,617
2021-05-19T23:59:59+02:00,1886,2079,3295,3859,4446,6269,7166,9380,12098,12731,14183,14884,8194,10282,2257,4498,581,514,752,1161,953,2054,1347,2946,1946,2456,2362,1991,5133,6324,2032,3997,80237,26393,9454,5384,27236,4192,580
2021-05-18T23:59:59+02:00,1818,2040,3208,3769,4336,6166,7010,9226,11845,12504,14141,14841,8184,10259,2255,4491,578,499,737,1147,938,2038,1250,2875,1657,2233,1995,1709,5062,6244,2018,3967,79176,24955,9264,5374,27167,4132,486
2021-05-17T23:59:59+02:00,1760,1949,3067,3603,4128,5863,6643,8761,11331,11996,14050,14766,8169,10234,2250,4484,576,492,731,1141,920,2031,1226,2851,1630,2196,1980,1695,5056,6239,2015,3964,76309,24897,9229,5364,27142,4108,374
2021-05-16T23:59:59+02:00,1739,1928,3015,3564,4027,5765,6494,8630,11166,11878,14034,14745,8161,10226,2250,4483,566,485,710,1127,893,2017,1197,2826,1599,2173,1975,1688,5054,6237,2014,3963,75578,24875,9173,5346,27116,4065,238
2021-05-15T23:59:59+02:00,1637,1815,2794,3388,3799,5478,6106,8142,10862,11631,13953,14688,8146,10198,2246,4477,565,484,707,1124,893,2015,1193,2825,1594,2166,1960,1679,5052,6231,2014,3961,72841,24820,9173,5346,27109,4060,237
2021-05-14T23:59:59+02:00,1591,1748,2687,3297,3651,5303,5904,7853,10656,11410,13921,14651,8134,10180,2244,4472,514,437,629,948,825,1705,1057,2407,1412,1878,1945,1663,5050,6224,2013,3956,71217,24766,9167,5345,27085,2319,233
2021-05-13T23:59:59+02:00,1523,1676,2593,3218,3483,5171,5678,7637,10469,11258,13896,14626,8129,10179,2242,4469,508,423,601,923,713,1593,970,2339,1153,1677,1199,1046,4869,6035,2006,3927,70083,24656,8890,2827,27056,2281,218
2021-05-12T23:59:59+02:00,1516,1667,2577,3213,3466,5159,5659,7627,10455,11247,13896,14623,8128,10177,2241,4469,508,422,601,921,710,1593,964,2337,1148,1672,1188,1037,4855,5998,1975,3874,69983,24481,8866,2827,27054,2278,217
2021-05-11T23:59:59+02:00,1469,1618,2501,3130,3350,5034,5463,7472,10183,10953,13853,14574,8117,10160,2237,4463,502,407,583,909,689,1579,937,2312,1123,1649,1133,999,4799,5898,1937,3773,68670,24020,8742,2809,26968,2203,197
2021-05-10T23:59:59+02:00,1439,1584,2429,3056,3227,4911,5325,7298,9873,10595,13815,14539,8108,10143,2234,4461,499,404,571,897,678,1565,925,2294,1107,1637,1098,968,4738,5808,1899,3671,67328,23613,8624,2807,26897,2151,188
2021-05-09T23:59:59+02:00,1417,1562,2391,3046,3152,4879,5252,7262,9819,10551,13805,14526,8107,10140,2234,4459,487,401,561,890,656,1547,901,2275,1097,1624,1081,951,4722,5771,1886,3632,67094,23457,8551,2805,26856,2119,101
2021-05-08T23:59:59+02:00,1412,1557,2376,3035,3137,4869,5214,7248,9795,10546,13805,14525,8107,10140,2234,4459,487,401,561,890,655,1547,901,2274,1096,1623,1081,951,4721,5771,1886,3632,66957,23456,8546,2802,26855,2118,101
2021-05-07T23:59:59+02:00,1392,1534,2334,2996,3080,4813,5117,7161,9581,10305,13794,14509,8101,10135,2231,4456,436,370,528,811,616,1384,824,2061,1012,1454,1059,933,4704,5750,1884,3627,66070,23359,8540,2799,26828,1194,101
2021-05-06T23:59:59+02:00,1227,1416,2106,2748,2772,4503,4718,6726,9023,9716,13536,14286,8069,10095,2229,4455,431,365,517,789,599,1352,804,2025,983,1430,1036,896,4696,5741,1882,3623,62423,23231,8412,2749,26696,1095,94
2021-05-05T23:59:59+02:00,1157,1355,1996,2635,2605,4320,4407,6454,8042,8520,13471,14224,8031,10054,2219,4440,429,362,508,781,581,1345,771,2010,962,1411,961,835,4663,5677,1875,3610,58941,22932,8366,2730,26575,1071,48
2021-05-04T23:59:59+02:00,1133,1332,1941,2597,2500,4250,4176,6336,7616,8139,13145,13840,8004,10021,2214,4433,426,360,503,778,571,1337,752,1994,946,1404,942,813,4648,5664,1872,3601,56913,22803,8308,2718,26415,1049,41
2021-05-03T23:59:59+02:00,1100,1291,1882,2543,2385,4137,3959,6209,7167,7702,12741,13370,7971,9988,2209,4419,420,358,501,774,560,1329,746,1984,932,1395,922,789,4633,5648,1867,3588,54512,22706,8284,2709,26277,1031,0
2021-05-02T23:59:59+02:00,1091,1290,1865,2537,2359,4129,3915,6199,7139,7695,12740,13369,7971,9988,2209,4419,420,358,498,774,559,1327,742,1984,931,1391,920,785,4632,5645,1867,3588,54380,22690,8280,2707,26255,1024,0
2021-05-01T23:59:59+02:00,1091,1288,1858,2535,2349,4123,3904,6190,7128,7687,12739,13368,7971,9988,2209,4419,420,358,498,774,559,1327,741,1983,929,1391,920,785,4632,5645,1867,3588,54314,22690,8280,2703,26253,1024,0
2021-04-30T23:59:59+02:00,1074,1280,1837,2522,2324,4090,3871,6156,7023,7604,12677,13299,7969,9985,2207,4407,356,300,466,688,526,1143,713,1756,896,1200,908,779,4630,5643,1867,3588,53830,22676,8279,2699,26216,84,0
2021-04-29T23:59:59+02:00,1019,1256,1790,2485,2259,4034,3735,6037,6745,7352,12471,13088,7952,9959,2203,4401,351,298,458,684,523,1135,704,1749,891,1194,900,769,4621,5635,1867,3587,52330,22610,8264,2693,26192,63,0
2021-04-28T23:59:59+02:00,947,1220,1714,2422,2107,3911,3413,5777,6040,6731,11793,12309,7899,9876,2180,4374,350,295,456,677,514,1120,692,1731,883,1188,885,752,4604,5610,1865,3587,48304,22491,8258,2675,26151,43,0
2021-04-27T23:59:59+02:00,933,1213,1697,2401,2061,3893,3339,5748,5921,6614,11770,12294,7897,9874,2180,4372,348,293,450,675,506,1116,682,1718,875,1181,873,741,4602,5606,1864,3581,47828,22416,8255,2660,26124,35,0
2021-04-26T23:59:59+02:00,924,1199,1665,2384,1995,3850,3152,5669,5575,6296,11239,11687,7853,9816,2176,4363,346,292,449,673,501,1111,668,1710,870,1174,864,734,4598,5600,1864,3578,45516,22369,8246,2633,26081,30,0
2021-04-25T23:59:59+02:00,913,1197,1650,2377,1954,3829,3016,5650,5498,6291,11235,11684,7849,9810,2175,4362,345,292,449,673,501,1104,668,1708,867,1173,864,733,4598,5600,1864,3578,45190,22365,8240,2629,26060,23,0
2021-04-24T23:59:59+02:00,896,1186,1629,2357,1912,3779,2906,5575,5134,5946,10658,10993,7821,9762,2174,4361,345,292,449,673,501,1103,667,1707,865,1172,860,727,4589,5588,1862,3577,42794,22330,8240,2625,26055,22,0
2021-04-23T23:59:59+02:00,887,1178,1618,2347,1883,3750,2865,5524,4942,5716,10382,10661,7786,9724,2171,4354,345,291,449,673,501,1102,666,1707,863,1172,860,725,4586,5586,1862,3577,41506,22319,8240,2624,26042,22,0
2021-04-22T23:59:59+02:00,870,1155,1585,2308,1832,3677,2774,5434,4774,5546,10270,10491,7773,9695,2169,4348,345,289,447,663,499,1096,658,1697,860,1164,854,721,4583,5583,1862,3576,40513,22285,8214,2598,25974,14,0
2021-04-21T23:59:59+02:00,858,1141,1560,2297,1778,3630,2658,5340,4342,5061,9744,9889,7727,9640,2167,4338,344,289,443,661,499,1095,654,1695,854,1158,844,711,4574,5571,1862,3572,38025,22239,8197,2575,25948,12,0
2021-04-20T23:59:59+02:00,849,1125,1541,2274,1746,3599,2600,5276,4197,4957,9565,9687,7707,9631,2166,4336,344,288,443,660,498,1094,654,1690,851,1154,838,707,4571,5567,1862,3572,37195,22211,8186,2570,25875,12,0
2021-04-19T23:59:59+02:00,844,1113,1530,2267,1727,3583,2568,5244,4126,4886,9207,9287,7684,9608,2164,4331,344,286,442,657,496,1092,650,1688,845,1151,834,702,4563,5566,1862,3571,36173,22178,8174,2559,25822,12,0
2021-04-18T23:59:59+02:00,840,1110,1525,2262,1709,3576,2550,5232,4117,4883,9201,9277,7684,9607,2164,4331,343,285,442,654,494,1090,649,1685,843,1151,833,699,4563,5565,1862,3571,36114,22171,8154,2546,25800,12,0
2021-04-17T23:59:59+02:00,822,1101,1420,2254,1624,3563,2510,5195,3993,4760,8541,8608,7671,9599,2164,4331,342,285,441,652,493,1090,648,1684,842,1149,833,699,4562,5565,1862,3571,36106,22160,8154,2546,23896,12,0
2021-04-16T23:59:59+02:00,804,1081,1277,2232,1484,3538,2425,5123,3763,4514,7290,7146,7636,9556,2152,4303,341,283,437,646,488,1087,639,1681,835,1142,827,692,4556,5557,1860,3569,34735,22088,8152,2542,21437,10,0
2021-04-15T23:59:59+02:00,782,1070,1266,2218,1462,3518,2367,5084,3673,4442,6873,6668,7594,9492,2133,4239,332,275,423,637,471,1074,606,1655,800,1114,713,605,4090,5069,1839,3542,33421,22034,8094,1205,21366,6,0
2021-04-14T23:59:59+02:00,778,1063,1243,2210,1435,3499,2319,5042,3482,4309,5594,5313,7548,9427,2114,4208,324,270,420,632,464,1070,602,1647,794,1110,696,590,4079,5062,1836,3539,30209,21955,8084,1175,21291,5,0
2021-04-13T23:59:59+02:00,774,1063,1235,2205,1421,3496,2305,5029,3464,4296,5580,5297,7543,9423,2113,4206,324,268,418,631,461,1067,599,1642,780,1108,682,585,4077,5061,1836,3539,30130,21935,8064,1138,21256,5,0
2021-04-12T23:59:59+02:00,768,1052,1222,2197,1404,3486,2274,5014,3436,4272,5558,5283,7534,9410,2110,4175,323,267,416,631,461,1061,597,1638,771,1100,677,583,4074,5060,1836,3539,30004,21911,8019,1118,21172,5,0
2021-04-11T23:59:59+02:00,758,1048,1207,2185,1386,3467,2203,4989,3305,4172,5016,4713,7012,8745,2103,4171,323,267,414,631,460,1060,592,1635,768,1099,673,580,4070,5055,1836,3539,29976,21906,5418,1091,21086,5,0
2021-04-10T23:59:59+02:00,758,1047,1206,2184,1384,3464,2202,4986,3302,4163,4973,4667,7009,8740,2103,4170,318,261,411,622,448,1045,566,1617,732,1072,565,483,3533,4450,1793,3463,29858,20283,5415,1091,21085,5,0
2021-04-09T23:59:59+02:00,755,1046,1198,2181,1379,3461,2160,4959,3211,4081,4799,4510,6979,8692,2099,4157,307,254,397,604,434,1034,540,1599,711,1043,444,396,2916,3642,1750,3389,29180,18365,5411,1090,21076,5,0
2021-04-08T23:59:59+02:00,744,1035,1183,2167,1362,3433,2082,4895,3063,3973,3715,3329,6794,8380,2091,4144,292,244,380,587,409,1017,519,1570,681,1021,427,375,2909,3636,1747,3386,28390,18152,5363,1043,18637,5,0
2021-04-07T23:59:59+02:00,737,1030,1169,2157,1342,3417,1943,4786,2712,3716,3163,2838,6695,8256,2069,4101,277,235,347,559,372,985,478,1534,646,996,399,351,2850,3577,1744,3379,26220,17701,5344,1024,18567,4,0
2021-04-06T23:59:59+02:00,720,1020,1138,2148,1318,3400,1804,4724,2409,3517,2759,2536,6619,8165,2051,4069,248,219,313,534,348,968,441,1511,612,962,365,313,2795,3504,1739,3371,24629,17232,5330,1007,18438,4,0
2021-04-05T23:59:59+02:00,716,1018,1127,2144,1315,3397,1790,4713,2400,3500,2113,1844,5873,7218,2049,4069,248,219,312,530,343,961,437,1510,607,958,362,309,2794,3500,1739,3369,24600,17222,5320,972,15366,4,0
2021-04-04T23:59:59+02:00,715,1018,1126,2144,1315,3397,1790,4712,2397,3499,2113,1840,5873,7215,2049,4069,248,219,312,530,343,961,436,1510,607,958,362,309,2793,3500,1739,3369,24592,17220,5320,972,15360,4,0
2021-04-03T23:59:59+02:00,715,1018,1126,2143,1315,3397,1788,4710,2394,3499,2112,1838,5872,7215,2049,4069,248,219,312,530,343,961,436,1510,606,958,362,309,2793,3500,1739,3369,24586,17219,5316,972,15358,4,0
2021-04-02T23:59:59+02:00,715,1017,1126,2143,1311,3396,1786,4704,2392,3497,2101,1828,5864,7199,2045,4058,248,218,312,528,343,961,435,1508,605,951,360,309,2793,3499,1739,3369,24518,17202,5312,972,15352,4,0
2021-04-01T23:59:59+02:00,711,1005,1101,2123,1198,3290,1709,4650,2132,3292,1340,1201,5695,7020,2037,4034,244,217,312,527,342,959,434,1506,604,950,358,307,2793,3499,1739,3365,24412,17190,2811,962,15315,4,0
2021-03-31T23:59:59+02:00,709,1004,1098,2119,1193,3282,1697,4644,2114,3279,1315,1166,5667,6965,1997,3941,243,217,312,526,341,959,434,1505,603,948,355,305,2789,3498,1738,3364,24095,17179,2797,954,15298,4,0
2021-03-30T23:59:59+02:00,706,996,1093,2114,1186,3277,1688,4630,2104,3265,1263,1119,5585,6823,1957,3806,243,216,312,525,338,955,429,1503,597,937,341,294,2662,3312,1644,3173,23567,16564,2775,913,15270,4,0
2021-03-29T23:59:59+02:00,704,994,1088,2106,1177,3270,1681,4616,2090,3253,1226,1084,5522,6722,1907,3689,243,215,311,524,335,953,426,1499,594,932,332,287,2381,2969,1479,2876,23123,15441,2752,911,15254,4,0
2021-03-28T23:59:59+02:00,704,990,1086,2101,1173,3262,1678,4607,2087,3249,1210,1072,5512,6701,1897,3659,241,215,309,520,329,951,424,1491,590,918,327,278,2376,2957,1478,2874,23017,15415,2734,859,15237,4,0
2021-03-27T23:59:59+01:00,645,918,1009,2028,1087,3147,1556,4493,1993,3172,1142,999,4917,5979,1897,3659,239,214,309,520,329,951,419,1488,588,916,327,278,2375,2956,1478,2874,23002,15399,2730,859,12909,3,0
2021-03-26T23:59:59+01:00,640,911,1003,2019,1086,3142,1545,4485,1973,3164,1097,969,4893,5946,1896,3655,238,211,308,518,327,950,417,1487,584,909,317,273,1868,2262,1170,2314,22809,13297,2721,853,12894,3,0
2021-03-25T23:59:59+01:00,637,905,990,2007,1084,3137,1538,4474,1960,3154,1087,958,4886,5942,1896,3654,237,208,307,517,325,943,414,1482,580,899,312,269,1765,2128,1142,2255,22763,12950,2712,830,12834,3,0
2021-03-24T23:59:59+01:00,635,900,976,1992,1073,3125,1509,4458,1949,3144,1053,927,4861,5911,1891,3649,237,208,306,515,322,939,410,1475,570,883,297,258,1403,1695,1023,2041,22624,11811,2687,768,12742,3,0
2021-03-23T23:59:59+01:00,632,891,972,1982,1067,3114,1504,4445,1939,3140,1041,917,4843,5895,1891,3647,236,208,304,513,315,936,409,1475,565,879,290,251,1135,1393,940,1902,22551,11001,2678,747,12691,3,0
2021-03-22T23:59:59+01:00,631,880,969,1973,1063,3104,1494,4432,1928,3133,1038,914,4838,5894,1891,3647,234,208,303,511,314,935,406,1472,562,875,286,247,1133,1390,940,1900,22530,10985,2663,728,12636,3,0
2021-03-21T23:59:59+01:00,629,874,966,1967,1060,3098,1489,4422,1921,3126,1035,913,4838,5893,1891,3647,234,208,303,509,313,931,406,1467,555,873,277,243,1128,1385,940,1900,22528,10984,2649,685,12592,3,0
2021-03-20T23:59:59+01:00,624,863,960,1953,1045,3083,1462,4403,1884,3095,925,813,4289,5271,1847,3567,234,208,303,509,313,931,406,1467,555,873,277,243,1128,1385,939,1899,20863,10982,2649,685,12572,3,0
2021-03-19T23:59:59+01:00,614,853,940,1923,1022,3068,1426,4380,1857,3059,797,722,3650,4445,1806,3491,231,208,302,509,312,928,404,1465,550,867,275,242,1107,1365,916,1866,18882,10961,2638,583,12533,3,0
2021-03-18T23:59:59+01:00,599,833,924,1904,999,3042,1390,4337,1812,3011,672,631,3163,3936,1786,3464,226,206,298,504,310,920,401,1459,548,862,271,237,989,1244,821,1701,18807,10585,1240,409,12456,3,0
2021-03-17T23:59:59+01:00,597,821,913,1884,988,3026,1367,4315,1794,2995,643,607,3078,3846,1781,3459,224,205,296,502,307,919,394,1454,545,857,268,233,695,913,571,1314,18503,9664,1202,33,12409,0,0
2021-03-16T23:59:59+01:00,594,806,900,1868,972,3012,1349,4301,1767,2980,618,593,3030,3772,1780,3455,224,205,295,502,306,917,391,1452,541,852,263,229,423,643,408,1039,18298,8663,1163,27,12336,0,0
2021-03-15T23:59:59+01:00,594,792,896,1852,964,2991,1343,4296,1757,2969,612,591,3029,3771,1780,3455,223,205,294,501,305,917,390,1451,539,852,263,229,423,642,407,1039,18285,8656,1141,24,12266,0,0
2021-03-14T23:59:59+01:00,593,786,889,1839,958,2987,1333,4282,1745,2959,609,587,3024,3768,1780,3455,223,205,293,501,304,915,388,1449,539,852,263,229,423,642,407,1039,18281,8654,1114,18,12199,0,0
2021-03-13T23:59:59+01:00,567,713,781,1574,832,2594,1127,3718,1471,2574,543,503,2926,3654,1779,3454,223,205,293,501,304,915,388,1449,539,852,263,229,423,642,407,1039,18277,8654,1114,18,9419,0,0
2021-03-12T23:59:59+01:00,548,607,714,1304,737,2168,947,3019,1175,1977,469,429,2889,3614,1779,3454,223,204,293,501,304,913,387,1448,539,852,263,228,399,611,368,985,18255,8500,1113,18,6462,0,0
2021-03-11T23:59:59+01:00,523,565,681,1234,689,2058,889,2866,1077,1870,437,386,2877,3606,1778,3454,223,204,292,499,303,912,387,1446,538,852,263,227,380,588,326,947,18071,8372,1065,15,5854,0,0
2021-03-10T23:59:59+01:00,508,552,642,1197,650,2027,849,2827,1042,1844,420,373,2864,3588,1777,3450,218,201,289,492,303,912,382,1438,533,846,259,221,212,447,144,723,17794,7611,1045,9,5771,0,0
2021-03-09T23:59:59+01:00,488,534,613,1169,631,2007,827,2799,1022,1821,401,356,2745,3412,1680,3253,218,201,287,490,302,911,381,1435,533,843,257,220,212,446,144,723,17035,7603,1030,0,5693,0,0
2021-03-08T23:59:59+01:00,473,507,593,1141,612,1987,811,2778,1003,1792,377,329,2457,3059,1512,2955,218,200,287,488,301,906,381,1430,533,841,256,218,212,445,144,723,15791,7583,1002,0,5593,0,0
2021-03-07T23:59:59+01:00,471,502,585,1126,602,1980,808,2764,999,1785,376,327,2452,3051,1511,2954,218,200,287,487,301,904,381,1427,533,841,256,218,212,445,144,723,15765,7577,993,0,5535,0,0
2021-03-06T23:59:59+01:00,471,497,581,1115,599,1979,802,2755,994,1780,376,327,2452,3051,1511,2954,218,200,287,487,301,904,381,1427,533,840,255,218,212,445,144,723,15757,7575,993,0,5494,0,0
2021-03-05T23:59:59+01:00,465,480,574,1102,594,1972,797,2747,987,1772,361,318,1913,2322,1196,2361,215,195,283,487,298,903,379,1424,531,836,255,218,212,445,144,723,13522,7548,993,0,5446,0,0
2021-03-04T23:59:59+01:00,454,448,546,1071,575,1909,770,2692,966,1731,357,313,1810,2190,1167,2302,204,188,275,478,297,896,377,1410,529,833,254,218,212,445,144,723,13168,7483,987,0,5146,0,0
2021-03-03T23:59:59+01:00,451,438,536,1041,558,1873,746,2644,950,1700,349,308,1450,1756,1045,2083,203,187,274,477,296,895,373,1402,528,827,252,216,211,442,142,720,12010,7445,978,0,4940,0,0
2021-03-02T23:59:59+01:00,447,429,529,1011,544,1851,737,2621,940,1683,340,298,1171,1449,959,1943,203,185,273,465,293,890,373,1392,528,822,252,216,211,442,142,720,11187,7407,943,0,4822,0,0
2021-03-01T23:59:59+01:00,445,421,519,984,525,1825,725,2593,933,1668,336,293,1169,1443,959,1940,202,182,273,456,290,879,371,1377,526,818,250,214,210,441,142,720,11169,7351,907,0,4702,0,0
2021-02-28T23:59:59+01:00,442,417,515,975,521,1814,722,2583,927,1654,333,289,1169,1441,959,1940,201,181,273,456,290,878,371,1377,525,818,250,214,210,441,142,720,11169,7347,880,0,4652,0,0
2021-02-27T23:59:59+01:00,441,413,510,969,519,1809,719,2574,924,1652,332,288,1169,1441,958,1940,201,181,273,456,290,878,370,1377,525,818,250,214,210,441,142,720,11168,7346,880,0,4610,0,0
2021-02-26T23:59:59+01:00,391,359,433,785,447,1469,581,2146,753,1352,321,278,1169,1438,958,1940,201,179,273,453,288,867,368,1372,523,815,250,214,210,441,142,720,11157,7316,869,0,2794,0,0
2021-02-25T23:59:59+01:00,371,348,421,762,435,1433,567,2102,736,1318,312,271,1076,1338,896,1828,147,166,256,447,279,855,358,1358,518,811,250,212,210,441,142,720,10755,7170,839,0,2620,0,0
2021-02-24T23:59:59+01:00,366,340,415,745,429,1395,550,2049,714,1283,304,260,844,1079,735,1551,147,160,255,441,275,846,357,1344,511,805,247,210,209,440,141,718,9816,7106,797,0,2446,0,0
2021-02-23T23:59:59+01:00,362,327,407,730,419,1373,540,2012,697,1267,292,251,565,796,569,1281,147,159,254,439,273,839,357,1335,510,801,246,209,208,440,139,717,8807,7073,753,0,2328,0,0
2021-02-22T23:59:59+01:00,362,324,406,723,418,1366,535,2003,693,1263,292,248,564,794,569,1280,147,153,249,429,270,821,354,1311,505,795,243,208,208,440,139,717,8802,6989,741,0,2297,0,0
2021-02-21T23:59:59+01:00,359,323,403,718,416,1359,533,1993,686,1260,283,244,559,789,568,1280,147,152,248,429,269,819,351,1308,498,792,242,207,207,439,138,708,8798,6954,700,0,2275,0,0
2021-02-20T23:59:59+01:00,359,320,403,716,416,1350,532,1984,684,1257,283,244,559,789,568,1280,147,152,248,429,269,819,350,1308,498,792,242,207,207,439,138,708,8798,6953,700,0,2246,0,0
2021-02-19T23:59:59+01:00,312,289,370,632,380,1179,471,1764,609,1089,281,240,514,736,506,1189,147,152,248,429,268,819,350,1308,498,792,242,207,207,439,138,708,8637,6952,594,0,1330,0,0
2021-02-18T23:59:59+01:00,310,283,362,621,368,1160,458,1748,601,1083,281,238,445,667,414,1080,144,148,243,424,262,813,347,1299,495,791,240,206,207,439,138,708,8456,6904,417,0,1246,0,0
2021-02-17T23:59:59+01:00,303,277,351,608,359,1150,437,1731,594,1074,276,231,216,459,148,739,135,133,240,420,257,795,341,1283,489,784,236,204,206,439,138,708,7730,6808,31,0,1192,0,0
2021-02-16T23:59:59+01:00,299,275,341,605,350,1141,429,1718,590,1068,273,228,215,458,148,739,101,117,222,395,246,767,325,1242,457,748,216,189,198,424,137,701,7722,6485,27,0,1128,0,0
2021-02-15T23:59:59+01:00,297,274,339,601,348,1133,428,1708,586,1063,273,228,215,457,147,739,100,115,218,384,237,753,316,1213,440,727,205,182,186,395,130,652,7714,6253,24,0,1098,0,0
2021-02-14T23:59:59+01:00,295,270,334,600,344,1124,424,1702,584,1060,273,228,215,457,147,739,96,114,211,378,234,745,310,1197,437,717,204,179,186,384,130,643,7705,6165,19,0,1072,0,0
2021-02-13T23:59:59+01:00,295,270,334,600,344,1124,423,1702,584,1059,272,228,215,457,147,739,96,114,211,378,234,745,310,1197,437,717,204,179,186,384,130,643,7703,6165,19,0,1071,0,0
2021-02-12T23:59:59+01:00,224,205,295,509,313,928,392,1459,548,856,265,225,215,457,147,739,93,113,208,377,231,742,304,1192,434,713,202,178,186,384,130,643,7691,6130,19,0,67,0,0
2021-02-11T23:59:59+01:00,221,203,290,497,307,913,386,1441,540,849,265,225,215,457,147,739,92,107,195,347,220,703,284,1134,419,675,201,175,186,379,130,640,7651,5887,16,0,28,0,0
2021-02-10T23:59:59+01:00,218,196,286,492,303,910,379,1430,538,841,263,223,213,455,147,738,85,100,180,317,207,642,268,1047,396,631,191,160,171,347,118,597,7609,5457,10,0,13,0,0
2021-02-09T23:59:59+01:00,211,189,284,481,302,903,379,1418,536,834,260,222,213,454,147,738,74,80,141,251,175,536,234,843,337,516,174,132,151,311,109,531,7563,4595,2,0,6,0,0
2021-02-08T23:59:59+01:00,206,182,281,470,298,891,375,1400,531,828,256,218,212,452,145,735,42,59,100,157,127,289,169,459,242,343,151,107,122,258,88,434,7472,3147,2,0,6,0,0
2021-02-07T23:59:59+01:00,204,180,278,469,297,889,374,1398,530,828,255,217,212,452,145,735,24,49,83,136,122,268,158,426,227,317,143,102,114,246,83,401,7462,2899,1,0,0,0,0
2021-02-06T23:59:59+01:00,204,180,278,469,297,889,374,1398,530,828,255,217,212,452,145,735,24,46,80,133,111,254,149,408,194,294,130,102,113,241,82,390,7462,2751,1,0,0,0,0
2021-02-05T23:59:59+01:00,204,178,278,466,296,875,371,1393,527,825,255,216,212,452,145,734,23,41,76,125,105,240,142,382,182,276,123,98,110,235,75,374,7426,2607,1,0,0,0,0
2021-02-04T23:59:59+01:00,195,173,278,462,290,864,368,1381,518,819,254,214,211,451,145,732,14,26,51,85,81,183,117,292,152,227,110,90,101,217,67,335,7355,2148,0,0,0,0,0
2021-02-03T23:59:59+01:00,177,167,271,456,286,860,366,1370,518,818,253,214,211,451,145,731,14,24,44,71,74,148,93,265,133,190,89,76,87,185,61,294,7294,1848,0,0,0,0,0
2021-02-02T23:59:59+01:00,154,161,261,453,282,852,362,1360,517,815,252,214,210,451,144,730,13,21,35,65,63,126,75,217,105,144,59,56,62,119,40,190,7218,1390,0,0,0,0,0
2021-02-01T23:59:59+01:00,149,154,255,439,279,834,361,1335,511,805,248,212,210,451,144,730,7,14,17,35,38,72,43,108,58,62,24,29,28,48,22,98,7117,703,0,0,0,0,0
2021-01-31T23:59:59+01:00,148,152,252,437,278,830,359,1330,507,803,248,210,209,450,144,730,5,9,14,22,31,52,29,59,37,38,12,9,13,29,17,59,7087,435,0,0,0,0,0
2021-01-30T23:59:59+01:00,148,152,252,437,278,828,358,1330,507,803,248,210,209,450,144,730,5,9,12,18,28,46,24,50,34,37,12,9,13,29,17,59,7084,402,0,0,0,0,0
2021-01-29T23:59:59+01:00,148,152,252,437,277,828,358,1330,507,803,248,210,209,450,144,730,4,8,8,17,26,37,19,42,30,34,12,9,12,27,17,59,7083,361,0,0,0,0,0
2021-01-28T23:59:59+01:00,146,149,248,429,272,824,356,1322,503,802,248,210,209,450,144,730,1,3,2,7,15,15,11,20,12,18,8,5,6,15,4,23,7042,165,0,0,0,0,0
2021-01-27T23:59:59+01:00,137,139,247,424,268,815,352,1314,497,797,243,208,208,449,144,730,0,0,1,3,11,11,8,15,10,13,7,5,6,15,4,23,6972,132,0,0,0,0,0
2021-01-26T23:59:59+01:00,105,123,231,411,260,787,340,1277,472,766,223,196,200,435,144,722,0,0,1,3,11,11,8,15,10,13,7,5,6,15,4,23,6692,132,0,0,0,0,0
2021-01-25T23:59:59+01:00,102,116,228,391,245,767,328,1242,451,745,210,187,190,409,139,674,0,0,1,3,11,8,7,9,7,9,7,5,6,15,4,23,6424,115,0,0,0,0,0
2021-01-24T23:59:59+01:00,102,115,224,385,244,763,325,1226,449,734,209,184,190,398,139,664,0,0,1,3,11,8,7,9,7,9,7,5,6,15,4,23,6351,115,0,0,0,0,0
2021-01-23T23:59:59+01:00,102,115,224,385,244,763,325,1226,449,734,209,184,190,398,139,664,0,0,1,3,11,8,7,9,7,9,7,5,6,15,4,23,6351,115,0,0,0,0,0
2021-01-22T23:59:59+01:00,102,114,222,383,244,760,321,1222,445,730,207,183,190,398,139,664,0,0,1,3,11,8,7,9,7,9,7,5,6,15,4,23,6324,115,0,0,0,0,0
2021-01-21T23:59:59+01:00,102,108,206,351,234,720,297,1165,432,705,206,179,189,392,138,661,0,0,1,1,9,7,6,7,6,8,7,5,6,15,4,23,6085,105,0,0,0,0,0
2021-01-20T23:59:59+01:00,94,102,193,326,221,653,283,1069,405,656,196,167,173,360,127,618,0,0,1,1,9,7,6,7,6,8,7,5,6,15,4,23,5643,105,0,0,0,0,0
2021-01-19T23:59:59+01:00,84,88,155,277,199,589,259,935,362,559,180,139,153,317,114,543,0,0,1,1,3,7,5,6,4,6,6,4,6,15,4,23,4953,91,0,0,0,0,0
2021-01-18T23:59:59+01:00,71,78,130,230,179,478,227,775,325,479,164,120,129,268,94,461,0,0,0,1,2,3,2,1,2,5,5,4,6,15,4,21,4208,71,0,0,0,0,0
2021-01-17T23:59:59+01:00,45,60,107,201,166,413,209,683,298,426,154,112,117,250,80,405,0,0,0,0,2,3,1,1,2,4,5,4,6,15,4,21,3726,68,0,0,0,0,0
2021-01-16T23:59:59+01:00,38,57,106,198,154,397,197,660,265,403,141,112,116,245,79,394,0,0,0,0,0,0,0,0,0,0,0,0,0,0,0,0,3562,0,0,0,0,0,0
2021-01-15T23:59:59+01:00,36,53,102,190,143,383,190,630,250,383,134,104,112,238,72,378,0,0,0,0,0,0,0,0,0,0,0,0,0,0,0,0,3398,0,0,0,0,0,0
2021-01-14T23:59:59+01:00,13,30,52,83,84,177,119,292,150,225,116,92,100,219,63,339,0,0,0,0,0,0,0,0,0,0,0,0,0,0,0,0,2154,0,0,0,0,0,0
2021-01-13T23:59:59+01:00,12,26,41,69,77,142,96,266,124,190,86,73,79,176,52,270,0,0,0,0,0,0,0,0,0,0,0,0,0,0,0,0,1779,0,0,0,0,0,0
2021-01-12T23:59:59+01:00,12,21,37,63,65,118,78,213,97,139,54,50,52,103,28,157,0,0,0,0,0,0,0,0,0,0,0,0,0,0,0,0,1287,0,0,0,0,0,0
2021-01-11T23:59:59+01:00,5,16,25,43,43,84,52,131,58,68,24,26,23,39,13,69,0,0,0,0,0,0,0,0,0,0,0,0,0,0,0,0,719,0,0,0,0,0,0
2021-01-10T23:59:59+01:00,2,10,21,27,36,60,33,80,36,40,9,6,7,19,8,29,0,0,0,0,0,0,0,0,0,0,0,0,0,0,0,0,423,0,0,0,0,0,0
2021-01-09T23:59:59+01:00,2,9,19,24,34,56,29,70,34,39,9,6,7,19,8,29,0,0,0,0,0,0,0,0,0,0,0,0,0,0,0,0,394,0,0,0,0,0,0
2021-01-08T23:59:59+01:00,1,8,17,22,31,47,23,59,30,37,8,6,6,17,8,29,0,0,0,0,0,0,0,0,0,0,0,0,0,0,0,0,349,0,0,0,0,0,0
2021-01-07T23:59:59+01:00,1,3,2,8,16,15,12,20,14,19,8,6,6,16,6,24,0,0,0,0,0,0,0,0,0,0,0,0,0,0,0,0,176,0,0,0,0,0,0
2021-01-06T23:59:59+01:00,1,0,2,3,14,12,8,15,12,14,8,6,6,16,6,24,0,0,0,0,0,0,0,0,0,0,0,0,0,0,0,0,147,0,0,0,0,0,0
2021-01-05T23:59:59+01:00,0,0,1,3,12,11,8,15,11,14,7,6,6,16,6,24,0,0,0,0,0,0,0,0,0,0,0,0,0,0,0,0,140,0,0,0,0,0,0
2021-01-04T23:59:59+01:00,0,0,1,3,12,10,7,11,9,12,7,6,6,16,6,24,0,0,0,0,0,0,0,0,0,0,0,0,0,0,0,0,130,0,0,0,0,0,0
2021-01-03T23:59:59+01:00,0,0,1,3,11,8,7,9,7,9,7,6,6,16,6,24,0,0,0,0,0,0,0,0,0,0,0,0,0,0,0,0,120,0,0,0,0,0,0
2021-01-02T23:59:59+01:00,0,0,1,3,11,8,7,9,7,9,7,6,6,16,6,24,0,0,0,0,0,0,0,0,0,0,0,0,0,0,0,0,120,0,0,0,0,0,0
2021-01-01T23:59:59+01:00,0,0,1,3,11,8,7,9,7,9,7,6,6,16,6,24,0,0,0,0,0,0,0,0,0,0,0,0,0,0,0,0,120,0,0,0,0,0,0
2020-12-31T23:59:59+01:00,0,0,1,3,11,8,7,9,7,9,7,6,6,16,6,24,0,0,0,0,0,0,0,0,0,0,0,0,0,0,0,0,120,0,0,0,0,0,0
2020-12-30T23:59:59+01:00,0,0,1,3,11,8,7,9,7,9,7,6,6,16,6,24,0,0,0,0,0,0,0,0,0,0,0,0,0,0,0,0,120,0,0,0,0,0,0
2020-12-29T23:59:59+01:00,0,0,1,3,8,8,6,9,6,7,7,6,6,16,6,24,0,0,0,0,0,0,0,0,0,0,0,0,0,0,0,0,113,0,0,0,0,0,0
2020-12-28T23:59:59+01:00,0,0,1,1,5,5,6,2,4,6,7,6,6,16,6,24,0,0,0,0,0,0,0,0,0,0,0,0,0,0,0,0,95,0,0,0,0,0,0
2020-12-27T23:59:59+01:00,0,0,0,0,2,3,1,1,2,4,5,5,6,15,6,24,0,0,0,0,0,0,0,0,0,0,0,0,0,0,0,0,74,0,0,0,0,0,0
