Datum,<15_1_m,<15_1_w,15-24_1_m,15-24_1_w,25-34_1_m,25-34_1_w,35-44_1_m,35-44_1_w,45-54_1_m,45-54_1_w,55-64_1_m,55-64_1_w,65-74_1_m,65-74_1_w,75-84_1_m,75-84_1_w,>84_1_m,>84_1_w,<15_2_m,<15_2_w,15-24_2_m,15-24_2_w,25-34_2_m,25-34_2_w,35-44_2_m,35-44_2_w,45-54_2_m,45-54_2_w,55-64_2_m,55-64_2_w,65-74_2_m,65-74_2_w,75-84_2_m,75-84_2_w,>84_2_m,>84_2_w,bp_1,bp_2,mo_1,mo_2,az_1,az_2,ja,unb_1,unb_2
2021-11-19T23:59:59+01:00,2465,2386,11103,10289,11986,11272,14464,14835,18362,18636,21349,21249,16625,17343,9252,11275,2991,5766,1920,1865,10024,9441,11035,10320,13549,13926,17441,17796,20679,20556,16316,17010,9084,11045,2907,5600,160647,150971,20751,20033,27892,27136,12359,16,15
2021-11-18T23:59:59+01:00,2428,2358,11063,10252,11944,11234,14429,14786,18332,18606,21330,21240,16620,17335,9247,11270,2991,5765,1914,1849,10000,9428,11019,10304,13530,13905,17425,17782,20667,20542,16313,17006,9079,11042,2906,5599,160244,150772,20738,20031,27892,27135,12357,16,15
2021-11-17T23:59:59+01:00,2381,2317,10998,10209,11897,11191,14393,14734,18299,18568,21293,21208,16611,17315,9242,11263,2987,5757,1904,1834,9982,9407,10999,10279,13501,13881,17404,17753,20647,20522,16294,16989,9074,11036,2905,5597,159684,150476,20733,20027,27892,27135,12355,16,15
2021-11-16T23:59:59+01:00,2369,2296,10969,10184,11868,11154,14366,14711,18271,18540,21274,21182,16601,17305,9237,11253,2986,5755,1898,1830,9971,9398,10989,10263,13489,13870,17397,17745,20637,20515,16285,16983,9069,11031,2905,5596,159459,150363,20619,20006,27892,27135,12352,16,15
2021-11-15T23:59:59+01:00,2341,2278,10932,10153,11839,11117,14345,14674,18242,18509,21261,21164,16591,17300,9237,11248,2985,5748,1892,1814,9930,9376,10969,10244,13475,13846,17379,17727,20619,20503,16279,16974,9067,11026,2904,5594,159119,150117,20607,20004,27892,27135,12347,16,15
2021-11-14T23:59:59+01:00,2337,2273,10912,10139,11818,11104,14325,14662,18228,18496,21253,21153,16588,17296,9235,11247,2983,5748,1890,1810,9925,9367,10960,10236,13468,13840,17371,17722,20616,20499,16275,16974,9064,11023,2903,5593,158973,150045,20591,19999,27892,27135,12342,16,15
2021-11-13T23:59:59+01:00,2334,2272,10905,10133,11811,11101,14320,14660,18225,18488,21250,21151,16588,17295,9234,11247,2983,5748,1890,1810,9918,9364,10959,10234,13467,13839,17370,17718,20614,20497,16273,16972,9064,11022,2903,5593,158933,150024,20585,19997,27892,27135,12336,16,15
2021-11-12T23:59:59+01:00,2324,2270,10882,10108,11801,11085,14302,14655,18216,18479,21247,21145,16583,17294,9234,11247,2982,5748,1887,1809,9912,9361,10952,10227,13463,13836,17368,17714,20610,20493,16272,16972,9064,11021,2903,5593,158794,149981,20584,19994,27892,27135,12332,16,15
2021-11-11T23:59:59+01:00,2312,2254,10832,10072,11768,11054,14266,14625,18190,18460,21236,21129,16581,17293,9233,11241,2981,5748,1884,1801,9888,9341,10935,10217,13445,13828,17362,17702,20598,20483,16272,16970,9064,11020,2903,5593,158491,149861,20566,19969,27892,27135,12326,16,15
2021-11-10T23:59:59+01:00,2294,2241,10794,10036,11730,11022,14233,14593,18161,18440,21227,21118,16577,17289,9231,11235,2980,5747,1874,1787,9867,9325,10920,10196,13426,13814,17347,17687,20591,20477,16271,16965,9062,11017,2903,5592,158182,149720,20556,19936,27892,27132,12318,16,15
2021-11-09T23:59:59+01:00,2266,2210,10771,10016,11711,10991,14219,14577,18143,18425,21216,21106,16567,17280,9229,11231,2980,5743,1868,1782,9851,9312,10908,10181,13418,13803,17340,17675,20581,20467,16265,16956,9060,11015,2901,5590,157937,149619,20536,19891,27892,27132,12316,16,15
2021-11-08T23:59:59+01:00,2243,2180,10731,9968,11672,10953,14194,14555,18117,18413,21199,21092,16563,17274,9226,11227,2980,5740,1861,1777,9825,9293,10893,10160,13408,13791,17333,17661,20568,20456,16260,16947,9057,11011,2899,5589,157596,149483,20529,19850,27892,27131,12310,16,15
2021-11-07T23:59:59+01:00,2215,2160,10698,9954,11650,10934,14173,14544,18100,18401,21193,21084,16560,17272,9224,11223,2980,5738,1858,1771,9811,9287,10882,10150,13397,13780,17321,17645,20556,20449,16254,16941,9056,11007,2899,5589,157393,149418,20517,19789,27892,27130,12301,16,15
2021-11-06T23:59:59+01:00,2180,2128,10635,9900,11594,10864,14111,14494,18052,18368,21172,21059,16553,17263,9221,11220,2979,5737,1856,1769,9803,9281,10877,10146,13390,13775,17316,17639,20551,20447,16253,16938,9054,11007,2899,5588,156825,149358,20516,19789,27892,27130,12297,16,15
2021-11-05T23:59:59+01:00,2141,2088,10573,9846,11531,10814,14057,14437,17997,18314,21140,21032,16546,17251,9218,11216,2978,5737,1847,1755,9785,9267,10867,10134,13374,13764,17302,17625,20541,20437,16247,16930,9052,11003,2899,5588,156216,149192,20516,19788,27892,27130,12292,16,15
2021-11-04T23:59:59+01:00,2110,2050,10548,9829,11515,10801,14039,14421,17989,18304,21133,21024,16543,17247,9215,11213,2977,5734,1834,1740,9770,9243,10850,10112,13355,13745,17291,17607,20527,20420,16243,16924,9047,10995,2894,5581,156012,148965,20503,19783,27892,27130,12285,16,15
2021-11-03T23:59:59+01:00,2083,2025,10505,9795,11476,10762,14001,14399,17963,18278,21113,21004,16536,17242,9212,11211,2975,5731,1824,1729,9748,9228,10835,10098,13337,13724,17281,17593,20516,20411,16237,16917,9043,10993,2891,5575,155646,148774,20495,19783,27892,27130,12278,16,15
2021-11-02T23:59:59+01:00,2064,2012,10491,9782,11461,10744,13987,14387,17949,18268,21102,20993,16536,17239,9212,11206,2975,5729,1813,1715,9726,9208,10820,10080,13325,13709,17272,17582,20509,20404,16230,16910,9040,10990,2888,5571,155478,148594,20495,19781,27892,27130,12272,16,15
2021-11-01T23:59:59+01:00,2055,2000,10480,9761,11438,10730,13968,14380,17937,18259,21096,20989,16533,17238,9212,11206,2975,5728,1798,1696,9706,9187,10800,10064,13309,13691,17263,17576,20500,20395,16225,16904,9037,10988,2888,5568,155337,148411,20490,19773,27892,27130,12266,16,15
2021-10-31T23:59:59+01:00,2055,2000,10479,9760,11437,10729,13967,14379,17937,18259,21095,20989,16533,17237,9212,11205,2975,5728,1795,1694,9705,9187,10800,10063,13309,13691,17262,17575,20499,20395,16223,16902,9036,10987,2888,5568,155328,148395,20490,19773,27892,27130,12266,16,15
2021-10-30T23:59:59+02:00,2048,1991,10434,9739,11385,10695,13923,14341,17878,18225,21062,20967,16529,17232,9212,11203,2974,5727,1795,1694,9703,9184,10796,10060,13307,13690,17260,17571,20493,20391,16223,16901,9036,10987,2888,5568,154917,148363,20490,19773,27892,27130,12266,16,15
2021-10-29T23:59:59+02:00,2034,1972,10396,9718,11343,10658,13889,14300,17841,18192,21040,20948,16522,17226,9210,11202,2973,5726,1792,1694,9695,9180,10792,10054,13297,13682,17249,17566,20485,20384,16220,16900,9036,10985,2888,5567,154547,148289,20490,19771,27892,27130,12261,16,15
2021-10-28T23:59:59+02:00,2026,1964,10380,9707,11325,10648,13872,14293,17831,18180,21030,20945,16520,17225,9207,11199,2973,5724,1786,1693,9674,9167,10780,10042,13286,13674,17241,17560,20481,20379,16218,16898,9036,10982,2888,5566,154425,148191,20487,19769,27891,27130,12246,16,15
2021-10-27T23:59:59+02:00,2015,1954,10366,9699,11310,10640,13855,14282,17820,18173,21024,20941,16520,17219,9206,11195,2971,5720,1763,1664,9641,9128,10764,10006,13267,13644,17221,17544,20467,20369,16206,16895,9036,10981,2885,5564,154300,147896,20478,19763,27891,27130,12241,16,15
2021-10-26T23:59:59+02:00,2004,1938,10347,9682,11292,10630,13837,14267,17812,18160,21017,20935,16519,17218,9201,11189,2971,5718,1727,1628,9576,9063,10736,9968,13243,13610,17197,17514,20454,20357,16199,16884,9032,10975,2884,5562,154137,147472,20478,19762,27891,27129,12231,16,15
2021-10-25T23:59:59+02:00,2002,1935,10331,9675,11283,10624,13835,14262,17807,18157,21015,20932,16517,17217,9200,11188,2971,5718,1724,1622,9571,9060,10732,9966,13238,13609,17192,17511,20451,20357,16197,16883,9032,10972,2884,5560,154076,147429,20477,19762,27890,27129,12226,16,15
2021-10-24T23:59:59+02:00,1996,1931,10320,9669,11270,10619,13830,14258,17804,18155,21011,20928,16516,17217,9200,11185,2970,5717,1714,1616,9554,9047,10724,9957,13233,13602,17190,17508,20445,20357,16196,16881,9032,10971,2882,5560,154011,147343,20475,19762,27890,27129,12220,16,15
2021-10-23T23:59:59+02:00,1993,1928,10282,9641,11234,10594,13800,14229,17775,18133,20990,20913,16510,17208,9197,11180,2970,5715,1714,1615,9553,9046,10724,9954,13230,13599,17189,17508,20445,20357,16196,16880,9032,10970,2882,5560,153709,147330,20475,19762,27890,27129,12218,16,15
2021-10-22T23:59:59+02:00,1981,1915,10251,9620,11220,10563,13762,14212,17755,18114,20966,20896,16504,17208,9196,11178,2970,5715,1706,1606,9535,9036,10717,9943,13221,13587,17186,17500,20440,20354,16193,16875,9031,10969,2881,5557,153454,147223,20473,19762,27890,27128,12209,16,15
2021-10-21T23:59:59+02:00,1976,1912,10245,9614,11203,10552,13749,14209,17745,18109,20963,20895,16503,17207,9194,11178,2970,5714,1700,1597,9524,9029,10712,9932,13217,13574,17178,17493,20436,20347,16191,16874,9030,10967,2881,5557,153373,147133,20469,19757,27890,27128,12206,16,15
2021-10-20T23:59:59+02:00,1967,1903,10225,9604,11192,10533,13739,14201,17740,18099,20955,20890,16500,17203,9192,11175,2970,5714,1682,1578,9500,8994,10698,9911,13199,13554,17158,17476,20422,20334,16189,16868,9028,10964,2879,5557,153244,146892,20467,19755,27890,27128,12201,16,15
2021-10-19T23:59:59+02:00,1962,1897,10213,9597,11183,10523,13732,14196,17734,18095,20948,20886,16499,17201,9192,11175,2969,5713,1660,1558,9456,8950,10665,9880,13174,13528,17131,17453,20411,20323,16180,16855,9023,10961,2879,5556,153168,146554,20465,19754,27890,27128,12192,16,15
2021-10-18T23:59:59+02:00,1956,1880,10184,9579,11167,10507,13724,14182,17720,18088,20936,20878,16495,17196,9189,11169,2969,5710,1634,1538,9426,8911,10640,9854,13151,13499,17109,17437,20394,20309,16171,16847,9015,10951,2878,5553,152984,146231,20464,19752,27890,27128,12191,16,15
2021-10-17T23:59:59+02:00,1956,1879,10179,9578,11164,10503,13720,14180,17718,18084,20933,20877,16492,17196,9189,11169,2967,5708,1634,1535,9424,8907,10633,9852,13149,13498,17104,17432,20392,20308,16170,16846,9015,10950,2878,5553,152950,146198,20463,19750,27890,27128,12189,16,15
2021-10-16T23:59:59+02:00,1952,1875,10169,9572,11159,10503,13714,14169,17715,18082,20928,20875,16490,17192,9187,11168,2967,5707,1634,1535,9424,8906,10632,9852,13148,13497,17104,17430,20391,20308,16170,16846,9015,10950,2878,5553,152883,146192,20463,19750,27890,27128,12188,16,15
2021-10-15T23:59:59+02:00,1949,1871,10161,9559,11152,10497,13706,14157,17706,18071,20923,20863,16489,17191,9186,11167,2967,5706,1630,1528,9408,8892,10622,9845,13139,13490,17100,17425,20385,20303,16168,16846,9015,10950,2877,5553,152783,146099,20463,19749,27890,27128,12185,16,15
2021-10-14T23:59:59+02:00,1944,1863,10149,9548,11143,10482,13690,14149,17700,18061,20912,20852,16486,17188,9186,11164,2966,5704,1623,1525,9398,8879,10613,9834,13130,13482,17095,17420,20375,20295,16162,16840,9012,10949,2877,5553,152691,146005,20432,19740,27890,27128,12174,16,15
2021-10-13T23:59:59+02:00,1940,1852,10134,9529,11129,10475,13676,14139,17685,18050,20905,20844,16483,17180,9183,11158,2963,5702,1614,1518,9387,8860,10599,9821,13117,13469,17083,17409,20370,20285,16160,16834,9007,10940,2876,5550,152570,145926,20395,19659,27890,27127,12172,16,15
2021-10-12T23:59:59+02:00,1930,1843,10119,9516,11119,10458,13671,14134,17683,18044,20899,20841,16481,17177,9181,11157,2963,5702,1602,1508,9359,8837,10590,9806,13104,13453,17070,17399,20360,20276,16151,16825,9002,10932,2875,5542,152530,145801,20327,19577,27890,27127,12171,16,15
2021-10-11T23:59:59+02:00,1921,1834,10100,9500,11101,10449,13657,14125,17672,18028,20891,20831,16475,17175,9178,11153,2962,5700,1574,1481,9327,8797,10569,9775,13081,13424,17055,17384,20348,20267,16142,16821,8999,10928,2874,5538,152430,145652,20268,19426,27890,27127,12164,16,15
2021-10-10T23:59:59+02:00,1920,1829,10090,9493,11096,10442,13647,14118,17664,18020,20881,20825,16475,17175,9175,11149,2961,5700,1572,1480,9320,8793,10561,9771,13075,13419,17050,17381,20343,20267,16141,16821,8997,10925,2874,5536,152405,145608,20205,19416,27890,27127,12160,16,15
2021-10-09T23:59:59+02:00,1920,1829,10090,9493,11095,10442,13647,14118,17663,18020,20881,20825,16475,17175,9175,11149,2961,5700,1571,1480,9317,8789,10561,9769,13074,13418,17048,17381,20342,20266,16141,16821,8997,10925,2874,5536,152404,145595,20204,19413,27890,27127,12160,16,15
2021-10-08T23:59:59+02:00,1911,1820,10075,9485,11086,10436,13637,14107,17653,18012,20871,20820,16468,17169,9174,11146,2960,5699,1565,1473,9311,8780,10555,9763,13068,13411,17046,17378,20341,20265,16139,16820,8997,10924,2874,5536,152277,145539,20204,19407,27890,27127,12158,16,15
2021-10-07T23:59:59+02:00,1899,1806,10045,9452,11058,10408,13608,14089,17645,17999,20853,20807,16462,17164,9171,11142,2959,5697,1559,1465,9299,8761,10546,9747,13062,13400,17041,17369,20333,20260,16135,16816,8993,10921,2874,5535,152034,145428,20199,19405,27890,27127,12141,16,15
2021-10-06T23:59:59+02:00,1881,1782,10019,9432,11042,10393,13592,14069,17637,17987,20841,20798,16458,17159,9168,11140,2959,5696,1518,1409,9257,8698,10523,9710,13028,13362,17014,17342,20313,20241,16124,16807,8988,10917,2874,5531,151831,144977,20196,19404,27890,27127,12133,16,15
2021-10-05T23:59:59+02:00,1871,1770,10006,9410,11031,10376,13578,14053,17628,17978,20831,20793,16454,17153,9167,11140,2958,5696,1500,1386,9237,8673,10508,9689,13018,13350,17006,17326,20301,20232,16118,16803,8985,10911,2870,5527,151692,144782,20196,19404,27890,27127,12112,16,15
2021-10-04T23:59:59+02:00,1859,1760,9980,9396,11018,10360,13563,14040,17617,17964,20817,20780,16453,17148,9165,11138,2957,5696,1484,1372,9215,8652,10486,9666,13013,13339,16997,17306,20290,20212,16115,16798,8983,10909,2869,5527,151539,144600,20191,19404,27890,27126,12088,16,15
2021-10-03T23:59:59+02:00,1853,1755,9973,9390,11007,10349,13558,14033,17610,17959,20809,20776,16450,17143,9163,11137,2957,5696,1481,1367,9207,8643,10473,9659,13009,13334,16993,17299,20281,20207,16112,16796,8983,10907,2869,5527,151477,144545,20191,19404,27890,27126,12057,16,15
2021-10-02T23:59:59+02:00,1853,1755,9972,9387,11005,10348,13555,14033,17610,17959,20807,20774,16449,17142,9163,11137,2957,5696,1481,1367,9206,8641,10470,9655,13007,13332,16993,17299,20280,20205,16111,16794,8983,10907,2869,5527,151471,144537,20191,19402,27890,27126,12047,16,15
2021-10-01T23:59:59+02:00,1850,1751,9957,9372,10997,10333,13546,14025,17601,17952,20801,20770,16446,17138,9161,11136,2955,5694,1471,1353,9189,8623,10456,9644,13005,13321,16982,17292,20271,20198,16110,16794,8982,10902,2868,5525,151373,144413,20190,19402,27889,27126,12030,16,15
2021-09-30T23:59:59+02:00,1847,1747,9941,9364,10985,10323,13536,14008,17593,17939,20792,20763,16446,17137,9159,11134,2954,5693,1462,1349,9166,8615,10444,9634,12998,13309,16972,17288,20265,20194,16108,16794,8979,10902,2868,5525,151296,144347,20188,19399,27889,27126,11985,16,15
2021-09-29T23:59:59+02:00,1834,1713,9912,9328,10961,10297,13521,13988,17578,17927,20774,20752,16438,17129,9157,11131,2953,5690,1458,1335,9156,8600,10430,9619,12995,13295,16967,17275,20256,20186,16102,16785,8975,10899,2867,5524,151035,144217,20188,19398,27889,27126,11968,16,15
2021-09-28T23:59:59+02:00,1807,1688,9859,9274,10939,10261,13489,13961,17550,17897,20757,20732,16429,17116,9153,11121,2952,5687,1437,1319,9137,8572,10416,9597,12978,13282,16957,17263,20243,20175,16093,16776,8968,10892,2867,5523,150651,144015,20188,19397,27888,27126,11942,16,15
2021-09-27T23:59:59+02:00,1790,1675,9833,9256,10913,10239,13469,13934,17532,17877,20748,20725,16423,17111,9149,11118,2952,5686,1423,1307,9118,8550,10394,9577,12957,13256,16942,17246,20232,20166,16089,16773,8966,10889,2867,5522,150483,143866,20179,19392,27888,27124,11877,16,15
2021-09-26T23:59:59+02:00,1783,1669,9822,9246,10895,10226,13459,13927,17525,17871,20738,20724,16421,17107,9149,11117,2951,5686,1421,1306,9112,8542,10384,9573,12948,13250,16938,17241,20225,20164,16087,16771,8966,10889,2867,5522,150400,143830,20178,19391,27888,27123,11847,16,15
2021-09-25T23:59:59+02:00,1783,1668,9819,9245,10894,10226,13457,13926,17525,17871,20738,20724,16421,17106,9149,11117,2951,5686,1421,1306,9112,8539,10382,9573,12947,13248,16938,17241,20225,20164,16087,16770,8966,10889,2867,5522,150395,143826,20178,19391,27888,27123,11842,16,15
2021-09-24T23:59:59+02:00,1775,1652,9802,9233,10891,10216,13453,13915,17522,17867,20735,20720,16418,17105,9149,11117,2950,5686,1411,1300,9095,8526,10376,9562,12943,13244,16932,17235,20224,20160,16085,16768,8965,10889,2867,5522,150307,143743,20176,19391,27888,27123,11832,16,15
2021-09-23T23:59:59+02:00,1772,1650,9740,9189,10789,10151,13355,13841,17437,17801,20682,20673,16394,17087,9142,11106,2950,5683,1410,1297,9038,8487,10275,9502,12854,13183,16851,17173,20173,20116,16062,16747,8957,10877,2867,5519,150229,143715,20174,19388,27888,27123,11147,16,15
2021-09-22T23:59:59+02:00,1750,1633,9711,9156,10774,10122,13329,13810,17409,17778,20667,20651,16390,17079,9140,11099,2947,5682,1404,1280,9013,8472,10254,9485,12839,13168,16832,17163,20162,20111,16056,16745,8954,10871,2865,5516,149943,143545,20170,19385,27888,27123,11122,16,15
2021-09-21T23:59:59+02:00,1719,1603,9655,9090,10738,10087,13301,13768,17379,17755,20652,20640,16378,17065,9136,11097,2945,5676,1388,1249,8978,8438,10238,9467,12817,13141,16806,17133,20151,20100,16046,16738,8949,10868,2865,5514,149520,143260,20168,19383,27887,27123,11105,16,15
2021-09-20T23:59:59+02:00,1687,1579,9600,9038,10691,10036,13265,13727,17358,17736,20628,20622,16368,17058,9127,11085,2944,5672,1371,1222,8943,8411,10219,9444,12789,13118,16784,17115,20131,20080,16037,16729,8942,10860,2863,5512,149119,143006,20166,19382,27887,27122,11045,16,15
2021-09-19T23:59:59+02:00,1686,1578,9596,9030,10683,10031,13257,13725,17350,17730,20621,20618,16366,17055,9126,11083,2941,5669,1367,1221,8937,8405,10214,9442,12785,13116,16781,17113,20128,20076,16036,16729,8942,10860,2863,5511,149065,142984,20163,19380,27887,27121,11026,16,15
2021-09-18T23:59:59+02:00,1686,1578,9596,9029,10681,10027,13254,13721,17347,17730,20620,20618,16366,17055,9126,11083,2941,5669,1365,1221,8935,8402,10212,9440,12784,13113,16777,17112,20127,20076,16036,16729,8942,10860,2863,5511,149059,142975,20163,19380,27887,27121,11014,16,15
2021-09-17T23:59:59+02:00,1680,1568,9579,9006,10668,10011,13238,13707,17336,17719,20615,20607,16364,17053,9125,11081,2940,5668,1363,1219,8928,8396,10205,9434,12775,13107,16773,17107,20124,20067,16036,16727,8941,10859,2863,5511,148944,142951,20161,19380,27887,27120,10969,16,15
2021-09-16T23:59:59+02:00,1676,1567,9562,8990,10652,9994,13227,13695,17324,17711,20603,20596,16363,17049,9122,11078,2940,5666,1360,1219,8922,8390,10197,9427,12767,13101,16765,17102,20114,20062,16036,16726,8941,10856,2863,5509,148840,142922,20158,19377,27887,27117,10926,16,15
2021-09-15T23:59:59+02:00,1663,1552,9535,8963,10628,9974,13198,13667,17305,17687,20586,20578,16357,17042,9113,11070,2940,5662,1336,1185,8875,8350,10167,9386,12733,13061,16740,17082,20085,20042,16029,16714,8936,10853,2863,5507,148673,142585,20090,19364,27887,27114,10866,16,15
2021-09-14T23:59:59+02:00,1651,1542,9502,8933,10611,9954,13179,13644,17282,17669,20571,20563,16340,17029,9103,11059,2936,5650,1314,1173,8842,8318,10150,9369,12723,13038,16724,17063,20068,20022,16025,16707,8933,10846,2862,5503,148470,142344,20013,19363,27887,27114,10844,16,15
2021-09-13T23:59:59+02:00,1617,1506,9459,8878,10585,9920,13156,13601,17261,17650,20549,20550,16334,17023,9100,11053,2934,5644,1291,1158,8807,8290,10134,9346,12702,13006,16711,17046,20052,20006,16019,16693,8927,10844,2861,5499,148251,142089,19858,19355,27887,27113,10820,16,15
2021-09-12T23:59:59+02:00,1615,1503,9447,8871,10573,9914,13149,13591,17256,17646,20546,20545,16333,17020,9098,11052,2934,5641,1274,1142,8783,8269,10113,9335,12685,12992,16700,17039,20044,19997,16016,16689,8926,10838,2861,5498,148202,141931,19852,19354,27887,27112,10789,16,15
2021-09-11T23:59:59+02:00,1615,1503,9445,8866,10568,9910,13146,13589,17255,17643,20543,20543,16333,17018,9097,11052,2934,5641,1274,1142,8774,8266,10111,9334,12680,12991,16699,17036,20042,19996,16016,16688,8925,10838,2861,5498,148191,141925,19848,19349,27887,27112,10771,16,14
2021-09-10T23:59:59+02:00,1614,1502,9441,8862,10559,9903,13134,13584,17250,17636,20541,20539,16332,17017,9097,11052,2934,5641,1273,1141,8770,8263,10104,9326,12669,12985,16693,17031,20039,19992,16016,16687,8925,10837,2861,5498,148162,141903,19847,19343,27887,27112,10738,16,14
2021-09-09T23:59:59+02:00,1611,1497,9425,8856,10548,9890,13120,13567,17234,17627,20526,20527,16329,17016,9095,11048,2933,5638,1270,1137,8760,8257,10097,9316,12664,12971,16675,17024,20027,19982,16014,16685,8923,10830,2860,5496,148079,141849,19845,19343,27887,27111,10671,16,14
2021-09-08T23:59:59+02:00,1573,1449,9382,8797,10517,9851,13093,13530,17200,17601,20507,20507,16313,17002,9091,11042,2933,5636,1268,1130,8736,8241,10078,9300,12644,12954,16659,17015,20011,19974,16007,16679,8922,10826,2860,5496,147668,141717,19844,19338,27887,27111,10620,16,14
2021-09-07T23:59:59+02:00,1555,1424,9362,8775,10498,9832,13083,13520,17191,17589,20501,20502,16309,16999,9090,11037,2932,5634,1268,1128,8728,8234,10070,9298,12636,12952,16655,17006,20007,19971,16007,16677,8922,10823,2860,5496,147493,141675,19842,19336,27887,27107,10606,16,14
2021-09-06T23:59:59+02:00,1542,1412,9338,8751,10477,9811,13073,13506,17180,17575,20492,20486,16307,16996,9088,11037,2931,5634,1265,1128,8722,8224,10062,9291,12631,12944,16649,17001,20002,19964,16005,16677,8919,10820,2860,5495,147317,141618,19841,19333,27885,27106,10588,16,14
2021-09-05T23:59:59+02:00,1539,1409,9330,8741,10468,9806,13068,13500,17177,17568,20486,20483,16303,16993,9088,11036,2931,5634,1262,1120,8714,8218,10055,9281,12625,12938,16643,16995,19994,19962,16003,16675,8919,10819,2860,5495,147265,141564,19841,19333,27885,27103,10564,16,14
2021-09-04T23:59:59+02:00,1538,1409,9329,8739,10467,9806,13067,13499,17177,17568,20484,20481,16303,16993,9088,11036,2931,5634,1261,1120,8714,8218,10054,9279,12624,12938,16642,16994,19993,19962,16003,16675,8919,10819,2860,5495,147259,141558,19838,19333,27885,27103,10562,16,14
2021-09-03T23:59:59+02:00,1528,1395,9308,8721,10454,9795,13062,13489,17162,17556,20472,20471,16299,16987,9087,11031,2931,5631,1261,1119,8698,8206,10042,9271,12617,12931,16626,16984,19990,19954,15999,16668,8918,10815,2860,5492,147157,141506,19834,19331,27885,27103,10497,16,14
2021-09-02T23:59:59+02:00,1517,1386,9255,8690,10394,9744,12987,13431,17112,17519,20413,20427,16267,16960,9077,11020,2930,5626,1253,1114,8654,8181,9984,9227,12548,12881,16582,16951,19930,19913,15967,16645,8911,10807,2860,5487,147028,141449,19833,19327,27884,27101,10004,16,14
2021-09-01T23:59:59+02:00,1513,1369,9235,8676,10372,9732,12974,13418,17100,17505,20403,20422,16263,16954,9070,11016,2930,5625,1242,1106,8637,8161,9968,9210,12537,12870,16569,16940,19914,19902,15963,16640,8908,10801,2860,5486,146917,141316,19811,19325,27884,27100,9959,16,14
2021-08-31T23:59:59+02:00,1497,1351,9221,8650,10361,9720,12963,13411,17095,17493,20396,20414,16258,16950,9068,11011,2930,5625,1229,1092,8621,8143,9962,9198,12522,12859,16558,16935,19911,19895,15959,16638,8907,10798,2860,5486,146763,141189,19810,19322,27884,27097,9951,16,14
2021-08-30T23:59:59+02:00,1476,1334,9203,8628,10347,9704,12952,13396,17082,17473,20384,20405,16254,16947,9066,11009,2930,5624,1221,1081,8595,8129,9948,9186,12511,12839,16545,16918,19903,19888,15954,16632,8905,10793,2858,5484,146599,141053,19810,19318,27881,27088,9917,16,14
2021-08-29T23:59:59+02:00,1475,1333,9201,8622,10340,9695,12950,13391,17073,17468,20380,20400,16251,16942,9066,11009,2930,5623,1220,1078,8592,8123,9939,9174,12506,12833,16537,16913,19899,19885,15951,16625,8904,10793,2858,5483,146582,141031,19810,19317,27881,27082,9869,16,14
2021-08-28T23:59:59+02:00,1474,1333,9198,8618,10340,9694,12949,13390,17073,17467,20379,20399,16251,16942,9066,11009,2930,5623,1219,1076,8588,8123,9938,9174,12505,12832,16537,16912,19898,19884,15951,16625,8904,10793,2858,5483,146574,141026,19810,19315,27881,27082,9863,16,14
2021-08-27T23:59:59+02:00,1464,1322,9185,8611,10335,9687,12946,13388,17070,17461,20374,20394,16250,16940,9065,11009,2930,5623,1214,1070,8578,8116,9935,9169,12500,12829,16535,16905,19897,19883,15950,16624,8903,10792,2858,5483,146500,140980,19809,19313,27881,27077,9857,16,14
2021-08-26T23:59:59+02:00,1461,1321,9178,8607,10328,9681,12938,13387,17067,17459,20372,20389,16247,16937,9062,11004,2929,5623,1211,1068,8569,8105,9927,9163,12492,12826,16530,16903,19895,19878,15947,16620,8900,10789,2857,5483,146479,140949,19807,19313,27881,27071,9816,16,14
2021-08-25T23:59:59+02:00,1447,1296,9071,8551,10241,9609,12849,13314,16948,17376,20277,20333,16200,16900,9047,10983,2924,5612,1199,1060,8476,8051,9843,9101,12401,12761,16425,16830,19808,19824,15903,16582,8886,10769,2852,5470,146240,140802,19806,19312,27881,27069,9044,16,14
2021-08-24T23:59:59+02:00,1428,1271,9040,8521,10227,9589,12820,13285,16917,17340,20263,20317,16185,16890,9042,10977,2924,5609,1194,1051,8453,8038,9826,9089,12385,12750,16414,16815,19801,19814,15897,16578,8886,10767,2852,5469,145951,140684,19804,19310,27881,27069,9002,16,14
2021-08-23T23:59:59+02:00,1410,1246,8998,8484,10213,9570,12788,13265,16898,17322,20247,20292,16172,16878,9031,10970,2923,5603,1193,1045,8428,8022,9800,9070,12371,12744,16402,16806,19790,19798,15891,16570,8881,10762,2851,5466,145685,140586,19804,19308,27881,27049,8933,16,14
2021-08-22T23:59:59+02:00,1410,1246,8988,8479,10206,9563,12787,13261,16894,17316,20244,20289,16169,16874,9027,10970,2923,5602,1192,1044,8412,8016,9793,9059,12367,12739,16399,16799,19788,19794,15888,16565,8877,10760,2851,5465,145671,140557,19804,19306,27881,27046,8885,16,14
2021-08-21T23:59:59+02:00,1410,1245,8983,8479,10205,9561,12784,13260,16893,17316,20243,20288,16169,16874,9027,10970,2923,5602,1190,1042,8290,7935,9692,8965,12279,12629,16307,16729,19732,19751,15868,16550,8874,10749,2850,5463,145665,140552,19801,18406,27881,27045,8878,16,14
2021-08-20T23:59:59+02:00,1409,1243,8975,8477,10197,9553,12777,13250,16890,17314,20236,20283,16166,16874,9027,10968,2922,5601,1041,902,7933,7610,9540,8806,12135,12488,16184,16620,19625,19655,15829,16501,8862,10725,2848,5462,145630,138459,19801,18406,27881,27044,8843,16,14
2021-08-19T23:59:59+02:00,1404,1241,8964,8471,10190,9544,12768,13244,16885,17312,20231,20281,16165,16872,9027,10967,2922,5600,921,788,7672,7341,9411,8700,11991,12369,16090,16515,19528,19568,15787,16454,8851,10706,2847,5454,145588,136731,19798,18398,27880,27035,8815,16,14
2021-08-18T23:59:59+02:00,1380,1209,8918,8435,10163,9513,12740,13208,16855,17289,20205,20252,16152,16858,9021,10961,2918,5595,920,787,7659,7331,9399,8692,11977,12352,16076,16506,19520,19559,15781,16447,8847,10702,2844,5451,145281,136684,19785,18397,27877,27034,8721,16,14
2021-08-17T23:59:59+02:00,1355,1196,8882,8403,10148,9492,12724,13183,16840,17268,20182,20230,16144,16848,9018,10954,2916,5590,915,785,7646,7316,9382,8684,11966,12343,16069,16496,19509,19553,15774,16441,8846,10700,2843,5449,145036,136614,19782,18392,27876,27028,8671,16,12
2021-08-16T23:59:59+02:00,1332,1178,8844,8377,10129,9473,12700,13158,16830,17251,20162,20215,16139,16836,9014,10953,2915,5590,914,785,7637,7304,9366,8681,11956,12337,16066,16490,19500,19546,15771,16438,8846,10700,2843,5449,144802,136572,19780,18388,27876,27027,8630,16,12
2021-08-15T23:59:59+02:00,1314,1161,8825,8358,10116,9459,12684,13145,16818,17242,20148,20202,16133,16830,9014,10948,2915,5590,912,784,7625,7294,9349,8665,11942,12326,16058,16482,19494,19541,15762,16434,8845,10697,2843,5449,144655,136514,19779,18383,27874,27007,8586,16,12
2021-08-14T23:59:59+02:00,1313,1161,8825,8358,10115,9459,12683,13143,16818,17241,20147,20200,16133,16830,9014,10948,2915,5590,793,667,7307,7002,9203,8498,11769,12161,15940,16352,19400,19453,15736,16410,8836,10684,2843,5445,144649,134525,19779,18381,27874,26998,8583,16,12
2021-08-13T23:59:59+02:00,1308,1159,8813,8350,10105,9451,12670,13132,16802,17232,20139,20192,16130,16825,9012,10947,2914,5590,632,522,6921,6642,9033,8338,11561,11944,15720,16172,19259,19330,15702,16371,8824,10670,2841,5441,144620,132045,19779,18381,27874,26995,8490,16,12
2021-08-12T23:59:59+02:00,1307,1159,8812,8347,10098,9445,12667,13132,16796,17223,20135,20187,16129,16821,9010,10945,2914,5590,628,520,6914,6635,9019,8330,11549,11942,15709,16165,19255,19324,15700,16366,8822,10669,2841,5441,144603,132009,19778,18378,27874,26977,8453,16,12
2021-08-11T23:59:59+02:00,1304,1155,8808,8340,10089,9438,12660,13128,16790,17219,20129,20185,16127,16818,9009,10945,2914,5589,624,519,6907,6624,9001,8319,11538,11938,15705,16158,19247,19318,15696,16363,8821,10669,2841,5439,144554,131944,19774,18372,27874,26963,8436,16,12
2021-08-10T23:59:59+02:00,1303,1155,8806,8338,10085,9432,12657,13123,16788,17217,20128,20180,16125,16816,9009,10944,2914,5589,607,511,6862,6578,8967,8303,11519,11918,15679,16146,19240,19308,15694,16361,8821,10667,2841,5439,144525,131698,19774,18368,27874,26956,8427,16,12
2021-08-09T23:59:59+02:00,1303,1153,8800,8335,10081,9423,12655,13120,16781,17215,20122,20180,16123,16816,9008,10944,2914,5589,601,506,6842,6555,8945,8283,11506,11907,15663,16134,19234,19303,15691,16360,8819,10666,2841,5439,144497,131561,19774,18364,27872,26947,8411,15,12
2021-08-08T23:59:59+02:00,1303,1152,8797,8329,10079,9419,12646,13117,16776,17211,20120,20177,16121,16812,9007,10943,2913,5588,600,504,6839,6544,8931,8276,11489,11899,15656,16125,19232,19298,15688,16356,8818,10665,2840,5438,144485,131514,19773,18357,27872,26943,8372,15,12
2021-08-07T23:59:59+02:00,1303,1144,8789,8322,10070,9412,12643,13111,16769,17207,20113,20172,16117,16807,9005,10942,2912,5588,423,357,6187,5974,8660,8053,11218,11668,15457,15950,19146,19222,15668,16332,8811,10658,2837,5437,144439,128425,19772,18344,27872,26942,8335,15,12
2021-08-06T23:59:59+02:00,1297,1143,8780,8310,10056,9400,12623,13092,16751,17195,20096,20160,16110,16799,9005,10939,2912,5587,420,356,6174,5960,8644,8038,11194,11646,15435,15933,19129,19210,15661,16325,8811,10655,2837,5436,144401,128370,19769,18337,27872,26940,8205,15,12
2021-08-05T23:59:59+02:00,1294,1141,8772,8303,10047,9391,12610,13084,16745,17192,20088,20156,16109,16799,9005,10938,2912,5587,418,351,5889,5724,8294,7741,10830,11370,15110,15695,18880,19042,15641,16300,8801,10648,2836,5435,144353,128273,19765,15634,27868,26907,8179,15,12
2021-08-04T23:59:59+02:00,1293,1138,8766,8299,10042,9389,12604,13080,16740,17190,20086,20153,16109,16799,9004,10937,2912,5586,416,349,5875,5716,8265,7731,10809,11358,15093,15689,18875,19037,15640,16297,8800,10648,2836,5435,144321,128173,19764,15626,27867,26891,8167,15,12
2021-08-03T23:59:59+02:00,1286,1135,8762,8289,10037,9385,12599,13077,16735,17188,20081,20152,16107,16799,9003,10935,2912,5585,395,333,5763,5603,8170,7661,10692,11281,15044,15636,18846,19022,15636,16295,8799,10646,2834,5434,144278,127446,19762,15618,27867,26862,8152,15,12
2021-08-02T23:59:59+02:00,1280,1129,8749,8281,10030,9378,12594,13071,16729,17178,20074,20148,16105,16796,9001,10932,2911,5584,358,301,5593,5443,8042,7554,10567,11165,14972,15553,18814,18997,15628,16286,8793,10646,2834,5434,144196,126380,19756,15613,27866,26831,8144,15,12
2021-08-01T23:59:59+02:00,1278,1128,8742,8274,10023,9371,12588,13069,16724,17176,20069,20146,16105,16796,9000,10930,2911,5584,342,281,5533,5386,7992,7505,10505,11113,14935,15527,18801,18979,15625,16283,8791,10643,2834,5432,144152,125939,19754,15609,27865,26812,8135,15,12
2021-07-31T23:59:59+02:00,1278,1128,8741,8271,10023,9370,12585,13069,16723,17176,20068,20144,16105,16796,9000,10930,2911,5584,337,277,5507,5365,7976,7492,10486,11099,14922,15521,18796,18976,15624,16282,8791,10643,2834,5432,144150,125806,19753,15605,27865,26811,8126,15,12
2021-07-30T23:59:59+02:00,1146,1007,8513,8043,9930,9251,12505,12985,16643,17104,20008,20077,16073,16757,8994,10913,2910,5581,281,214,5214,5092,7838,7351,10298,10906,14786,15356,18728,18919,15600,16254,8778,10630,2830,5428,142696,123980,19751,15597,27865,26794,8120,15,12
2021-07-29T23:59:59+02:00,1139,999,8383,7954,9776,9154,12353,12884,16494,17009,19845,19967,15987,16689,8969,10894,2909,5574,234,181,4920,4860,7563,7160,10019,10705,14539,15181,18534,18799,15514,16180,8751,10609,2829,5418,142575,122878,19748,15556,27865,26768,6782,15,12
2021-07-28T23:59:59+02:00,1128,985,8354,7918,9762,9138,12331,12869,16476,16986,19827,19957,15980,16676,8962,10890,2909,5572,137,106,4498,4432,7246,6909,9699,10405,14303,14999,18477,18758,15499,16169,8746,10598,2829,5408,142333,120230,19746,15502,27863,26705,6769,15,12
2021-07-27T23:59:59+02:00,1118,977,8330,7904,9749,9131,12319,12860,16469,16980,19820,19944,15978,16670,8960,10887,2908,5570,111,90,4263,4185,7015,6710,9452,10126,14144,14838,18426,18693,15450,16123,8729,10582,2826,5401,142195,118210,19744,15499,27863,26680,6763,15,12
2021-07-26T23:59:59+02:00,1114,974,8317,7892,9742,9126,12313,12854,16462,16972,19813,19943,15975,16665,8958,10883,2907,5565,108,84,4156,4078,6912,6598,9325,10004,14060,14755,18379,18659,15439,16112,8719,10574,2823,5399,142116,117305,19741,15488,27852,26622,6757,15,12
2021-07-25T23:59:59+02:00,1113,973,8308,7889,9729,9122,12303,12851,16457,16965,19810,19942,15973,16665,8958,10883,2907,5565,106,82,4106,4028,6834,6549,9253,9948,14023,14723,18354,18645,15421,16099,8712,10568,2823,5397,142090,116864,19737,15471,27851,26599,6725,15,12
2021-07-24T23:59:59+02:00,1111,970,8222,7827,9656,9042,12236,12774,16389,16912,19769,19904,15952,16651,8955,10873,2907,5564,99,80,4062,3984,6773,6498,9174,9890,13957,14658,18322,18619,15410,16088,8704,10564,2823,5397,142070,116601,19080,15190,27851,26596,6703,15,12
2021-07-23T23:59:59+02:00,1085,945,8110,7737,9618,9007,12202,12745,16344,16878,19741,19885,15947,16644,8951,10869,2907,5564,85,66,3769,3702,6517,6293,8890,9604,13720,14479,18241,18558,15368,16045,8686,10545,2821,5391,141577,114351,19080,15166,27851,26590,6661,15,12
2021-07-22T23:59:59+02:00,992,858,7895,7507,9515,8918,12084,12649,16253,16794,19666,19800,15901,16604,8942,10854,2906,5558,67,49,3644,3575,6365,6199,8736,9475,13555,14336,18166,18490,15347,16019,8678,10535,2821,5390,140117,113200,19078,15093,27844,26495,6647,15,12
2021-07-21T23:59:59+02:00,972,844,7863,7467,9497,8907,12062,12626,16229,16778,19642,19779,15890,16597,8942,10849,2906,5558,54,36,3338,3311,6020,5940,8341,9092,13290,14101,18024,18365,15255,15938,8646,10505,2818,5378,139859,110395,19076,15022,27839,26399,6624,15,12
2021-07-20T23:59:59+02:00,972,843,7855,7462,9489,8904,12057,12624,16221,16777,19637,19774,15888,16594,8942,10848,2906,5558,50,29,3265,3259,5960,5884,8283,9034,13205,14057,17992,18350,15255,15938,8646,10503,2818,5378,139820,110008,19075,15007,27836,26267,6612,13,12
2021-07-19T23:59:59+02:00,971,843,7847,7460,9485,8896,12052,12622,16216,16771,19634,19774,15886,16591,8942,10846,2906,5557,48,28,3213,3224,5910,5844,8221,8989,13147,14030,17946,18337,15255,15935,8646,10501,2818,5377,139781,109727,19074,14990,27836,26140,6600,13,12
2021-07-18T23:59:59+02:00,970,842,7836,7452,9481,8892,12043,12617,16211,16765,19632,19772,15885,16589,8942,10846,2906,5557,47,28,3193,3206,5871,5811,8186,8959,13108,14015,17930,18332,15255,15934,8646,10501,2818,5376,139737,109537,19073,14956,27834,26125,6586,13,12
2021-07-17T23:59:59+02:00,855,723,7514,7162,9329,8722,11869,12455,16082,16626,19535,19677,15864,16568,8934,10833,2906,5554,32,21,3092,3099,5759,5719,8054,8798,12967,13887,17835,18254,15245,15916,8643,10494,2818,5376,137727,108355,19072,14951,27834,26121,6570,10,12
2021-07-16T23:59:59+02:00,698,572,7125,6835,9149,8565,11677,12244,15880,16451,19393,19552,15834,16532,8924,10819,2905,5552,25,18,3030,3038,5683,5655,7940,8690,12847,13750,17756,18179,15223,15900,8639,10492,2817,5376,135263,107452,19072,14946,27833,26114,6534,10,12
2021-07-15T23:59:59+02:00,696,572,7111,6826,9145,8562,11664,12240,15869,16444,19389,19546,15832,16529,8919,10817,2904,5543,24,18,2989,3002,5617,5612,7850,8640,12770,13709,17725,18151,15200,15883,8631,10485,2816,5367,135218,107213,19069,14792,27828,25985,6487,10,12
2021-07-14T23:59:59+02:00,693,571,7102,6817,9140,8560,11660,12235,15863,16441,19384,19541,15830,16526,8916,10814,2904,5539,24,18,2967,2989,5576,5580,7814,8619,12738,13693,17707,18140,15193,15880,8628,10481,2816,5363,135184,107061,19068,14758,27828,25945,6450,10,12
2021-07-13T23:59:59+02:00,688,569,7077,6800,9128,8543,11651,12220,15852,16422,19374,19535,15821,16522,8912,10804,2899,5531,22,17,2911,2938,5512,5514,7654,8481,12484,13474,17549,18011,15174,15869,8616,10468,2811,5352,135059,105840,19068,14705,27825,25910,6390,10,12
2021-07-12T23:59:59+02:00,682,561,7064,6785,9117,8532,11641,12210,15847,16409,19362,19531,15819,16518,8910,10804,2899,5528,21,15,2854,2884,5430,5439,7506,8366,12235,13261,17368,17864,15164,15864,8612,10461,2810,5352,134944,104599,19066,14652,27821,25861,6382,10,12
2021-07-11T23:59:59+02:00,681,560,7055,6783,9107,8524,11633,12202,15837,16406,19357,19526,15819,16515,8909,10802,2899,5528,20,14,2823,2849,5353,5366,7407,8279,12068,13104,17242,17731,15155,15853,8611,10458,2810,5352,134899,103708,19062,14603,27821,25817,6355,10,12
2021-07-10T23:59:59+02:00,507,402,6494,6233,8881,8338,11391,12010,15680,16273,19302,19477,15811,16505,8905,10797,2898,5527,18,10,2794,2815,5302,5320,7324,8199,11964,13004,17164,17663,15140,15837,8608,10447,2807,5350,132208,103011,19062,14601,27821,25808,6334,10,12
2021-07-09T23:59:59+02:00,496,395,6436,6205,8854,8301,11351,11982,15652,16260,19289,19461,15810,16502,8905,10794,2898,5527,16,10,2737,2748,5221,5251,7145,8022,11552,12705,16865,17454,15120,15809,8601,10442,2805,5348,132116,101983,18852,13739,27820,25793,6324,10,12
2021-07-08T23:59:59+02:00,490,393,6119,5947,8483,8013,10972,11676,15313,16013,19031,19289,15788,16478,8896,10787,2895,5526,15,9,2676,2697,5138,5174,7004,7931,11351,12563,16713,17329,15113,15801,8601,10440,2805,5347,132027,101117,15968,13568,27815,25717,6293,10,12
2021-07-07T23:59:59+02:00,488,389,6104,5935,8459,7998,10958,11659,15302,16003,19030,19284,15786,16474,8895,10785,2895,5524,15,9,2628,2645,5047,5113,6866,7837,11116,12381,16549,17195,15105,15794,8596,10434,2805,5347,131919,100094,15959,13441,27813,25668,6267,10,12
2021-07-06T23:59:59+02:00,461,369,6003,5843,8386,7932,10885,11590,15268,15963,19007,19268,15778,16464,8892,10783,2892,5522,12,8,2560,2575,4915,4999,6684,7704,10727,11969,16176,16818,15079,15761,8588,10427,2804,5343,131302,97933,15951,13360,27807,25608,6236,10,12
2021-07-05T23:59:59+02:00,420,335,5825,5673,8269,7840,10771,11475,15209,15893,18975,19237,15772,16456,8888,10778,2889,5521,8,6,2508,2497,4817,4901,6551,7567,10375,11651,15902,16512,15049,15731,8580,10412,2804,5338,130256,96136,15947,13296,27804,25556,6209,10,12
2021-07-04T23:59:59+02:00,400,305,5750,5594,8212,7783,10704,11417,15179,15862,18961,19218,15765,16452,8887,10776,2889,5519,7,6,2488,2468,4755,4854,6490,7517,10238,11541,15801,16440,15044,15724,8578,10411,2803,5338,129750,95572,15940,13227,27799,25518,6174,10,12
2021-07-03T23:59:59+02:00,394,303,5729,5582,8201,7774,10691,11413,15172,15856,18958,19215,15765,16452,8887,10776,2889,5519,6,6,2453,2438,4659,4825,6382,7491,10180,11495,15696,16354,14365,15017,8559,10386,2803,5338,129674,95456,15937,13225,27799,23604,6156,10,12
2021-07-02T23:59:59+02:00,348,264,5541,5434,8127,7703,10593,11316,15108,15799,18939,19208,15761,16448,8882,10774,2887,5516,6,6,2406,2390,4502,4747,6199,7417,10026,11338,15505,16151,13572,14097,8551,10371,2803,5337,128763,94893,15934,13181,27798,21195,6143,10,12
2021-07-01T23:59:59+02:00,286,209,5325,5252,7999,7591,10452,11190,14979,15704,18895,19183,15754,16440,8877,10768,2887,5515,5,5,2288,2270,4325,4574,5961,7163,9245,10653,14877,15679,13547,14068,8546,10366,2799,5335,127473,91393,15921,13085,27797,21111,6105,10,12
2021-06-30T23:59:59+02:00,156,119,4843,4781,7659,7313,10097,10852,14752,15527,18838,19139,15743,16429,8873,10760,2887,5512,5,5,2252,2224,4239,4503,5847,7066,9073,10528,14787,15601,13533,14060,8543,10363,2799,5333,124487,90790,15915,12912,27797,20976,6071,10,12
2021-06-29T23:59:59+02:00,119,97,4559,4501,7409,7093,9807,10552,14554,15337,18774,19079,15691,16379,8853,10745,2886,5507,4,4,2184,2143,4096,4366,5640,6885,8846,10299,14491,15376,13486,14012,8530,10339,2797,5320,122417,89333,15911,12760,27795,20904,5809,10,12
2021-06-28T23:59:59+02:00,103,77,4423,4360,7304,6982,9685,10427,14461,15229,18729,19036,15675,16363,8839,10734,2883,5505,2,3,2097,2016,3914,4160,5359,6543,8461,9786,13958,14839,13367,13923,8511,10315,2794,5306,121404,86119,15900,12679,27792,20837,5709,10,10
2021-06-27T23:59:59+02:00,98,75,4370,4314,7246,6927,9625,10372,14428,15195,18709,19019,15658,16351,8832,10727,2882,5500,2,2,2044,1982,3850,4114,5245,6429,8293,9657,13782,14726,13341,13904,8502,10306,2791,5304,121040,85326,15896,12644,27790,20702,5592,10,10
2021-06-26T23:59:59+02:00,85,73,4325,4284,7215,6899,9607,10351,14408,15179,18696,19006,15654,16345,8832,10727,2882,5500,2,2,1968,1890,3662,3956,5031,6172,7930,9200,13431,14430,13261,13845,8482,10278,2786,5295,120796,82690,15890,12644,27790,20695,5582,10,10
2021-06-25T23:59:59+02:00,72,60,4014,3962,6954,6663,9314,10058,14184,14990,18612,18949,15608,16300,8813,10708,2880,5494,2,2,1903,1806,3497,3834,4836,5940,7604,8785,13119,14094,13211,13789,8469,10253,2780,5289,118402,80333,15863,12612,27790,20690,5570,10,8
2021-06-24T23:59:59+02:00,65,53,3920,3872,6853,6577,9213,9968,14084,14904,18584,18916,15593,16283,8807,10701,2880,5493,2,2,1833,1733,3381,3736,4636,5797,7385,8585,12870,13892,12376,12857,8289,9990,2780,5288,117670,79110,15854,12506,27786,18362,5446,10,8
2021-06-23T23:59:59+02:00,51,48,3515,3501,6401,6230,8682,9461,13749,14602,18448,18780,15489,16191,8764,10665,2877,5479,2,2,1695,1562,3126,3532,4217,5467,6437,7874,12126,13192,12353,12845,8279,9983,2780,5284,114742,78472,15607,9176,27785,18311,4789,10,8
2021-06-22T23:59:59+02:00,42,40,3441,3428,6321,6171,8579,9383,13698,14555,18415,18763,15478,16184,8763,10660,2877,5476,2,2,1654,1509,3022,3429,4073,5317,6183,7689,11514,12480,12263,12751,8261,9950,2776,5276,114112,76129,15601,9094,27783,18152,4768,10,8
2021-06-21T23:59:59+02:00,36,37,3370,3367,6230,6109,8518,9311,13637,14509,18382,18743,15476,16183,8762,10659,2877,5475,1,2,1619,1458,2931,3332,3946,5167,5987,7461,10755,11563,11875,12295,7186,8718,2770,5269,113587,73474,15593,8992,27781,15151,4710,10,8
2021-06-20T23:59:59+02:00,36,36,3345,3345,6182,6078,8474,9279,13609,14491,18371,18739,15475,16183,8762,10659,2877,5475,0,2,1601,1441,2893,3304,3896,5129,5935,7436,10666,11487,11855,12276,7183,8711,2769,5269,113408,73155,15576,8914,27781,15135,4641,10,8
2021-06-19T23:59:59+02:00,34,34,3318,3321,6153,6055,8443,9260,13585,14485,18364,18734,15475,16182,8762,10659,2877,5475,0,2,1597,1429,2888,3295,3888,5124,5919,7431,10655,11479,11855,12276,7183,8710,2769,5269,113214,73074,15570,8914,27781,15132,4641,10,8
2021-06-18T23:59:59+02:00,30,29,3275,3278,6079,6016,8374,9205,13539,14453,18340,18723,15474,16180,8761,10658,2877,5475,0,2,1522,1334,2752,3119,3703,4847,5523,7058,9160,9911,11689,12108,7141,8660,2757,5251,112829,67892,15542,8913,27781,15120,4604,10,8
2021-06-17T23:59:59+02:00,27,25,3212,3226,6009,5977,8299,9150,13467,14408,18316,18712,15472,16175,8759,10655,2877,5472,0,2,1396,1241,2563,2906,3442,4554,5161,6662,8489,9180,11404,11865,7100,8602,2753,5248,112450,64181,15512,8798,27776,15091,4490,10,8
2021-06-16T23:59:59+02:00,27,22,3157,3164,5896,5910,8179,9056,13338,14323,18250,18675,15466,16166,8759,10652,2877,5472,0,2,1298,1185,2422,2800,3259,4393,4875,6387,7411,7889,11313,11757,7069,8564,2740,5230,111807,60415,15438,8752,27772,15057,4362,10,8
2021-06-15T23:59:59+02:00,22,21,3063,3077,5778,5821,7994,8878,13075,14103,18100,18547,15451,16154,8751,10646,2877,5470,0,2,1262,1152,2348,2745,3155,4318,4672,6262,7098,7637,10817,11198,7035,8530,2732,5217,110383,58167,15411,8720,27762,15024,4262,10,7
2021-06-14T23:59:59+02:00,21,19,2990,3007,5698,5763,7851,8758,12784,13866,17912,18371,15435,16140,8744,10641,2876,5469,0,2,1235,1124,2283,2688,3030,4223,4471,6123,6755,7331,10289,10586,7004,8493,2728,5207,108989,55793,15402,8613,27758,14974,4186,10,6
2021-06-13T23:59:59+02:00,21,19,2972,2976,5633,5724,7788,8692,12644,13732,17806,18249,15429,16131,8743,10638,2875,5469,0,2,1224,1111,2255,2672,2993,4212,4424,6103,6722,7314,10284,10579,7004,8492,2728,5207,108251,55650,15391,8604,27754,14931,4135,10,6
2021-06-12T23:59:59+02:00,19,19,2944,2958,5603,5697,7757,8673,12624,13713,17798,18246,15428,16129,8743,10638,2875,5469,0,2,1169,1049,2167,2596,2899,4075,4282,5970,6613,7229,10202,10501,6409,7765,2728,5207,108048,55534,15388,8603,27754,12587,4133,10,6
2021-06-11T23:59:59+02:00,19,16,2867,2884,5534,5632,7576,8487,12214,13406,17515,18040,15412,16104,8737,10630,2872,5467,0,2,1145,1033,2112,2555,2834,4026,4197,5908,6502,7138,10099,10389,6394,7758,2726,5201,107032,55008,14495,8336,27753,12547,4122,10,6
2021-06-10T23:59:59+02:00,15,14,2812,2842,5434,5579,7444,8406,12028,13267,17377,17923,15407,16100,8737,10629,2871,5466,0,2,1104,1008,2036,2488,2733,3948,4028,5777,6257,6925,9848,10120,6374,7730,2720,5195,106112,53440,14421,8332,27749,12456,4059,10,6
2021-06-09T23:59:59+02:00,14,13,2734,2774,5312,5484,7221,8235,11749,13024,17191,17774,15396,16086,8733,10620,2871,5463,0,2,1047,943,1905,2370,2528,3765,3702,5494,5635,6411,9024,9215,6317,7654,2707,5160,104904,49425,14269,8314,27740,12363,3771,10,6
2021-06-08T23:59:59+02:00,11,9,2637,2670,5177,5358,7024,8050,11319,12596,16814,17385,15377,16059,8722,10613,2870,5458,0,2,1010,914,1835,2305,2422,3692,3562,5427,5483,6279,8990,9196,6315,7642,2705,5156,102698,48911,14242,8263,27738,12294,3461,10,6
2021-06-07T23:59:59+02:00,9,8,2510,2572,4985,5229,6817,7885,10841,12237,16470,17088,15352,16031,8716,10596,2869,5454,0,2,941,877,1704,2250,2280,3608,3307,5337,5128,5994,8441,8570,6262,7583,2701,5146,100764,46692,14200,8247,27729,12220,2966,10,6
2021-06-06T23:59:59+02:00,9,6,2472,2547,4923,5172,6731,7827,10702,12126,16379,17023,15349,16028,8716,10596,2867,5453,0,2,925,867,1676,2229,2234,3580,3237,5312,5079,5970,8436,8568,6257,7575,2701,5145,100171,46528,14147,8236,27723,12148,2875,10,6
2021-06-05T23:59:59+02:00,8,5,2458,2525,4894,5147,6694,7796,10673,12099,16370,17016,15349,16028,8716,10596,2867,5453,0,2,909,852,1643,2199,2194,3524,3131,5229,4725,5638,7840,7862,6229,7521,2700,5143,99943,44132,14147,8230,27723,12102,2871,10,6
2021-06-04T23:59:59+02:00,7,4,2427,2496,4849,5103,6646,7743,10584,11994,16318,16952,15345,16021,8716,10595,2866,5452,0,2,897,834,1620,2178,2152,3487,3079,5170,4559,5448,7538,7494,6193,7479,2698,5137,99412,42841,14140,8228,27723,12057,2833,10,6
2021-06-03T23:59:59+02:00,7,4,2324,2368,4698,4929,6437,7495,9881,11359,15729,16500,15334,16011,8713,10589,2865,5451,0,2,880,804,1580,2119,2104,3406,2989,5060,4411,5281,7377,7304,6181,7452,2698,5133,96069,41789,14101,8217,27718,11973,2796,10,6
2021-06-02T23:59:59+02:00,7,4,2307,2344,4653,4897,6382,7458,9781,11271,15669,16447,15326,16007,8712,10585,2865,5450,0,2,869,792,1561,2096,2050,3368,2903,4974,4049,4892,6819,6664,6137,7395,2694,5122,95546,39449,14099,8212,27718,11928,2792,10,6
2021-06-01T23:59:59+02:00,6,3,2244,2304,4532,4804,6215,7339,9592,11123,15560,16370,15323,16003,8708,10581,2864,5445,0,1,835,765,1496,2046,1934,3305,2750,4880,3845,4763,6609,6432,6114,7376,2688,5113,94668,38359,14048,8190,27706,11813,2584,10,6
2021-05-31T23:59:59+02:00,2,3,2195,2245,4432,4709,6070,7214,9406,10974,15475,16314,15315,15996,8705,10581,2864,5445,0,1,811,731,1439,1987,1862,3256,2575,4824,3714,4709,6253,6017,6091,7355,2685,5105,93942,37178,13961,8183,27696,11712,2336,10,6
2021-05-30T23:59:59+02:00,2,3,2170,2223,4376,4648,5975,7154,9331,10911,15438,16294,15314,15993,8705,10581,2864,5445,0,1,799,720,1416,1963,1813,3228,2442,4789,3608,4691,6251,6015,6090,7355,2685,5105,93488,36859,13922,8160,27686,11625,2321,10,6
2021-05-29T23:59:59+02:00,2,3,2154,2208,4356,4636,5958,7137,9318,10898,15433,16290,15313,15993,8705,10581,2864,5445,0,1,781,669,1323,1704,1679,2866,2242,4241,3329,4261,6161,5921,5978,7223,2684,5105,93358,36806,13919,8155,27686,8880,2321,10,6
2021-05-28T23:59:59+02:00,2,3,2133,2185,4318,4590,5913,7092,9240,10828,15365,16237,15309,15991,8705,10581,2864,5444,0,1,764,579,1245,1452,1581,2465,2064,3553,3065,3667,5524,5181,5896,7132,2680,5092,92880,35507,13906,8155,27684,5953,2320,10,6
2021-05-27T23:59:59+02:00,2,3,2091,2147,4233,4521,5791,7018,9084,10728,15268,16153,15308,15990,8705,10581,2864,5444,0,1,734,544,1214,1369,1540,2328,1993,3412,2952,3547,5087,4700,5863,7092,2669,5063,92196,34382,13758,8146,27661,5269,2306,10,5
2021-05-26T23:59:59+02:00,2,3,2023,2029,4037,4374,5450,6754,8112,9984,14506,15450,15296,15983,8701,10575,2862,5441,0,1,723,529,1188,1308,1494,2269,1935,3297,2800,3404,3779,3314,5804,7018,2646,5004,91418,31099,10231,8129,27644,5002,2279,10,4
2021-05-25T23:59:59+02:00,2,3,1986,1992,3957,4308,5357,6688,7977,9877,14128,15014,15248,15946,8694,10560,2860,5437,0,1,718,522,1160,1274,1476,2244,1915,3269,2774,3378,3773,3304,5797,7015,2644,5003,90073,31010,10082,8119,27628,4893,2241,10,4
2021-05-24T23:59:59+02:00,2,3,1960,1948,3870,4232,5251,6606,7851,9753,13617,14398,15197,15879,8687,10547,2859,5432,0,1,712,514,1141,1262,1444,2229,1893,3250,2748,3356,3756,3286,5775,6991,2635,4988,88284,30877,10002,8068,27616,4853,2180,10,3
2021-05-23T23:59:59+02:00,2,3,1951,1936,3851,4210,5233,6593,7798,9722,13541,14335,15186,15875,8685,10546,2858,5432,0,1,705,504,1130,1249,1419,2205,1837,3214,2639,3259,3344,2853,5131,6181,2620,4943,88050,30704,9901,5515,27616,4832,2180,10,3
2021-05-22T23:59:59+02:00,2,3,1786,1893,3549,4161,4835,6550,7543,9664,13418,14258,15180,15874,8685,10545,2858,5432,0,1,545,472,837,1208,1046,2169,1599,3161,2527,3186,3341,2851,5131,6180,2620,4943,87899,30692,9900,5513,27614,4796,813,10,3
2021-05-21T23:59:59+02:00,2,3,1701,1786,3393,3969,4642,6254,7146,9299,12127,12929,15030,15726,8649,10498,2849,5421,0,1,540,460,827,1206,1044,2161,1564,3131,2449,3109,3166,2714,5104,6137,2617,4928,83137,30054,9859,5512,27608,4777,812,8,3
2021-05-20T23:59:59+02:00,2,3,1664,1752,3297,3919,4534,6170,6969,9217,11917,12700,15010,15708,8645,10491,2848,5420,0,1,519,445,786,1159,987,2096,1442,3059,2323,3012,2974,2543,5063,6061,2609,4913,82294,29303,9757,5497,27554,4535,654,7,3
2021-05-19T23:59:59+02:00,2,3,1643,1726,3238,3863,4440,6100,6852,9152,11684,12438,14999,15697,8642,10490,2848,5419,0,1,510,434,770,1121,971,2027,1332,2913,1996,2718,2410,2049,4958,5943,2587,4866,81469,27238,9618,5482,27527,4268,615,7,3
2021-05-18T23:59:59+02:00,2,3,1583,1693,3148,3775,4327,5996,6692,8994,11392,12181,14954,15650,8630,10467,2846,5409,0,1,507,422,754,1106,953,2009,1249,2849,1715,2494,1965,1705,4885,5858,2565,4822,80369,25689,9415,5472,27459,4203,492,7,3
2021-05-17T23:59:59+02:00,2,3,1534,1612,3018,3617,4123,5717,6343,8531,10841,11631,14845,15557,8611,10442,2841,5398,0,1,505,414,748,1099,934,2004,1225,2824,1688,2457,1949,1685,4878,5851,2562,4819,77464,25624,9378,5458,27435,4176,382,7,3
2021-05-16T23:59:59+02:00,2,3,1515,1590,2964,3575,4028,5630,6194,8395,10665,11497,14819,15535,8603,10434,2840,5396,0,1,498,408,726,1084,903,1988,1196,2796,1654,2433,1942,1676,4875,5847,2559,4817,76716,25592,9319,5440,27405,4130,238,7,3
2021-05-15T23:59:59+02:00,2,3,1429,1493,2756,3409,3800,5353,5835,7922,10312,11201,14734,15473,8584,10405,2834,5387,0,1,498,406,722,1082,903,1984,1191,2795,1648,2428,1930,1664,4868,5841,2559,4815,73971,25530,9319,5440,27398,4125,237,7,3
2021-05-14T23:59:59+02:00,2,3,1395,1430,2644,3312,3648,5196,5635,7633,10090,10946,14699,15435,8571,10382,2831,5383,0,1,449,368,651,917,828,1698,1063,2383,1466,2103,1896,1623,4865,5833,2558,4811,72320,25467,9300,5438,27375,2372,233,7,3
2021-05-13T23:59:59+02:00,2,3,1337,1363,2541,3228,3479,5059,5415,7428,9863,10766,14673,15406,8561,10379,2829,5380,0,1,442,356,624,889,726,1591,963,2298,1202,1887,1176,1041,4643,5599,2550,4778,71156,25346,8987,2891,27344,2308,218,7,3
2021-05-12T23:59:59+02:00,2,3,1329,1353,2524,3222,3461,5045,5394,7415,9848,10756,14671,15402,8559,10377,2828,5380,0,1,442,355,623,888,722,1590,958,2298,1198,1881,1157,1032,4630,5561,2516,4709,71040,25145,8963,2891,27342,2305,217,7,3
2021-05-11T23:59:59+02:00,2,2,1288,1310,2450,3140,3347,4919,5198,7268,9560,10447,14623,15344,8547,10357,2824,5371,0,1,437,342,605,873,700,1573,930,2274,1172,1853,1102,996,4566,5463,2473,4585,69699,24651,8839,2872,27257,2224,195,7,3
2021-05-10T23:59:59+02:00,2,2,1266,1283,2385,3062,3219,4793,5066,7111,9236,10066,14578,15305,8538,10338,2819,5369,0,1,436,340,592,864,688,1558,918,2259,1154,1839,1066,961,4504,5385,2432,4466,68341,24232,8716,2868,27187,2173,187,7,3
2021-05-09T23:59:59+02:00,2,2,1251,1266,2343,3046,3141,4757,5001,7078,9169,10021,14565,15289,8536,10333,2819,5367,0,1,428,338,578,859,666,1537,896,2239,1142,1825,1047,945,4491,5347,2416,4423,68099,24068,8640,2866,27138,2139,102,7,3
2021-05-08T23:59:59+02:00,1,2,1249,1262,2329,3034,3123,4745,4962,7063,9144,10013,14564,15289,8536,10332,2819,5367,0,1,428,338,577,859,665,1537,896,2238,1141,1824,1047,945,4490,5347,2416,4423,67955,24066,8634,2863,27136,2138,102,7,3
2021-05-07T23:59:59+02:00,1,2,1229,1241,2289,2993,3070,4697,4863,6971,8919,9766,14547,15266,8530,10326,2816,5363,0,1,379,312,545,790,628,1375,826,2030,1052,1635,1017,916,4469,5324,2414,4418,67043,23959,8627,2859,27110,1208,102,7,3
2021-05-06T23:59:59+02:00,1,2,1084,1150,2061,2750,2769,4389,4492,6570,8332,9162,14269,15029,8490,10270,2813,5362,0,1,378,308,532,771,611,1343,807,1995,1019,1607,989,882,4459,5310,2412,4414,63422,23826,8497,2808,26973,1105,96,7,3
2021-05-05T23:59:59+02:00,1,1,1019,1098,1950,2638,2609,4216,4196,6291,7316,7976,14183,14930,8455,10229,2800,5342,0,1,375,305,524,761,596,1333,774,1981,993,1587,916,819,4418,5238,2404,4398,59895,23505,8451,2787,26849,1080,48,7,3
2021-05-04T23:59:59+02:00,1,1,997,1078,1899,2599,2507,4148,3976,6176,7035,7758,13677,14363,8424,10196,2795,5333,0,1,371,304,519,757,584,1328,757,1962,977,1580,897,795,4396,5222,2401,4389,57835,23368,8392,2771,26689,1058,40,7,3
2021-05-03T23:59:59+02:00,1,1,966,1043,1837,2546,2400,4036,3775,6058,6675,7456,13142,13737,8387,10158,2788,5318,0,1,366,303,517,751,574,1321,748,1950,963,1567,871,771,4378,5204,2395,4376,55404,23255,8365,2761,26548,1037,0,7,3
2021-05-02T23:59:59+02:00,1,1,961,1042,1818,2540,2370,4026,3730,6048,6638,7447,13141,13736,8387,10157,2788,5318,0,1,366,303,514,751,573,1319,743,1950,962,1563,869,767,4376,5199,2395,4376,55263,23235,8358,2759,26521,1030,0,7,3
2021-05-01T23:59:59+02:00,1,1,961,1040,1810,2536,2358,4018,3715,6040,6624,7437,13140,13733,8387,10157,2788,5318,0,1,366,303,514,751,573,1319,742,1949,960,1563,869,767,4376,5199,2395,4376,55182,23235,8356,2755,26519,1030,0,7,3
2021-04-30T23:59:59+02:00,0,1,945,1035,1791,2520,2337,3983,3678,6007,6543,7383,13045,13629,8386,10152,2785,5306,0,1,317,248,473,675,544,1139,711,1726,926,1359,858,749,4372,5196,2395,4376,54683,23221,8355,2750,26481,91,0,7,3
2021-04-29T23:59:59+02:00,0,1,892,1011,1735,2470,2274,3924,3530,5881,6305,7160,12784,13354,8364,10123,2781,5299,0,1,310,246,463,668,541,1131,704,1715,915,1350,850,734,4363,5188,2395,4374,53085,23131,8340,2744,26456,70,0,7,3
2021-04-28T23:59:59+02:00,0,1,831,978,1655,2406,2130,3813,3246,5628,5701,6651,11946,12434,8305,10034,2757,5262,0,1,309,243,461,661,533,1118,693,1694,904,1343,835,717,4344,5161,2393,4374,49022,23006,8333,2725,26416,50,0,7,3
2021-04-27T23:59:59+02:00,0,1,822,973,1637,2385,2086,3794,3176,5602,5573,6526,11917,12417,8303,10032,2757,5260,0,1,308,241,455,659,525,1112,684,1682,894,1337,824,705,4340,5155,2392,4368,48541,22928,8328,2709,26385,42,0,7,3
2021-04-26T23:59:59+02:00,0,1,812,961,1611,2367,2026,3753,2998,5524,5241,6240,11351,11771,8248,9967,2752,5250,0,1,306,240,454,658,520,1106,673,1676,885,1326,814,695,4335,5149,2392,4364,46208,22877,8319,2678,26342,37,0,4,2
2021-04-25T23:59:59+02:00,0,1,802,959,1594,2360,1988,3736,2872,5501,5146,6235,11346,11767,8244,9961,2751,5249,0,1,305,239,454,658,520,1099,673,1674,882,1324,814,694,4335,5149,2392,4364,45877,22871,8313,2674,26318,30,0,4,2
2021-04-24T23:59:59+02:00,0,1,788,949,1572,2340,1948,3690,2776,5432,4803,5910,10733,11041,8213,9902,2750,5247,0,1,305,239,454,658,520,1098,672,1672,881,1324,809,690,4325,5133,2390,4363,43468,22834,8311,2669,26312,29,0,4,2
2021-04-23T23:59:59+02:00,0,1,783,941,1559,2330,1918,3663,2737,5379,4641,5722,10424,10659,8173,9860,2747,5238,0,1,305,238,454,658,520,1097,671,1672,879,1324,809,689,4322,5130,2390,4363,42166,22823,8310,2668,26295,29,0,4,2
2021-04-22T23:59:59+02:00,0,1,766,927,1532,2287,1869,3594,2649,5287,4487,5568,10279,10464,8159,9829,2745,5230,0,1,305,237,452,647,518,1091,665,1664,873,1315,803,685,4319,5128,2390,4361,41164,22787,8281,2644,26224,21,0,4,2
2021-04-21T23:59:59+02:00,0,1,755,915,1507,2274,1817,3549,2544,5199,4102,5148,9681,9779,8110,9765,2741,5219,0,1,303,237,450,646,518,1090,661,1661,868,1310,790,673,4309,5114,2390,4357,38642,22737,8265,2620,26195,19,0,4,2
2021-04-20T23:59:59+02:00,0,1,748,903,1486,2247,1786,3518,2494,5142,3965,5052,9484,9560,8092,9755,2737,5216,0,1,303,236,450,645,517,1088,660,1657,865,1304,784,668,4305,5109,2390,4357,37806,22705,8253,2614,26123,19,0,4,1
2021-04-19T23:59:59+02:00,0,1,741,894,1478,2239,1769,3500,2463,5115,3900,4993,9114,9143,8067,9730,2734,5210,0,1,303,234,449,640,515,1085,657,1654,861,1300,779,662,4296,5107,2390,4355,36779,22665,8241,2603,26067,19,0,4,1
2021-04-18T23:59:59+02:00,0,1,737,891,1473,2233,1751,3493,2445,5103,3891,4991,9104,9132,8067,9729,2734,5210,0,1,302,234,449,637,514,1081,655,1651,858,1300,778,660,4296,5105,2390,4355,36719,22657,8221,2589,26041,19,0,4,1
2021-04-17T23:59:59+02:00,0,1,718,885,1385,2223,1651,3481,2408,5073,3810,4912,8387,8410,8051,9716,2734,5210,0,1,302,234,447,635,513,1080,654,1651,857,1297,778,660,4295,5105,2390,4355,36710,22645,8221,2589,24120,19,0,4,1
2021-04-16T23:59:59+02:00,0,1,703,867,1256,2200,1500,3458,2322,5007,3648,4747,7045,6859,8016,9667,2721,5179,0,1,302,233,442,628,508,1076,644,1649,853,1288,768,654,4290,5091,2387,4353,35333,22570,8211,2584,21648,12,0,4,1
2021-04-15T23:59:59+02:00,0,1,682,857,1245,2187,1479,3439,2264,4970,3576,4696,6605,6358,7975,9601,2697,5105,0,1,295,227,427,617,491,1062,610,1622,817,1258,677,593,3792,4579,2363,4317,34004,22509,8156,1230,21573,8,0,4,1
2021-04-14T23:59:59+02:00,0,1,677,853,1226,2172,1446,3420,2220,4933,3443,4601,5265,4953,7924,9536,2675,5068,0,1,287,222,424,611,484,1059,603,1614,812,1255,662,577,3779,4569,2359,4311,30770,22420,8143,1201,21496,7,0,4,1
2021-04-13T23:59:59+02:00,0,1,673,853,1217,2167,1430,3418,2212,4922,3423,4584,5246,4936,7918,9533,2674,5066,0,1,287,221,422,609,481,1056,601,1610,801,1252,644,572,3777,4566,2359,4311,30686,22399,8121,1163,21462,7,0,4,1
2021-04-12T23:59:59+02:00,0,1,668,845,1204,2157,1414,3407,2178,4907,3391,4560,5221,4920,7905,9521,2671,5033,0,1,286,220,420,609,479,1050,599,1606,793,1244,639,569,3771,4564,2358,4311,30553,22371,8075,1140,21371,7,0,4,1
2021-04-11T23:59:59+02:00,0,1,660,841,1188,2145,1395,3392,2110,4882,3272,4476,4804,4480,7236,8699,2664,5028,0,1,286,220,418,609,477,1048,594,1603,789,1242,635,566,3767,4559,2358,4311,30522,22364,5468,1111,21279,7,0,4,1
2021-04-10T23:59:59+02:00,0,1,660,839,1187,2144,1393,3388,2108,4879,3269,4469,4760,4433,7232,8693,2664,5027,0,1,280,217,416,598,464,1032,567,1586,757,1217,563,496,3198,3941,2309,4216,30399,20739,5465,1111,21278,7,0,4,1
2021-04-09T23:59:59+02:00,0,1,656,838,1179,2141,1388,3383,2076,4856,3190,4388,4562,4267,7197,8644,2660,5011,0,1,270,210,406,584,445,1016,540,1567,736,1194,483,435,2540,3122,2260,4120,29707,18811,5461,1110,21265,7,0,4,1
2021-04-08T23:59:59+02:00,0,1,646,828,1162,2129,1371,3351,2014,4802,3040,4277,3508,3112,6958,8280,2649,4996,0,1,257,202,389,566,421,1002,518,1536,703,1172,461,408,2530,3113,2256,4117,28900,18581,5411,1063,18809,7,0,4,1
2021-04-07T23:59:59+02:00,0,1,639,822,1149,2120,1353,3338,1905,4722,2718,4027,2899,2582,6846,8156,2624,4943,0,1,243,195,362,542,383,968,475,1502,666,1144,433,384,2469,3047,2251,4108,26715,18124,5390,1043,18735,6,0,4,0
2021-04-06T23:59:59+02:00,0,1,629,813,1109,2113,1329,3320,1787,4672,2438,3860,2446,2233,6767,8064,2602,4905,0,1,220,182,328,515,358,949,438,1479,631,1112,398,342,2414,2972,2245,4097,25109,17650,5372,1025,18603,6,0,4,0
2021-04-05T23:59:59+02:00,0,1,626,811,1098,2108,1323,3317,1778,4662,2423,3843,2155,1889,5660,6762,2600,4904,0,1,220,182,327,511,352,943,434,1477,627,1108,395,339,2412,2966,2245,4095,25077,17640,5360,988,15520,6,0,3,0
2021-04-04T23:59:59+02:00,0,1,625,810,1098,2108,1323,3316,1778,4662,2421,3841,2153,1886,5660,6758,2600,4904,0,1,220,182,326,511,352,943,433,1477,627,1108,395,339,2411,2966,2245,4095,25068,17637,5360,988,15513,6,0,3,0
2021-04-03T23:59:59+02:00,0,1,625,810,1098,2107,1323,3316,1777,4660,2417,3841,2152,1882,5659,6758,2600,4904,0,1,220,182,326,511,352,943,433,1477,626,1108,395,339,2411,2966,2245,4095,25062,17636,5356,988,15509,6,0,3,0
2021-04-02T23:59:59+02:00,0,1,625,809,1098,2107,1319,3315,1774,4654,2415,3838,2144,1873,5647,6742,2596,4892,0,1,220,182,326,509,352,942,432,1476,625,1097,393,339,2411,2965,2245,4095,24991,17616,5351,988,15504,6,0,3,0
2021-04-01T23:59:59+02:00,0,1,621,798,1078,2088,1221,3220,1683,4585,2156,3630,1414,1287,5438,6529,2586,4862,0,1,216,181,326,508,351,941,431,1474,625,1096,390,337,2411,2965,2245,4091,24880,17604,2848,979,15466,6,0,3,0
2021-03-31T23:59:59+02:00,0,1,619,797,1074,2084,1216,3212,1672,4580,2137,3617,1386,1254,5410,6474,2545,4762,0,1,215,181,325,507,350,941,431,1473,624,1094,387,334,2407,2964,2243,4089,24553,17589,2834,971,15450,6,0,3,0
2021-03-30T23:59:59+02:00,0,1,617,790,1069,2080,1210,3207,1662,4566,2130,3602,1339,1209,5322,6342,2498,4607,0,1,215,180,325,506,347,937,426,1470,617,1083,372,323,2303,2811,2120,3863,24015,16965,2812,928,15422,6,0,2,0
2021-03-29T23:59:59+02:00,0,1,615,788,1066,2071,1201,3200,1655,4553,2116,3589,1301,1175,5258,6246,2445,4476,0,1,214,179,323,504,345,935,424,1465,611,1078,365,318,2077,2544,1892,3482,23568,15826,2784,925,15402,6,0,2,0
2021-03-28T23:59:59+02:00,0,1,615,785,1064,2065,1198,3193,1650,4542,2110,3584,1285,1166,5247,6223,2433,4443,0,1,212,179,322,501,336,931,421,1458,608,1066,358,306,2072,2530,1891,3479,23457,15798,2766,870,15379,3,0,2,0
2021-03-27T23:59:59+01:00,0,1,563,724,984,1997,1117,3073,1531,4417,2008,3501,1216,1096,4642,5491,2433,4443,0,1,210,178,322,500,336,931,417,1456,607,1063,357,306,2071,2529,1891,3479,23440,15782,2761,870,13035,2,0,1,0
2021-03-26T23:59:59+01:00,0,1,560,719,977,1987,1115,3067,1521,4410,1991,3493,1172,1065,4612,5457,2432,4439,0,1,209,175,322,498,333,930,415,1455,602,1057,349,301,1662,1990,1464,2749,23245,13646,2751,864,13021,2,0,1,0
2021-03-25T23:59:59+01:00,0,1,557,713,965,1979,1112,3058,1514,4398,1975,3483,1162,1055,4604,5452,2432,4437,0,1,208,172,320,497,331,925,411,1449,598,1048,345,297,1565,1867,1427,2673,23198,13291,2743,841,12955,2,0,1,0
2021-03-24T23:59:59+01:00,0,1,555,707,957,1969,1099,3042,1485,4379,1960,3475,1126,1025,4577,5417,2427,4432,0,1,207,172,319,496,327,921,407,1441,588,1030,332,287,1236,1483,1271,2403,23057,12138,2717,781,12858,2,0,1,0
2021-03-23T23:59:59+01:00,0,1,553,702,951,1956,1095,3032,1478,4365,1950,3467,1113,1014,4558,5403,2427,4428,0,1,206,172,317,493,318,918,406,1441,582,1026,324,280,998,1216,1155,2222,22982,11314,2708,759,12802,2,0,1,0
2021-03-22T23:59:59+01:00,0,1,552,693,946,1942,1089,3023,1469,4349,1936,3457,1110,1010,4553,5402,2427,4427,0,1,205,172,316,491,317,916,403,1438,579,1022,320,276,997,1212,1155,2218,22957,11297,2692,739,12736,2,0,1,0
2021-03-21T23:59:59+01:00,0,1,549,690,944,1934,1086,3019,1461,4336,1924,3450,1107,1009,4553,5400,2427,4427,0,1,204,172,316,490,315,912,403,1433,573,1020,310,271,993,1207,1154,2218,22953,11294,2679,696,12684,2,0,1,0
2021-03-20T23:59:59+01:00,0,1,544,683,940,1917,1069,3002,1433,4318,1890,3421,1035,939,3968,4761,2376,4327,0,1,204,172,316,490,315,912,403,1433,573,1020,310,271,993,1207,1153,2217,21282,11292,2678,696,12663,2,0,1,0
2021-03-19T23:59:59+01:00,0,1,535,674,922,1889,1041,2982,1397,4292,1864,3390,948,875,3288,3924,2324,4228,0,1,201,172,314,490,314,909,401,1431,569,1014,307,270,980,1194,1122,2177,19288,11270,2666,594,12619,2,0,1,0
2021-03-18T23:59:59+01:00,0,1,522,661,905,1863,1018,2956,1357,4251,1819,3338,849,811,2773,3392,2300,4194,0,1,196,170,311,486,311,899,397,1425,567,1009,304,263,874,1096,1010,1984,19206,10884,1264,417,12539,2,0,1,0
2021-03-17T23:59:59+01:00,0,1,520,652,896,1844,1005,2935,1334,4229,1801,3322,819,786,2685,3299,2294,4188,0,1,194,169,309,484,308,898,390,1421,564,1005,301,258,631,821,702,1534,18895,9955,1225,35,12490,0,0,0,0
2021-03-16T23:59:59+01:00,0,1,518,643,887,1823,985,2919,1317,4217,1777,3305,789,775,2637,3218,2292,4182,0,1,194,169,307,484,307,895,387,1419,561,1001,295,254,383,580,512,1223,18685,8943,1185,29,12415,0,0,0,0
2021-03-15T23:59:59+01:00,0,1,518,633,882,1804,974,2897,1312,4210,1769,3296,783,771,2634,3216,2291,4182,0,1,193,169,306,483,306,895,387,1418,558,1001,295,254,383,579,511,1223,18670,8936,1160,26,12343,0,0,0,0
2021-03-14T23:59:59+01:00,0,1,517,627,874,1792,967,2889,1302,4197,1759,3283,778,766,2628,3213,2291,4182,0,1,193,169,305,483,305,893,385,1416,557,1001,294,254,383,579,511,1223,18665,8932,1130,20,12271,0,0,0,0
2021-03-13T23:59:59+01:00,0,1,496,576,781,1529,836,2506,1107,3633,1477,2855,698,678,2525,3087,2290,4181,0,1,193,169,305,483,305,893,385,1416,557,1001,294,254,383,579,511,1223,18661,8932,1130,20,9465,0,0,0,0
2021-03-12T23:59:59+01:00,0,1,482,493,717,1260,745,2110,935,2946,1230,2261,556,527,2481,3043,2290,4181,0,0,193,167,305,483,305,891,384,1416,557,998,294,253,370,558,462,1157,18631,8773,1129,20,6498,0,0,0,0
2021-03-11T23:59:59+01:00,0,1,458,457,683,1189,698,2004,875,2800,1147,2149,499,467,2467,3031,2289,4179,0,0,193,167,304,481,304,890,384,1413,556,998,294,252,357,541,413,1112,18434,8642,1081,17,5878,0,0,0,0
2021-03-10T23:59:59+01:00,0,1,444,447,649,1156,657,1970,833,2764,1114,2120,480,451,2453,3011,2288,4175,0,0,189,165,300,474,304,889,379,1407,550,991,290,246,232,442,179,842,18157,7868,1061,11,5795,0,0,0,0
2021-03-09T23:59:59+01:00,0,1,429,430,618,1126,634,1950,810,2736,1092,2096,458,430,2359,2869,2162,3944,0,0,189,165,298,472,303,888,378,1404,550,988,288,245,232,442,178,841,17391,7860,1044,1,5709,0,0,0,0
2021-03-08T23:59:59+01:00,0,1,416,409,596,1096,616,1928,794,2711,1070,2070,436,402,2128,2595,1933,3562,0,0,189,164,298,470,302,883,378,1398,550,986,287,243,232,441,178,841,16142,7839,1015,1,5606,0,0,0,0
2021-03-07T23:59:59+01:00,0,1,415,408,589,1078,602,1920,791,2698,1065,2060,435,401,2123,2587,1932,3559,0,0,189,164,297,469,302,882,378,1395,550,985,287,243,232,441,178,841,16114,7832,1005,1,5545,0,0,0,0
2021-03-06T23:59:59+01:00,0,1,415,405,585,1065,599,1918,784,2691,1061,2053,434,401,2123,2587,1932,3559,0,0,189,164,297,469,302,882,378,1395,550,984,286,243,232,441,178,841,16105,7830,1005,1,5503,0,0,0,0
2021-03-05T23:59:59+01:00,0,1,409,390,579,1053,593,1909,779,2681,1054,2045,420,393,1702,2028,1501,2808,0,0,187,159,293,469,299,880,376,1392,548,980,286,243,232,441,178,841,13886,7803,1005,1,5454,0,0,0,0
2021-03-04T23:59:59+01:00,0,1,398,365,551,1014,574,1852,748,2627,1033,1995,416,389,1609,1908,1461,2731,0,0,176,151,282,456,298,872,374,1378,546,976,285,243,232,441,178,841,13526,7728,999,1,5147,0,0,0,0
2021-03-03T23:59:59+01:00,0,1,395,359,544,983,556,1820,724,2580,1015,1955,408,383,1282,1527,1302,2455,0,0,175,150,281,455,297,871,370,1371,543,969,283,241,231,440,176,836,12358,7688,990,1,4941,0,0,0,0
2021-03-02T23:59:59+01:00,0,1,391,354,536,949,542,1799,715,2556,1004,1936,397,373,1037,1260,1182,2271,0,0,175,148,280,445,293,865,370,1362,543,963,283,241,231,440,176,836,11529,7650,953,1,4821,0,0,0,0
2021-03-01T23:59:59+01:00,0,1,389,347,527,926,523,1768,706,2532,993,1919,393,366,1036,1253,1182,2266,0,0,175,146,280,436,290,855,367,1347,540,957,281,239,230,439,176,836,11507,7593,918,1,4702,0,0,0,0
2021-02-28T23:59:59+01:00,0,1,385,344,524,918,515,1757,702,2520,988,1904,388,361,1036,1251,1182,2266,0,0,173,145,280,435,290,854,367,1347,539,957,281,239,230,439,176,836,11501,7587,890,1,4651,0,0,0,0
2021-02-27T23:59:59+01:00,0,1,384,342,519,911,513,1751,699,2511,985,1902,387,360,1036,1251,1181,2266,0,0,173,145,280,435,290,854,367,1347,538,957,281,239,230,439,176,836,11500,7586,890,1,4609,0,0,0,0
2021-02-26T23:59:59+01:00,0,1,337,299,451,739,436,1443,572,2093,814,1562,359,330,1036,1248,1181,2266,0,0,173,143,280,431,288,846,365,1339,536,954,281,239,230,439,176,836,11490,7555,879,1,2798,0,0,0,0
2021-02-25T23:59:59+01:00,0,1,317,290,440,718,424,1407,557,2045,795,1530,351,322,950,1155,1108,2140,0,0,122,130,260,426,279,833,353,1323,531,947,281,237,230,439,176,836,11079,7403,848,0,2623,0,0,0,0
2021-02-24T23:59:59+01:00,0,1,312,284,435,702,417,1372,541,1997,773,1486,344,309,741,921,921,1831,0,0,122,124,258,420,276,823,351,1310,524,941,278,234,228,438,176,834,10131,7337,807,0,2449,0,0,0,0
2021-02-23T23:59:59+01:00,0,1,310,272,427,688,406,1347,533,1962,753,1467,330,299,488,672,730,1524,0,0,122,123,257,418,274,817,351,1304,523,933,277,233,227,438,174,833,9119,7304,762,0,2328,0,0,0,0
2021-02-22T23:59:59+01:00,0,1,310,271,426,681,405,1342,529,1951,748,1463,330,297,487,670,730,1523,0,0,122,118,252,408,273,800,347,1278,518,925,273,232,227,438,174,833,9114,7218,751,0,2299,0,0,0,0
2021-02-21T23:59:59+01:00,0,1,307,270,424,675,402,1333,526,1943,742,1459,319,292,483,665,728,1523,0,0,122,118,251,407,272,797,344,1275,510,921,272,231,226,437,173,822,9109,7178,709,0,2274,0,0,0,0
2021-02-20T23:59:59+01:00,0,1,307,267,424,673,402,1325,525,1934,740,1455,319,292,483,665,728,1523,0,0,122,118,251,407,272,797,344,1275,509,921,272,231,226,437,173,822,9109,7177,709,0,2245,0,0,0,0
2021-02-19T23:59:59+01:00,0,0,261,241,392,597,368,1156,467,1721,631,1245,310,276,457,629,646,1414,0,0,122,118,251,407,271,797,344,1275,509,921,272,231,226,437,173,822,8887,7176,602,0,1322,0,0,0,0
2021-02-18T23:59:59+01:00,0,0,260,236,384,588,357,1134,454,1703,621,1238,310,274,403,581,533,1283,0,0,119,115,247,401,264,790,341,1266,505,920,270,229,226,437,173,822,8698,7125,423,0,1238,0,0,0,0
2021-02-17T23:59:59+01:00,0,0,254,232,372,574,350,1125,431,1687,613,1226,305,267,242,445,187,866,0,0,111,102,244,395,259,774,335,1250,499,909,266,226,225,437,173,822,7960,7027,33,0,1183,0,0,0,0
2021-02-16T23:59:59+01:00,0,0,253,230,361,572,341,1116,423,1673,608,1219,302,264,241,444,187,866,0,0,83,89,224,369,248,744,318,1210,467,874,244,211,217,417,172,815,7952,6702,29,0,1119,0,0,0,0
2021-02-15T23:59:59+01:00,0,0,249,229,358,567,339,1109,421,1661,603,1213,302,264,241,443,186,866,0,0,82,87,220,358,241,732,308,1183,451,851,231,204,204,393,165,758,7938,6468,26,0,1087,0,0,0,0
2021-02-14T23:59:59+01:00,0,0,248,227,352,564,335,1100,417,1655,600,1210,302,264,241,443,186,866,0,0,78,85,213,353,238,724,303,1170,447,836,230,202,204,382,165,748,7928,6378,21,0,1061,0,0,0,0
2021-02-13T23:59:59+01:00,0,0,248,227,352,564,335,1100,415,1655,600,1209,301,264,241,443,186,866,0,0,78,85,213,352,238,724,303,1170,447,836,230,202,204,382,165,748,7926,6377,21,0,1059,0,0,0,0
2021-02-12T23:59:59+01:00,0,0,193,167,304,486,308,903,382,1418,563,996,293,249,240,443,186,866,0,0,75,84,210,351,236,721,297,1166,444,831,226,199,204,380,165,748,7913,6337,21,0,63,0,0,0,0
2021-02-11T23:59:59+01:00,0,0,191,166,298,473,304,889,376,1398,553,989,293,249,240,443,186,866,0,0,74,81,200,325,226,677,277,1115,426,781,225,196,204,375,165,745,7870,6092,18,0,26,0,0,0,0
2021-02-10T23:59:59+01:00,0,0,189,159,294,469,301,884,370,1387,549,981,291,247,238,442,186,864,0,0,69,76,183,297,215,617,260,1031,401,729,216,181,190,345,150,694,7827,5654,12,0,12,0,0,0,0
2021-02-09T23:59:59+01:00,0,0,184,153,290,461,300,875,370,1377,547,972,288,246,238,442,185,863,0,0,60,60,145,233,186,512,222,839,346,594,194,155,168,308,140,617,7783,4779,3,0,5,0,0,0,0
2021-02-08T23:59:59+01:00,0,0,178,147,286,449,295,865,366,1357,541,965,284,242,237,441,183,859,0,0,33,47,100,144,137,285,163,459,252,387,163,127,139,250,115,512,7687,3313,3,0,5,0,0,0,0
2021-02-07T23:59:59+01:00,0,0,176,145,284,448,294,863,365,1356,540,964,283,241,237,441,183,859,0,0,19,40,82,122,132,264,154,426,236,361,153,122,129,239,108,474,7677,3061,2,0,0,0,0,0,0
2021-02-06T23:59:59+01:00,0,0,176,145,284,448,294,863,365,1356,540,964,283,241,237,441,183,859,0,0,19,37,80,119,122,249,143,409,205,340,138,118,128,234,107,463,7677,2911,2,0,0,0,0,0,0
2021-02-05T23:59:59+01:00,0,0,176,143,284,444,293,852,363,1348,536,961,283,240,237,441,183,858,0,0,18,33,77,114,115,235,137,382,188,322,133,113,124,229,99,446,7640,2765,2,0,0,0,0,0,0
2021-02-04T23:59:59+01:00,0,0,168,138,283,440,286,843,359,1337,527,952,282,238,236,440,183,856,0,0,11,20,50,76,86,178,114,290,155,263,115,99,112,210,89,402,7567,2270,1,0,0,0,0,0,0
2021-02-03T23:59:59+01:00,0,0,150,131,273,434,283,836,357,1326,527,950,282,238,235,440,183,855,0,0,11,18,42,65,77,143,90,258,134,222,96,85,97,181,80,354,7499,1953,1,0,0,0,0,0,0
2021-02-02T23:59:59+01:00,0,0,130,126,261,432,280,828,352,1320,526,943,281,238,234,440,182,854,0,0,11,15,34,59,65,121,75,213,103,172,64,60,72,118,55,227,7426,1464,1,0,0,0,0,0,0
2021-02-01T23:59:59+01:00,0,0,125,121,256,417,278,811,350,1294,520,931,276,236,234,440,182,854,0,0,4,9,19,31,34,66,46,118,59,71,29,31,32,52,30,111,7324,742,1,0,0,0,0,0,0
2021-01-31T23:59:59+01:00,0,0,124,118,254,414,276,807,348,1288,515,929,276,233,233,439,182,854,0,0,4,6,14,22,29,47,32,72,39,43,15,11,16,32,24,65,7289,471,1,0,0,0,0,0,0
2021-01-30T23:59:59+01:00,0,0,124,118,254,414,276,806,348,1287,514,929,276,233,233,439,182,854,0,0,4,6,13,19,26,40,27,64,36,41,15,11,16,32,24,65,7286,439,1,0,0,0,0,0,0
2021-01-29T23:59:59+01:00,0,0,124,118,254,414,275,806,348,1287,514,929,276,233,233,439,182,854,0,0,4,6,7,18,24,32,22,56,32,38,15,11,16,31,23,64,7285,399,1,0,0,0,0,0,0
2021-01-28T23:59:59+01:00,0,0,122,115,250,407,271,799,345,1280,509,928,276,233,233,439,182,854,0,0,1,3,2,8,16,14,12,27,12,23,11,7,9,18,8,27,7242,198,1,0,0,0,0,0,0
2021-01-27T23:59:59+01:00,0,0,114,105,248,402,268,790,340,1273,503,921,271,230,232,438,182,854,0,0,0,0,1,4,12,12,8,20,10,17,10,7,9,18,8,27,7170,163,1,0,0,0,0,0,0
2021-01-26T23:59:59+01:00,0,0,88,93,230,385,260,765,328,1235,477,890,251,218,222,420,182,846,0,0,0,0,1,4,12,12,8,20,10,17,10,7,9,18,8,27,6889,163,1,0,0,0,0,0,0
2021-01-25T23:59:59+01:00,0,0,85,88,228,365,247,745,314,1202,459,865,234,211,211,398,177,790,0,0,0,0,1,4,12,10,7,13,7,13,10,7,9,18,8,27,6619,146,0,0,0,0,0,0,0
2021-01-24T23:59:59+01:00,0,0,85,86,224,361,246,740,311,1189,457,850,233,209,211,387,177,779,0,0,0,0,1,4,11,10,7,13,7,13,10,7,9,18,8,27,6545,145,0,0,0,0,0,0,0
2021-01-23T23:59:59+01:00,0,0,85,86,224,361,246,740,311,1189,457,850,233,209,211,387,177,779,0,0,0,0,1,4,11,10,7,13,7,13,10,7,9,18,8,27,6545,145,0,0,0,0,0,0,0
2021-01-22T23:59:59+01:00,0,0,85,85,222,358,246,737,308,1185,453,847,231,208,211,386,177,779,0,0,0,0,1,4,11,10,7,13,7,13,10,7,9,18,8,27,6518,145,0,0,0,0,0,0,0
2021-01-21T23:59:59+01:00,0,0,85,82,209,328,236,693,283,1136,438,813,230,204,210,380,176,776,0,0,0,0,1,2,9,9,6,12,6,11,10,7,9,18,8,27,6279,135,0,0,0,0,0,0,0
2021-01-20T23:59:59+01:00,0,0,79,77,194,305,224,627,269,1043,409,753,221,192,195,349,162,724,0,0,0,0,1,2,9,9,6,12,6,11,10,7,9,18,8,27,5823,135,0,0,0,0,0,0,0
2021-01-19T23:59:59+01:00,0,0,71,67,155,256,204,564,243,920,369,644,200,166,169,307,148,634,0,0,0,0,1,2,3,7,6,11,4,9,7,6,9,18,8,27,5117,118,0,0,0,0,0,0,0
2021-01-18T23:59:59+01:00,0,0,59,59,132,213,183,461,216,762,329,551,181,145,144,256,126,545,0,0,0,0,0,1,2,4,3,6,2,7,6,6,9,18,8,25,4362,97,0,0,0,0,0,0,0
2021-01-17T23:59:59+01:00,0,0,40,47,108,183,168,402,200,676,305,496,172,138,131,238,109,485,0,0,0,0,0,0,2,4,2,6,2,5,4,4,7,14,6,23,3898,79,0,0,0,0,0,0,0
2021-01-16T23:59:59+01:00,0,0,33,44,108,180,158,385,185,656,274,475,156,133,130,232,108,473,0,0,0,0,0,0,0,0,0,0,0,0,0,0,0,0,0,0,3730,0,0,0,0,0,0,0,0
2021-01-15T23:59:59+01:00,0,0,31,40,105,175,147,371,179,626,255,453,151,124,126,226,99,455,0,0,0,0,0,0,0,0,0,0,0,0,0,0,0,0,0,0,3563,0,0,0,0,0,0,0,0
2021-01-14T23:59:59+01:00,0,0,13,23,51,76,85,174,115,288,150,264,123,105,112,207,87,410,0,0,0,0,0,0,0,0,0,0,0,0,0,0,0,0,0,0,2283,0,0,0,0,0,0,0,0
2021-01-13T23:59:59+01:00,0,0,12,20,41,65,77,139,93,258,125,227,94,83,92,166,68,328,0,0,0,0,0,0,0,0,0,0,0,0,0,0,0,0,0,0,1888,0,0,0,0,0,0,0,0
2021-01-12T23:59:59+01:00,0,0,12,15,37,61,64,115,78,209,96,173,61,55,62,100,40,192,0,0,0,0,0,0,0,0,0,0,0,0,0,0,0,0,0,0,1370,0,0,0,0,0,0,0,0
2021-01-11T23:59:59+01:00,0,0,4,10,26,43,40,83,57,141,59,86,32,30,27,43,19,84,0,0,0,0,0,0,0,0,0,0,0,0,0,0,0,0,0,0,784,0,0,0,0,0,0,0,0
2021-01-10T23:59:59+01:00,0,0,3,6,19,31,35,58,38,94,38,54,15,10,10,22,13,37,0,0,0,0,0,0,0,0,0,0,0,0,0,0,0,0,0,0,483,0,0,0,0,0,0,0,0
2021-01-09T23:59:59+01:00,0,0,3,6,18,27,34,54,33,84,36,53,15,10,10,22,13,37,0,0,0,0,0,0,0,0,0,0,0,0,0,0,0,0,0,0,455,0,0,0,0,0,0,0,0
2021-01-08T23:59:59+01:00,0,0,3,6,15,26,30,44,27,75,32,49,14,10,9,20,12,36,0,0,0,0,0,0,0,0,0,0,0,0,0,0,0,0,0,0,408,0,0,0,0,0,0,0,0
2021-01-07T23:59:59+01:00,0,0,1,4,2,9,16,14,14,28,13,24,11,8,9,18,9,29,0,0,0,0,0,0,0,0,0,0,0,0,0,0,0,0,0,0,209,0,0,0,0,0,0,0,0
2021-01-06T23:59:59+01:00,0,0,1,0,2,4,14,12,9,22,11,19,11,8,9,18,9,29,0,0,0,0,0,0,0,0,0,0,0,0,0,0,0,0,0,0,178,0,0,0,0,0,0,0,0
2021-01-05T23:59:59+01:00,0,0,0,0,1,4,13,12,8,20,10,19,10,8,9,18,9,29,0,0,0,0,0,0,0,0,0,0,0,0,0,0,0,0,0,0,170,0,0,0,0,0,0,0,0
2021-01-04T23:59:59+01:00,0,0,0,0,1,4,13,11,7,16,8,17,10,8,9,18,9,29,0,0,0,0,0,0,0,0,0,0,0,0,0,0,0,0,0,0,160,0,0,0,0,0,0,0,0
2021-01-03T23:59:59+01:00,0,0,0,0,1,4,12,10,7,13,6,14,10,8,9,18,9,29,0,0,0,0,0,0,0,0,0,0,0,0,0,0,0,0,0,0,150,0,0,0,0,0,0,0,0
2021-01-02T23:59:59+01:00,0,0,0,0,1,4,12,10,7,13,6,14,10,8,9,18,9,29,0,0,0,0,0,0,0,0,0,0,0,0,0,0,0,0,0,0,150,0,0,0,0,0,0,0,0
2021-01-01T23:59:59+01:00,0,0,0,0,1,4,12,10,7,13,6,14,10,8,9,18,9,29,0,0,0,0,0,0,0,0,0,0,0,0,0,0,0,0,0,0,150,0,0,0,0,0,0,0,0
2020-12-31T23:59:59+01:00,0,0,0,0,1,4,12,10,7,13,6,14,10,8,9,18,9,29,0,0,0,0,0,0,0,0,0,0,0,0,0,0,0,0,0,0,150,0,0,0,0,0,0,0,0
2020-12-30T23:59:59+01:00,0,0,0,0,1,4,12,10,7,13,6,14,10,8,9,18,9,29,0,0,0,0,0,0,0,0,0,0,0,0,0,0,0,0,0,0,150,0,0,0,0,0,0,0,0
2020-12-29T23:59:59+01:00,0,0,0,0,1,4,8,9,7,13,4,12,10,8,9,18,9,29,0,0,0,0,0,0,0,0,0,0,0,0,0,0,0,0,0,0,141,0,0,0,0,0,0,0,0
2020-12-28T23:59:59+01:00,0,0,0,0,1,1,5,7,7,7,2,9,10,8,9,18,9,29,0,0,0,0,0,0,0,0,0,0,0,0,0,0,0,0,0,0,122,0,0,0,0,0,0,0,0
2020-12-27T23:59:59+01:00,0,0,0,0,0,0,2,4,2,6,1,6,4,6,8,15,8,26,0,0,0,0,0,0,0,0,0,0,0,0,0,0,0,0,0,0,88,0,0,0,0,0,0,0,0
