Datum,<24_1_m,<24_1_w,25-34_1_m,25-34_1_w,35-44_1_m,35-44_1_w,45-54_1_m,45-54_1_w,55-64_1_m,55-64_1_w,65-74_1_m,65-74_1_w,75-84_1_m,75-84_1_w,>84_1_m,>84_1_w,<24_2_m,<24_2_w,25-34_2_m,25-34_2_w,35-44_2_m,35-44_2_w,45-54_2_m,45-54_2_w,55-64_2_m,55-64_2_w,65-74_2_m,65-74_2_w,75-84_2_m,75-84_2_w,>84_2_m,>84_2_w,bp_1,bp_2,mo_1,mo_2,az_1,az_2,ja
2021-05-06T23:59:59+02:00,1216,1405,2092,2742,2753,4483,4682,6695,8986,9685,13500,14249,8062,10089,2227,4446,428,364,510,783,593,1346,788,2018,974,1422,1034,893,4710,5749,1884,3630,62178,23211,8393,2739,26648,1083,93
2021-05-05T23:59:59+02:00,1149,1345,1985,2631,2590,4304,4380,6425,8012,8492,13436,14189,8027,10049,2217,4434,426,362,503,778,579,1340,757,2003,953,1403,959,832,4677,5685,1877,3617,58742,22915,8347,2721,26529,1068,47
2021-05-04T23:59:59+02:00,1128,1323,1930,2593,2487,4236,4153,6309,7589,8112,13112,13807,8000,10016,2212,4428,423,360,498,775,569,1333,738,1987,938,1396,941,810,4663,5672,1874,3608,56734,22789,8292,2710,26369,1046,40
2021-05-03T23:59:59+02:00,1096,1284,1872,2539,2373,4125,3938,6184,7147,7682,12719,13349,7967,9984,2207,4414,418,358,496,772,558,1325,732,1978,925,1387,921,786,4648,5656,1869,3595,54379,22692,8268,2704,26233,1028,0
2021-05-02T23:59:59+02:00,1087,1283,1855,2533,2348,4117,3895,6174,7120,7675,12718,13348,7967,9984,2207,4414,418,358,493,772,557,1323,729,1978,924,1384,919,782,4647,5653,1869,3595,54248,22678,8266,2702,26211,1021,0
2021-05-01T23:59:59+02:00,1087,1281,1848,2531,2338,4111,3884,6165,7109,7667,12717,13347,7967,9984,2207,4414,418,358,493,772,557,1323,728,1977,922,1384,919,782,4647,5653,1869,3595,54182,22678,8266,2698,26209,1021,0
2021-04-30T23:59:59+02:00,1070,1273,1827,2518,2313,4079,3853,6131,7004,7584,12655,13278,7965,9981,2205,4402,354,300,461,686,524,1139,700,1751,889,1193,907,776,4645,5651,1869,3595,53701,22664,8265,2694,26172,82,0
2021-04-29T23:59:59+02:00,1015,1250,1780,2481,2248,4023,3718,6014,6727,7332,12449,13067,7948,9955,2201,4396,350,298,453,682,521,1131,691,1744,884,1187,899,766,4636,5644,1869,3595,52207,22601,8250,2688,26147,61,0
2021-04-28T23:59:59+02:00,943,1214,1706,2418,2096,3899,3396,5754,6021,6711,11772,12288,7895,9872,2178,4369,349,295,451,677,512,1116,682,1726,878,1182,885,749,4619,5619,1867,3595,48183,22489,8244,2672,26105,41,0
2021-04-27T23:59:59+02:00,929,1207,1689,2397,2050,3882,3322,5725,5902,6594,11749,12273,7893,9870,2178,4367,347,293,445,675,504,1112,673,1713,870,1175,873,738,4617,5615,1866,3589,47708,22415,8241,2657,26078,33,0
2021-04-26T23:59:59+02:00,920,1194,1657,2380,1984,3839,3135,5646,5556,6276,11218,11666,7849,9812,2174,4358,345,292,445,673,499,1108,660,1706,866,1168,864,731,4613,5609,1866,3586,45397,22373,8232,2630,26035,28,0
2021-04-25T23:59:59+02:00,909,1192,1642,2373,1944,3818,2999,5628,5479,6271,11214,11663,7845,9806,2173,4357,344,292,445,673,499,1101,660,1704,863,1167,864,730,4613,5609,1866,3586,45072,22369,8226,2626,26015,21,0
2021-04-24T23:59:59+02:00,892,1181,1621,2353,1903,3768,2890,5553,5115,5926,10637,10972,7817,9758,2172,4356,344,292,445,673,499,1100,659,1703,861,1166,860,724,4604,5597,1864,3584,42678,22333,8226,2622,26010,20,0
2021-04-23T23:59:59+02:00,883,1173,1610,2344,1874,3739,2849,5502,4924,5696,10361,10640,7783,9720,2169,4349,344,291,445,673,499,1099,658,1703,859,1166,860,722,4601,5595,1864,3584,41393,22322,8226,2621,25997,20,0
2021-04-22T23:59:59+02:00,866,1150,1577,2305,1823,3666,2758,5412,4757,5526,10249,10471,7771,9691,2167,4343,344,289,443,663,497,1093,650,1693,856,1159,854,718,4598,5592,1864,3583,40403,22289,8200,2595,25929,12,0
2021-04-21T23:59:59+02:00,854,1136,1552,2294,1769,3619,2641,5318,4325,5041,9723,9870,7725,9636,2165,4333,343,289,439,662,497,1092,649,1691,852,1153,844,709,4589,5580,1864,3579,37915,22245,8183,2576,25903,11,0
2021-04-20T23:59:59+02:00,845,1120,1533,2271,1738,3588,2585,5254,4181,4940,9545,9668,7705,9627,2164,4331,343,288,439,661,496,1091,649,1686,849,1149,838,705,4586,5576,1864,3579,37093,22217,8172,2571,25830,11,0
2021-04-19T23:59:59+02:00,840,1108,1522,2264,1720,3573,2553,5222,4110,4869,9187,9268,7682,9604,2162,4326,343,286,438,658,494,1089,645,1684,843,1146,834,700,4578,5575,1864,3578,36073,22184,8160,2560,25777,11,0
2021-04-18T23:59:59+02:00,836,1105,1517,2259,1702,3566,2535,5210,4101,4866,9181,9258,7682,9603,2162,4326,342,285,438,655,493,1087,644,1681,841,1146,833,697,4578,5574,1864,3578,36014,22177,8140,2548,25755,11,0
2021-04-17T23:59:59+02:00,818,1096,1412,2251,1617,3553,2495,5173,3977,4743,8521,8589,7669,9595,2162,4326,341,285,437,653,492,1087,643,1680,840,1144,833,697,4577,5574,1864,3578,36006,22166,8140,2548,23851,11,0
2021-04-16T23:59:59+02:00,800,1076,1269,2229,1477,3528,2410,5101,3747,4497,7270,7128,7634,9552,2150,4298,340,283,433,647,487,1084,634,1677,833,1137,827,690,4571,5566,1862,3576,34636,22094,8138,2544,21392,9,0
2021-04-15T23:59:59+02:00,778,1065,1258,2215,1455,3508,2352,5062,3657,4425,6854,6652,7593,9488,2131,4234,331,275,419,637,470,1071,601,1651,798,1109,713,603,4104,5078,1841,3549,33326,22040,8080,1205,21321,5,0
2021-04-14T23:59:59+02:00,774,1058,1235,2207,1428,3489,2305,5020,3466,4294,5578,5297,7547,9423,2112,4203,323,270,416,632,464,1067,597,1643,793,1105,696,589,4094,5071,1838,3546,30121,21965,8070,1175,21245,4,0
2021-04-13T23:59:59+02:00,770,1058,1227,2202,1414,3486,2291,5008,3448,4281,5565,5281,7542,9419,2111,4201,323,268,414,631,461,1064,594,1639,779,1103,682,584,4092,5070,1838,3546,30043,21946,8050,1138,21211,4,0
2021-04-12T23:59:59+02:00,764,1047,1214,2194,1397,3476,2260,4993,3422,4257,5544,5267,7533,9406,2108,4170,322,267,412,631,461,1058,592,1635,770,1095,677,582,4089,5069,1838,3546,29920,21922,8005,1118,21127,4,0
2021-04-11T23:59:59+02:00,754,1043,1198,2182,1379,3457,2190,4968,3290,4157,5001,4695,7009,8740,2099,4161,322,267,410,631,460,1057,587,1632,767,1095,673,579,4085,5064,1838,3546,29878,21918,5404,1091,21041,4,0
2021-04-10T23:59:59+02:00,754,1042,1197,2181,1377,3454,2189,4965,3287,4148,4958,4649,7006,8735,2099,4160,317,261,407,622,448,1042,561,1614,731,1068,565,482,3548,4459,1795,3470,29760,20295,5401,1091,21040,4,0
2021-04-09T23:59:59+02:00,751,1041,1189,2178,1372,3451,2147,4938,3196,4067,4785,4492,6976,8687,2095,4147,306,254,393,604,434,1031,535,1596,710,1039,444,395,2931,3651,1752,3396,29084,18377,5397,1090,21031,4,0
2021-04-08T23:59:59+02:00,739,1030,1174,2164,1355,3423,2070,4874,3048,3959,3703,3312,6791,8375,2087,4135,292,244,376,587,409,1014,515,1568,680,1017,427,374,2925,3645,1749,3393,28298,18168,5349,1043,18592,4,0
2021-04-07T23:59:59+02:00,732,1025,1160,2154,1335,3407,1933,4765,2697,3703,3154,2825,6692,8251,2066,4093,277,235,343,559,372,982,475,1533,645,992,399,350,2868,3586,1746,3386,26140,17720,5330,1024,18522,4,0
2021-04-06T23:59:59+02:00,715,1016,1129,2145,1311,3390,1795,4703,2397,3505,2755,2526,6616,8161,2048,4061,248,219,309,533,348,965,438,1510,611,957,365,312,2813,3513,1741,3378,24574,17249,5316,1007,18383,4,0
2021-04-05T23:59:59+02:00,711,1014,1118,2141,1308,3387,1781,4692,2388,3488,2109,1834,5870,7214,2046,4061,248,219,308,529,343,958,435,1509,606,953,362,308,2812,3509,1741,3376,24545,17240,5306,972,15311,4,0
2021-04-04T23:59:59+02:00,710,1014,1117,2141,1308,3387,1781,4691,2385,3487,2109,1830,5870,7211,2046,4061,248,219,308,529,343,958,434,1509,606,953,362,308,2811,3509,1741,3376,24537,17238,5306,972,15305,4,0
2021-04-03T23:59:59+02:00,710,1014,1117,2140,1308,3387,1779,4689,2382,3487,2108,1828,5869,7211,2046,4061,248,219,308,529,343,958,434,1509,605,953,362,308,2811,3509,1741,3376,24531,17237,5302,972,15303,4,0
2021-04-02T23:59:59+02:00,710,1013,1117,2140,1304,3386,1777,4683,2380,3485,2097,1818,5861,7195,2042,4050,248,218,308,527,343,958,433,1507,604,946,360,308,2811,3508,1741,3376,24463,17220,5298,972,15297,4,0
2021-04-01T23:59:59+02:00,706,1001,1092,2120,1193,3279,1700,4629,2121,3281,1338,1195,5692,7016,2034,4026,244,217,308,526,342,957,432,1505,603,945,358,306,2811,3508,1741,3372,24357,17208,2806,963,15260,4,0
2021-03-31T23:59:59+02:00,704,1000,1091,2116,1188,3272,1688,4624,2105,3269,1314,1163,5665,6961,1995,3940,243,217,308,525,341,957,432,1504,602,943,355,304,2807,3507,1740,3371,24060,17197,2792,955,15243,4,0
2021-03-30T23:59:59+02:00,701,992,1086,2111,1182,3267,1679,4610,2095,3255,1261,1116,5584,6822,1956,3806,243,216,308,524,338,953,427,1502,596,932,341,293,2680,3321,1647,3180,23538,16583,2770,914,15215,4,0
2021-03-29T23:59:59+02:00,699,990,1081,2103,1173,3260,1672,4596,2081,3243,1224,1082,5521,6722,1907,3689,243,215,307,523,335,951,424,1498,593,927,332,286,2398,2978,1482,2884,23097,15460,2747,912,15199,4,0
2021-03-28T23:59:59+02:00,699,986,1079,2098,1169,3253,1669,4587,2078,3239,1208,1070,5511,6701,1897,3659,241,215,305,519,329,949,422,1490,589,913,327,277,2393,2966,1481,2882,22992,15434,2729,860,15182,4,0
2021-03-27T23:59:59+01:00,640,914,1002,2025,1083,3138,1547,4473,1985,3162,1140,997,4916,5979,1897,3659,239,214,305,519,329,949,417,1487,587,911,327,277,2392,2965,1481,2882,22977,15418,2725,860,12855,3,0
2021-03-26T23:59:59+01:00,635,907,996,2016,1082,3133,1536,4465,1965,3154,1095,967,4892,5946,1896,3655,238,211,304,517,327,948,415,1486,583,904,317,272,1885,2271,1173,2322,22784,13316,2716,854,12840,3,0
2021-03-25T23:59:59+01:00,632,901,983,2004,1080,3128,1529,4454,1952,3144,1085,956,4885,5942,1896,3654,237,208,303,516,325,941,412,1481,579,894,312,268,1782,2137,1145,2263,22738,12969,2707,831,12780,3,0
2021-03-24T23:59:59+01:00,630,896,969,1989,1069,3116,1501,4439,1943,3134,1051,925,4860,5911,1891,3649,237,208,302,514,322,937,408,1474,570,878,297,257,1420,1704,1026,2050,22601,11832,2682,769,12690,3,0
2021-03-23T23:59:59+01:00,627,887,965,1979,1064,3105,1496,4426,1934,3130,1039,915,4842,5895,1891,3647,236,208,300,512,315,934,407,1474,565,874,290,250,1152,1402,943,1911,22530,11022,2673,748,12639,3,0
2021-03-22T23:59:59+01:00,626,876,962,1971,1060,3095,1488,4414,1923,3123,1036,912,4837,5894,1891,3647,234,208,299,510,314,933,404,1471,562,870,286,246,1150,1400,943,1909,22510,11007,2661,729,12584,3,0
2021-03-21T23:59:59+01:00,624,870,959,1965,1058,3089,1483,4404,1916,3116,1033,911,4837,5893,1891,3647,234,208,299,508,313,929,404,1466,555,868,277,242,1145,1395,943,1909,22508,11006,2648,686,12540,3,0
2021-03-20T23:59:59+01:00,619,859,953,1951,1043,3074,1456,4385,1879,3085,923,811,4288,5271,1847,3567,234,208,299,508,313,929,404,1466,555,868,277,241,1145,1395,942,1909,20843,11004,2648,686,12520,3,0
2021-03-19T23:59:59+01:00,609,849,933,1921,1020,3059,1420,4362,1852,3049,795,720,3649,4445,1806,3491,231,208,298,508,312,926,402,1464,550,862,275,240,1123,1372,919,1875,18862,10978,2637,584,12481,3,0
2021-03-18T23:59:59+01:00,594,829,917,1902,997,3033,1384,4319,1807,3001,670,629,3162,3936,1786,3464,226,206,294,503,310,918,399,1458,548,857,270,235,1005,1250,824,1710,18787,10602,1239,408,12404,3,0
2021-03-17T23:59:59+01:00,592,817,906,1882,986,3017,1361,4297,1790,2985,641,605,3077,3846,1781,3459,224,205,292,501,307,917,393,1453,545,853,267,231,711,919,574,1323,18482,9682,1202,33,12358,0,0
2021-03-16T23:59:59+01:00,589,802,893,1866,970,3003,1343,4283,1763,2970,616,591,3030,3772,1780,3455,224,205,291,501,307,916,390,1451,541,848,262,227,439,649,411,1048,18278,8683,1163,27,12285,0,0
2021-03-15T23:59:59+01:00,589,788,889,1850,962,2982,1337,4278,1753,2959,610,589,3029,3771,1780,3455,223,205,290,500,306,916,389,1450,539,848,262,227,439,648,410,1048,18265,8676,1141,24,12215,0,0
2021-03-14T23:59:59+01:00,588,782,882,1837,956,2978,1328,4264,1742,2949,607,585,3024,3768,1780,3455,223,205,289,500,305,914,387,1448,539,848,262,227,439,648,410,1048,18261,8674,1114,18,12150,0,0
2021-03-13T23:59:59+01:00,562,709,774,1572,830,2585,1122,3701,1468,2564,541,501,2926,3654,1779,3454,223,205,289,500,305,914,387,1448,539,848,262,227,439,648,410,1048,18257,8674,1114,18,9371,0,0
2021-03-12T23:59:59+01:00,543,603,707,1302,735,2159,942,3002,1172,1967,467,427,2889,3614,1779,3454,223,204,289,500,305,912,386,1447,539,848,262,226,415,617,371,994,18235,8520,1113,18,6414,0,0
2021-03-11T23:59:59+01:00,519,561,674,1232,687,2049,885,2849,1074,1860,435,384,2877,3606,1778,3454,223,204,288,498,304,911,386,1445,538,848,262,225,396,594,329,956,18052,8392,1065,15,5807,0,0
2021-03-10T23:59:59+01:00,504,548,635,1195,648,2018,845,2810,1039,1834,418,371,2864,3588,1777,3450,218,201,285,491,304,911,381,1437,533,842,258,219,228,453,147,732,17775,7631,1045,9,5724,0,0
2021-03-09T23:59:59+01:00,484,530,606,1167,629,1998,823,2782,1019,1811,399,354,2745,3412,1680,3253,218,201,283,489,303,910,380,1434,533,839,256,218,228,452,147,732,17016,7623,1030,0,5646,0,0
2021-03-08T23:59:59+01:00,469,503,586,1139,610,1978,807,2761,1000,1783,375,327,2457,3059,1512,2955,218,200,283,487,302,905,380,1429,533,837,255,216,228,451,147,732,15773,7603,1002,0,5546,0,0
2021-03-07T23:59:59+01:00,467,498,578,1124,600,1971,804,2747,996,1776,374,325,2452,3051,1511,2954,218,200,283,486,302,903,380,1426,533,837,255,216,228,451,147,732,15747,7597,993,0,5488,0,0
2021-03-06T23:59:59+01:00,467,493,574,1113,597,1970,798,2738,991,1771,374,325,2452,3051,1511,2954,218,200,283,486,302,903,380,1426,533,836,254,216,228,451,147,732,15739,7595,993,0,5447,0,0
2021-03-05T23:59:59+01:00,461,476,567,1100,592,1963,793,2730,984,1763,359,316,1913,2322,1196,2361,215,195,279,486,299,902,378,1423,531,832,254,216,212,445,144,723,13504,7534,993,0,5399,0,0
2021-03-04T23:59:59+01:00,450,444,539,1069,573,1902,767,2675,963,1722,355,311,1810,2190,1167,2302,204,188,271,477,298,895,376,1409,529,829,253,216,212,445,144,723,13151,7469,987,0,5101,0,0
2021-03-03T23:59:59+01:00,447,434,529,1039,556,1866,743,2627,947,1691,347,306,1450,1756,1045,2083,203,187,270,476,297,894,372,1401,528,823,251,214,211,442,142,720,11993,7431,978,0,4895,0,0
2021-03-02T23:59:59+01:00,444,425,522,1009,542,1844,734,2604,937,1674,338,296,1171,1449,959,1943,203,185,269,464,294,889,372,1391,528,818,251,214,211,442,142,720,11170,7393,943,0,4778,0,0
2021-03-01T23:59:59+01:00,442,417,512,982,523,1818,722,2575,930,1659,334,291,1169,1443,959,1940,202,182,269,455,290,878,370,1376,526,814,249,212,210,441,142,720,11151,7336,907,0,4658,0,0
2021-02-28T23:59:59+01:00,439,413,508,973,519,1807,719,2565,924,1645,331,287,1169,1441,959,1940,201,181,269,455,290,877,370,1376,525,814,249,212,210,441,142,720,11151,7332,880,0,4608,0,0
2021-02-27T23:59:59+01:00,438,409,503,967,517,1802,716,2556,920,1642,330,286,1169,1441,958,1940,201,181,269,455,290,877,369,1376,525,814,249,212,210,441,142,720,11148,7331,880,0,4566,0,0
2021-02-26T23:59:59+01:00,389,356,429,785,445,1466,578,2140,751,1348,320,276,1169,1438,958,1940,201,179,269,452,288,866,367,1371,523,811,249,212,210,441,142,720,11139,7301,869,0,2780,0,0
2021-02-25T23:59:59+01:00,369,345,417,762,434,1430,564,2096,734,1314,311,269,1076,1338,896,1828,147,166,252,446,279,854,357,1357,518,807,249,210,210,441,142,720,10737,7155,839,0,2607,0,0
2021-02-24T23:59:59+01:00,364,337,411,745,428,1392,548,2043,712,1279,303,258,844,1079,735,1551,147,160,251,440,275,845,356,1343,511,801,246,208,209,440,141,718,9798,7091,797,0,2434,0,0
2021-02-23T23:59:59+01:00,361,324,403,730,419,1371,538,2006,695,1263,291,249,565,796,569,1281,147,159,250,438,273,838,356,1334,510,797,245,207,208,440,139,717,8791,7058,753,0,2317,0,0
2021-02-22T23:59:59+01:00,361,321,402,723,418,1364,533,1997,691,1259,291,246,564,794,569,1280,147,153,245,428,270,820,353,1310,505,791,242,206,208,440,139,717,8786,6974,741,0,2286,0,0
2021-02-21T23:59:59+01:00,358,320,399,718,416,1358,531,1987,684,1256,282,242,559,789,568,1280,147,152,244,428,269,818,350,1307,498,788,241,205,207,439,138,708,8782,6939,700,0,2265,0,0
2021-02-20T23:59:59+01:00,358,317,399,716,416,1349,530,1978,682,1253,282,242,559,789,568,1280,147,152,244,428,269,818,349,1307,498,788,241,205,207,439,138,708,8782,6938,700,0,2236,0,0
2021-02-19T23:59:59+01:00,311,288,367,632,380,1178,470,1763,607,1085,280,238,514,736,506,1189,147,152,244,428,268,818,349,1307,498,788,241,205,207,439,138,708,8623,6937,594,0,1327,0,0
2021-02-18T23:59:59+01:00,309,282,359,621,368,1159,457,1747,599,1079,280,236,445,667,414,1080,144,148,239,423,262,812,346,1298,495,787,239,204,207,439,138,708,8442,6889,417,0,1243,0,0
2021-02-17T23:59:59+01:00,302,276,348,608,359,1149,436,1730,592,1070,275,229,216,459,148,739,135,133,236,419,257,794,340,1282,489,780,235,202,206,439,138,708,7715,6793,31,0,1190,0,0
2021-02-16T23:59:59+01:00,298,274,338,605,350,1140,428,1717,588,1064,272,226,215,458,148,739,101,117,219,394,246,766,324,1241,457,744,215,187,198,424,137,701,7707,6471,27,0,1126,0,0
2021-02-15T23:59:59+01:00,296,273,336,601,348,1132,427,1707,584,1060,272,226,215,457,147,739,100,115,215,383,237,752,315,1212,439,723,204,180,186,395,130,652,7699,6238,24,0,1097,0,0
2021-02-14T23:59:59+01:00,294,269,331,600,344,1123,423,1701,582,1057,272,226,215,457,147,739,96,114,208,377,234,744,309,1196,436,713,203,177,186,384,130,643,7690,6150,19,0,1071,0,0
2021-02-13T23:59:59+01:00,294,269,331,600,344,1123,422,1701,582,1056,271,226,215,457,147,739,96,114,208,377,234,744,309,1196,436,713,203,177,186,384,130,643,7688,6150,19,0,1070,0,0
2021-02-12T23:59:59+01:00,224,204,292,509,313,927,391,1458,546,853,264,223,215,457,147,739,93,113,205,376,231,741,303,1191,433,709,201,176,186,384,130,643,7676,6115,19,0,67,0,0
2021-02-11T23:59:59+01:00,221,202,287,497,307,912,385,1440,538,846,264,223,215,457,147,739,92,107,192,346,220,702,283,1133,418,671,200,173,186,379,130,640,7636,5872,16,0,28,0,0
2021-02-10T23:59:59+01:00,218,195,283,492,303,909,378,1429,536,838,262,221,213,455,147,738,85,100,177,316,207,642,267,1046,395,627,190,158,171,347,118,597,7594,5443,10,0,13,0,0
2021-02-09T23:59:59+01:00,211,188,281,481,302,902,378,1417,534,831,259,220,213,454,147,738,74,80,139,250,175,536,233,842,337,514,173,130,151,311,109,531,7548,4585,2,0,6,0,0
2021-02-08T23:59:59+01:00,206,181,278,470,298,890,374,1399,529,825,255,216,212,452,145,735,42,58,99,156,127,289,168,459,241,341,151,106,122,258,88,434,7457,3139,2,0,6,0,0
2021-02-07T23:59:59+01:00,204,179,275,469,297,888,373,1397,528,825,254,215,212,452,145,735,24,49,82,135,122,268,157,426,226,315,143,101,114,246,83,401,7447,2892,1,0,0,0,0
2021-02-06T23:59:59+01:00,204,179,275,469,297,888,373,1397,528,825,254,215,212,452,145,735,24,46,79,133,111,254,148,408,193,292,130,101,113,241,82,390,7447,2745,1,0,0,0,0
2021-02-05T23:59:59+01:00,204,177,275,466,296,874,370,1392,525,822,254,214,212,452,145,734,23,41,75,125,105,240,141,382,181,274,123,97,110,235,75,374,7411,2601,1,0,0,0,0
2021-02-04T23:59:59+01:00,195,172,275,462,290,863,367,1380,516,816,253,212,211,451,145,732,14,26,50,85,81,183,116,292,152,226,110,89,101,217,67,335,7340,2144,0,0,0,0,0
2021-02-03T23:59:59+01:00,177,166,268,456,286,859,365,1369,516,815,252,212,211,451,145,731,14,24,44,71,74,148,92,265,133,190,89,75,87,185,61,294,7279,1846,0,0,0,0,0
2021-02-02T23:59:59+01:00,154,160,258,453,282,851,361,1359,515,812,251,212,210,451,144,730,13,21,35,65,63,126,75,217,105,144,59,55,62,119,40,190,7203,1389,0,0,0,0,0
2021-02-01T23:59:59+01:00,149,153,252,439,279,833,360,1334,509,802,247,210,210,451,144,730,7,14,17,35,38,72,43,108,58,62,24,29,28,48,22,98,7102,703,0,0,0,0,0
2021-01-31T23:59:59+01:00,148,151,249,437,278,829,358,1329,505,800,247,208,209,450,144,730,5,9,14,22,31,52,29,59,37,38,12,9,13,29,17,59,7072,435,0,0,0,0,0
2021-01-30T23:59:59+01:00,148,151,249,437,278,827,357,1329,505,800,247,208,209,450,144,730,5,9,12,18,28,46,24,50,34,37,12,9,13,29,17,59,7069,402,0,0,0,0,0
2021-01-29T23:59:59+01:00,148,151,249,437,277,827,357,1329,505,800,247,208,209,450,144,730,4,8,8,17,26,37,19,42,30,34,12,9,12,27,17,59,7068,361,0,0,0,0,0
2021-01-28T23:59:59+01:00,146,148,245,429,272,823,355,1321,501,799,247,208,209,450,144,730,1,3,2,7,15,15,11,20,12,18,8,5,6,15,4,23,7027,165,0,0,0,0,0
2021-01-27T23:59:59+01:00,137,138,244,424,268,814,351,1313,495,794,242,206,208,449,144,730,0,0,1,3,11,11,8,15,10,13,7,5,6,15,4,23,6957,132,0,0,0,0,0
2021-01-26T23:59:59+01:00,105,122,229,411,260,786,339,1276,470,763,222,194,200,435,144,722,0,0,1,3,11,11,8,15,10,13,7,5,6,15,4,23,6678,132,0,0,0,0,0
2021-01-25T23:59:59+01:00,102,115,226,391,245,766,327,1241,449,742,209,185,190,409,139,674,0,0,1,3,11,8,7,9,7,9,7,5,6,15,4,23,6410,115,0,0,0,0,0
2021-01-24T23:59:59+01:00,102,114,222,385,244,762,324,1225,447,731,208,182,190,398,139,664,0,0,1,3,11,8,7,9,7,9,7,5,6,15,4,23,6337,115,0,0,0,0,0
2021-01-23T23:59:59+01:00,102,114,222,385,244,762,324,1225,447,731,208,182,190,398,139,664,0,0,1,3,11,8,7,9,7,9,7,5,6,15,4,23,6337,115,0,0,0,0,0
2021-01-22T23:59:59+01:00,102,113,220,383,244,759,320,1221,443,727,206,181,190,398,139,664,0,0,1,3,11,8,7,9,7,9,7,5,6,15,4,23,6310,115,0,0,0,0,0
2021-01-21T23:59:59+01:00,102,107,204,351,234,719,296,1164,430,702,205,177,189,392,138,661,0,0,1,1,9,7,6,7,6,8,7,5,6,15,4,23,6071,105,0,0,0,0,0
2021-01-20T23:59:59+01:00,94,101,191,326,221,652,282,1068,403,653,195,165,173,360,127,618,0,0,1,1,9,7,6,7,6,8,7,5,6,15,4,23,5629,105,0,0,0,0,0
2021-01-19T23:59:59+01:00,84,87,154,277,199,588,258,934,361,558,179,137,153,317,114,543,0,0,1,1,3,7,5,6,4,6,6,4,6,15,4,23,4943,91,0,0,0,0,0
2021-01-18T23:59:59+01:00,71,77,130,230,179,477,226,775,324,478,164,119,129,268,94,461,0,0,0,1,2,3,2,1,2,5,5,4,6,15,4,21,4202,71,0,0,0,0,0
2021-01-17T23:59:59+01:00,45,59,107,201,166,412,208,683,297,425,154,111,117,250,80,405,0,0,0,0,2,3,1,1,2,4,5,4,6,15,4,21,3720,68,0,0,0,0,0
2021-01-16T23:59:59+01:00,38,56,106,198,154,396,196,660,264,402,141,111,116,245,79,394,0,0,0,0,0,0,0,0,0,0,0,0,0,0,0,0,3556,0,0,0,0,0,0
2021-01-15T23:59:59+01:00,36,52,102,190,143,382,189,630,249,382,134,103,112,238,72,378,0,0,0,0,0,0,0,0,0,0,0,0,0,0,0,0,3392,0,0,0,0,0,0
2021-01-14T23:59:59+01:00,13,29,52,83,84,177,118,292,149,224,116,91,100,219,63,339,0,0,0,0,0,0,0,0,0,0,0,0,0,0,0,0,2149,0,0,0,0,0,0
2021-01-13T23:59:59+01:00,12,25,41,69,77,142,95,266,123,189,86,72,79,176,52,270,0,0,0,0,0,0,0,0,0,0,0,0,0,0,0,0,1774,0,0,0,0,0,0
2021-01-12T23:59:59+01:00,12,21,37,63,65,118,78,213,96,138,54,49,52,103,28,157,0,0,0,0,0,0,0,0,0,0,0,0,0,0,0,0,1284,0,0,0,0,0,0
2021-01-11T23:59:59+01:00,5,16,25,43,43,84,52,131,57,67,24,26,23,39,13,69,0,0,0,0,0,0,0,0,0,0,0,0,0,0,0,0,717,0,0,0,0,0,0
2021-01-10T23:59:59+01:00,2,10,21,27,36,60,33,80,35,39,9,6,7,19,8,29,0,0,0,0,0,0,0,0,0,0,0,0,0,0,0,0,421,0,0,0,0,0,0
2021-01-09T23:59:59+01:00,2,9,19,24,34,56,29,70,33,38,9,6,7,19,8,29,0,0,0,0,0,0,0,0,0,0,0,0,0,0,0,0,392,0,0,0,0,0,0
2021-01-08T23:59:59+01:00,1,8,17,22,31,47,23,59,29,36,8,6,6,17,8,29,0,0,0,0,0,0,0,0,0,0,0,0,0,0,0,0,347,0,0,0,0,0,0
2021-01-07T23:59:59+01:00,1,3,2,8,16,15,12,20,13,18,8,6,6,16,6,24,0,0,0,0,0,0,0,0,0,0,0,0,0,0,0,0,174,0,0,0,0,0,0
2021-01-06T23:59:59+01:00,1,0,2,3,14,12,8,15,11,13,8,6,6,16,6,24,0,0,0,0,0,0,0,0,0,0,0,0,0,0,0,0,145,0,0,0,0,0,0
2021-01-05T23:59:59+01:00,0,0,1,3,12,11,8,15,10,13,7,6,6,16,6,24,0,0,0,0,0,0,0,0,0,0,0,0,0,0,0,0,138,0,0,0,0,0,0
2021-01-04T23:59:59+01:00,0,0,1,3,12,10,7,11,8,11,7,6,6,16,6,24,0,0,0,0,0,0,0,0,0,0,0,0,0,0,0,0,128,0,0,0,0,0,0
2021-01-03T23:59:59+01:00,0,0,1,3,11,8,7,9,7,9,7,6,6,16,6,24,0,0,0,0,0,0,0,0,0,0,0,0,0,0,0,0,120,0,0,0,0,0,0
2021-01-02T23:59:59+01:00,0,0,1,3,11,8,7,9,7,9,7,6,6,16,6,24,0,0,0,0,0,0,0,0,0,0,0,0,0,0,0,0,120,0,0,0,0,0,0
2021-01-01T23:59:59+01:00,0,0,1,3,11,8,7,9,7,9,7,6,6,16,6,24,0,0,0,0,0,0,0,0,0,0,0,0,0,0,0,0,120,0,0,0,0,0,0
2020-12-31T23:59:59+01:00,0,0,1,3,11,8,7,9,7,9,7,6,6,16,6,24,0,0,0,0,0,0,0,0,0,0,0,0,0,0,0,0,120,0,0,0,0,0,0
2020-12-30T23:59:59+01:00,0,0,1,3,11,8,7,9,7,9,7,6,6,16,6,24,0,0,0,0,0,0,0,0,0,0,0,0,0,0,0,0,120,0,0,0,0,0,0
2020-12-29T23:59:59+01:00,0,0,1,3,8,8,6,9,6,7,7,6,6,16,6,24,0,0,0,0,0,0,0,0,0,0,0,0,0,0,0,0,113,0,0,0,0,0,0
2020-12-28T23:59:59+01:00,0,0,1,1,5,5,6,2,4,6,7,6,6,16,6,24,0,0,0,0,0,0,0,0,0,0,0,0,0,0,0,0,95,0,0,0,0,0,0
2020-12-27T23:59:59+01:00,0,0,0,0,2,3,1,1,2,4,5,5,6,15,6,24,0,0,0,0,0,0,0,0,0,0,0,0,0,0,0,0,74,0,0,0,0,0,0
