Datum,<15_m,<15_w,15-24_1_m,15-24_1_w,25-34_1_m,25-34_1_w,35-44_1_m,35-44_1_w,45-54_1_m,45-54_1_w,55-64_1_m,55-64_1_w,65-74_1_m,65-74_1_w,75-84_1_m,75-84_1_w,>84_1_m,>84_1_w,<24_2_m,<24_2_w,25-34_2_m,25-34_2_w,35-44_2_m,35-44_2_w,45-54_2_m,45-54_2_w,55-64_2_m,55-64_2_w,65-74_2_m,65-74_2_w,75-84_2_m,75-84_2_w,>84_2_m,>84_2_w,bp_1,bp_2,mo_1,mo_2,az_1,az_2,ja,unb_1,unb_2
2021-07-16T23:59:59+02:00,681,566,7107,6846,9103,8488,11583,12108,15795,16339,19251,19452,15767,16489,8836,10756,2801,5364,3016,3029,5622,5570,7844,8554,12714,13616,17552,18003,15089,15779,8508,10361,2726,5198,134090,106133,18942,14708,27770,25849,6527,3,5
2021-07-15T23:59:59+02:00,679,566,7095,6840,9099,8487,11573,12104,15785,16333,19247,19446,15766,16487,8832,10754,2800,5355,2984,2996,5558,5533,7759,8506,12647,13576,17524,17984,15067,15765,8500,10354,2725,5189,134053,105907,18940,14578,27769,25734,6483,3,5
2021-07-14T23:59:59+02:00,677,565,7086,6831,9095,8485,11567,12100,15779,16330,19242,19441,15764,16484,8829,10751,2799,5351,2961,2984,5517,5502,7725,8484,12615,13560,17507,17973,15060,15762,8497,10350,2725,5185,134020,105756,18939,14545,27768,25695,6446,3,5
2021-07-13T23:59:59+02:00,672,562,7064,6814,9084,8469,11558,12086,15768,16312,19234,19434,15755,16480,8825,10741,2794,5343,2904,2934,5456,5436,7566,8354,12366,13345,17353,17847,15042,15750,8485,10337,2720,5174,133900,104560,18939,14493,27765,25660,6388,3,5
2021-07-12T23:59:59+02:00,666,555,7052,6799,9075,8458,11547,12077,15765,16300,19223,19430,15753,16476,8823,10741,2794,5340,2846,2881,5374,5361,7419,8240,12118,13134,17174,17704,15032,15745,8481,10330,2719,5174,133792,103328,18937,14442,27762,25611,6380,3,5
2021-07-11T23:59:59+02:00,665,554,7044,6796,9066,8449,11541,12069,15755,16297,19218,19425,15753,16473,8822,10739,2794,5340,2815,2846,5298,5285,7322,8155,11956,12980,17048,17572,15026,15734,8480,10327,2719,5174,133750,102446,18933,14392,27762,25575,6352,3,5
2021-07-10T23:59:59+02:00,493,397,6481,6252,8840,8266,11302,11876,15598,16166,19163,19376,15745,16463,8818,10734,2793,5339,2785,2814,5250,5243,7241,8075,11857,12884,16970,17505,15010,15719,8477,10317,2716,5172,131068,101761,18933,14390,27762,25570,6336,3,5
2021-07-09T23:59:59+02:00,482,390,6421,6224,8814,8230,11262,11847,15571,16153,19150,19360,15744,16460,8818,10731,2793,5339,2731,2748,5167,5175,7063,7901,11450,12586,16677,17301,14991,15692,8470,10312,2715,5170,130975,100750,18723,13536,27761,25556,6327,3,5
2021-07-08T23:59:59+02:00,477,388,6105,5964,8440,7942,10883,11540,15235,15909,18891,19188,15722,16437,8809,10724,2790,5338,2669,2698,5088,5102,6925,7812,11253,12444,16532,17179,14984,15684,8470,10310,2715,5169,130893,99899,15830,13374,27758,25482,6298,3,5
2021-07-07T23:59:59+02:00,475,384,6090,5951,8417,7926,10869,11524,15223,15900,18890,19183,15720,16434,8808,10722,2790,5336,2621,2643,4999,5045,6790,7720,11021,12265,16372,17047,14976,15678,8466,10305,2715,5169,130783,98883,15822,13256,27756,25434,6278,3,5
2021-07-06T23:59:59+02:00,449,363,5990,5858,8336,7861,10796,11456,15189,15861,18867,19167,15713,16424,8805,10720,2787,5334,2552,2573,4860,4933,6603,7587,10632,11855,16002,16674,14951,15645,8458,10298,2714,5165,130173,96736,15814,13173,27751,25374,6235,3,5
2021-07-05T23:59:59+02:00,408,329,5811,5687,8219,7765,10684,11343,15129,15794,18838,19135,15707,16416,8801,10715,2784,5333,2498,2498,4763,4836,6474,7451,10288,11540,15730,16370,14921,15615,8450,10283,2714,5160,129128,94957,15810,13115,27748,25320,6209,3,5
2021-07-04T23:59:59+02:00,388,299,5737,5609,8162,7710,10617,11287,15098,15762,18824,19116,15701,16413,8800,10713,2784,5331,2480,2467,4702,4790,6415,7401,10152,11431,15628,16299,14917,15609,8448,10282,2713,5160,128625,94393,15803,13048,27743,25285,6177,3,5
2021-07-03T23:59:59+02:00,383,297,5719,5601,8153,7701,10606,11284,15091,15756,18821,19114,15700,16413,8800,10713,2784,5331,2445,2436,4607,4761,6308,7376,10094,11387,15525,16214,14243,14902,8429,10257,2713,5160,128559,94280,15801,13046,27742,23377,6162,3,5
2021-07-02T23:59:59+02:00,339,260,5531,5450,8079,7626,10508,11187,15027,15700,18802,19108,15696,16409,8795,10711,2782,5328,2398,2388,4460,4684,6128,7302,9942,11235,15340,16016,13476,14011,8421,10242,2713,5159,127644,93722,15799,13004,27741,21046,6151,3,5
2021-07-01T23:59:59+02:00,278,207,5316,5270,7952,7515,10371,11062,14898,15605,18758,19084,15688,16402,8790,10705,2782,5327,2280,2267,4285,4512,5895,7053,9166,10555,14714,15546,13451,13983,8416,10238,2709,5157,126363,90248,15789,12909,27741,20962,6114,3,5
2021-06-30T23:59:59+02:00,151,119,4846,4802,7622,7246,10027,10729,14674,15431,18700,19041,15677,16391,8786,10697,2782,5325,2243,2222,4201,4443,5785,6959,8998,10434,14625,15470,13437,13975,8413,10235,2709,5155,123437,89662,15783,12736,27741,20830,6082,3,5
2021-06-29T23:59:59+02:00,115,98,4563,4522,7375,7028,9738,10431,14476,15242,18638,18980,15625,16341,8768,10682,2781,5321,2177,2140,4061,4306,5580,6782,8775,10209,14335,15248,13389,13926,8401,10211,2707,5142,121383,88232,15780,12584,27739,20758,5819,3,5
2021-06-28T23:59:59+02:00,99,78,4427,4378,7271,6918,9617,10302,14387,15135,18594,18939,15609,16325,8754,10671,2778,5319,2093,2014,3879,4101,5300,6440,8394,9701,13809,14716,13274,13837,8383,10187,2704,5130,120372,85051,15771,12502,27736,20693,5719,3,3
2021-06-27T23:59:59+02:00,94,76,4376,4329,7213,6862,9555,10248,14355,15103,18574,18922,15592,16313,8747,10664,2777,5314,2040,1979,3815,4055,5190,6327,8226,9573,13636,14605,13249,13819,8375,10178,2701,5128,120008,84264,15768,12468,27734,20565,5601,3,3
2021-06-26T23:59:59+02:00,81,74,4334,4302,7182,6835,9537,10227,14336,15088,18562,18909,15588,16306,8747,10664,2777,5314,1964,1887,3626,3896,4976,6070,7861,9118,13288,14310,13169,13762,8355,10150,2696,5119,119771,81630,15764,12468,27734,20560,5591,3,3
2021-06-25T23:59:59+02:00,69,61,4024,3977,6916,6596,9245,9935,14114,14902,18480,18854,15543,16259,8728,10645,2775,5307,1899,1803,3464,3778,4784,5842,7539,8705,12980,13975,13120,13707,8342,10126,2690,5113,117377,79296,15737,12437,27733,20556,5580,3,3
2021-06-24T23:59:59+02:00,62,54,3931,3885,6818,6512,9146,9843,14014,14816,18451,18820,15528,16243,8722,10637,2775,5307,1831,1727,3351,3683,4585,5700,7323,8511,12730,13778,12288,12782,8163,9862,2690,5112,116645,78092,15727,12333,27729,18233,5460,3,3
2021-06-23T23:59:59+02:00,49,49,3526,3513,6367,6165,8615,9339,13680,14518,18316,18685,15425,16152,8679,10601,2772,5293,1695,1552,3099,3483,4174,5376,6384,7807,11994,13081,12266,12770,8153,9855,2690,5108,113731,77475,15481,9027,27728,18186,4801,3,3
2021-06-22T23:59:59+02:00,40,41,3454,3442,6294,6107,8512,9263,13630,14474,18283,18668,15414,16145,8678,10596,2772,5290,1655,1498,2996,3382,4033,5227,6132,7624,11395,12380,12177,12678,8136,9822,2686,5100,113116,75167,15477,8946,27726,18029,4781,3,3
2021-06-21T23:59:59+02:00,34,38,3384,3381,6201,6053,8452,9192,13571,14430,18250,18647,15411,16143,8670,10592,2772,5289,1618,1447,2906,3285,3909,5078,5937,7399,10638,11461,11795,12228,7080,8606,2680,5094,112602,72518,15470,8845,27712,15076,4723,3,3
2021-06-20T23:59:59+02:00,34,37,3358,3361,6154,6021,8407,9163,13544,14415,18239,18643,15410,16143,8670,10592,2772,5289,1599,1431,2870,3259,3859,5041,5884,7376,10553,11388,11775,12209,7078,8599,2679,5094,112430,72208,15454,8769,27712,15064,4653,3,3
2021-06-19T23:59:59+02:00,32,35,3331,3338,6126,6001,8378,9144,13520,14409,18233,18638,15410,16142,8670,10592,2772,5289,1595,1421,2865,3250,3852,5036,5870,7371,10542,11381,11775,12209,7078,8598,2679,5094,112243,72132,15449,8769,27712,15062,4653,3,3
2021-06-18T23:59:59+02:00,28,30,3290,3296,6050,5962,8311,9092,13474,14379,18210,18628,15409,16140,8669,10591,2772,5289,1524,1328,2731,3075,3671,4762,5479,6996,9068,9832,11611,12041,7037,8548,2667,5076,111864,67010,15424,8768,27712,15051,4617,3,3
2021-06-17T23:59:59+02:00,26,27,3226,3245,5984,5925,8241,9040,13403,14334,18187,18617,15407,16135,8669,10588,2772,5286,1395,1236,2543,2864,3413,4477,5122,6609,8403,9109,11329,11801,6996,8491,2663,5073,111502,63343,15395,8653,27709,15025,4503,3,3
2021-06-16T23:59:59+02:00,26,24,3172,3185,5871,5860,8124,8947,13277,14249,18121,18582,15401,16127,8669,10585,2772,5286,1299,1181,2403,2757,3230,4321,4839,6341,7333,7826,11239,11695,6967,8454,2650,5055,110871,59612,15321,8606,27706,14995,4377,3,3
2021-06-15T23:59:59+02:00,21,23,3075,3103,5754,5771,7936,8771,13017,14029,17969,18457,15386,16116,8661,10579,2772,5284,1261,1150,2332,2703,3123,4247,4638,6216,7023,7575,10744,11135,6935,8419,2642,5042,109456,57376,15293,8574,27698,14962,4274,3,2
2021-06-14T23:59:59+02:00,20,21,3003,3034,5676,5714,7795,8652,12729,13793,17785,18285,15371,16102,8654,10574,2771,5283,1234,1122,2266,2647,2998,4151,4443,6077,6686,7274,10219,10527,6905,8382,2638,5033,108082,55022,15285,8469,27694,14915,4198,3,1
2021-06-13T23:59:59+02:00,20,21,2985,3002,5610,5677,7732,8586,12590,13658,17680,18163,15365,16093,8653,10571,2770,5283,1224,1110,2235,2633,2962,4140,4400,6057,6654,7258,10215,10520,6905,8381,2638,5033,107348,54883,15274,8463,27689,14876,4145,3,1
2021-06-12T23:59:59+02:00,18,21,2956,2985,5582,5652,7702,8568,12570,13640,17671,18160,15364,16092,8653,10571,2770,5283,1167,1048,2145,2558,2866,4005,4259,5926,6544,7173,10134,10442,6309,7655,2638,5033,107150,54768,15273,8463,27689,12530,4143,3,1
2021-06-11T23:59:59+02:00,18,18,2880,2909,5513,5587,7519,8382,12160,13334,17392,17957,15348,16067,8647,10563,2768,5281,1145,1031,2093,2518,2802,3957,4176,5864,6438,7088,10033,10329,6296,7649,2636,5027,106136,54246,14384,8212,27688,12494,4132,3,1
2021-06-10T23:59:59+02:00,14,16,2825,2867,5413,5536,7386,8301,11976,13195,17256,17840,15343,16063,8647,10562,2767,5280,1106,1006,2020,2452,2700,3882,4008,5735,6197,6876,9783,10062,6276,7621,2630,5021,105220,52693,14310,8209,27683,12404,4071,3,1
2021-06-09T23:59:59+02:00,13,14,2749,2798,5288,5442,7164,8129,11699,12953,17069,17693,15331,16049,8643,10553,2767,5277,1049,944,1890,2334,2497,3700,3680,5450,5584,6372,8965,9161,6219,7545,2617,4986,104015,48709,14159,8192,27674,12314,3780,3,1
2021-06-08T23:59:59+02:00,10,10,2652,2695,5154,5316,6969,7947,11266,12528,16692,17305,15312,16022,8632,10547,2766,5272,1012,916,1823,2270,2392,3627,3537,5386,5436,6243,8933,9142,6217,7535,2615,4982,101815,48204,14132,8143,27672,12248,3473,3,1
2021-06-07T23:59:59+02:00,8,9,2523,2597,4965,5187,6761,7784,10789,12169,16349,17011,15286,15994,8626,10530,2765,5268,941,879,1697,2216,2253,3545,3284,5297,5082,5961,8385,8519,6163,7476,2611,4973,99884,45997,14089,8129,27663,12176,2982,3,1
2021-06-06T23:59:59+02:00,8,7,2488,2573,4904,5129,6674,7728,10652,12059,16257,16947,15283,15990,8626,10530,2763,5267,925,869,1668,2197,2211,3518,3218,5273,5034,5937,8380,8518,6158,7469,2611,4972,99299,45843,14037,8120,27657,12108,2889,3,1
2021-06-05T23:59:59+02:00,7,6,2476,2551,4875,5103,6636,7701,10621,12031,16248,16941,15283,15990,8626,10530,2763,5267,909,854,1637,2170,2172,3466,3116,5192,4680,5613,7783,7818,6130,7416,2610,4970,99076,43471,14037,8115,27654,12067,2885,3,1
2021-06-04T23:59:59+02:00,6,5,2447,2523,4830,5058,6587,7650,10533,11928,16196,16878,15279,15983,8626,10529,2762,5266,898,837,1616,2151,2133,3429,3065,5133,4518,5425,7481,7452,6094,7374,2608,4964,98549,42198,14032,8113,27654,12021,2848,3,1
2021-06-03T23:59:59+02:00,6,5,2342,2392,4679,4887,6382,7402,9833,11295,15606,16430,15268,15974,8623,10524,2761,5265,881,807,1575,2091,2084,3351,2977,5024,4374,5260,7325,7264,6082,7347,2608,4960,95217,41159,13993,8103,27649,11938,2812,3,1
2021-06-02T23:59:59+02:00,6,5,2325,2367,4637,4854,6326,7364,9733,11206,15548,16377,15260,15970,8622,10520,2761,5264,868,795,1557,2068,2032,3315,2892,4938,4013,4872,6768,6629,6039,7291,2604,4950,94692,38830,13993,8099,27649,11895,2808,3,1
2021-06-01T23:59:59+02:00,6,4,2263,2326,4517,4765,6162,7254,9545,11059,15441,16301,15257,15966,8618,10516,2760,5259,836,769,1493,2018,1920,3253,2736,4847,3810,4745,6557,6399,6017,7273,2598,4943,93831,37748,13943,8078,27637,11783,2605,3,1
2021-05-31T23:59:59+02:00,2,4,2213,2267,4418,4671,6021,7127,9359,10915,15356,16247,15249,15959,8615,10516,2760,5259,813,733,1436,1960,1852,3205,2562,4795,3680,4693,6201,5985,5994,7252,2595,4935,93111,36577,13857,8072,27628,11683,2359,3,1
2021-05-30T23:59:59+02:00,2,4,2188,2245,4361,4610,5932,7067,9285,10853,15319,16228,15248,15957,8615,10516,2760,5259,801,723,1414,1939,1802,3182,2429,4760,3575,4675,6199,5983,5994,7252,2595,4935,92666,36262,13817,8049,27619,11603,2344,3,1
2021-05-29T23:59:59+02:00,2,4,2171,2230,4343,4599,5915,7051,9271,10840,15314,16225,15247,15957,8615,10516,2760,5259,783,671,1320,1681,1669,2822,2230,4213,3297,4248,6109,5889,5883,7119,2594,4935,92540,36213,13814,8044,27618,8862,2344,3,1
2021-05-28T23:59:59+02:00,2,4,2151,2207,4305,4554,5871,7006,9195,10770,15247,16173,15243,15955,8615,10516,2760,5258,764,581,1243,1431,1570,2421,2051,3523,3034,3652,5472,5149,5801,7028,2590,4922,92069,34916,13801,8044,27616,5929,2343,3,1
2021-05-27T23:59:59+02:00,2,4,2108,2169,4220,4487,5747,6932,9040,10670,15150,16090,15241,15954,8615,10515,2760,5258,735,546,1209,1350,1528,2286,1984,3381,2922,3532,5038,4665,5768,6989,2579,4893,91388,33796,13652,8035,27592,5247,2327,3,1
2021-05-26T23:59:59+02:00,2,4,2040,2051,4023,4342,5404,6671,8073,9928,14392,15386,15229,15948,8611,10509,2758,5256,724,530,1183,1292,1482,2232,1927,3270,2770,3385,3733,3289,5709,6916,2556,4836,90613,30529,10132,8020,27578,4984,2301,3,1
2021-05-25T23:59:59+02:00,2,4,1999,2012,3940,4275,5308,6605,7938,9821,14019,14953,15181,15911,8604,10494,2756,5252,715,520,1153,1257,1460,2209,1907,3243,2745,3360,3727,3279,5702,6913,2554,4835,89275,30443,9984,8011,27561,4874,2251,3,1
2021-05-24T23:59:59+02:00,2,4,1973,1967,3852,4201,5203,6523,7814,9697,13507,14339,15130,15843,8597,10480,2755,5247,709,513,1133,1246,1430,2196,1886,3225,2720,3338,3711,3261,5680,6889,2547,4819,87484,30316,9905,7960,27550,4835,2192,3,1
2021-05-23T23:59:59+02:00,2,4,1964,1954,3833,4178,5185,6510,7762,9666,13433,14277,15119,15839,8595,10479,2754,5247,702,504,1123,1234,1408,2174,1832,3191,2615,3243,3304,2828,5040,6080,2533,4774,87251,30145,9805,5434,27550,4814,2192,3,1
2021-05-22T23:59:59+02:00,2,4,1800,1912,3531,4128,4784,6466,7506,9610,13308,14198,15113,15838,8595,10478,2754,5247,543,473,830,1192,1033,2138,1593,3138,2501,3168,3300,2826,5040,6079,2533,4774,87101,30133,9805,5434,27548,4777,817,3,1
2021-05-21T23:59:59+02:00,2,4,1715,1803,3377,3936,4595,6171,7109,9244,12023,12858,14962,15690,8558,10431,2745,5236,540,461,821,1190,1032,2131,1558,3108,2424,3091,3127,2689,5014,6036,2530,4759,82332,29502,9765,5434,27543,4759,816,3,1
2021-05-20T23:59:59+02:00,2,4,1678,1767,3286,3885,4488,6090,6934,9165,11812,12631,14942,15672,8555,10424,2744,5235,521,448,781,1144,976,2067,1440,3037,2298,2994,2939,2520,4974,5960,2522,4744,81503,28761,9662,5419,27487,4525,660,2,1
2021-05-19T23:59:59+02:00,2,4,1655,1741,3229,3829,4394,6026,6820,9103,11580,12373,14930,15662,8553,10423,2744,5234,513,436,765,1107,958,1998,1329,2890,1971,2701,2377,2023,4869,5843,2501,4697,80695,26692,9522,5403,27461,4261,622,2,1
2021-05-18T23:59:59+02:00,2,4,1593,1707,3142,3739,4282,5923,6661,8945,11296,12119,14885,15614,8541,10400,2742,5224,510,424,750,1092,940,1981,1245,2824,1690,2480,1936,1678,4797,5760,2480,4654,79607,25152,9320,5393,27392,4198,498,2,1
2021-05-17T23:59:59+02:00,2,4,1544,1626,3012,3582,4076,5645,6314,8488,10751,11571,14778,15523,8522,10375,2737,5214,508,416,744,1085,922,1976,1221,2800,1662,2441,1919,1659,4790,5753,2477,4651,76725,25087,9285,5379,27367,4173,385,2,1
2021-05-16T23:59:59+02:00,2,4,1525,1604,2959,3542,3980,5558,6165,8352,10575,11438,14752,15501,8515,10367,2736,5212,501,410,721,1070,892,1960,1193,2773,1629,2417,1912,1650,4788,5749,2474,4649,75981,25058,9228,5361,27336,4129,240,2,1
2021-05-15T23:59:59+02:00,2,4,1438,1507,2748,3375,3751,5280,5804,7880,10224,11142,14667,15439,8496,10338,2730,5203,501,408,717,1068,892,1957,1188,2772,1624,2413,1900,1638,4782,5743,2474,4647,73230,25000,9228,5361,27329,4124,239,2,1
2021-05-14T23:59:59+02:00,2,4,1404,1445,2637,3279,3599,5122,5606,7591,10006,10890,14632,15402,8483,10315,2727,5199,453,368,646,903,820,1672,1058,2364,1444,2088,1866,1598,4779,5735,2473,4642,71595,24938,9206,5359,27305,2377,235,2,1
2021-05-13T23:59:59+02:00,2,4,1346,1379,2537,3195,3434,4986,5388,7385,9780,10715,14606,15374,8475,10312,2725,5196,446,356,619,875,719,1566,959,2281,1182,1876,1154,1019,4558,5502,2465,4610,70434,24821,8908,2833,27275,2313,220,2,1
2021-05-12T23:59:59+02:00,2,4,1339,1370,2521,3190,3416,4974,5368,7372,9766,10704,14604,15370,8473,10310,2724,5196,446,355,618,874,716,1565,955,2280,1178,1870,1136,1010,4545,5466,2433,4541,70325,24626,8884,2833,27273,2310,219,2,1
2021-05-11T23:59:59+02:00,2,3,1297,1328,2447,3106,3304,4848,5174,7227,9481,10396,14557,15313,8461,10290,2720,5187,440,342,600,860,695,1549,927,2256,1153,1843,1082,974,4483,5369,2391,4418,68991,24139,8761,2815,27188,2229,199,2,1
2021-05-10T23:59:59+02:00,2,3,1273,1301,2384,3030,3177,4724,5044,7070,9158,10016,14511,15274,8452,10271,2715,5185,439,340,588,850,681,1534,916,2241,1135,1829,1048,940,4423,5293,2352,4303,67640,23733,8641,2812,27117,2177,190,2,1
2021-05-09T23:59:59+02:00,2,3,1258,1284,2341,3017,3100,4689,4982,7036,9093,9972,14498,15259,8450,10266,2715,5183,431,338,574,845,658,1514,894,2220,1123,1815,1029,925,4411,5255,2337,4261,67403,23573,8567,2810,27073,2144,103,2,1
2021-05-08T23:59:59+02:00,1,3,1256,1280,2326,3005,3084,4679,4942,7022,9069,9964,14497,15259,8450,10265,2715,5183,431,338,574,845,657,1514,894,2219,1122,1814,1029,925,4410,5255,2337,4261,67262,23572,8561,2807,27072,2143,103,2,1
2021-05-07T23:59:59+02:00,1,3,1237,1259,2287,2964,3034,4630,4843,6930,8845,9718,14482,15237,8444,10259,2712,5179,381,310,542,776,620,1353,824,2014,1034,1627,999,896,4390,5232,2335,4256,66359,23468,8555,2804,27045,1214,103,2,1
2021-05-06T23:59:59+02:00,1,3,1087,1168,2061,2721,2735,4322,4473,6530,8259,9113,14204,14998,8404,10202,2709,5178,380,306,530,757,603,1321,805,1979,1002,1599,972,865,4380,5218,2333,4252,62734,23340,8427,2754,26909,1112,96,2,1
2021-05-05T23:59:59+02:00,1,2,1023,1117,1953,2608,2576,4151,4180,6252,7248,7931,14119,14900,8369,10161,2696,5158,376,303,522,747,588,1312,771,1965,979,1578,897,804,4339,5149,2325,4237,59226,23020,8380,2735,26787,1087,50,2,1
2021-05-04T23:59:59+02:00,1,2,1001,1097,1902,2569,2474,4084,3960,6139,6967,7716,13612,14332,8339,10126,2691,5149,373,302,517,743,577,1307,754,1946,963,1571,878,780,4318,5133,2322,4228,57168,22885,8322,2720,26627,1065,42,2,1
2021-05-03T23:59:59+02:00,1,2,969,1059,1841,2516,2371,3974,3761,6022,6611,7416,13076,13708,8302,10088,2684,5134,367,301,515,739,567,1301,745,1936,949,1558,854,756,4301,5115,2316,4215,54748,22775,8296,2711,26488,1048,1,2,1
2021-05-02T23:59:59+02:00,1,2,964,1058,1822,2510,2346,3967,3718,6012,6577,7408,13075,13708,8302,10087,2684,5134,367,301,512,739,566,1299,741,1936,948,1555,852,752,4300,5111,2316,4215,54615,22759,8292,2709,26465,1041,1,2,1
2021-05-01T23:59:59+02:00,1,2,964,1056,1814,2508,2335,3962,3706,6004,6566,7399,13074,13706,8302,10087,2684,5134,367,301,512,739,566,1299,740,1935,946,1555,852,752,4300,5111,2316,4215,54546,22759,8292,2705,26463,1041,1,2,1
2021-04-30T23:59:59+02:00,0,2,948,1051,1793,2494,2314,3927,3669,5971,6488,7346,12979,13602,8301,10083,2681,5122,315,246,470,663,537,1121,710,1711,912,1351,840,735,4296,5109,2316,4215,54051,22745,8291,2701,26426,100,1,2,1
2021-04-29T23:59:59+02:00,0,2,893,1026,1736,2443,2252,3869,3523,5848,6251,7123,12720,13329,8279,10054,2677,5115,309,244,462,656,535,1114,703,1701,902,1342,832,720,4287,5102,2316,4213,52459,22664,8276,2695,26402,78,1,2,1
2021-04-28T23:59:59+02:00,0,2,832,992,1656,2381,2108,3759,3238,5595,5647,6620,11885,12412,8221,9965,2654,5078,308,241,460,650,527,1100,692,1681,891,1335,819,704,4268,5076,2314,4213,48412,22544,8269,2677,26361,57,1,2,1
2021-04-27T23:59:59+02:00,0,2,822,987,1638,2361,2064,3741,3167,5570,5521,6498,11856,12395,8219,9963,2654,5076,307,239,454,648,519,1094,683,1669,882,1329,807,693,4264,5070,2313,4207,47933,22466,8266,2662,26332,49,1,2,1
2021-04-26T23:59:59+02:00,0,2,812,974,1612,2343,2004,3701,2991,5493,5190,6214,11291,11750,8163,9898,2650,5067,305,238,453,647,513,1088,672,1663,873,1319,798,684,4259,5065,2313,4203,45606,22414,8257,2634,26289,44,1,2,1
2021-04-25T23:59:59+02:00,0,2,802,972,1598,2337,1966,3684,2865,5470,5098,6209,11287,11746,8160,9892,2649,5066,304,238,453,647,513,1081,672,1661,870,1317,798,683,4259,5065,2313,4203,45280,22409,8251,2630,26269,37,1,2,1
2021-04-24T23:59:59+02:00,0,2,788,962,1576,2317,1927,3639,2768,5402,4753,5890,10671,11021,8130,9834,2648,5064,304,238,453,647,513,1080,671,1660,869,1317,793,679,4250,5049,2311,4202,42875,22373,8251,2626,26263,36,1,2,1
2021-04-23T23:59:59+02:00,0,2,783,954,1563,2307,1898,3613,2728,5352,4592,5704,10362,10640,8090,9792,2645,5055,304,237,453,647,513,1079,670,1660,867,1317,793,678,4247,5046,2311,4202,41576,22362,8251,2625,26250,36,1,2,1
2021-04-22T23:59:59+02:00,0,2,767,939,1535,2264,1847,3545,2643,5262,4439,5550,10217,10445,8076,9761,2643,5047,304,236,451,636,511,1073,664,1652,861,1308,787,673,4244,5044,2311,4200,40574,22326,8225,2600,26180,28,1,2,1
2021-04-21T23:59:59+02:00,0,2,756,926,1511,2253,1794,3501,2539,5175,4055,5130,9620,9761,8027,9699,2639,5036,303,236,447,634,511,1072,660,1649,856,1303,775,661,4234,5030,2311,4196,38059,22275,8208,2576,26154,26,1,2,1
2021-04-20T23:59:59+02:00,0,2,749,915,1489,2226,1763,3472,2487,5117,3918,5034,9424,9542,8010,9689,2635,5033,303,234,447,633,510,1070,659,1644,853,1298,769,657,4230,5026,2311,4196,37224,22244,8197,2570,26081,26,1,2,0
2021-04-19T23:59:59+02:00,0,2,742,905,1480,2219,1746,3455,2455,5091,3854,4977,9055,9124,7985,9664,2632,5027,303,232,446,630,508,1067,655,1642,849,1294,763,651,4221,5024,2311,4194,36200,22205,8185,2559,26025,26,1,2,0
2021-04-18T23:59:59+02:00,0,2,738,903,1475,2213,1728,3448,2436,5079,3846,4975,9047,9113,7985,9663,2632,5027,302,232,446,626,507,1064,653,1639,846,1294,762,649,4221,5022,2311,4194,36140,22197,8165,2545,26002,26,1,2,0
2021-04-17T23:59:59+02:00,0,2,721,897,1387,2203,1628,3436,2399,5049,3766,4897,8336,8390,7969,9650,2632,5027,302,232,444,624,506,1064,652,1639,845,1291,762,649,4220,5022,2311,4194,36132,22186,8165,2545,24089,26,1,2,0
2021-04-16T23:59:59+02:00,0,2,705,879,1258,2181,1476,3414,2313,4984,3605,4732,7002,6840,7934,9601,2621,4996,302,231,439,618,502,1060,642,1637,841,1282,752,643,4211,5007,2308,4192,34762,22112,8155,2541,21623,14,1,2,0
2021-04-15T23:59:59+02:00,0,2,684,868,1248,2168,1456,3396,2256,4946,3534,4679,6564,6339,7893,9540,2599,4925,295,225,425,607,485,1046,608,1610,806,1252,662,582,3720,4498,2286,4157,33447,22055,8098,1199,21549,10,1,2,0
2021-04-14T23:59:59+02:00,0,2,679,864,1227,2155,1425,3377,2211,4911,3402,4585,5225,4936,7843,9474,2578,4888,287,221,422,600,478,1043,602,1602,800,1249,647,565,3709,4489,2282,4152,30222,21968,8087,1171,21470,9,1,2,0
2021-04-13T23:59:59+02:00,0,2,676,864,1218,2150,1410,3375,2203,4900,3382,4570,5206,4917,7837,9471,2577,4886,287,220,420,598,475,1040,600,1598,789,1247,629,560,3707,4486,2282,4152,30142,21948,8066,1133,21433,9,1,2,0
2021-04-12T23:59:59+02:00,0,2,670,856,1205,2141,1394,3364,2169,4886,3351,4546,5183,4902,7824,9460,2574,4853,286,219,418,597,474,1034,598,1594,781,1240,625,558,3702,4485,2282,4152,30014,21923,8021,1113,21342,9,1,2,0
2021-04-11T23:59:59+02:00,0,2,662,852,1189,2129,1376,3349,2102,4862,3233,4464,4763,4461,7157,8634,2567,4848,286,219,417,597,471,1033,592,1591,777,1239,621,555,3698,4480,2282,4152,29984,21915,5409,1086,21254,9,1,2,0
2021-04-10T23:59:59+02:00,0,2,662,850,1188,2128,1374,3346,2100,4859,3230,4457,4719,4414,7154,8628,2567,4847,281,216,415,586,458,1017,565,1574,745,1215,549,485,3129,3864,2233,4060,29863,20297,5406,1086,21253,9,1,2,0
2021-04-09T23:59:59+02:00,0,2,659,849,1180,2125,1370,3342,2070,4837,3152,4378,4523,4249,7119,8579,2563,4831,271,210,405,572,439,1001,540,1556,724,1192,468,423,2480,3045,2185,3966,29181,18383,5402,1085,21242,9,1,2,0
2021-04-08T23:59:59+02:00,0,2,649,839,1166,2114,1354,3312,2009,4784,3006,4267,3469,3098,6877,8217,2552,4816,258,202,388,554,416,988,518,1527,692,1169,449,397,2472,3038,2182,3963,28384,18167,5354,1037,18790,9,1,2,0
2021-04-07T23:59:59+02:00,0,2,642,833,1153,2105,1335,3300,1899,4705,2689,4018,2864,2570,6766,8094,2529,4763,244,195,360,530,378,954,474,1493,656,1142,422,372,2412,2976,2177,3956,26210,17715,5335,1018,18719,8,1,2,0
2021-04-06T23:59:59+02:00,0,2,632,825,1115,2098,1311,3281,1781,4655,2413,3849,2411,2223,6690,8003,2508,4726,220,182,326,504,353,936,437,1470,620,1110,387,330,2357,2902,2171,3947,24613,17243,5319,1001,18588,8,1,2,0
2021-04-05T23:59:59+02:00,0,2,629,823,1104,2094,1305,3278,1772,4645,2398,3833,2122,1877,5576,6689,2506,4726,220,182,325,500,347,930,433,1468,616,1105,383,327,2355,2896,2171,3946,24582,17232,5309,965,15485,7,1,2,0
2021-04-04T23:59:59+02:00,0,2,628,823,1103,2094,1305,3277,1772,4645,2396,3831,2121,1874,5576,6685,2506,4726,220,182,325,500,347,930,432,1468,616,1105,383,327,2354,2896,2171,3946,24573,17230,5309,965,15479,7,1,2,0
2021-04-03T23:59:59+02:00,0,2,628,823,1103,2093,1305,3277,1771,4643,2392,3831,2120,1872,5575,6685,2506,4726,220,182,325,500,347,930,432,1468,615,1105,383,327,2354,2896,2171,3946,24567,17229,5305,965,15477,7,1,2,0
2021-04-02T23:59:59+02:00,0,2,628,822,1103,2093,1301,3276,1769,4638,2391,3828,2112,1863,5563,6670,2503,4713,220,181,325,498,347,930,431,1467,614,1096,381,327,2354,2895,2171,3946,24499,17211,5301,965,15472,7,1,2,0
2021-04-01T23:59:59+02:00,0,2,624,811,1080,2075,1205,3181,1679,4570,2132,3620,1389,1276,5354,6460,2493,4686,216,180,325,497,346,929,430,1465,614,1095,378,325,2354,2895,2171,3942,24393,17199,2806,956,15435,7,1,2,0
2021-03-31T23:59:59+02:00,0,2,622,810,1076,2071,1200,3173,1668,4565,2114,3607,1362,1243,5325,6405,2456,4587,215,180,325,496,345,929,430,1464,613,1094,377,322,2350,2894,2169,3941,24074,17187,2792,950,15418,7,1,1,0
2021-03-30T23:59:59+02:00,0,2,620,801,1070,2067,1194,3168,1658,4551,2106,3593,1316,1198,5241,6276,2412,4441,215,179,325,495,342,925,425,1461,606,1084,362,311,2248,2742,2049,3716,23555,16569,2770,909,15388,7,1,0,0
2021-03-29T23:59:59+02:00,0,2,618,799,1067,2059,1184,3162,1651,4538,2094,3581,1280,1167,5181,6183,2363,4312,214,178,323,493,340,923,423,1457,601,1079,355,306,2025,2477,1823,3341,23123,15444,2746,907,15371,7,1,0,0
2021-03-28T23:59:59+02:00,0,2,618,796,1065,2053,1181,3155,1645,4528,2090,3576,1264,1158,5173,6161,2352,4280,212,178,322,490,333,919,420,1450,598,1067,349,294,2020,2464,1822,3338,23018,15419,2728,853,15350,4,1,0,0
2021-03-27T23:59:59+01:00,0,2,566,735,985,1985,1099,3037,1527,4404,1988,3494,1195,1088,4570,5429,2352,4280,210,177,322,490,333,919,415,1448,597,1064,348,294,2019,2463,1822,3338,23003,15403,2724,853,13008,3,1,0,0
2021-03-26T23:59:59+01:00,0,2,563,730,978,1975,1097,3031,1517,4397,1972,3486,1151,1057,4540,5395,2351,4276,209,174,322,488,330,918,413,1447,593,1057,340,289,1621,1932,1402,2620,22809,13305,2714,847,12994,3,1,0,0
2021-03-25T23:59:59+01:00,0,2,561,724,965,1967,1094,3022,1510,4385,1957,3476,1141,1046,4532,5390,2351,4275,208,171,321,487,328,912,410,1441,589,1048,336,285,1527,1811,1365,2548,22762,12960,2705,824,12930,3,1,0,0
2021-03-24T23:59:59+01:00,0,2,559,719,955,1954,1082,3007,1481,4368,1943,3467,1106,1016,4505,5357,2346,4270,208,171,320,486,325,908,405,1434,580,1032,322,275,1201,1430,1215,2282,22621,11829,2679,762,12836,3,1,0,0
2021-03-23T23:59:59+01:00,0,2,557,714,950,1940,1078,2997,1474,4355,1933,3460,1093,1005,4485,5342,2346,4267,207,171,318,483,318,905,404,1434,574,1028,314,268,967,1165,1101,2106,22546,11019,2670,741,12781,3,1,0,0
2021-03-22T23:59:59+01:00,0,2,556,705,945,1928,1072,2988,1464,4339,1919,3451,1090,1002,4480,5341,2346,4267,205,171,317,481,317,903,401,1431,571,1024,310,264,966,1161,1101,2103,22522,11002,2655,721,12717,3,1,0,0
2021-03-21T23:59:59+01:00,0,2,554,702,942,1919,1070,2984,1459,4326,1908,3444,1087,1001,4480,5340,2346,4267,205,171,317,480,316,899,401,1426,565,1022,300,259,962,1157,1100,2103,22519,11001,2641,679,12670,3,1,0,0
2021-03-20T23:59:59+01:00,0,2,549,694,937,1903,1053,2968,1431,4308,1874,3416,1015,930,3898,4707,2296,4170,205,171,317,480,316,899,401,1426,565,1022,300,259,962,1157,1099,2102,20861,10999,2640,679,12649,3,1,0,0
2021-03-19T23:59:59+01:00,0,2,540,685,920,1877,1026,2949,1395,4283,1848,3386,928,865,3228,3872,2249,4073,203,171,315,480,315,896,399,1424,561,1015,297,258,949,1144,1068,2062,18888,10977,2629,577,12608,3,1,0,0
2021-03-18T23:59:59+01:00,0,2,527,673,903,1851,1003,2922,1355,4243,1803,3334,830,801,2717,3340,2227,4039,198,169,312,476,312,886,395,1418,559,1010,294,253,846,1050,960,1873,18810,10600,1231,408,12528,3,1,0,0
2021-03-17T23:59:59+01:00,0,2,525,663,894,1831,990,2905,1333,4222,1785,3318,801,776,2632,3249,2221,4035,196,168,310,474,309,885,388,1414,556,1006,291,248,606,776,659,1428,18505,9681,1195,33,12481,0,1,0,0
2021-03-16T23:59:59+01:00,0,2,523,654,885,1809,969,2890,1316,4210,1761,3302,772,765,2585,3169,2219,4031,196,168,308,474,307,883,385,1412,553,1001,285,244,361,541,471,1121,18299,8684,1155,27,12408,0,0,0,0
2021-03-15T23:59:59+01:00,0,2,523,643,881,1791,960,2869,1310,4204,1753,3293,766,762,2582,3168,2219,4031,195,168,307,473,306,883,385,1412,550,1001,285,244,361,540,470,1121,18286,8678,1133,24,12338,0,0,0,0
2021-03-14T23:59:59+01:00,0,2,522,637,875,1779,953,2864,1300,4191,1743,3281,761,758,2577,3165,2219,4031,195,168,306,473,305,881,383,1410,550,1001,284,244,361,540,470,1121,18281,8675,1106,18,12271,0,0,0,0
2021-03-13T23:59:59+01:00,0,2,500,586,780,1517,823,2483,1106,3629,1461,2852,680,669,2474,3039,2218,4030,195,168,306,473,305,881,383,1410,550,1001,284,244,361,540,470,1121,18277,8675,1106,18,9466,0,0,0,0
2021-03-12T23:59:59+01:00,0,2,485,501,716,1251,731,2089,935,2939,1215,2261,540,516,2430,2994,2218,4030,195,166,306,473,305,879,382,1410,550,999,284,243,348,519,422,1058,18254,8521,1105,18,6494,0,0,0,0
2021-03-11T23:59:59+01:00,0,2,462,465,683,1180,685,1984,876,2794,1135,2150,485,457,2417,2984,2217,4029,195,166,305,471,304,878,382,1407,549,999,284,242,335,502,376,1015,18068,8395,1057,15,5880,0,0,0,0
2021-03-10T23:59:59+01:00,0,2,448,455,649,1147,645,1950,832,2758,1102,2122,465,441,2403,2965,2216,4026,191,164,301,464,304,877,377,1400,544,992,280,236,215,403,151,753,17792,7643,1037,9,5797,0,0,0,0
2021-03-09T23:59:59+01:00,0,2,432,438,617,1118,626,1932,809,2732,1080,2098,444,421,2310,2823,2093,3797,191,164,299,462,303,876,376,1397,544,989,278,235,215,403,151,752,17034,7635,1021,0,5717,0,0,0,0
2021-03-08T23:59:59+01:00,0,2,419,417,595,1088,608,1910,793,2708,1058,2072,423,393,2081,2549,1864,3420,191,163,299,460,302,872,376,1391,544,987,277,233,215,402,151,752,15792,7615,993,0,5615,0,0,0,0
2021-03-07T23:59:59+01:00,0,2,418,415,588,1071,596,1902,790,2695,1052,2061,422,392,2076,2541,1863,3418,191,163,299,459,302,871,376,1388,544,986,277,233,215,402,151,752,15766,7609,983,0,5553,0,0,0,0
2021-03-06T23:59:59+01:00,0,2,418,412,585,1057,593,1900,783,2688,1048,2054,421,392,2076,2541,1863,3418,191,163,299,459,302,871,376,1388,544,985,276,233,215,402,151,752,15758,7607,983,0,5510,0,0,0,0
2021-03-05T23:59:59+01:00,0,2,412,397,579,1045,587,1890,778,2679,1042,2046,408,384,1655,1979,1432,2666,188,158,295,459,299,870,374,1385,542,981,276,233,215,402,151,752,13537,7580,983,0,5461,0,0,0,0
2021-03-04T23:59:59+01:00,0,2,402,372,553,1006,568,1834,749,2626,1021,1996,404,380,1563,1862,1393,2593,179,151,285,451,298,862,372,1371,540,977,275,233,215,402,151,752,13187,7514,977,0,5160,0,0,0,0
2021-03-03T23:59:59+01:00,0,2,400,365,545,976,551,1802,724,2578,1004,1958,398,374,1241,1483,1240,2321,178,150,284,450,297,861,368,1364,537,970,273,231,214,401,149,747,12038,7474,970,0,4954,0,0,0,0
2021-03-02T23:59:59+01:00,0,2,396,360,537,942,537,1782,715,2554,993,1940,388,364,998,1216,1122,2143,178,148,283,439,293,855,368,1355,537,964,273,231,214,401,149,747,11219,7435,935,0,4835,0,0,0,0
2021-03-01T23:59:59+01:00,0,2,394,352,528,920,519,1751,706,2530,982,1923,384,357,997,1209,1122,2139,178,146,283,430,290,845,365,1340,534,958,271,229,213,400,149,747,11200,7378,900,0,4715,0,0,0,0
2021-02-28T23:59:59+01:00,0,2,391,349,525,912,514,1740,703,2520,977,1908,380,352,997,1207,1122,2139,176,145,283,430,290,844,365,1340,533,958,271,229,213,400,149,747,11200,7373,873,0,4665,0,0,0,0
2021-02-27T23:59:59+01:00,0,2,390,347,520,905,512,1734,700,2511,974,1906,379,351,997,1207,1121,2139,176,145,283,430,290,844,365,1340,532,958,271,229,213,400,149,747,11199,7372,873,0,4623,0,0,0,0
2021-02-26T23:59:59+01:00,0,2,343,300,451,732,436,1425,571,2093,804,1563,351,321,997,1204,1121,2139,176,143,283,427,288,836,363,1332,530,955,271,229,213,400,149,747,11188,7342,862,0,2803,0,0,0,0
2021-02-25T23:59:59+01:00,0,2,323,292,441,710,424,1389,556,2045,786,1531,343,315,913,1115,1049,2015,125,129,263,423,277,824,352,1316,525,948,271,227,213,400,149,747,10788,7189,832,0,2629,0,0,0,0
2021-02-24T23:59:59+01:00,0,2,318,286,436,694,417,1353,540,1997,764,1487,335,302,705,883,865,1710,125,123,262,417,274,815,350,1303,518,941,269,225,211,400,149,745,9849,7127,791,0,2454,0,0,0,0
2021-02-23T23:59:59+01:00,0,2,316,274,428,680,406,1330,532,1961,746,1468,321,292,456,637,674,1409,125,122,261,415,272,810,350,1296,517,933,268,224,210,400,148,744,8851,7095,747,0,2334,0,0,0,0
2021-02-22T23:59:59+01:00,0,2,316,272,427,673,405,1325,528,1951,741,1464,321,289,455,635,674,1408,125,117,256,405,271,793,346,1272,512,925,264,223,210,400,148,744,8847,7011,735,0,2304,0,0,0,0
2021-02-21T23:59:59+01:00,0,2,313,271,425,667,402,1317,526,1943,735,1460,310,284,451,631,672,1408,125,117,255,404,271,791,343,1269,505,922,263,222,209,399,147,735,8842,6977,694,0,2281,0,0,0,0
2021-02-20T23:59:59+01:00,0,2,313,268,425,665,402,1309,525,1934,733,1456,310,284,451,631,672,1408,125,117,255,404,271,791,343,1269,504,922,263,222,209,399,147,735,8842,6976,694,0,2252,0,0,0,0
2021-02-19T23:59:59+01:00,0,1,267,242,393,589,368,1141,467,1720,626,1246,301,268,425,595,593,1301,125,117,255,404,270,791,343,1269,504,922,263,222,209,399,147,735,8625,6975,588,0,1330,0,0,0,0
2021-02-18T23:59:59+01:00,0,1,266,237,386,580,357,1120,454,1702,616,1239,301,266,372,548,491,1173,122,114,251,399,263,785,340,1260,501,921,261,220,209,399,147,735,8446,6927,416,0,1247,0,0,0,0
2021-02-17T23:59:59+01:00,0,1,260,233,374,566,350,1111,431,1686,608,1227,296,259,218,412,156,764,114,101,247,393,258,770,334,1244,495,910,257,217,208,399,147,735,7729,6829,31,0,1192,0,0,0,0
2021-02-16T23:59:59+01:00,0,1,258,231,363,564,340,1102,423,1672,603,1221,293,256,218,411,156,764,83,89,227,367,247,740,316,1204,463,875,236,202,201,381,146,728,7722,6505,27,0,1127,0,0,0,0
2021-02-15T23:59:59+01:00,0,1,256,231,361,560,339,1096,421,1660,599,1215,293,256,218,410,155,764,82,87,223,356,239,728,306,1176,448,852,223,195,190,359,140,672,7714,6276,24,0,1097,0,0,0,0
2021-02-14T23:59:59+01:00,0,1,255,229,355,557,335,1086,417,1654,596,1212,293,256,218,410,155,764,78,85,216,351,236,720,301,1163,444,837,222,193,190,348,140,663,7704,6187,19,0,1070,0,0,0,0
2021-02-13T23:59:59+01:00,0,1,255,229,355,557,335,1086,416,1654,596,1211,292,256,218,410,155,764,78,85,216,351,236,720,301,1163,444,837,222,193,190,348,140,663,7702,6187,19,0,1069,0,0,0,0
2021-02-12T23:59:59+01:00,0,1,197,168,306,479,308,892,383,1416,559,996,284,241,217,410,155,764,75,84,213,350,234,717,294,1159,441,832,220,192,190,347,140,663,7690,6151,19,0,67,0,0,0,0
2021-02-11T23:59:59+01:00,0,0,195,167,300,468,304,878,377,1396,549,988,284,241,217,410,155,764,74,81,202,324,224,673,274,1108,424,784,219,189,190,342,140,660,7649,5908,16,0,28,0,0,0,0
2021-02-10T23:59:59+01:00,0,0,192,160,296,464,301,874,371,1385,545,980,282,239,215,409,155,762,69,75,186,298,213,614,257,1023,399,732,210,175,176,313,128,613,7607,5481,10,0,13,0,0,0,0
2021-02-09T23:59:59+01:00,0,0,187,154,293,455,300,865,371,1375,543,971,279,238,215,409,155,761,60,60,147,234,184,510,219,831,343,597,189,149,156,278,118,547,7563,4622,2,0,6,0,0,0,0
2021-02-08T23:59:59+01:00,0,0,182,148,290,444,295,855,367,1355,536,964,275,234,214,408,153,757,33,47,102,144,135,283,160,454,249,390,160,123,129,223,95,452,7469,3179,2,0,6,0,0,0,0
2021-02-07T23:59:59+01:00,0,0,180,146,287,443,294,853,366,1354,535,963,274,233,214,408,153,757,18,40,83,122,130,262,151,420,233,363,152,119,119,213,90,417,7459,2932,1,0,0,0,0,0,0
2021-02-06T23:59:59+01:00,0,0,180,146,287,443,294,853,366,1354,535,963,274,233,214,408,153,757,18,37,81,119,120,247,140,404,202,342,137,115,118,208,89,407,7459,2784,1,0,0,0,0,0,0
2021-02-05T23:59:59+01:00,0,0,180,144,287,440,293,842,364,1346,531,960,274,232,214,408,153,756,17,32,77,114,113,234,135,377,188,323,132,110,115,203,82,391,7423,2643,1,0,0,0,0,0,0
2021-02-04T23:59:59+01:00,0,0,172,139,286,436,286,833,361,1335,522,951,273,230,213,408,153,754,10,21,51,77,84,178,112,287,156,266,114,96,103,189,74,351,7352,2169,0,0,0,0,0,0,0
2021-02-03T23:59:59+01:00,0,0,154,132,276,430,282,827,359,1324,522,949,273,230,212,408,153,753,10,19,43,67,75,142,88,257,134,218,95,81,88,162,67,311,7284,1857,0,0,0,0,0,0,0
2021-02-02T23:59:59+01:00,0,0,133,126,264,428,279,820,354,1317,521,942,272,230,211,408,152,752,10,16,34,61,63,119,73,212,103,168,63,57,63,104,43,196,7209,1385,0,0,0,0,0,0,0
2021-02-01T23:59:59+01:00,0,0,128,121,259,413,277,803,352,1293,515,929,267,228,211,408,152,752,4,10,20,34,33,66,45,119,59,69,28,28,27,44,25,97,7108,708,0,0,0,0,0,0,0
2021-01-31T23:59:59+01:00,0,0,127,118,257,411,275,799,350,1287,511,927,267,225,210,407,152,752,4,6,15,23,28,47,32,73,39,42,14,8,13,28,20,59,7075,451,0,0,0,0,0,0,0
2021-01-30T23:59:59+01:00,0,0,127,118,257,411,275,798,350,1286,510,927,267,225,210,407,152,752,4,6,13,20,25,40,27,65,36,40,14,8,13,28,20,59,7072,418,0,0,0,0,0,0,0
2021-01-29T23:59:59+01:00,0,0,127,118,257,411,274,798,350,1286,510,927,267,225,210,407,152,752,4,6,7,18,23,31,22,57,32,37,14,8,13,27,19,58,7071,376,0,0,0,0,0,0,0
2021-01-28T23:59:59+01:00,0,0,125,115,253,405,270,792,347,1279,506,926,267,225,210,407,152,752,1,3,2,8,15,13,12,28,12,22,11,4,6,14,6,23,7031,180,0,0,0,0,0,0,0
2021-01-27T23:59:59+01:00,0,0,117,105,251,401,267,784,342,1272,500,919,262,222,209,406,152,752,0,0,1,4,11,11,8,21,10,17,10,4,6,14,6,23,6961,146,0,0,0,0,0,0,0
2021-01-26T23:59:59+01:00,0,0,88,93,233,384,259,759,329,1234,475,888,242,210,202,390,152,744,0,0,1,4,11,11,8,21,10,17,10,4,6,14,6,23,6682,146,0,0,0,0,0,0,0
2021-01-25T23:59:59+01:00,0,0,85,88,231,364,246,740,315,1200,457,863,226,203,193,370,148,689,0,0,1,4,11,9,7,14,7,13,10,4,6,14,6,23,6418,129,0,0,0,0,0,0,0
2021-01-24T23:59:59+01:00,0,0,85,86,227,360,245,735,312,1187,455,848,225,201,193,359,148,679,0,0,1,4,11,9,7,14,7,13,10,4,6,14,6,23,6345,129,0,0,0,0,0,0,0
2021-01-23T23:59:59+01:00,0,0,85,86,227,360,245,735,312,1187,455,848,225,201,193,359,148,679,0,0,1,4,11,9,7,14,7,13,10,4,6,14,6,23,6345,129,0,0,0,0,0,0,0
2021-01-22T23:59:59+01:00,0,0,85,85,225,358,245,732,308,1183,451,845,223,200,193,358,148,679,0,0,1,4,11,9,7,14,7,13,10,4,6,14,6,23,6318,129,0,0,0,0,0,0,0
2021-01-21T23:59:59+01:00,0,0,85,82,211,329,235,688,283,1132,437,812,222,196,192,352,148,676,0,0,1,2,9,8,6,13,6,11,10,4,6,14,6,23,6080,119,0,0,0,0,0,0,0
2021-01-20T23:59:59+01:00,0,0,79,76,197,308,223,624,269,1039,408,753,213,185,177,323,137,629,0,0,1,2,9,8,6,13,6,11,10,4,6,14,6,23,5640,119,0,0,0,0,0,0,0
2021-01-19T23:59:59+01:00,0,0,71,66,157,258,203,561,243,916,367,644,194,159,155,283,124,552,0,0,1,2,3,7,6,12,4,9,7,3,6,14,6,23,4953,103,0,0,0,0,0,0,0
2021-01-18T23:59:59+01:00,0,0,59,58,134,215,181,457,216,759,327,551,178,140,131,233,104,470,0,0,0,1,2,4,3,7,2,7,6,3,6,14,6,22,4213,83,0,0,0,0,0,0,0
2021-01-17T23:59:59+01:00,0,0,36,46,109,184,167,394,199,668,301,493,170,134,118,215,90,416,0,0,0,0,2,4,2,7,2,5,4,3,6,14,5,22,3740,76,0,0,0,0,0,0,0
2021-01-16T23:59:59+01:00,0,0,29,43,109,181,157,377,184,648,270,471,155,129,117,210,89,406,0,0,0,0,0,0,0,0,0,0,0,0,0,0,0,0,3575,0,0,0,0,0,0,0,0
2021-01-15T23:59:59+01:00,0,0,27,39,105,176,146,364,178,618,253,449,150,120,114,204,81,390,0,0,0,0,0,0,0,0,0,0,0,0,0,0,0,0,3414,0,0,0,0,0,0,0,0
2021-01-14T23:59:59+01:00,0,0,9,24,51,77,84,169,114,283,150,261,123,101,100,189,71,350,0,0,0,0,0,0,0,0,0,0,0,0,0,0,0,0,2156,0,0,0,0,0,0,0,0
2021-01-13T23:59:59+01:00,0,0,8,20,41,67,76,134,92,254,125,224,94,79,81,152,56,282,0,0,0,0,0,0,0,0,0,0,0,0,0,0,0,0,1785,0,0,0,0,0,0,0,0
2021-01-12T23:59:59+01:00,0,0,8,15,37,63,63,110,77,206,96,171,61,53,54,91,32,162,0,0,0,0,0,0,0,0,0,0,0,0,0,0,0,0,1299,0,0,0,0,0,0,0,0
2021-01-11T23:59:59+01:00,0,0,1,10,27,46,39,79,56,137,59,84,31,27,22,35,16,70,0,0,0,0,0,0,0,0,0,0,0,0,0,0,0,0,739,0,0,0,0,0,0,0,0
2021-01-10T23:59:59+01:00,0,0,1,5,20,32,34,55,37,90,38,52,14,7,7,18,11,31,0,0,0,0,0,0,0,0,0,0,0,0,0,0,0,0,452,0,0,0,0,0,0,0,0
2021-01-09T23:59:59+01:00,0,0,1,5,18,28,33,51,32,80,36,51,14,7,7,18,11,31,0,0,0,0,0,0,0,0,0,0,0,0,0,0,0,0,423,0,0,0,0,0,0,0,0
2021-01-08T23:59:59+01:00,0,0,1,5,15,26,30,40,26,71,32,47,13,7,6,16,10,30,0,0,0,0,0,0,0,0,0,0,0,0,0,0,0,0,375,0,0,0,0,0,0,0,0
2021-01-07T23:59:59+01:00,0,0,1,3,2,10,15,13,13,29,14,24,11,5,6,15,8,24,0,0,0,0,0,0,0,0,0,0,0,0,0,0,0,0,193,0,0,0,0,0,0,0,0
2021-01-06T23:59:59+01:00,0,0,1,0,2,4,13,11,9,23,12,19,11,5,6,15,8,24,0,0,0,0,0,0,0,0,0,0,0,0,0,0,0,0,163,0,0,0,0,0,0,0,0
2021-01-05T23:59:59+01:00,0,0,0,0,1,4,12,11,8,21,11,19,10,5,6,15,8,24,0,0,0,0,0,0,0,0,0,0,0,0,0,0,0,0,155,0,0,0,0,0,0,0,0
2021-01-04T23:59:59+01:00,0,0,0,0,1,4,12,10,7,17,9,17,10,5,6,15,8,24,0,0,0,0,0,0,0,0,0,0,0,0,0,0,0,0,145,0,0,0,0,0,0,0,0
2021-01-03T23:59:59+01:00,0,0,0,0,1,4,11,9,7,14,7,14,10,5,6,15,8,24,0,0,0,0,0,0,0,0,0,0,0,0,0,0,0,0,135,0,0,0,0,0,0,0,0
2021-01-02T23:59:59+01:00,0,0,0,0,1,4,11,9,7,14,7,14,10,5,6,15,8,24,0,0,0,0,0,0,0,0,0,0,0,0,0,0,0,0,135,0,0,0,0,0,0,0,0
2021-01-01T23:59:59+01:00,0,0,0,0,1,4,11,9,7,14,7,14,10,5,6,15,8,24,0,0,0,0,0,0,0,0,0,0,0,0,0,0,0,0,135,0,0,0,0,0,0,0,0
2020-12-31T23:59:59+01:00,0,0,0,0,1,4,11,9,7,14,7,14,10,5,6,15,8,24,0,0,0,0,0,0,0,0,0,0,0,0,0,0,0,0,135,0,0,0,0,0,0,0,0
2020-12-30T23:59:59+01:00,0,0,0,0,1,4,11,9,7,14,7,14,10,5,6,15,8,24,0,0,0,0,0,0,0,0,0,0,0,0,0,0,0,0,135,0,0,0,0,0,0,0,0
2020-12-29T23:59:59+01:00,0,0,0,0,1,4,8,9,7,14,5,12,10,5,6,15,8,24,0,0,0,0,0,0,0,0,0,0,0,0,0,0,0,0,128,0,0,0,0,0,0,0,0
2020-12-28T23:59:59+01:00,0,0,0,0,1,1,5,7,7,8,3,9,10,5,6,15,8,24,0,0,0,0,0,0,0,0,0,0,0,0,0,0,0,0,109,0,0,0,0,0,0,0,0
2020-12-27T23:59:59+01:00,0,0,0,0,0,0,2,4,2,7,2,6,4,4,6,15,7,23,0,0,0,0,0,0,0,0,0,0,0,0,0,0,0,0,82,0,0,0,0,0,0,0,0
