Datum,<15_m,<15_w,15-24_1_m,15-24_1_w,25-34_1_m,25-34_1_w,35-44_1_m,35-44_1_w,45-54_1_m,45-54_1_w,55-64_1_m,55-64_1_w,65-74_1_m,65-74_1_w,75-84_1_m,75-84_1_w,>84_1_m,>84_1_w,<24_2_m,<24_2_w,25-34_2_m,25-34_2_w,35-44_2_m,35-44_2_w,45-54_2_m,45-54_2_w,55-64_2_m,55-64_2_w,65-74_2_m,65-74_2_w,75-84_2_m,75-84_2_w,>84_2_m,>84_2_w,bp_1,bp_2,mo_1,mo_2,az_1,az_2,ja,unb_1,unb_2
2021-08-28T23:59:59+02:00,1459,1326,9230,8678,10353,9636,12875,13289,17000,17389,20256,20327,16193,16906,8981,10950,2826,5437,8584,8156,9914,9108,12407,12710,16445,16804,19746,19754,15879,16547,8798,10685,2772,5307,145664,139894,19730,19164,27855,26970,9855,7,6
2021-08-27T23:59:59+02:00,1449,1316,9218,8670,10348,9630,12872,13287,16997,17383,20251,20322,16192,16904,8980,10950,2826,5437,8576,8149,9911,9102,12401,12708,16442,16797,19745,19753,15878,16546,8797,10684,2772,5307,145590,139847,19730,19162,27855,26965,9850,7,6
2021-08-26T23:59:59+02:00,1446,1315,9210,8666,10343,9624,12863,13286,16995,17381,20249,20317,16189,16901,8977,10946,2825,5437,8566,8137,9905,9097,12393,12705,16437,16795,19743,19748,15875,16543,8794,10681,2771,5307,145569,139818,19729,19162,27855,26959,9810,7,6
2021-08-25T23:59:59+02:00,1433,1291,9112,8610,10261,9554,12777,13212,16877,17297,20156,20263,16144,16863,8962,10926,2820,5426,8484,8084,9827,9037,12305,12642,16334,16722,19657,19696,15831,16504,8780,10662,2766,5294,145334,139681,19728,19161,27855,26957,9060,7,6
2021-08-24T23:59:59+02:00,1414,1266,9080,8580,10248,9535,12749,13183,16848,17261,20142,20247,16129,16853,8957,10920,2820,5423,8460,8070,9811,9025,12291,12631,16322,16707,19649,19686,15825,16501,8780,10660,2766,5293,145049,139564,19726,19158,27855,26957,9018,7,6
2021-08-23T23:59:59+02:00,1396,1241,9041,8542,10235,9517,12718,13163,16831,17243,20129,20223,16120,16841,8946,10914,2819,5418,8436,8054,9786,9007,12279,12626,16309,16698,19639,19670,15821,16494,8777,10655,2765,5290,144797,139474,19726,19157,27855,26938,8952,7,6
2021-08-22T23:59:59+02:00,1396,1241,9031,8537,10228,9511,12717,13159,16828,17237,20126,20220,16117,16838,8942,10914,2819,5417,8420,8047,9779,8995,12275,12621,16306,16691,19637,19666,15818,16490,8773,10653,2765,5289,144784,139443,19726,19154,27855,26935,8906,7,6
2021-08-21T23:59:59+02:00,1396,1240,9026,8537,10227,9508,12714,13158,16827,17237,20125,20219,16117,16838,8942,10914,2819,5417,8297,7966,9675,8902,12187,12511,16218,16620,19582,19623,15798,16476,8771,10642,2764,5287,144778,139439,19723,18257,27855,26934,8898,7,6
2021-08-20T23:59:59+02:00,1395,1238,9018,8535,10220,9500,12707,13148,16824,17235,20118,20215,16116,16838,8942,10912,2818,5416,7938,7642,9524,8741,12043,12372,16098,16512,19474,19527,15759,16427,8759,10618,2762,5286,144747,137351,19723,18257,27855,26933,8863,7,6
2021-08-19T23:59:59+02:00,1390,1236,9007,8529,10213,9490,12698,13143,16819,17234,20113,20213,16115,16836,8942,10911,2818,5415,7681,7376,9393,8636,11901,12254,16007,16406,19379,19440,15717,16380,8749,10600,2761,5278,144706,135638,19720,18251,27854,26924,8835,7,6
2021-08-18T23:59:59+02:00,1365,1204,8961,8491,10186,9461,12672,13109,16790,17211,20086,20184,16102,16822,8936,10905,2814,5410,7667,7366,9381,8628,11888,12238,15993,16397,19371,19432,15711,16373,8745,10596,2758,5275,144400,135590,19707,18250,27851,26923,8744,7,6
2021-08-17T23:59:59+02:00,1340,1191,8924,8458,10171,9440,12659,13085,16776,17191,20065,20162,16094,16813,8934,10898,2812,5405,7653,7351,9364,8621,11879,12229,15986,16386,19360,19426,15706,16368,8744,10594,2757,5273,144165,135524,19704,18245,27850,26917,8692,7,6
2021-08-16T23:59:59+02:00,1317,1173,8887,8433,10151,9420,12635,13061,16766,17174,20045,20147,16089,16801,8930,10897,2812,5405,7646,7340,9349,8619,11869,12223,15984,16381,19351,19419,15703,16365,8744,10594,2757,5273,143932,135489,19702,18241,27850,26915,8652,7,6
2021-08-15T23:59:59+02:00,1299,1157,8866,8414,10139,9404,12619,13049,16754,17164,20031,20136,16083,16795,8930,10892,2812,5405,7634,7330,9334,8604,11857,12213,15977,16373,19345,19415,15696,16361,8743,10591,2757,5273,143783,135439,19702,18237,27849,26896,8608,7,6
2021-08-14T23:59:59+02:00,1298,1157,8866,8414,10138,9404,12618,13047,16754,17163,20030,20134,16083,16795,8930,10892,2812,5405,7317,7038,9191,8438,11681,12050,15860,16243,19251,19330,15670,16338,8734,10578,2757,5269,143778,133457,19702,18235,27849,26889,8604,7,6
2021-08-13T23:59:59+02:00,1293,1155,8853,8404,10127,9396,12606,13038,16739,17154,20022,20126,16079,16789,8928,10891,2811,5405,6938,6682,9020,8279,11477,11839,15645,16063,19113,19208,15637,16299,8723,10564,2755,5265,143748,131015,19702,18235,27849,26886,8510,7,6
2021-08-12T23:59:59+02:00,1293,1155,8852,8400,10120,9390,12602,13037,16733,17145,20018,20121,16078,16785,8926,10889,2811,5405,6932,6675,9007,8271,11466,11837,15634,16056,19109,19202,15635,16294,8721,10563,2755,5265,143731,130984,19701,18232,27849,26868,8472,7,6
2021-08-11T23:59:59+02:00,1290,1151,8849,8394,10110,9385,12594,13033,16730,17141,20013,20119,16076,16782,8925,10889,2811,5404,6926,6665,8992,8261,11455,11833,15630,16049,19101,19196,15631,16291,8720,10563,2755,5263,143687,130925,19698,18225,27849,26855,8455,7,6
2021-08-10T23:59:59+02:00,1289,1151,8845,8392,10105,9380,12592,13029,16729,17139,20012,20114,16075,16780,8925,10888,2811,5404,6881,6621,8961,8246,11436,11812,15605,16037,19094,19186,15629,16289,8720,10561,2755,5263,143661,130684,19698,18221,27849,26849,8445,7,6
2021-08-09T23:59:59+02:00,1289,1149,8838,8391,10100,9373,12591,13027,16722,17138,20006,20114,16073,16780,8924,10888,2811,5404,6863,6599,8941,8230,11424,11802,15589,16026,19088,19182,15626,16288,8718,10560,2755,5263,143636,130558,19698,18217,27847,26840,8430,7,6
2021-08-08T23:59:59+02:00,1289,1148,8835,8385,10098,9369,12582,13024,16717,17134,20004,20111,16071,16777,8923,10887,2810,5403,6860,6587,8924,8222,11408,11795,15582,16019,19086,19179,15623,16285,8717,10559,2754,5262,143625,130512,19697,18210,27847,26837,8391,7,6
2021-08-07T23:59:59+02:00,1289,1140,8826,8377,10087,9362,12580,13018,16710,17130,19998,20106,16067,16772,8921,10887,2809,5403,6209,6018,8652,7998,11139,11563,15383,15846,19002,19103,15603,16261,8710,10552,2751,5261,143578,127431,19696,18198,27847,26836,8354,7,6
2021-08-06T23:59:59+02:00,1283,1139,8816,8365,10073,9350,12560,13000,16692,17118,19981,20093,16060,16764,8921,10884,2809,5402,6195,6003,8637,7983,11115,11543,15361,15830,18985,19091,15596,16254,8710,10549,2751,5260,143540,127380,19694,18192,27847,26834,8222,7,6
2021-08-05T23:59:59+02:00,1280,1137,8809,8358,10064,9341,12548,12992,16686,17115,19974,20090,16059,16764,8921,10883,2809,5402,5912,5767,8290,7687,10755,11270,15041,15595,18736,18925,15577,16231,8700,10542,2750,5259,143495,127299,19690,15499,27843,26802,8197,7,6
2021-08-04T23:59:59+02:00,1279,1134,8803,8355,10059,9338,12541,12988,16681,17113,19972,20087,16058,16764,8920,10882,2809,5401,5898,5760,8262,7676,10736,11259,15025,15588,18731,18920,15575,16228,8699,10542,2749,5259,143464,127202,19689,15491,27842,26787,8182,7,6
2021-08-03T23:59:59+02:00,1272,1131,8799,8345,10054,9334,12536,12985,16676,17111,19967,20085,16056,16764,8919,10880,2809,5400,5785,5646,8169,7607,10619,11181,14977,15536,18702,18906,15571,16226,8698,10540,2747,5258,143420,126477,19687,15483,27842,26758,8167,7,6
2021-08-02T23:59:59+02:00,1266,1125,8786,8337,10046,9327,12531,12979,16671,17102,19960,20082,16054,16761,8917,10877,2808,5399,5616,5487,8038,7502,10495,11066,14907,15457,18670,18881,15563,16217,8692,10540,2747,5258,143341,125420,19681,15480,27841,26727,8158,7,6
2021-08-01T23:59:59+02:00,1265,1124,8779,8328,10039,9320,12525,12977,16666,17100,19955,20080,16054,16761,8916,10875,2808,5399,5556,5430,7987,7453,10433,11015,14872,15432,18657,18864,15561,16215,8690,10537,2747,5256,143297,124986,19678,15477,27840,26706,8149,7,6
2021-07-31T23:59:59+02:00,1265,1124,8778,8325,10039,9319,12523,12977,16665,17100,19954,20078,16054,16761,8916,10874,2808,5399,5531,5410,7971,7441,10417,11002,14859,15426,18654,18861,15560,16214,8690,10537,2747,5256,143294,124860,19677,15474,27840,26705,8141,7,6
2021-07-30T23:59:59+02:00,1134,1006,8549,8096,9946,9201,12442,12893,16587,17029,19895,20011,16022,16722,8910,10857,2807,5396,5240,5133,7833,7299,10229,10812,14722,15263,18591,18805,15535,16187,8677,10524,2743,5253,141846,123042,19675,15468,27840,26687,8135,7,6
2021-07-29T23:59:59+02:00,1127,998,8420,8007,9787,9103,12292,12792,16442,16935,19732,19901,15937,16655,8885,10838,2806,5389,4943,4901,7554,7105,9951,10610,14475,15091,18396,18688,15450,16114,8650,10503,2742,5243,141731,121939,19672,15426,27840,26661,6796,7,6
2021-07-28T23:59:59+02:00,1116,985,8390,7971,9773,9089,12271,12778,16425,16913,19712,19891,15930,16642,8878,10834,2806,5387,4522,4470,7235,6853,9634,10312,14240,14909,18339,18647,15435,16103,8645,10492,2742,5233,141493,119290,19670,15372,27838,26599,6783,7,6
2021-07-27T23:59:59+02:00,1106,977,8367,7956,9761,9082,12260,12769,16416,16908,19705,19878,15928,16636,8876,10831,2805,5385,4287,4222,7005,6654,9387,10036,14079,14749,18288,18584,15386,16057,8628,10476,2739,5227,141356,117275,19667,15371,27838,26576,6778,7,6
2021-07-26T23:59:59+02:00,1102,974,8353,7944,9754,9077,12254,12764,16409,16900,19698,19877,15925,16631,8874,10827,2804,5380,4179,4111,6903,6544,9262,9911,13998,14670,18243,18551,15375,16046,8618,10468,2736,5225,141278,116375,19663,15362,27827,26518,6772,7,6
2021-07-25T23:59:59+02:00,1101,973,8347,7940,9741,9073,12244,12761,16404,16894,19695,19876,15923,16631,8874,10827,2804,5380,4130,4058,6827,6493,9191,9857,13962,14637,18219,18537,15357,16033,8612,10462,2736,5223,141253,115932,19660,15346,27826,26497,6742,7,6
2021-07-24T23:59:59+02:00,1099,969,8258,7878,9667,8994,12177,12684,16337,16840,19655,19837,15902,16617,8871,10817,2804,5379,4087,4018,6769,6443,9113,9803,13898,14571,18187,18511,15346,16023,8604,10458,2736,5223,141234,115682,18998,15067,27826,26495,6720,7,6
2021-07-23T23:59:59+02:00,1072,944,8146,7789,9629,8959,12143,12655,16292,16805,19625,19818,15896,16611,8867,10813,2804,5379,3793,3731,6507,6232,8832,9519,13662,14396,18108,18454,15304,15979,8586,10439,2734,5217,140738,113429,18998,15043,27826,26489,6678,7,6
2021-07-22T23:59:59+02:00,981,858,7930,7560,9524,8869,12025,12560,16203,16718,19552,19733,15850,16571,8859,10798,2803,5373,3666,3604,6353,6140,8680,9389,13500,14255,18035,18387,15282,15955,8579,10430,2734,5216,139278,112285,18997,14971,27820,26396,6665,7,6
2021-07-21T23:59:59+02:00,961,844,7899,7520,9508,8858,12002,12537,16179,16702,19528,19712,15839,16564,8859,10793,2803,5373,3359,3334,6009,5883,8286,9007,13233,14021,17895,18261,15191,15874,8547,10400,2731,5204,139022,109482,18995,14900,27815,26297,6642,7,6
2021-07-20T23:59:59+02:00,960,843,7891,7515,9500,8855,11997,12535,16171,16701,19523,19708,15838,16563,8859,10792,2803,5373,3286,3281,5950,5829,8227,8946,13148,13977,17863,18247,15191,15874,8547,10398,2731,5204,138984,109094,18994,14885,27812,26165,6630,7,6
2021-07-19T23:59:59+02:00,959,843,7885,7515,9496,8849,11992,12533,16166,16695,19521,19708,15837,16560,8859,10790,2803,5372,3236,3246,5903,5790,8170,8902,13092,13951,17817,18235,15191,15872,8547,10396,2731,5203,138954,108828,18993,14869,27812,26040,6617,7,6
2021-07-18T23:59:59+02:00,958,842,7875,7506,9489,8843,11984,12529,16160,16690,19519,19707,15836,16558,8859,10790,2803,5372,3217,3230,5863,5759,8136,8874,13054,13935,17805,18232,15191,15871,8547,10396,2731,5202,138909,108644,18991,14836,27810,26031,6603,7,6
2021-07-17T23:59:59+02:00,842,723,7552,7215,9337,8674,11808,12368,16032,16551,19423,19612,15815,16537,8851,10777,2803,5369,3116,3121,5751,5666,8002,8719,12914,13810,17710,18156,15181,15853,8544,10389,2731,5202,136899,107468,18989,14832,27810,26027,6587,4,6
2021-07-16T23:59:59+02:00,685,571,7156,6890,9147,8517,11616,12158,15828,16375,19283,19485,15786,16500,8842,10763,2802,5367,3054,3060,5675,5602,7890,8615,12797,13676,17633,18082,15159,15838,8540,10387,2730,5202,134418,106580,18989,14827,27809,26021,6551,4,6
2021-07-15T23:59:59+02:00,683,571,7143,6882,9143,8516,11606,12154,15818,16368,19279,19479,15784,16498,8838,10761,2801,5358,3016,3025,5608,5561,7801,8563,12724,13636,17603,18061,15136,15824,8532,10380,2729,5193,134380,106351,18987,14672,27804,25900,6507,4,6
2021-07-14T23:59:59+02:00,681,570,7134,6874,9139,8514,11601,12150,15812,16365,19274,19474,15782,16495,8835,10758,2800,5354,2993,3013,5567,5530,7766,8541,12692,13620,17586,18050,15129,15821,8529,10376,2729,5189,134348,106200,18986,14639,27804,25860,6470,4,6
2021-07-13T23:59:59+02:00,676,567,7110,6857,9128,8498,11592,12136,15801,16346,19265,19467,15773,16491,8831,10748,2795,5346,2935,2962,5502,5462,7607,8407,12440,13402,17431,17922,15111,15810,8517,10363,2724,5178,134224,104985,18986,14586,27801,25825,6412,4,6
2021-07-12T23:59:59+02:00,670,560,7098,6842,9118,8487,11581,12127,15797,16334,19253,19463,15771,16487,8829,10748,2795,5343,2877,2909,5420,5387,7460,8293,12192,13191,17252,17778,15101,15805,8513,10356,2723,5178,134114,103752,18984,14535,27797,25776,6404,4,6
2021-07-11T23:59:59+02:00,669,559,7090,6839,9109,8478,11575,12119,15787,16331,19248,19458,15771,16484,8828,10746,2795,5343,2846,2874,5344,5311,7363,8205,12027,13036,17125,17646,15094,15794,8512,10353,2723,5178,134072,102866,18980,14485,27797,25735,6376,4,6
2021-07-10T23:59:59+02:00,496,402,6522,6290,8882,8294,11334,11925,15630,16200,19193,19409,15763,16474,8824,10741,2794,5342,2816,2840,5293,5268,7282,8124,11926,12936,17047,17579,15079,15779,8509,10343,2720,5176,131375,102173,18980,14483,27797,25727,6359,4,6
2021-07-09T23:59:59+02:00,485,395,6463,6262,8856,8257,11294,11896,15604,16187,19180,19393,15762,16471,8824,10738,2794,5342,2759,2774,5210,5200,7104,7948,11517,12637,16754,17374,15060,15752,8502,10338,2719,5174,131284,101155,18769,13627,27796,25713,6350,4,6
2021-07-08T23:59:59+02:00,480,393,6144,5999,8482,7966,10914,11587,15267,15941,18921,19220,15740,16447,8815,10731,2791,5341,2697,2724,5129,5126,6965,7858,11318,12495,16608,17251,15053,15744,8502,10336,2719,5173,131197,100298,15865,13463,27793,25639,6320,4,6
2021-07-07T23:59:59+02:00,478,389,6129,5986,8459,7950,10900,11570,15256,15931,18920,19215,15738,16444,8814,10729,2791,5339,2649,2669,5040,5068,6829,7765,11086,12315,16448,17119,15045,15738,8498,10331,2719,5173,131086,99279,15857,13344,27791,25591,6300,4,6
2021-07-06T23:59:59+02:00,452,368,6029,5893,8378,7884,10824,11501,15222,15891,18897,19199,15731,16434,8811,10727,2788,5337,2580,2599,4902,4954,6642,7632,10696,11903,16078,16745,15020,15705,8490,10324,2718,5169,130470,97127,15849,13261,27786,25531,6257,4,6
2021-07-05T23:59:59+02:00,411,334,5849,5721,8261,7788,10711,11386,15163,15824,18866,19167,15725,16426,8807,10722,2785,5336,2526,2524,4804,4857,6511,7496,10346,11588,15803,16441,14990,15675,8482,10309,2718,5164,129419,95342,15845,13197,27783,25477,6231,4,6
2021-07-04T23:59:59+02:00,391,304,5775,5643,8204,7733,10644,11330,15132,15793,18852,19148,15719,16423,8806,10720,2785,5334,2507,2493,4743,4811,6452,7446,10209,11479,15702,16369,14986,15669,8480,10308,2717,5164,128916,94777,15839,13130,27778,25441,6199,4,6
2021-07-03T23:59:59+02:00,386,302,5757,5635,8195,7724,10633,11327,15125,15787,18849,19146,15718,16423,8806,10720,2785,5334,2472,2462,4648,4782,6344,7421,10151,11434,15598,16283,14309,14960,8461,10283,2717,5164,128850,94663,15837,13128,27777,23525,6184,4,6
2021-07-02T23:59:59+02:00,342,264,5569,5484,8121,7649,10534,11230,15060,15731,18830,19140,15714,16419,8801,10718,2783,5331,2424,2414,4493,4704,6161,7347,9997,11279,15408,16080,13518,14042,8453,10268,2717,5163,127932,94101,15835,13084,27776,21121,6173,4,6
2021-07-01T23:59:59+02:00,281,210,5352,5304,7993,7538,10396,11105,14931,15636,18785,19115,15706,16412,8796,10712,2783,5330,2306,2293,4317,4531,5925,7098,9219,10597,14779,15610,13493,14014,8448,10263,2713,5161,126645,90614,15825,12989,27775,21037,6136,4,6
2021-06-30T23:59:59+02:00,151,121,4870,4828,7651,7263,10047,10767,14703,15458,18727,19071,15695,16401,8792,10704,2783,5327,2269,2247,4232,4462,5814,7002,9048,10475,14690,15534,13479,14006,8445,10260,2713,5159,123657,90020,15819,12815,27775,20905,6104,4,6
2021-06-29T23:59:59+02:00,115,100,4586,4546,7401,7045,9757,10468,14504,15268,18665,19010,15643,16351,8773,10689,2782,5322,2203,2165,4090,4325,5608,6823,8824,10249,14398,15312,13431,13957,8433,10236,2711,5146,121591,88581,15816,12663,27773,20833,5841,4,6
2021-06-28T23:59:59+02:00,99,79,4450,4401,7296,6934,9636,10339,14413,15161,18620,18968,15627,16335,8759,10678,2779,5320,2118,2039,3907,4120,5328,6481,8440,9739,13869,14776,13314,13868,8415,10212,2708,5134,120572,85384,15807,12581,27770,20768,5741,4,4
2021-06-27T23:59:59+02:00,94,77,4398,4352,7237,6878,9574,10285,14381,15128,18600,18951,15610,16323,8752,10671,2778,5315,2064,2004,3843,4074,5217,6368,8272,9611,13694,14664,13288,13849,8407,10203,2705,5132,120206,84594,15804,12547,27768,20637,5622,4,4
2021-06-26T23:59:59+02:00,81,75,4355,4324,7206,6851,9556,10264,14362,15113,18588,18938,15606,16316,8752,10671,2778,5315,1988,1912,3654,3915,5002,6111,7906,9156,13344,14367,13208,13792,8387,10175,2700,5123,119967,81954,15800,12547,27768,20632,5612,4,4
2021-06-25T23:59:59+02:00,69,62,4042,3997,6938,6612,9265,9971,14139,14925,18505,18882,15560,16270,8733,10652,2776,5308,1923,1828,3491,3796,4810,5880,7582,8742,13036,14032,13158,13736,8374,10150,2694,5117,117561,79610,15772,12516,27768,20627,5601,4,4
2021-06-24T23:59:59+02:00,62,55,3949,3905,6840,6526,9166,9879,14040,14840,18477,18849,15545,16254,8727,10645,2776,5307,1855,1752,3378,3700,4612,5738,7363,8546,12785,13834,12325,12808,8194,9886,2694,5116,116831,78401,15762,12411,27765,18299,5480,4,4
2021-06-23T23:59:59+02:00,49,50,3542,3527,6387,6177,8635,9369,13704,14538,18342,18713,15441,16162,8684,10609,2773,5293,1718,1577,3125,3499,4199,5411,6420,7837,12048,13134,12303,12796,8184,9879,2694,5112,113893,77777,15513,9092,27764,18251,4821,4,4
2021-06-22T23:59:59+02:00,40,42,3470,3456,6311,6118,8532,9292,13652,14493,18309,18696,15430,16155,8683,10604,2773,5290,1678,1523,3022,3397,4058,5261,6168,7653,11444,12432,12213,12704,8167,9846,2690,5104,113270,75460,15509,9011,27762,18093,4801,4,4
2021-06-21T23:59:59+02:00,34,39,3400,3395,6217,6064,8472,9220,13592,14449,18276,18675,15427,16153,8679,10601,2773,5289,1641,1472,2931,3300,3934,5111,5973,7427,10686,11507,11830,12250,7103,8625,2684,5098,112753,72802,15502,8910,27753,15121,4743,4,4
2021-06-20T23:59:59+02:00,34,38,3374,3373,6170,6032,8427,9190,13564,14434,18265,18671,15426,16153,8679,10601,2773,5289,1622,1455,2895,3274,3883,5074,5920,7404,10600,11434,11810,12231,7101,8618,2683,5098,112578,72490,15486,8834,27753,15109,4672,4,4
2021-06-19T23:59:59+02:00,32,36,3347,3349,6141,6011,8398,9171,13540,14428,18259,18666,15426,16152,8679,10601,2773,5289,1618,1443,2890,3265,3875,5069,5906,7399,10589,11427,11810,12231,7101,8617,2683,5098,112389,72411,15480,8834,27753,15107,4672,4,4
2021-06-18T23:59:59+02:00,28,31,3306,3307,6065,5972,8330,9117,13494,14397,18236,18655,15425,16150,8678,10600,2773,5289,1541,1348,2754,3090,3690,4791,5508,7024,9103,9863,11644,12063,7060,8567,2671,5080,112007,67232,15453,8833,27753,15096,4636,4,4
2021-06-17T23:59:59+02:00,26,28,3242,3256,5999,5934,8257,9064,13423,14352,18213,18644,15423,16145,8677,10597,2773,5286,1409,1254,2565,2875,3429,4503,5149,6632,8436,9135,11361,11822,7019,8510,2667,5077,111640,63536,15424,8717,27750,15069,4521,4,4
2021-06-16T23:59:59+02:00,26,25,3189,3195,5887,5868,8139,8970,13296,14266,18147,18609,15417,16136,8677,10594,2773,5286,1312,1198,2424,2767,3246,4346,4865,6361,7360,7845,11270,11715,6988,8473,2654,5059,111004,59779,15350,8671,27747,15038,4395,4,4
2021-06-15T23:59:59+02:00,21,24,3092,3113,5770,5779,7951,8793,13036,14046,17996,18483,15402,16125,8669,10588,2773,5284,1274,1165,2352,2711,3139,4272,4663,6236,7048,7594,10775,11155,6955,8438,2646,5046,109588,57534,15322,8639,27739,15005,4292,4,3
2021-06-14T23:59:59+02:00,20,22,3019,3042,5692,5722,7810,8674,12747,13810,17812,18311,15386,16111,8662,10583,2772,5283,1247,1137,2286,2655,3014,4176,4465,6097,6710,7293,10248,10546,6924,8401,2642,5037,108210,55173,15314,8534,27735,14958,4215,4,2
2021-06-13T23:59:59+02:00,20,22,3001,3010,5626,5684,7747,8608,12607,13674,17707,18189,15380,16102,8661,10580,2771,5283,1237,1125,2255,2641,2977,4165,4421,6077,6678,7277,10244,10539,6924,8400,2642,5037,107473,55032,15303,8528,27730,14919,4162,4,2
2021-06-12T23:59:59+02:00,18,22,2972,2992,5598,5659,7716,8590,12587,13656,17698,18186,15379,16101,8661,10580,2771,5283,1180,1063,2165,2566,2881,4030,4279,5946,6568,7192,10162,10461,6326,7673,2642,5037,107274,54917,15301,8528,27730,12568,4160,4,2
2021-06-11T23:59:59+02:00,18,19,2895,2916,5529,5594,7533,8404,12177,13349,17418,17982,15363,16076,8655,10572,2769,5281,1157,1046,2110,2526,2816,3982,4194,5884,6459,7103,10060,10348,6313,7667,2640,5031,106258,54394,14410,8263,27729,12532,4149,4,2
2021-06-10T23:59:59+02:00,14,17,2839,2874,5430,5543,7400,8321,11992,13211,17281,17865,15358,16072,8655,10571,2768,5280,1118,1021,2035,2460,2714,3905,4024,5754,6218,6891,9809,10081,6293,7639,2634,5025,105340,52835,14336,8259,27724,12442,4087,4,2
2021-06-09T23:59:59+02:00,13,15,2763,2805,5306,5449,7178,8149,11715,12969,17094,17718,15347,16058,8651,10562,2768,5277,1061,959,1904,2342,2510,3723,3696,5469,5599,6385,8988,9180,6236,7563,2620,4990,104137,48839,14185,8242,27715,12350,3796,4,2
2021-06-08T23:59:59+02:00,10,11,2666,2702,5173,5322,6982,7966,11282,12542,16717,17330,15328,16031,8640,10556,2767,5272,1024,931,1837,2278,2404,3650,3553,5403,5451,6256,8955,9161,6234,7553,2618,4986,101935,48333,14158,8193,27713,12283,3487,4,2
2021-06-07T23:59:59+02:00,8,10,2538,2604,4982,5193,6774,7803,10805,12183,16374,17035,15302,16003,8634,10539,2766,5268,953,894,1710,2224,2265,3568,3300,5314,5096,5972,8406,8537,6180,7494,2614,4977,100003,46121,14115,8179,27704,12211,2995,4,2
2021-06-06T23:59:59+02:00,8,8,2503,2580,4921,5134,6687,7747,10668,12073,16282,16971,15299,15999,8634,10539,2764,5267,937,884,1681,2205,2223,3541,3234,5290,5048,5948,8401,8536,6175,7487,2614,4976,99417,45967,14063,8170,27698,12143,2902,4,2
2021-06-05T23:59:59+02:00,7,7,2490,2558,4892,5107,6649,7720,10637,12046,16273,16965,15299,15999,8634,10539,2764,5267,921,869,1649,2178,2184,3489,3132,5208,4694,5620,7803,7834,6147,7434,2613,4974,99192,43587,14063,8165,27696,12101,2898,4,2
2021-06-04T23:59:59+02:00,6,6,2460,2530,4847,5062,6601,7669,10549,11943,16221,16902,15295,15992,8634,10538,2763,5266,909,851,1626,2159,2143,3452,3080,5149,4531,5432,7501,7467,6111,7392,2611,4968,98665,42305,14058,8163,27696,12055,2861,4,2
2021-06-03T23:59:59+02:00,6,6,2355,2399,4694,4891,6394,7420,9848,11309,15631,16454,15284,15982,8631,10532,2762,5265,892,820,1585,2099,2094,3373,2991,5040,4386,5267,7342,7278,6099,7365,2611,4964,95325,41258,14019,8153,27690,11972,2825,4,2
2021-06-02T23:59:59+02:00,6,6,2338,2374,4651,4858,6338,7381,9748,11220,15573,16401,15276,15978,8630,10528,2762,5264,879,808,1567,2076,2042,3337,2906,4954,4024,4878,6785,6641,6056,7309,2607,4954,94800,38925,14017,8149,27690,11929,2821,4,2
2021-06-01T23:59:59+02:00,6,5,2276,2333,4531,4768,6174,7269,9560,11073,15466,16325,15273,15974,8626,10524,2761,5259,847,782,1502,2026,1929,3275,2750,4863,3821,4751,6574,6411,6034,7291,2601,4947,93936,37843,13968,8127,27678,11817,2617,4,2
2021-05-31T23:59:59+02:00,2,5,2226,2274,4432,4675,6033,7143,9374,10929,15381,16271,15265,15967,8623,10524,2761,5259,824,746,1444,1967,1861,3227,2576,4810,3691,4698,6217,5996,6011,7270,2598,4939,93218,36667,13882,8121,27669,11716,2371,4,2
2021-05-30T23:59:59+02:00,2,5,2201,2252,4375,4614,5944,7083,9299,10867,15344,16252,15264,15965,8623,10524,2761,5259,812,735,1422,1946,1811,3203,2443,4775,3586,4680,6215,5994,6011,7270,2598,4939,92773,36352,13842,8099,27659,11633,2356,4,2
2021-05-29T23:59:59+02:00,2,5,2184,2237,4357,4603,5927,7067,9285,10854,15339,16249,15263,15965,8623,10524,2761,5259,794,682,1328,1688,1678,2842,2243,4226,3308,4252,6125,5900,5899,7137,2597,4939,92647,36303,13839,8094,27658,8885,2356,4,2
2021-05-28T23:59:59+02:00,2,5,2163,2214,4319,4558,5883,7022,9209,10784,15272,16197,15259,15963,8623,10524,2761,5258,775,592,1250,1437,1579,2441,2064,3536,3044,3656,5487,5160,5817,7046,2593,4926,92175,35005,13826,8094,27656,5949,2355,4,2
2021-05-27T23:59:59+02:00,2,5,2120,2176,4234,4491,5759,6948,9054,10684,15175,16113,15257,15962,8623,10524,2761,5258,746,556,1216,1355,1537,2303,1997,3394,2932,3536,5052,4675,5784,7007,2582,4897,91494,33880,13677,8085,27632,5265,2339,4,2
2021-05-26T23:59:59+02:00,2,5,2051,2058,4037,4346,5417,6686,8085,9942,14416,15408,15245,15956,8619,10518,2759,5256,735,540,1190,1297,1492,2248,1940,3282,2780,3390,3747,3297,5725,6934,2559,4840,90720,30612,10152,8070,27617,5001,2313,4,2
2021-05-25T23:59:59+02:00,2,5,2010,2019,3954,4279,5321,6620,7950,9835,14042,14975,15197,15919,8612,10503,2757,5252,726,530,1160,1262,1470,2225,1920,3255,2755,3364,3741,3287,5718,6931,2557,4839,89381,30525,10004,8061,27600,4891,2263,4,2
2021-05-24T23:59:59+02:00,2,5,1984,1973,3865,4205,5216,6538,7825,9711,13530,14361,15146,15851,8605,10489,2756,5247,720,522,1140,1251,1440,2211,1899,3237,2730,3342,3725,3269,5696,6907,2550,4823,87589,30398,9925,8010,27588,4852,2203,4,1
2021-05-23T23:59:59+02:00,2,5,1975,1960,3846,4182,5198,6525,7773,9680,13455,14298,15135,15847,8603,10488,2755,5247,713,510,1128,1238,1415,2186,1841,3201,2622,3243,3317,2836,5054,6097,2536,4778,87354,30227,9825,5455,27588,4831,2203,4,1
2021-05-22T23:59:59+02:00,2,5,1809,1918,3544,4132,4795,6481,7515,9624,13330,14219,15129,15846,8603,10487,2755,5247,552,479,835,1196,1037,2150,1600,3148,2508,3168,3313,2834,5054,6096,2536,4778,87204,30215,9825,5454,27586,4794,822,4,1
2021-05-21T23:59:59+02:00,2,4,1723,1809,3390,3940,4606,6186,7118,9258,12041,12879,14978,15698,8566,10440,2746,5236,548,467,825,1194,1035,2143,1565,3118,2431,3091,3139,2697,5028,6053,2533,4763,82431,29580,9785,5454,27580,4776,820,4,1
2021-05-20T23:59:59+02:00,2,4,1685,1773,3298,3889,4499,6105,6942,9178,11830,12652,14958,15680,8563,10433,2745,5235,528,454,785,1148,979,2079,1446,3047,2304,2994,2951,2528,4987,5977,2525,4748,81599,28837,9682,5439,27524,4541,663,3,1
2021-05-19T23:59:59+02:00,2,4,1662,1747,3241,3833,4405,6039,6827,9115,11598,12392,14946,15670,8561,10432,2745,5234,520,442,769,1111,961,2010,1335,2900,1977,2701,2388,2031,4882,5860,2504,4701,80786,26767,9542,5423,27497,4277,625,3,1
2021-05-18T23:59:59+02:00,2,4,1600,1713,3153,3743,4293,5936,6668,8956,11311,12138,14901,15622,8549,10409,2743,5224,517,430,754,1096,943,1993,1251,2834,1697,2479,1946,1685,4810,5777,2483,4658,79693,25225,9340,5413,27428,4214,501,3,1
2021-05-17T23:59:59+02:00,2,4,1551,1632,3023,3585,4087,5657,6320,8498,10765,11587,14793,15531,8530,10384,2738,5214,515,422,748,1089,925,1988,1227,2810,1669,2440,1929,1666,4803,5770,2480,4655,76802,25160,9305,5399,27403,4189,388,3,1
2021-05-16T23:59:59+02:00,2,4,1532,1610,2970,3545,3992,5570,6171,8362,10589,11454,14767,15509,8523,10376,2737,5212,508,416,725,1074,895,1972,1199,2782,1636,2416,1922,1657,4801,5766,2477,4653,76058,25131,9248,5381,27373,4144,243,3,1
2021-05-15T23:59:59+02:00,2,4,1445,1513,2759,3378,3763,5292,5810,7890,10237,11157,14682,15447,8504,10347,2731,5203,508,414,721,1072,895,1968,1194,2781,1631,2412,1910,1645,4795,5760,2477,4651,73305,25072,9248,5381,27366,4139,242,3,1
2021-05-14T23:59:59+02:00,2,4,1411,1450,2647,3282,3611,5135,5613,7601,10018,10905,14647,15409,8491,10324,2728,5199,459,373,649,906,823,1682,1064,2371,1450,2086,1876,1605,4792,5752,2476,4646,71666,25008,9228,5379,27342,2385,238,3,1
2021-05-13T23:59:59+02:00,2,4,1353,1383,2544,3198,3444,4999,5394,7395,9791,10725,14621,15381,8483,10321,2726,5196,452,360,622,878,721,1574,963,2287,1185,1874,1161,1025,4572,5519,2468,4614,70505,24890,8918,2841,27311,2321,223,3,1
2021-05-12T23:59:59+02:00,2,4,1346,1374,2528,3193,3426,4987,5374,7382,9777,10713,14619,15377,8481,10319,2725,5196,452,359,621,877,718,1571,957,2285,1181,1868,1142,1016,4559,5483,2436,4545,70395,24689,8894,2841,27309,2318,222,3,1
2021-05-11T23:59:59+02:00,2,3,1304,1332,2454,3110,3313,4860,5180,7237,9489,10405,14572,15320,8469,10299,2721,5187,446,346,603,863,697,1554,929,2261,1155,1841,1087,980,4496,5386,2394,4421,69059,24199,8771,2823,27224,2237,200,3,1
2021-05-10T23:59:59+02:00,2,3,1280,1305,2390,3033,3186,4736,5050,7080,9166,10024,14526,15281,8460,10280,2716,5185,445,344,590,853,683,1539,918,2246,1137,1827,1052,946,4436,5310,2355,4306,67706,23792,8651,2820,27153,2185,190,3,1
2021-05-09T23:59:59+02:00,2,3,1265,1288,2347,3020,3109,4701,4988,7046,9101,9980,14513,15266,8458,10275,2716,5183,437,342,576,848,660,1519,896,2225,1125,1813,1033,930,4424,5272,2340,4264,67469,23632,8577,2818,27109,2151,103,3,1
2021-05-08T23:59:59+02:00,1,3,1263,1284,2332,3008,3092,4690,4948,7032,9077,9972,14512,15266,8458,10274,2716,5183,437,342,576,848,659,1519,896,2224,1124,1812,1033,930,4423,5272,2340,4264,67327,23631,8571,2815,27107,2150,103,3,1
2021-05-07T23:59:59+02:00,1,3,1244,1263,2293,2967,3040,4641,4848,6940,8853,9725,14497,15244,8452,10268,2713,5179,387,314,544,779,622,1357,826,2017,1036,1625,1003,901,4403,5249,2338,4259,66420,23527,8565,2812,27080,1218,103,3,1
2021-05-06T23:59:59+02:00,1,3,1094,1171,2065,2723,2741,4332,4477,6539,8267,9120,14219,15005,8412,10211,2710,5178,386,310,532,760,605,1325,807,1982,1003,1597,976,870,4393,5235,2336,4255,62788,23398,8437,2762,26944,1116,96,3,1
2021-05-05T23:59:59+02:00,1,2,1029,1120,1955,2610,2582,4161,4182,6260,7255,7938,14134,14907,8377,10170,2697,5158,383,307,525,750,590,1316,773,1968,980,1576,901,808,4352,5163,2328,4239,59271,23075,8392,2743,26822,1091,50,3,1
2021-05-04T23:59:59+02:00,1,2,1007,1100,1904,2571,2480,4094,3962,6147,6974,7723,13627,14339,8347,10135,2692,5149,380,306,520,746,579,1311,756,1949,964,1569,882,784,4332,5147,2325,4230,57213,22941,8334,2728,26662,1069,42,3,1
2021-05-03T23:59:59+02:00,1,2,975,1062,1843,2518,2377,3984,3763,6030,6617,7423,13090,13715,8310,10097,2685,5134,374,305,518,742,569,1305,747,1938,950,1556,857,760,4315,5129,2319,4217,54791,22831,8308,2719,26523,1050,1,3,1
2021-05-02T23:59:59+02:00,1,2,970,1061,1824,2512,2352,3977,3721,6020,6583,7415,13089,13715,8310,10096,2685,5134,374,305,515,742,568,1303,742,1938,949,1553,855,756,4314,5125,2319,4217,54659,22814,8304,2717,26500,1043,1,3,1
2021-05-01T23:59:59+02:00,1,2,970,1059,1816,2510,2341,3972,3709,6012,6572,7406,13088,13713,8310,10096,2685,5134,374,305,515,742,568,1303,741,1937,947,1553,855,756,4314,5125,2319,4217,54590,22814,8304,2713,26498,1043,1,3,1
2021-04-30T23:59:59+02:00,0,2,954,1054,1795,2496,2320,3937,3672,5979,6494,7352,12993,13609,8309,10092,2682,5122,322,250,473,666,539,1124,711,1713,913,1349,843,738,4310,5123,2319,4217,54095,22800,8303,2709,26460,100,1,3,1
2021-04-29T23:59:59+02:00,0,2,899,1029,1738,2445,2257,3878,3526,5856,6257,7129,12734,13336,8287,10063,2678,5115,315,248,464,659,536,1117,704,1703,903,1339,835,723,4301,5115,2319,4215,52502,22714,8288,2703,26435,78,1,3,1
2021-04-28T23:59:59+02:00,0,2,838,995,1658,2383,2113,3768,3240,5603,5653,6625,11897,12419,8229,9974,2655,5078,314,245,462,652,528,1103,693,1683,892,1332,822,707,4282,5088,2317,4215,48451,22593,8281,2684,26394,57,1,3,1
2021-04-27T23:59:59+02:00,0,2,828,990,1640,2363,2068,3750,3169,5578,5527,6503,11868,12402,8227,9972,2655,5076,313,243,456,650,520,1097,684,1671,883,1326,810,696,4278,5082,2316,4209,47972,22515,8278,2669,26364,49,1,3,1
2021-04-26T23:59:59+02:00,0,2,818,977,1614,2345,2008,3709,2993,5501,5196,6218,11303,11757,8172,9907,2651,5067,311,242,455,649,514,1091,673,1665,874,1316,801,687,4273,5077,2316,4205,45645,22463,8269,2641,26321,44,1,2,1
2021-04-25T23:59:59+02:00,0,2,808,975,1600,2339,1970,3692,2867,5478,5104,6213,11299,11753,8169,9901,2650,5066,310,242,455,649,514,1084,673,1663,871,1314,801,686,4273,5077,2316,4205,45319,22458,8263,2637,26301,37,1,2,1
2021-04-24T23:59:59+02:00,0,2,794,965,1578,2319,1930,3647,2770,5410,4759,5893,10682,11027,8139,9843,2649,5064,310,242,455,649,514,1083,672,1662,870,1314,796,682,4264,5061,2314,4204,42911,22422,8262,2633,26295,36,1,2,1
2021-04-23T23:59:59+02:00,0,2,789,957,1565,2309,1901,3621,2730,5360,4598,5707,10373,10646,8099,9801,2646,5055,310,241,455,649,514,1082,671,1662,868,1314,796,681,4261,5058,2314,4204,41613,22411,8262,2632,26281,36,1,2,1
2021-04-22T23:59:59+02:00,0,2,773,942,1537,2266,1850,3553,2645,5270,4445,5553,10229,10452,8085,9770,2644,5047,310,240,453,638,512,1076,665,1654,862,1305,790,676,4258,5056,2314,4202,40613,22375,8236,2607,26211,28,1,2,1
2021-04-21T23:59:59+02:00,0,2,762,929,1513,2255,1797,3508,2541,5183,4061,5133,9632,9768,8036,9708,2640,5036,308,240,450,636,512,1075,661,1651,857,1300,778,664,4248,5042,2314,4198,38098,22324,8219,2583,26184,26,1,2,1
2021-04-20T23:59:59+02:00,0,2,755,918,1491,2228,1766,3479,2489,5125,3924,5037,9436,9549,8019,9698,2636,5033,308,238,450,635,511,1073,660,1646,854,1295,772,660,4244,5038,2314,4198,37263,22293,8208,2577,26111,26,1,2,0
2021-04-19T23:59:59+02:00,0,2,748,908,1482,2221,1749,3462,2457,5099,3860,4979,9067,9131,7994,9673,2633,5027,308,236,449,632,509,1070,656,1644,850,1291,766,654,4235,5036,2314,4196,36238,22254,8196,2566,26055,26,1,2,0
2021-04-18T23:59:59+02:00,0,2,744,906,1477,2215,1731,3455,2438,5087,3852,4977,9058,9120,7994,9672,2633,5027,307,236,449,628,508,1067,654,1641,847,1291,765,652,4235,5034,2314,4196,36178,22246,8176,2552,26031,26,1,2,0
2021-04-17T23:59:59+02:00,0,2,727,900,1389,2205,1631,3443,2401,5057,3772,4899,8345,8396,7978,9659,2633,5027,307,236,447,626,507,1067,653,1641,846,1288,765,652,4234,5034,2314,4196,36170,22235,8176,2552,24115,26,1,2,0
2021-04-16T23:59:59+02:00,0,2,711,882,1260,2183,1479,3421,2315,4992,3611,4734,7010,6845,7943,9610,2622,4996,307,235,442,620,503,1063,643,1639,842,1279,755,646,4226,5019,2311,4194,34799,22161,8166,2548,21648,15,1,2,0
2021-04-15T23:59:59+02:00,0,2,690,871,1250,2170,1459,3403,2257,4954,3540,4681,6572,6344,7903,9549,2600,4925,300,229,428,609,486,1049,609,1612,806,1249,665,585,3732,4509,2289,4159,33484,22104,8110,1201,21573,11,1,2,0
2021-04-14T23:59:59+02:00,0,2,685,867,1229,2157,1428,3384,2212,4919,3408,4587,5233,4940,7853,9483,2579,4888,292,224,425,602,479,1046,603,1604,800,1246,650,568,3721,4500,2285,4154,30258,22016,8099,1173,21494,10,1,2,0
2021-04-13T23:59:59+02:00,0,2,682,867,1220,2152,1413,3382,2204,4908,3388,4572,5214,4922,7847,9480,2578,4886,292,223,423,600,476,1043,601,1600,789,1244,632,563,3719,4497,2285,4154,30178,21996,8078,1135,21458,10,1,2,0
2021-04-12T23:59:59+02:00,0,2,676,859,1207,2143,1397,3371,2170,4894,3357,4548,5191,4907,7834,9469,2575,4853,291,222,421,599,475,1037,599,1596,781,1237,627,561,3714,4496,2285,4154,30050,21970,8033,1115,21367,10,1,2,0
2021-04-11T23:59:59+02:00,0,2,668,855,1191,2131,1379,3356,2103,4870,3239,4465,4771,4466,7167,8643,2568,4848,291,222,420,599,472,1036,593,1593,777,1236,623,558,3710,4491,2285,4154,30020,21962,5420,1088,21279,10,1,2,0
2021-04-10T23:59:59+02:00,0,2,668,853,1190,2130,1377,3352,2101,4867,3236,4458,4727,4419,7163,8637,2568,4847,285,219,418,588,459,1020,566,1576,745,1212,551,488,3141,3874,2236,4062,29897,20342,5417,1088,21278,10,1,2,0
2021-04-09T23:59:59+02:00,0,2,664,852,1182,2127,1373,3347,2070,4845,3158,4379,4530,4254,7128,8588,2564,4831,275,212,408,574,440,1004,541,1558,724,1189,470,426,2492,3054,2188,3968,29212,18426,5413,1087,21266,10,1,2,0
2021-04-08T23:59:59+02:00,0,2,654,842,1168,2116,1357,3317,2009,4792,3011,4268,3476,3102,6886,8225,2553,4816,262,204,391,556,417,990,519,1529,691,1166,451,400,2483,3045,2185,3965,28415,18205,5365,1039,18811,10,1,2,0
2021-04-07T23:59:59+02:00,0,2,647,836,1155,2107,1338,3305,1899,4713,2694,4019,2871,2574,6775,8102,2530,4763,248,197,363,532,379,955,475,1495,655,1139,424,375,2423,2983,2180,3958,26241,17752,5346,1020,18740,9,1,2,0
2021-04-06T23:59:59+02:00,0,2,637,828,1117,2100,1314,3286,1781,4663,2418,3850,2418,2227,6699,8011,2509,4726,224,184,329,506,354,937,438,1472,619,1107,389,333,2367,2909,2174,3949,24644,17279,5330,1003,18609,9,1,2,0
2021-04-05T23:59:59+02:00,0,2,634,826,1106,2096,1308,3283,1772,4653,2403,3834,2129,1881,5580,6695,2507,4726,224,184,328,502,348,931,434,1470,615,1102,385,330,2365,2903,2174,3948,24612,17268,5320,967,15500,8,1,2,0
2021-04-04T23:59:59+02:00,0,2,633,826,1106,2096,1308,3282,1772,4653,2401,3832,2128,1878,5580,6692,2507,4726,224,184,327,502,348,931,433,1470,615,1102,385,330,2364,2903,2174,3948,24605,17265,5320,967,15494,8,1,2,0
2021-04-03T23:59:59+02:00,0,2,633,826,1106,2095,1308,3282,1771,4651,2397,3832,2127,1875,5579,6692,2507,4726,224,184,327,502,348,931,433,1470,614,1102,385,330,2364,2903,2174,3948,24599,17264,5316,967,15491,8,1,2,0
2021-04-02T23:59:59+02:00,0,2,633,825,1106,2095,1304,3281,1769,4646,2396,3829,2119,1866,5567,6677,2504,4713,224,183,327,500,348,931,432,1469,613,1093,383,330,2364,2902,2174,3948,24531,17246,5312,967,15486,8,1,2,0
2021-04-01T23:59:59+02:00,0,2,629,814,1084,2077,1207,3185,1679,4577,2136,3621,1394,1279,5358,6467,2494,4686,220,182,327,499,347,930,431,1467,613,1092,380,328,2364,2902,2174,3944,24426,17234,2811,958,15449,8,1,2,0
2021-03-31T23:59:59+02:00,0,2,627,813,1080,2073,1202,3177,1668,4572,2118,3608,1367,1246,5329,6412,2457,4587,219,182,327,498,346,930,431,1466,612,1091,379,325,2360,2901,2172,3943,24107,17222,2797,952,15432,8,1,1,0
2021-03-30T23:59:59+02:00,0,2,625,804,1074,2069,1196,3172,1658,4558,2110,3594,1320,1201,5245,6283,2413,4441,219,181,327,497,343,926,426,1463,605,1081,364,314,2258,2749,2052,3718,23587,16604,2775,911,15402,8,1,0,0
2021-03-29T23:59:59+02:00,0,2,623,802,1071,2061,1186,3166,1651,4545,2098,3582,1284,1170,5185,6190,2364,4312,218,180,325,495,341,924,424,1458,600,1076,357,309,2035,2484,1825,3343,23155,15478,2751,908,15385,8,1,0,0
2021-03-28T23:59:59+02:00,0,2,623,799,1069,2055,1183,3159,1645,4535,2094,3577,1268,1161,5177,6168,2353,4280,216,180,324,492,333,920,421,1451,597,1064,351,297,2030,2470,1824,3340,23050,15451,2733,854,15364,5,1,0,0
2021-03-27T23:59:59+01:00,0,2,570,738,989,1987,1101,3041,1527,4411,1992,3495,1199,1091,4574,5436,2353,4280,214,179,324,492,333,920,416,1449,596,1061,350,297,2029,2469,1824,3340,23034,15435,2729,854,13022,4,1,0,0
2021-03-26T23:59:59+01:00,0,2,567,733,982,1977,1099,3035,1517,4404,1976,3487,1155,1060,4544,5402,2352,4276,213,176,324,490,330,919,414,1448,592,1054,342,292,1626,1937,1402,2620,22840,13327,2719,848,13008,4,1,0,0
2021-03-25T23:59:59+01:00,0,2,565,727,969,1969,1096,3026,1510,4392,1961,3477,1145,1049,4536,5397,2352,4275,212,173,323,489,328,913,411,1442,588,1045,338,288,1530,1816,1365,2548,22793,12980,2710,825,12944,4,1,0,0
2021-03-24T23:59:59+01:00,0,2,563,721,959,1956,1083,3011,1481,4374,1947,3468,1110,1019,4509,5364,2347,4270,212,173,322,488,325,909,406,1435,579,1029,324,278,1204,1435,1215,2282,22651,11849,2684,763,12848,4,1,0,0
2021-03-23T23:59:59+01:00,0,2,561,716,954,1942,1079,3001,1474,4360,1937,3461,1097,1008,4490,5349,2347,4267,211,173,320,485,318,906,405,1435,573,1025,316,271,969,1170,1101,2106,22577,11038,2675,742,12792,4,1,0,0
2021-03-22T23:59:59+01:00,0,2,560,707,949,1930,1073,2992,1464,4344,1923,3452,1094,1005,4485,5348,2347,4267,209,173,319,483,317,904,402,1432,570,1021,312,267,968,1166,1101,2103,22553,11021,2660,722,12728,4,1,0,0
2021-03-21T23:59:59+01:00,0,2,558,704,946,1921,1071,2988,1458,4331,1911,3445,1091,1004,4485,5347,2347,4267,209,173,319,482,316,900,402,1427,564,1019,302,262,964,1162,1100,2103,22549,11020,2646,680,12680,4,1,0,0
2021-03-20T23:59:59+01:00,0,2,553,696,941,1905,1054,2972,1430,4313,1877,3417,1019,933,3903,4713,2297,4170,209,173,319,482,316,900,402,1427,564,1019,302,262,964,1162,1099,2102,20890,11018,2645,680,12659,4,1,0,0
2021-03-19T23:59:59+01:00,0,2,544,687,924,1879,1027,2953,1394,4288,1851,3387,932,868,3233,3877,2250,4073,206,173,317,482,315,897,400,1425,560,1012,299,261,951,1149,1068,2062,18916,10995,2634,578,12618,4,1,0,0
2021-03-18T23:59:59+01:00,0,2,531,674,907,1853,1004,2927,1355,4248,1806,3335,834,804,2720,3344,2228,4039,201,171,314,478,312,886,396,1419,558,1007,296,255,848,1055,960,1873,18838,10617,1233,409,12539,3,1,0,0
2021-03-17T23:59:59+01:00,0,2,529,664,898,1833,991,2908,1333,4227,1787,3319,805,779,2634,3253,2222,4035,199,170,312,476,309,885,389,1415,555,1003,293,250,607,781,659,1428,18530,9698,1196,33,12492,0,1,0,0
2021-03-16T23:59:59+01:00,0,2,527,655,889,1811,970,2893,1316,4215,1763,3303,776,768,2586,3173,2220,4031,199,170,310,476,307,883,386,1413,552,998,287,246,361,544,471,1121,18323,8698,1156,27,12419,0,0,0,0
2021-03-15T23:59:59+01:00,0,2,527,644,885,1793,961,2872,1310,4209,1755,3294,770,765,2583,3172,2220,4031,198,170,309,475,306,883,386,1413,549,998,287,246,361,543,470,1121,18310,8692,1134,24,12349,0,0,0,0
2021-03-14T23:59:59+01:00,0,2,526,638,879,1781,954,2867,1300,4196,1745,3282,765,761,2578,3169,2220,4031,198,170,308,475,305,881,384,1411,549,998,286,246,361,543,470,1121,18305,8689,1107,18,12282,0,0,0,0
2021-03-13T23:59:59+01:00,0,2,504,587,784,1519,824,2486,1106,3632,1463,2852,684,672,2475,3043,2219,4030,198,170,308,475,305,881,384,1411,549,998,286,246,361,543,470,1121,18301,8689,1107,18,9474,0,0,0,0
2021-03-12T23:59:59+01:00,0,2,489,502,720,1253,732,2091,935,2942,1216,2261,544,519,2431,2998,2219,4030,198,168,308,475,305,879,383,1411,549,996,286,245,348,522,422,1058,18278,8535,1106,18,6500,0,0,0,0
2021-03-11T23:59:59+01:00,0,2,466,466,687,1182,686,1986,876,2797,1136,2150,489,460,2418,2986,2218,4029,198,168,307,473,304,878,383,1408,548,996,286,244,335,505,376,1015,18090,8409,1058,15,5886,0,0,0,0
2021-03-10T23:59:59+01:00,0,2,452,456,653,1149,646,1952,832,2761,1103,2122,469,444,2404,2967,2217,4026,194,166,303,466,304,877,378,1401,543,989,282,238,215,406,151,753,17814,7657,1038,9,5803,0,0,0,0
2021-03-09T23:59:59+01:00,0,2,436,439,620,1120,627,1934,809,2735,1081,2098,447,423,2311,2825,2094,3797,194,166,301,464,303,876,377,1398,543,986,280,237,215,406,151,752,17053,7649,1022,0,5723,0,0,0,0
2021-03-08T23:59:59+01:00,0,2,423,418,597,1090,609,1912,793,2710,1059,2072,425,395,2082,2551,1865,3420,194,165,301,462,302,872,377,1392,543,984,279,235,215,405,151,752,15810,7629,994,0,5619,0,0,0,0
2021-03-07T23:59:59+01:00,0,2,422,416,590,1073,596,1904,790,2697,1053,2061,424,394,2077,2543,1864,3418,194,165,301,461,302,871,377,1389,543,983,279,235,215,405,151,752,15783,7623,984,0,5557,0,0,0,0
2021-03-06T23:59:59+01:00,0,2,422,413,587,1059,593,1902,783,2690,1049,2054,423,394,2077,2543,1864,3418,194,165,301,461,302,871,377,1389,543,982,278,235,215,405,151,752,15775,7621,984,0,5514,0,0,0,0
2021-03-05T23:59:59+01:00,0,2,416,398,581,1047,587,1892,778,2681,1043,2046,410,386,1656,1981,1432,2666,191,160,297,461,299,870,375,1386,541,978,278,235,215,405,151,752,13553,7594,984,0,5465,0,0,0,0
2021-03-04T23:59:59+01:00,0,2,406,373,555,1008,568,1836,749,2628,1022,1996,406,382,1564,1863,1393,2593,180,152,286,451,298,862,373,1372,539,974,277,235,215,405,151,752,13202,7522,978,0,5164,0,0,0,0
2021-03-03T23:59:59+01:00,0,2,404,366,547,978,551,1804,724,2580,1005,1958,400,376,1242,1484,1240,2321,179,151,285,450,297,861,369,1365,536,967,275,233,214,404,149,747,12053,7482,971,0,4958,0,0,0,0
2021-03-02T23:59:59+01:00,0,2,400,361,539,944,537,1784,715,2556,994,1940,390,366,999,1217,1122,2143,179,149,284,439,293,855,369,1356,536,961,275,233,214,404,149,747,11234,7443,936,0,4839,0,0,0,0
2021-03-01T23:59:59+01:00,0,2,398,353,530,922,519,1753,706,2532,983,1923,386,359,998,1210,1122,2139,179,147,284,430,290,845,366,1341,533,955,273,231,213,403,149,747,11215,7386,901,0,4719,0,0,0,0
2021-02-28T23:59:59+01:00,0,2,395,350,527,914,514,1742,703,2522,978,1908,382,354,998,1208,1122,2139,177,146,284,430,290,844,366,1341,532,955,273,231,213,403,149,747,11215,7381,874,0,4669,0,0,0,0
2021-02-27T23:59:59+01:00,0,2,394,348,522,907,512,1736,700,2513,975,1906,381,353,998,1208,1121,2139,177,146,284,430,290,844,366,1341,531,955,273,231,213,403,149,747,11214,7380,874,0,4627,0,0,0,0
2021-02-26T23:59:59+01:00,0,2,346,301,453,734,436,1428,571,2095,804,1563,353,323,998,1205,1121,2139,177,144,284,427,288,836,364,1333,529,952,273,231,213,403,149,747,11203,7350,863,0,2806,0,0,0,0
2021-02-25T23:59:59+01:00,0,2,326,293,443,712,424,1392,556,2047,786,1531,345,316,914,1116,1049,2015,126,130,264,423,277,824,353,1317,524,945,273,229,213,403,149,747,10802,7197,833,0,2632,0,0,0,0
2021-02-24T23:59:59+01:00,0,2,321,287,438,696,417,1356,540,1999,764,1487,337,303,706,884,865,1710,126,124,263,417,274,815,351,1304,517,938,271,227,211,403,149,745,9863,7135,792,0,2457,0,0,0,0
2021-02-23T23:59:59+01:00,0,2,319,275,430,682,406,1333,532,1963,746,1468,323,293,457,638,674,1409,126,123,262,415,272,810,351,1297,516,930,270,226,210,403,148,744,8865,7103,748,0,2337,0,0,0,0
2021-02-22T23:59:59+01:00,0,2,319,273,429,675,405,1328,528,1953,741,1464,323,290,456,636,674,1408,126,118,257,405,271,793,347,1273,511,922,266,225,210,403,148,744,8861,7019,736,0,2307,0,0,0,0
2021-02-21T23:59:59+01:00,0,2,316,272,427,669,402,1320,526,1945,735,1460,312,285,452,632,672,1408,126,118,256,404,271,791,344,1270,504,919,265,224,209,402,147,735,8856,6985,695,0,2284,0,0,0,0
2021-02-20T23:59:59+01:00,0,2,316,269,427,667,402,1312,525,1936,733,1456,312,285,452,632,672,1408,126,118,256,404,271,791,344,1270,503,919,265,224,209,402,147,735,8856,6984,695,0,2255,0,0,0,0
2021-02-19T23:59:59+01:00,0,1,270,243,395,591,368,1143,467,1721,626,1246,303,269,426,596,593,1301,126,118,256,404,270,791,344,1270,503,919,265,224,209,402,147,735,8639,6983,589,0,1331,0,0,0,0
2021-02-18T23:59:59+01:00,0,1,269,238,388,582,357,1122,454,1703,616,1239,303,267,373,549,491,1173,123,115,252,399,263,785,341,1261,500,918,263,222,209,402,147,735,8460,6935,417,0,1248,0,0,0,0
2021-02-17T23:59:59+01:00,0,1,263,234,376,568,350,1113,431,1687,608,1227,298,260,218,413,156,764,115,102,248,393,258,770,335,1245,494,907,259,219,208,402,147,735,7743,6837,31,0,1193,0,0,0,0
2021-02-16T23:59:59+01:00,0,1,261,232,365,566,340,1104,423,1673,603,1221,295,257,218,412,156,764,84,90,228,367,247,740,317,1205,462,872,238,204,201,384,146,728,7736,6513,27,0,1128,0,0,0,0
2021-02-15T23:59:59+01:00,0,1,259,232,363,562,339,1098,421,1661,599,1215,295,257,218,411,155,764,83,88,224,356,239,728,307,1177,447,849,225,197,190,362,140,672,7728,6284,24,0,1098,0,0,0,0
2021-02-14T23:59:59+01:00,0,1,258,230,357,559,335,1088,417,1655,596,1212,295,257,218,411,155,764,79,86,217,351,236,720,302,1164,443,834,224,195,190,351,140,663,7718,6195,19,0,1071,0,0,0,0
2021-02-13T23:59:59+01:00,0,1,258,230,357,559,335,1088,416,1655,596,1211,294,257,218,411,155,764,79,86,217,351,236,720,302,1164,443,834,224,195,190,351,140,663,7716,6195,19,0,1070,0,0,0,0
2021-02-12T23:59:59+01:00,0,1,200,169,308,481,308,893,383,1417,559,996,286,242,217,411,155,764,76,85,214,350,234,717,295,1160,440,829,220,193,190,349,140,663,7704,6155,19,0,67,0,0,0,0
2021-02-11T23:59:59+01:00,0,0,198,168,302,470,304,879,377,1397,549,988,286,242,217,411,155,764,75,82,203,324,224,673,275,1109,423,781,219,190,190,344,140,660,7663,5912,16,0,28,0,0,0,0
2021-02-10T23:59:59+01:00,0,0,195,161,298,466,301,875,371,1386,545,980,284,240,215,410,155,762,70,76,187,298,213,614,258,1024,398,729,210,176,176,315,128,613,7621,5485,10,0,13,0,0,0,0
2021-02-09T23:59:59+01:00,0,0,190,155,295,457,300,866,371,1376,543,971,281,239,215,410,155,761,61,60,148,234,184,510,220,832,342,594,189,150,156,280,118,547,7577,4625,2,0,6,0,0,0,0
2021-02-08T23:59:59+01:00,0,0,183,148,291,444,295,856,367,1356,536,964,277,235,214,409,153,757,34,47,103,144,135,282,161,455,248,387,160,124,129,225,95,452,7477,3181,2,0,6,0,0,0,0
2021-02-07T23:59:59+01:00,0,0,181,146,288,443,294,854,366,1355,535,963,276,234,214,409,153,757,19,40,84,122,130,261,152,421,232,360,152,120,119,215,90,417,7467,2934,1,0,0,0,0,0,0
2021-02-06T23:59:59+01:00,0,0,181,146,288,443,294,854,366,1355,535,963,276,234,214,409,153,757,19,37,82,119,120,246,141,405,201,339,137,116,118,210,89,407,7467,2786,1,0,0,0,0,0,0
2021-02-05T23:59:59+01:00,0,0,181,144,288,440,293,843,364,1347,531,960,276,233,214,409,153,756,18,32,78,114,113,233,136,378,187,320,132,111,115,205,82,391,7431,2645,1,0,0,0,0,0,0
2021-02-04T23:59:59+01:00,0,0,173,139,287,436,286,834,361,1336,522,951,275,231,213,409,153,754,11,21,52,77,84,177,113,288,155,263,114,96,103,191,74,351,7360,2170,0,0,0,0,0,0,0
2021-02-03T23:59:59+01:00,0,0,155,132,277,430,282,828,359,1325,522,949,275,231,212,409,153,753,11,19,44,67,75,142,89,257,134,221,95,81,88,163,67,311,7292,1864,0,0,0,0,0,0,0
2021-02-02T23:59:59+01:00,0,0,134,126,265,428,279,821,354,1318,521,942,274,231,211,409,152,752,11,16,35,61,63,119,74,212,103,171,63,57,63,104,43,196,7217,1391,0,0,0,0,0,0,0
2021-02-01T23:59:59+01:00,0,0,129,121,260,413,277,805,352,1294,515,930,269,229,211,409,152,752,4,10,20,34,33,66,46,119,59,71,28,28,27,44,25,97,7118,711,0,0,0,0,0,0,0
2021-01-31T23:59:59+01:00,0,0,128,118,258,411,275,801,350,1288,511,928,269,226,210,408,152,752,4,6,15,23,28,47,32,73,39,43,14,8,13,28,20,59,7085,452,0,0,0,0,0,0,0
2021-01-30T23:59:59+01:00,0,0,128,118,258,411,275,800,350,1287,510,928,269,226,210,408,152,752,4,6,13,20,25,40,27,65,36,41,14,8,13,28,20,59,7082,419,0,0,0,0,0,0,0
2021-01-29T23:59:59+01:00,0,0,128,118,258,411,274,800,350,1287,510,928,269,226,210,408,152,752,4,6,7,18,23,31,22,57,32,38,14,8,13,27,19,58,7081,377,0,0,0,0,0,0,0
2021-01-28T23:59:59+01:00,0,0,126,115,254,405,270,794,347,1280,506,927,269,226,210,408,152,752,1,3,2,8,15,14,12,28,12,23,11,4,6,14,6,23,7041,182,0,0,0,0,0,0,0
2021-01-27T23:59:59+01:00,0,0,118,105,252,401,267,786,342,1273,500,920,264,223,209,407,152,752,0,0,1,4,11,12,8,21,10,17,10,4,6,14,6,23,6971,147,0,0,0,0,0,0,0
2021-01-26T23:59:59+01:00,0,0,89,93,234,384,259,761,329,1235,475,889,244,211,202,391,152,744,0,0,1,4,11,12,8,21,10,17,10,4,6,14,6,23,6692,147,0,0,0,0,0,0,0
2021-01-25T23:59:59+01:00,0,0,86,88,232,364,246,742,315,1201,457,864,228,204,193,371,148,689,0,0,1,4,11,10,7,14,7,13,10,4,6,14,6,23,6428,130,0,0,0,0,0,0,0
2021-01-24T23:59:59+01:00,0,0,86,86,228,360,245,737,312,1188,455,849,227,202,193,360,148,679,0,0,1,4,11,10,7,14,7,13,10,4,6,14,6,23,6355,130,0,0,0,0,0,0,0
2021-01-23T23:59:59+01:00,0,0,86,86,228,360,245,737,312,1188,455,849,227,202,193,360,148,679,0,0,1,4,11,10,7,14,7,13,10,4,6,14,6,23,6355,130,0,0,0,0,0,0,0
2021-01-22T23:59:59+01:00,0,0,86,85,226,358,245,734,308,1184,451,846,225,201,193,359,148,679,0,0,1,4,11,10,7,14,7,13,10,4,6,14,6,23,6328,130,0,0,0,0,0,0,0
2021-01-21T23:59:59+01:00,0,0,86,82,212,329,235,690,283,1133,437,813,224,197,192,353,148,676,0,0,1,2,9,9,6,13,6,11,10,4,6,14,6,23,6090,120,0,0,0,0,0,0,0
2021-01-20T23:59:59+01:00,0,0,80,76,198,308,223,625,269,1040,408,754,215,186,177,324,137,629,0,0,1,2,9,9,6,13,6,11,10,4,6,14,6,23,5649,120,0,0,0,0,0,0,0
2021-01-19T23:59:59+01:00,0,0,72,66,158,258,203,562,243,917,367,645,196,160,155,284,124,552,0,0,1,2,3,7,6,12,4,9,7,3,6,14,6,23,4962,103,0,0,0,0,0,0,0
2021-01-18T23:59:59+01:00,0,0,60,58,135,215,181,458,216,760,327,552,179,140,131,234,104,470,0,0,0,1,2,4,3,7,2,7,6,3,6,14,6,22,4220,83,0,0,0,0,0,0,0
2021-01-17T23:59:59+01:00,0,0,37,46,110,185,167,397,199,671,301,495,171,134,118,217,90,416,0,0,0,0,2,4,2,7,2,5,4,3,6,14,5,22,3754,76,0,0,0,0,0,0,0
2021-01-16T23:59:59+01:00,0,0,30,43,110,182,157,380,184,651,270,473,155,129,117,211,89,406,0,0,0,0,0,0,0,0,0,0,0,0,0,0,0,0,3587,0,0,0,0,0,0,0,0
2021-01-15T23:59:59+01:00,0,0,28,39,106,177,146,367,178,621,253,451,150,120,114,205,81,390,0,0,0,0,0,0,0,0,0,0,0,0,0,0,0,0,3426,0,0,0,0,0,0,0,0
2021-01-14T23:59:59+01:00,0,0,10,24,52,78,84,171,114,286,150,263,123,101,100,190,71,350,0,0,0,0,0,0,0,0,0,0,0,0,0,0,0,0,2167,0,0,0,0,0,0,0,0
2021-01-13T23:59:59+01:00,0,0,9,20,42,68,76,136,92,256,125,226,94,79,81,153,56,282,0,0,0,0,0,0,0,0,0,0,0,0,0,0,0,0,1795,0,0,0,0,0,0,0,0
2021-01-12T23:59:59+01:00,0,0,9,15,38,64,63,112,77,208,96,172,61,53,54,92,32,162,0,0,0,0,0,0,0,0,0,0,0,0,0,0,0,0,1308,0,0,0,0,0,0,0,0
2021-01-11T23:59:59+01:00,0,0,1,10,27,47,39,81,56,139,59,85,31,27,22,36,16,70,0,0,0,0,0,0,0,0,0,0,0,0,0,0,0,0,746,0,0,0,0,0,0,0,0
2021-01-10T23:59:59+01:00,0,0,1,5,20,33,34,57,37,92,38,53,14,7,7,19,11,31,0,0,0,0,0,0,0,0,0,0,0,0,0,0,0,0,459,0,0,0,0,0,0,0,0
2021-01-09T23:59:59+01:00,0,0,1,5,18,29,33,53,32,82,36,52,14,7,7,19,11,31,0,0,0,0,0,0,0,0,0,0,0,0,0,0,0,0,430,0,0,0,0,0,0,0,0
2021-01-08T23:59:59+01:00,0,0,1,5,15,27,30,42,26,73,32,48,13,7,6,17,10,30,0,0,0,0,0,0,0,0,0,0,0,0,0,0,0,0,382,0,0,0,0,0,0,0,0
2021-01-07T23:59:59+01:00,0,0,1,3,2,10,15,13,13,29,14,24,11,5,6,15,8,24,0,0,0,0,0,0,0,0,0,0,0,0,0,0,0,0,193,0,0,0,0,0,0,0,0
2021-01-06T23:59:59+01:00,0,0,1,0,2,4,13,11,9,23,12,19,11,5,6,15,8,24,0,0,0,0,0,0,0,0,0,0,0,0,0,0,0,0,163,0,0,0,0,0,0,0,0
2021-01-05T23:59:59+01:00,0,0,0,0,1,4,12,11,8,21,11,19,10,5,6,15,8,24,0,0,0,0,0,0,0,0,0,0,0,0,0,0,0,0,155,0,0,0,0,0,0,0,0
2021-01-04T23:59:59+01:00,0,0,0,0,1,4,12,10,7,17,9,17,10,5,6,15,8,24,0,0,0,0,0,0,0,0,0,0,0,0,0,0,0,0,145,0,0,0,0,0,0,0,0
2021-01-03T23:59:59+01:00,0,0,0,0,1,4,11,9,7,14,7,14,10,5,6,15,8,24,0,0,0,0,0,0,0,0,0,0,0,0,0,0,0,0,135,0,0,0,0,0,0,0,0
2021-01-02T23:59:59+01:00,0,0,0,0,1,4,11,9,7,14,7,14,10,5,6,15,8,24,0,0,0,0,0,0,0,0,0,0,0,0,0,0,0,0,135,0,0,0,0,0,0,0,0
2021-01-01T23:59:59+01:00,0,0,0,0,1,4,11,9,7,14,7,14,10,5,6,15,8,24,0,0,0,0,0,0,0,0,0,0,0,0,0,0,0,0,135,0,0,0,0,0,0,0,0
2020-12-31T23:59:59+01:00,0,0,0,0,1,4,11,9,7,14,7,14,10,5,6,15,8,24,0,0,0,0,0,0,0,0,0,0,0,0,0,0,0,0,135,0,0,0,0,0,0,0,0
2020-12-30T23:59:59+01:00,0,0,0,0,1,4,11,9,7,14,7,14,10,5,6,15,8,24,0,0,0,0,0,0,0,0,0,0,0,0,0,0,0,0,135,0,0,0,0,0,0,0,0
2020-12-29T23:59:59+01:00,0,0,0,0,1,4,8,9,7,14,5,12,10,5,6,15,8,24,0,0,0,0,0,0,0,0,0,0,0,0,0,0,0,0,128,0,0,0,0,0,0,0,0
2020-12-28T23:59:59+01:00,0,0,0,0,1,1,5,7,7,8,3,9,10,5,6,15,8,24,0,0,0,0,0,0,0,0,0,0,0,0,0,0,0,0,109,0,0,0,0,0,0,0,0
2020-12-27T23:59:59+01:00,0,0,0,0,0,0,2,4,2,7,2,6,4,4,6,15,7,23,0,0,0,0,0,0,0,0,0,0,0,0,0,0,0,0,82,0,0,0,0,0,0,0,0
