Datum,<15_m,<15_w,15-24_1_m,15-24_1_w,25-34_1_m,25-34_1_w,35-44_1_m,35-44_1_w,45-54_1_m,45-54_1_w,55-64_1_m,55-64_1_w,65-74_1_m,65-74_1_w,75-84_1_m,75-84_1_w,>84_1_m,>84_1_w,<24_2_m,<24_2_w,25-34_2_m,25-34_2_w,35-44_2_m,35-44_2_w,45-54_2_m,45-54_2_w,55-64_2_m,55-64_2_w,65-74_2_m,65-74_2_w,75-84_2_m,75-84_2_w,>84_2_m,>84_2_w,bp_1,bp_2,mo_1,mo_2,az_1,az_2,ja,unb_1,unb_2
2021-09-26T23:59:59+02:00,1772,1663,9878,9314,10895,10163,13376,13824,17457,17801,20633,20648,16365,17074,9068,11059,2848,5498,9150,8584,10365,9508,12866,13141,16863,17155,20122,20068,16034,16716,8877,10787,2785,5354,149609,142954,20081,19283,27827,27019,11820,7,6
2021-09-25T23:59:59+02:00,1772,1662,9875,9313,10894,10163,13374,13823,17457,17801,20633,20648,16365,17073,9068,11059,2848,5498,9149,8582,10363,9508,12865,13139,16863,17155,20122,20068,16034,16715,8877,10787,2785,5354,149605,142951,20081,19283,27827,27019,11814,7,6
2021-09-24T23:59:59+02:00,1764,1646,9857,9301,10890,10153,13370,13812,17454,17797,20630,20644,16362,17072,9068,11059,2847,5498,9134,8572,10357,9498,12860,13135,16858,17150,20121,20065,16032,16713,8876,10787,2785,5354,149516,142882,20079,19282,27827,27019,11803,7,6
2021-09-23T23:59:59+02:00,1762,1644,9797,9257,10795,10090,13277,13740,17373,17731,20578,20597,16338,17054,9061,11049,2847,5495,9079,8532,10264,9440,12775,13076,16781,17088,20071,20021,16010,16692,8868,10776,2785,5351,149437,142854,20077,19278,27827,27019,11144,7,6
2021-09-22T23:59:59+02:00,1740,1627,9769,9223,10780,10060,13251,13710,17344,17709,20563,20576,16333,17046,9059,11042,2844,5494,9053,8517,10245,9424,12760,13061,16761,17079,20060,20016,16004,16690,8865,10770,2783,5348,149151,142688,20073,19275,27827,27019,11119,7,6
2021-09-21T23:59:59+02:00,1709,1596,9715,9156,10747,10026,13225,13669,17316,17686,20549,20566,16320,17032,9054,11040,2842,5489,9019,8485,10229,9405,12740,13036,16736,17049,20050,20006,15994,16683,8860,10767,2783,5346,148736,142410,20071,19273,27826,27019,11104,7,6
2021-09-20T23:59:59+02:00,1677,1572,9661,9103,10698,9974,13190,13629,17296,17667,20525,20548,16309,17025,9045,11028,2841,5485,8984,8458,10210,9383,12713,13014,16715,17031,20033,19987,15986,16674,8853,10760,2781,5345,148333,142167,20069,19273,27826,27018,11045,7,6
2021-09-19T23:59:59+02:00,1676,1571,9655,9095,10692,9970,13182,13626,17288,17661,20518,20544,16307,17022,9044,11026,2838,5482,8977,8452,10207,9381,12709,13012,16712,17029,20030,19983,15986,16674,8853,10760,2781,5344,148279,142146,20066,19271,27826,27018,11026,7,6
2021-09-18T23:59:59+02:00,1676,1571,9655,9094,10690,9966,13179,13622,17286,17661,20517,20544,16307,17022,9044,11026,2838,5482,8975,8449,10205,9379,12708,13009,16709,17028,20029,19983,15986,16674,8853,10760,2781,5344,148273,142137,20066,19271,27826,27018,11015,7,6
2021-09-17T23:59:59+02:00,1670,1563,9638,9072,10676,9952,13163,13608,17275,17650,20513,20535,16305,17020,9043,11024,2837,5481,8968,8443,10199,9373,12699,13004,16705,17023,20026,19976,15986,16672,8852,10759,2781,5344,148161,142113,20064,19271,27826,27017,10974,7,6
2021-09-16T23:59:59+02:00,1666,1561,9621,9057,10661,9936,13152,13594,17263,17641,20501,20524,16304,17016,9040,11021,2837,5479,8962,8436,10191,9366,12690,12998,16697,17018,20016,19971,15986,16671,8852,10756,2781,5342,148056,142082,20062,19268,27825,27014,10931,7,6
2021-09-15T23:59:59+02:00,1653,1546,9593,9029,10637,9916,13122,13567,17244,17616,20484,20506,16298,17009,9031,11013,2837,5475,8914,8397,10161,9327,12657,12959,16674,16998,19987,19951,15979,16659,8847,10753,2781,5340,147886,141752,19995,19256,27825,27011,10870,7,6
2021-09-14T23:59:59+02:00,1642,1537,9560,8998,10620,9897,13105,13545,17221,17599,20470,20492,16282,16997,9022,11002,2833,5463,8880,8363,10145,9310,12649,12936,16658,16979,19971,19931,15975,16652,8845,10746,2780,5336,147691,141513,19921,19255,27825,27011,10848,7,6
2021-09-13T23:59:59+02:00,1609,1502,9518,8944,10593,9864,13084,13503,17201,17579,20448,20480,16276,16991,9019,10996,2831,5457,8845,8333,10129,9288,12629,12904,16644,16962,19955,19915,15969,16638,8839,10744,2780,5332,147471,141256,19775,19248,27825,27010,10825,6,6
2021-09-12T23:59:59+02:00,1607,1499,9504,8937,10581,9859,13078,13493,17197,17575,20445,20475,16275,16988,9017,10995,2831,5454,8819,8312,10110,9278,12612,12890,16634,16954,19947,19906,15966,16634,8838,10738,2780,5331,147419,141096,19769,19246,27825,27009,10798,6,6
2021-09-11T23:59:59+02:00,1607,1499,9502,8933,10577,9856,13075,13491,17196,17572,20442,20473,16275,16986,9016,10995,2831,5454,8810,8310,10108,9277,12607,12889,16633,16951,19945,19905,15966,16633,8837,10738,2780,5331,147408,141090,19768,19241,27825,27009,10780,6,6
2021-09-10T23:59:59+02:00,1606,1498,9498,8929,10568,9849,13063,13486,17191,17565,20440,20469,16274,16985,9016,10995,2831,5454,8806,8307,10102,9269,12597,12883,16627,16946,19942,19901,15966,16632,8837,10737,2780,5331,147379,141070,19767,19235,27825,27009,10747,6,6
2021-09-09T23:59:59+02:00,1603,1493,9482,8923,10557,9837,13052,13470,17176,17556,20425,20458,16271,16984,9014,10991,2830,5452,8796,8302,10095,9260,12592,12870,16610,16939,19930,19892,15964,16630,8835,10730,2779,5329,147302,141017,19765,19235,27825,27009,10682,6,6
2021-09-08T23:59:59+02:00,1565,1444,9437,8863,10525,9799,13024,13433,17145,17531,20406,20436,16255,16970,9010,10985,2830,5450,8772,8286,10075,9244,12573,12855,16597,16930,19916,19886,15957,16625,8834,10725,2779,5329,146887,140892,19764,19231,27825,27009,10632,6,6
2021-09-07T23:59:59+02:00,1547,1419,9416,8840,10506,9779,13016,13423,17136,17519,20400,20431,16251,16967,9009,10980,2829,5448,8763,8278,10065,9242,12565,12853,16593,16922,19912,19883,15957,16623,8834,10722,2779,5329,146713,140850,19763,19229,27825,27005,10615,6,6
2021-09-06T23:59:59+02:00,1534,1407,9393,8817,10485,9758,13007,13409,17125,17505,20391,20414,16249,16964,9008,10980,2828,5448,8757,8268,10055,9235,12559,12843,16587,16916,19907,19876,15955,16622,8830,10719,2779,5328,146541,140787,19762,19225,27823,27004,10596,6,6
2021-09-05T23:59:59+02:00,1530,1404,9385,8805,10476,9753,13002,13403,17122,17498,20385,20412,16246,16961,9008,10979,2828,5448,8750,8262,10048,9225,12554,12837,16581,16910,19899,19873,15953,16620,8830,10718,2779,5328,146489,140734,19761,19225,27823,27001,10572,6,6
2021-09-04T23:59:59+02:00,1529,1404,9384,8803,10475,9753,13001,13402,17122,17498,20383,20410,16246,16961,9008,10979,2828,5448,8750,8262,10047,9224,12553,12837,16580,16909,19898,19873,15953,16620,8830,10718,2779,5328,146483,140729,19758,19225,27823,27001,10570,6,6
2021-09-03T23:59:59+02:00,1519,1390,9363,8786,10462,9741,12997,13392,17107,17487,20371,20400,16242,16955,9007,10974,2828,5445,8734,8251,10035,9217,12546,12830,16564,16899,19895,19865,15949,16613,8829,10714,2779,5325,146383,140678,19755,19224,27823,27001,10505,6,6
2021-09-02T23:59:59+02:00,1508,1381,9310,8755,10403,9690,12925,13336,17057,17449,20313,20357,16210,16928,8997,10963,2827,5440,8689,8227,9976,9172,12478,12781,16520,16866,19835,19824,15917,16590,8822,10706,2779,5320,146261,140620,19753,19220,27822,26999,10013,6,6
2021-09-01T23:59:59+02:00,1504,1365,9292,8742,10385,9681,12912,13323,17047,17436,20304,20354,16206,16922,8990,10959,2827,5439,8670,8205,9961,9156,12467,12770,16509,16855,19819,19813,15913,16585,8819,10700,2779,5319,146153,140484,19742,19218,27822,26998,9971,6,6
2021-08-31T23:59:59+02:00,1487,1347,9277,8713,10374,9667,12902,13315,17042,17425,20297,20346,16201,16918,8988,10954,2827,5439,8653,8189,9955,9144,12452,12758,16498,16850,19816,19806,15909,16583,8818,10697,2779,5319,145995,140360,19741,19215,27822,26995,9961,6,6
2021-08-30T23:59:59+02:00,1466,1330,9256,8691,10360,9651,12890,13300,17029,17406,20285,20338,16197,16915,8986,10952,2827,5438,8623,8176,9941,9132,12440,12740,16485,16835,19807,19799,15903,16577,8816,10692,2777,5317,145829,140223,19741,19210,27819,26986,9927,6,6
2021-08-29T23:59:59+02:00,1465,1329,9253,8685,10354,9642,12887,13295,17020,17401,20281,20333,16194,16910,8986,10952,2827,5437,8620,8169,9932,9122,12435,12734,16477,16831,19803,19796,15900,16570,8815,10692,2777,5316,145810,140204,19741,19208,27819,26980,9880,6,6
2021-08-28T23:59:59+02:00,1464,1329,9250,8681,10354,9641,12886,13294,17020,17400,20281,20332,16194,16910,8986,10952,2827,5437,8616,8169,9930,9122,12434,12733,16477,16830,19803,19795,15900,16570,8815,10692,2777,5316,145802,140198,19741,19206,27819,26980,9875,6,6
2021-08-27T23:59:59+02:00,1454,1318,9238,8673,10349,9635,12883,13292,17017,17394,20276,20327,16193,16908,8985,10952,2827,5437,8608,8162,9927,9116,12426,12731,16474,16823,19802,19794,15898,16569,8814,10691,2777,5316,145727,140148,19741,19204,27819,26975,9870,6,6
2021-08-26T23:59:59+02:00,1451,1317,9230,8669,10344,9629,12874,13291,17014,17392,20274,20322,16190,16905,8982,10947,2826,5437,8598,8150,9921,9111,12418,12728,16469,16821,19800,19789,15895,16565,8811,10688,2776,5316,145705,140118,19739,19204,27819,26969,9830,6,6
2021-08-25T23:59:59+02:00,1438,1293,9127,8613,10262,9556,12786,13216,16896,17308,20181,20266,16144,16867,8967,10927,2821,5426,8513,8097,9843,9049,12328,12664,16366,16748,19714,19735,15851,16526,8797,10668,2771,5303,145463,139975,19738,19203,27819,26967,9073,6,6
2021-08-24T23:59:59+02:00,1419,1268,9095,8583,10248,9536,12758,13187,16866,17272,20167,20250,16129,16857,8962,10921,2821,5423,8489,8083,9826,9037,12312,12652,16354,16732,19706,19724,15845,16521,8797,10666,2771,5302,145176,139851,19736,19200,27819,26967,9030,6,6
2021-08-23T23:59:59+02:00,1401,1243,9056,8545,10234,9518,12727,13167,16847,17254,20154,20226,16118,16845,8951,10915,2820,5418,8465,8067,9801,9018,12297,12645,16341,16723,19696,19708,15838,16514,8793,10661,2770,5299,144921,139755,19736,19198,27819,26946,8962,6,6
2021-08-22T23:59:59+02:00,1401,1243,9046,8540,10227,9512,12726,13163,16844,17248,20151,20223,16115,16842,8947,10915,2820,5417,8449,8060,9794,9006,12293,12640,16338,16716,19694,19704,15835,16510,8789,10659,2770,5298,144908,139724,19736,19195,27819,26943,8916,6,6
2021-08-21T23:59:59+02:00,1401,1242,9041,8540,10226,9509,12723,13162,16843,17248,20150,20222,16115,16842,8947,10915,2820,5417,8326,7979,9690,8913,12205,12530,16249,16645,19639,19660,15815,16495,8786,10648,2769,5296,144902,139720,19733,18294,27819,26942,8908,6,6
2021-08-20T23:59:59+02:00,1400,1240,9033,8538,10219,9501,12716,13152,16840,17246,20143,20217,16112,16842,8947,10913,2819,5416,7966,7653,9538,8750,12060,12391,16127,16534,19531,19564,15776,16446,8774,10624,2767,5295,144868,137619,19733,18294,27819,26941,8873,6,6
2021-08-19T23:59:59+02:00,1395,1238,9022,8532,10212,9491,12707,13147,16835,17244,20138,20215,16111,16840,8947,10912,2819,5415,7706,7386,9407,8645,11918,12272,16035,16427,19435,19475,15734,16398,8764,10604,2766,5287,144826,135892,19730,18288,27818,26932,8845,6,6
2021-08-18T23:59:59+02:00,1370,1206,8976,8495,10185,9462,12680,13113,16805,17221,20111,20186,16098,16826,8941,10906,2815,5410,7692,7376,9395,8637,11904,12256,16021,16418,19427,19466,15728,16391,8760,10600,2763,5284,144520,135843,19717,18287,27815,26931,8753,6,6
2021-08-17T23:59:59+02:00,1345,1193,8939,8462,10170,9441,12667,13089,16790,17200,20089,20164,16090,16816,8938,10899,2813,5405,7677,7361,9378,8630,11895,12247,16014,16407,19416,19460,15723,16386,8759,10598,2762,5282,144280,135776,19714,18282,27814,26925,8701,6,6
2021-08-16T23:59:59+02:00,1322,1175,8902,8436,10150,9421,12643,13065,16780,17181,20069,20149,16085,16804,8934,10898,2813,5405,7669,7350,9362,8628,11885,12241,16012,16402,19407,19453,15720,16383,8759,10598,2762,5282,144044,135739,19712,18278,27814,26923,8661,6,6
2021-08-15T23:59:59+02:00,1304,1158,8881,8417,10138,9405,12627,13053,16767,17171,20055,20137,16079,16798,8934,10893,2813,5405,7657,7340,9347,8612,11872,12231,16005,16394,19401,19449,15713,16379,8758,10595,2762,5282,143894,135687,19711,18274,27812,26904,8617,6,6
2021-08-14T23:59:59+02:00,1303,1158,8881,8417,10137,9405,12626,13051,16767,17170,20054,20135,16079,16798,8934,10893,2813,5405,7340,7047,9202,8446,11697,12067,15887,16264,19307,19363,15687,16355,8749,10582,2762,5278,143888,133699,19711,18272,27812,26896,8614,6,6
2021-08-13T23:59:59+02:00,1298,1156,8868,8407,10126,9397,12614,13042,16752,17161,20046,20127,16075,16792,8932,10892,2812,5405,6952,6689,9029,8287,11490,11852,15669,16084,19167,19241,15653,16316,8738,10568,2760,5274,143858,131226,19711,18272,27812,26893,8520,6,6
2021-08-12T23:59:59+02:00,1298,1156,8867,8403,10119,9391,12610,13041,16746,17152,20042,20121,16074,16788,8930,10890,2812,5405,6946,6682,9016,8279,11479,11850,15658,16077,19163,19234,15651,16311,8736,10567,2760,5274,143841,131194,19710,18269,27812,26875,8481,6,6
2021-08-11T23:59:59+02:00,1295,1152,8864,8397,10109,9386,12602,13038,16741,17148,20037,20119,16072,16785,8929,10890,2812,5404,6940,6672,9001,8269,11468,11846,15653,16070,19155,19228,15647,16308,8735,10567,2760,5272,143797,131135,19707,18262,27812,26862,8463,6,6
2021-08-10T23:59:59+02:00,1294,1152,8860,8395,10104,9381,12600,13034,16740,17146,20036,20114,16070,16783,8929,10889,2812,5404,6895,6627,8970,8254,11449,11825,15628,16058,19148,19218,15645,16306,8735,10565,2760,5272,143770,130893,19707,18258,27812,26856,8453,6,6
2021-08-09T23:59:59+02:00,1294,1150,8853,8394,10099,9373,12599,13032,16733,17144,20030,20114,16068,16783,8928,10889,2812,5404,6876,6605,8949,8238,11437,11815,15612,16047,19142,19214,15642,16305,8733,10564,2760,5272,143743,130766,19707,18254,27810,26846,8438,6,6
2021-08-08T23:59:59+02:00,1294,1149,8850,8388,10097,9369,12590,13029,16728,17140,20028,20111,16066,16780,8927,10888,2811,5403,6873,6593,8932,8230,11421,11808,15605,16039,19140,19211,15639,16302,8732,10563,2759,5271,143732,130719,19706,18247,27810,26843,8399,6,6
2021-08-07T23:59:59+02:00,1294,1141,8841,8380,10086,9362,12588,13022,16721,17136,20022,20106,16062,16775,8925,10888,2810,5403,6220,6023,8660,8006,11151,11576,15406,15866,19056,19135,15619,16278,8725,10556,2756,5270,143684,127631,19705,18235,27810,26842,8362,6,6
2021-08-06T23:59:59+02:00,1288,1140,8831,8368,10071,9350,12568,13004,16703,17124,20005,20093,16055,16767,8925,10885,2810,5402,6206,6008,8644,7991,11127,11556,15384,15850,19039,19123,15612,16271,8725,10553,2756,5269,143646,127580,19703,18229,27810,26840,8229,6,6
2021-08-05T23:59:59+02:00,1285,1138,8824,8361,10062,9341,12553,12996,16697,17121,19998,20089,16054,16767,8925,10884,2810,5402,5921,5771,8295,7695,10764,11282,15063,15611,18790,18956,15592,16248,8715,10546,2755,5268,143597,127496,19699,15524,27806,26807,8204,6,6
2021-08-04T23:59:59+02:00,1284,1135,8818,8358,10057,9338,12546,12992,16692,17119,19996,20086,16053,16767,8924,10883,2810,5401,5907,5764,8267,7684,10745,11271,15047,15604,18785,18951,15589,16245,8714,10546,2754,5268,143566,127398,19698,15516,27805,26792,8189,6,6
2021-08-03T23:59:59+02:00,1277,1132,8814,8348,10052,9333,12541,12989,16687,17117,19991,20084,16051,16767,8923,10881,2810,5400,5795,5650,8174,7615,10628,11193,14998,15552,18756,18936,15585,16243,8713,10544,2752,5267,143521,126672,19696,15508,27805,26763,8174,6,6
2021-08-02T23:59:59+02:00,1271,1126,8800,8340,10044,9326,12536,12983,16682,17108,19984,20080,16049,16764,8921,10878,2809,5399,5624,5491,8042,7509,10504,11078,14927,15471,18724,18911,15577,16234,8707,10544,2751,5267,143440,125606,19690,15505,27804,26732,8165,6,6
2021-08-01T23:59:59+02:00,1269,1125,8793,8331,10037,9319,12530,12981,16677,17106,19979,20078,16048,16764,8920,10876,2809,5399,5562,5434,7991,7460,10442,11027,14892,15446,18711,18894,15575,16231,8705,10541,2751,5265,143394,125169,19687,15502,27803,26711,8156,6,6
2021-07-31T23:59:59+02:00,1269,1125,8792,8328,10037,9318,12528,12981,16676,17106,19978,20076,16048,16764,8920,10875,2809,5399,5537,5414,7975,7448,10426,11014,14879,15440,18708,18891,15574,16230,8705,10541,2751,5265,143391,125043,19686,15499,27803,26710,8148,6,6
2021-07-30T23:59:59+02:00,1138,1007,8561,8099,9944,9200,12446,12897,16597,17033,19919,20008,16016,16725,8914,10858,2808,5396,5246,5137,7837,7306,10238,10822,14742,15274,18641,18835,15549,16203,8692,10527,2747,5261,141936,123216,19684,15491,27803,26692,8142,6,6
2021-07-29T23:59:59+02:00,1131,999,8431,8010,9784,9103,12294,12794,16451,16939,19755,19898,15931,16657,8889,10839,2807,5389,4948,4904,7557,7113,9959,10619,14494,15100,18445,18717,15464,16129,8665,10506,2746,5251,141818,122109,19681,15449,27803,26666,6798,6,6
2021-07-28T23:59:59+02:00,1120,985,8400,7973,9770,9088,12273,12780,16434,16917,19735,19888,15924,16644,8882,10835,2807,5387,4527,4473,7238,6860,9642,10320,14259,14918,18388,18676,15449,16118,8659,10495,2746,5241,141576,119457,19679,15395,27801,26604,6785,6,6
2021-07-27T23:59:59+02:00,1110,977,8377,7958,9758,9081,12262,12771,16425,16912,19728,19875,15922,16638,8880,10832,2806,5385,4292,4225,7008,6661,9395,10041,14098,14758,18337,18611,15400,16072,8642,10479,2743,5234,141439,117435,19676,15394,27801,26581,6780,6,6
2021-07-26T23:59:59+02:00,1106,974,8363,7946,9752,9076,12256,12765,16418,16904,19721,19874,15919,16633,8878,10828,2805,5380,4184,4113,6906,6551,9270,9916,14016,14678,18292,18578,15389,16061,8632,10471,2740,5232,141361,116532,19672,15385,27790,26523,6774,6,6
2021-07-25T23:59:59+02:00,1105,973,8356,7942,9739,9072,12246,12762,16413,16899,19718,19873,15917,16633,8877,10828,2805,5380,4135,4060,6830,6500,9199,9862,13979,14645,18268,18564,15371,16048,8625,10465,2740,5230,141336,116088,19669,15369,27789,26502,6743,6,6
2021-07-24T23:59:59+02:00,1103,969,8267,7880,9665,8993,12179,12685,16346,16845,19678,19834,15896,16619,8874,10818,2805,5379,4092,4020,6772,6450,9121,9808,13915,14579,18236,18538,15358,16038,8617,10461,2740,5230,141317,115838,19007,15088,27789,26500,6721,6,6
2021-07-23T23:59:59+02:00,1076,944,8155,7791,9627,8958,12145,12656,16301,16810,19648,19815,15890,16613,8870,10814,2805,5379,3798,3732,6510,6239,8840,9522,13679,14403,18156,18479,15316,15994,8599,10442,2738,5224,140821,113578,19007,15064,27789,26494,6679,6,6
2021-07-22T23:59:59+02:00,985,858,7939,7562,9522,8868,12027,12560,16210,16723,19575,19729,15844,16573,8862,10799,2804,5373,3671,3605,6354,6147,8688,9392,13517,14261,18083,18412,15294,15969,8591,10433,2738,5223,139358,112428,19006,14992,27782,26401,6666,6,6
2021-07-21T23:59:59+02:00,965,844,7908,7522,9506,8857,12004,12537,16186,16707,19551,19708,15833,16566,8862,10794,2804,5373,3363,3335,6009,5890,8293,9008,13250,14025,17941,18286,15202,15888,8559,10403,2735,5211,139102,109616,19004,14920,27777,26302,6643,6,6
2021-07-20T23:59:59+02:00,964,843,7900,7517,9497,8854,11999,12535,16178,16706,19546,19703,15832,16565,8862,10793,2804,5373,3290,3282,5950,5836,8234,8947,13165,13981,17909,18272,15202,15888,8559,10401,2735,5211,139062,109228,19003,14905,27774,26170,6631,6,6
2021-07-19T23:59:59+02:00,963,843,7894,7517,9493,8847,11994,12533,16173,16700,19544,19703,15831,16562,8862,10791,2804,5372,3240,3247,5903,5797,8176,8903,13108,13954,17863,18261,15202,15886,8559,10399,2735,5210,139031,108960,19002,14889,27774,26045,6618,6,6
2021-07-18T23:59:59+02:00,962,842,7884,7508,9486,8841,11986,12529,16167,16695,19542,19702,15830,16560,8862,10791,2804,5372,3221,3230,5863,5766,8142,8875,13069,13938,17850,18258,15202,15885,8559,10399,2735,5209,138986,108773,19000,14856,27772,26036,6604,6,6
2021-07-17T23:59:59+02:00,846,723,7560,7217,9334,8672,11809,12368,16038,16556,19446,19607,15809,16539,8854,10778,2804,5369,3120,3122,5751,5673,8009,8719,12928,13812,17755,18181,15192,15867,8556,10392,2735,5209,136973,107595,18998,14852,27772,26032,6588,3,6
2021-07-16T23:59:59+02:00,689,571,7163,6892,9145,8515,11617,12158,15834,16380,19305,19479,15780,16502,8845,10764,2803,5367,3058,3061,5675,5609,7896,8615,12809,13678,17676,18106,15170,15851,8552,10390,2734,5209,134490,106700,18998,14847,27771,26026,6552,3,6
2021-07-15T23:59:59+02:00,687,571,7150,6884,9141,8514,11606,12154,15824,16373,19301,19473,15778,16500,8841,10762,2802,5358,3020,3026,5608,5568,7806,8563,12734,13638,17646,18084,15147,15836,8544,10383,2733,5200,134452,106469,18996,14692,27766,25904,6506,3,6
2021-07-14T23:59:59+02:00,685,570,7141,6876,9137,8512,11601,12150,15818,16370,19296,19468,15776,16497,8838,10759,2801,5354,2997,3014,5567,5537,7771,8541,12701,13622,17629,18073,15140,15833,8541,10379,2733,5196,134420,106317,18995,14659,27766,25864,6469,3,6
2021-07-13T23:59:59+02:00,680,567,7117,6859,9125,8496,11592,12136,15807,16349,19287,19461,15767,16493,8834,10749,2796,5346,2939,2963,5503,5469,7610,8407,12447,13405,17472,17944,15121,15822,8529,10366,2728,5185,134293,105096,18995,14606,27763,25829,6411,3,6
2021-07-12T23:59:59+02:00,674,559,7103,6843,9115,8485,11581,12127,15802,16336,19275,19457,15765,16489,8832,10749,2796,5343,2881,2909,5421,5394,7463,8291,12199,13193,17293,17799,15111,15817,8525,10359,2727,5185,134177,103859,18993,14555,27759,25779,6403,3,6
2021-07-11T23:59:59+02:00,673,558,7095,6840,9106,8476,11575,12119,15792,16333,19270,19452,15765,16486,8831,10747,2796,5343,2850,2874,5345,5318,7366,8203,12034,13037,17166,17667,15104,15806,8524,10356,2727,5185,134135,102972,18989,14505,27759,25738,6375,3,6
2021-07-10T23:59:59+02:00,499,401,6527,6291,8879,8292,11333,11925,15635,16200,19215,19403,15757,16476,8827,10742,2795,5342,2820,2840,5294,5275,7285,8122,11932,12937,17088,17600,15089,15790,8521,10345,2724,5183,131434,102276,18989,14503,27759,25730,6358,3,6
2021-07-09T23:59:59+02:00,488,394,6468,6263,8853,8255,11293,11896,15609,16187,19202,19387,15756,16473,8827,10739,2795,5342,2763,2773,5211,5207,7107,7946,11522,12638,16791,17394,15069,15763,8514,10340,2723,5181,131343,101254,18778,13643,27758,25716,6349,3,6
2021-07-08T23:59:59+02:00,483,392,6149,6000,8479,7964,10912,11587,15272,15940,18943,19214,15734,16449,8818,10732,2792,5341,2701,2723,5130,5132,6967,7855,11322,12496,16641,17271,15062,15755,8514,10338,2723,5180,131257,100393,15872,13475,27754,25642,6319,3,6
2021-07-07T23:59:59+02:00,481,388,6134,5987,8456,7948,10898,11570,15261,15930,18942,19209,15732,16445,8817,10730,2792,5339,2653,2668,5041,5074,6831,7762,11088,12316,16477,17138,15054,15748,8509,10333,2723,5180,131146,99372,15863,13353,27752,25594,6295,3,6
2021-07-06T23:59:59+02:00,454,367,6032,5894,8375,7882,10822,11501,15227,15890,18919,19192,15725,16435,8814,10728,2789,5337,2584,2598,4903,4960,6644,7629,10698,11904,16107,16763,15029,15715,8501,10326,2722,5176,130525,97219,15855,13270,27748,25534,6252,3,6
2021-07-05T23:59:59+02:00,413,333,5854,5722,8258,7786,10709,11386,15168,15822,18887,19161,15719,16427,8810,10723,2786,5336,2530,2523,4805,4863,6513,7493,10348,11587,15832,16458,14998,15685,8493,10311,2722,5171,129475,95429,15851,13206,27745,25481,6226,3,6
2021-07-04T23:59:59+02:00,393,303,5779,5643,8201,7731,10642,11330,15137,15791,18873,19142,15713,16424,8809,10721,2786,5334,2511,2493,4744,4817,6454,7442,10211,11478,15731,16386,14993,15678,8491,10310,2721,5171,128970,94865,15845,13137,27740,25444,6194,3,6
2021-07-03T23:59:59+02:00,388,301,5761,5635,8192,7722,10631,11327,15130,15785,18870,19140,15713,16424,8809,10721,2786,5334,2476,2462,4649,4788,6346,7417,10153,11433,15628,16300,14315,14970,8472,10285,2721,5171,128904,94751,15843,13135,27740,23529,6179,3,6
2021-07-02T23:59:59+02:00,344,262,5573,5484,8118,7647,10533,11230,15065,15729,18851,19134,15709,16420,8804,10719,2784,5331,2428,2414,4494,4709,6163,7343,9999,11277,15438,16097,13522,14053,8464,10270,2721,5170,127986,94188,15841,13091,27739,21123,6168,3,6
2021-07-01T23:59:59+02:00,283,208,5355,5303,7989,7536,10396,11105,14936,15634,18806,19109,15701,16413,8799,10713,2784,5330,2310,2293,4318,4536,5926,7093,9218,10593,14809,15627,13497,14024,8459,10265,2717,5168,126697,90693,15831,12996,27738,21039,6131,3,6
2021-06-30T23:59:59+02:00,153,119,4873,4827,7647,7261,10046,10767,14708,15457,18748,19065,15690,16402,8795,10705,2784,5327,2273,2247,4233,4467,5815,6997,9047,10471,14721,15549,13483,14016,8456,10262,2717,5166,123709,90097,15825,12823,27738,20907,6099,3,6
2021-06-29T23:59:59+02:00,117,98,4589,4545,7397,7043,9756,10467,14509,15267,18684,19005,15638,16352,8776,10690,2783,5322,2206,2165,4090,4330,5609,6818,8822,10244,14426,15327,13435,13967,8444,10238,2715,5153,121642,88653,15821,12670,27736,20834,5836,3,6
2021-06-28T23:59:59+02:00,101,77,4452,4400,7292,6932,9634,10338,14418,15160,18639,18963,15622,16336,8762,10679,2780,5320,2121,2038,3907,4124,5328,6477,8437,9733,13894,14791,13317,13877,8426,10214,2712,5141,120621,85447,15812,12588,27733,20769,5736,3,4
2021-06-27T23:59:59+02:00,96,75,4400,4351,7233,6876,9572,10284,14385,15127,18619,18946,15605,16324,8755,10672,2779,5315,2067,2003,3843,4078,5216,6364,8269,9605,13719,14679,13291,13857,8417,10205,2709,5139,120254,84657,15809,12553,27731,20636,5617,3,4
2021-06-26T23:59:59+02:00,83,73,4356,4323,7202,6849,9554,10263,14366,15112,18607,18933,15601,16318,8755,10672,2779,5315,1990,1911,3654,3918,5001,6107,7903,9150,13369,14382,13211,13799,8397,10177,2704,5130,120015,82015,15805,12553,27731,20630,5607,3,4
2021-06-25T23:59:59+02:00,70,60,4043,3996,6934,6610,9263,9971,14143,14924,18524,18877,15556,16272,8736,10653,2777,5308,1925,1827,3491,3799,4809,5875,7578,8736,13059,14047,13161,13743,8384,10152,2698,5124,117610,79667,15777,12522,27731,20625,5596,3,4
2021-06-24T23:59:59+02:00,63,53,3949,3903,6835,6524,9164,9879,14044,14840,18496,18844,15541,16256,8730,10646,2777,5307,1856,1751,3378,3703,4611,5733,7358,8540,12808,13847,12327,12813,8204,9889,2698,5123,116878,78453,15767,12417,27728,18296,5475,3,4
2021-06-23T23:59:59+02:00,49,48,3542,3526,6382,6175,8633,9369,13707,14537,18361,18709,15437,16164,8687,10609,2774,5293,1718,1576,3124,3500,4197,5405,6414,7830,12068,13146,12304,12801,8194,9882,2698,5119,113936,77825,15520,9089,27727,18248,4816,3,4
2021-06-22T23:59:59+02:00,40,40,3470,3454,6306,6116,8530,9292,13655,14490,18328,18692,15426,16157,8686,10604,2774,5290,1678,1522,3021,3398,4055,5255,6162,7646,11458,12439,12214,12709,8177,9849,2694,5111,113310,75498,15516,9008,27725,18088,4796,3,4
2021-06-21T23:59:59+02:00,34,37,3399,3393,6212,6062,8471,9220,13595,14446,18295,18672,15423,16155,8682,10601,2774,5289,1641,1471,2930,3301,3931,5105,5966,7420,10703,11516,11828,12254,7102,8623,2688,5104,112794,72842,15509,8907,27716,15097,4738,3,4
2021-06-20T23:59:59+02:00,34,36,3373,3371,6165,6030,8426,9190,13567,14431,18284,18668,15422,16155,8682,10601,2774,5289,1622,1454,2894,3275,3880,5068,5913,7397,10616,11442,11808,12235,7100,8616,2687,5104,112619,72529,15493,8831,27716,15084,4667,3,4
2021-06-19T23:59:59+02:00,32,34,3346,3347,6136,6009,8397,9171,13543,14425,18278,18663,15422,16154,8682,10601,2774,5289,1618,1442,2889,3266,3872,5063,5899,7392,10605,11435,11808,12235,7100,8615,2687,5104,112430,72450,15487,8831,27716,15082,4667,3,4
2021-06-18T23:59:59+02:00,28,29,3305,3305,6060,5970,8329,9117,13498,14394,18255,18652,15421,16152,8681,10600,2774,5289,1543,1347,2753,3091,3689,4787,5502,7018,9114,9865,11641,12066,7059,8565,2675,5086,112049,67269,15460,8830,27716,15071,4631,3,4
2021-06-17T23:59:59+02:00,26,26,3241,3253,5994,5932,8256,9064,13425,14349,18232,18641,15419,16147,8679,10597,2774,5286,1411,1252,2564,2876,3427,4498,5141,6622,8441,9133,11358,11824,7018,8508,2671,5083,111678,63553,15431,8714,27713,15044,4516,3,4
2021-06-16T23:59:59+02:00,26,23,3188,3192,5882,5866,8138,8970,13298,14263,18166,18605,15413,16138,8679,10594,2774,5286,1314,1196,2423,2768,3244,4340,4857,6351,7363,7843,11267,11717,6987,8471,2658,5065,111040,59792,15357,8668,27710,15013,4391,3,4
2021-06-15T23:59:59+02:00,21,22,3091,3107,5765,5777,7949,8793,13037,14044,18015,18478,15398,16126,8671,10588,2774,5284,1276,1163,2351,2712,3137,4266,4655,6227,7051,7593,10772,11158,6954,8436,2650,5052,109619,57550,15329,8636,27701,14980,4288,3,3
2021-06-14T23:59:59+02:00,20,20,3018,3036,5687,5720,7808,8674,12748,13807,17830,18304,15382,16112,8664,10583,2773,5283,1249,1135,2285,2656,3012,4170,4457,6087,6712,7291,10244,10547,6923,8399,2646,5043,108238,55184,15321,8531,27697,14933,4210,3,2
2021-06-13T23:59:59+02:00,20,20,3000,3005,5621,5682,7745,8608,12608,13671,17725,18182,15376,16103,8663,10580,2772,5283,1239,1122,2254,2642,2975,4159,4413,6067,6680,7275,10240,10540,6923,8398,2646,5043,107501,55043,15310,8525,27693,14893,4157,3,2
2021-06-12T23:59:59+02:00,18,20,2971,2987,5593,5657,7714,8590,12588,13653,17716,18179,15375,16102,8663,10580,2772,5283,1182,1060,2164,2567,2879,4024,4271,5936,6570,7190,10158,10462,6326,7674,2646,5043,107302,54928,15308,8525,27693,12546,4155,3,2
2021-06-11T23:59:59+02:00,18,17,2894,2911,5524,5592,7531,8405,12178,13345,17434,17975,15359,16077,8657,10572,2770,5281,1159,1043,2109,2527,2814,3976,4186,5874,6460,7100,10056,10349,6312,7668,2644,5037,106284,54405,14417,8257,27692,12510,4144,3,2
2021-06-10T23:59:59+02:00,14,15,2838,2870,5425,5541,7398,8322,11991,13207,17298,17858,15354,16073,8657,10571,2769,5280,1120,1018,2034,2461,2713,3899,4016,5744,6218,6888,9805,10081,6292,7640,2638,5031,105366,52845,14343,8253,27687,12420,4082,3,2
2021-06-09T23:59:59+02:00,13,14,2762,2801,5301,5447,7175,8150,11714,12965,17111,17710,15343,16059,8653,10562,2769,5277,1063,956,1902,2343,2509,3718,3688,5459,5597,6381,8984,9180,6235,7564,2624,4996,104163,48848,14191,8235,27678,12327,3791,3,2
2021-06-08T23:59:59+02:00,10,10,2664,2697,5168,5320,6979,7967,11282,12538,16734,17322,15324,16032,8642,10556,2768,5272,1026,927,1835,2279,2403,3645,3546,5393,5448,6252,8951,9161,6233,7554,2622,4992,101960,48341,14164,8186,27676,12260,3482,3,2
2021-06-07T23:59:59+02:00,8,9,2536,2599,4977,5191,6771,7804,10805,12178,16391,17026,15298,16004,8636,10539,2767,5268,955,890,1708,2225,2264,3563,3293,5304,5094,5967,8402,8537,6180,7495,2618,4983,100026,46130,14121,8172,27667,12188,2990,3,2
2021-06-06T23:59:59+02:00,8,7,2500,2575,4916,5132,6684,7748,10668,12068,16299,16962,15295,16000,8636,10539,2765,5267,939,880,1679,2206,2222,3536,3227,5280,5046,5943,8397,8536,6175,7488,2618,4982,99439,45976,14069,8163,27661,12120,2897,3,2
2021-06-05T23:59:59+02:00,7,6,2487,2553,4887,5105,6646,7721,10637,12041,16290,16956,15295,16000,8636,10539,2765,5267,923,865,1647,2179,2183,3484,3125,5198,4691,5615,7799,7833,6147,7435,2617,4980,99214,43594,14069,8158,27659,12078,2893,3,2
2021-06-04T23:59:59+02:00,6,5,2457,2525,4842,5060,6598,7670,10548,11938,16238,16892,15291,15993,8636,10538,2764,5266,911,847,1624,2160,2141,3447,3073,5140,4528,5427,7497,7465,6111,7393,2615,4974,98685,42310,14064,8156,27659,12033,2856,3,2
2021-06-03T23:59:59+02:00,6,5,2353,2394,4689,4889,6390,7421,9846,11303,15648,16443,15280,15983,8633,10532,2763,5265,894,816,1583,2100,2092,3367,2983,5031,4383,5261,7338,7276,6099,7366,2615,4970,95341,41260,14025,8146,27654,11950,2820,3,2
2021-06-02T23:59:59+02:00,6,5,2336,2369,4645,4856,6335,7382,9746,11214,15590,16390,15272,15979,8632,10528,2763,5264,881,803,1565,2077,2040,3330,2898,4946,4021,4872,6781,6638,6055,7310,2611,4959,94816,38923,14023,8142,27654,11907,2816,3,2
2021-06-01T23:59:59+02:00,6,4,2274,2328,4526,4766,6171,7270,9558,11067,15483,16314,15269,15975,8628,10524,2762,5259,849,777,1500,2027,1927,3268,2742,4855,3818,4745,6570,6406,6033,7292,2605,4952,93952,37839,13974,8120,27643,11795,2612,3,2
2021-05-31T23:59:59+02:00,2,4,2224,2269,4426,4673,6029,7144,9373,10921,15397,16260,15261,15968,8625,10524,2762,5259,826,741,1442,1968,1858,3221,2567,4802,3688,4691,6212,5991,6010,7271,2602,4944,93232,36660,13888,8114,27632,11694,2366,3,2
2021-05-30T23:59:59+02:00,2,4,2199,2248,4369,4612,5940,7084,9298,10859,15360,16241,15260,15966,8625,10524,2762,5259,814,730,1419,1947,1808,3197,2434,4767,3584,4673,6210,5989,6010,7271,2602,4944,92788,36344,13848,8092,27622,11612,2351,3,2
2021-05-29T23:59:59+02:00,2,4,2182,2233,4351,4601,5923,7068,9285,10846,15355,16238,15259,15966,8625,10524,2762,5259,795,677,1325,1688,1675,2836,2234,4220,3305,4245,6120,5895,5898,7139,2601,4944,92662,36293,13845,8086,27622,8867,2351,3,2
2021-05-28T23:59:59+02:00,2,4,2161,2210,4313,4556,5879,7023,9209,10776,15288,16186,15255,15964,8625,10524,2762,5258,776,587,1247,1438,1576,2434,2055,3533,3041,3649,5481,5154,5816,7048,2597,4931,92190,34993,13832,8086,27620,5934,2350,3,2
2021-05-27T23:59:59+02:00,2,4,2118,2172,4228,4489,5755,6949,9054,10676,15191,16102,15254,15963,8625,10524,2762,5258,747,552,1214,1356,1534,2297,1987,3392,2928,3529,5044,4671,5783,7009,2586,4902,91509,33868,13683,8077,27597,5252,2334,3,2
2021-05-26T23:59:59+02:00,2,4,2049,2054,4031,4344,5413,6686,8086,9934,14432,15397,15242,15957,8621,10518,2760,5256,736,536,1188,1297,1489,2242,1929,3279,2777,3385,3739,3291,5724,6936,2563,4845,90736,30598,10157,8062,27582,4988,2308,3,2
2021-05-25T23:59:59+02:00,2,4,2008,2015,3948,4277,5317,6620,7952,9827,14057,14963,15194,15920,8614,10503,2758,5252,727,526,1158,1262,1467,2219,1910,3252,2752,3359,3733,3281,5717,6933,2561,4844,89395,30511,10009,8053,27565,4878,2259,3,2
2021-05-24T23:59:59+02:00,2,4,1982,1969,3859,4203,5212,6538,7827,9703,13546,14349,15143,15852,8607,10489,2757,5247,721,518,1138,1250,1437,2205,1889,3234,2727,3337,3717,3263,5695,6909,2554,4828,87604,30384,9930,8002,27553,4838,2199,3,1
2021-05-23T23:59:59+02:00,2,4,1973,1956,3840,4180,5194,6525,7775,9672,13470,14286,15132,15848,8605,10488,2756,5247,714,507,1128,1237,1412,2181,1831,3199,2619,3239,3306,2830,5053,6098,2540,4783,87369,30212,9829,5450,27553,4817,2199,3,1
2021-05-22T23:59:59+02:00,2,4,1806,1914,3538,4130,4792,6481,7520,9616,13345,14207,15126,15847,8605,10487,2756,5247,552,476,835,1195,1035,2145,1593,3146,2505,3164,3303,2828,5053,6097,2540,4783,87219,30200,9829,5449,27551,4781,821,3,1
2021-05-21T23:59:59+02:00,2,3,1720,1805,3384,3938,4603,6186,7123,9250,12054,12870,14975,15698,8568,10440,2747,5236,548,464,825,1193,1033,2138,1558,3116,2428,3088,3130,2691,5027,6054,2537,4768,82446,29567,9789,5449,27545,4763,819,3,1
2021-05-20T23:59:59+02:00,2,3,1682,1770,3292,3887,4496,6105,6946,9170,11843,12642,14954,15680,8565,10433,2746,5235,528,451,784,1147,977,2074,1438,3045,2302,2992,2942,2522,4986,5978,2529,4753,81613,28824,9686,5434,27488,4528,662,2,1
2021-05-19T23:59:59+02:00,2,3,1660,1744,3235,3831,4403,6039,6831,9107,11610,12382,14943,15670,8563,10432,2746,5234,519,439,768,1110,959,2005,1327,2897,1976,2700,2380,2028,4881,5861,2508,4706,80800,26761,9546,5418,27463,4261,624,2,1
2021-05-18T23:59:59+02:00,2,3,1598,1710,3146,3741,4291,5936,6672,8948,11321,12128,14898,15622,8551,10409,2744,5224,516,427,753,1095,941,1988,1244,2831,1698,2478,1940,1684,4808,5778,2487,4663,79704,25225,9344,5408,27394,4198,500,2,1
2021-05-17T23:59:59+02:00,2,3,1549,1629,3016,3583,4086,5657,6324,8490,10773,11578,14790,15531,8532,10384,2739,5214,514,419,747,1088,923,1983,1220,2807,1670,2440,1923,1665,4801,5771,2484,4660,76812,25160,9309,5394,27369,4173,388,2,1
2021-05-16T23:59:59+02:00,2,3,1530,1607,2963,3543,3991,5570,6175,8354,10597,11445,14764,15509,8525,10376,2738,5212,507,413,724,1073,893,1967,1192,2779,1637,2416,1916,1656,4798,5767,2481,4658,76068,25130,9252,5376,27339,4128,243,2,1
2021-05-15T23:59:59+02:00,2,3,1443,1510,2752,3376,3762,5292,5814,7882,10245,11149,14679,15447,8506,10347,2732,5203,507,411,720,1071,893,1963,1187,2778,1631,2411,1904,1644,4792,5761,2481,4656,73316,25069,9252,5376,27332,4123,242,2,1
2021-05-14T23:59:59+02:00,2,3,1409,1447,2640,3280,3610,5135,5617,7593,10026,10897,14644,15409,8493,10324,2729,5199,458,370,648,905,821,1677,1057,2368,1450,2085,1870,1604,4789,5753,2480,4651,71677,25005,9232,5374,27308,2369,238,2,1
2021-05-13T23:59:59+02:00,2,3,1352,1380,2538,3196,3442,4999,5398,7387,9798,10718,14618,15380,8484,10321,2727,5196,451,357,621,877,720,1569,958,2283,1185,1873,1155,1024,4569,5519,2472,4619,70517,24885,8920,2839,27277,2305,223,2,1
2021-05-12T23:59:59+02:00,2,3,1345,1371,2522,3191,3424,4986,5377,7374,9784,10706,14616,15376,8482,10319,2726,5196,451,356,620,876,716,1566,953,2283,1181,1867,1136,1015,4556,5483,2440,4550,70405,24686,8896,2839,27275,2302,222,2,1
2021-05-11T23:59:59+02:00,2,2,1303,1329,2449,3108,3311,4859,5183,7229,9497,10398,14569,15319,8470,10299,2722,5187,445,343,602,862,695,1549,925,2259,1155,1840,1081,979,4493,5386,2398,4426,69069,24196,8774,2821,27191,2221,200,2,1
2021-05-10T23:59:59+02:00,2,2,1279,1302,2386,3031,3185,4734,5053,7073,9173,10017,14523,15280,8461,10280,2717,5185,444,341,589,852,681,1534,913,2244,1137,1826,1046,945,4432,5310,2359,4311,67716,23787,8654,2818,27121,2169,190,2,1
2021-05-09T23:59:59+02:00,2,2,1264,1285,2343,3018,3107,4698,4991,7039,9108,9973,14510,15265,8459,10275,2717,5183,436,339,575,847,658,1514,891,2223,1125,1812,1027,929,4420,5272,2344,4269,67479,23627,8580,2816,27075,2135,103,2,1
2021-05-08T23:59:59+02:00,1,2,1262,1281,2328,3006,3090,4687,4951,7025,9084,9965,14509,15265,8459,10274,2717,5183,436,339,575,847,657,1514,891,2222,1124,1811,1027,929,4419,5272,2344,4269,67337,23626,8574,2813,27073,2134,103,2,1
2021-05-07T23:59:59+02:00,1,2,1243,1260,2289,2965,3038,4638,4852,6933,8860,9718,14494,15243,8453,10268,2714,5179,387,312,543,779,620,1353,821,2015,1036,1623,997,900,4399,5249,2342,4264,66430,23522,8568,2810,27047,1205,103,2,1
2021-05-06T23:59:59+02:00,1,2,1094,1167,2061,2722,2740,4329,4481,6532,8273,9113,14216,15004,8413,10211,2711,5178,386,308,531,760,603,1322,802,1980,1003,1595,970,869,4389,5235,2340,4260,62798,23393,8440,2760,26912,1104,96,2,1
2021-05-05T23:59:59+02:00,1,1,1029,1116,1952,2609,2581,4158,4186,6253,7257,7930,14131,14906,8378,10170,2698,5158,383,305,524,750,588,1313,768,1966,980,1575,895,806,4348,5163,2332,4244,59278,23070,8395,2741,26789,1079,50,2,1
2021-05-04T23:59:59+02:00,1,1,1007,1096,1901,2570,2479,4091,3965,6140,6976,7715,13625,14338,8348,10136,2693,5149,380,304,519,746,577,1308,751,1947,964,1568,877,782,4328,5147,2329,4235,57221,22937,8337,2726,26629,1057,42,2,1
2021-05-03T23:59:59+02:00,1,1,975,1059,1840,2517,2376,3982,3766,6023,6619,7415,13088,13713,8311,10098,2686,5134,374,303,517,742,566,1302,742,1936,950,1555,852,758,4311,5129,2323,4222,54800,22826,8311,2717,26490,1038,1,2,1
2021-05-02T23:59:59+02:00,1,1,970,1058,1821,2511,2351,3975,3724,6013,6585,7407,13087,13713,8311,10097,2686,5134,374,303,514,742,565,1300,737,1936,949,1551,850,754,4310,5125,2323,4222,54668,22808,8307,2715,26467,1031,1,2,1
2021-05-01T23:59:59+02:00,1,1,970,1056,1813,2509,2340,3970,3712,6005,6572,7398,13086,13711,8311,10097,2686,5134,374,303,514,742,565,1300,736,1935,947,1551,850,754,4310,5125,2323,4222,54599,22808,8305,2711,26465,1031,1,2,1
2021-04-30T23:59:59+02:00,0,1,954,1051,1792,2495,2319,3935,3675,5972,6494,7344,12990,13607,8310,10093,2683,5122,322,248,472,667,536,1123,707,1712,913,1347,839,736,4306,5123,2323,4222,54104,22794,8304,2707,26426,94,1,2,1
2021-04-29T23:59:59+02:00,0,1,899,1026,1735,2444,2256,3876,3528,5849,6257,7121,12731,13334,8288,10064,2679,5115,315,246,462,660,533,1116,700,1702,903,1337,831,721,4297,5115,2323,4220,52510,22707,8289,2701,26401,72,1,2,1
2021-04-28T23:59:59+02:00,0,1,838,992,1656,2382,2112,3766,3243,5596,5653,6617,11895,12417,8230,9975,2656,5078,314,243,460,653,525,1102,689,1682,892,1330,818,705,4278,5088,2321,4220,48461,22586,8282,2682,26361,51,1,2,1
2021-04-27T23:59:59+02:00,0,1,828,987,1638,2362,2067,3748,3172,5571,5527,6495,11866,12400,8228,9973,2656,5076,313,241,454,651,517,1096,680,1670,883,1324,806,694,4274,5082,2320,4214,47982,22508,8279,2667,26331,43,1,2,1
2021-04-26T23:59:59+02:00,0,1,818,974,1612,2344,2007,3707,2995,5493,5196,6210,11301,11755,8173,9908,2652,5067,311,240,453,650,511,1090,669,1664,874,1314,797,685,4269,5077,2320,4210,45654,22456,8270,2639,26287,38,1,1,1
2021-04-25T23:59:59+02:00,0,1,808,972,1597,2338,1969,3690,2869,5470,5103,6205,11297,11751,8170,9902,2651,5066,310,240,453,650,511,1083,669,1662,871,1312,797,684,4269,5077,2320,4210,45327,22451,8264,2635,26266,31,1,1,1
2021-04-24T23:59:59+02:00,0,1,794,962,1575,2318,1929,3645,2772,5402,4758,5885,10680,11026,8140,9844,2650,5064,310,240,453,650,511,1082,668,1661,870,1312,792,680,4259,5061,2318,4209,42920,22414,8263,2631,26260,30,1,1,1
2021-04-23T23:59:59+02:00,0,1,789,954,1562,2308,1900,3619,2731,5351,4597,5699,10371,10645,8100,9802,2647,5055,310,239,453,650,511,1081,667,1661,868,1312,792,679,4256,5058,2318,4209,41620,22403,8263,2630,26246,30,1,1,1
2021-04-22T23:59:59+02:00,0,1,773,939,1534,2265,1850,3551,2645,5261,4444,5545,10227,10451,8086,9771,2645,5047,310,238,451,639,509,1075,661,1653,862,1303,786,674,4253,5056,2318,4207,40619,22367,8237,2605,26177,22,1,1,1
2021-04-21T23:59:59+02:00,0,1,762,926,1510,2253,1797,3506,2541,5174,4059,5125,9630,9768,8037,9709,2641,5036,308,238,449,637,509,1074,657,1650,857,1298,774,662,4243,5042,2318,4203,38103,22317,8220,2581,26150,20,1,1,1
2021-04-20T23:59:59+02:00,0,1,755,915,1488,2226,1766,3477,2489,5117,3922,5029,9434,9548,8020,9699,2637,5033,308,236,449,636,508,1072,656,1645,854,1293,768,658,4239,5038,2318,4203,37268,22286,8209,2575,26077,20,1,1,0
2021-04-19T23:59:59+02:00,0,1,748,905,1479,2219,1749,3460,2457,5091,3858,4970,9063,9130,7995,9674,2634,5027,308,234,448,633,506,1069,652,1643,850,1289,763,652,4230,5036,2318,4201,36240,22248,8197,2564,26021,20,1,1,0
2021-04-18T23:59:59+02:00,0,1,744,903,1474,2213,1731,3453,2438,5079,3850,4968,9054,9119,7995,9673,2634,5027,307,234,448,629,505,1066,650,1640,847,1289,762,650,4230,5034,2318,4201,36180,22240,8177,2550,25997,20,1,1,0
2021-04-17T23:59:59+02:00,0,1,728,897,1386,2203,1631,3441,2401,5049,3770,4890,8341,8395,7979,9660,2634,5027,307,234,446,627,504,1066,649,1640,846,1286,762,650,4229,5034,2318,4201,36172,22229,8177,2550,24082,20,1,1,0
2021-04-16T23:59:59+02:00,0,1,712,879,1257,2180,1479,3419,2315,4984,3609,4725,7005,6844,7944,9611,2623,4996,307,233,441,621,500,1062,639,1638,842,1277,752,644,4223,5020,2315,4199,34800,22155,8167,2546,21614,12,1,1,0
2021-04-15T23:59:59+02:00,0,1,691,868,1247,2167,1458,3401,2257,4946,3538,4672,6568,6344,7904,9550,2601,4925,300,227,427,610,483,1048,605,1611,806,1247,661,583,3729,4509,2293,4164,33486,22097,8111,1198,21539,8,1,1,0
2021-04-14T23:59:59+02:00,0,1,686,864,1226,2154,1427,3382,2212,4911,3406,4579,5230,4940,7854,9484,2580,4888,292,222,424,603,476,1045,599,1603,800,1244,646,567,3718,4500,2289,4159,30261,22009,8100,1171,21461,7,1,1,0
2021-04-13T23:59:59+02:00,0,1,683,864,1217,2149,1412,3380,2204,4900,3386,4564,5211,4922,7848,9481,2579,4886,292,221,422,601,473,1042,597,1599,789,1242,628,562,3716,4497,2289,4159,30181,21989,8079,1133,21425,7,1,1,0
2021-04-12T23:59:59+02:00,0,1,677,856,1204,2140,1396,3369,2169,4886,3355,4540,5188,4907,7835,9470,2576,4853,291,220,420,600,472,1036,595,1595,781,1235,623,560,3711,4496,2289,4159,30052,21963,8034,1113,21334,7,1,1,0
2021-04-11T23:59:59+02:00,0,1,669,852,1188,2128,1378,3354,2102,4862,3237,4457,4768,4466,7168,8644,2569,4848,291,220,419,600,470,1035,590,1592,777,1234,619,557,3707,4491,2289,4159,30022,21956,5421,1087,21246,7,1,1,0
2021-04-10T23:59:59+02:00,0,1,669,850,1187,2127,1376,3350,2100,4859,3234,4450,4724,4419,7164,8638,2569,4847,286,217,417,589,457,1019,563,1575,745,1209,547,487,3141,3874,2240,4067,29899,20339,5418,1087,21245,7,1,1,0
2021-04-09T23:59:59+02:00,0,1,665,849,1179,2124,1372,3345,2069,4837,3156,4370,4527,4254,7129,8589,2565,4831,276,210,407,575,438,1004,538,1557,724,1186,467,426,2491,3056,2192,3973,29213,18427,5414,1086,21233,7,1,1,0
2021-04-08T23:59:59+02:00,0,1,655,839,1165,2113,1356,3315,2007,4784,3009,4259,3472,3101,6887,8227,2554,4816,263,202,390,557,415,990,516,1528,691,1163,447,399,2481,3047,2189,3970,28415,18203,5365,1038,18778,7,1,1,0
2021-04-07T23:59:59+02:00,0,1,648,833,1152,2104,1337,3303,1898,4705,2692,4010,2869,2574,6776,8104,2531,4763,249,195,362,533,377,955,472,1494,655,1136,421,375,2421,2985,2184,3963,26243,17752,5346,1019,18709,6,1,1,0
2021-04-06T23:59:59+02:00,0,1,638,825,1114,2097,1313,3285,1780,4654,2415,3841,2417,2227,6699,8013,2510,4726,225,182,328,507,352,936,436,1471,620,1105,386,333,2366,2910,2178,3954,24646,17281,5330,1002,18577,6,1,1,0
2021-04-05T23:59:59+02:00,0,1,635,823,1103,2093,1307,3282,1771,4644,2400,3824,2128,1881,5581,6697,2508,4726,225,182,327,503,346,930,432,1469,616,1101,383,330,2364,2904,2178,3953,24613,17271,5320,966,15469,6,1,1,0
2021-04-04T23:59:59+02:00,0,1,634,823,1103,2093,1307,3281,1771,4644,2398,3822,2127,1878,5581,6694,2508,4726,225,182,326,503,346,930,431,1469,616,1101,383,330,2363,2904,2178,3953,24606,17268,5320,966,15463,6,1,1,0
2021-04-03T23:59:59+02:00,0,1,634,823,1103,2092,1307,3281,1770,4642,2394,3822,2126,1875,5580,6694,2508,4726,225,182,326,503,346,930,431,1469,615,1101,383,330,2363,2904,2178,3953,24600,17267,5316,966,15460,6,1,1,0
2021-04-02T23:59:59+02:00,0,1,634,822,1103,2092,1303,3280,1767,4637,2393,3819,2118,1866,5568,6679,2505,4713,225,181,326,501,346,930,430,1468,614,1092,381,330,2363,2903,2178,3953,24531,17249,5312,966,15455,6,1,1,0
2021-04-01T23:59:59+02:00,0,1,630,811,1080,2074,1206,3184,1677,4568,2134,3612,1393,1279,5359,6469,2495,4686,221,180,326,500,345,929,429,1466,614,1091,378,328,2363,2903,2178,3949,24426,17237,2812,957,15418,6,1,1,0
2021-03-31T23:59:59+02:00,0,1,628,810,1076,2070,1201,3176,1666,4563,2116,3599,1366,1246,5330,6414,2458,4587,220,180,326,499,344,929,429,1465,613,1090,377,325,2359,2902,2176,3948,24106,17225,2798,951,15401,6,1,1,0
2021-03-30T23:59:59+02:00,0,1,626,802,1070,2066,1195,3171,1656,4549,2108,3585,1319,1201,5245,6285,2414,4441,220,179,326,498,341,925,424,1462,606,1080,362,314,2257,2750,2056,3723,23585,16607,2776,910,15372,6,1,0,0
2021-03-29T23:59:59+02:00,0,1,624,800,1067,2058,1185,3165,1649,4536,2096,3573,1283,1170,5185,6192,2365,4312,219,178,324,496,339,923,422,1457,601,1075,355,309,2034,2484,1829,3348,23153,15480,2752,907,15355,6,1,0,0
2021-03-28T23:59:59+02:00,0,1,624,797,1065,2052,1182,3158,1644,4525,2091,3568,1267,1161,5177,6170,2354,4280,217,178,323,493,330,919,419,1450,598,1063,349,297,2029,2470,1828,3345,23048,15452,2734,853,15333,3,1,0,0
2021-03-27T23:59:59+01:00,0,1,571,736,985,1984,1100,3040,1526,4401,1989,3486,1198,1091,4574,5438,2354,4280,215,177,323,493,330,919,415,1448,597,1060,348,297,2028,2469,1828,3345,23032,15436,2730,853,12991,3,1,0,0
2021-03-26T23:59:59+01:00,0,1,568,731,978,1974,1098,3034,1516,4394,1972,3478,1154,1060,4544,5404,2353,4276,214,174,323,491,327,918,413,1447,593,1053,340,292,1624,1937,1407,2622,22837,13325,2720,847,12977,3,1,0,0
2021-03-25T23:59:59+01:00,0,1,566,725,965,1966,1095,3025,1509,4382,1957,3468,1144,1049,4536,5399,2353,4275,213,171,322,490,325,912,410,1441,589,1044,337,288,1528,1816,1370,2550,22790,12978,2711,825,12913,3,1,0,0
2021-03-24T23:59:59+01:00,0,1,564,719,956,1953,1082,3010,1480,4364,1943,3460,1109,1019,4509,5366,2348,4270,212,171,321,489,322,908,405,1433,580,1026,323,278,1203,1435,1220,2284,22649,11843,2685,764,12818,3,1,0,0
2021-03-23T23:59:59+01:00,0,1,562,714,951,1939,1078,3000,1473,4350,1933,3453,1096,1008,4490,5352,2348,4267,211,171,319,486,314,905,404,1433,574,1022,315,271,968,1171,1105,2108,22576,11031,2676,743,12762,3,1,0,0
2021-03-22T23:59:59+01:00,0,1,561,705,946,1927,1072,2991,1463,4334,1919,3444,1093,1004,4485,5351,2348,4267,209,171,318,484,313,903,401,1430,571,1018,311,267,967,1167,1105,2105,22552,11014,2660,723,12698,3,1,0,0
2021-03-21T23:59:59+01:00,0,1,559,702,943,1918,1070,2987,1457,4321,1907,3437,1090,1003,4485,5350,2348,4267,208,171,318,483,311,899,401,1425,565,1016,301,262,963,1163,1104,2105,22548,11011,2646,681,12650,3,1,0,0
2021-03-20T23:59:59+01:00,0,1,554,695,938,1902,1053,2971,1429,4303,1873,3408,1018,932,3903,4716,2298,4170,208,171,318,483,311,899,401,1425,565,1016,301,262,963,1163,1103,2104,20888,11009,2645,681,12630,3,1,0,0
2021-03-19T23:59:59+01:00,0,1,545,686,921,1876,1026,2952,1393,4278,1847,3378,931,867,3232,3880,2251,4073,205,171,316,483,310,896,399,1423,561,1009,298,261,950,1150,1072,2064,18913,10986,2634,579,12589,3,1,0,0
2021-03-18T23:59:59+01:00,0,1,532,673,904,1850,1003,2926,1354,4238,1803,3326,834,803,2719,3346,2229,4039,200,169,313,479,307,887,395,1417,559,1004,295,255,847,1056,963,1875,18836,10608,1232,410,12511,3,1,0,0
2021-03-17T23:59:59+01:00,0,1,529,663,895,1830,990,2907,1332,4216,1784,3310,805,778,2633,3255,2223,4035,198,168,311,477,304,886,388,1413,556,1000,292,250,605,782,662,1430,18528,9689,1195,33,12462,0,1,0,0
2021-03-16T23:59:59+01:00,0,1,527,654,886,1808,969,2892,1315,4204,1760,3294,776,767,2585,3174,2221,4031,198,168,309,477,302,883,385,1411,553,995,286,246,359,545,473,1123,18320,8687,1155,27,12389,0,0,0,0
2021-03-15T23:59:59+01:00,0,1,527,643,882,1790,959,2871,1309,4198,1752,3285,770,764,2582,3173,2221,4031,197,168,308,476,301,883,385,1411,550,995,286,246,359,544,472,1123,18306,8681,1133,24,12319,0,0,0,0
2021-03-14T23:59:59+01:00,0,1,526,637,876,1778,952,2866,1299,4185,1742,3273,765,760,2577,3170,2221,4031,197,168,307,476,300,881,383,1409,550,995,285,246,359,544,472,1123,18301,8678,1106,18,12252,0,0,0,0
2021-03-13T23:59:59+01:00,0,1,504,585,780,1517,823,2485,1105,3623,1460,2845,684,671,2474,3044,2220,4030,197,168,307,476,300,881,383,1409,550,995,285,246,359,544,472,1123,18297,8678,1106,18,9448,0,0,0,0
2021-03-12T23:59:59+01:00,0,1,489,501,716,1251,731,2089,934,2934,1213,2256,544,519,2430,2999,2220,4030,197,166,307,476,300,879,382,1409,550,993,285,245,346,524,424,1060,18274,8525,1105,18,6478,0,0,0,0
2021-03-11T23:59:59+01:00,0,1,466,465,683,1180,685,1984,875,2790,1132,2145,487,459,2416,2987,2219,4029,197,166,306,474,299,878,382,1406,549,993,285,244,333,507,378,1017,18080,8399,1057,15,5866,0,0,0,0
2021-03-10T23:59:59+01:00,0,1,452,455,649,1147,645,1950,832,2754,1099,2117,468,443,2402,2968,2218,4026,193,164,302,467,299,877,377,1400,544,986,281,238,213,409,153,755,17805,7649,1037,9,5784,0,0,0,0
2021-03-09T23:59:59+01:00,0,1,436,438,617,1118,626,1931,809,2728,1077,2093,446,422,2309,2826,2095,3797,193,164,300,465,298,876,376,1397,544,983,279,237,213,409,153,754,17044,7641,1021,0,5704,0,0,0,0
2021-03-08T23:59:59+01:00,0,1,423,417,594,1088,608,1909,793,2703,1055,2067,424,394,2080,2551,1866,3420,193,163,300,463,297,871,376,1391,544,981,278,235,213,408,153,754,15800,7620,993,0,5600,0,0,0,0
2021-03-07T23:59:59+01:00,0,1,422,415,587,1071,594,1901,790,2690,1050,2056,423,393,2075,2543,1865,3418,193,163,300,462,297,870,376,1388,544,980,278,235,213,408,153,754,15772,7614,983,0,5539,0,0,0,0
2021-03-06T23:59:59+01:00,0,1,422,412,584,1057,591,1899,783,2683,1046,2049,422,393,2075,2543,1865,3418,193,163,300,462,297,870,376,1388,544,979,277,235,213,408,153,754,15764,7612,983,0,5496,0,0,0,0
2021-03-05T23:59:59+01:00,0,1,416,397,578,1045,586,1889,778,2674,1040,2041,409,385,1654,1981,1433,2666,190,158,296,462,294,869,374,1385,542,975,277,235,213,408,153,754,13542,7585,983,0,5448,0,0,0,0
2021-03-04T23:59:59+01:00,0,1,406,372,552,1006,567,1833,750,2621,1019,1992,405,381,1562,1863,1394,2593,179,150,285,452,293,861,372,1371,540,971,276,235,213,408,153,754,13191,7513,977,0,5149,0,0,0,0
2021-03-03T23:59:59+01:00,0,1,404,365,544,976,550,1802,725,2573,1002,1953,399,375,1241,1484,1241,2321,178,149,284,451,292,860,368,1364,537,964,274,233,212,407,151,749,12042,7473,970,0,4944,0,0,0,0
2021-03-02T23:59:59+01:00,0,1,400,360,536,942,536,1782,716,2549,991,1935,389,365,998,1217,1123,2143,178,147,283,440,288,854,368,1355,537,958,274,233,212,407,151,749,11223,7434,935,0,4825,0,0,0,0
2021-03-01T23:59:59+01:00,0,1,398,352,527,919,518,1751,707,2525,980,1918,385,358,997,1210,1123,2139,178,145,283,431,285,844,365,1340,534,952,272,231,211,406,151,749,11203,7377,900,0,4705,0,0,0,0
2021-02-28T23:59:59+01:00,0,1,393,349,524,911,511,1740,703,2514,975,1903,381,353,997,1208,1123,2139,176,144,283,430,285,843,365,1340,533,952,272,231,211,406,151,749,11198,7371,873,0,4654,0,0,0,0
2021-02-27T23:59:59+01:00,0,1,392,347,519,904,509,1734,700,2505,972,1901,380,352,997,1208,1122,2139,176,144,283,430,285,843,365,1340,532,952,272,231,211,406,151,749,11197,7370,873,0,4612,0,0,0,0
2021-02-26T23:59:59+01:00,0,1,344,301,450,731,433,1425,571,2088,801,1560,352,322,997,1205,1122,2139,176,142,283,427,283,835,363,1332,530,949,272,231,211,406,151,749,11186,7340,862,0,2794,0,0,0,0
2021-02-25T23:59:59+01:00,0,1,324,293,440,709,421,1389,556,2040,783,1528,345,315,913,1116,1049,2015,123,128,263,422,274,823,352,1316,525,942,272,229,211,406,151,749,10785,7186,832,0,2620,0,0,0,0
2021-02-24T23:59:59+01:00,0,1,319,287,435,693,414,1353,540,1992,761,1484,337,302,705,884,865,1710,123,122,261,416,271,814,350,1303,518,936,270,227,209,406,151,747,9846,7124,791,0,2445,0,0,0,0
2021-02-23T23:59:59+01:00,0,1,317,275,427,679,403,1329,532,1958,743,1465,323,292,456,638,674,1409,123,121,260,414,269,809,350,1296,517,928,269,226,208,406,150,746,8847,7092,747,0,2327,0,0,0,0
2021-02-22T23:59:59+01:00,0,1,317,273,426,672,402,1324,528,1948,738,1461,323,290,455,636,674,1408,123,116,255,404,268,792,346,1272,512,920,265,225,208,406,150,746,8843,7008,736,0,2297,0,0,0,0
2021-02-21T23:59:59+01:00,0,1,314,272,424,666,399,1316,526,1940,732,1457,312,285,451,632,672,1408,123,116,254,403,268,790,343,1269,505,917,264,224,207,405,149,737,8838,6974,695,0,2274,0,0,0,0
2021-02-20T23:59:59+01:00,0,1,314,269,424,664,399,1308,525,1931,730,1453,312,285,451,632,672,1408,123,116,254,403,268,790,343,1269,504,917,264,224,207,405,149,737,8838,6973,695,0,2245,0,0,0,0
2021-02-19T23:59:59+01:00,0,0,268,243,392,588,365,1139,467,1717,623,1243,303,269,425,596,593,1301,123,116,254,403,267,790,343,1269,504,917,264,224,207,405,149,737,8621,6972,589,0,1322,0,0,0,0
2021-02-18T23:59:59+01:00,0,0,267,238,385,579,354,1117,454,1699,613,1236,303,267,372,549,491,1173,120,113,250,398,260,784,340,1260,501,916,262,222,207,405,149,737,8441,6924,417,0,1239,0,0,0,0
2021-02-17T23:59:59+01:00,0,0,261,234,373,565,347,1108,431,1683,605,1224,298,260,216,413,156,765,112,100,247,392,255,769,334,1244,495,906,258,219,206,405,149,737,7724,6828,31,0,1184,0,0,0,0
2021-02-16T23:59:59+01:00,0,0,259,232,362,563,338,1099,423,1669,600,1218,295,257,216,412,156,765,83,88,227,366,244,739,316,1204,463,872,236,204,199,387,148,730,7717,6506,27,0,1120,0,0,0,0
2021-02-15T23:59:59+01:00,0,0,257,232,360,559,337,1093,421,1657,597,1212,295,257,216,411,155,765,82,86,223,355,236,727,306,1176,447,849,224,197,188,365,142,674,7710,6277,24,0,1090,0,0,0,0
2021-02-14T23:59:59+01:00,0,0,256,230,354,556,333,1083,417,1651,594,1209,295,257,216,411,155,765,78,84,216,350,233,719,301,1163,443,834,223,195,188,354,142,665,7700,6188,19,0,1063,0,0,0,0
2021-02-13T23:59:59+01:00,0,0,256,230,354,556,333,1083,416,1651,594,1208,294,257,216,411,155,765,78,84,216,350,233,719,301,1163,443,834,223,195,188,354,142,665,7698,6188,19,0,1062,0,0,0,0
2021-02-12T23:59:59+01:00,0,0,198,169,306,479,306,889,383,1413,557,996,286,242,215,411,155,765,75,83,213,349,231,716,294,1159,440,829,219,192,188,352,142,665,7686,6147,19,0,65,0,0,0,0
2021-02-11T23:59:59+01:00,0,0,196,168,300,468,302,875,377,1394,548,988,286,242,215,411,155,765,74,80,202,323,221,672,274,1107,423,781,218,189,188,347,142,662,7647,5903,16,0,27,0,0,0,0
2021-02-10T23:59:59+01:00,0,0,193,161,296,465,299,871,371,1383,544,980,284,240,213,410,155,763,69,74,186,297,211,613,257,1022,398,729,209,175,174,318,130,615,7605,5477,10,0,13,0,0,0,0
2021-02-09T23:59:59+01:00,0,0,188,154,293,456,298,862,371,1373,542,971,281,239,213,410,155,762,60,59,147,234,182,509,219,831,342,594,189,149,154,283,120,549,7560,4621,2,0,6,0,0,0,0
2021-02-08T23:59:59+01:00,0,0,182,147,289,444,293,852,367,1353,535,964,277,235,212,409,153,758,33,46,102,144,133,281,160,453,248,387,160,124,127,228,97,453,7462,3176,2,0,6,0,0,0,0
2021-02-07T23:59:59+01:00,0,0,180,145,286,443,292,850,366,1352,534,963,276,234,212,409,153,758,19,40,84,122,128,260,151,419,232,360,152,120,117,218,92,418,7452,2932,1,0,0,0,0,0,0
2021-02-06T23:59:59+01:00,0,0,180,145,286,443,292,850,366,1352,534,963,276,234,212,409,153,758,19,37,82,119,118,245,140,402,201,339,137,116,116,213,91,408,7452,2783,1,0,0,0,0,0,0
2021-02-05T23:59:59+01:00,0,0,180,143,286,440,291,839,364,1344,530,960,276,233,212,409,153,757,18,32,78,114,111,232,135,375,187,321,132,111,113,208,84,392,7416,2643,1,0,0,0,0,0,0
2021-02-04T23:59:59+01:00,0,0,172,138,285,436,284,830,361,1333,521,951,275,231,211,409,153,755,11,21,52,77,82,176,113,285,155,263,115,96,101,194,76,352,7345,2169,0,0,0,0,0,0,0
2021-02-03T23:59:59+01:00,0,0,153,131,275,430,281,824,359,1322,521,949,275,231,210,409,153,754,11,19,44,67,73,141,89,254,134,222,96,81,86,166,69,312,7277,1864,0,0,0,0,0,0,0
2021-02-02T23:59:59+01:00,0,0,132,125,263,428,278,817,354,1315,520,942,274,231,209,409,152,753,11,16,35,61,61,119,74,210,103,172,64,57,61,106,45,198,7202,1393,0,0,0,0,0,0,0
2021-02-01T23:59:59+01:00,0,0,127,120,258,413,276,801,352,1291,514,930,269,229,209,409,152,753,4,10,20,33,31,66,45,117,59,71,29,28,26,44,25,98,7103,706,0,0,0,0,0,0,0
2021-01-31T23:59:59+01:00,0,0,126,117,256,410,275,797,349,1285,510,928,269,226,208,408,152,753,4,6,15,23,26,47,32,71,39,43,15,8,13,28,20,60,7069,450,0,0,0,0,0,0,0
2021-01-30T23:59:59+01:00,0,0,126,117,256,410,275,796,349,1284,509,928,269,226,208,408,152,753,4,6,13,20,23,40,27,63,36,41,15,8,13,28,20,60,7066,417,0,0,0,0,0,0,0
2021-01-29T23:59:59+01:00,0,0,126,117,256,410,274,796,349,1284,509,928,269,226,208,408,152,753,4,6,7,18,21,31,22,55,32,38,15,8,13,27,19,59,7065,375,0,0,0,0,0,0,0
2021-01-28T23:59:59+01:00,0,0,124,114,252,404,270,790,346,1277,505,927,269,226,208,408,152,753,1,3,2,8,13,13,12,27,12,23,11,4,6,14,6,23,7025,178,0,0,0,0,0,0,0
2021-01-27T23:59:59+01:00,0,0,116,104,250,399,267,782,341,1270,499,920,264,223,207,407,152,753,0,0,1,4,9,11,8,20,10,17,10,4,6,14,6,23,6954,143,0,0,0,0,0,0,0
2021-01-26T23:59:59+01:00,0,0,89,92,232,382,259,757,328,1232,473,889,244,211,200,391,152,745,0,0,1,4,9,11,8,20,10,17,10,4,6,14,6,23,6676,143,0,0,0,0,0,0,0
2021-01-25T23:59:59+01:00,0,0,86,87,230,362,246,738,314,1198,455,864,228,204,192,371,148,690,0,0,1,4,9,9,7,13,7,13,10,4,6,14,6,23,6413,126,0,0,0,0,0,0,0
2021-01-24T23:59:59+01:00,0,0,86,85,226,358,245,733,311,1185,453,849,227,202,192,360,148,680,0,0,1,4,9,9,7,13,7,13,10,4,6,14,6,23,6340,126,0,0,0,0,0,0,0
2021-01-23T23:59:59+01:00,0,0,86,85,226,358,245,733,311,1185,453,849,227,202,192,360,148,680,0,0,1,4,9,9,7,13,7,13,10,4,6,14,6,23,6340,126,0,0,0,0,0,0,0
2021-01-22T23:59:59+01:00,0,0,86,84,224,356,245,730,307,1181,449,846,225,201,192,359,148,680,0,0,1,4,9,9,7,13,7,13,10,4,6,14,6,23,6313,126,0,0,0,0,0,0,0
2021-01-21T23:59:59+01:00,0,0,86,81,210,327,235,686,282,1130,435,813,224,197,191,353,148,677,0,0,1,2,7,8,6,12,6,11,10,4,6,14,6,23,6075,116,0,0,0,0,0,0,0
2021-01-20T23:59:59+01:00,0,0,80,75,196,306,223,621,268,1037,406,754,215,186,177,324,137,630,0,0,1,2,7,8,6,12,6,11,10,4,6,14,6,23,5635,116,0,0,0,0,0,0,0
2021-01-19T23:59:59+01:00,0,0,72,65,156,256,203,558,242,914,365,645,196,160,155,284,124,553,0,0,1,2,3,7,6,11,4,9,7,3,6,14,6,23,4948,102,0,0,0,0,0,0,0
2021-01-18T23:59:59+01:00,0,0,60,58,133,214,181,455,215,758,325,552,179,140,131,235,104,471,0,0,0,1,2,4,3,6,2,7,6,3,6,14,6,22,4211,82,0,0,0,0,0,0,0
2021-01-17T23:59:59+01:00,0,0,40,46,109,184,166,395,198,672,300,496,171,134,118,218,90,417,0,0,0,0,2,4,2,6,2,5,4,3,6,14,5,22,3754,75,0,0,0,0,0,0,0
2021-01-16T23:59:59+01:00,0,0,33,43,109,181,156,379,183,652,269,474,155,129,117,212,89,407,0,0,0,0,0,0,0,0,0,0,0,0,0,0,0,0,3588,0,0,0,0,0,0,0,0
2021-01-15T23:59:59+01:00,0,0,31,39,105,176,145,366,177,623,252,452,150,120,114,206,81,391,0,0,0,0,0,0,0,0,0,0,0,0,0,0,0,0,3428,0,0,0,0,0,0,0,0
2021-01-14T23:59:59+01:00,0,0,13,24,51,77,83,171,113,287,149,263,123,101,100,191,71,351,0,0,0,0,0,0,0,0,0,0,0,0,0,0,0,0,2168,0,0,0,0,0,0,0,0
2021-01-13T23:59:59+01:00,0,0,12,20,41,67,75,136,91,257,124,226,94,79,81,154,56,283,0,0,0,0,0,0,0,0,0,0,0,0,0,0,0,0,1796,0,0,0,0,0,0,0,0
2021-01-12T23:59:59+01:00,0,0,12,15,37,63,62,113,76,209,95,172,61,53,54,92,32,163,0,0,0,0,0,0,0,0,0,0,0,0,0,0,0,0,1309,0,0,0,0,0,0,0,0
2021-01-11T23:59:59+01:00,0,0,4,10,26,45,38,82,55,140,58,85,31,27,22,36,16,71,0,0,0,0,0,0,0,0,0,0,0,0,0,0,0,0,746,0,0,0,0,0,0,0,0
2021-01-10T23:59:59+01:00,0,0,3,5,20,32,33,58,37,93,37,53,15,7,7,19,11,32,0,0,0,0,0,0,0,0,0,0,0,0,0,0,0,0,462,0,0,0,0,0,0,0,0
2021-01-09T23:59:59+01:00,0,0,3,5,18,28,32,54,32,83,35,52,15,7,7,19,11,32,0,0,0,0,0,0,0,0,0,0,0,0,0,0,0,0,433,0,0,0,0,0,0,0,0
2021-01-08T23:59:59+01:00,0,0,3,5,15,26,29,43,26,74,31,48,14,7,6,17,10,31,0,0,0,0,0,0,0,0,0,0,0,0,0,0,0,0,385,0,0,0,0,0,0,0,0
2021-01-07T23:59:59+01:00,0,0,1,3,2,9,15,13,13,28,13,24,11,5,6,15,8,24,0,0,0,0,0,0,0,0,0,0,0,0,0,0,0,0,190,0,0,0,0,0,0,0,0
2021-01-06T23:59:59+01:00,0,0,1,0,2,4,13,11,9,22,11,19,11,5,6,15,8,24,0,0,0,0,0,0,0,0,0,0,0,0,0,0,0,0,161,0,0,0,0,0,0,0,0
2021-01-05T23:59:59+01:00,0,0,0,0,1,4,12,11,8,20,10,19,10,5,6,15,8,24,0,0,0,0,0,0,0,0,0,0,0,0,0,0,0,0,153,0,0,0,0,0,0,0,0
2021-01-04T23:59:59+01:00,0,0,0,0,1,4,12,10,7,16,8,17,10,5,6,15,8,24,0,0,0,0,0,0,0,0,0,0,0,0,0,0,0,0,143,0,0,0,0,0,0,0,0
2021-01-03T23:59:59+01:00,0,0,0,0,1,4,11,9,7,13,6,14,10,5,6,15,8,24,0,0,0,0,0,0,0,0,0,0,0,0,0,0,0,0,133,0,0,0,0,0,0,0,0
2021-01-02T23:59:59+01:00,0,0,0,0,1,4,11,9,7,13,6,14,10,5,6,15,8,24,0,0,0,0,0,0,0,0,0,0,0,0,0,0,0,0,133,0,0,0,0,0,0,0,0
2021-01-01T23:59:59+01:00,0,0,0,0,1,4,11,9,7,13,6,14,10,5,6,15,8,24,0,0,0,0,0,0,0,0,0,0,0,0,0,0,0,0,133,0,0,0,0,0,0,0,0
2020-12-31T23:59:59+01:00,0,0,0,0,1,4,11,9,7,13,6,14,10,5,6,15,8,24,0,0,0,0,0,0,0,0,0,0,0,0,0,0,0,0,133,0,0,0,0,0,0,0,0
2020-12-30T23:59:59+01:00,0,0,0,0,1,4,11,9,7,13,6,14,10,5,6,15,8,24,0,0,0,0,0,0,0,0,0,0,0,0,0,0,0,0,133,0,0,0,0,0,0,0,0
2020-12-29T23:59:59+01:00,0,0,0,0,1,4,8,9,7,13,4,12,10,5,6,15,8,24,0,0,0,0,0,0,0,0,0,0,0,0,0,0,0,0,126,0,0,0,0,0,0,0,0
2020-12-28T23:59:59+01:00,0,0,0,0,1,1,5,7,7,7,2,9,10,5,6,15,8,24,0,0,0,0,0,0,0,0,0,0,0,0,0,0,0,0,107,0,0,0,0,0,0,0,0
2020-12-27T23:59:59+01:00,0,0,0,0,0,0,2,4,2,6,1,6,4,4,6,15,7,23,0,0,0,0,0,0,0,0,0,0,0,0,0,0,0,0,80,0,0,0,0,0,0,0,0
