Datum,<15_1_m,<15_1_w,15-24_1_m,15-24_1_w,25-34_1_m,25-34_1_w,35-44_1_m,35-44_1_w,45-54_1_m,45-54_1_w,55-64_1_m,55-64_1_w,65-74_1_m,65-74_1_w,75-84_1_m,75-84_1_w,>84_1_m,>84_1_w,<15_2_m,<15_2_w,15-24_2_m,15-24_2_w,25-34_2_m,25-34_2_w,35-44_2_m,35-44_2_w,45-54_2_m,45-54_2_w,55-64_2_m,55-64_2_w,65-74_2_m,65-74_2_w,75-84_2_m,75-84_2_w,>84_2_m,>84_2_w,bp_1,bp_2,mo_1,mo_2,az_1,az_2,ja,unb_1,unb_2
2021-11-17T23:59:59+01:00,2380,2314,10991,10207,11886,11184,14386,14730,18294,18565,21284,21204,16608,17312,9241,11262,2987,5754,1902,1834,9979,9404,10993,10277,13498,13877,17401,17751,20639,20518,16292,16984,9072,11029,2904,5595,159620,150431,20729,20021,27889,27131,12351,16,15
2021-11-16T23:59:59+01:00,2367,2295,10963,10183,11860,11152,14359,14707,18268,18538,21265,21179,16599,17302,9236,11252,2986,5752,1897,1831,9968,9395,10983,10261,13486,13867,17394,17743,20629,20511,16283,16978,9067,11024,2904,5594,159411,150321,20615,20000,27889,27131,12348,16,15
2021-11-15T23:59:59+01:00,2339,2278,10926,10151,11832,11115,14338,14670,18239,18507,21252,21161,16590,17298,9236,11247,2985,5745,1891,1815,9927,9373,10963,10242,13472,13843,17376,17725,20611,20499,16277,16969,9065,11019,2903,5592,159074,150075,20603,19998,27889,27131,12343,16,15
2021-11-14T23:59:59+01:00,2335,2273,10906,10137,11811,11102,14318,14658,18226,18495,21244,21151,16588,17294,9234,11246,2983,5745,1889,1811,9922,9364,10954,10234,13465,13837,17369,17720,20608,20496,16273,16969,9062,11016,2902,5591,158932,150004,20587,19994,27889,27131,12338,16,15
2021-11-13T23:59:59+01:00,2332,2272,10899,10131,11804,11099,14313,14656,18223,18487,21241,21149,16588,17293,9233,11246,2983,5745,1889,1811,9915,9361,10953,10232,13464,13836,17368,17716,20606,20494,16271,16967,9062,11015,2902,5591,158892,149983,20581,19992,27889,27131,12332,16,15
2021-11-12T23:59:59+01:00,2322,2270,10876,10106,11794,11083,14295,14651,18214,18478,21238,21143,16583,17292,9233,11246,2982,5745,1886,1810,9909,9358,10946,10225,13460,13833,17366,17712,20602,20490,16270,16967,9062,11014,2902,5591,158753,149940,20580,19989,27889,27131,12328,16,15
2021-11-11T23:59:59+01:00,2310,2254,10826,10070,11761,11052,14259,14621,18188,18459,21227,21127,16581,17291,9232,11240,2981,5745,1883,1802,9885,9338,10929,10215,13442,13825,17360,17700,20590,20480,16270,16965,9062,11013,2902,5591,158450,149820,20562,19964,27889,27131,12322,16,15
2021-11-10T23:59:59+01:00,2292,2241,10788,10034,11723,11020,14226,14589,18159,18439,21218,21116,16577,17287,9230,11234,2980,5744,1873,1788,9864,9322,10914,10194,13423,13811,17345,17685,20583,20474,16269,16960,9060,11010,2902,5590,158141,149679,20552,19931,27889,27128,12314,16,15
2021-11-09T23:59:59+01:00,2264,2210,10765,10014,11704,10989,14212,14573,18141,18424,21208,21104,16567,17278,9228,11230,2980,5740,1867,1783,9849,9309,10902,10179,13415,13800,17338,17673,20573,20464,16263,16951,9058,11008,2900,5588,157897,149579,20532,19886,27889,27128,12312,16,15
2021-11-08T23:59:59+01:00,2242,2180,10725,9966,11665,10951,14187,14551,18115,18411,21191,21090,16563,17272,9225,11226,2980,5737,1860,1778,9823,9290,10887,10158,13405,13788,17331,17659,20560,20453,16258,16942,9055,11004,2898,5587,157556,149443,20525,19845,27889,27127,12306,16,15
2021-11-07T23:59:59+01:00,2214,2160,10692,9952,11643,10932,14166,14540,18098,18399,21185,21082,16560,17270,9223,11222,2980,5735,1858,1772,9809,9284,10876,10148,13394,13777,17319,17643,20548,20446,16252,16936,9054,11000,2898,5587,157353,149379,20513,19784,27889,27126,12297,16,15
2021-11-06T23:59:59+01:00,2179,2128,10629,9898,11587,10862,14104,14490,18050,18366,21164,21057,16553,17261,9220,11219,2979,5734,1856,1770,9801,9278,10871,10144,13387,13772,17314,17637,20543,20444,16251,16933,9052,11000,2898,5586,156785,149319,20512,19784,27889,27126,12293,16,15
2021-11-05T23:59:59+01:00,2140,2088,10567,9844,11524,10812,14050,14432,17995,18312,21132,21030,16546,17249,9217,11215,2978,5734,1847,1756,9783,9264,10861,10132,13371,13761,17300,17623,20533,20434,16245,16925,9050,10996,2898,5586,156175,149153,20512,19783,27889,27126,12288,16,15
2021-11-04T23:59:59+01:00,2109,2050,10542,9827,11508,10799,14032,14416,17987,18302,21125,21022,16543,17245,9214,11212,2977,5731,1834,1741,9768,9240,10844,10110,13352,13742,17289,17605,20519,20417,16241,16919,9045,10988,2893,5579,155971,148926,20499,19778,27889,27126,12281,16,15
2021-11-03T23:59:59+01:00,2082,2025,10499,9793,11469,10760,13994,14394,17961,18276,21105,21002,16536,17240,9211,11210,2975,5728,1824,1730,9746,9225,10829,10096,13334,13721,17279,17591,20508,20408,16235,16912,9041,10986,2890,5573,155605,148735,20491,19778,27889,27126,12274,16,15
2021-11-02T23:59:59+01:00,2063,2012,10485,9780,11454,10742,13980,14382,17947,18266,21094,20991,16536,17237,9211,11205,2975,5726,1813,1716,9724,9205,10814,10078,13322,13706,17270,17580,20501,20401,16228,16905,9038,10983,2887,5569,155437,148555,20491,19776,27889,27126,12268,16,15
2021-11-01T23:59:59+01:00,2054,2000,10474,9759,11431,10728,13961,14375,17935,18257,21088,20987,16533,17236,9211,11205,2975,5725,1798,1697,9704,9184,10794,10062,13306,13688,17261,17574,20492,20392,16223,16899,9035,10981,2887,5566,155296,148372,20486,19768,27889,27126,12262,16,15
2021-10-31T23:59:59+01:00,2054,2000,10473,9758,11430,10727,13960,14374,17935,18257,21087,20987,16533,17235,9211,11204,2975,5725,1795,1695,9703,9184,10794,10061,13306,13688,17260,17573,20491,20392,16221,16897,9034,10980,2887,5566,155287,148356,20486,19768,27889,27126,12262,16,15
2021-10-30T23:59:59+02:00,2047,1991,10428,9737,11378,10693,13916,14336,17876,18223,21054,20965,16529,17230,9211,11202,2974,5724,1795,1695,9701,9181,10790,10058,13304,13687,17258,17569,20485,20388,16221,16896,9034,10980,2887,5566,154876,148324,20486,19768,27889,27126,12262,16,15
2021-10-29T23:59:59+02:00,2033,1972,10390,9716,11336,10656,13882,14295,17839,18190,21032,20946,16522,17224,9209,11201,2973,5723,1792,1695,9693,9177,10786,10052,13294,13679,17247,17564,20477,20381,16218,16895,9034,10978,2887,5565,154506,148250,20486,19766,27889,27126,12257,16,15
2021-10-28T23:59:59+02:00,2025,1964,10374,9705,11318,10646,13865,14288,17829,18178,21022,20943,16520,17223,9206,11198,2973,5721,1786,1694,9672,9164,10774,10040,13283,13671,17239,17558,20473,20376,16216,16893,9034,10975,2887,5564,154384,148152,20483,19764,27888,27126,12242,16,15
2021-10-27T23:59:59+02:00,2014,1954,10361,9697,11303,10638,13848,14277,17818,18171,21016,20939,16520,17217,9205,11194,2971,5717,1763,1665,9639,9125,10758,10004,13264,13641,17219,17542,20459,20366,16204,16890,9034,10974,2884,5562,154260,147857,20474,19758,27888,27126,12237,16,15
2021-10-26T23:59:59+02:00,2003,1938,10342,9680,11285,10628,13830,14262,17810,18158,21009,20933,16519,17216,9200,11188,2971,5715,1727,1629,9574,9060,10730,9966,13240,13607,17195,17512,20446,20354,16197,16879,9030,10968,2883,5560,154097,147433,20474,19757,27888,27125,12227,16,15
2021-10-25T23:59:59+02:00,2001,1935,10326,9673,11276,10622,13828,14257,17805,18155,21007,20930,16517,17215,9199,11187,2971,5715,1724,1623,9569,9057,10726,9964,13235,13606,17190,17509,20443,20354,16195,16878,9030,10965,2883,5558,154036,147390,20473,19757,27887,27125,12222,16,15
2021-10-24T23:59:59+02:00,1995,1931,10315,9667,11263,10617,13823,14253,17802,18153,21002,20926,16516,17215,9199,11184,2970,5714,1714,1617,9552,9044,10718,9955,13230,13599,17188,17506,20437,20354,16194,16876,9030,10964,2881,5558,153970,147304,20471,19757,27887,27125,12216,16,15
2021-10-23T23:59:59+02:00,1992,1928,10277,9639,11227,10592,13793,14224,17773,18131,20981,20911,16510,17206,9196,11179,2970,5712,1714,1616,9551,9043,10718,9952,13227,13596,17187,17506,20437,20354,16194,16875,9030,10963,2881,5558,153668,147291,20471,19757,27887,27125,12214,16,15
2021-10-22T23:59:59+02:00,1980,1915,10246,9618,11213,10561,13755,14207,17753,18112,20957,20894,16504,17206,9195,11177,2970,5712,1706,1607,9533,9033,10711,9941,13218,13584,17184,17498,20432,20351,16191,16870,9029,10962,2880,5555,153413,147184,20469,19757,27887,27124,12205,16,15
2021-10-21T23:59:59+02:00,1975,1912,10240,9612,11196,10550,13742,14204,17744,18107,20954,20893,16503,17205,9193,11177,2970,5711,1700,1598,9522,9026,10706,9930,13214,13571,17176,17491,20428,20344,16189,16869,9028,10960,2880,5555,153333,147094,20465,19752,27887,27124,12202,16,15
2021-10-20T23:59:59+02:00,1966,1903,10220,9602,11185,10531,13732,14196,17739,18097,20946,20889,16500,17201,9191,11174,2970,5711,1682,1579,9498,8991,10692,9909,13196,13551,17156,17474,20414,20331,16187,16863,9026,10957,2878,5555,153205,146853,20463,19750,27887,27124,12197,16,15
2021-10-19T23:59:59+02:00,1962,1897,10208,9595,11176,10521,13725,14191,17733,18093,20939,20885,16499,17199,9191,11174,2969,5710,1660,1559,9454,8947,10659,9878,13171,13525,17129,17451,20403,20320,16178,16850,9021,10954,2878,5554,153130,146515,20461,19749,27887,27124,12188,16,15
2021-10-18T23:59:59+02:00,1956,1880,10180,9577,11161,10505,13717,14178,17719,18086,20929,20877,16495,17194,9188,11168,2969,5707,1634,1539,9424,8908,10634,9852,13148,13496,17107,17435,20386,20306,16169,16842,9013,10944,2877,5551,152951,146192,20460,19747,27887,27124,12187,16,15
2021-10-17T23:59:59+02:00,1956,1879,10175,9576,11158,10501,13714,14176,17717,18082,20926,20876,16492,17194,9188,11168,2967,5705,1634,1536,9422,8904,10627,9850,13146,13495,17102,17430,20384,20305,16168,16841,9013,10943,2877,5551,152918,146159,20459,19745,27887,27124,12185,16,15
2021-10-16T23:59:59+02:00,1952,1875,10165,9570,11153,10501,13708,14165,17714,18080,20921,20874,16490,17190,9186,11167,2967,5704,1634,1536,9422,8903,10626,9850,13145,13494,17102,17428,20383,20305,16168,16841,9013,10943,2877,5551,152851,146153,20459,19745,27887,27124,12184,16,15
2021-10-15T23:59:59+02:00,1949,1871,10158,9557,11146,10495,13700,14153,17705,18069,20916,20862,16489,17189,9185,11166,2967,5703,1630,1529,9406,8889,10616,9843,13136,13487,17098,17423,20377,20300,16166,16841,9013,10943,2876,5551,152752,146060,20459,19744,27887,27124,12181,16,15
2021-10-14T23:59:59+02:00,1944,1863,10146,9546,11137,10480,13684,14145,17699,18059,20905,20851,16486,17186,9185,11163,2966,5701,1623,1526,9396,8876,10607,9832,13127,13479,17093,17418,20367,20292,16160,16835,9010,10942,2876,5551,152660,145966,20428,19735,27887,27124,12170,16,15
2021-10-13T23:59:59+02:00,1940,1852,10131,9527,11123,10473,13670,14135,17684,18048,20898,20843,16483,17178,9182,11157,2963,5699,1614,1519,9385,8857,10593,9819,13114,13466,17081,17407,20362,20282,16158,16829,9005,10933,2875,5548,152539,145887,20391,19654,27887,27123,12168,16,15
2021-10-12T23:59:59+02:00,1930,1843,10116,9514,11113,10456,13665,14130,17682,18042,20892,20840,16481,17175,9180,11156,2963,5699,1602,1509,9357,8834,10584,9804,13101,13450,17068,17397,20352,20274,16149,16820,9000,10925,2874,5540,152499,145763,20323,19572,27887,27123,12167,16,15
2021-10-11T23:59:59+02:00,1921,1834,10097,9498,11095,10447,13651,14121,17671,18026,20884,20830,16475,17173,9177,11152,2962,5697,1574,1482,9325,8794,10563,9773,13078,13421,17053,17382,20340,20265,16140,16816,8997,10921,2873,5536,152399,145614,20264,19421,27887,27123,12160,16,15
2021-10-10T23:59:59+02:00,1920,1829,10087,9491,11090,10440,13641,14114,17663,18018,20874,20824,16475,17173,9174,11148,2961,5697,1572,1481,9318,8790,10555,9769,13072,13416,17048,17379,20335,20265,16139,16816,8995,10918,2873,5534,152374,145570,20201,19411,27887,27123,12156,16,15
2021-10-09T23:59:59+02:00,1920,1829,10087,9491,11089,10440,13641,14114,17662,18018,20874,20824,16475,17173,9174,11148,2961,5697,1571,1481,9315,8786,10555,9767,13071,13415,17046,17379,20334,20264,16139,16816,8995,10918,2873,5534,152373,145557,20200,19408,27887,27123,12156,16,15
2021-10-08T23:59:59+02:00,1911,1820,10072,9483,11080,10434,13631,14103,17652,18010,20864,20819,16468,17167,9173,11145,2960,5696,1565,1474,9309,8777,10549,9761,13065,13408,17044,17376,20333,20263,16137,16815,8995,10917,2873,5534,152246,145501,20200,19402,27887,27123,12154,16,15
2021-10-07T23:59:59+02:00,1899,1806,10042,9450,11052,10406,13602,14085,17644,17997,20846,20806,16462,17162,9170,11141,2959,5694,1559,1466,9297,8758,10540,9745,13059,13397,17039,17367,20325,20258,16133,16811,8991,10914,2873,5533,152003,145390,20195,19400,27887,27123,12137,16,15
2021-10-06T23:59:59+02:00,1881,1782,10016,9430,11036,10391,13586,14065,17636,17985,20834,20797,16458,17157,9167,11139,2959,5693,1518,1410,9255,8695,10517,9708,13025,13359,17012,17340,20305,20239,16122,16802,8986,10910,2873,5529,151800,144939,20192,19399,27887,27123,12129,16,15
2021-10-05T23:59:59+02:00,1871,1770,10003,9408,11025,10374,13572,14049,17627,17976,20824,20792,16454,17151,9166,11139,2958,5693,1500,1387,9235,8670,10502,9687,13015,13347,17004,17324,20293,20230,16116,16798,8983,10904,2869,5525,151661,144744,20192,19399,27887,27123,12108,16,15
2021-10-04T23:59:59+02:00,1859,1760,9977,9394,11012,10358,13557,14036,17616,17962,20810,20779,16453,17146,9164,11137,2957,5693,1484,1373,9213,8649,10480,9664,13010,13336,16995,17304,20282,20210,16113,16793,8981,10902,2868,5525,151508,144562,20187,19399,27887,27122,12084,16,15
2021-10-03T23:59:59+02:00,1853,1755,9970,9388,11001,10347,13552,14029,17609,17957,20802,20775,16450,17141,9162,11136,2957,5693,1481,1368,9205,8640,10467,9657,13006,13331,16991,17297,20273,20205,16110,16791,8981,10900,2868,5525,151446,144507,20187,19399,27887,27122,12053,16,15
2021-10-02T23:59:59+02:00,1853,1755,9969,9385,10999,10346,13549,14029,17609,17957,20800,20773,16449,17140,9162,11136,2957,5693,1481,1368,9204,8638,10464,9653,13004,13329,16991,17297,20272,20203,16109,16789,8981,10900,2868,5525,151440,144499,20187,19397,27887,27122,12043,16,15
2021-10-01T23:59:59+02:00,1850,1751,9954,9370,10991,10331,13540,14021,17600,17950,20794,20769,16446,17136,9160,11135,2955,5691,1471,1354,9187,8620,10450,9642,13002,13318,16980,17290,20263,20196,16108,16789,8980,10895,2867,5523,151342,144375,20186,19397,27886,27122,12026,16,15
2021-09-30T23:59:59+02:00,1847,1747,9938,9362,10979,10321,13530,14004,17592,17937,20785,20762,16446,17135,9158,11133,2954,5690,1462,1350,9164,8612,10438,9632,12995,13306,16970,17286,20257,20192,16106,16789,8977,10895,2867,5523,151265,144309,20184,19394,27886,27122,11981,16,15
2021-09-29T23:59:59+02:00,1834,1713,9909,9326,10955,10295,13515,13984,17577,17925,20766,20751,16438,17127,9156,11130,2953,5687,1458,1336,9154,8597,10424,9617,12992,13292,16965,17273,20247,20184,16100,16780,8973,10892,2866,5522,151004,144179,20184,19393,27886,27122,11963,16,15
2021-09-28T23:59:59+02:00,1807,1688,9856,9272,10933,10259,13483,13957,17549,17895,20749,20731,16429,17114,9152,11120,2952,5684,1437,1320,9135,8569,10410,9595,12975,13279,16955,17261,20234,20172,16091,16771,8966,10885,2866,5521,150620,143976,20184,19392,27885,27122,11937,16,15
2021-09-27T23:59:59+02:00,1790,1675,9830,9254,10907,10237,13463,13930,17531,17875,20740,20724,16423,17109,9148,11117,2952,5683,1423,1308,9116,8547,10388,9575,12954,13253,16940,17244,20223,20163,16087,16768,8964,10882,2866,5520,150452,143827,20175,19387,27885,27120,11872,16,15
2021-09-26T23:59:59+02:00,1783,1669,9819,9244,10890,10224,13453,13923,17524,17869,20730,20723,16421,17105,9148,11116,2951,5683,1421,1307,9110,8539,10379,9571,12945,13247,16936,17239,20216,20161,16085,16766,8964,10882,2866,5520,150369,143791,20174,19386,27885,27119,11843,16,15
2021-09-25T23:59:59+02:00,1783,1668,9816,9243,10889,10224,13451,13922,17524,17869,20730,20723,16421,17104,9148,11116,2951,5683,1421,1307,9110,8536,10377,9571,12944,13245,16936,17239,20216,20161,16085,16765,8964,10882,2866,5520,150364,143787,20174,19386,27885,27119,11838,16,15
2021-09-24T23:59:59+02:00,1775,1652,9799,9231,10886,10214,13447,13911,17521,17865,20727,20719,16418,17103,9148,11116,2950,5683,1411,1301,9093,8523,10371,9560,12940,13241,16930,17233,20215,20157,16083,16763,8963,10882,2866,5520,150276,143704,20172,19386,27885,27119,11828,16,15
2021-09-23T23:59:59+02:00,1772,1650,9737,9188,10784,10149,13349,13837,17436,17799,20674,20672,16394,17085,9141,11105,2950,5680,1410,1298,9036,8485,10270,9500,12851,13180,16849,17171,20164,20113,16060,16742,8955,10870,2866,5517,150198,143676,20170,19383,27885,27119,11144,16,15
2021-09-22T23:59:59+02:00,1750,1633,9708,9155,10769,10120,13323,13806,17408,17776,20659,20650,16390,17077,9139,11098,2947,5679,1404,1281,9011,8470,10249,9483,12836,13165,16830,17161,20153,20108,16054,16740,8952,10864,2864,5514,149912,143506,20166,19380,27885,27119,11119,16,15
2021-09-21T23:59:59+02:00,1719,1603,9651,9089,10733,10085,13295,13764,17378,17753,20644,20639,16378,17063,9135,11096,2945,5673,1388,1250,8976,8436,10233,9465,12814,13138,16804,17131,20142,20097,16044,16733,8947,10861,2864,5512,149488,143221,20164,19378,27884,27119,11102,16,15
2021-09-20T23:59:59+02:00,1687,1579,9596,9037,10686,10034,13259,13723,17357,17734,20620,20621,16368,17056,9126,11084,2944,5669,1371,1223,8941,8409,10214,9442,12786,13115,16782,17113,20122,20077,16035,16724,8940,10853,2862,5510,149087,142967,20162,19377,27884,27118,11042,16,15
2021-09-19T23:59:59+02:00,1686,1578,9592,9029,10678,10029,13251,13721,17349,17728,20613,20617,16366,17053,9125,11082,2941,5666,1367,1222,8935,8403,10209,9440,12782,13113,16779,17111,20119,20073,16034,16724,8940,10853,2862,5509,149033,142945,20159,19375,27884,27117,11023,16,15
2021-09-18T23:59:59+02:00,1686,1578,9592,9028,10676,10025,13248,13717,17346,17728,20612,20617,16366,17053,9125,11082,2941,5666,1365,1222,8933,8400,10207,9438,12781,13110,16775,17110,20118,20073,16034,16724,8940,10853,2862,5509,149027,142936,20159,19375,27884,27117,11011,16,15
2021-09-17T23:59:59+02:00,1680,1568,9575,9005,10663,10009,13232,13703,17335,17717,20607,20606,16364,17051,9124,11080,2940,5665,1363,1220,8926,8394,10200,9432,12772,13104,16771,17105,20115,20064,16034,16722,8939,10852,2862,5509,148912,142912,20157,19375,27884,27116,10966,16,15
2021-09-16T23:59:59+02:00,1676,1567,9558,8989,10647,9992,13221,13691,17323,17709,20595,20595,16363,17047,9121,11077,2940,5663,1360,1220,8920,8388,10192,9425,12764,13098,16763,17100,20105,20059,16034,16721,8939,10849,2862,5507,148808,142883,20154,19372,27884,27113,10923,16,15
2021-09-15T23:59:59+02:00,1663,1552,9531,8962,10623,9972,13192,13663,17304,17685,20578,20577,16357,17040,9112,11069,2940,5659,1336,1186,8873,8348,10162,9384,12730,13058,16738,17080,20076,20039,16027,16709,8934,10846,2862,5505,148641,142546,20086,19359,27884,27110,10863,16,15
2021-09-14T23:59:59+02:00,1651,1542,9498,8932,10606,9952,13173,13640,17281,17667,20563,20563,16340,17027,9102,11058,2936,5647,1314,1174,8840,8316,10145,9367,12720,13035,16722,17061,20059,20019,16023,16702,8931,10839,2861,5501,148439,142305,20009,19358,27884,27110,10841,16,15
2021-09-13T23:59:59+02:00,1617,1506,9455,8877,10580,9918,13150,13597,17260,17648,20541,20550,16334,17021,9099,11052,2934,5641,1291,1159,8805,8288,10129,9344,12699,13003,16709,17044,20043,20003,16017,16688,8925,10837,2860,5497,148220,142050,19854,19350,27884,27109,10817,16,15
2021-09-12T23:59:59+02:00,1615,1503,9443,8870,10568,9912,13143,13587,17255,17644,20538,20545,16333,17018,9097,11051,2934,5638,1274,1143,8781,8267,10108,9333,12682,12989,16698,17037,20035,19994,16014,16684,8924,10831,2860,5496,148171,141892,19848,19349,27884,27108,10786,16,15
2021-09-11T23:59:59+02:00,1615,1503,9441,8865,10563,9908,13140,13585,17254,17641,20535,20543,16333,17016,9096,11051,2934,5638,1274,1143,8772,8264,10106,9332,12677,12988,16697,17034,20033,19993,16014,16683,8923,10831,2860,5496,148160,141886,19844,19344,27884,27108,10768,16,14
2021-09-10T23:59:59+02:00,1614,1502,9437,8861,10554,9901,13128,13580,17249,17634,20533,20539,16332,17015,9096,11051,2934,5638,1273,1142,8768,8261,10099,9324,12666,12982,16691,17029,20030,19989,16014,16682,8923,10830,2860,5496,148131,141864,19843,19338,27884,27108,10735,16,14
2021-09-09T23:59:59+02:00,1611,1497,9421,8855,10543,9888,13114,13563,17233,17625,20518,20527,16329,17014,9094,11047,2933,5635,1270,1138,8758,8255,10092,9314,12661,12968,16673,17022,20018,19979,16012,16680,8921,10823,2859,5494,148048,141810,19841,19338,27884,27107,10668,16,14
2021-09-08T23:59:59+02:00,1573,1449,9378,8796,10512,9849,13087,13526,17199,17599,20499,20507,16313,17000,9090,11041,2933,5633,1268,1131,8734,8239,10073,9298,12641,12951,16657,17013,20002,19972,16005,16674,8920,10819,2859,5494,147637,141679,19840,19333,27884,27107,10617,16,14
2021-09-07T23:59:59+02:00,1555,1424,9358,8774,10493,9830,13077,13516,17190,17587,20493,20502,16309,16997,9089,11036,2932,5631,1268,1129,8726,8232,10065,9296,12633,12949,16653,17004,19998,19969,16005,16672,8920,10816,2859,5494,147462,141637,19838,19331,27884,27103,10603,16,14
2021-09-06T23:59:59+02:00,1542,1412,9334,8750,10472,9809,13067,13502,17179,17573,20484,20486,16307,16994,9087,11036,2931,5631,1265,1129,8720,8222,10057,9289,12628,12941,16647,16999,19993,19962,16003,16672,8917,10813,2859,5493,147286,141580,19837,19328,27882,27102,10585,16,14
2021-09-05T23:59:59+02:00,1539,1409,9326,8740,10463,9804,13062,13496,17176,17566,20478,20483,16303,16991,9087,11035,2931,5631,1262,1121,8712,8216,10050,9279,12622,12935,16641,16993,19985,19960,16001,16670,8917,10812,2859,5493,147234,141526,19837,19328,27882,27099,10561,16,14
2021-09-04T23:59:59+02:00,1538,1409,9325,8738,10462,9804,13061,13495,17176,17566,20476,20481,16303,16991,9087,11035,2931,5631,1261,1121,8712,8216,10049,9277,12621,12935,16640,16992,19984,19960,16001,16670,8917,10812,2859,5493,147228,141520,19834,19328,27882,27099,10559,16,14
2021-09-03T23:59:59+02:00,1528,1395,9304,8720,10449,9793,13056,13485,17161,17554,20464,20471,16299,16985,9086,11030,2931,5628,1261,1120,8696,8204,10037,9269,12614,12928,16624,16982,19981,19952,15997,16663,8916,10808,2859,5490,147126,141468,19830,19326,27882,27099,10494,16,14
2021-09-02T23:59:59+02:00,1517,1386,9251,8689,10389,9742,12981,13427,17111,17517,20405,20427,16267,16958,9076,11019,2930,5623,1253,1115,8652,8179,9979,9225,12545,12878,16580,16949,19921,19911,15965,16640,8909,10800,2859,5485,146997,141411,19829,19322,27881,27097,10001,16,14
2021-09-01T23:59:59+02:00,1513,1369,9231,8675,10367,9730,12968,13414,17099,17503,20395,20422,16263,16952,9069,11015,2930,5622,1242,1107,8635,8159,9963,9208,12534,12867,16567,16938,19905,19900,15961,16635,8906,10794,2859,5484,146886,141278,19807,19320,27881,27096,9956,16,14
2021-08-31T23:59:59+02:00,1497,1351,9217,8649,10356,9718,12957,13407,17094,17491,20388,20414,16258,16948,9067,11010,2930,5622,1229,1093,8619,8141,9957,9196,12519,12856,16556,16933,19902,19893,15957,16633,8905,10791,2859,5484,146732,141151,19806,19317,27881,27093,9948,16,14
2021-08-30T23:59:59+02:00,1476,1334,9199,8627,10342,9702,12946,13392,17081,17471,20376,20405,16254,16945,9065,11008,2930,5621,1221,1082,8593,8127,9943,9184,12508,12837,16543,16916,19894,19886,15952,16627,8903,10786,2857,5482,146568,141016,19806,19313,27878,27084,9914,16,14
2021-08-29T23:59:59+02:00,1475,1333,9197,8621,10335,9693,12944,13387,17072,17466,20372,20400,16251,16940,9065,11008,2930,5620,1220,1079,8590,8121,9934,9172,12503,12831,16535,16911,19890,19883,15949,16620,8902,10786,2857,5481,146551,140994,19806,19312,27878,27078,9866,16,14
2021-08-28T23:59:59+02:00,1474,1333,9194,8617,10335,9692,12943,13386,17072,17465,20371,20399,16251,16940,9065,11008,2930,5620,1219,1077,8586,8121,9933,9172,12502,12830,16535,16910,19889,19882,15949,16620,8902,10786,2857,5481,146543,140989,19806,19310,27878,27078,9860,16,14
2021-08-27T23:59:59+02:00,1464,1322,9181,8610,10330,9685,12940,13384,17069,17459,20366,20394,16250,16938,9064,11008,2930,5620,1214,1071,8576,8114,9930,9167,12497,12827,16533,16903,19888,19881,15948,16619,8901,10785,2857,5481,146469,140943,19805,19308,27878,27073,9854,16,14
2021-08-26T23:59:59+02:00,1461,1321,9174,8606,10323,9679,12932,13383,17066,17457,20364,20389,16247,16935,9061,11003,2929,5620,1211,1069,8567,8103,9922,9161,12489,12824,16528,16901,19886,19876,15945,16615,8898,10782,2856,5481,146448,140912,19803,19308,27878,27067,9813,16,14
2021-08-25T23:59:59+02:00,1447,1296,9067,8550,10236,9607,12843,13310,16947,17374,20269,20333,16200,16898,9046,10982,2924,5609,1199,1061,8474,8049,9838,9099,12398,12759,16423,16828,19799,19822,15901,16577,8884,10762,2851,5468,146209,140765,19802,19307,27878,27065,9041,16,14
2021-08-24T23:59:59+02:00,1428,1271,9036,8520,10222,9587,12814,13281,16916,17338,20255,20317,16185,16888,9041,10976,2924,5606,1194,1052,8451,8036,9821,9087,12382,12748,16412,16813,19792,19812,15895,16573,8884,10760,2851,5467,145920,140647,19800,19305,27878,27065,8999,16,14
2021-08-23T23:59:59+02:00,1410,1246,8994,8483,10208,9568,12782,13261,16897,17320,20239,20292,16172,16876,9030,10969,2923,5600,1193,1046,8426,8020,9795,9068,12368,12742,16400,16804,19781,19796,15889,16565,8879,10755,2850,5464,145654,140549,19800,19303,27878,27045,8930,16,14
2021-08-22T23:59:59+02:00,1410,1246,8984,8478,10201,9561,12781,13257,16893,17314,20236,20289,16169,16872,9026,10969,2923,5599,1192,1045,8410,8014,9788,9057,12364,12737,16397,16797,19779,19792,15886,16560,8875,10753,2850,5463,145640,140520,19800,19301,27878,27042,8882,16,14
2021-08-21T23:59:59+02:00,1410,1245,8979,8478,10200,9559,12778,13256,16892,17314,20235,20288,16169,16872,9026,10969,2923,5599,1190,1043,8288,7933,9687,8963,12276,12627,16305,16727,19723,19749,15866,16545,8872,10742,2849,5461,145634,140515,19797,18401,27878,27041,8875,16,14
2021-08-20T23:59:59+02:00,1409,1243,8971,8476,10192,9551,12771,13246,16889,17312,20228,20283,16166,16872,9026,10967,2922,5598,1041,903,7931,7608,9535,8804,12132,12486,16182,16618,19616,19653,15827,16496,8860,10718,2847,5460,145599,138422,19797,18401,27878,27040,8840,16,14
2021-08-19T23:59:59+02:00,1404,1241,8960,8470,10185,9542,12762,13240,16884,17310,20223,20281,16165,16870,9026,10966,2922,5597,921,789,7670,7339,9406,8698,11988,12367,16088,16513,19519,19566,15785,16449,8849,10699,2846,5452,145557,136694,19794,18393,27877,27031,8812,16,14
2021-08-18T23:59:59+02:00,1380,1209,8914,8434,10158,9511,12734,13204,16854,17287,20197,20252,16152,16856,9020,10960,2918,5592,920,788,7657,7329,9394,8690,11974,12350,16074,16504,19511,19557,15779,16442,8845,10695,2843,5449,145250,136647,19781,18392,27874,27030,8718,16,14
2021-08-17T23:59:59+02:00,1355,1196,8878,8402,10143,9490,12718,13179,16839,17266,20174,20230,16144,16846,9017,10953,2916,5587,915,786,7644,7314,9377,8682,11963,12341,16067,16494,19500,19551,15772,16436,8844,10693,2842,5447,145005,136577,19778,18387,27873,27024,8668,16,12
2021-08-16T23:59:59+02:00,1332,1178,8840,8376,10124,9471,12694,13154,16829,17249,20154,20215,16139,16834,9013,10952,2915,5587,914,786,7635,7302,9361,8679,11953,12335,16064,16489,19491,19544,15769,16433,8844,10693,2842,5447,144771,136536,19776,18383,27873,27023,8627,16,12
2021-08-15T23:59:59+02:00,1314,1161,8821,8357,10111,9457,12678,13141,16817,17240,20140,20202,16133,16828,9013,10947,2915,5587,912,785,7623,7292,9344,8663,11939,12324,16056,16481,19485,19539,15760,16429,8843,10690,2842,5447,144624,136478,19775,18378,27871,27003,8583,16,12
2021-08-14T23:59:59+02:00,1313,1161,8821,8357,10110,9457,12677,13139,16817,17239,20139,20200,16133,16828,9013,10947,2915,5587,793,668,7306,7000,9199,8496,11766,12159,15938,16351,19391,19451,15734,16405,8834,10677,2842,5443,144618,134491,19775,18376,27871,26994,8580,16,12
2021-08-13T23:59:59+02:00,1308,1159,8809,8349,10100,9449,12664,13128,16801,17230,20131,20192,16130,16823,9011,10946,2914,5587,632,523,6920,6640,9030,8336,11558,11942,15718,16171,19250,19328,15700,16366,8822,10663,2840,5439,144589,132012,19775,18376,27871,26991,8487,16,12
2021-08-12T23:59:59+02:00,1307,1159,8808,8346,10093,9443,12661,13128,16795,17221,20127,20187,16129,16819,9009,10944,2914,5587,628,521,6913,6633,9016,8328,11546,11940,15707,16164,19246,19322,15698,16361,8820,10662,2840,5439,144572,131976,19774,18373,27871,26973,8450,16,12
2021-08-11T23:59:59+02:00,1304,1155,8804,8339,10084,9436,12654,13124,16789,17217,20121,20185,16127,16816,9008,10944,2914,5586,624,520,6906,6622,8998,8317,11535,11936,15703,16157,19238,19316,15694,16358,8819,10662,2840,5437,144523,131911,19770,18367,27871,26959,8433,16,12
2021-08-10T23:59:59+02:00,1303,1155,8802,8337,10080,9430,12651,13119,16787,17215,20120,20180,16125,16814,9008,10943,2914,5586,607,512,6861,6576,8964,8301,11516,11916,15677,16145,19231,19306,15692,16356,8819,10660,2840,5437,144494,131665,19770,18363,27871,26952,8424,16,12
2021-08-09T23:59:59+02:00,1303,1153,8796,8334,10076,9421,12649,13116,16780,17213,20114,20180,16123,16814,9007,10943,2914,5586,601,507,6841,6553,8943,8281,11503,11905,15661,16133,19225,19301,15689,16355,8817,10659,2840,5437,144466,131529,19770,18359,27869,26943,8408,15,12
2021-08-08T23:59:59+02:00,1303,1152,8793,8328,10074,9417,12640,13113,16775,17209,20112,20177,16121,16810,9006,10942,2913,5585,600,505,6838,6542,8929,8274,11486,11897,15654,16124,19223,19296,15686,16351,8816,10658,2839,5436,144454,131482,19769,18352,27869,26939,8369,15,12
2021-08-07T23:59:59+02:00,1303,1144,8785,8321,10065,9410,12637,13107,16768,17205,20105,20172,16117,16805,9004,10941,2912,5585,423,358,6186,5972,8658,8051,11215,11666,15455,15949,19137,19220,15666,16327,8809,10651,2836,5435,144408,128393,19768,18339,27869,26938,8332,15,12
2021-08-06T23:59:59+02:00,1297,1143,8776,8309,10051,9398,12617,13088,16750,17193,20088,20160,16110,16797,9004,10938,2912,5584,420,357,6173,5958,8642,8036,11191,11644,15433,15932,19120,19208,15659,16320,8809,10648,2836,5434,144370,128338,19765,18332,27869,26936,8202,15,12
2021-08-05T23:59:59+02:00,1294,1141,8768,8302,10042,9389,12604,13080,16744,17190,20080,20156,16109,16797,9004,10937,2912,5584,418,352,5889,5722,8292,7739,10827,11368,15108,15694,18871,19040,15639,16295,8799,10641,2835,5433,144322,128241,19761,15630,27865,26903,8176,15,12
2021-08-04T23:59:59+02:00,1293,1138,8762,8298,10037,9387,12598,13076,16739,17188,20078,20153,16109,16797,9003,10936,2912,5583,416,350,5875,5714,8263,7729,10806,11356,15091,15688,18866,19035,15638,16292,8798,10641,2835,5433,144290,128141,19760,15622,27864,26887,8164,15,12
2021-08-03T23:59:59+02:00,1286,1135,8758,8288,10032,9383,12593,13073,16734,17186,20073,20152,16107,16797,9002,10934,2912,5582,395,334,5763,5601,8168,7659,10689,11279,15042,15635,18837,19020,15634,16290,8797,10639,2833,5432,144247,127414,19758,15614,27864,26858,8149,15,12
2021-08-02T23:59:59+02:00,1280,1129,8745,8280,10025,9376,12588,13067,16728,17176,20066,20148,16105,16794,9000,10931,2911,5581,358,302,5593,5441,8040,7552,10564,11163,14970,15552,18805,18995,15626,16281,8791,10639,2833,5432,144165,126348,19752,15609,27863,26827,8141,15,12
2021-08-01T23:59:59+02:00,1278,1128,8738,8273,10018,9369,12582,13065,16723,17174,20061,20146,16105,16794,8999,10929,2911,5581,342,282,5533,5384,7990,7503,10502,11111,14933,15526,18792,18977,15623,16278,8789,10636,2833,5430,144121,125907,19750,15605,27862,26808,8132,15,12
2021-07-31T23:59:59+02:00,1278,1128,8737,8270,10018,9368,12579,13065,16722,17174,20060,20144,16105,16794,8999,10929,2911,5581,337,278,5507,5363,7974,7490,10483,11097,14920,15520,18787,18974,15622,16277,8789,10636,2833,5430,144119,125774,19749,15601,27862,26807,8123,15,12
2021-07-30T23:59:59+02:00,1146,1007,8509,8042,9925,9249,12499,12981,16642,17102,20000,20077,16073,16755,8993,10912,2910,5578,281,215,5214,5090,7836,7349,10295,10904,14784,15355,18719,18917,15598,16249,8776,10623,2829,5426,142665,123948,19747,15593,27862,26790,8117,15,12
2021-07-29T23:59:59+02:00,1139,999,8379,7953,9770,9152,12347,12880,16493,17007,19837,19967,15987,16686,8968,10893,2909,5571,234,182,4920,4858,7561,7158,10016,10703,14537,15180,18525,18797,15512,16174,8749,10602,2828,5416,142544,122846,19744,15552,27862,26764,6778,15,12
2021-07-28T23:59:59+02:00,1128,985,8350,7917,9756,9136,12325,12865,16475,16984,19819,19957,15980,16673,8961,10889,2909,5569,137,107,4498,4430,7244,6907,9696,10403,14301,14998,18468,18756,15497,16163,8744,10591,2828,5406,142302,120198,19742,15498,27860,26701,6765,15,12
2021-07-27T23:59:59+02:00,1118,977,8326,7903,9743,9129,12313,12856,16468,16978,19812,19944,15978,16667,8959,10886,2908,5567,111,91,4263,4183,7013,6708,9449,10124,14142,14837,18417,18691,15448,16117,8727,10575,2825,5399,142164,118178,19740,15495,27860,26676,6759,15,12
2021-07-26T23:59:59+02:00,1114,974,8313,7891,9736,9124,12307,12850,16461,16970,19805,19943,15975,16662,8957,10882,2907,5562,108,85,4156,4076,6910,6596,9322,10002,14058,14754,18370,18657,15437,16106,8717,10567,2822,5397,142085,117273,19737,15484,27849,26618,6753,15,12
2021-07-25T23:59:59+02:00,1113,973,8304,7888,9723,9120,12297,12847,16456,16963,19802,19942,15973,16662,8957,10882,2907,5562,106,83,4106,4026,6832,6547,9250,9946,14021,14722,18345,18643,15419,16093,8710,10561,2822,5395,142059,116832,19733,15467,27848,26595,6721,15,12
2021-07-24T23:59:59+02:00,1111,970,8218,7826,9650,9040,12230,12770,16388,16910,19761,19904,15952,16648,8954,10872,2907,5561,99,81,4062,3982,6771,6496,9171,9888,13955,14657,18313,18617,15408,16082,8702,10557,2822,5395,142039,116569,19076,15186,27848,26592,6699,15,12
2021-07-23T23:59:59+02:00,1085,945,8106,7736,9612,9005,12196,12741,16343,16876,19733,19885,15947,16641,8950,10868,2907,5561,85,67,3769,3700,6515,6291,8887,9602,13719,14478,18232,18556,15366,16039,8684,10538,2820,5389,141546,114320,19076,15162,27848,26586,6657,15,12
2021-07-22T23:59:59+02:00,992,858,7891,7506,9509,8916,12078,12645,16252,16792,19658,19800,15901,16601,8941,10853,2906,5555,67,50,3644,3573,6363,6197,8733,9473,13554,14335,18157,18488,15345,16013,8676,10528,2820,5388,140086,113169,19074,15089,27841,26491,6643,15,12
2021-07-21T23:59:59+02:00,972,844,7859,7466,9491,8905,12056,12622,16228,16776,19634,19779,15890,16594,8941,10848,2906,5555,54,37,3338,3309,6018,5938,8338,9090,13289,14100,18015,18363,15253,15932,8644,10498,2817,5376,139828,110364,19072,15018,27836,26395,6620,15,12
2021-07-20T23:59:59+02:00,972,843,7851,7461,9483,8902,12051,12620,16220,16775,19629,19774,15888,16591,8941,10847,2906,5555,50,30,3265,3257,5958,5882,8280,9032,13204,14056,17983,18348,15253,15932,8644,10496,2817,5376,139789,109977,19071,15003,27833,26263,6608,13,12
2021-07-19T23:59:59+02:00,971,843,7843,7459,9479,8894,12046,12618,16215,16769,19626,19774,15886,16588,8941,10845,2906,5554,48,29,3213,3222,5908,5842,8218,8987,13146,14029,17937,18335,15253,15929,8644,10494,2817,5375,139750,109696,19070,14986,27833,26136,6596,13,12
2021-07-18T23:59:59+02:00,970,842,7832,7451,9475,8890,12037,12613,16210,16763,19624,19772,15885,16586,8941,10845,2906,5554,47,29,3193,3204,5869,5809,8183,8957,13107,14014,17921,18330,15253,15928,8644,10494,2817,5374,139706,109506,19069,14952,27831,26121,6582,13,12
2021-07-17T23:59:59+02:00,855,723,7510,7161,9323,8720,11863,12451,16081,16624,19527,19677,15864,16565,8933,10832,2906,5551,32,22,3092,3097,5757,5717,8051,8796,12966,13886,17826,18252,15243,15910,8641,10487,2817,5374,137696,108324,19068,14947,27831,26117,6566,10,12
2021-07-16T23:59:59+02:00,698,572,7121,6834,9144,8563,11671,12240,15879,16449,19385,19552,15834,16529,8923,10818,2905,5549,25,19,3030,3036,5681,5654,7937,8688,12846,13749,17747,18177,15221,15894,8637,10485,2816,5374,135233,107422,19068,14942,27830,26110,6530,10,12
2021-07-15T23:59:59+02:00,696,572,7107,6825,9140,8560,11658,12236,15868,16442,19381,19546,15832,16526,8918,10816,2904,5540,24,19,2989,3000,5615,5611,7847,8638,12769,13708,17716,18149,15198,15877,8629,10478,2815,5365,135188,107183,19065,14788,27825,25981,6483,10,12
2021-07-14T23:59:59+02:00,693,571,7098,6816,9135,8558,11654,12231,15862,16439,19376,19541,15830,16523,8915,10813,2904,5536,24,19,2967,2987,5574,5579,7811,8617,12736,13692,17698,18138,15191,15874,8626,10474,2815,5361,135154,107030,19064,14754,27825,25941,6446,10,12
2021-07-13T23:59:59+02:00,688,569,7073,6799,9123,8541,11645,12216,15851,16420,19366,19535,15821,16519,8911,10803,2899,5528,22,18,2911,2936,5510,5513,7651,8479,12482,13473,17540,18009,15172,15863,8614,10461,2810,5350,135029,105809,19064,14701,27822,25906,6386,10,12
2021-07-12T23:59:59+02:00,682,561,7060,6784,9112,8530,11635,12206,15846,16407,19354,19531,15819,16515,8909,10803,2899,5525,21,16,2854,2882,5428,5438,7503,8364,12233,13260,17359,17862,15162,15858,8610,10454,2809,5350,134914,104568,19062,14648,27818,25857,6378,10,12
2021-07-11T23:59:59+02:00,681,560,7051,6782,9102,8522,11627,12198,15836,16404,19349,19526,15819,16512,8908,10801,2899,5525,20,15,2823,2847,5351,5365,7404,8277,12066,13103,17233,17729,15153,15847,8609,10451,2809,5350,134869,103677,19058,14599,27818,25813,6351,10,12
2021-07-10T23:59:59+02:00,507,402,6490,6232,8876,8336,11385,12006,15679,16271,19294,19477,15811,16502,8904,10796,2898,5524,18,11,2794,2813,5300,5319,7321,8197,11962,13003,17155,17661,15138,15831,8606,10440,2806,5348,132178,102980,19058,14597,27818,25804,6330,10,12
2021-07-09T23:59:59+02:00,496,395,6432,6204,8849,8299,11345,11978,15651,16258,19281,19461,15810,16499,8904,10793,2898,5524,16,11,2737,2746,5219,5250,7142,8020,11550,12704,16857,17452,15118,15803,8599,10435,2804,5346,132086,101953,18848,13735,27817,25789,6320,10,12
2021-07-08T23:59:59+02:00,490,393,6116,5946,8478,8011,10966,11672,15312,16011,19023,19288,15788,16475,8895,10786,2895,5523,15,10,2676,2695,5136,5173,7002,7929,11349,12562,16705,17328,15111,15795,8599,10433,2804,5345,131997,101087,15964,13565,27812,25714,6289,10,12
2021-07-07T23:59:59+02:00,488,389,6101,5934,8454,7996,10952,11655,15301,16001,19022,19283,15786,16471,8894,10784,2895,5521,15,10,2628,2643,5045,5112,6864,7835,11114,12380,16541,17194,15103,15788,8594,10427,2804,5345,131889,100064,15955,13438,27810,25665,6263,10,12
2021-07-06T23:59:59+02:00,461,369,6000,5842,8381,7930,10879,11586,15267,15961,18999,19267,15778,16461,8891,10782,2892,5519,12,9,2560,2573,4913,4998,6682,7702,10725,11968,16168,16817,15077,15755,8586,10420,2803,5341,131272,97903,15947,13357,27804,25605,6232,10,12
2021-07-05T23:59:59+02:00,420,335,5822,5672,8264,7838,10765,11471,15208,15891,18967,19236,15772,16453,8887,10777,2889,5518,8,7,2508,2495,4815,4900,6549,7565,10373,11650,15894,16511,15047,15725,8578,10405,2803,5336,130226,96106,15943,13293,27801,25553,6205,10,12
2021-07-04T23:59:59+02:00,400,305,5748,5593,8207,7781,10698,11413,15178,15860,18953,19217,15765,16449,8886,10775,2889,5516,7,7,2489,2466,4753,4853,6488,7515,10236,11540,15793,16439,15042,15718,8576,10404,2802,5336,129720,95542,15936,13224,27796,25515,6171,10,12
2021-07-03T23:59:59+02:00,394,303,5728,5581,8196,7772,10685,11409,15171,15854,18950,19214,15765,16449,8886,10775,2889,5516,6,7,2454,2436,4657,4824,6380,7489,10178,11494,15688,16353,14363,15011,8557,10379,2802,5336,129645,95426,15933,13222,27796,23601,6153,10,12
2021-07-02T23:59:59+02:00,348,264,5540,5433,8122,7701,10587,11312,15107,15797,18931,19207,15761,16445,8881,10773,2887,5513,6,7,2407,2388,4500,4746,6197,7415,10024,11337,15497,16150,13570,14092,8549,10364,2802,5335,128734,94863,15930,13178,27795,21193,6140,10,12
2021-07-01T23:59:59+02:00,286,209,5324,5251,7994,7589,10446,11186,14978,15702,18887,19182,15754,16437,8876,10767,2887,5512,5,6,2289,2268,4323,4573,5959,7161,9243,10652,14869,15678,13545,14063,8544,10359,2798,5333,127444,91363,15917,13082,27794,21109,6102,10,12
2021-06-30T23:59:59+02:00,156,119,4842,4780,7654,7311,10091,10848,14751,15525,18830,19138,15743,16426,8872,10759,2887,5509,5,6,2253,2222,4237,4502,5845,7064,9071,10527,14779,15601,13531,14055,8541,10356,2798,5331,124458,90760,15911,12909,27794,20975,6068,10,12
2021-06-29T23:59:59+02:00,119,97,4558,4500,7404,7091,9801,10548,14553,15335,18766,19078,15691,16376,8852,10744,2886,5504,4,5,2185,2141,4094,4365,5638,6883,8844,10298,14484,15376,13484,14007,8528,10332,2796,5318,122388,89304,15907,12757,27792,20903,5806,10,12
2021-06-28T23:59:59+02:00,103,77,4422,4359,7299,6980,9679,10423,14460,15227,18721,19035,15675,16360,8838,10733,2883,5502,2,4,2098,2014,3912,4159,5357,6541,8459,9786,13951,14839,13365,13918,8509,10308,2793,5304,121375,86091,15896,12676,27789,20836,5706,10,10
2021-06-27T23:59:59+02:00,98,75,4369,4313,7241,6925,9619,10368,14427,15193,18701,19018,15658,16348,8831,10726,2882,5497,2,3,2045,1980,3848,4113,5243,6427,8291,9657,13775,14726,13339,13899,8500,10299,2790,5302,121011,85298,15892,12641,27787,20701,5589,10,10
2021-06-26T23:59:59+02:00,85,73,4324,4283,7210,6897,9601,10347,14407,15177,18688,19005,15654,16342,8831,10726,2882,5497,2,3,1969,1888,3660,3955,5029,6170,7928,9200,13424,14430,13259,13840,8480,10271,2785,5293,120767,82662,15886,12641,27787,20694,5579,10,10
2021-06-25T23:59:59+02:00,72,60,4013,3961,6949,6661,9308,10054,14184,14988,18604,18948,15608,16297,8812,10707,2880,5491,2,3,1904,1804,3495,3833,4834,5938,7602,8785,13112,14094,13209,13784,8467,10246,2779,5287,118374,80305,15859,12609,27787,20689,5567,10,8
2021-06-24T23:59:59+02:00,65,53,3919,3871,6848,6575,9207,9964,14084,14902,18576,18915,15593,16280,8806,10700,2880,5490,2,3,1834,1731,3379,3735,4634,5795,7383,8585,12863,13892,12374,12852,8287,9983,2779,5286,117642,79082,15850,12503,27783,18361,5443,10,8
2021-06-23T23:59:59+02:00,51,48,3514,3500,6396,6228,8676,9457,13749,14600,18440,18779,15489,16188,8763,10664,2877,5476,2,3,1696,1560,3124,3531,4215,5465,6435,7874,12119,13192,12351,12840,8277,9976,2779,5282,114714,78444,15603,9173,27782,18310,4786,10,8
2021-06-22T23:59:59+02:00,42,40,3440,3427,6316,6169,8573,9379,13698,14553,18407,18762,15478,16181,8762,10659,2877,5473,2,3,1655,1507,3020,3428,4071,5315,6181,7689,11507,12480,12261,12746,8259,9943,2775,5274,114084,76101,15597,9091,27780,18151,4765,10,8
2021-06-21T23:59:59+02:00,36,37,3369,3366,6225,6107,8512,9307,13637,14507,18374,18742,15476,16180,8761,10658,2877,5472,1,3,1620,1456,2929,3331,3944,5165,5985,7461,10748,11563,11873,12290,7183,8712,2769,5267,113559,73446,15589,8989,27778,15150,4707,10,8
2021-06-20T23:59:59+02:00,36,36,3344,3344,6177,6076,8468,9275,13609,14489,18363,18738,15475,16180,8761,10658,2877,5472,0,3,1602,1439,2892,3303,3894,5127,5933,7436,10659,11487,11853,12271,7180,8705,2768,5267,113380,73128,15572,8911,27778,15134,4638,10,8
2021-06-19T23:59:59+02:00,34,34,3317,3320,6148,6053,8437,9256,13585,14483,18356,18733,15475,16179,8761,10658,2877,5472,0,3,1598,1427,2887,3294,3886,5122,5917,7431,10648,11479,11853,12271,7180,8704,2768,5267,113186,73047,15566,8911,27778,15131,4638,10,8
2021-06-18T23:59:59+02:00,30,29,3274,3277,6074,6014,8368,9201,13539,14451,18332,18722,15474,16177,8760,10657,2877,5472,0,3,1523,1333,2751,3118,3701,4845,5521,7058,9154,9911,11687,12103,7138,8654,2756,5249,112801,67866,15538,8910,27778,15120,4601,10,8
2021-06-17T23:59:59+02:00,27,25,3211,3225,6004,5975,8293,9146,13467,14406,18308,18711,15472,16172,8758,10654,2877,5469,0,3,1397,1240,2562,2905,3439,4552,5159,6662,8483,9180,11402,11860,7097,8596,2752,5246,112422,64154,15508,8795,27773,15091,4487,10,8
2021-06-16T23:59:59+02:00,27,22,3156,3163,5891,5908,8173,9052,13338,14321,18242,18674,15466,16163,8758,10651,2877,5469,0,3,1299,1184,2421,2799,3256,4391,4873,6388,7405,7889,11311,11752,7066,8558,2739,5228,111779,60388,15434,8749,27769,15058,4359,10,8
2021-06-15T23:59:59+02:00,22,21,3061,3076,5773,5820,7988,8874,13075,14101,18092,18546,15451,16151,8750,10645,2877,5467,0,3,1262,1151,2347,2744,3152,4316,4670,6263,7092,7637,10815,11193,7032,8524,2731,5215,110356,58140,15407,8717,27759,15025,4258,10,7
2021-06-14T23:59:59+02:00,21,19,2988,3006,5693,5762,7845,8754,12784,13864,17904,18370,15435,16137,8743,10640,2876,5466,0,3,1235,1123,2282,2687,3027,4221,4469,6124,6749,7331,10287,10581,7001,8487,2727,5205,108962,55766,15398,8610,27755,14975,4182,10,6
2021-06-13T23:59:59+02:00,21,19,2970,2975,5628,5723,7782,8688,12644,13730,17798,18248,15429,16128,8742,10637,2875,5466,0,3,1224,1110,2254,2671,2990,4210,4422,6104,6716,7314,10282,10574,7001,8486,2727,5205,108224,55623,15387,8601,27751,14932,4131,10,6
2021-06-12T23:59:59+02:00,19,19,2942,2957,5598,5696,7751,8669,12624,13711,17790,18245,15428,16126,8742,10637,2875,5466,0,3,1169,1048,2166,2595,2896,4073,4280,5971,6607,7229,10200,10496,6406,7759,2727,5205,108021,55507,15384,8600,27751,12588,4129,10,6
2021-06-11T23:59:59+02:00,19,16,2865,2883,5529,5631,7570,8483,12214,13404,17508,18039,15412,16101,8736,10629,2872,5464,0,3,1145,1032,2111,2554,2831,4024,4195,5909,6496,7138,10097,10384,6391,7752,2725,5199,107006,54981,14491,8333,27750,12548,4118,10,6
2021-06-10T23:59:59+02:00,15,14,2810,2841,5429,5578,7438,8402,12028,13265,17370,17922,15407,16097,8736,10628,2871,5463,0,3,1104,1007,2035,2487,2730,3946,4026,5778,6251,6925,9846,10115,6371,7724,2719,5193,106086,53413,14417,8329,27746,12457,4055,10,6
2021-06-09T23:59:59+02:00,14,13,2732,2773,5307,5483,7215,8231,11749,13022,17184,17773,15396,16083,8732,10619,2871,5460,0,3,1047,942,1904,2369,2525,3763,3700,5495,5629,6411,9022,9210,6314,7648,2706,5158,104878,49398,14265,8311,27737,12364,3767,10,6
2021-06-08T23:59:59+02:00,11,9,2635,2669,5172,5357,7018,8046,11319,12594,16807,17384,15377,16056,8721,10612,2870,5455,0,3,1010,913,1834,2304,2419,3690,3560,5428,5477,6279,8988,9191,6312,7636,2704,5154,102672,48884,14238,8260,27735,12295,3457,10,6
2021-06-07T23:59:59+02:00,9,8,2508,2571,4980,5228,6811,7881,10841,12235,16463,17087,15352,16028,8715,10595,2869,5451,0,3,941,876,1703,2249,2278,3606,3305,5338,5122,5994,8439,8565,6259,7577,2700,5144,100738,46666,14196,8244,27726,12221,2962,10,6
2021-06-06T23:59:59+02:00,9,6,2470,2546,4918,5171,6725,7823,10702,12125,16372,17022,15349,16025,8715,10595,2867,5450,0,3,925,866,1675,2228,2232,3578,3235,5314,5073,5970,8434,8563,6254,7569,2700,5143,100145,46502,14143,8233,27720,12149,2872,10,6
2021-06-05T23:59:59+02:00,8,5,2456,2524,4889,5146,6688,7792,10673,12098,16363,17015,15349,16025,8715,10595,2867,5450,0,3,909,851,1642,2198,2192,3522,3129,5231,4720,5638,7838,7857,6226,7515,2699,5141,99917,44107,14143,8227,27720,12103,2868,10,6
2021-06-04T23:59:59+02:00,7,4,2425,2495,4844,5102,6640,7739,10584,11993,16311,16951,15345,16018,8715,10594,2866,5449,0,3,897,833,1619,2177,2150,3485,3077,5172,4554,5448,7536,7489,6190,7473,2697,5135,99386,42816,14136,8225,27720,12058,2830,10,6
2021-06-03T23:59:59+02:00,7,4,2322,2367,4693,4928,6432,7491,9881,11358,15722,16499,15334,16008,8712,10588,2865,5448,0,3,880,803,1579,2118,2103,3404,2987,5062,4407,5281,7375,7299,6178,7446,2697,5131,96043,41765,14097,8214,27715,11974,2794,10,6
2021-06-02T23:59:59+02:00,7,4,2305,2343,4648,4896,6377,7454,9781,11270,15662,16446,15326,16004,8711,10584,2865,5447,0,2,869,791,1560,2095,2049,3366,2901,4976,4045,4892,6817,6659,6134,7389,2693,5120,95520,39424,14095,8209,27715,11929,2790,10,6
2021-06-01T23:59:59+02:00,6,3,2242,2303,4527,4803,6210,7335,9592,11122,15553,16369,15323,16000,8707,10580,2864,5442,0,1,835,764,1495,2045,1933,3303,2748,4882,3841,4763,6607,6427,6111,7370,2687,5111,94642,38334,14044,8187,27703,11814,2582,10,6
2021-05-31T23:59:59+02:00,2,3,2193,2244,4427,4708,6065,7210,9406,10973,15468,16313,15315,15993,8704,10580,2864,5442,0,1,811,730,1438,1986,1861,3254,2573,4826,3710,4709,6251,6012,6088,7349,2684,5103,93916,37153,13957,8180,27693,11713,2334,10,6
2021-05-30T23:59:59+02:00,2,3,2168,2222,4371,4647,5970,7150,9331,10910,15431,16293,15314,15990,8704,10580,2864,5442,0,1,799,719,1415,1962,1812,3226,2440,4791,3604,4691,6249,6010,6087,7349,2684,5103,93462,36834,13918,8157,27683,11626,2319,10,6
2021-05-29T23:59:59+02:00,2,3,2152,2207,4351,4635,5953,7133,9318,10897,15426,16289,15313,15990,8704,10580,2864,5442,0,1,781,668,1322,1703,1678,2864,2240,4243,3325,4261,6159,5916,5975,7217,2683,5103,93332,36781,13915,8152,27683,8881,2319,10,6
2021-05-28T23:59:59+02:00,2,3,2131,2184,4313,4589,5908,7088,9240,10827,15358,16236,15309,15988,8704,10580,2864,5441,0,1,764,578,1244,1451,1580,2463,2062,3555,3061,3666,5522,5176,5893,7126,2679,5090,92854,35482,13902,8152,27681,5953,2318,10,6
2021-05-27T23:59:59+02:00,2,3,2089,2146,4228,4520,5786,7014,9084,10727,15261,16152,15308,15987,8704,10580,2864,5441,0,1,734,544,1213,1368,1539,2326,1991,3412,2948,3546,5085,4695,5860,7086,2668,5061,92170,34357,13754,8143,27658,5268,2304,10,5
2021-05-26T23:59:59+02:00,2,3,2021,2028,4032,4373,5445,6750,8112,9983,14499,15449,15296,15980,8700,10574,2862,5438,0,1,723,529,1187,1307,1493,2267,1933,3297,2796,3403,3777,3310,5801,7012,2645,5002,91392,31075,10227,8126,27641,5001,2277,10,4
2021-05-25T23:59:59+02:00,2,3,1984,1991,3952,4307,5352,6684,7977,9876,14121,15013,15248,15943,8693,10559,2860,5434,0,1,718,522,1159,1273,1475,2242,1913,3269,2770,3377,3771,3300,5794,7009,2643,5001,90047,30986,10078,8116,27625,4892,2239,10,4
2021-05-24T23:59:59+02:00,2,3,1958,1947,3865,4231,5246,6602,7851,9752,13610,14397,15197,15876,8686,10546,2859,5429,0,1,712,514,1140,1261,1443,2227,1891,3250,2744,3355,3754,3282,5772,6985,2634,4986,88258,30853,9998,8065,27613,4852,2178,10,3
2021-05-23T23:59:59+02:00,2,3,1949,1935,3846,4209,5228,6589,7798,9721,13534,14335,15186,15872,8684,10545,2858,5429,0,1,705,504,1129,1248,1418,2203,1835,3214,2635,3257,3342,2849,5128,6175,2619,4941,88024,30680,9898,5511,27613,4831,2178,10,3
2021-05-22T23:59:59+02:00,2,3,1784,1892,3545,4160,4830,6546,7543,9663,13411,14258,15180,15871,8684,10544,2858,5429,0,1,545,472,837,1207,1045,2167,1597,3161,2523,3184,3339,2847,5128,6174,2619,4941,87873,30668,9897,5509,27611,4795,812,10,3
2021-05-21T23:59:59+02:00,2,3,1699,1785,3389,3968,4637,6250,7146,9298,12120,12929,15030,15723,8648,10497,2849,5418,0,1,540,460,827,1205,1043,2159,1562,3131,2445,3107,3164,2710,5101,6131,2616,4926,83111,30030,9856,5508,27605,4776,811,8,3
2021-05-20T23:59:59+02:00,2,3,1662,1751,3293,3918,4529,6166,6969,9216,11910,12700,15010,15705,8644,10490,2848,5417,0,1,519,445,786,1158,986,2094,1440,3059,2319,3010,2973,2539,5060,6055,2608,4911,82268,29280,9754,5493,27551,4534,653,7,3
2021-05-19T23:59:59+02:00,2,3,1641,1725,3235,3862,4435,6096,6852,9151,11677,12438,14999,15694,8641,10489,2848,5416,0,1,510,434,770,1120,970,2025,1330,2913,1992,2716,2409,2046,4955,5937,2586,4864,81444,27216,9615,5478,27524,4267,614,7,3
2021-05-18T23:59:59+02:00,2,3,1581,1692,3145,3774,4322,5992,6692,8993,11385,12181,14954,15647,8629,10466,2846,5406,0,1,507,422,754,1105,952,2007,1247,2849,1712,2492,1965,1702,4882,5853,2564,4820,80344,25670,9412,5468,27456,4202,491,7,3
2021-05-17T23:59:59+02:00,2,3,1532,1611,3015,3616,4118,5713,6343,8531,10834,11631,14845,15554,8610,10441,2841,5395,0,1,505,414,748,1098,933,2002,1223,2824,1685,2455,1949,1682,4875,5846,2561,4817,77440,25605,9375,5454,27432,4175,381,7,3
2021-05-16T23:59:59+02:00,2,3,1513,1589,2962,3574,4023,5626,6194,8395,10659,11497,14819,15532,8602,10433,2840,5393,0,1,498,408,726,1083,902,1986,1194,2796,1652,2431,1942,1673,4872,5842,2558,4815,76693,25573,9316,5436,27402,4129,238,7,3
2021-05-15T23:59:59+02:00,2,3,1427,1492,2754,3408,3795,5349,5835,7922,10306,11201,14734,15470,8583,10404,2834,5384,0,1,498,406,722,1081,902,1982,1189,2795,1646,2426,1930,1661,4865,5836,2558,4813,73948,25511,9316,5436,27395,4124,237,7,3
2021-05-14T23:59:59+02:00,2,3,1393,1429,2642,3311,3643,5192,5635,7633,10084,10946,14699,15432,8570,10381,2831,5380,0,1,449,368,651,916,829,1696,1061,2383,1464,2101,1896,1620,4862,5828,2557,4809,72297,25448,9297,5434,27372,2373,233,7,3
2021-05-13T23:59:59+02:00,2,3,1335,1362,2539,3227,3474,5055,5415,7428,9857,10766,14673,15403,8560,10378,2829,5377,0,1,442,356,624,888,727,1589,961,2298,1200,1885,1176,1039,4640,5594,2549,4776,71133,25327,8984,2888,27341,2309,218,7,3
2021-05-12T23:59:59+02:00,2,3,1327,1352,2522,3221,3456,5041,5394,7415,9842,10755,14671,15399,8558,10376,2828,5377,0,1,442,355,623,887,723,1588,956,2298,1196,1879,1157,1030,4627,5556,2515,4707,71016,25126,8960,2888,27339,2306,217,7,3
2021-05-11T23:59:59+02:00,2,2,1286,1309,2449,3139,3342,4915,5198,7268,9554,10446,14623,15341,8546,10356,2824,5368,0,1,437,342,605,872,701,1571,928,2274,1170,1852,1102,994,4563,5458,2472,4583,69675,24632,8836,2870,27255,2225,195,7,3
2021-05-10T23:59:59+02:00,2,2,1264,1282,2384,3061,3214,4789,5066,7111,9230,10065,14578,15302,8537,10337,2819,5366,0,1,436,340,592,863,688,1556,916,2259,1153,1838,1066,959,4501,5380,2431,4464,68317,24213,8713,2867,27185,2173,187,7,3
2021-05-09T23:59:59+02:00,2,2,1249,1265,2342,3045,3136,4753,5001,7078,9163,10020,14565,15286,8535,10332,2819,5364,0,1,428,338,578,858,666,1536,894,2239,1141,1824,1047,943,4488,5342,2415,4421,68075,24050,8637,2865,27136,2139,102,7,3
2021-05-08T23:59:59+02:00,1,2,1247,1261,2328,3033,3118,4741,4962,7063,9139,10012,14564,15286,8535,10331,2819,5364,0,1,428,338,577,858,665,1536,894,2238,1140,1823,1047,943,4487,5342,2415,4421,67932,24048,8631,2862,27134,2138,102,7,3
2021-05-07T23:59:59+02:00,1,2,1227,1240,2288,2992,3066,4693,4863,6971,8914,9765,14547,15263,8529,10325,2816,5360,0,1,379,312,545,789,628,1374,824,2030,1051,1634,1017,914,4466,5319,2413,4416,67021,23941,8624,2858,27108,1208,102,7,3
2021-05-06T23:59:59+02:00,1,2,1082,1149,2060,2749,2766,4385,4492,6570,8327,9161,14269,15026,8489,10269,2813,5359,0,1,378,308,532,770,611,1342,805,1995,1018,1606,989,880,4456,5305,2411,4412,63400,23808,8494,2807,26972,1105,96,7,3
2021-05-05T23:59:59+02:00,1,1,1017,1097,1949,2637,2606,4212,4196,6291,7311,7975,14183,14927,8454,10228,2800,5339,0,1,375,305,524,760,596,1332,772,1981,992,1586,916,817,4415,5233,2403,4396,59873,23487,8448,2786,26848,1080,48,7,3
2021-05-04T23:59:59+02:00,1,1,995,1077,1898,2598,2504,4144,3976,6176,7030,7757,13677,14360,8423,10195,2795,5330,0,1,371,304,519,756,584,1327,755,1962,976,1579,897,793,4393,5217,2400,4387,57813,23350,8389,2770,26688,1058,40,7,3
2021-05-03T23:59:59+02:00,1,1,964,1042,1836,2545,2398,4032,3775,6058,6670,7455,13142,13734,8386,10157,2788,5315,0,1,366,303,517,750,574,1320,746,1950,962,1566,871,769,4375,5199,2394,4374,55382,23237,8363,2760,26547,1037,0,7,3
2021-05-02T23:59:59+02:00,1,1,959,1041,1817,2539,2368,4022,3730,6048,6633,7446,13141,13733,8386,10156,2788,5315,0,1,366,303,514,750,573,1318,741,1950,961,1562,869,765,4373,5194,2394,4374,55241,23217,8356,2758,26520,1030,0,7,3
2021-05-01T23:59:59+02:00,1,1,959,1039,1809,2535,2356,4014,3715,6040,6619,7436,13140,13730,8386,10156,2788,5315,0,1,366,303,514,750,573,1318,740,1949,959,1562,869,765,4373,5194,2394,4374,55160,23217,8354,2754,26518,1030,0,7,3
2021-04-30T23:59:59+02:00,0,1,943,1034,1790,2519,2335,3979,3678,6007,6538,7382,13045,13626,8385,10151,2785,5303,0,1,317,248,473,674,544,1138,709,1726,925,1358,858,747,4369,5191,2394,4374,54661,23203,8353,2749,26480,91,0,7,3
2021-04-29T23:59:59+02:00,0,1,890,1010,1734,2469,2272,3920,3530,5881,6300,7159,12784,13351,8363,10122,2781,5296,0,1,310,246,463,667,541,1130,702,1715,914,1349,850,732,4360,5183,2394,4372,53063,23113,8338,2743,26455,70,0,7,3
2021-04-28T23:59:59+02:00,0,1,829,977,1654,2405,2128,3809,3246,5628,5696,6650,11946,12431,8304,10033,2757,5259,0,1,309,243,461,660,533,1117,691,1694,903,1342,835,715,4341,5156,2392,4372,49000,22988,8331,2724,26415,50,0,7,3
2021-04-27T23:59:59+02:00,0,1,820,972,1636,2384,2084,3790,3176,5602,5568,6525,11917,12414,8302,10031,2757,5257,0,1,308,241,455,658,525,1111,682,1682,893,1336,824,703,4337,5150,2391,4366,48519,22910,8326,2708,26384,42,0,7,3
2021-04-26T23:59:59+02:00,0,1,810,960,1610,2366,2024,3749,2998,5524,5236,6239,11351,11768,8247,9966,2752,5247,0,1,306,240,454,657,520,1105,671,1676,884,1325,814,693,4332,5144,2391,4362,46186,22859,8317,2677,26341,37,0,4,2
2021-04-25T23:59:59+02:00,0,1,800,958,1593,2359,1986,3732,2872,5501,5141,6234,11346,11764,8243,9960,2751,5246,0,1,305,239,454,657,520,1098,671,1674,881,1323,814,692,4332,5144,2391,4362,45855,22853,8311,2673,26317,30,0,4,2
2021-04-24T23:59:59+02:00,0,1,786,948,1571,2339,1946,3686,2776,5432,4798,5909,10733,11038,8212,9901,2750,5244,0,1,305,239,454,657,520,1097,670,1672,880,1323,809,688,4322,5128,2389,4361,43446,22816,8309,2668,26311,29,0,4,2
2021-04-23T23:59:59+02:00,0,1,781,940,1558,2329,1916,3659,2737,5379,4636,5722,10424,10656,8172,9859,2747,5235,0,1,305,238,454,657,520,1096,669,1672,878,1323,809,687,4319,5125,2389,4361,42144,22805,8308,2667,26295,29,0,4,2
2021-04-22T23:59:59+02:00,0,1,764,926,1531,2286,1867,3590,2649,5287,4482,5568,10279,10461,8158,9828,2745,5227,0,1,305,237,452,646,518,1090,663,1664,872,1314,803,683,4316,5123,2389,4359,41142,22769,8279,2643,26224,21,0,4,2
2021-04-21T23:59:59+02:00,0,1,753,914,1506,2273,1815,3545,2544,5199,4097,5148,9681,9776,8109,9764,2741,5216,0,1,303,237,450,645,518,1089,659,1661,867,1309,790,671,4306,5109,2389,4355,38620,22719,8263,2619,26195,19,0,4,2
2021-04-20T23:59:59+02:00,0,1,746,902,1485,2246,1784,3514,2494,5142,3960,5052,9484,9557,8091,9754,2737,5213,0,1,303,236,450,644,517,1087,658,1657,864,1303,784,666,4302,5104,2389,4355,37784,22687,8251,2613,26123,19,0,4,1
2021-04-19T23:59:59+02:00,0,1,739,893,1477,2238,1767,3496,2463,5115,3895,4993,9114,9140,8066,9729,2734,5207,0,1,303,234,449,639,515,1084,655,1654,860,1299,779,660,4293,5102,2389,4353,36757,22647,8239,2602,26067,19,0,4,1
2021-04-18T23:59:59+02:00,0,1,735,890,1472,2232,1749,3489,2445,5103,3886,4991,9104,9129,8066,9728,2734,5207,0,1,302,234,449,636,514,1080,653,1651,857,1299,778,658,4293,5100,2389,4353,36697,22639,8219,2588,26041,19,0,4,1
2021-04-17T23:59:59+02:00,0,1,716,884,1384,2222,1649,3477,2408,5073,3805,4912,8387,8407,8050,9715,2734,5207,0,1,302,234,447,634,513,1079,652,1651,856,1296,778,658,4292,5100,2389,4353,36688,22627,8219,2588,24120,19,0,4,1
2021-04-16T23:59:59+02:00,0,1,701,866,1255,2199,1498,3454,2322,5007,3643,4747,7045,6856,8015,9666,2721,5176,0,1,302,233,442,627,508,1075,642,1649,852,1287,768,652,4287,5086,2386,4351,35311,22552,8209,2583,21648,12,0,4,1
2021-04-15T23:59:59+02:00,0,1,680,856,1244,2186,1477,3435,2264,4970,3571,4696,6605,6355,7974,9600,2697,5102,0,1,295,227,427,616,491,1061,608,1622,817,1257,677,591,3789,4574,2362,4315,33982,22492,8154,1229,21573,8,0,4,1
2021-04-14T23:59:59+02:00,0,1,675,852,1225,2171,1444,3416,2220,4933,3438,4601,5265,4950,7923,9535,2675,5065,0,1,287,222,424,610,484,1058,601,1614,812,1254,662,575,3776,4564,2358,4309,30748,22403,8141,1200,21496,7,0,4,1
2021-04-13T23:59:59+02:00,0,1,671,852,1216,2166,1428,3414,2212,4922,3418,4585,5246,4933,7917,9532,2674,5063,0,1,287,221,422,608,481,1055,599,1610,801,1251,644,570,3774,4561,2358,4309,30664,22382,8120,1162,21462,7,0,4,1
2021-04-12T23:59:59+02:00,0,1,666,844,1203,2156,1412,3403,2178,4907,3387,4561,5221,4917,7904,9520,2671,5030,0,1,286,220,420,608,479,1049,597,1606,793,1243,639,567,3768,4559,2357,4309,30531,22354,8075,1139,21371,7,0,4,1
2021-04-11T23:59:59+02:00,0,1,658,840,1187,2144,1393,3388,2110,4882,3268,4477,4804,4477,7235,8698,2664,5025,0,1,286,220,418,608,477,1047,592,1603,789,1241,635,564,3764,4554,2357,4309,30500,22347,5468,1110,21279,7,0,4,1
2021-04-10T23:59:59+02:00,0,1,658,838,1186,2143,1391,3384,2108,4879,3265,4470,4760,4430,7231,8692,2664,5024,0,1,280,217,416,597,464,1031,565,1586,757,1216,563,494,3195,3936,2308,4214,30377,20722,5465,1110,21278,7,0,4,1
2021-04-09T23:59:59+02:00,0,1,654,837,1178,2140,1386,3379,2076,4856,3186,4389,4562,4264,7196,8643,2660,5008,0,1,270,210,406,583,445,1015,539,1567,736,1193,483,433,2538,3117,2259,4118,29685,18796,5461,1109,21265,7,0,4,1
2021-04-08T23:59:59+02:00,0,1,644,827,1161,2128,1369,3347,2014,4802,3036,4278,3508,3109,6957,8279,2649,4993,0,1,257,202,389,565,421,1001,517,1536,703,1171,461,406,2528,3108,2255,4115,28878,18566,5411,1062,18809,7,0,4,1
2021-04-07T23:59:59+02:00,0,1,637,821,1148,2119,1351,3334,1905,4722,2714,4028,2899,2580,6845,8155,2624,4940,0,1,243,195,362,541,383,967,474,1502,666,1143,433,382,2467,3042,2250,4106,26694,18109,5390,1042,18735,6,0,4,0
2021-04-06T23:59:59+02:00,0,1,627,812,1108,2112,1327,3316,1787,4672,2435,3861,2446,2231,6766,8063,2602,4902,0,1,220,182,328,514,358,948,437,1479,631,1111,398,340,2412,2967,2244,4095,25089,17635,5372,1024,18603,6,0,4,0
2021-04-05T23:59:59+02:00,0,1,624,810,1097,2107,1321,3313,1778,4662,2420,3844,2155,1887,5658,6760,2600,4901,0,1,220,182,327,510,352,942,433,1477,627,1107,395,337,2410,2961,2244,4093,25057,17625,5360,987,15518,6,0,3,0
2021-04-04T23:59:59+02:00,0,1,623,809,1097,2107,1321,3312,1778,4662,2418,3842,2153,1884,5658,6756,2600,4901,0,1,220,182,326,510,352,942,432,1477,627,1107,395,337,2409,2961,2244,4093,25048,17622,5360,987,15511,6,0,3,0
2021-04-03T23:59:59+02:00,0,1,623,809,1097,2106,1321,3312,1777,4660,2414,3842,2152,1880,5657,6756,2600,4901,0,1,220,182,326,510,352,942,432,1477,626,1107,395,337,2409,2961,2244,4093,25042,17621,5356,987,15507,6,0,3,0
2021-04-02T23:59:59+02:00,0,1,623,808,1097,2106,1317,3311,1774,4654,2412,3839,2144,1871,5645,6740,2596,4889,0,1,220,182,326,508,352,941,431,1476,625,1096,393,337,2409,2960,2244,4093,24971,17601,5351,987,15502,6,0,3,0
2021-04-01T23:59:59+02:00,0,1,619,797,1077,2087,1219,3216,1683,4585,2153,3631,1414,1285,5436,6527,2586,4859,0,1,216,181,326,507,351,940,430,1474,625,1095,390,335,2409,2960,2244,4089,24860,17589,2848,978,15464,6,0,3,0
2021-03-31T23:59:59+02:00,0,1,617,796,1073,2083,1214,3208,1672,4580,2134,3618,1386,1252,5408,6472,2545,4759,0,1,215,181,325,506,350,940,430,1473,624,1093,387,332,2405,2959,2242,4087,24533,17574,2834,970,15448,6,0,3,0
2021-03-30T23:59:59+02:00,0,1,615,789,1068,2079,1208,3203,1662,4566,2127,3603,1339,1207,5320,6340,2498,4604,0,1,215,180,325,505,347,936,425,1470,617,1082,372,321,2301,2806,2119,3860,23995,16949,2812,927,15420,6,0,2,0
2021-03-29T23:59:59+02:00,0,1,613,787,1065,2070,1199,3197,1655,4553,2113,3590,1301,1173,5256,6244,2445,4473,0,1,214,179,323,503,345,934,423,1465,611,1077,365,316,2075,2539,1891,3479,23549,15810,2784,924,15400,6,0,2,0
2021-03-28T23:59:59+02:00,0,1,613,784,1063,2064,1196,3190,1650,4542,2107,3585,1285,1164,5245,6221,2433,4440,0,1,212,179,322,500,336,930,420,1458,608,1065,358,304,2070,2525,1890,3476,23438,15782,2766,869,15377,3,0,2,0
2021-03-27T23:59:59+01:00,0,1,561,723,983,1996,1115,3071,1531,4417,2005,3502,1216,1094,4640,5488,2433,4440,0,1,210,178,322,499,336,930,416,1456,607,1062,357,304,2069,2524,1890,3476,23421,15766,2761,869,13033,2,0,1,0
2021-03-26T23:59:59+01:00,0,1,558,718,976,1986,1113,3065,1521,4410,1988,3494,1172,1063,4610,5454,2432,4436,0,1,209,175,322,497,333,929,414,1455,602,1056,349,299,1660,1985,1463,2746,23226,13630,2751,863,13019,2,0,1,0
2021-03-25T23:59:59+01:00,0,1,555,712,964,1978,1110,3056,1514,4398,1973,3484,1162,1053,4602,5449,2432,4434,0,1,208,172,320,496,331,924,410,1449,598,1047,345,295,1563,1862,1426,2670,23180,13275,2743,840,12953,2,0,1,0
2021-03-24T23:59:59+01:00,0,1,553,706,956,1968,1097,3040,1485,4379,1958,3476,1126,1023,4575,5414,2427,4429,0,1,207,172,319,495,327,920,406,1441,588,1029,332,285,1234,1478,1270,2400,23039,12122,2717,780,12856,2,0,1,0
2021-03-23T23:59:59+01:00,0,1,551,701,950,1955,1093,3030,1478,4365,1948,3468,1113,1012,4556,5400,2427,4425,0,1,206,172,317,492,318,917,405,1441,582,1025,324,278,996,1211,1154,2219,22964,11298,2708,758,12800,2,0,1,0
2021-03-22T23:59:59+01:00,0,1,550,692,945,1941,1087,3021,1469,4349,1934,3458,1110,1008,4551,5399,2427,4424,0,1,205,172,316,490,317,915,402,1438,579,1021,320,274,995,1207,1154,2215,22939,11281,2692,738,12734,2,0,1,0
2021-03-21T23:59:59+01:00,0,1,547,689,943,1933,1084,3017,1461,4336,1922,3451,1107,1007,4551,5397,2427,4424,0,1,204,172,316,489,315,911,402,1433,573,1019,310,269,991,1202,1153,2215,22935,11278,2679,695,12682,2,0,1,0
2021-03-20T23:59:59+01:00,0,1,542,682,939,1916,1067,3000,1433,4318,1888,3422,1035,937,3966,4758,2376,4324,0,1,204,172,316,489,315,911,402,1433,573,1019,310,269,991,1202,1152,2214,21264,11276,2678,695,12661,2,0,1,0
2021-03-19T23:59:59+01:00,0,1,533,673,921,1888,1039,2980,1397,4292,1862,3391,948,873,3286,3921,2324,4225,0,1,201,172,314,489,314,908,400,1431,569,1013,307,268,978,1189,1121,2174,19270,11254,2666,593,12617,2,0,1,0
2021-03-18T23:59:59+01:00,0,1,520,660,904,1862,1016,2954,1357,4251,1817,3338,849,809,2771,3389,2300,4191,0,1,196,170,311,485,311,898,396,1425,567,1008,304,261,872,1091,1009,1981,19188,10868,1263,416,12537,2,0,1,0
2021-03-17T23:59:59+01:00,0,1,518,651,895,1843,1003,2933,1334,4229,1799,3322,819,784,2683,3296,2294,4185,0,1,194,169,309,483,308,897,389,1421,564,1004,301,256,629,816,701,1531,18877,9939,1224,34,12488,0,0,0,0
2021-03-16T23:59:59+01:00,0,1,516,642,886,1822,983,2917,1317,4217,1775,3305,789,773,2635,3215,2292,4179,0,1,194,169,307,483,307,894,386,1419,561,1000,295,252,381,575,511,1220,18667,8927,1184,28,12413,0,0,0,0
2021-03-15T23:59:59+01:00,0,1,516,632,881,1803,972,2895,1312,4210,1767,3296,783,769,2632,3213,2291,4179,0,1,193,169,306,482,306,894,386,1418,558,1000,295,252,381,574,510,1220,18652,8920,1159,25,12341,0,0,0,0
2021-03-14T23:59:59+01:00,0,1,515,626,873,1791,965,2887,1302,4197,1757,3283,778,764,2626,3210,2291,4179,0,1,193,169,305,482,305,892,384,1416,557,1000,294,252,381,574,510,1220,18647,8916,1129,19,12269,0,0,0,0
2021-03-13T23:59:59+01:00,0,1,494,575,780,1528,834,2504,1107,3633,1475,2855,698,676,2523,3084,2290,4178,0,1,193,169,305,482,305,892,384,1416,557,1000,294,252,381,574,510,1220,18643,8916,1129,19,9463,0,0,0,0
2021-03-12T23:59:59+01:00,0,1,480,492,716,1259,743,2108,935,2946,1228,2261,556,525,2479,3040,2290,4178,0,0,193,167,305,482,305,890,383,1416,557,997,294,251,368,553,461,1154,18613,8757,1128,19,6496,0,0,0,0
2021-03-11T23:59:59+01:00,0,1,456,456,682,1188,696,2002,875,2800,1145,2149,499,465,2465,3028,2289,4176,0,0,193,167,304,480,304,889,383,1413,556,997,294,250,355,536,412,1109,18416,8626,1080,16,5876,0,0,0,0
2021-03-10T23:59:59+01:00,0,1,442,446,648,1155,655,1968,833,2764,1112,2120,480,449,2451,3008,2288,4172,0,0,189,165,300,473,304,888,378,1407,550,990,290,244,230,437,178,839,18139,7852,1060,10,5793,0,0,0,0
2021-03-09T23:59:59+01:00,0,1,427,429,617,1125,632,1948,810,2736,1090,2096,458,428,2357,2866,2162,3941,0,0,189,165,298,471,303,887,377,1404,550,987,288,243,230,437,177,838,17373,7844,1043,0,5707,0,0,0,0
2021-03-08T23:59:59+01:00,0,1,414,408,595,1095,614,1926,794,2711,1068,2070,436,400,2126,2592,1933,3559,0,0,189,164,298,469,302,882,377,1398,550,985,287,241,230,436,177,838,16124,7823,1014,0,5604,0,0,0,0
2021-03-07T23:59:59+01:00,0,1,413,407,588,1077,600,1918,791,2698,1063,2060,435,399,2121,2584,1932,3556,0,0,189,164,297,468,302,881,377,1395,550,984,287,241,230,436,177,838,16096,7816,1004,0,5543,0,0,0,0
2021-03-06T23:59:59+01:00,0,1,413,404,584,1064,597,1916,784,2691,1059,2053,434,399,2121,2584,1932,3556,0,0,189,164,297,468,302,881,377,1395,550,983,286,241,230,436,177,838,16087,7814,1004,0,5501,0,0,0,0
2021-03-05T23:59:59+01:00,0,1,407,389,578,1052,592,1907,779,2681,1052,2045,420,391,1700,2025,1501,2805,0,0,187,159,293,468,299,879,375,1392,548,979,286,241,230,436,177,838,13868,7787,1004,0,5453,0,0,0,0
2021-03-04T23:59:59+01:00,0,1,396,364,550,1013,573,1850,748,2627,1031,1995,416,387,1607,1905,1461,2728,0,0,176,151,282,455,298,871,373,1378,546,975,285,241,230,436,177,838,13508,7712,998,0,5146,0,0,0,0
2021-03-03T23:59:59+01:00,0,1,393,358,543,982,555,1818,724,2580,1013,1955,408,381,1280,1524,1302,2452,0,0,175,150,281,454,297,870,369,1371,543,968,283,239,229,435,175,833,12340,7672,989,0,4940,0,0,0,0
2021-03-02T23:59:59+01:00,0,1,389,353,535,948,541,1797,715,2556,1002,1936,397,371,1035,1257,1182,2268,0,0,175,148,280,444,293,864,369,1362,543,962,283,239,229,435,175,833,11511,7634,952,0,4820,0,0,0,0
2021-03-01T23:59:59+01:00,0,1,387,346,526,925,522,1766,706,2532,991,1919,393,364,1034,1250,1182,2263,0,0,175,146,280,435,290,854,366,1347,540,956,281,237,228,434,175,833,11489,7577,917,0,4701,0,0,0,0
2021-02-28T23:59:59+01:00,0,1,383,343,523,917,514,1755,702,2520,986,1904,388,359,1034,1248,1182,2263,0,0,173,145,280,434,290,853,366,1347,539,956,281,237,228,434,175,833,11483,7571,889,0,4650,0,0,0,0
2021-02-27T23:59:59+01:00,0,1,382,341,518,910,512,1749,699,2511,983,1902,387,358,1034,1248,1181,2263,0,0,173,145,280,434,290,853,366,1347,538,956,281,237,228,434,175,833,11482,7570,889,0,4608,0,0,0,0
2021-02-26T23:59:59+01:00,0,1,335,298,450,738,436,1441,572,2093,812,1562,359,328,1034,1245,1181,2263,0,0,173,143,280,430,288,845,364,1339,536,953,281,237,228,434,175,833,11472,7539,878,0,2798,0,0,0,0
2021-02-25T23:59:59+01:00,0,1,315,289,439,717,424,1405,557,2045,793,1530,351,320,948,1152,1108,2137,0,0,122,130,260,425,279,833,352,1323,531,946,281,235,228,434,175,833,11061,7387,847,0,2623,0,0,0,0
2021-02-24T23:59:59+01:00,0,1,310,283,434,701,417,1370,541,1997,771,1486,344,307,739,918,921,1828,0,0,122,124,258,419,276,823,350,1310,524,940,278,232,226,433,175,831,10113,7321,806,0,2449,0,0,0,0
2021-02-23T23:59:59+01:00,0,1,308,271,426,687,406,1345,533,1962,751,1467,330,297,486,669,730,1521,0,0,122,123,257,417,274,817,350,1304,523,932,277,231,225,433,173,830,9101,7288,761,0,2328,0,0,0,0
2021-02-22T23:59:59+01:00,0,1,308,270,425,680,405,1340,529,1951,746,1463,330,295,485,667,730,1520,0,0,122,118,252,407,273,800,346,1278,518,924,273,230,225,433,173,830,9096,7202,750,0,2299,0,0,0,0
2021-02-21T23:59:59+01:00,0,1,305,269,423,674,402,1331,526,1943,740,1459,319,290,481,662,728,1520,0,0,122,118,251,406,272,797,343,1275,510,920,272,229,224,432,172,819,9091,7162,708,0,2274,0,0,0,0
2021-02-20T23:59:59+01:00,0,1,305,266,423,672,402,1323,525,1934,738,1455,319,290,481,662,728,1520,0,0,122,118,251,406,272,797,343,1275,509,920,272,229,224,432,172,819,9091,7161,708,0,2245,0,0,0,0
2021-02-19T23:59:59+01:00,0,0,259,240,391,596,368,1154,467,1721,629,1245,310,274,455,626,646,1411,0,0,122,118,251,406,271,797,343,1275,509,920,272,229,224,432,172,819,8869,7160,601,0,1322,0,0,0,0
2021-02-18T23:59:59+01:00,0,0,258,235,383,587,357,1132,454,1703,619,1238,310,272,401,578,533,1280,0,0,119,115,247,400,264,790,340,1266,505,919,270,227,224,432,172,819,8680,7109,422,0,1238,0,0,0,0
2021-02-17T23:59:59+01:00,0,0,252,231,371,573,350,1123,431,1687,611,1226,305,265,240,442,187,863,0,0,111,102,244,394,259,774,334,1250,499,908,266,224,223,432,172,819,7942,7011,32,0,1183,0,0,0,0
2021-02-16T23:59:59+01:00,0,0,251,229,360,571,341,1114,423,1673,606,1219,302,262,239,441,187,863,0,0,83,89,224,368,248,744,317,1210,467,873,244,209,215,412,171,812,7934,6686,28,0,1119,0,0,0,0
2021-02-15T23:59:59+01:00,0,0,249,229,358,566,339,1108,421,1661,603,1213,302,262,239,440,186,863,0,0,82,87,220,357,241,732,307,1183,451,850,231,202,202,388,164,755,7927,6452,25,0,1087,0,0,0,0
2021-02-14T23:59:59+01:00,0,0,248,227,352,563,335,1099,417,1655,600,1210,302,262,239,440,186,863,0,0,78,85,213,352,238,724,302,1170,447,835,230,200,202,377,164,745,7917,6362,20,0,1061,0,0,0,0
2021-02-13T23:59:59+01:00,0,0,248,227,352,563,335,1099,415,1655,600,1209,301,262,239,440,186,863,0,0,78,85,213,352,238,724,302,1170,447,835,230,200,202,377,164,745,7915,6362,20,0,1059,0,0,0,0
2021-02-12T23:59:59+01:00,0,0,193,167,304,485,308,902,382,1418,563,996,293,247,238,440,186,863,0,0,75,84,210,351,236,721,296,1166,444,830,226,197,202,375,164,745,7902,6322,20,0,63,0,0,0,0
2021-02-11T23:59:59+01:00,0,0,191,166,298,472,304,888,376,1398,553,989,293,247,238,440,186,863,0,0,74,81,200,325,226,677,276,1115,426,780,225,194,202,370,164,742,7859,6077,17,0,26,0,0,0,0
2021-02-10T23:59:59+01:00,0,0,189,159,294,468,301,883,370,1387,549,981,291,245,236,439,186,861,0,0,69,76,183,297,215,617,259,1031,401,728,216,179,188,340,149,691,7816,5639,11,0,12,0,0,0,0
2021-02-09T23:59:59+01:00,0,0,184,153,290,460,300,874,370,1377,547,972,288,244,236,439,185,860,0,0,60,60,145,233,186,512,221,839,346,593,194,153,166,304,139,614,7772,4765,2,0,5,0,0,0,0
2021-02-08T23:59:59+01:00,0,0,178,147,286,448,295,864,366,1357,541,965,284,240,235,438,183,856,0,0,33,47,100,144,137,285,162,459,252,387,163,125,137,246,114,509,7676,3300,2,0,5,0,0,0,0
2021-02-07T23:59:59+01:00,0,0,176,145,284,447,294,862,365,1356,540,964,283,239,235,438,183,856,0,0,19,40,82,122,132,264,153,426,236,361,153,120,127,235,107,471,7666,3048,1,0,0,0,0,0,0
2021-02-06T23:59:59+01:00,0,0,176,145,284,447,294,862,365,1356,540,964,283,239,235,438,183,856,0,0,19,37,80,119,122,249,142,409,205,340,138,116,126,230,106,460,7666,2898,1,0,0,0,0,0,0
2021-02-05T23:59:59+01:00,0,0,176,143,284,443,293,851,363,1348,536,961,283,238,235,438,183,855,0,0,18,33,77,114,115,235,136,382,188,322,133,111,122,225,98,443,7629,2752,1,0,0,0,0,0,0
2021-02-04T23:59:59+01:00,0,0,168,138,283,439,286,842,359,1337,527,952,282,236,234,437,183,853,0,0,11,20,50,76,86,178,114,290,155,263,115,97,110,206,88,399,7556,2258,0,0,0,0,0,0,0
2021-02-03T23:59:59+01:00,0,0,150,131,273,433,283,835,357,1326,527,950,282,236,233,437,183,852,0,0,11,18,42,65,77,143,90,258,134,222,96,83,95,177,79,351,7488,1941,0,0,0,0,0,0,0
2021-02-02T23:59:59+01:00,0,0,130,126,261,431,280,827,352,1320,526,943,281,236,232,437,182,851,0,0,11,15,34,59,65,121,75,213,103,172,64,58,70,114,54,225,7415,1453,0,0,0,0,0,0,0
2021-02-01T23:59:59+01:00,0,0,125,121,256,416,278,810,350,1294,520,931,276,234,232,437,182,851,0,0,4,9,19,31,34,66,46,118,59,71,29,29,30,48,29,109,7313,731,0,0,0,0,0,0,0
2021-01-31T23:59:59+01:00,0,0,124,118,254,413,276,806,348,1288,515,929,276,231,231,436,182,851,0,0,4,6,14,22,29,47,32,72,39,43,15,9,14,28,23,63,7278,460,0,0,0,0,0,0,0
2021-01-30T23:59:59+01:00,0,0,124,118,254,413,276,805,348,1287,514,929,276,231,231,436,182,851,0,0,4,6,13,19,26,40,27,64,36,41,15,9,14,28,23,63,7275,428,0,0,0,0,0,0,0
2021-01-29T23:59:59+01:00,0,0,124,118,254,413,275,805,348,1287,514,929,276,231,231,436,182,851,0,0,4,6,7,18,24,32,22,56,32,38,15,9,14,27,22,62,7274,388,0,0,0,0,0,0,0
2021-01-28T23:59:59+01:00,0,0,122,115,250,406,271,798,345,1280,509,928,276,231,231,436,182,851,0,0,1,3,2,8,16,14,12,27,12,23,11,5,7,14,7,25,7231,187,0,0,0,0,0,0,0
2021-01-27T23:59:59+01:00,0,0,114,105,248,401,268,789,340,1273,503,921,271,228,230,435,182,851,0,0,0,0,1,4,12,12,8,20,10,17,10,5,7,14,7,25,7159,152,0,0,0,0,0,0,0
2021-01-26T23:59:59+01:00,0,0,88,93,230,384,260,764,328,1235,477,890,251,216,220,417,182,843,0,0,0,0,1,4,12,12,8,20,10,17,10,5,7,14,7,25,6878,152,0,0,0,0,0,0,0
2021-01-25T23:59:59+01:00,0,0,85,88,228,364,247,745,314,1202,459,865,234,209,209,395,177,787,0,0,0,0,1,4,12,10,7,13,7,13,10,5,7,14,7,25,6608,135,0,0,0,0,0,0,0
2021-01-24T23:59:59+01:00,0,0,85,86,224,360,246,740,311,1189,457,850,233,207,209,384,177,776,0,0,0,0,1,4,11,10,7,13,7,13,10,5,7,14,7,25,6534,134,0,0,0,0,0,0,0
2021-01-23T23:59:59+01:00,0,0,85,86,224,360,246,740,311,1189,457,850,233,207,209,384,177,776,0,0,0,0,1,4,11,10,7,13,7,13,10,5,7,14,7,25,6534,134,0,0,0,0,0,0,0
2021-01-22T23:59:59+01:00,0,0,85,85,222,358,246,737,308,1185,453,847,231,206,209,383,177,776,0,0,0,0,1,4,11,10,7,13,7,13,10,5,7,14,7,25,6508,134,0,0,0,0,0,0,0
2021-01-21T23:59:59+01:00,0,0,85,82,209,328,236,693,283,1136,438,813,230,202,208,377,176,773,0,0,0,0,1,2,9,9,6,12,6,11,10,5,7,14,7,25,6269,124,0,0,0,0,0,0,0
2021-01-20T23:59:59+01:00,0,0,79,77,194,305,224,627,269,1043,409,753,221,190,193,346,162,721,0,0,0,0,1,2,9,9,6,12,6,11,10,5,7,14,7,25,5813,124,0,0,0,0,0,0,0
2021-01-19T23:59:59+01:00,0,0,71,67,155,256,204,564,243,920,369,644,200,164,167,304,148,631,0,0,0,0,1,2,3,7,6,11,4,9,7,4,7,14,7,25,5107,107,0,0,0,0,0,0,0
2021-01-18T23:59:59+01:00,0,0,59,59,132,213,183,461,216,762,329,551,181,143,142,253,126,542,0,0,0,0,0,1,2,4,3,6,2,7,6,4,7,14,7,23,4352,86,0,0,0,0,0,0,0
2021-01-17T23:59:59+01:00,0,0,40,47,108,183,168,402,200,676,304,496,172,136,129,235,109,482,0,0,0,0,0,0,2,4,2,6,2,5,4,4,7,14,6,23,3887,79,0,0,0,0,0,0,0
2021-01-16T23:59:59+01:00,0,0,33,44,108,180,158,385,185,656,273,475,156,131,128,229,108,470,0,0,0,0,0,0,0,0,0,0,0,0,0,0,0,0,0,0,3719,0,0,0,0,0,0,0,0
2021-01-15T23:59:59+01:00,0,0,31,40,105,175,147,371,179,626,254,453,151,122,124,223,99,452,0,0,0,0,0,0,0,0,0,0,0,0,0,0,0,0,0,0,3552,0,0,0,0,0,0,0,0
2021-01-14T23:59:59+01:00,0,0,13,23,51,76,85,174,115,288,149,264,123,103,110,204,87,407,0,0,0,0,0,0,0,0,0,0,0,0,0,0,0,0,0,0,2272,0,0,0,0,0,0,0,0
2021-01-13T23:59:59+01:00,0,0,12,20,41,65,77,139,93,258,124,227,94,81,90,163,68,325,0,0,0,0,0,0,0,0,0,0,0,0,0,0,0,0,0,0,1877,0,0,0,0,0,0,0,0
2021-01-12T23:59:59+01:00,0,0,12,15,37,61,64,115,78,209,95,173,61,53,60,97,40,189,0,0,0,0,0,0,0,0,0,0,0,0,0,0,0,0,0,0,1359,0,0,0,0,0,0,0,0
2021-01-11T23:59:59+01:00,0,0,4,10,26,43,40,83,57,141,58,86,32,28,25,40,19,81,0,0,0,0,0,0,0,0,0,0,0,0,0,0,0,0,0,0,773,0,0,0,0,0,0,0,0
2021-01-10T23:59:59+01:00,0,0,3,6,19,31,35,58,38,94,37,54,15,8,8,19,13,34,0,0,0,0,0,0,0,0,0,0,0,0,0,0,0,0,0,0,472,0,0,0,0,0,0,0,0
2021-01-09T23:59:59+01:00,0,0,3,6,18,27,34,54,33,84,35,53,15,8,8,19,13,34,0,0,0,0,0,0,0,0,0,0,0,0,0,0,0,0,0,0,444,0,0,0,0,0,0,0,0
2021-01-08T23:59:59+01:00,0,0,3,6,15,26,30,44,27,75,31,49,14,8,7,17,12,33,0,0,0,0,0,0,0,0,0,0,0,0,0,0,0,0,0,0,397,0,0,0,0,0,0,0,0
2021-01-07T23:59:59+01:00,0,0,1,4,2,9,16,14,14,28,13,24,11,6,7,15,9,26,0,0,0,0,0,0,0,0,0,0,0,0,0,0,0,0,0,0,199,0,0,0,0,0,0,0,0
2021-01-06T23:59:59+01:00,0,0,1,0,2,4,14,12,9,22,11,19,11,6,7,15,9,26,0,0,0,0,0,0,0,0,0,0,0,0,0,0,0,0,0,0,168,0,0,0,0,0,0,0,0
2021-01-05T23:59:59+01:00,0,0,0,0,1,4,13,12,8,20,10,19,10,6,7,15,9,26,0,0,0,0,0,0,0,0,0,0,0,0,0,0,0,0,0,0,160,0,0,0,0,0,0,0,0
2021-01-04T23:59:59+01:00,0,0,0,0,1,4,13,11,7,16,8,17,10,6,7,15,9,26,0,0,0,0,0,0,0,0,0,0,0,0,0,0,0,0,0,0,150,0,0,0,0,0,0,0,0
2021-01-03T23:59:59+01:00,0,0,0,0,1,4,12,10,7,13,6,14,10,6,7,15,9,26,0,0,0,0,0,0,0,0,0,0,0,0,0,0,0,0,0,0,140,0,0,0,0,0,0,0,0
2021-01-02T23:59:59+01:00,0,0,0,0,1,4,12,10,7,13,6,14,10,6,7,15,9,26,0,0,0,0,0,0,0,0,0,0,0,0,0,0,0,0,0,0,140,0,0,0,0,0,0,0,0
2021-01-01T23:59:59+01:00,0,0,0,0,1,4,12,10,7,13,6,14,10,6,7,15,9,26,0,0,0,0,0,0,0,0,0,0,0,0,0,0,0,0,0,0,140,0,0,0,0,0,0,0,0
2020-12-31T23:59:59+01:00,0,0,0,0,1,4,12,10,7,13,6,14,10,6,7,15,9,26,0,0,0,0,0,0,0,0,0,0,0,0,0,0,0,0,0,0,140,0,0,0,0,0,0,0,0
2020-12-30T23:59:59+01:00,0,0,0,0,1,4,12,10,7,13,6,14,10,6,7,15,9,26,0,0,0,0,0,0,0,0,0,0,0,0,0,0,0,0,0,0,140,0,0,0,0,0,0,0,0
2020-12-29T23:59:59+01:00,0,0,0,0,1,4,8,9,7,13,4,12,10,6,7,15,9,26,0,0,0,0,0,0,0,0,0,0,0,0,0,0,0,0,0,0,131,0,0,0,0,0,0,0,0
2020-12-28T23:59:59+01:00,0,0,0,0,1,1,5,7,7,7,2,9,10,6,7,15,9,26,0,0,0,0,0,0,0,0,0,0,0,0,0,0,0,0,0,0,112,0,0,0,0,0,0,0,0
2020-12-27T23:59:59+01:00,0,0,0,0,0,0,2,4,2,6,1,6,4,5,7,15,8,25,0,0,0,0,0,0,0,0,0,0,0,0,0,0,0,0,0,0,85,0,0,0,0,0,0,0,0
