Datum,<15_m,<15_w,15-24_1_m,15-24_1_w,25-34_1_m,25-34_1_w,35-44_1_m,35-44_1_w,45-54_1_m,45-54_1_w,55-64_1_m,55-64_1_w,65-74_1_m,65-74_1_w,75-84_1_m,75-84_1_w,>84_1_m,>84_1_w,<24_2_m,<24_2_w,25-34_2_m,25-34_2_w,35-44_2_m,35-44_2_w,45-54_2_m,45-54_2_w,55-64_2_m,55-64_2_w,65-74_2_m,65-74_2_w,75-84_2_m,75-84_2_w,>84_2_m,>84_2_w,bp_1,bp_2,mo_1,mo_2,az_1,az_2,ja,unb_1,unb_2
2021-09-15T23:59:59+02:00,1653,1547,9594,9035,10651,9922,13149,13592,17262,17647,20510,20548,16331,17033,9052,11025,2840,5477,8912,8395,10163,9334,12670,12970,16690,17025,19992,19973,16001,16677,8862,10764,2784,5340,148036,141837,20017,19269,27938,27078,10876,8,6
2021-09-14T23:59:59+02:00,1642,1538,9562,9007,10635,9904,13133,13570,17240,17630,20496,20537,16315,17021,9043,11015,2836,5465,8878,8365,10147,9317,12663,12948,16674,17007,19977,19955,15997,16670,8860,10757,2783,5337,147851,141608,19944,19268,27938,27078,10855,8,6
2021-09-13T23:59:59+02:00,1609,1504,9520,8954,10608,9871,13112,13528,17221,17610,20474,20525,16309,17015,9040,11009,2834,5459,8843,8336,10131,9294,12643,12917,16660,16990,19961,19939,15991,16656,8854,10755,2783,5333,147634,141352,19798,19261,27938,27077,10832,7,6
2021-09-12T23:59:59+02:00,1608,1501,9509,8950,10596,9869,13106,13520,17217,17607,20471,20522,16308,17014,9038,11008,2834,5457,8817,8315,10112,9284,12627,12903,16650,16982,19953,19930,15988,16653,8853,10750,2783,5332,147595,141195,19797,19259,27938,27076,10805,7,6
2021-09-11T23:59:59+02:00,1608,1501,9508,8946,10592,9866,13103,13518,17216,17604,20468,20520,16308,17012,9037,11008,2834,5457,8809,8313,10110,9283,12622,12902,16649,16979,19951,19929,15988,16652,8852,10750,2783,5332,147584,141189,19796,19254,27938,27076,10788,7,6
2021-09-10T23:59:59+02:00,1607,1500,9504,8942,10583,9859,13091,13513,17211,17597,20466,20516,16307,17011,9037,11008,2834,5457,8805,8310,10104,9275,12612,12896,16643,16974,19948,19925,15988,16651,8852,10749,2783,5332,147555,141169,19795,19248,27938,27076,10755,7,6
2021-09-09T23:59:59+02:00,1604,1495,9488,8936,10572,9847,13080,13497,17196,17588,20451,20505,16304,17010,9035,11004,2833,5455,8795,8305,10097,9266,12607,12883,16626,16967,19936,19916,15986,16649,8850,10742,2782,5330,147478,141116,19793,19248,27938,27076,10690,7,6
2021-09-08T23:59:59+02:00,1566,1446,9443,8877,10540,9809,13052,13460,17165,17564,20432,20483,16289,16996,9031,10998,2833,5453,8771,8289,10077,9250,12588,12868,16613,16958,19922,19910,15979,16644,8849,10737,2782,5330,147066,140991,19792,19244,27938,27076,10640,7,6
2021-09-07T23:59:59+02:00,1548,1421,9422,8854,10521,9789,13044,13450,17156,17553,20426,20478,16285,16993,9030,10993,2832,5451,8762,8281,10067,9248,12580,12866,16609,16951,19918,19907,15979,16643,8849,10734,2782,5330,146892,140950,19791,19242,27938,27072,10624,7,6
2021-09-06T23:59:59+02:00,1535,1409,9399,8831,10500,9768,13035,13436,17146,17539,20417,20461,16283,16990,9029,10993,2831,5451,8756,8271,10057,9241,12574,12856,16603,16945,19913,19900,15977,16642,8845,10731,2782,5329,146721,140887,19790,19238,27936,27071,10605,7,6
2021-09-05T23:59:59+02:00,1531,1406,9391,8819,10491,9763,13030,13430,17143,17532,20411,20459,16280,16987,9029,10992,2831,5451,8750,8265,10050,9231,12569,12850,16597,16939,19905,19897,15975,16640,8845,10730,2782,5329,146669,140835,19789,19238,27936,27068,10581,7,6
2021-09-04T23:59:59+02:00,1530,1406,9390,8817,10490,9763,13029,13429,17143,17532,20409,20457,16280,16987,9029,10992,2831,5451,8750,8265,10049,9230,12568,12850,16596,16938,19904,19897,15975,16640,8845,10730,2782,5329,146663,140830,19786,19238,27936,27068,10579,7,6
2021-09-03T23:59:59+02:00,1520,1394,9370,8800,10477,9751,13024,13419,17128,17521,20397,20447,16276,16981,9028,10987,2831,5448,8734,8255,10037,9223,12561,12843,16580,16928,19901,19889,15971,16633,8844,10726,2782,5326,146565,140780,19783,19237,27936,27068,10514,7,6
2021-09-02T23:59:59+02:00,1509,1385,9317,8769,10418,9700,12953,13363,17079,17482,20339,20405,16244,16954,9018,10976,2830,5443,8689,8231,9978,9178,12493,12794,16536,16895,19841,19848,15939,16610,8837,10718,2782,5321,146445,140722,19781,19233,27935,27066,10022,7,6
2021-09-01T23:59:59+02:00,1505,1369,9299,8756,10400,9691,12940,13350,17069,17469,20330,20402,16240,16948,9011,10972,2830,5442,8670,8209,9963,9162,12482,12783,16525,16884,19825,19837,15935,16606,8834,10712,2782,5320,146337,140587,19770,19231,27935,27065,9980,7,6
2021-08-31T23:59:59+02:00,1488,1351,9283,8727,10389,9677,12930,13342,17064,17458,20323,20394,16235,16944,9009,10967,2830,5442,8654,8193,9957,9150,12467,12771,16514,16879,19822,19830,15931,16604,8833,10709,2782,5320,146178,140464,19769,19228,27935,27062,9970,7,6
2021-08-30T23:59:59+02:00,1467,1334,9262,8704,10375,9661,12918,13327,17052,17439,20311,20386,16231,16941,9007,10965,2830,5441,8624,8180,9943,9139,12455,12753,16501,16864,19813,19822,15924,16598,8831,10704,2780,5318,146012,140326,19769,19223,27932,27053,9936,7,6
2021-08-29T23:59:59+02:00,1466,1333,9259,8698,10369,9652,12915,13322,17043,17434,20307,20381,16228,16936,9007,10965,2830,5440,8621,8173,9934,9129,12450,12747,16493,16860,19809,19819,15921,16591,8830,10704,2780,5317,145993,140307,19769,19221,27932,27047,9889,7,6
2021-08-28T23:59:59+02:00,1465,1333,9256,8694,10369,9651,12914,13321,17043,17433,20307,20380,16228,16936,9007,10965,2830,5440,8617,8173,9932,9129,12449,12746,16493,16859,19809,19818,15921,16591,8830,10704,2780,5317,145985,140301,19769,19219,27932,27047,9884,7,6
2021-08-27T23:59:59+02:00,1455,1322,9244,8686,10364,9645,12911,13319,17040,17427,20302,20375,16227,16934,9006,10965,2830,5440,8609,8166,9929,9123,12441,12744,16490,16852,19808,19817,15919,16590,8829,10703,2780,5317,145910,140251,19769,19217,27932,27042,9879,7,6
2021-08-26T23:59:59+02:00,1452,1321,9236,8682,10359,9639,12902,13318,17037,17425,20300,20370,16224,16931,9003,10960,2829,5440,8599,8154,9923,9118,12433,12741,16485,16850,19806,19812,15916,16586,8826,10700,2779,5317,145888,140221,19767,19217,27932,27036,9839,7,6
2021-08-25T23:59:59+02:00,1439,1297,9135,8626,10277,9566,12814,13243,16919,17341,20207,20314,16178,16893,8988,10940,2824,5429,8514,8101,9845,9056,12343,12677,16382,16777,19720,19758,15872,16547,8812,10680,2774,5304,145648,140078,19766,19216,27932,27034,9082,7,6
2021-08-24T23:59:59+02:00,1420,1272,9103,8596,10263,9547,12786,13214,16889,17305,20193,20298,16163,16883,8983,10934,2824,5426,8490,8087,9828,9044,12327,12665,16370,16761,19712,19747,15866,16542,8812,10678,2774,5303,145362,139954,19764,19213,27932,27034,9039,7,6
2021-08-23T23:59:59+02:00,1402,1247,9064,8558,10249,9529,12755,13194,16870,17287,20180,20274,16152,16871,8972,10928,2823,5421,8466,8071,9803,9025,12311,12658,16357,16752,19702,19731,15859,16535,8808,10673,2773,5300,145107,139857,19764,19211,27932,27013,8971,7,6
2021-08-22T23:59:59+02:00,1402,1247,9054,8553,10242,9523,12754,13190,16867,17281,20177,20271,16149,16868,8968,10928,2823,5420,8450,8064,9796,9013,12307,12653,16354,16745,19700,19727,15856,16531,8804,10671,2773,5299,145094,139826,19764,19208,27932,27010,8925,7,6
2021-08-21T23:59:59+02:00,1402,1246,9049,8553,10241,9520,12751,13189,16866,17281,20176,20270,16149,16868,8968,10928,2823,5420,8327,7982,9692,8920,12219,12543,16265,16674,19645,19683,15836,16516,8801,10660,2772,5297,145088,139822,19761,18306,27932,27009,8917,7,6
2021-08-20T23:59:59+02:00,1401,1244,9041,8551,10234,9512,12744,13179,16863,17279,20169,20265,16146,16868,8968,10926,2822,5419,7966,7656,9541,8757,12074,12404,16143,16562,19537,19587,15796,16467,8789,10636,2770,5296,145054,137718,19761,18305,27932,27008,8882,7,6
2021-08-19T23:59:59+02:00,1396,1242,9030,8545,10227,9502,12735,13174,16858,17278,20164,20263,16145,16866,8968,10925,2822,5418,7706,7389,9410,8652,11932,12285,16051,16454,19441,19498,15754,16418,8779,10616,2769,5288,145013,135990,19758,18299,27931,26999,8854,7,6
2021-08-18T23:59:59+02:00,1371,1210,8984,8507,10200,9473,12708,13140,16828,17255,20137,20234,16132,16852,8961,10919,2818,5413,7692,7379,9398,8644,11918,12269,16036,16445,19433,19489,15748,16411,8775,10612,2766,5285,144705,135940,19745,18298,27928,26998,8762,7,6
2021-08-17T23:59:59+02:00,1346,1197,8947,8474,10185,9452,12695,13116,16813,17235,20116,20212,16124,16842,8958,10912,2816,5408,7677,7364,9381,8637,11909,12260,16029,16434,19422,19483,15743,16406,8774,10610,2765,5283,144467,135873,19742,18293,27927,26992,8710,7,6
2021-08-16T23:59:59+02:00,1323,1179,8910,8449,10165,9432,12671,13092,16803,17216,20096,20197,16119,16830,8954,10911,2816,5408,7670,7353,9365,8635,11899,12254,16027,16429,19413,19476,15740,16403,8774,10610,2765,5283,144232,135837,19740,18289,27927,26990,8670,7,6
2021-08-15T23:59:59+02:00,1305,1162,8889,8430,10153,9416,12655,13080,16790,17206,20082,20185,16113,16824,8954,10906,2816,5408,7658,7343,9350,8620,11886,12244,16020,16421,19407,19472,15733,16399,8773,10607,2765,5283,144082,135786,19739,18285,27925,26971,8626,7,6
2021-08-14T23:59:59+02:00,1304,1162,8889,8430,10152,9416,12654,13077,16790,17205,20081,20183,16113,16824,8954,10906,2816,5408,7341,7050,9205,8454,11711,12081,15901,16291,19313,19386,15707,16375,8764,10594,2765,5279,144075,133798,19739,18283,27925,26963,8623,7,6
2021-08-13T23:59:59+02:00,1299,1160,8876,8420,10141,9408,12642,13068,16775,17196,20073,20175,16109,16818,8952,10905,2815,5408,6956,6692,9032,8295,11505,11867,15685,16110,19172,19264,15673,16336,8753,10580,2763,5275,144045,131330,19739,18283,27925,26960,8529,7,6
2021-08-12T23:59:59+02:00,1299,1160,8875,8416,10134,9402,12638,13067,16769,17187,20069,20169,16108,16814,8950,10903,2815,5408,6950,6685,9019,8287,11494,11865,15674,16103,19168,19257,15671,16330,8751,10579,2763,5275,144028,131297,19738,18280,27925,26942,8490,7,6
2021-08-11T23:59:59+02:00,1296,1156,8872,8410,10124,9397,12630,13063,16764,17183,20064,20167,16106,16811,8949,10903,2815,5407,6944,6675,9004,8277,11483,11861,15668,16096,19160,19251,15667,16327,8750,10579,2763,5273,143983,131237,19735,18273,27925,26929,8472,7,6
2021-08-10T23:59:59+02:00,1295,1156,8868,8408,10119,9392,12628,13059,16763,17181,20063,20162,16105,16809,8949,10902,2815,5407,6899,6631,8973,8262,11464,11840,15643,16084,19153,19241,15665,16325,8750,10577,2763,5273,143957,130996,19735,18269,27925,26923,8462,7,6
2021-08-09T23:59:59+02:00,1295,1154,8861,8407,10114,9385,12627,13057,16756,17179,20057,20162,16103,16809,8948,10902,2815,5407,6880,6609,8953,8246,11452,11830,15627,16073,19147,19237,15662,16324,8748,10576,2763,5273,143931,130869,19735,18265,27923,26914,8447,7,6
2021-08-08T23:59:59+02:00,1295,1153,8858,8401,10112,9381,12618,13054,16751,17175,20055,20159,16101,16806,8947,10901,2814,5406,6877,6597,8936,8238,11436,11823,15620,16064,19145,19234,15659,16321,8747,10575,2762,5272,143920,130821,19734,18258,27923,26911,8408,7,6
2021-08-07T23:59:59+02:00,1295,1145,8849,8393,10101,9374,12616,13047,16744,17171,20049,20154,16097,16801,8945,10901,2813,5406,6224,6027,8664,8014,11166,11591,15421,15890,19061,19158,15639,16297,8740,10568,2759,5271,143872,127733,19733,18246,27923,26910,8371,7,6
2021-08-06T23:59:59+02:00,1289,1144,8839,8381,10086,9362,12596,13029,16726,17159,20032,20141,16090,16793,8945,10898,2813,5405,6210,6012,8648,7999,11142,11571,15399,15874,19044,19146,15632,16290,8740,10565,2759,5270,143834,127682,19731,18240,27923,26908,8238,7,6
2021-08-05T23:59:59+02:00,1286,1142,8832,8374,10077,9353,12582,13021,16720,17156,20025,20137,16089,16793,8945,10897,2813,5405,5924,5775,8299,7703,10779,11297,15078,15638,18795,18979,15612,16267,8730,10558,2758,5269,143786,127597,19727,15538,27919,26875,8213,7,6
2021-08-04T23:59:59+02:00,1285,1139,8826,8371,10072,9350,12575,13017,16715,17154,20023,20134,16088,16793,8944,10896,2813,5404,5910,5768,8271,7692,10760,11286,15062,15631,18790,18974,15609,16264,8729,10558,2757,5269,143755,127499,19726,15530,27918,26860,8198,7,6
2021-08-03T23:59:59+02:00,1278,1136,8822,8361,10067,9345,12570,13014,16710,17152,20018,20132,16086,16793,8943,10894,2813,5403,5797,5654,8178,7623,10643,11208,15013,15579,18761,18959,15605,16262,8728,10556,2755,5267,143710,126771,19724,15522,27918,26831,8183,7,6
2021-08-02T23:59:59+02:00,1272,1130,8808,8353,10059,9338,12565,13008,16705,17143,20011,20128,16084,16790,8941,10891,2812,5402,5626,5495,8046,7518,10519,11093,14942,15499,18729,18934,15597,16253,8721,10556,2754,5267,143629,125705,19718,15519,27917,26800,8174,7,6
2021-08-01T23:59:59+02:00,1270,1129,8801,8344,10052,9331,12559,13006,16700,17141,20006,20126,16083,16790,8940,10889,2812,5402,5565,5438,7995,7469,10457,11042,14907,15474,18716,18917,15595,16250,8719,10553,2754,5265,143583,125269,19715,15516,27916,26779,8165,7,6
2021-07-31T23:59:59+02:00,1270,1129,8800,8341,10052,9330,12557,13006,16699,17141,20005,20124,16083,16790,8940,10888,2812,5402,5540,5418,7979,7457,10441,11029,14894,15468,18713,18914,15594,16249,8719,10553,2754,5265,143580,125143,19714,15513,27916,26778,8157,7,6
2021-07-30T23:59:59+02:00,1139,1009,8569,8112,9959,9212,12475,12922,16620,17067,19946,20056,16051,16751,8934,10871,2811,5399,5249,5141,7841,7314,10253,10838,14757,15302,18646,18858,15569,16221,8703,10539,2749,5261,142122,123312,19712,15504,27916,26760,8151,7,6
2021-07-29T23:59:59+02:00,1132,1001,8440,8023,9799,9114,12322,12820,16474,16972,19782,19946,15965,16683,8909,10852,2810,5392,4952,4907,7561,7120,9973,10636,14509,15126,18449,18740,15484,16147,8676,10518,2748,5251,142004,122202,19709,15462,27916,26734,6805,7,6
2021-07-28T23:59:59+02:00,1121,987,8410,7986,9785,9099,12301,12806,16457,16950,19762,19936,15958,16670,8902,10848,2810,5390,4531,4476,7242,6866,9656,10337,14274,14944,18392,18699,15469,16136,8670,10507,2748,5241,141763,119549,19707,15408,27914,26672,6792,7,6
2021-07-27T23:59:59+02:00,1111,979,8387,7971,9773,9092,12290,12797,16448,16945,19755,19923,15956,16664,8900,10845,2809,5388,4296,4228,7012,6667,9409,10058,14112,14783,18341,18633,15420,16090,8653,10491,2745,5234,141626,117524,19704,15407,27914,26649,6787,7,6
2021-07-26T23:59:59+02:00,1107,976,8373,7959,9766,9087,12284,12792,16441,16937,19748,19922,15953,16659,8898,10841,2808,5383,4188,4116,6910,6557,9284,9933,14030,14702,18296,18599,15409,16079,8643,10483,2742,5232,141548,116619,19700,15398,27903,26591,6781,7,6
2021-07-25T23:59:59+02:00,1106,975,8366,7955,9753,9083,12274,12789,16436,16932,19745,19921,15951,16659,8897,10841,2808,5383,4139,4063,6834,6506,9213,9879,13994,14669,18272,18585,15391,16066,8636,10477,2742,5230,141523,116176,19697,15382,27902,26570,6750,7,6
2021-07-24T23:59:59+02:00,1104,971,8277,7893,9679,9004,12207,12712,16369,16878,19705,19882,15929,16645,8894,10831,2808,5382,4096,4023,6776,6456,9135,9825,13930,14603,18240,18559,15378,16056,8628,10473,2742,5230,141504,115926,19034,15101,27902,26568,6728,7,6
2021-07-23T23:59:59+02:00,1077,946,8164,7803,9641,8969,12173,12683,16324,16843,19675,19863,15923,16639,8889,10827,2808,5382,3802,3736,6514,6245,8854,9538,13694,14427,18160,18502,15336,16012,8610,10454,2739,5224,141005,113666,19034,15077,27902,26562,6686,7,6
2021-07-22T23:59:59+02:00,986,860,7948,7574,9536,8879,12055,12587,16233,16756,19602,19776,15877,16599,8881,10812,2807,5376,3675,3609,6358,6153,8702,9408,13532,14285,18087,18435,15314,15987,8602,10445,2739,5223,139541,112516,19033,15005,27895,26469,6673,7,6
2021-07-21T23:59:59+02:00,966,846,7917,7534,9520,8868,12032,12564,16209,16740,19578,19755,15866,16592,8881,10807,2807,5376,3367,3339,6013,5896,8307,9024,13265,14050,17945,18309,15222,15905,8570,10415,2736,5211,139285,109704,19031,14933,27890,26370,6650,7,6
2021-07-20T23:59:59+02:00,965,845,7909,7529,9511,8865,12027,12562,16201,16739,19573,19750,15865,16591,8881,10806,2807,5376,3294,3286,5954,5842,8247,8963,13180,14005,17913,18295,15222,15905,8570,10413,2736,5211,139245,109314,19030,14918,27887,26238,6638,7,6
2021-07-19T23:59:59+02:00,964,845,7903,7529,9507,8858,12022,12560,16196,16733,19571,19750,15864,16588,8881,10804,2807,5375,3244,3251,5907,5803,8189,8919,13123,13978,17867,18283,15222,15903,8570,10411,2736,5210,139214,109046,19029,14902,27887,26112,6625,7,6
2021-07-18T23:59:59+02:00,963,844,7893,7520,9500,8852,12014,12556,16190,16728,19569,19749,15863,16586,8881,10804,2807,5375,3225,3234,5867,5772,8155,8891,13084,13962,17854,18280,15222,15902,8570,10411,2736,5209,139169,108859,19027,14869,27885,26103,6611,7,6
2021-07-17T23:59:59+02:00,847,725,7569,7228,9348,8683,11837,12394,16061,16589,19473,19654,15842,16565,8873,10791,2807,5372,3124,3126,5755,5679,8021,8736,12944,13836,17759,18203,15212,15884,8567,10404,2736,5209,137154,107682,19025,14865,27885,26099,6595,4,6
2021-07-16T23:59:59+02:00,690,573,7173,6903,9158,8526,11644,12184,15857,16413,19331,19526,15813,16528,8864,10777,2806,5370,3062,3065,5679,5615,7909,8632,12827,13702,17681,18129,15190,15868,8563,10402,2735,5209,134669,106792,19025,14860,27884,26093,6559,4,6
2021-07-15T23:59:59+02:00,688,573,7160,6895,9154,8525,11633,12180,15847,16406,19327,19520,15811,16526,8860,10775,2805,5361,3024,3030,5612,5574,7819,8580,12752,13662,17651,18107,15167,15853,8555,10395,2734,5200,134631,106561,19023,14705,27879,25971,6513,4,6
2021-07-14T23:59:59+02:00,686,572,7151,6887,9150,8523,11628,12176,15841,16403,19322,19515,15809,16523,8857,10772,2804,5357,3001,3018,5571,5543,7784,8558,12719,13646,17634,18096,15160,15850,8552,10391,2734,5196,134599,106409,19022,14672,27879,25931,6476,4,6
2021-07-13T23:59:59+02:00,681,569,7127,6870,9138,8507,11619,12162,15830,16382,19313,19508,15800,16519,8853,10762,2799,5349,2943,2967,5507,5475,7622,8423,12464,13428,17477,17966,15141,15839,8540,10378,2729,5185,134472,105184,19022,14619,27876,25895,6418,4,6
2021-07-12T23:59:59+02:00,675,561,7113,6854,9128,8496,11608,12153,15825,16369,19301,19504,15798,16515,8851,10762,2799,5346,2885,2913,5425,5400,7475,8308,12216,13216,17298,17820,15131,15834,8536,10371,2728,5185,134356,103947,19020,14568,27872,25845,6410,4,6
2021-07-11T23:59:59+02:00,674,560,7105,6851,9119,8487,11602,12145,15815,16366,19296,19499,15798,16512,8850,10760,2799,5346,2854,2878,5349,5324,7378,8220,12051,13061,17171,17688,15124,15823,8535,10368,2728,5185,134314,103061,19016,14518,27872,25804,6382,4,6
2021-07-10T23:59:59+02:00,501,403,6536,6302,8892,8303,11361,11951,15658,16234,19241,19450,15790,16502,8846,10755,2798,5345,2823,2844,5298,5281,7297,8139,11949,12961,17093,17621,15108,15807,8532,10357,2725,5183,131615,102363,19016,14516,27872,25796,6365,4,6
2021-07-09T23:59:59+02:00,490,396,6477,6274,8866,8266,11321,11922,15632,16221,19228,19434,15789,16499,8846,10752,2798,5345,2766,2777,5215,5213,7119,7963,11539,12662,16797,17415,15088,15780,8525,10352,2724,5180,131524,101341,18805,13656,27871,25782,6356,4,6
2021-07-08T23:59:59+02:00,485,394,6157,6009,8492,7975,10940,11612,15294,15975,18969,19261,15766,16475,8837,10745,2795,5344,2704,2727,5134,5138,6978,7872,11339,12520,16649,17292,15081,15772,8525,10350,2724,5179,131437,100482,15895,13489,27867,25706,6326,4,6
2021-07-07T23:59:59+02:00,483,390,6142,5996,8469,7959,10925,11595,15283,15965,18968,19256,15764,16471,8836,10743,2795,5342,2656,2672,5045,5080,6842,7779,11105,12340,16485,17159,15073,15766,8520,10345,2724,5179,131325,99462,15886,13367,27865,25658,6302,4,6
2021-07-06T23:59:59+02:00,456,369,6039,5903,8388,7892,10849,11526,15248,15925,18945,19239,15757,16461,8833,10741,2792,5340,2587,2602,4907,4966,6655,7646,10715,11928,16115,16784,15048,15733,8512,10338,2723,5175,130702,97309,15878,13284,27860,25598,6259,4,6
2021-07-05T23:59:59+02:00,415,335,5860,5731,8271,7796,10736,11411,15189,15858,18913,19208,15751,16453,8829,10736,2789,5339,2533,2527,4809,4869,6524,7509,10365,11612,15840,16479,15017,15703,8504,10323,2723,5170,129652,95520,15874,13220,27857,25544,6233,4,6
2021-07-04T23:59:59+02:00,395,305,5786,5652,8214,7741,10669,11355,15158,15827,18899,19189,15745,16450,8828,10734,2789,5337,2514,2497,4748,4823,6465,7458,10228,11503,15739,16407,15012,15696,8502,10322,2722,5170,129148,94956,15868,13151,27852,25507,6201,4,6
2021-07-03T23:59:59+02:00,390,303,5768,5644,8205,7732,10658,11352,15151,15821,18896,19187,15744,16450,8828,10734,2789,5337,2479,2466,4653,4794,6357,7433,10170,11458,15635,16321,14335,14987,8483,10297,2722,5170,129082,94842,15866,13149,27851,23591,6186,4,6
2021-07-02T23:59:59+02:00,346,264,5580,5493,8131,7657,10559,11255,15086,15765,18877,19181,15740,16446,8823,10732,2787,5334,2431,2418,4498,4715,6174,7359,10016,11302,15445,16118,13541,14068,8475,10282,2722,5169,128163,94279,15864,13105,27850,21182,6175,4,6
2021-07-01T23:59:59+02:00,284,210,5363,5312,8002,7546,10421,11130,14957,15670,18831,19156,15732,16439,8818,10726,2787,5333,2313,2297,4322,4542,5938,7109,9236,10618,14815,15648,13516,14038,8470,10277,2718,5167,126873,90786,15854,13010,27849,21097,6137,4,6
2021-06-30T23:59:59+02:00,154,121,4881,4836,7660,7271,10071,10791,14729,15492,18773,19112,15721,16428,8814,10718,2787,5330,2276,2251,4237,4473,5827,7013,9065,10496,14726,15571,13501,14030,8467,10274,2718,5165,123883,90191,15848,12836,27849,20964,6105,4,6
2021-06-29T23:59:59+02:00,118,100,4597,4554,7410,7053,9781,10492,14529,15301,18708,19051,15669,16378,8795,10703,2786,5325,2210,2169,4094,4336,5621,6834,8839,10270,14431,15349,13453,13981,8455,10250,2716,5152,121815,88748,15842,12683,27847,20891,5842,4,6
2021-06-28T23:59:59+02:00,102,79,4460,4409,7305,6942,9658,10363,14438,15194,18663,19008,15653,16362,8781,10692,2783,5323,2125,2042,3911,4130,5339,6492,8455,9759,13899,14813,13335,13891,8437,10226,2713,5140,120792,85541,15833,12601,27844,20826,5742,4,4
2021-06-27T23:59:59+02:00,97,77,4408,4360,7246,6886,9596,10309,14406,15161,18643,18991,15636,16350,8774,10685,2782,5318,2071,2007,3847,4084,5227,6379,8287,9631,13724,14701,13309,13871,8428,10217,2710,5138,120426,84751,15830,12566,27842,20693,5623,4,4
2021-06-26T23:59:59+02:00,84,75,4365,4332,7215,6859,9578,10288,14387,15146,18631,18978,15632,16344,8774,10685,2782,5318,1994,1915,3658,3925,5012,6122,7921,9176,13374,14404,13229,13813,8408,10189,2705,5129,120188,82110,15826,12566,27842,20687,5613,4,4
2021-06-25T23:59:59+02:00,70,62,4052,4005,6947,6620,9287,9993,14164,14958,18547,18922,15586,16298,8755,10666,2780,5311,1929,1831,3494,3806,4820,5891,7596,8762,13065,14069,13179,13757,8395,10164,2699,5123,117777,79763,15798,12535,27842,20682,5602,4,4
2021-06-24T23:59:59+02:00,63,55,3958,3913,6848,6534,9188,9901,14065,14873,18519,18889,15571,16282,8749,10659,2780,5310,1860,1755,3381,3710,4622,5749,7376,8566,12814,13869,12344,12827,8215,9900,2699,5122,117045,78549,15788,12430,27839,18351,5481,4,4
2021-06-23T23:59:59+02:00,49,50,3551,3535,6395,6185,8657,9391,13728,14571,18383,18753,15467,16190,8706,10622,2777,5296,1722,1580,3126,3507,4208,5421,6431,7856,12077,13168,12321,12815,8205,9893,2699,5118,114103,77919,15539,9106,27838,18302,4822,4,4
2021-06-22T23:59:59+02:00,40,42,3479,3463,6319,6126,8554,9314,13676,14525,18349,18736,15456,16183,8705,10617,2777,5293,1682,1526,3023,3405,4067,5271,6179,7672,11469,12461,12231,12723,8188,9860,2695,5110,113477,75593,15535,9025,27836,18144,4802,4,4
2021-06-21T23:59:59+02:00,34,39,3408,3402,6225,6072,8494,9242,13616,14480,18316,18716,15454,16181,8699,10613,2777,5292,1645,1475,2932,3308,3943,5121,5983,7446,10713,11536,11845,12267,7114,8636,2689,5103,112959,72935,15528,8924,27825,15154,4744,4,4
2021-06-20T23:59:59+02:00,34,38,3382,3380,6178,6040,8449,9212,13588,14465,18305,18712,15453,16181,8699,10613,2777,5292,1626,1458,2896,3282,3892,5084,5930,7423,10627,11462,11825,12248,7112,8629,2688,5103,112784,72622,15512,8848,27825,15142,4673,4,4
2021-06-19T23:59:59+02:00,32,36,3355,3356,6149,6019,8420,9193,13564,14459,18299,18707,15453,16180,8699,10613,2777,5292,1622,1446,2891,3273,3884,5079,5916,7418,10616,11455,11825,12248,7112,8628,2688,5103,112595,72543,15506,8848,27825,15140,4673,4,4
2021-06-18T23:59:59+02:00,28,31,3314,3314,6073,5980,8352,9139,13519,14428,18276,18696,15452,16178,8698,10612,2777,5292,1547,1351,2755,3098,3701,4802,5518,7043,9125,9885,11658,12079,7071,8578,2676,5085,112214,67359,15479,8847,27825,15129,4637,4,4
2021-06-17T23:59:59+02:00,26,28,3250,3262,6007,5942,8279,9086,13447,14383,18253,18685,15450,16173,8696,10609,2777,5289,1415,1255,2566,2883,3439,4513,5157,6649,8453,9154,11375,11838,7030,8521,2672,5082,111844,63647,15450,8731,27822,15102,4522,4,4
2021-06-16T23:59:59+02:00,26,25,3197,3201,5895,5876,8161,8992,13320,14297,18186,18650,15444,16164,8696,10606,2777,5289,1318,1199,2425,2775,3255,4356,4872,6378,7374,7862,11284,11731,6999,8484,2659,5064,111207,59883,15376,8685,27819,15071,4396,4,4
2021-06-15T23:59:59+02:00,21,24,3100,3116,5778,5787,7971,8815,13059,14078,18035,18523,15429,16152,8688,10600,2777,5287,1280,1166,2353,2719,3148,4282,4668,6253,7062,7611,10789,11172,6966,8449,2651,5051,109785,57637,15348,8653,27810,15038,4293,4,3
2021-06-14T23:59:59+02:00,20,22,3027,3045,5700,5730,7830,8696,12770,13842,17850,18349,15413,16138,8681,10595,2776,5286,1253,1138,2287,2663,3023,4184,4470,6114,6723,7310,10261,10561,6935,8412,2647,5042,108404,55270,15340,8548,27806,14991,4216,4,2
2021-06-13T23:59:59+02:00,20,22,3009,3014,5634,5692,7767,8630,12630,13706,17745,18227,15407,16129,8680,10592,2775,5286,1243,1125,2256,2649,2986,4173,4426,6094,6691,7294,10257,10554,6935,8411,2647,5042,107667,55129,15329,8542,27802,14951,4163,4,2
2021-06-12T23:59:59+02:00,18,22,2980,2996,5606,5667,7736,8612,12610,13688,17736,18224,15406,16128,8680,10592,2775,5286,1186,1063,2166,2574,2890,4038,4284,5963,6581,7209,10175,10476,6337,7683,2647,5042,107468,55014,15327,8542,27802,12599,4161,4,2
2021-06-11T23:59:59+02:00,18,19,2903,2920,5537,5602,7553,8426,12200,13380,17455,18020,15390,16103,8674,10584,2773,5284,1163,1046,2111,2534,2825,3990,4199,5901,6471,7119,10073,10363,6323,7677,2645,5036,106451,54491,14435,8274,27801,12563,4150,4,2
2021-06-10T23:59:59+02:00,14,17,2847,2879,5438,5551,7420,8343,12014,13242,17318,17903,15385,16099,8674,10583,2772,5283,1124,1021,2036,2468,2723,3913,4029,5771,6229,6907,9822,10095,6303,7649,2639,5030,105533,52930,14361,8270,27796,12473,4088,4,2
2021-06-09T23:59:59+02:00,13,15,2771,2810,5314,5457,7197,8171,11737,13000,17131,17753,15374,16085,8670,10574,2772,5280,1067,959,1904,2350,2519,3732,3701,5486,5608,6400,9001,9194,6246,7573,2624,4995,104327,48932,14209,8252,27787,12380,3797,4,2
2021-06-08T23:59:59+02:00,10,11,2673,2706,5181,5330,7001,7988,11304,12573,16754,17365,15355,16058,8659,10568,2771,5275,1030,930,1837,2286,2413,3659,3558,5420,5460,6271,8968,9175,6244,7563,2622,4991,102124,48426,14182,8203,27785,12313,3487,4,2
2021-06-07T23:59:59+02:00,8,10,2545,2608,4990,5201,6792,7825,10827,12214,16411,17068,15329,16030,8653,10551,2770,5271,959,893,1710,2232,2274,3577,3305,5331,5105,5987,8419,8551,6190,7504,2618,4982,100189,46214,14139,8189,27776,12241,2995,4,2
2021-06-06T23:59:59+02:00,8,8,2510,2584,4929,5142,6705,7769,10690,12104,16319,17004,15326,16026,8653,10551,2768,5270,943,883,1681,2213,2232,3550,3239,5307,5057,5963,8414,8550,6185,7497,2618,4981,99603,46060,14087,8180,27770,12173,2902,4,2
2021-06-05T23:59:59+02:00,7,7,2497,2562,4900,5115,6667,7742,10659,12077,16310,16998,15326,16026,8653,10551,2768,5270,927,868,1649,2186,2193,3498,3137,5225,4702,5635,7816,7847,6157,7444,2617,4979,99378,43678,14087,8175,27768,12131,2898,4,2
2021-06-04T23:59:59+02:00,6,6,2467,2534,4855,5070,6619,7691,10570,11974,16258,16934,15322,16019,8653,10550,2767,5269,915,850,1626,2167,2151,3461,3085,5166,4539,5447,7514,7479,6121,7402,2615,4973,98849,42394,14082,8173,27768,12085,2861,4,2
2021-06-03T23:59:59+02:00,6,6,2362,2403,4702,4899,6412,7441,9868,11339,15668,16485,15311,16009,8650,10544,2766,5268,898,819,1585,2107,2102,3381,2996,5057,4394,5281,7355,7290,6109,7375,2615,4969,95505,41345,14043,8163,27762,12002,2825,4,2
2021-06-02T23:59:59+02:00,6,6,2345,2378,4657,4866,6356,7402,9768,11250,15610,16432,15303,16005,8649,10540,2766,5267,885,806,1567,2084,2050,3345,2911,4971,4032,4892,6798,6652,6065,7319,2611,4958,94978,39008,14041,8159,27762,11959,2821,4,2
2021-06-01T23:59:59+02:00,6,5,2283,2337,4537,4776,6192,7289,9579,11103,15503,16356,15300,16001,8645,10536,2765,5262,853,780,1502,2034,1936,3283,2755,4880,3829,4765,6587,6422,6043,7301,2605,4951,94112,37926,13992,8137,27750,11846,2617,4,2
2021-05-31T23:59:59+02:00,2,5,2233,2278,4438,4683,6049,7163,9394,10958,15417,16302,15292,15994,8642,10536,2765,5262,830,744,1444,1975,1868,3235,2580,4827,3699,4711,6230,6007,6020,7280,2602,4943,93393,36748,13906,8131,27739,11745,2371,4,2
2021-05-30T23:59:59+02:00,2,5,2208,2256,4381,4622,5960,7103,9319,10896,15380,16283,15291,15992,8642,10536,2765,5262,818,733,1422,1954,1818,3211,2447,4792,3593,4693,6228,6005,6020,7280,2602,4943,92948,36433,13866,8109,27729,11661,2356,4,2
2021-05-29T23:59:59+02:00,2,5,2191,2241,4363,4611,5943,7087,9305,10883,15375,16280,15290,15992,8642,10536,2765,5262,799,680,1328,1694,1685,2850,2247,4241,3315,4264,6138,5911,5908,7147,2601,4943,92822,36383,13863,8104,27728,8908,2356,4,2
2021-05-28T23:59:59+02:00,2,5,2170,2218,4325,4566,5899,7042,9229,10813,15308,16228,15286,15990,8642,10536,2765,5261,780,590,1250,1443,1586,2448,2067,3548,3051,3665,5499,5171,5826,7056,2597,4930,92350,35084,13850,8104,27726,5964,2355,4,2
2021-05-27T23:59:59+02:00,2,5,2127,2180,4240,4499,5775,6968,9074,10713,15210,16144,15285,15989,8642,10536,2765,5261,751,555,1217,1361,1544,2310,1999,3405,2938,3545,5061,4685,5793,7017,2586,4901,91669,33957,13701,8095,27702,5277,2339,4,2
2021-05-26T23:59:59+02:00,2,5,2058,2062,4043,4354,5432,6705,8105,9971,14451,15439,15273,15983,8638,10530,2763,5259,740,539,1191,1302,1499,2255,1941,3292,2787,3401,3755,3305,5734,6944,2563,4844,90894,30686,10175,8080,27687,5013,2313,4,2
2021-05-25T23:59:59+02:00,2,5,2017,2023,3960,4287,5336,6639,7970,9864,14076,15004,15225,15946,8631,10515,2761,5255,731,529,1161,1267,1477,2232,1921,3265,2762,3375,3749,3295,5727,6941,2561,4843,89552,30599,10027,8071,27670,4903,2263,4,2
2021-05-24T23:59:59+02:00,2,5,1991,1977,3871,4213,5231,6557,7845,9740,13565,14389,15174,15878,8624,10501,2760,5250,725,521,1141,1255,1447,2218,1900,3247,2737,3353,3733,3277,5705,6917,2554,4827,87760,30472,9948,8020,27658,4863,2203,4,1
2021-05-23T23:59:59+02:00,2,5,1982,1964,3852,4190,5213,6544,7793,9709,13490,14326,15163,15874,8622,10500,2759,5250,718,509,1131,1242,1422,2194,1841,3211,2629,3255,3322,2844,5063,6106,2540,4782,87525,30300,9848,5465,27658,4842,2203,4,1
2021-05-22T23:59:59+02:00,2,5,1816,1922,3550,4140,4810,6500,7535,9653,13365,14247,15157,15873,8622,10499,2759,5250,557,478,838,1200,1044,2158,1600,3158,2515,3180,3318,2842,5063,6105,2540,4782,87375,30288,9848,5464,27656,4805,822,4,1
2021-05-21T23:59:59+02:00,2,4,1730,1813,3396,3948,4621,6205,7138,9286,12074,12906,15006,15724,8585,10452,2750,5239,553,466,828,1198,1042,2151,1565,3128,2438,3103,3144,2705,5037,6062,2537,4767,82597,29653,9808,5464,27650,4787,820,4,1
2021-05-20T23:59:59+02:00,2,4,1692,1777,3304,3897,4514,6124,6961,9206,11863,12678,14985,15706,8582,10445,2749,5238,533,453,787,1152,986,2087,1446,3057,2311,3006,2955,2535,4996,5986,2529,4752,81763,28908,9705,5448,27593,4552,663,3,1
2021-05-19T23:59:59+02:00,2,4,1669,1751,3247,3841,4419,6058,6845,9143,11630,12417,14974,15696,8580,10444,2749,5237,525,441,771,1114,968,2018,1335,2909,1984,2713,2392,2037,4891,5869,2508,4705,80948,26837,9565,5432,27565,4286,625,3,1
2021-05-18T23:59:59+02:00,2,4,1607,1717,3158,3751,4307,5955,6685,8984,11341,12163,14929,15648,8568,10421,2747,5227,522,429,756,1099,950,2001,1251,2843,1704,2491,1950,1691,4819,5786,2487,4662,79852,25295,9362,5422,27496,4223,501,3,1
2021-05-17T23:59:59+02:00,2,4,1558,1636,3028,3593,4101,5675,6337,8526,10793,11612,14821,15557,8549,10396,2742,5217,520,421,750,1092,932,1996,1227,2819,1676,2452,1933,1672,4812,5779,2484,4659,76958,25230,9327,5408,27471,4198,388,3,1
2021-05-16T23:59:59+02:00,2,4,1539,1614,2975,3553,4006,5588,6188,8390,10617,11479,14795,15535,8542,10388,2741,5215,513,415,727,1076,902,1980,1199,2791,1643,2428,1926,1663,4809,5775,2481,4657,76214,25200,9270,5390,27441,4152,243,3,1
2021-05-15T23:59:59+02:00,2,4,1452,1517,2764,3386,3777,5310,5827,7918,10265,11182,14710,15473,8523,10359,2735,5206,513,413,723,1074,902,1976,1194,2790,1637,2424,1914,1651,4803,5769,2481,4655,73461,25140,9270,5390,27434,4147,242,3,1
2021-05-14T23:59:59+02:00,2,4,1418,1454,2651,3290,3625,5153,5630,7629,10045,10930,14675,15435,8510,10336,2732,5202,464,372,651,908,830,1690,1064,2380,1456,2096,1880,1611,4800,5761,2480,4650,71821,25076,9250,5388,27409,2391,238,3,1
2021-05-13T23:59:59+02:00,2,4,1360,1387,2548,3206,3458,5017,5410,7423,9817,10750,14649,15406,8501,10333,2730,5199,457,359,624,880,728,1582,963,2295,1189,1884,1163,1030,4580,5527,2472,4618,70659,24956,8937,2845,27378,2327,223,3,1
2021-05-12T23:59:59+02:00,2,4,1353,1378,2532,3201,3440,5005,5389,7410,9803,10738,14647,15402,8499,10331,2729,5199,457,358,623,879,725,1579,958,2294,1185,1878,1144,1021,4567,5491,2440,4549,70548,24757,8913,2845,27376,2324,222,3,1
2021-05-11T23:59:59+02:00,2,3,1311,1336,2458,3118,3327,4878,5195,7265,9515,10430,14600,15345,8487,10311,2725,5190,451,345,605,865,703,1562,929,2270,1159,1851,1089,985,4504,5394,2398,4425,69212,24267,8790,2826,27291,2242,200,3,1
2021-05-10T23:59:59+02:00,2,3,1287,1309,2394,3041,3200,4753,5065,7108,9191,10048,14554,15306,8478,10292,2720,5188,450,343,592,855,689,1547,918,2254,1141,1837,1054,951,4443,5318,2359,4310,67856,23858,8670,2823,27220,2190,190,3,1
2021-05-09T23:59:59+02:00,2,3,1272,1292,2351,3028,3122,4717,5003,7074,9126,10004,14541,15291,8476,10287,2720,5186,442,341,578,850,666,1527,896,2233,1129,1823,1035,935,4431,5280,2344,4268,67619,23698,8596,2821,27174,2156,103,3,1
2021-05-08T23:59:59+02:00,1,3,1270,1288,2336,3016,3105,4706,4963,7060,9102,9996,14540,15291,8476,10286,2720,5186,442,341,578,850,665,1527,896,2232,1128,1822,1035,935,4430,5280,2344,4268,67477,23697,8590,2818,27172,2155,103,3,1
2021-05-07T23:59:59+02:00,1,3,1251,1267,2297,2975,3053,4657,4863,6968,8878,9749,14525,15269,8470,10280,2717,5182,392,313,546,781,628,1365,826,2025,1040,1634,1005,906,4410,5257,2342,4263,66570,23593,8584,2815,27145,1222,103,3,1
2021-05-06T23:59:59+02:00,1,3,1101,1174,2069,2731,2754,4348,4493,6568,8291,9144,14247,15030,8430,10223,2714,5181,391,309,534,762,611,1333,807,1990,1006,1606,978,875,4400,5243,2340,4259,62938,23464,8456,2765,27009,1119,96,3,1
2021-05-05T23:59:59+02:00,1,2,1036,1123,1959,2618,2595,4177,4198,6289,7275,7960,14162,14932,8395,10182,2701,5161,388,306,527,751,596,1324,773,1976,983,1586,903,812,4359,5171,2332,4243,59416,23141,8411,2746,26886,1093,50,3,1
2021-05-04T23:59:59+02:00,1,2,1014,1103,1908,2579,2493,4110,3977,6175,6994,7744,13655,14364,8365,10148,2696,5152,385,305,522,747,585,1319,756,1957,967,1579,884,788,4339,5155,2329,4234,57356,23007,8353,2731,26726,1071,42,3,1
2021-05-03T23:59:59+02:00,1,2,982,1065,1847,2525,2390,3999,3778,6058,6637,7443,13117,13739,8328,10110,2689,5137,379,304,520,743,575,1313,747,1946,953,1566,859,764,4322,5137,2323,4221,54930,22897,8327,2722,26586,1052,1,3,1
2021-05-02T23:59:59+02:00,1,2,977,1064,1828,2519,2365,3992,3736,6048,6603,7435,13116,13739,8328,10109,2689,5137,379,304,517,743,574,1311,742,1946,952,1563,857,760,4321,5133,2323,4221,54798,22880,8323,2720,26563,1045,1,3,1
2021-05-01T23:59:59+02:00,1,2,977,1062,1820,2517,2354,3987,3724,6040,6591,7426,13115,13737,8328,10109,2689,5137,379,304,517,743,574,1311,741,1945,950,1563,857,760,4321,5133,2323,4221,54729,22880,8322,2716,26561,1045,1,3,1
2021-04-30T23:59:59+02:00,0,2,961,1057,1799,2503,2333,3952,3687,6007,6513,7372,13019,13633,8327,10105,2686,5125,327,249,475,667,545,1131,711,1721,916,1357,845,742,4317,5131,2323,4221,54234,22866,8321,2712,26522,99,1,3,1
2021-04-29T23:59:59+02:00,0,2,906,1032,1742,2452,2269,3893,3540,5884,6276,7149,12760,13360,8305,10076,2682,5118,320,247,465,660,542,1124,704,1711,906,1347,837,727,4308,5123,2323,4219,52639,22779,8306,2706,26497,77,1,3,1
2021-04-28T23:59:59+02:00,0,2,845,998,1662,2390,2125,3783,3255,5631,5671,6645,11923,12443,8247,9987,2659,5081,319,244,463,653,534,1110,693,1691,895,1340,824,711,4289,5096,2321,4219,48588,22658,8299,2687,26456,56,1,3,1
2021-04-27T23:59:59+02:00,0,2,835,993,1644,2370,2080,3765,3184,5606,5545,6523,11894,12426,8245,9985,2659,5079,318,242,457,651,526,1104,684,1679,886,1334,812,700,4285,5090,2320,4213,48109,22580,8296,2672,26426,48,1,3,1
2021-04-26T23:59:59+02:00,0,2,825,980,1618,2352,2020,3724,3007,5528,5212,6238,11329,11781,8189,9920,2655,5070,316,241,456,650,520,1098,673,1673,877,1324,803,691,4280,5085,2320,4209,45778,22528,8287,2644,26382,43,1,2,1
2021-04-25T23:59:59+02:00,0,2,815,978,1604,2346,1982,3706,2881,5505,5120,6233,11325,11777,8186,9914,2654,5069,315,241,456,650,520,1091,673,1671,874,1322,803,690,4280,5085,2320,4209,45452,22523,8281,2640,26361,36,1,2,1
2021-04-24T23:59:59+02:00,0,2,801,968,1582,2326,1942,3661,2784,5437,4775,5913,10708,11051,8156,9856,2653,5067,315,241,456,650,520,1090,672,1670,873,1322,798,686,4270,5069,2318,4208,43044,22486,8280,2636,26355,35,1,2,1
2021-04-23T23:59:59+02:00,0,2,796,960,1569,2316,1913,3635,2743,5386,4614,5727,10399,10670,8116,9814,2650,5058,315,240,456,650,520,1089,671,1670,871,1322,798,685,4267,5066,2318,4208,41744,22475,8280,2635,26341,35,1,2,1
2021-04-22T23:59:59+02:00,0,2,780,945,1541,2273,1862,3567,2658,5296,4461,5573,10255,10476,8102,9783,2648,5050,315,239,454,639,518,1083,665,1662,865,1313,792,680,4264,5064,2318,4206,40744,22439,8254,2610,26271,27,1,2,1
2021-04-21T23:59:59+02:00,0,2,769,932,1517,2261,1809,3522,2554,5208,4076,5153,9658,9792,8053,9721,2644,5039,313,239,452,637,518,1082,661,1659,860,1308,780,668,4254,5050,2318,4202,38226,22389,8237,2586,26244,25,1,2,1
2021-04-20T23:59:59+02:00,0,2,762,921,1495,2234,1778,3493,2502,5150,3939,5057,9462,9573,8036,9711,2640,5036,313,237,452,636,517,1080,660,1654,857,1303,774,664,4250,5045,2318,4202,37391,22357,8226,2580,26171,25,1,2,0
2021-04-19T23:59:59+02:00,0,2,755,911,1486,2227,1761,3476,2470,5124,3875,4998,9092,9155,8011,9686,2637,5030,313,235,451,633,515,1077,656,1652,853,1299,768,658,4241,5043,2318,4200,36364,22318,8214,2569,26115,25,1,2,0
2021-04-18T23:59:59+02:00,0,2,751,909,1481,2221,1743,3469,2451,5112,3867,4996,9083,9144,8011,9685,2637,5030,312,235,451,629,514,1074,654,1649,850,1299,767,656,4241,5041,2318,4200,36304,22310,8194,2555,26091,25,1,2,0
2021-04-17T23:59:59+02:00,0,2,734,903,1393,2211,1643,3457,2414,5082,3787,4918,8370,8419,7995,9672,2637,5030,312,235,449,627,513,1074,653,1649,849,1296,767,656,4240,5041,2318,4200,36296,22299,8194,2555,24174,25,1,2,0
2021-04-16T23:59:59+02:00,0,2,718,885,1264,2188,1491,3435,2328,5017,3626,4753,7032,6866,7960,9623,2626,4999,312,234,444,621,509,1070,643,1647,845,1287,757,650,4232,5026,2315,4198,34924,22225,8184,2551,21702,14,1,2,0
2021-04-15T23:59:59+02:00,0,2,697,874,1254,2175,1471,3417,2270,4979,3555,4700,6593,6363,7920,9562,2604,4928,305,228,430,610,492,1056,609,1620,809,1257,667,589,3738,4515,2293,4163,33607,22168,8127,1203,21627,10,1,2,0
2021-04-14T23:59:59+02:00,0,2,692,870,1233,2162,1440,3398,2225,4944,3422,4606,5254,4959,7870,9496,2583,4891,297,223,427,603,485,1053,603,1612,803,1254,652,572,3727,4506,2289,4158,30380,22080,8116,1175,21548,9,1,2,0
2021-04-13T23:59:59+02:00,0,2,689,870,1224,2157,1425,3396,2217,4933,3402,4591,5235,4941,7864,9493,2582,4889,297,222,425,601,482,1050,601,1608,792,1252,634,567,3725,4503,2289,4158,30300,22060,8095,1137,21512,9,1,2,0
2021-04-12T23:59:59+02:00,0,2,683,862,1211,2148,1409,3385,2183,4919,3371,4567,5212,4926,7851,9482,2579,4856,296,221,423,600,481,1044,599,1604,784,1245,629,565,3720,4502,2289,4158,30172,22034,8050,1117,21421,9,1,2,0
2021-04-11T23:59:59+02:00,0,2,675,858,1195,2136,1391,3370,2116,4895,3253,4484,4792,4485,7184,8656,2572,4851,296,221,422,600,478,1043,593,1601,780,1244,625,562,3716,4497,2289,4158,30142,22026,5437,1090,21333,9,1,2,0
2021-04-10T23:59:59+02:00,0,2,675,856,1194,2135,1389,3366,2114,4892,3250,4477,4748,4438,7180,8650,2572,4850,290,218,420,589,465,1027,566,1584,748,1219,553,492,3147,3880,2240,4066,30019,20405,5434,1090,21332,9,1,2,0
2021-04-09T23:59:59+02:00,0,2,671,855,1186,2132,1385,3361,2083,4870,3172,4397,4550,4272,7145,8601,2568,4834,280,211,410,575,446,1011,541,1566,727,1196,472,430,2498,3060,2192,3972,29331,18489,5430,1089,21320,9,1,2,0
2021-04-08T23:59:59+02:00,0,2,661,845,1172,2121,1369,3331,2021,4817,3022,4286,3493,3118,6903,8238,2557,4819,267,203,393,557,423,997,519,1537,694,1173,452,403,2488,3051,2189,3969,28531,18265,5381,1041,18860,9,1,2,0
2021-04-07T23:59:59+02:00,0,2,654,839,1159,2112,1350,3319,1911,4737,2704,4034,2888,2586,6792,8115,2534,4766,253,196,365,533,385,962,475,1503,658,1146,425,378,2428,2989,2184,3962,26348,17812,5362,1022,18789,8,1,2,0
2021-04-06T23:59:59+02:00,0,2,644,831,1121,2105,1326,3301,1792,4686,2427,3865,2434,2238,6716,8024,2513,4729,229,183,331,507,360,943,438,1480,622,1114,390,336,2372,2914,2178,3953,24748,17337,5346,1005,18657,8,1,2,0
2021-04-05T23:59:59+02:00,0,2,641,829,1110,2101,1320,3298,1783,4676,2412,3849,2144,1891,5594,6707,2511,4729,229,183,330,503,354,937,434,1478,618,1109,387,332,2370,2908,2178,3952,24716,17326,5336,968,15542,8,1,2,0
2021-04-04T23:59:59+02:00,0,2,640,829,1110,2101,1320,3297,1783,4676,2410,3847,2143,1888,5594,6704,2511,4729,229,183,329,503,354,937,433,1478,618,1109,387,332,2369,2908,2178,3952,24709,17323,5336,968,15536,8,1,2,0
2021-04-03T23:59:59+02:00,0,2,640,829,1110,2100,1320,3297,1782,4674,2406,3847,2142,1885,5593,6704,2511,4729,229,183,329,503,354,937,433,1478,617,1109,387,332,2369,2908,2178,3952,24703,17322,5332,968,15533,8,1,2,0
2021-04-02T23:59:59+02:00,0,2,640,828,1110,2100,1316,3296,1780,4669,2405,3844,2134,1876,5581,6689,2508,4716,229,182,329,501,354,937,432,1477,616,1100,385,332,2369,2907,2178,3952,24635,17304,5328,968,15528,8,1,2,0
2021-04-01T23:59:59+02:00,0,2,636,817,1087,2082,1218,3200,1688,4600,2144,3636,1407,1288,5372,6479,2498,4689,225,181,329,500,353,936,431,1475,616,1099,382,330,2369,2907,2178,3948,24529,17292,2820,959,15491,8,1,2,0
2021-03-31T23:59:59+02:00,0,2,634,816,1083,2078,1213,3192,1676,4594,2126,3623,1380,1255,5343,6424,2461,4590,224,181,329,499,352,936,431,1474,615,1098,381,327,2365,2906,2176,3947,24208,17280,2806,953,15474,8,1,1,0
2021-03-30T23:59:59+02:00,0,2,632,807,1077,2074,1207,3187,1666,4580,2118,3609,1333,1210,5258,6295,2417,4444,224,180,329,498,349,932,426,1471,608,1088,366,316,2263,2754,2056,3722,23687,16662,2784,912,15444,8,1,0,0
2021-03-29T23:59:59+02:00,0,2,630,805,1074,2066,1197,3181,1659,4567,2106,3597,1297,1179,5198,6202,2367,4315,223,179,327,496,347,930,424,1466,603,1083,359,311,2040,2488,1829,3347,23254,15535,2760,909,15427,8,1,0,0
2021-03-28T23:59:59+02:00,0,2,630,802,1072,2060,1194,3174,1653,4557,2102,3592,1280,1170,5190,6180,2356,4283,221,179,326,493,338,926,421,1459,600,1071,353,299,2035,2474,1828,3344,23148,15507,2742,855,15406,5,1,0,0
2021-03-27T23:59:59+01:00,0,2,577,741,992,1992,1112,3056,1535,4433,2000,3510,1211,1100,4586,5445,2356,4283,219,178,326,493,338,926,416,1457,599,1068,352,299,2034,2473,1828,3344,23132,15491,2738,855,13060,4,1,0,0
2021-03-26T23:59:59+01:00,0,2,574,736,985,1982,1110,3050,1525,4426,1983,3502,1167,1069,4556,5411,2355,4279,218,175,326,491,335,925,414,1456,595,1061,344,294,1629,1941,1406,2622,22937,13379,2728,849,13046,4,1,0,0
2021-03-25T23:59:59+01:00,0,2,572,730,972,1974,1107,3041,1518,4414,1968,3492,1157,1058,4548,5406,2355,4278,217,172,325,490,333,919,411,1450,591,1052,340,290,1533,1820,1369,2550,22890,13032,2719,826,12982,4,1,0,0
2021-03-24T23:59:59+01:00,0,2,570,724,962,1961,1094,3026,1489,4396,1954,3483,1122,1027,4521,5373,2350,4273,216,172,324,489,330,915,406,1442,582,1035,326,280,1206,1439,1219,2284,22747,11897,2693,764,12886,4,1,0,0
2021-03-23T23:59:59+01:00,0,2,568,719,957,1947,1090,3016,1482,4382,1944,3476,1109,1016,4502,5358,2350,4270,214,172,322,486,322,912,405,1442,576,1031,318,273,971,1174,1104,2108,22673,11083,2684,743,12830,4,1,0,0
2021-03-22T23:59:59+01:00,0,2,567,710,952,1935,1084,3006,1472,4366,1930,3467,1106,1012,4497,5357,2350,4270,212,172,321,484,321,910,402,1439,573,1027,314,269,970,1170,1104,2105,22649,11066,2668,723,12765,4,1,0,0
2021-03-21T23:59:59+01:00,0,2,565,707,949,1926,1082,3002,1466,4353,1918,3460,1103,1011,4497,5356,2350,4270,211,172,321,483,319,906,402,1434,567,1025,304,264,966,1166,1103,2105,22645,11063,2654,681,12717,4,1,0,0
2021-03-20T23:59:59+01:00,0,2,560,699,944,1910,1065,2986,1438,4335,1884,3431,1030,940,3912,4722,2300,4173,211,172,321,483,319,906,402,1434,567,1025,304,264,966,1166,1102,2104,20981,11061,2653,681,12696,4,1,0,0
2021-03-19T23:59:59+01:00,0,2,551,690,927,1884,1038,2966,1402,4310,1858,3401,942,875,3241,3885,2253,4076,208,172,319,483,318,903,400,1432,563,1018,301,263,953,1153,1071,2064,19003,11038,2642,579,12655,4,1,0,0
2021-03-18T23:59:59+01:00,0,2,538,677,910,1858,1015,2940,1363,4270,1813,3349,844,811,2728,3351,2231,4042,203,170,316,479,315,892,396,1426,561,1013,297,257,850,1059,963,1875,18925,10659,1240,410,12576,3,1,0,0
2021-03-17T23:59:59+01:00,0,2,536,667,901,1838,1002,2921,1341,4249,1794,3332,815,785,2642,3260,2225,4038,201,169,314,477,312,891,389,1422,558,1009,294,252,608,785,662,1430,18616,9740,1202,33,12529,0,1,0,0
2021-03-16T23:59:59+01:00,0,2,534,658,892,1816,980,2906,1323,4237,1769,3316,786,774,2594,3179,2223,4034,201,169,312,477,310,887,386,1420,555,1004,288,248,362,548,473,1123,18406,8737,1162,27,12455,0,0,0,0
2021-03-15T23:59:59+01:00,0,2,534,647,888,1798,971,2884,1317,4231,1761,3307,780,771,2591,3178,2223,4034,200,169,311,476,309,887,386,1420,552,1004,288,248,362,547,472,1123,18393,8731,1140,24,12384,0,0,0,0
2021-03-14T23:59:59+01:00,0,2,533,641,882,1786,964,2879,1306,4218,1751,3295,775,767,2586,3175,2223,4034,200,169,310,476,308,885,384,1418,552,1004,287,248,362,547,472,1123,18388,8728,1112,18,12317,0,0,0,0
2021-03-13T23:59:59+01:00,0,2,511,589,786,1524,834,2498,1112,3651,1469,2865,694,678,2483,3048,2222,4033,200,169,310,476,308,885,384,1418,552,1004,287,248,362,547,472,1123,18384,8728,1112,18,9503,0,0,0,0
2021-03-12T23:59:59+01:00,0,2,496,504,722,1257,742,2102,940,2956,1222,2271,553,525,2439,3003,2222,4033,200,167,310,476,308,883,383,1418,552,1002,287,247,349,526,424,1060,18361,8574,1111,18,6517,0,0,0,0
2021-03-11T23:59:59+01:00,0,2,473,468,689,1186,696,1996,881,2811,1142,2160,495,465,2425,2991,2221,4032,200,167,309,474,307,882,383,1415,551,1002,287,246,336,509,378,1017,18167,8448,1063,15,5903,0,0,0,0
2021-03-10T23:59:59+01:00,0,2,459,458,655,1153,656,1962,836,2775,1109,2132,476,449,2411,2972,2220,4029,196,165,305,467,307,881,378,1408,546,995,283,240,216,410,153,755,17892,7696,1043,9,5819,0,0,0,0
2021-03-09T23:59:59+01:00,0,2,443,441,622,1124,637,1943,813,2749,1087,2108,454,428,2318,2830,2097,3800,196,165,303,465,306,880,377,1405,546,992,281,239,216,410,153,754,17130,7688,1027,0,5739,0,0,0,0
2021-03-08T23:59:59+01:00,0,2,430,420,599,1094,619,1921,797,2724,1065,2082,432,399,2089,2555,1868,3423,196,164,303,463,305,875,377,1399,546,990,280,237,216,409,153,754,15886,7667,998,0,5635,0,0,0,0
2021-03-07T23:59:59+01:00,0,2,429,418,592,1077,605,1913,794,2711,1058,2071,431,398,2084,2547,1867,3421,196,164,303,462,305,874,377,1396,546,989,280,237,216,409,153,754,15858,7661,988,0,5572,0,0,0,0
2021-03-06T23:59:59+01:00,0,2,429,415,589,1063,602,1911,787,2704,1054,2064,430,398,2084,2547,1867,3421,196,164,303,462,305,874,377,1396,546,988,279,237,216,409,153,754,15850,7659,988,0,5529,0,0,0,0
2021-03-05T23:59:59+01:00,0,2,423,400,583,1051,596,1901,782,2695,1048,2056,417,390,1663,1985,1434,2669,193,159,299,462,302,873,375,1393,544,984,279,237,216,409,153,754,13627,7632,988,0,5480,0,0,0,0
2021-03-04T23:59:59+01:00,0,2,413,375,557,1012,577,1845,753,2642,1027,2006,413,386,1571,1867,1395,2596,181,151,288,452,301,865,373,1379,542,980,278,237,216,409,153,754,13276,7559,982,0,5179,0,0,0,0
2021-03-03T23:59:59+01:00,0,2,411,368,549,982,560,1813,728,2594,1010,1968,407,380,1249,1488,1242,2324,180,150,287,451,300,864,369,1372,539,973,276,235,215,408,151,749,12127,7519,975,0,4973,0,0,0,0
2021-03-02T23:59:59+01:00,0,2,407,363,541,948,546,1793,719,2570,999,1950,397,370,1004,1220,1124,2146,180,148,286,440,296,858,369,1363,539,967,276,235,215,408,151,749,11305,7480,940,0,4854,0,0,0,0
2021-03-01T23:59:59+01:00,0,2,405,355,532,925,528,1762,710,2546,988,1933,393,363,1003,1213,1124,2142,180,146,286,431,293,848,366,1348,536,961,274,233,214,407,151,749,11285,7423,905,0,4734,0,0,0,0
2021-02-28T23:59:59+01:00,0,2,400,352,529,916,521,1751,707,2535,983,1918,389,358,1003,1211,1124,2142,178,145,286,430,293,847,366,1348,535,961,274,233,214,407,151,749,11280,7417,878,0,4683,0,0,0,0
2021-02-27T23:59:59+01:00,0,2,399,350,524,909,519,1745,704,2526,980,1916,387,357,1003,1211,1123,2142,178,145,286,430,293,847,366,1348,534,961,274,233,214,407,151,749,11279,7416,878,0,4640,0,0,0,0
2021-02-26T23:59:59+01:00,0,2,351,303,455,736,443,1436,575,2107,808,1572,359,327,1003,1208,1123,2142,178,143,286,427,291,839,364,1340,532,958,274,233,214,407,151,749,11268,7386,867,0,2815,0,0,0,0
2021-02-25T23:59:59+01:00,0,2,331,295,445,714,431,1399,560,2059,790,1540,350,320,919,1119,1051,2018,126,129,266,422,280,827,353,1324,527,951,274,231,214,407,151,749,10866,7231,836,0,2641,0,0,0,0
2021-02-24T23:59:59+01:00,0,2,325,289,440,698,424,1363,544,2011,768,1496,342,307,710,887,867,1713,126,123,264,416,277,818,351,1311,520,944,272,229,212,407,151,747,9926,7168,794,0,2466,0,0,0,0
2021-02-23T23:59:59+01:00,0,2,323,277,432,684,413,1338,536,1975,750,1477,328,297,461,641,676,1412,126,122,263,414,275,813,351,1304,519,936,271,228,211,407,150,746,8926,7136,750,0,2346,0,0,0,0
2021-02-22T23:59:59+01:00,0,2,323,275,431,677,412,1333,532,1965,745,1473,328,294,460,639,676,1411,126,117,258,404,274,796,347,1279,514,928,267,227,211,407,150,746,8922,7051,738,0,2316,0,0,0,0
2021-02-21T23:59:59+01:00,0,2,320,274,429,671,409,1325,530,1957,739,1469,317,289,456,635,674,1411,126,117,257,403,274,794,344,1276,507,925,266,226,210,406,149,737,8917,7017,697,0,2293,0,0,0,0
2021-02-20T23:59:59+01:00,0,2,320,271,429,669,409,1317,529,1948,737,1465,317,289,456,635,674,1411,126,117,257,403,274,794,344,1276,506,925,266,226,210,406,149,737,8917,7016,697,0,2264,0,0,0,0
2021-02-19T23:59:59+01:00,0,1,273,245,397,592,375,1148,471,1733,630,1255,308,273,429,598,595,1304,126,117,257,403,273,794,344,1276,506,925,266,226,210,406,149,737,8699,7015,590,0,1338,0,0,0,0
2021-02-18T23:59:59+01:00,0,1,272,240,390,583,364,1125,458,1715,620,1248,308,271,376,551,493,1176,123,114,253,398,266,788,341,1267,503,924,264,224,210,406,149,737,8519,6967,418,0,1254,0,0,0,0
2021-02-17T23:59:59+01:00,0,1,266,236,378,569,357,1116,435,1698,612,1236,303,264,220,414,157,766,115,101,249,392,261,773,335,1251,497,913,260,221,209,406,149,737,7798,6869,31,0,1199,0,0,0,0
2021-02-16T23:59:59+01:00,0,1,264,234,367,567,347,1107,427,1684,607,1230,300,261,220,413,157,766,84,89,229,366,250,743,317,1211,465,878,238,206,202,388,148,730,7791,6544,27,0,1134,0,0,0,0
2021-02-15T23:59:59+01:00,0,1,262,234,365,563,346,1101,425,1672,603,1224,300,261,220,412,156,766,83,87,225,355,242,731,307,1183,450,855,225,199,190,366,142,674,7783,6314,24,0,1104,0,0,0,0
2021-02-14T23:59:59+01:00,0,1,261,232,359,560,342,1091,421,1666,600,1221,300,261,220,412,156,766,79,85,218,350,239,723,302,1170,446,840,224,197,190,355,142,665,7773,6225,19,0,1077,0,0,0,0
2021-02-13T23:59:59+01:00,0,1,261,232,359,560,342,1091,420,1666,600,1220,299,261,220,412,156,766,79,85,218,350,239,723,302,1170,446,840,224,197,190,355,142,665,7771,6225,19,0,1076,0,0,0,0
2021-02-12T23:59:59+01:00,0,1,203,171,310,482,315,895,386,1425,563,1005,290,246,219,412,156,766,76,84,215,349,237,720,295,1166,443,835,220,195,190,353,142,665,7759,6185,19,0,67,0,0,0,0
2021-02-11T23:59:59+01:00,0,0,201,170,304,471,311,881,380,1405,553,997,290,246,219,412,156,766,75,81,204,323,227,676,275,1114,426,787,219,192,190,348,142,662,7718,5941,16,0,28,0,0,0,0
2021-02-10T23:59:59+01:00,0,0,198,163,300,467,308,877,374,1394,549,989,288,244,217,411,156,764,70,75,188,297,216,617,258,1029,401,735,210,178,176,319,130,615,7676,5514,10,0,13,0,0,0,0
2021-02-09T23:59:59+01:00,0,0,193,156,297,458,307,868,374,1384,547,980,285,243,217,411,156,763,61,60,149,233,187,512,220,837,345,600,189,152,156,284,120,549,7631,4654,2,0,6,0,0,0,0
2021-02-08T23:59:59+01:00,0,0,186,149,293,445,302,858,370,1364,540,973,281,239,216,410,154,759,34,47,104,143,138,284,161,458,250,393,160,126,129,228,97,453,7531,3205,2,0,6,0,0,0,0
2021-02-07T23:59:59+01:00,0,0,184,147,290,444,301,856,369,1363,539,972,280,238,216,410,154,759,19,40,84,121,132,263,152,424,234,365,152,122,119,218,92,418,7521,2955,1,0,0,0,0,0,0
2021-02-06T23:59:59+01:00,0,0,184,147,290,444,301,856,369,1363,539,972,280,238,216,410,154,759,19,37,82,118,122,247,141,407,203,344,137,118,118,213,91,408,7521,2805,1,0,0,0,0,0,0
2021-02-05T23:59:59+01:00,0,0,184,145,290,441,300,845,367,1355,535,969,280,237,216,410,154,758,18,32,78,113,115,234,136,380,189,325,132,113,115,208,84,392,7485,2664,1,0,0,0,0,0,0
2021-02-04T23:59:59+01:00,0,0,176,140,289,437,293,836,364,1344,526,959,279,235,215,410,154,756,11,21,52,76,86,178,113,290,157,268,114,98,103,194,76,352,7413,2189,0,0,0,0,0,0,0
2021-02-03T23:59:59+01:00,0,0,158,133,279,431,289,830,362,1333,526,957,279,235,214,410,154,755,11,19,44,66,77,143,89,259,136,226,95,83,88,166,69,312,7345,1883,0,0,0,0,0,0,0
2021-02-02T23:59:59+01:00,0,0,137,127,267,429,286,823,357,1326,525,950,278,235,213,410,153,754,11,16,35,60,65,119,74,214,105,176,63,59,63,106,45,197,7270,1408,0,0,0,0,0,0,0
2021-02-01T23:59:59+01:00,0,0,132,122,262,414,284,807,355,1302,519,938,273,233,213,410,153,754,4,10,20,33,34,66,45,120,60,76,28,30,27,44,25,97,7171,719,0,0,0,0,0,0,0
2021-01-31T23:59:59+01:00,0,0,131,119,260,411,282,803,352,1296,515,936,273,230,212,409,153,754,4,6,15,23,29,47,32,74,40,43,14,8,13,28,20,59,7136,455,0,0,0,0,0,0,0
2021-01-30T23:59:59+01:00,0,0,131,119,260,411,282,802,352,1295,514,936,273,230,212,409,153,754,4,6,13,20,26,40,27,66,37,41,14,8,13,28,20,59,7133,422,0,0,0,0,0,0,0
2021-01-29T23:59:59+01:00,0,0,131,119,260,411,281,802,352,1295,514,936,273,230,212,409,153,754,4,6,7,18,24,31,22,58,33,38,14,8,13,27,19,58,7132,380,0,0,0,0,0,0,0
2021-01-28T23:59:59+01:00,0,0,129,116,256,405,277,796,349,1288,510,935,273,230,212,409,153,754,1,3,2,8,16,13,12,28,13,23,11,4,6,14,6,23,7092,183,0,0,0,0,0,0,0
2021-01-27T23:59:59+01:00,0,0,121,106,253,400,274,788,344,1281,504,927,268,227,211,408,153,754,0,0,1,4,12,11,8,21,11,17,10,4,6,14,6,23,7019,148,0,0,0,0,0,0,0
2021-01-26T23:59:59+01:00,0,0,92,94,235,383,266,763,331,1243,479,895,248,215,204,392,153,746,0,0,1,4,12,11,8,21,11,17,10,4,6,14,6,23,6739,148,0,0,0,0,0,0,0
2021-01-25T23:59:59+01:00,0,0,89,89,233,363,253,744,317,1209,461,870,231,208,195,372,149,691,0,0,1,4,12,9,7,14,8,13,10,4,6,14,6,23,6474,131,0,0,0,0,0,0,0
2021-01-24T23:59:59+01:00,0,0,89,87,229,359,252,739,314,1196,459,855,230,206,195,361,149,681,0,0,1,4,12,9,7,14,8,13,10,4,6,14,6,23,6401,131,0,0,0,0,0,0,0
2021-01-23T23:59:59+01:00,0,0,89,87,229,359,252,739,314,1196,459,855,230,206,195,361,149,681,0,0,1,4,12,9,7,14,8,13,10,4,6,14,6,23,6401,131,0,0,0,0,0,0,0
2021-01-22T23:59:59+01:00,0,0,89,86,227,357,252,736,310,1192,455,852,228,205,195,360,149,681,0,0,1,4,12,9,7,14,8,13,10,4,6,14,6,23,6374,131,0,0,0,0,0,0,0
2021-01-21T23:59:59+01:00,0,0,89,83,213,328,242,692,285,1141,441,819,227,201,194,354,149,678,0,0,1,2,9,8,6,13,7,11,10,4,6,14,6,23,6136,120,0,0,0,0,0,0,0
2021-01-20T23:59:59+01:00,0,0,83,77,199,307,229,627,271,1047,412,760,218,190,179,325,138,631,0,0,1,2,9,8,6,13,7,11,10,4,6,14,6,23,5693,120,0,0,0,0,0,0,0
2021-01-19T23:59:59+01:00,0,0,75,67,159,257,209,563,245,923,370,651,199,164,157,285,125,554,0,0,1,2,3,7,6,12,5,9,7,3,6,14,6,23,5003,104,0,0,0,0,0,0,0
2021-01-18T23:59:59+01:00,0,0,63,59,136,214,187,459,218,766,330,558,180,143,133,235,104,472,0,0,0,1,2,4,3,7,3,7,6,3,6,14,6,22,4257,84,0,0,0,0,0,0,0
2021-01-17T23:59:59+01:00,0,0,41,46,110,184,170,399,201,677,304,501,172,137,120,218,90,418,0,0,0,0,2,4,2,7,3,5,4,3,6,14,5,22,3788,77,0,0,0,0,0,0,0
2021-01-16T23:59:59+01:00,0,0,34,43,110,181,160,382,185,657,272,479,156,132,119,212,89,408,0,0,0,0,0,0,0,0,0,0,0,0,0,0,0,0,3619,0,0,0,0,0,0,0,0
2021-01-15T23:59:59+01:00,0,0,32,39,106,176,149,369,179,627,255,456,151,123,116,206,81,392,0,0,0,0,0,0,0,0,0,0,0,0,0,0,0,0,3457,0,0,0,0,0,0,0,0
2021-01-14T23:59:59+01:00,0,0,14,24,52,77,87,173,114,290,151,268,123,104,102,191,71,352,0,0,0,0,0,0,0,0,0,0,0,0,0,0,0,0,2193,0,0,0,0,0,0,0,0
2021-01-13T23:59:59+01:00,0,0,12,20,42,67,78,138,92,260,126,231,94,82,83,154,56,284,0,0,0,0,0,0,0,0,0,0,0,0,0,0,0,0,1819,0,0,0,0,0,0,0,0
2021-01-12T23:59:59+01:00,0,0,12,15,38,63,65,113,77,211,97,177,61,56,56,92,32,162,0,0,0,0,0,0,0,0,0,0,0,0,0,0,0,0,1327,0,0,0,0,0,0,0,0
2021-01-11T23:59:59+01:00,0,0,4,10,27,46,41,82,56,141,59,90,31,30,23,36,16,70,0,0,0,0,0,0,0,0,0,0,0,0,0,0,0,0,762,0,0,0,0,0,0,0,0
2021-01-10T23:59:59+01:00,0,0,3,5,20,33,36,58,37,94,38,53,14,8,7,19,11,31,0,0,0,0,0,0,0,0,0,0,0,0,0,0,0,0,467,0,0,0,0,0,0,0,0
2021-01-09T23:59:59+01:00,0,0,3,5,18,29,35,54,32,84,36,52,14,8,7,19,11,31,0,0,0,0,0,0,0,0,0,0,0,0,0,0,0,0,438,0,0,0,0,0,0,0,0
2021-01-08T23:59:59+01:00,0,0,3,5,15,27,32,43,26,75,32,48,13,8,6,17,10,30,0,0,0,0,0,0,0,0,0,0,0,0,0,0,0,0,390,0,0,0,0,0,0,0,0
2021-01-07T23:59:59+01:00,0,0,1,3,2,10,17,13,13,29,14,24,11,5,6,15,8,24,0,0,0,0,0,0,0,0,0,0,0,0,0,0,0,0,195,0,0,0,0,0,0,0,0
2021-01-06T23:59:59+01:00,0,0,1,0,2,4,15,11,9,23,12,19,11,5,6,15,8,24,0,0,0,0,0,0,0,0,0,0,0,0,0,0,0,0,165,0,0,0,0,0,0,0,0
2021-01-05T23:59:59+01:00,0,0,0,0,1,4,14,11,8,21,11,19,10,5,6,15,8,24,0,0,0,0,0,0,0,0,0,0,0,0,0,0,0,0,157,0,0,0,0,0,0,0,0
2021-01-04T23:59:59+01:00,0,0,0,0,1,4,14,10,7,17,9,17,10,5,6,15,8,24,0,0,0,0,0,0,0,0,0,0,0,0,0,0,0,0,147,0,0,0,0,0,0,0,0
2021-01-03T23:59:59+01:00,0,0,0,0,1,4,13,9,7,14,7,14,10,5,6,15,8,24,0,0,0,0,0,0,0,0,0,0,0,0,0,0,0,0,137,0,0,0,0,0,0,0,0
2021-01-02T23:59:59+01:00,0,0,0,0,1,4,13,9,7,14,7,14,10,5,6,15,8,24,0,0,0,0,0,0,0,0,0,0,0,0,0,0,0,0,137,0,0,0,0,0,0,0,0
2021-01-01T23:59:59+01:00,0,0,0,0,1,4,13,9,7,14,7,14,10,5,6,15,8,24,0,0,0,0,0,0,0,0,0,0,0,0,0,0,0,0,137,0,0,0,0,0,0,0,0
2020-12-31T23:59:59+01:00,0,0,0,0,1,4,13,9,7,14,7,14,10,5,6,15,8,24,0,0,0,0,0,0,0,0,0,0,0,0,0,0,0,0,137,0,0,0,0,0,0,0,0
2020-12-30T23:59:59+01:00,0,0,0,0,1,4,13,9,7,14,7,14,10,5,6,15,8,24,0,0,0,0,0,0,0,0,0,0,0,0,0,0,0,0,137,0,0,0,0,0,0,0,0
2020-12-29T23:59:59+01:00,0,0,0,0,1,4,10,9,7,14,5,12,10,5,6,15,8,24,0,0,0,0,0,0,0,0,0,0,0,0,0,0,0,0,130,0,0,0,0,0,0,0,0
2020-12-28T23:59:59+01:00,0,0,0,0,1,1,7,7,7,8,3,9,10,5,6,15,8,24,0,0,0,0,0,0,0,0,0,0,0,0,0,0,0,0,111,0,0,0,0,0,0,0,0
2020-12-27T23:59:59+01:00,0,0,0,0,0,0,2,4,2,7,2,6,4,4,6,15,7,23,0,0,0,0,0,0,0,0,0,0,0,0,0,0,0,0,82,0,0,0,0,0,0,0,0
