Datum,<24_1_m,<24_1_w,25-34_1_m,25-34_1_w,35-44_1_m,35-44_1_w,45-54_1_m,45-54_1_w,55-64_1_m,55-64_1_w,65-74_1_m,65-74_1_w,75-84_1_m,75-84_1_w,>84_1_m,>84_1_w,<24_2_m,<24_2_w,25-34_2_m,25-34_2_w,35-44_2_m,35-44_2_w,45-54_2_m,45-54_2_w,55-64_2_m,55-64_2_w,65-74_2_m,65-74_2_w,75-84_2_m,75-84_2_w,>84_2_m,>84_2_w,bp_1,bp_2,mo_1,mo_2,az_1,az_2,ja
2021-06-09T23:59:59+02:00,3165,3283,5436,5488,7228,8410,12416,13469,17112,17722,14525,15220,8281,10412,2276,4532,1183,1144,1942,2342,2497,3839,3760,5612,5792,6323,8539,8772,6263,7800,2138,4263,103630,48315,14099,8000,27532,12180,3714
2021-06-08T23:59:59+02:00,3062,3164,5308,5374,7047,8222,11944,13030,16794,17379,14511,15195,8273,10404,2276,4532,1143,1109,1879,2299,2415,3770,3629,5562,5656,6198,8515,8757,6261,7791,2137,4261,101479,47850,14071,7976,27528,12119,3437
2021-06-07T23:59:59+02:00,2918,3051,5118,5251,6837,8054,11423,12652,16519,17118,14491,15170,8268,10391,2275,4529,1065,1065,1746,2247,2272,3687,3360,5471,5298,5890,8001,8169,6219,7739,2134,4254,99570,45660,14028,7962,27521,12049,2946
2021-06-06T23:59:59+02:00,2878,3022,5057,5197,6753,8002,11292,12537,16436,17060,14489,15169,8268,10391,2273,4528,1046,1056,1719,2230,2235,3662,3299,5446,5254,5868,7998,8166,6214,7734,2134,4253,98987,45505,13978,7953,27514,11983,2873
2021-06-05T23:59:59+02:00,2864,2997,5030,5168,6715,7980,11262,12510,16428,17054,14489,15169,8268,10391,2273,4528,1027,1039,1690,2207,2191,3606,3186,5360,4879,5523,7440,7500,6188,7691,2133,4252,98769,43144,13978,7948,27509,11950,2870
2021-06-04T23:59:59+02:00,2829,2960,4986,5126,6671,7927,11172,12409,16383,17000,14486,15162,8268,10390,2272,4527,1011,1024,1671,2185,2151,3569,3135,5301,4695,5300,7165,7175,6157,7652,2131,4248,98252,41886,13973,7946,27509,11904,2834
2021-06-03T23:59:59+02:00,2708,2812,4835,4957,6469,7679,10367,11710,15918,16643,14479,15154,8266,10385,2271,4526,993,986,1626,2129,2102,3486,3038,5191,4532,5120,7045,7016,6146,7624,2131,4246,94940,40856,13937,7936,27504,11821,2798
2021-06-02T23:59:59+02:00,2685,2787,4795,4925,6411,7640,10261,11620,15870,16597,14472,15150,8265,10381,2271,4525,982,973,1604,2109,2053,3449,2939,5100,4131,4678,6564,6458,6106,7575,2128,4238,94419,38582,13937,7932,27504,11778,2795
2021-06-01T23:59:59+02:00,2613,2743,4674,4832,6257,7531,10074,11492,15788,16543,14469,15148,8262,10375,2270,4522,944,941,1537,2060,1941,3386,2770,5003,3935,4541,6373,6251,6082,7560,2126,4232,93623,37509,13888,7912,27491,11670,2591
2021-05-31T23:59:59+02:00,2551,2677,4574,4735,6116,7397,9877,11360,15718,16499,14464,15141,8259,10375,2270,4522,919,899,1482,2006,1870,3340,2640,4955,3837,4474,6027,5856,6061,7538,2124,4226,92906,36430,13803,7908,27482,11572,2344
2021-05-30T23:59:59+02:00,2522,2650,4515,4671,6025,7337,9805,11304,15689,16481,14463,15139,8259,10375,2270,4522,904,883,1461,1988,1815,3311,2499,4923,3749,4461,6026,5854,6061,7538,2124,4226,92461,36117,13764,7886,27472,11490,2330
2021-05-29T23:59:59+02:00,2503,2635,4498,4658,6006,7325,9794,11291,15685,16478,14462,15139,8259,10375,2270,4522,882,807,1354,1732,1687,2932,2290,4369,3475,4074,5951,5761,5957,7421,2123,4226,92337,36071,13762,7881,27471,8759,2330
2021-05-28T23:59:59+02:00,2478,2608,4460,4611,5965,7284,9713,11217,15625,16434,14460,15137,8259,10375,2270,4521,861,700,1273,1478,1586,2503,2105,3683,3147,3468,5396,5104,5884,7345,2120,4215,91871,34779,13749,7881,27468,5879,2329
2021-05-27T23:59:59+02:00,2427,2567,4370,4546,5838,7208,9559,11115,15547,16361,14458,15136,8259,10373,2270,4521,831,656,1238,1401,1542,2369,2039,3531,3004,3333,5000,4659,5853,7307,2112,4189,91198,33668,13601,7872,27442,5210,2314
2021-05-26T23:59:59+02:00,2344,2440,4163,4397,5490,6935,8484,10283,14938,15778,14449,15130,8255,10368,2269,4518,819,635,1209,1344,1499,2312,1977,3407,2804,3166,3755,3330,5799,7237,2092,4139,90429,30430,10094,7858,27429,4947,2289
2021-05-25T23:59:59+02:00,2295,2397,4076,4328,5396,6872,8345,10174,14571,15346,14410,15098,8249,10356,2268,4515,805,623,1182,1306,1477,2289,1955,3384,2780,3140,3751,3322,5792,7235,2090,4138,89097,30345,9950,7849,27412,4838,2237
2021-05-24T23:59:59+02:00,2259,2346,3991,4255,5289,6791,8210,10036,14066,14730,14371,15051,8244,10344,2267,4511,796,614,1161,1294,1442,2278,1939,3366,2757,3120,3728,3299,5775,7216,2082,4123,87309,30216,9874,7798,27401,4799,2177
2021-05-23T23:59:59+02:00,2249,2332,3971,4232,5272,6779,8155,10000,13996,14673,14361,15046,8243,10344,2266,4511,788,604,1150,1282,1418,2256,1889,3330,2645,3017,3239,2773,5296,6590,2068,4081,87078,30044,9774,5427,27401,4778,2177
2021-05-22T23:59:59+02:00,2070,2289,3645,4183,4877,6736,7922,9935,13893,14609,14355,15046,8243,10343,2266,4511,614,569,835,1242,1044,2220,1674,3267,2551,2955,3235,2772,5296,6589,2068,4081,86937,30032,9774,5427,27401,4742,811
2021-05-21T23:59:59+02:00,1975,2166,3482,3982,4688,6440,7497,9554,12629,13285,14237,14934,8207,10299,2260,4504,613,555,826,1241,1042,2212,1627,3232,2463,2880,3083,2639,5275,6546,2065,4070,82199,29408,9734,5427,27396,4724,810
2021-05-20T23:59:59+02:00,1933,2124,3383,3927,4580,6363,7324,9475,12425,13065,14225,14924,8205,10293,2259,4503,593,537,783,1197,983,2147,1502,3151,2340,2790,2902,2475,5243,6474,2058,4057,81379,28674,9634,5412,27341,4492,654
2021-05-19T23:59:59+02:00,1905,2092,3322,3874,4480,6300,7220,9413,12195,12811,14217,14919,8203,10292,2259,4502,585,516,763,1168,965,2073,1362,2972,1983,2499,2396,2015,5147,6355,2038,4020,80577,26616,9496,5397,27315,4228,616
2021-05-18T23:59:59+02:00,1834,2053,3233,3783,4367,6194,7057,9255,11928,12568,14175,14876,8193,10268,2257,4495,582,501,747,1154,949,2056,1258,2894,1674,2254,2012,1721,5073,6268,2023,3986,79500,25104,9295,5387,27246,4166,495
2021-05-17T23:59:59+02:00,1776,1962,3091,3617,4159,5891,6690,8790,11414,12060,14084,14801,8178,10243,2252,4488,580,494,740,1147,930,2049,1233,2870,1647,2216,1997,1706,5067,6262,2020,3983,76632,25043,9260,5373,27221,4142,383
2021-05-16T23:59:59+02:00,1753,1938,3035,3578,4055,5790,6540,8659,11248,11940,14068,14780,8170,10235,2252,4487,570,487,717,1133,901,2032,1204,2844,1616,2192,1992,1698,5065,6258,2017,3981,75895,25015,9204,5355,27190,4098,239
2021-05-15T23:59:59+02:00,1651,1825,2814,3402,3827,5503,6152,8171,10944,11693,13987,14723,8155,10207,2248,4481,569,486,714,1130,901,2030,1200,2843,1611,2185,1977,1689,5063,6252,2017,3979,73158,24960,9204,5355,27183,4093,238
2021-05-14T23:59:59+02:00,1605,1758,2707,3311,3679,5328,5950,7882,10738,11470,13955,14686,8143,10189,2246,4476,517,439,636,954,833,1720,1063,2422,1427,1897,1962,1672,5061,6244,2016,3974,71532,24900,9198,5354,27159,2349,234
2021-05-13T23:59:59+02:00,1536,1686,2611,3232,3510,5194,5720,7665,10550,11318,13929,14661,8138,10188,2244,4473,510,424,607,929,719,1602,974,2349,1166,1690,1214,1055,4880,6055,2009,3943,70390,24786,8916,2833,27130,2288,219
2021-05-12T23:59:59+02:00,1529,1677,2595,3227,3493,5182,5701,7652,10536,11306,13929,14658,8137,10186,2243,4473,510,423,606,927,716,1602,969,2347,1161,1684,1202,1046,4866,6018,1978,3890,70286,24609,8892,2833,27128,2285,218
2021-05-11T23:59:59+02:00,1481,1628,2519,3144,3376,5057,5505,7497,10264,11012,13886,14609,8126,10169,2239,4466,504,408,588,915,694,1588,942,2322,1136,1660,1147,1007,4808,5917,1940,3779,68970,24132,8768,2815,27042,2210,198
2021-05-10T23:59:59+02:00,1451,1594,2447,3070,3252,4934,5367,7322,9954,10654,13848,14574,8117,10152,2236,4464,501,405,576,903,683,1574,930,2304,1120,1646,1111,976,4747,5827,1902,3677,67626,23723,8650,2812,26971,2158,189
2021-05-09T23:59:59+02:00,1429,1572,2409,3060,3175,4901,5294,7286,9900,10610,13838,14561,8116,10149,2236,4462,489,402,566,896,661,1556,905,2285,1110,1633,1094,959,4731,5790,1889,3637,67392,23565,8577,2810,26927,2126,102
2021-05-08T23:59:59+02:00,1424,1567,2394,3049,3160,4891,5256,7272,9876,10605,13838,14560,8116,10149,2236,4462,489,402,566,896,660,1556,905,2284,1109,1632,1094,959,4730,5790,1889,3637,67255,23564,8572,2807,26926,2125,102
2021-05-07T23:59:59+02:00,1404,1544,2352,3009,3103,4835,5159,7184,9661,10364,13827,14544,8110,10144,2233,4459,438,371,533,817,621,1393,828,2069,1024,1463,1072,941,4713,5768,1887,3632,66365,23466,8566,2804,26899,1198,102
2021-05-06T23:59:59+02:00,1238,1426,2120,2758,2792,4523,4758,6749,9102,9775,13569,14321,8078,10104,2231,4458,433,366,522,794,604,1361,807,2033,995,1439,1048,904,4705,5759,1885,3628,62705,23337,8438,2754,26764,1097,95
2021-05-05T23:59:59+02:00,1168,1365,2009,2644,2621,4340,4446,6477,8119,8579,13504,14259,8040,10063,2221,4443,431,363,513,785,586,1352,774,2018,972,1419,972,842,4672,5695,1878,3615,59215,23031,8392,2735,26642,1072,49
2021-05-04T23:59:59+02:00,1144,1342,1953,2606,2512,4270,4210,6358,7687,8196,13177,13875,8013,10030,2216,4436,428,361,507,782,575,1343,755,2002,956,1412,953,820,4657,5682,1875,3606,57168,22901,8334,2722,26482,1050,41
2021-05-03T23:59:59+02:00,1110,1300,1892,2552,2398,4157,3992,6230,7238,7760,12773,13405,7980,9997,2211,4422,422,359,505,778,563,1335,749,1992,941,1402,931,796,4641,5666,1870,3593,54764,22798,8309,2713,26344,1032,0
2021-05-02T23:59:59+02:00,1101,1299,1875,2546,2372,4149,3947,6220,7210,7753,12772,13404,7980,9997,2211,4422,422,359,502,778,562,1333,745,1992,940,1398,929,792,4640,5663,1870,3593,54631,22782,8305,2711,26322,1025,0
2021-05-01T23:59:59+02:00,1101,1297,1868,2544,2362,4143,3936,6211,7199,7745,12771,13403,7980,9997,2211,4422,422,359,502,778,562,1333,744,1991,938,1398,929,792,4640,5663,1870,3593,54565,22782,8305,2707,26320,1025,0
2021-04-30T23:59:59+02:00,1083,1289,1847,2531,2337,4110,3902,6175,7093,7662,12709,13334,7978,9994,2209,4410,358,301,469,692,529,1149,716,1764,905,1207,917,786,4638,5661,1870,3593,54076,22768,8304,2703,26283,84,0
2021-04-29T23:59:59+02:00,1025,1263,1798,2494,2271,4054,3766,6054,6813,7410,12503,13123,7961,9968,2205,4404,353,299,461,687,526,1141,707,1755,899,1201,909,776,4629,5653,1870,3592,52564,22698,8289,2697,26259,63,0
2021-04-28T23:59:59+02:00,953,1226,1722,2430,2119,3931,3444,5794,6107,6788,11825,12344,7908,9885,2182,4377,352,296,459,680,517,1125,695,1737,890,1195,894,759,4612,5628,1868,3592,48534,22577,8283,2679,26218,43,0
2021-04-27T23:59:59+02:00,939,1219,1705,2409,2072,3912,3370,5765,5987,6671,11802,12329,7906,9883,2182,4375,350,294,453,678,509,1121,685,1724,882,1188,882,748,4610,5624,1867,3586,48055,22502,8280,2664,26191,35,0
2021-04-26T23:59:59+02:00,930,1205,1673,2391,2005,3868,3180,5686,5639,6351,11269,11721,7861,9825,2178,4366,348,293,452,676,504,1116,671,1716,876,1181,873,741,4606,5618,1867,3583,45729,22454,8271,2637,26148,30,0
2021-04-25T23:59:59+02:00,919,1203,1658,2384,1964,3847,3044,5667,5562,6346,11265,11718,7857,9819,2177,4365,347,293,452,676,504,1109,671,1713,873,1180,873,740,4606,5618,1867,3583,45403,22449,8265,2633,26127,23,0
2021-04-24T23:59:59+02:00,902,1192,1637,2364,1921,3797,2934,5592,5196,5997,10687,11025,7829,9771,2176,4364,347,293,452,676,504,1108,670,1712,871,1179,869,734,4597,5605,1865,3582,42997,22413,8265,2629,26122,22,0
2021-04-23T23:59:59+02:00,893,1184,1626,2354,1892,3767,2891,5541,5003,5766,10410,10690,7794,9733,2173,4357,347,292,452,676,504,1107,669,1712,869,1179,869,732,4594,5603,1865,3582,41700,22402,8265,2628,26109,22,0
2021-04-22T23:59:59+02:00,876,1161,1593,2315,1841,3694,2798,5451,4832,5595,10297,10518,7781,9703,2171,4351,347,290,450,666,502,1101,660,1702,866,1171,863,728,4592,5600,1865,3581,40699,22367,8239,2603,26039,14,0
2021-04-21T23:59:59+02:00,864,1146,1568,2304,1786,3647,2679,5356,4398,5107,9770,9909,7734,9648,2169,4341,346,290,446,664,502,1100,656,1700,860,1165,852,718,4583,5588,1865,3577,38191,22320,8222,2580,26013,12,0
2021-04-20T23:59:59+02:00,855,1130,1549,2280,1754,3616,2621,5292,4251,5003,9589,9707,7714,9639,2168,4339,346,289,446,663,501,1098,656,1695,857,1161,846,714,4580,5584,1865,3577,37356,22291,8211,2575,25940,12,0
2021-04-19T23:59:59+02:00,848,1118,1538,2273,1735,3599,2588,5260,4180,4932,9229,9307,7691,9616,2166,4334,346,287,445,660,499,1095,652,1693,851,1157,842,707,4571,5583,1865,3575,36330,22252,8199,2564,25885,12,0
2021-04-18T23:59:59+02:00,844,1115,1533,2268,1717,3592,2570,5248,4171,4929,9223,9297,7691,9615,2166,4334,345,286,445,657,497,1092,651,1690,849,1157,841,704,4571,5582,1865,3575,36271,22244,8179,2551,25863,12,0
2021-04-17T23:59:59+02:00,826,1106,1428,2260,1632,3579,2529,5211,4047,4806,8562,8628,7678,9607,2166,4334,344,286,444,655,496,1092,650,1689,848,1155,841,704,4570,5582,1865,3575,36263,22233,8179,2551,23957,12,0
2021-04-16T23:59:59+02:00,807,1086,1284,2238,1492,3554,2437,5138,3816,4560,7310,7166,7643,9564,2154,4306,343,284,440,649,491,1089,641,1686,841,1148,835,697,4564,5574,1863,3573,34888,22161,8170,2547,21497,10,0
2021-04-15T23:59:59+02:00,785,1075,1273,2224,1470,3534,2379,5099,3725,4488,6893,6687,7600,9500,2135,4241,334,276,426,640,474,1076,608,1660,806,1120,719,608,4096,5086,1842,3546,33570,22105,8112,1206,21426,6,0
2021-04-14T23:59:59+02:00,780,1068,1248,2216,1441,3515,2331,5057,3535,4354,5609,5326,7554,9435,2116,4210,326,271,423,634,467,1072,603,1652,800,1116,701,593,4085,5076,1839,3542,30344,22019,8102,1176,21349,5,0
2021-04-13T23:59:59+02:00,776,1068,1240,2211,1427,3512,2317,5044,3516,4339,5595,5310,7549,9431,2115,4208,326,269,421,633,464,1069,600,1647,786,1114,687,588,4083,5075,1839,3542,30264,21999,8080,1139,21314,5,0
2021-04-12T23:59:59+02:00,770,1057,1226,2203,1410,3502,2285,5029,3485,4315,5573,5296,7540,9419,2112,4177,325,268,419,633,464,1063,598,1642,777,1106,682,586,4080,5074,1839,3542,30139,21974,8035,1119,21225,5,0
2021-04-11T23:59:59+02:00,760,1053,1211,2191,1392,3483,2212,5004,3354,4215,5029,4723,7017,8750,2105,4173,325,268,417,633,462,1062,593,1639,774,1105,678,583,4076,5069,1839,3542,30111,21968,5422,1092,21139,5,0
2021-04-10T23:59:59+02:00,760,1052,1210,2190,1390,3480,2211,5001,3351,4206,4986,4677,7014,8745,2105,4172,320,262,414,624,450,1047,567,1621,738,1078,570,486,3539,4464,1796,3466,29993,20345,5419,1092,21138,5,0
2021-04-09T23:59:59+02:00,757,1051,1202,2187,1385,3477,2169,4973,3259,4123,4810,4520,6984,8697,2101,4159,309,255,400,606,436,1036,541,1603,717,1049,449,399,2921,3654,1753,3392,29310,18424,5415,1091,21129,5,0
2021-04-08T23:59:59+02:00,746,1040,1187,2172,1368,3449,2091,4909,3111,4014,3724,3338,6799,8384,2093,4146,294,245,383,589,411,1019,520,1574,687,1027,431,378,2914,3647,1750,3389,28515,18209,5367,1044,18689,5,0
2021-04-07T23:59:59+02:00,739,1034,1173,2162,1347,3433,1952,4799,2757,3757,3172,2845,6700,8260,2071,4103,279,236,350,561,374,987,479,1538,652,1002,403,354,2855,3586,1747,3382,26337,17756,5348,1025,18619,4,0
2021-04-06T23:59:59+02:00,722,1024,1142,2153,1323,3415,1813,4737,2454,3558,2768,2542,6624,8169,2053,4071,250,220,316,536,350,970,442,1515,618,968,369,316,2800,3513,1742,3374,24744,17287,5334,1008,18490,4,0
2021-04-05T23:59:59+02:00,718,1022,1131,2149,1320,3412,1799,4726,2444,3541,2122,1850,5877,7222,2051,4071,250,220,315,532,345,963,438,1514,613,964,366,312,2799,3509,1742,3372,24714,17277,5324,973,15417,4,0
2021-04-04T23:59:59+02:00,717,1022,1130,2149,1320,3412,1799,4725,2441,3540,2122,1846,5877,7219,2051,4071,250,220,315,532,345,963,437,1514,613,964,366,312,2798,3509,1742,3372,24706,17275,5324,973,15411,4,0
2021-04-03T23:59:59+02:00,717,1022,1130,2148,1320,3412,1797,4723,2438,3540,2121,1844,5876,7219,2051,4071,250,220,315,532,345,963,437,1514,612,964,366,312,2798,3509,1742,3372,24700,17274,5320,973,15409,4,0
2021-04-02T23:59:59+02:00,717,1021,1130,2148,1316,3411,1795,4717,2436,3538,2110,1834,5868,7203,2047,4060,250,219,315,530,345,963,436,1512,611,957,364,312,2798,3508,1742,3372,24632,17257,5316,973,15403,4,0
2021-04-01T23:59:59+02:00,713,1009,1105,2128,1203,3304,1718,4663,2175,3333,1347,1207,5699,7024,2039,4036,246,218,315,529,344,962,435,1510,610,956,362,310,2798,3508,1742,3368,24526,17245,2811,964,15366,4,0
2021-03-31T23:59:59+02:00,711,1008,1102,2124,1198,3296,1706,4657,2157,3320,1321,1172,5671,6969,1999,3943,245,218,315,528,343,962,435,1509,609,954,359,308,2794,3507,1741,3367,24208,17234,2797,956,15349,4,0
2021-03-30T23:59:59+02:00,708,1000,1097,2119,1191,3291,1697,4643,2147,3306,1269,1125,5589,6828,1959,3809,245,217,315,527,340,958,430,1507,602,943,345,297,2667,3321,1647,3176,23682,16618,2775,915,15321,4,0
2021-03-29T23:59:59+02:00,706,998,1092,2111,1182,3284,1689,4629,2133,3294,1233,1090,5526,6728,1909,3691,245,216,314,526,337,956,427,1503,599,938,335,290,2386,2976,1482,2879,23239,15492,2752,913,15304,4,0
2021-03-28T23:59:59+02:00,706,994,1090,2106,1178,3276,1686,4620,2130,3290,1217,1078,5516,6707,1899,3661,243,216,312,522,331,953,425,1495,595,924,330,281,2381,2964,1481,2877,23133,15466,2734,860,15287,4,0
2021-03-27T23:59:59+01:00,647,922,1013,2033,1093,3161,1564,4506,2036,3213,1150,1005,4921,5985,1899,3661,241,215,312,522,331,953,420,1492,593,922,330,281,2380,2963,1481,2877,23118,15450,2730,860,12961,3,0
2021-03-26T23:59:59+01:00,642,915,1007,2024,1092,3156,1553,4498,2016,3205,1105,975,4897,5952,1898,3657,240,212,311,520,329,952,418,1491,589,915,320,276,1873,2268,1171,2316,22925,13344,2721,854,12946,3,0
2021-03-25T23:59:59+01:00,639,909,994,2012,1090,3151,1544,4487,2002,3195,1095,964,4890,5948,1898,3656,239,209,310,519,327,945,415,1486,585,905,315,272,1770,2133,1143,2257,22879,12996,2712,831,12883,3,0
2021-03-24T23:59:59+01:00,637,904,980,1997,1079,3138,1515,4471,1991,3184,1060,933,4865,5917,1893,3651,239,209,309,517,323,941,411,1479,575,888,300,261,1408,1700,1024,2043,22738,11855,2687,769,12790,3,0
2021-03-23T23:59:59+01:00,634,895,976,1987,1073,3127,1510,4458,1981,3180,1047,923,4847,5901,1893,3649,238,209,307,514,316,938,410,1479,569,884,293,254,1140,1398,941,1904,22663,11043,2679,748,12739,3,0
2021-03-22T23:59:59+01:00,633,884,972,1978,1067,3116,1499,4444,1968,3172,1044,920,4842,5900,1893,3649,236,209,306,512,315,937,407,1476,566,880,289,250,1138,1395,941,1902,22641,11027,2664,729,12676,3,0
2021-03-21T23:59:59+01:00,631,878,969,1972,1064,3110,1494,4434,1960,3165,1041,919,4842,5899,1893,3649,236,209,306,510,314,933,407,1471,559,878,280,246,1133,1390,941,1902,22638,11026,2650,686,12632,3,0
2021-03-20T23:59:59+01:00,626,867,963,1958,1049,3095,1467,4415,1923,3134,931,819,4293,5277,1849,3569,236,209,306,510,314,933,407,1471,559,878,280,246,1133,1390,940,1901,20973,11024,2650,686,12612,3,0
2021-03-19T23:59:59+01:00,616,857,943,1928,1026,3080,1431,4392,1896,3098,804,728,3654,4451,1808,3493,233,209,305,510,313,930,405,1469,554,872,278,245,1112,1370,917,1868,18993,11003,2639,584,12573,3,0
2021-03-18T23:59:59+01:00,601,837,927,1909,1003,3054,1395,4349,1851,3050,678,637,3167,3942,1788,3466,228,207,301,505,311,921,402,1463,552,866,274,240,993,1249,822,1703,18918,10624,1240,410,12496,3,0
2021-03-17T23:59:59+01:00,599,825,916,1889,992,3038,1372,4327,1833,3034,649,613,3081,3851,1783,3461,226,206,299,503,308,920,395,1458,549,861,271,236,699,917,572,1315,18612,9702,1202,33,12449,0,0
2021-03-16T23:59:59+01:00,596,810,903,1873,976,3024,1354,4313,1806,3019,624,599,3033,3777,1782,3457,225,206,298,503,307,918,392,1456,545,856,266,232,426,645,409,1040,18407,8697,1163,27,12376,0,0
2021-03-15T23:59:59+01:00,596,796,899,1857,968,3003,1348,4308,1796,3008,618,597,3032,3776,1782,3457,224,206,297,502,306,918,391,1455,543,856,266,232,426,644,408,1040,18394,8690,1141,24,12306,0,0
2021-03-14T23:59:59+01:00,595,790,892,1844,962,2999,1338,4294,1784,2997,615,593,3027,3773,1782,3457,224,206,296,502,305,916,389,1453,543,856,266,232,426,644,408,1040,18389,8688,1114,18,12239,0,0
2021-03-13T23:59:59+01:00,569,717,784,1579,836,2604,1132,3725,1509,2610,549,509,2929,3659,1781,3456,224,206,296,502,305,916,389,1453,543,856,266,232,426,644,408,1040,18385,8688,1114,18,9449,0,0
2021-03-12T23:59:59+01:00,550,609,717,1308,741,2176,951,3023,1213,2009,474,435,2892,3619,1781,3456,224,205,296,502,305,914,388,1452,543,855,266,231,402,613,369,986,18363,8533,1113,18,6478,0,0
2021-03-11T23:59:59+01:00,525,567,684,1238,692,2065,893,2869,1115,1902,442,392,2880,3611,1780,3456,224,205,295,500,304,913,388,1449,542,855,266,230,383,590,327,948,18179,8404,1065,15,5867,0,0
2021-03-10T23:59:59+01:00,510,554,645,1201,653,2034,853,2831,1080,1875,425,379,2867,3593,1779,3452,219,202,292,493,304,913,383,1441,537,849,262,224,215,449,145,724,17902,7643,1045,9,5784,0,0
2021-03-09T23:59:59+01:00,490,536,616,1173,634,2014,831,2803,1059,1852,406,362,2748,3417,1682,3255,219,202,290,491,303,912,382,1438,537,846,260,223,215,448,145,724,17142,7635,1030,0,5706,0,0
2021-03-08T23:59:59+01:00,475,510,596,1145,615,1994,815,2782,1040,1823,381,335,2460,3063,1514,2957,219,201,290,489,302,907,382,1433,537,844,259,221,215,447,145,724,15896,7615,1002,0,5607,0,0
2021-03-07T23:59:59+01:00,473,505,588,1128,605,1986,812,2768,1036,1816,380,333,2455,3055,1513,2956,219,201,290,488,302,905,382,1430,537,844,259,221,215,447,145,724,15870,7609,993,0,5546,0,0
2021-03-06T23:59:59+01:00,473,500,584,1117,602,1985,806,2759,1031,1811,380,333,2455,3055,1513,2956,219,201,290,488,302,905,382,1430,537,843,258,221,215,447,145,724,15862,7607,993,0,5505,0,0
2021-03-05T23:59:59+01:00,467,483,577,1104,597,1978,801,2751,1024,1803,365,324,1916,2326,1197,2363,216,196,286,488,299,904,380,1427,535,839,258,221,215,447,145,724,13626,7580,993,0,5457,0,0
2021-03-04T23:59:59+01:00,456,450,549,1073,578,1915,774,2696,1003,1762,361,319,1813,2194,1168,2304,205,189,278,479,298,897,378,1413,533,836,257,221,215,447,145,724,13272,7515,987,0,5156,0,0
2021-03-03T23:59:59+01:00,453,440,539,1043,560,1878,750,2648,987,1730,353,314,1453,1760,1046,2085,204,188,277,478,297,896,374,1405,531,830,255,219,214,444,143,721,12112,7476,978,0,4949,0,0
2021-03-02T23:59:59+01:00,449,431,531,1012,546,1856,741,2625,977,1713,344,304,1174,1453,960,1945,204,186,276,466,293,891,374,1395,531,825,255,219,214,444,143,721,11288,7437,943,0,4830,0,0
2021-03-01T23:59:59+01:00,447,423,521,985,527,1830,729,2597,971,1698,340,299,1172,1447,960,1942,203,183,276,457,290,880,372,1380,529,821,253,217,213,443,143,721,11270,7381,908,0,4710,0,0
2021-02-28T23:59:59+01:00,444,419,517,976,523,1819,726,2587,965,1684,337,295,1172,1445,960,1942,202,182,276,457,290,879,372,1380,528,821,253,217,213,443,143,721,11270,7377,881,0,4660,0,0
2021-02-27T23:59:59+01:00,443,415,512,970,521,1814,723,2578,962,1682,336,294,1172,1445,959,1942,202,182,276,457,290,879,371,1380,528,821,253,217,213,443,143,721,11269,7376,881,0,4618,0,0
2021-02-26T23:59:59+01:00,392,361,435,786,449,1473,584,2149,791,1382,325,284,1172,1442,959,1942,202,180,276,454,288,868,369,1375,526,818,253,217,213,443,143,721,11258,7346,870,0,2798,0,0
2021-02-25T23:59:59+01:00,372,350,423,763,437,1436,570,2105,774,1348,316,277,1079,1342,897,1830,148,166,259,448,279,856,359,1360,521,814,253,215,213,443,143,721,10856,7198,840,0,2623,0,0
2021-02-24T23:59:59+01:00,367,342,417,746,431,1398,553,2052,752,1312,308,266,847,1082,736,1553,148,160,258,442,275,847,358,1346,514,808,250,213,212,442,142,719,9915,7134,798,0,2449,0,0
2021-02-23T23:59:59+01:00,363,329,409,731,421,1376,543,2015,735,1296,296,257,568,798,570,1283,148,159,257,440,273,840,358,1337,513,804,249,212,211,442,140,718,8905,7101,754,0,2331,0,0
2021-02-22T23:59:59+01:00,363,326,408,724,420,1369,538,2006,731,1292,296,254,567,796,570,1282,148,153,252,430,270,822,355,1313,508,798,246,211,211,442,140,718,8900,7017,742,0,2300,0,0
2021-02-21T23:59:59+01:00,360,325,405,719,418,1362,536,1996,724,1289,287,250,562,791,569,1282,148,152,251,430,269,820,352,1310,501,795,245,210,210,441,139,709,8896,6982,701,0,2278,0,0
2021-02-20T23:59:59+01:00,360,322,405,717,418,1353,535,1987,722,1286,287,250,562,791,569,1282,148,152,251,430,269,820,351,1310,501,795,245,210,210,441,139,709,8896,6981,701,0,2249,0,0
2021-02-19T23:59:59+01:00,313,291,372,632,381,1180,472,1766,614,1092,284,244,517,738,507,1191,148,152,251,430,268,820,351,1310,501,795,245,210,210,441,139,709,8669,6980,595,0,1330,0,0
2021-02-18T23:59:59+01:00,311,285,364,621,369,1160,459,1749,606,1086,284,242,448,669,415,1082,145,148,246,425,262,814,348,1301,498,794,243,209,210,441,139,709,8486,6932,418,0,1246,0,0
2021-02-17T23:59:59+01:00,304,279,353,608,360,1150,438,1732,599,1077,279,235,219,461,149,740,136,133,243,421,257,796,342,1285,492,786,239,207,209,441,139,709,7760,6835,31,0,1192,0,0
2021-02-16T23:59:59+01:00,300,277,343,605,351,1141,430,1719,595,1071,276,232,218,460,149,740,102,117,225,396,246,768,326,1244,460,750,219,192,201,426,138,702,7752,6512,27,0,1128,0,0
2021-02-15T23:59:59+01:00,298,276,341,601,349,1133,429,1709,591,1066,276,232,218,459,148,740,101,115,221,385,237,754,317,1215,443,729,208,185,189,397,131,653,7744,6280,24,0,1098,0,0
2021-02-14T23:59:59+01:00,296,272,336,600,345,1124,425,1703,588,1063,276,232,218,459,148,740,97,113,214,379,234,746,311,1199,440,719,207,182,189,386,131,644,7734,6191,19,0,1072,0,0
2021-02-13T23:59:59+01:00,296,272,336,600,345,1124,424,1703,588,1062,275,232,218,459,148,740,97,113,214,379,234,746,311,1199,440,719,207,182,189,386,131,644,7732,6191,19,0,1071,0,0
2021-02-12T23:59:59+01:00,225,207,297,509,314,928,393,1460,552,859,268,229,218,459,148,740,94,112,211,378,231,743,305,1194,437,714,205,181,189,386,131,644,7720,6155,19,0,67,0,0
2021-02-11T23:59:59+01:00,222,205,292,497,308,913,387,1442,544,852,268,229,218,459,148,740,93,106,198,348,220,704,285,1136,422,676,204,178,189,381,131,641,7680,5912,16,0,28,0,0
2021-02-10T23:59:59+01:00,219,198,288,492,304,910,380,1431,542,844,266,227,216,457,148,739,86,99,182,318,207,643,268,1049,399,632,194,163,174,349,119,598,7638,5480,10,0,13,0,0
2021-02-09T23:59:59+01:00,212,191,286,481,303,903,380,1419,540,837,263,226,216,456,148,739,75,79,143,252,175,537,234,845,339,517,177,135,154,313,110,532,7592,4617,2,0,6,0,0
2021-02-08T23:59:59+01:00,207,184,283,470,298,891,376,1401,534,831,259,222,215,454,146,736,43,58,101,158,127,290,168,461,244,344,154,110,125,260,89,435,7499,3167,2,0,6,0,0
2021-02-07T23:59:59+01:00,205,182,280,469,297,889,375,1399,533,831,258,221,215,454,146,736,25,48,84,137,122,269,157,428,229,318,146,104,116,248,84,402,7489,2917,1,0,0,0,0
2021-02-06T23:59:59+01:00,205,182,280,469,297,889,375,1399,533,831,258,221,215,454,146,736,25,45,81,134,111,255,148,410,196,295,133,104,115,243,83,391,7489,2769,1,0,0,0,0
2021-02-05T23:59:59+01:00,205,180,280,466,296,875,372,1394,530,828,258,220,215,454,146,735,24,40,77,126,105,241,141,384,184,277,126,100,112,237,76,375,7453,2625,1,0,0,0,0
2021-02-04T23:59:59+01:00,196,175,280,462,290,864,369,1382,521,822,257,218,214,453,146,733,14,25,51,86,81,184,116,293,152,227,111,90,101,219,68,335,7382,2153,0,0,0,0,0
2021-02-03T23:59:59+01:00,178,169,273,456,286,860,367,1371,521,821,256,218,214,453,146,732,14,23,44,72,74,149,92,266,133,190,90,76,87,187,62,294,7321,1853,0,0,0,0,0
2021-02-02T23:59:59+01:00,155,163,263,453,282,853,363,1361,520,818,255,218,213,453,145,731,13,20,35,66,63,126,74,217,105,144,59,55,62,119,40,189,7246,1387,0,0,0,0,0
2021-02-01T23:59:59+01:00,150,156,257,439,279,835,362,1336,514,808,251,216,213,453,145,731,7,13,17,36,38,72,42,108,58,62,24,28,28,48,22,97,7145,700,0,0,0,0,0
2021-01-31T23:59:59+01:00,149,153,254,437,278,831,360,1331,510,806,251,213,212,452,145,731,5,9,14,23,31,52,29,59,37,39,12,9,13,29,17,59,7113,437,0,0,0,0,0
2021-01-30T23:59:59+01:00,149,153,254,437,278,829,359,1331,510,806,251,213,212,452,145,731,5,9,12,19,28,46,24,50,34,38,12,9,13,29,17,59,7110,404,0,0,0,0,0
2021-01-29T23:59:59+01:00,149,153,254,437,277,829,359,1331,510,806,251,213,212,452,145,731,4,8,8,18,26,37,19,42,30,35,12,9,12,27,17,59,7109,363,0,0,0,0,0
2021-01-28T23:59:59+01:00,147,150,250,429,272,825,357,1323,506,805,251,213,212,452,145,731,1,3,2,8,15,15,11,20,12,19,8,5,6,15,4,23,7068,167,0,0,0,0,0
2021-01-27T23:59:59+01:00,138,140,249,425,268,816,353,1315,500,800,246,211,211,451,145,731,0,0,1,4,11,11,8,15,10,14,7,5,6,15,4,23,6999,134,0,0,0,0,0
2021-01-26T23:59:59+01:00,106,124,233,412,260,788,341,1278,475,769,226,199,203,437,145,723,0,0,1,4,11,11,8,15,10,14,7,5,6,15,4,23,6719,134,0,0,0,0,0
2021-01-25T23:59:59+01:00,103,117,230,392,245,768,329,1243,454,748,213,190,193,411,140,675,0,0,1,4,11,8,7,9,7,10,7,5,6,15,4,23,6451,117,0,0,0,0,0
2021-01-24T23:59:59+01:00,103,115,226,386,244,764,326,1227,452,737,212,187,193,400,140,665,0,0,1,4,11,8,7,9,7,10,7,5,6,15,4,23,6377,117,0,0,0,0,0
2021-01-23T23:59:59+01:00,103,115,226,386,244,764,326,1227,452,737,212,187,193,400,140,665,0,0,1,4,11,8,7,9,7,10,7,5,6,15,4,23,6377,117,0,0,0,0,0
2021-01-22T23:59:59+01:00,103,114,224,384,244,761,322,1223,448,733,210,186,193,400,140,665,0,0,1,4,11,8,7,9,7,10,7,5,6,15,4,23,6350,117,0,0,0,0,0
2021-01-21T23:59:59+01:00,103,108,207,352,234,721,298,1166,435,708,209,182,192,394,139,662,0,0,1,2,9,7,6,7,6,9,7,5,6,15,4,23,6110,107,0,0,0,0,0
2021-01-20T23:59:59+01:00,95,102,193,327,221,654,283,1070,408,659,199,170,176,362,128,619,0,0,1,2,9,7,6,7,6,9,7,5,6,15,4,23,5666,107,0,0,0,0,0
2021-01-19T23:59:59+01:00,85,88,155,278,199,590,259,936,364,562,183,141,155,319,115,544,0,0,1,2,3,7,5,6,4,7,6,4,6,15,4,23,4973,93,0,0,0,0,0
2021-01-18T23:59:59+01:00,72,77,130,232,179,479,227,776,327,482,167,122,131,270,95,462,0,0,0,1,2,3,2,1,2,6,5,4,6,15,4,21,4228,72,0,0,0,0,0
2021-01-17T23:59:59+01:00,46,59,107,203,166,414,209,684,300,429,157,115,119,252,81,406,0,0,0,0,2,3,1,1,2,4,5,4,6,15,4,21,3747,68,0,0,0,0,0
2021-01-16T23:59:59+01:00,39,56,106,200,154,398,197,661,267,405,144,115,118,247,80,395,0,0,0,0,0,0,0,0,0,0,0,0,0,0,0,0,3582,0,0,0,0,0,0
2021-01-15T23:59:59+01:00,37,52,102,192,143,384,190,631,252,385,137,107,114,240,73,379,0,0,0,0,0,0,0,0,0,0,0,0,0,0,0,0,3418,0,0,0,0,0,0
2021-01-14T23:59:59+01:00,13,29,52,85,84,178,119,292,150,226,117,93,100,221,64,339,0,0,0,0,0,0,0,0,0,0,0,0,0,0,0,0,2162,0,0,0,0,0,0
2021-01-13T23:59:59+01:00,12,25,41,71,77,143,96,266,124,191,87,74,79,178,53,270,0,0,0,0,0,0,0,0,0,0,0,0,0,0,0,0,1787,0,0,0,0,0,0
2021-01-12T23:59:59+01:00,12,20,37,65,65,119,78,213,97,140,54,50,52,103,28,156,0,0,0,0,0,0,0,0,0,0,0,0,0,0,0,0,1289,0,0,0,0,0,0
2021-01-11T23:59:59+01:00,5,15,25,45,43,85,52,131,58,69,24,26,23,39,13,68,0,0,0,0,0,0,0,0,0,0,0,0,0,0,0,0,721,0,0,0,0,0,0
2021-01-10T23:59:59+01:00,2,10,21,29,36,61,33,80,36,41,9,7,7,19,8,29,0,0,0,0,0,0,0,0,0,0,0,0,0,0,0,0,428,0,0,0,0,0,0
2021-01-09T23:59:59+01:00,2,9,19,26,34,57,29,70,34,40,9,7,7,19,8,29,0,0,0,0,0,0,0,0,0,0,0,0,0,0,0,0,399,0,0,0,0,0,0
2021-01-08T23:59:59+01:00,1,8,17,24,31,47,23,59,30,38,8,7,6,17,8,29,0,0,0,0,0,0,0,0,0,0,0,0,0,0,0,0,353,0,0,0,0,0,0
2021-01-07T23:59:59+01:00,1,3,2,10,16,15,12,20,14,20,8,6,6,16,6,24,0,0,0,0,0,0,0,0,0,0,0,0,0,0,0,0,179,0,0,0,0,0,0
2021-01-06T23:59:59+01:00,1,0,2,4,14,12,8,15,12,15,8,6,6,16,6,24,0,0,0,0,0,0,0,0,0,0,0,0,0,0,0,0,149,0,0,0,0,0,0
2021-01-05T23:59:59+01:00,0,0,1,4,12,11,8,15,11,15,7,6,6,16,6,24,0,0,0,0,0,0,0,0,0,0,0,0,0,0,0,0,142,0,0,0,0,0,0
2021-01-04T23:59:59+01:00,0,0,1,4,12,10,7,11,9,13,7,6,6,16,6,24,0,0,0,0,0,0,0,0,0,0,0,0,0,0,0,0,132,0,0,0,0,0,0
2021-01-03T23:59:59+01:00,0,0,1,4,11,8,7,9,7,10,7,6,6,16,6,24,0,0,0,0,0,0,0,0,0,0,0,0,0,0,0,0,122,0,0,0,0,0,0
2021-01-02T23:59:59+01:00,0,0,1,4,11,8,7,9,7,10,7,6,6,16,6,24,0,0,0,0,0,0,0,0,0,0,0,0,0,0,0,0,122,0,0,0,0,0,0
2021-01-01T23:59:59+01:00,0,0,1,4,11,8,7,9,7,10,7,6,6,16,6,24,0,0,0,0,0,0,0,0,0,0,0,0,0,0,0,0,122,0,0,0,0,0,0
2020-12-31T23:59:59+01:00,0,0,1,4,11,8,7,9,7,10,7,6,6,16,6,24,0,0,0,0,0,0,0,0,0,0,0,0,0,0,0,0,122,0,0,0,0,0,0
2020-12-30T23:59:59+01:00,0,0,1,4,11,8,7,9,7,10,7,6,6,16,6,24,0,0,0,0,0,0,0,0,0,0,0,0,0,0,0,0,122,0,0,0,0,0,0
2020-12-29T23:59:59+01:00,0,0,1,4,8,8,6,9,6,8,7,6,6,16,6,24,0,0,0,0,0,0,0,0,0,0,0,0,0,0,0,0,115,0,0,0,0,0,0
2020-12-28T23:59:59+01:00,0,0,1,1,5,5,6,2,4,7,7,6,6,16,6,24,0,0,0,0,0,0,0,0,0,0,0,0,0,0,0,0,96,0,0,0,0,0,0
2020-12-27T23:59:59+01:00,0,0,0,0,2,3,1,1,2,5,5,5,6,15,6,24,0,0,0,0,0,0,0,0,0,0,0,0,0,0,0,0,75,0,0,0,0,0,0
