Datum,<24_1_m,<24_1_w,25-34_1_m,25-34_1_w,35-44_1_m,35-44_1_w,45-54_1_m,45-54_1_w,55-64_1_m,55-64_1_w,65-74_1_m,65-74_1_w,75-84_1_m,75-84_1_w,>84_1_m,>84_1_w,<24_2_m,<24_2_w,25-34_2_m,25-34_2_w,35-44_2_m,35-44_2_w,45-54_2_m,45-54_2_w,55-64_2_m,55-64_2_w,65-74_2_m,65-74_2_w,75-84_2_m,75-84_2_w,>84_2_m,>84_2_w,bp_1,bp_2,mo_1,mo_2,az_1,az_2,ja
2021-04-26T23:59:59+02:00,910,1174,1641,2317,1972,3824,3112,5597,5526,6264,11252,11673,7904,9881,2199,4428,346,287,443,656,502,1101,663,1706,860,1163,865,737,4596,5591,1862,3608,45531,22324,8252,2636,25891,26,0
2021-04-25T23:59:59+02:00,899,1172,1627,2311,1932,3803,2977,5579,5443,6257,11249,11672,7903,9876,2198,4428,345,287,442,655,502,1095,663,1704,858,1163,865,736,4594,5591,1862,3608,45214,22317,8248,2634,25864,19,0
2021-04-24T23:59:59+02:00,881,1162,1608,2292,1891,3754,2867,5503,5080,5913,10680,10981,7875,9828,2197,4427,345,287,442,655,502,1093,661,1701,854,1163,860,729,4584,5580,1860,3607,42832,22286,8248,2619,25859,18,0
2021-04-23T23:59:59+02:00,872,1153,1596,2284,1862,3725,2829,5452,4900,5696,10405,10647,7841,9789,2194,4420,345,286,442,655,502,1092,660,1701,852,1162,860,729,4581,5578,1860,3607,41570,22280,8248,2614,25847,18,0
2021-04-22T23:59:59+02:00,855,1129,1564,2246,1812,3655,2740,5366,4743,5527,10285,10470,7828,9758,2190,4413,345,285,440,643,500,1087,653,1691,850,1155,853,723,4578,5573,1860,3606,40565,22240,8226,2590,25790,12,0
2021-04-21T23:59:59+02:00,844,1117,1538,2235,1759,3606,2622,5271,4312,5042,9755,9860,7781,9703,2188,4403,344,285,437,642,499,1086,652,1689,846,1149,840,712,4569,5561,1860,3603,38057,22196,8217,2567,25762,11,0
2021-04-20T23:59:59+02:00,835,1102,1521,2214,1729,3576,2565,5209,4177,4946,9578,9659,7761,9693,2187,4401,344,284,437,641,498,1085,651,1684,843,1145,833,704,4564,5556,1860,3603,37257,22159,8206,2562,25690,11,0
2021-04-19T23:59:59+02:00,830,1090,1511,2206,1712,3562,2534,5178,4105,4873,9216,9261,7738,9671,2185,4395,344,282,436,638,496,1083,648,1682,838,1142,829,699,4553,5550,1860,3602,36241,22118,8194,2553,25632,11,0
2021-04-18T23:59:59+02:00,826,1086,1505,2202,1695,3555,2519,5168,4095,4870,9209,9247,7738,9671,2185,4395,343,281,436,636,495,1081,648,1679,836,1142,829,696,4548,5545,1859,3602,36183,22102,8174,2543,25609,11,0
2021-04-17T23:59:59+02:00,808,1077,1402,2194,1612,3542,2480,5131,3971,4749,8563,8588,7725,9663,2185,4395,342,281,435,634,494,1081,647,1678,835,1140,829,696,4547,5545,1859,3602,36175,22091,8174,2543,23736,11,0
2021-04-16T23:59:59+02:00,790,1059,1263,2172,1475,3518,2396,5062,3752,4509,7326,7155,7691,9621,2173,4367,341,280,431,630,490,1076,638,1675,828,1133,823,688,4540,5536,1857,3600,34850,22024,8172,2533,21307,9,0
2021-04-15T23:59:59+02:00,768,1048,1252,2158,1454,3496,2341,5020,3658,4433,6900,6678,7648,9549,2156,4300,332,272,417,621,470,1063,606,1647,793,1102,709,600,4075,5052,1836,3571,33516,21963,8115,1198,21228,5,0
2021-04-14T23:59:59+02:00,766,1040,1230,2150,1426,3475,2296,4976,3467,4302,5624,5320,7597,9478,2137,4269,324,267,414,616,464,1059,603,1639,788,1098,695,590,4065,5047,1833,3568,30305,21901,8103,1165,21145,4,0
2021-04-13T23:59:59+02:00,762,1040,1223,2145,1415,3472,2282,4965,3449,4286,5605,5297,7588,9474,2136,4267,324,266,414,615,462,1056,598,1636,780,1098,682,586,4062,5046,1833,3568,30214,21882,8083,1140,21109,4,0
2021-04-12T23:59:59+02:00,756,1030,1211,2137,1398,3462,2251,4951,3424,4262,5578,5278,7580,9456,2133,4236,323,265,413,615,462,1051,597,1632,773,1090,676,585,4058,5045,1833,3567,30080,21858,8038,1123,21025,4,0
2021-04-11T23:59:59+02:00,747,1026,1196,2125,1381,3443,2182,4927,3291,4160,5033,4705,7063,8794,2124,4225,323,265,411,615,460,1050,591,1629,770,1090,673,581,4053,5039,1833,3567,30035,21853,5450,1093,20937,4,0
2021-04-10T23:59:59+02:00,747,1025,1195,2124,1379,3440,2181,4924,3288,4151,4990,4658,7060,8789,2124,4224,318,259,408,606,447,1036,566,1611,734,1063,566,483,3520,4435,1790,3490,29916,20235,5447,1093,20936,4,0
2021-04-09T23:59:59+02:00,744,1023,1187,2121,1375,3437,2139,4898,3201,4074,4821,4503,7029,8741,2120,4212,307,252,394,588,435,1025,540,1593,712,1035,447,398,2907,3626,1745,3417,29253,18325,5444,1092,20928,4,0
2021-04-08T23:59:59+02:00,730,1012,1172,2107,1358,3408,2062,4833,3049,3962,3744,3326,6843,8429,2112,4200,293,242,378,571,410,1007,518,1565,680,1011,428,378,2900,3620,1742,3414,28449,18110,5395,1043,18503,4,0
2021-04-07T23:59:59+02:00,723,1007,1158,2098,1337,3392,1928,4725,2695,3709,3185,2829,6738,8293,2090,4156,279,233,342,544,374,975,477,1530,644,986,400,354,2843,3560,1739,3407,26264,17660,5375,1023,18424,4,0
2021-04-06T23:59:59+02:00,707,998,1126,2090,1314,3375,1789,4667,2397,3517,2781,2531,6656,8197,2072,4123,250,217,309,518,350,959,439,1508,608,951,366,316,2789,3486,1733,3399,24700,17188,5360,1006,18280,4,0
2021-04-05T23:59:59+02:00,703,996,1115,2087,1311,3372,1775,4656,2387,3499,2126,1841,5907,7248,2070,4123,250,217,308,515,345,952,436,1507,603,947,363,312,2787,3482,1733,3397,24666,17178,5349,972,15201,4,0
2021-04-04T23:59:59+02:00,702,996,1114,2086,1311,3372,1775,4655,2384,3498,2126,1837,5905,7245,2070,4123,250,217,308,515,345,952,435,1507,603,947,363,312,2786,3482,1733,3397,24655,17176,5349,972,15195,4,0
2021-04-03T23:59:59+02:00,702,996,1114,2085,1311,3371,1773,4653,2381,3498,2125,1835,5904,7245,2070,4123,250,217,308,515,345,952,435,1507,602,947,363,312,2786,3482,1733,3397,24648,17175,5345,972,15193,4,0
2021-04-02T23:59:59+02:00,702,996,1114,2085,1307,3370,1771,4647,2378,3496,2113,1826,5896,7229,2066,4112,250,216,308,514,345,952,433,1504,601,941,361,312,2785,3481,1732,3396,24582,17155,5339,972,15187,4,0
2021-04-01T23:59:59+02:00,698,983,1090,2066,1196,3262,1694,4590,2122,3290,1355,1206,5725,7046,2058,4088,246,215,308,513,344,951,433,1502,600,938,359,308,2780,3479,1732,3391,24469,17133,2856,962,15144,4,0
2021-03-31T23:59:59+02:00,696,982,1089,2062,1190,3255,1682,4585,2105,3274,1328,1173,5697,6989,2018,4001,245,215,308,512,343,951,433,1502,598,936,356,305,2772,3473,1727,3388,24170,17106,2840,954,15116,4,0
2021-03-30T23:59:59+02:00,693,977,1084,2057,1183,3249,1672,4571,2095,3258,1274,1119,5613,6847,1979,3864,245,214,308,511,340,947,428,1499,592,927,340,293,2650,3290,1634,3195,23636,16493,2817,916,15082,4,0
2021-03-29T23:59:59+02:00,691,976,1079,2049,1174,3241,1665,4555,2080,3243,1236,1085,5534,6724,1928,3742,245,213,307,510,337,945,425,1495,588,923,332,286,2383,2967,1472,2906,23153,15417,2787,913,15062,4,0
2021-03-28T23:59:59+02:00,691,972,1077,2045,1170,3234,1662,4547,2078,3241,1220,1075,5518,6699,1916,3712,243,213,305,506,330,943,423,1487,584,909,327,277,2377,2955,1471,2904,23037,15389,2770,861,15050,4,0
2021-03-27T23:59:59+01:00,634,898,1002,1973,1084,3119,1540,4436,1985,3168,1149,1003,4925,5985,1916,3712,243,213,305,506,330,943,420,1485,583,908,327,277,2377,2955,1471,2904,23022,15383,2755,861,12752,3,0
2021-03-26T23:59:59+01:00,629,890,997,1966,1084,3114,1529,4428,1965,3160,1103,974,4900,5952,1915,3708,242,210,304,504,328,942,419,1484,579,901,317,272,1872,2263,1163,2348,22835,13290,2742,855,12737,3,0
2021-03-25T23:59:59+01:00,626,883,984,1954,1078,3108,1523,4414,1950,3148,1093,963,4893,5946,1914,3707,241,207,303,503,326,935,416,1479,574,891,311,267,1765,2125,1135,2282,22782,12926,2731,831,12671,3,0
2021-03-24T23:59:59+01:00,624,879,969,1940,1069,3090,1494,4400,1939,3137,1054,932,4862,5915,1908,3700,241,207,303,501,323,931,411,1471,565,875,296,256,1417,1698,1019,2070,22636,11812,2701,769,12575,3,0
2021-03-23T23:59:59+01:00,621,870,967,1931,1064,3078,1489,4390,1930,3133,1041,922,4842,5898,1908,3697,240,207,301,499,318,928,409,1471,561,871,289,249,1158,1412,944,1937,22564,11041,2692,750,12525,3,0
2021-03-22T23:59:59+01:00,620,860,965,1923,1060,3070,1482,4378,1921,3125,1036,919,4838,5898,1908,3696,238,207,300,497,317,927,407,1468,559,867,285,245,1155,1407,940,1935,22544,11020,2681,731,12474,3,0
2021-03-21T23:59:59+01:00,617,854,963,1918,1058,3064,1477,4368,1914,3118,1033,918,4838,5896,1908,3695,238,207,300,496,316,923,407,1463,552,865,276,241,1150,1402,940,1934,22542,11020,2669,687,12428,3,0
2021-03-20T23:59:59+01:00,612,843,957,1904,1043,3050,1451,4349,1877,3087,924,817,4292,5275,1862,3614,238,207,300,496,316,923,407,1463,552,865,276,240,1150,1402,939,1934,20880,11018,2669,687,12408,3,0
2021-03-19T23:59:59+01:00,602,834,938,1875,1023,3032,1416,4326,1848,3051,796,723,3653,4445,1819,3539,235,207,299,496,315,920,405,1461,548,859,274,238,1127,1378,916,1900,18903,10989,2652,586,12365,3,0
2021-03-18T23:59:59+01:00,587,814,922,1858,1001,3007,1379,4283,1800,2997,671,631,3166,3941,1799,3511,230,205,295,491,313,911,402,1455,545,854,269,233,1008,1257,824,1733,18821,10614,1259,408,12287,3,0
2021-03-17T23:59:59+01:00,584,802,910,1838,990,2991,1357,4261,1782,2981,641,605,3081,3850,1794,3506,228,203,293,489,309,910,395,1451,543,851,266,230,711,917,571,1341,18514,9675,1219,33,12240,0,0
2021-03-16T23:59:59+01:00,581,787,898,1821,973,2979,1337,4247,1755,2966,615,592,3036,3778,1792,3502,228,203,292,489,309,909,393,1449,539,845,263,228,437,651,408,1067,18316,8681,1178,29,12165,0,0
2021-03-15T23:59:59+01:00,581,773,894,1806,965,2958,1330,4240,1743,2954,608,591,3034,3777,1792,3502,227,203,291,488,307,909,392,1448,537,845,263,228,436,649,406,1066,18304,8669,1153,26,12091,0,0
2021-03-14T23:59:59+01:00,580,767,887,1793,959,2953,1320,4227,1732,2943,606,586,3028,3772,1792,3502,227,203,290,487,306,907,390,1447,537,845,263,228,436,649,406,1066,18300,8668,1123,19,12024,0,0
2021-03-13T23:59:59+01:00,555,692,778,1528,832,2562,1117,3669,1460,2561,540,506,2930,3657,1791,3501,227,203,290,487,306,907,390,1447,537,845,263,228,436,649,406,1066,18295,8668,1123,19,9261,0,0
2021-03-12T23:59:59+01:00,536,589,711,1263,737,2141,943,2980,1168,1968,468,431,2894,3618,1790,3500,227,203,290,487,306,905,389,1447,537,845,263,226,420,626,372,1021,18274,8545,1122,19,6341,0,0
2021-03-11T23:59:59+01:00,512,547,678,1196,690,2035,885,2831,1070,1859,436,388,2876,3607,1789,3499,227,203,289,485,305,903,389,1445,536,845,263,225,399,602,332,984,18081,8417,1072,15,5745,0,0
2021-03-10T23:59:59+01:00,498,532,634,1162,651,2002,844,2788,1029,1829,419,374,2860,3583,1784,3494,222,200,286,478,305,903,385,1437,531,839,259,219,230,460,148,757,17788,7650,1052,9,5643,0,0
2021-03-09T23:59:59+01:00,478,515,603,1134,632,1984,818,2760,1009,1805,398,355,2743,3407,1687,3293,222,200,284,476,304,902,384,1434,531,836,257,218,230,458,148,756,17021,7640,1036,0,5564,0,0
2021-03-08T23:59:59+01:00,463,491,583,1111,612,1964,803,2738,989,1776,375,328,2471,3074,1522,3000,222,198,284,473,303,897,384,1430,531,834,256,216,230,456,147,756,15822,7617,1009,0,5469,0,0
2021-03-07T23:59:59+01:00,461,486,575,1096,602,1957,800,2726,985,1771,374,327,2465,3066,1521,2999,222,198,284,472,303,895,384,1427,531,834,256,216,230,456,147,756,15794,7611,1001,0,5416,0,0
2021-03-06T23:59:59+01:00,461,481,571,1087,599,1956,795,2718,980,1766,374,327,2465,3066,1521,2999,222,198,284,472,303,895,384,1427,531,833,255,216,230,456,147,756,15788,7609,1001,0,5377,0,0
2021-03-05T23:59:59+01:00,456,464,566,1076,594,1949,792,2711,974,1759,359,318,1927,2338,1204,2410,219,193,280,472,300,894,382,1425,529,830,255,216,214,450,144,747,13564,7550,1001,0,5332,0,0
2021-03-04T23:59:59+01:00,445,433,541,1046,574,1888,767,2659,954,1717,355,311,1820,2201,1175,2344,209,187,272,463,299,886,380,1413,527,827,254,216,214,449,144,747,13194,7487,994,0,5042,0,0
2021-03-03T23:59:59+01:00,442,423,531,1019,557,1852,742,2614,938,1685,346,306,1460,1762,1051,2122,208,186,271,462,298,885,376,1405,526,821,252,214,213,446,142,744,12024,7449,985,0,4841,0,0
2021-03-02T23:59:59+01:00,438,415,522,991,545,1829,732,2592,927,1669,336,296,1180,1460,966,1980,208,184,270,452,295,880,376,1395,526,816,252,214,213,446,142,744,11203,7413,952,0,4723,0,0
2021-03-01T23:59:59+01:00,436,408,512,963,526,1803,721,2562,921,1654,332,291,1176,1451,962,1977,207,181,270,443,291,870,375,1381,524,811,250,212,212,445,142,744,11177,7358,915,0,4603,0,0
2021-02-28T23:59:59+01:00,433,404,508,954,520,1792,718,2552,914,1640,329,286,1176,1449,962,1977,206,180,270,443,291,869,375,1381,523,811,250,212,212,445,142,744,11177,7354,888,0,4549,0,0
2021-02-27T23:59:59+01:00,432,401,503,949,517,1786,715,2544,910,1637,329,284,1176,1449,961,1977,206,180,270,443,291,869,374,1381,523,811,250,212,212,445,142,744,11173,7353,888,0,4509,0,0
2021-02-26T23:59:59+01:00,385,348,429,768,445,1454,578,2127,741,1343,319,274,1176,1446,961,1977,206,178,268,438,289,858,372,1376,521,808,250,212,212,445,142,744,11164,7319,877,0,2730,0,0
2021-02-25T23:59:59+01:00,366,337,416,744,434,1418,564,2084,722,1311,309,267,1081,1344,899,1863,151,166,252,432,280,846,361,1362,516,803,250,210,212,445,142,744,10755,7172,846,0,2558,0,0
2021-02-24T23:59:59+01:00,361,329,411,727,429,1381,547,2033,700,1276,301,257,848,1074,734,1580,151,160,251,427,276,837,360,1348,509,797,247,208,211,443,142,742,9794,7109,805,0,2389,0,0
2021-02-23T23:59:59+01:00,358,319,404,714,421,1362,538,1997,687,1260,291,249,566,796,568,1311,151,159,250,425,274,830,360,1339,508,793,246,207,210,443,140,741,8797,7076,762,0,2282,0,0
2021-02-22T23:59:59+01:00,358,316,403,707,419,1355,532,1989,684,1256,291,246,564,793,567,1308,151,153,244,414,273,812,357,1318,503,788,243,206,210,443,140,741,8787,6996,749,0,2252,0,0
2021-02-21T23:59:59+01:00,356,314,400,702,417,1349,530,1980,676,1252,282,242,559,788,566,1308,151,152,243,414,272,811,355,1315,496,785,242,205,209,442,139,731,8783,6962,708,0,2230,0,0
2021-02-20T23:59:59+01:00,356,311,400,700,417,1339,529,1971,674,1249,282,242,559,788,566,1308,151,152,243,414,272,811,354,1315,496,785,242,205,209,442,139,731,8783,6961,708,0,2200,0,0
2021-02-19T23:59:59+01:00,310,283,367,616,382,1167,473,1756,602,1083,280,237,522,745,509,1225,151,152,242,414,271,811,354,1315,496,785,242,205,209,442,139,731,8656,6959,603,0,1298,0,0
2021-02-18T23:59:59+01:00,308,276,358,605,370,1148,460,1740,593,1077,280,235,450,675,418,1115,148,148,236,409,266,805,351,1307,493,784,240,204,209,442,139,731,8474,6912,421,0,1213,0,0
2021-02-17T23:59:59+01:00,302,270,348,593,360,1137,439,1723,586,1067,275,228,219,468,150,767,138,133,233,406,261,789,345,1291,488,778,236,202,208,442,139,731,7737,6820,33,0,1162,0,0
2021-02-16T23:59:59+01:00,298,269,340,590,352,1130,432,1713,582,1060,273,226,218,466,150,766,104,118,217,383,248,762,329,1250,455,743,216,187,200,426,138,724,7727,6500,29,0,1109,0,0
2021-02-15T23:59:59+01:00,296,267,338,585,350,1123,431,1705,578,1057,273,226,218,464,148,766,103,116,214,373,239,748,319,1221,438,721,205,180,187,397,131,675,7716,6267,26,0,1083,0,0
2021-02-14T23:59:59+01:00,294,263,334,583,346,1114,427,1699,576,1054,273,226,218,464,148,766,99,115,207,367,236,740,313,1205,435,711,203,177,187,386,131,666,7707,6178,20,0,1058,0,0
2021-02-13T23:59:59+01:00,294,263,334,583,346,1114,426,1699,576,1053,272,226,218,464,148,766,99,115,207,367,236,740,313,1205,435,711,203,177,187,386,131,666,7705,6178,20,0,1057,0,0
2021-02-12T23:59:59+01:00,226,201,293,494,315,920,395,1459,543,851,265,223,218,464,148,766,96,114,204,366,233,737,307,1199,432,707,201,176,187,386,131,666,7695,6142,20,0,66,0,0
2021-02-11T23:59:59+01:00,224,199,288,482,309,903,390,1442,536,845,265,223,218,464,148,766,95,108,193,337,222,699,287,1141,417,669,200,173,187,381,131,663,7657,5903,16,0,29,0,0
2021-02-10T23:59:59+01:00,221,192,284,477,305,900,383,1432,534,836,263,221,216,462,148,765,86,101,177,308,210,639,271,1053,394,624,190,158,172,348,119,620,7616,5470,10,0,13,0,0
2021-02-09T23:59:59+01:00,214,187,283,468,304,893,383,1420,532,829,260,220,216,460,148,765,75,81,138,241,178,532,235,847,336,513,173,130,151,312,110,553,7574,4605,2,0,6,0,0
2021-02-08T23:59:59+01:00,209,180,280,457,300,882,380,1403,527,822,256,216,215,458,146,762,44,59,98,149,130,288,170,461,239,342,150,106,122,258,89,456,7485,3161,2,0,6,0,0
2021-02-07T23:59:59+01:00,208,178,277,456,299,880,378,1401,526,822,255,215,215,458,146,762,24,50,81,130,125,267,160,426,223,315,142,101,113,246,84,423,7475,2910,1,0,0,0,0
2021-02-06T23:59:59+01:00,208,178,277,456,299,880,378,1401,526,822,255,215,215,458,146,762,24,47,78,128,112,255,149,408,190,292,129,101,112,241,83,412,7475,2761,1,0,0,0,0
2021-02-05T23:59:59+01:00,208,176,276,451,298,866,375,1396,523,819,255,214,215,458,146,761,23,41,73,119,106,241,143,382,178,275,122,97,109,235,76,396,7436,2616,1,0,0,0,0
2021-02-04T23:59:59+01:00,199,171,276,447,292,855,372,1384,514,812,254,212,214,457,146,759,14,25,49,80,80,184,117,290,149,227,108,86,100,215,67,339,7364,2130,0,0,0,0,0
2021-02-03T23:59:59+01:00,181,166,270,442,288,851,370,1374,514,811,253,212,214,457,146,758,14,24,43,66,73,150,93,261,133,192,88,72,86,184,61,296,7307,1836,0,0,0,0,0
2021-02-02T23:59:59+01:00,158,160,260,439,284,843,366,1364,513,808,252,212,213,457,145,757,13,22,34,61,62,128,76,213,106,143,59,55,62,120,41,194,7231,1389,0,0,0,0,0
2021-02-01T23:59:59+01:00,153,153,253,424,283,825,365,1343,507,799,248,210,213,457,145,757,7,14,16,32,38,74,43,108,59,60,23,29,28,49,23,99,7135,702,0,0,0,0,0
2021-01-31T23:59:59+01:00,152,151,250,422,281,822,364,1337,503,797,248,208,212,456,145,757,5,9,14,20,31,53,29,58,37,37,11,9,13,30,18,60,7105,434,0,0,0,0,0
2021-01-30T23:59:59+01:00,152,151,250,422,281,820,363,1337,503,797,248,208,212,456,145,757,5,9,12,17,28,47,24,49,34,36,11,9,13,30,18,60,7102,402,0,0,0,0,0
2021-01-29T23:59:59+01:00,152,151,249,422,280,820,363,1337,503,797,248,208,212,456,145,757,4,8,8,16,26,37,19,41,30,33,11,9,12,28,18,60,7100,360,0,0,0,0,0
2021-01-28T23:59:59+01:00,150,148,244,414,275,816,360,1329,499,796,248,208,212,456,145,757,1,3,2,7,15,15,11,20,11,18,8,5,6,15,5,23,7057,165,0,0,0,0,0
2021-01-27T23:59:59+01:00,141,138,243,411,271,809,356,1321,494,791,243,206,211,455,145,757,0,0,1,3,11,11,8,15,10,13,7,5,6,15,5,23,6992,133,0,0,0,0,0
2021-01-26T23:59:59+01:00,108,123,229,400,261,782,344,1284,468,761,223,194,203,440,145,749,0,0,1,3,11,11,8,15,10,13,7,5,6,15,5,23,6714,133,0,0,0,0,0
2021-01-25T23:59:59+01:00,105,116,225,381,247,762,331,1249,448,739,210,185,192,414,140,701,0,0,1,3,11,8,7,9,7,9,7,5,6,15,5,23,6445,116,0,0,0,0,0
2021-01-24T23:59:59+01:00,105,115,221,375,246,758,328,1233,446,728,209,182,192,403,140,691,0,0,1,3,11,8,7,9,7,9,7,5,6,15,5,23,6372,116,0,0,0,0,0
2021-01-23T23:59:59+01:00,105,115,221,375,246,758,328,1233,446,728,209,182,192,403,140,691,0,0,1,3,11,8,7,9,7,9,7,5,6,15,5,23,6372,116,0,0,0,0,0
2021-01-22T23:59:59+01:00,105,114,219,373,246,755,324,1228,442,724,207,181,192,403,140,691,0,0,1,3,11,8,7,9,7,9,7,5,6,15,5,23,6344,116,0,0,0,0,0
2021-01-21T23:59:59+01:00,105,108,205,342,236,716,300,1171,429,700,206,177,191,397,139,688,0,0,1,1,9,7,6,6,7,8,7,5,6,15,5,23,6110,106,0,0,0,0,0
2021-01-20T23:59:59+01:00,95,102,191,318,224,650,286,1073,402,651,196,165,175,364,128,645,0,0,1,1,9,7,6,6,7,8,7,5,6,15,5,23,5665,106,0,0,0,0,0
2021-01-19T23:59:59+01:00,85,88,153,270,202,585,260,937,359,557,180,137,153,320,115,569,0,0,1,1,3,7,5,5,4,6,6,4,6,15,5,23,4970,91,0,0,0,0,0
2021-01-18T23:59:59+01:00,72,78,129,225,182,476,227,777,322,478,164,119,129,271,95,487,0,0,0,1,2,3,2,1,2,5,5,4,6,15,5,21,4231,72,0,0,0,0,0
2021-01-17T23:59:59+01:00,44,60,107,197,169,410,210,683,295,426,153,111,117,253,81,430,0,0,0,0,2,3,1,1,2,4,5,4,6,15,5,21,3746,69,0,0,0,0,0
2021-01-16T23:59:59+01:00,37,57,106,194,155,396,196,660,262,403,140,111,116,248,80,419,0,0,0,0,0,0,0,0,0,0,0,0,0,0,0,0,3580,0,0,0,0,0,0
2021-01-15T23:59:59+01:00,35,52,101,185,144,382,190,629,247,383,133,103,112,241,73,403,0,0,0,0,0,0,0,0,0,0,0,0,0,0,0,0,3413,0,0,0,0,0,0
2021-01-14T23:59:59+01:00,13,28,52,78,83,178,120,288,148,227,114,91,100,222,64,363,0,0,0,0,0,0,0,0,0,0,0,0,0,0,0,0,2169,0,0,0,0,0,0
2021-01-13T23:59:59+01:00,12,25,41,64,76,144,97,261,124,192,85,72,78,180,54,291,0,0,0,0,0,0,0,0,0,0,0,0,0,0,0,0,1796,0,0,0,0,0,0
2021-01-12T23:59:59+01:00,12,22,37,59,64,119,80,210,98,139,54,50,52,106,30,178,0,0,0,0,0,0,0,0,0,0,0,0,0,0,0,0,1310,0,0,0,0,0,0
2021-01-11T23:59:59+01:00,5,16,25,40,43,86,52,128,59,66,23,26,23,40,14,69,0,0,0,0,0,0,0,0,0,0,0,0,0,0,0,0,715,0,0,0,0,0,0
2021-01-10T23:59:59+01:00,2,10,22,25,36,60,33,78,37,38,8,6,7,20,9,29,0,0,0,0,0,0,0,0,0,0,0,0,0,0,0,0,420,0,0,0,0,0,0
2021-01-09T23:59:59+01:00,2,9,19,23,34,56,29,68,34,37,8,6,7,20,9,29,0,0,0,0,0,0,0,0,0,0,0,0,0,0,0,0,390,0,0,0,0,0,0
2021-01-08T23:59:59+01:00,1,8,17,21,31,46,23,57,29,34,8,6,6,18,9,29,0,0,0,0,0,0,0,0,0,0,0,0,0,0,0,0,343,0,0,0,0,0,0
2021-01-07T23:59:59+01:00,1,3,2,8,16,15,12,20,12,18,8,6,6,16,7,24,0,0,0,0,0,0,0,0,0,0,0,0,0,0,0,0,174,0,0,0,0,0,0
2021-01-06T23:59:59+01:00,1,0,2,3,14,12,8,15,10,13,8,6,6,16,7,24,0,0,0,0,0,0,0,0,0,0,0,0,0,0,0,0,145,0,0,0,0,0,0
2021-01-05T23:59:59+01:00,0,0,1,3,12,11,8,15,10,13,7,6,6,16,7,24,0,0,0,0,0,0,0,0,0,0,0,0,0,0,0,0,139,0,0,0,0,0,0
2021-01-04T23:59:59+01:00,0,0,1,3,12,10,7,11,8,11,7,6,6,16,7,24,0,0,0,0,0,0,0,0,0,0,0,0,0,0,0,0,129,0,0,0,0,0,0
2021-01-03T23:59:59+01:00,0,0,1,3,11,8,7,9,7,9,7,6,6,16,7,24,0,0,0,0,0,0,0,0,0,0,0,0,0,0,0,0,121,0,0,0,0,0,0
2021-01-02T23:59:59+01:00,0,0,1,3,11,8,7,9,7,9,7,6,6,16,7,24,0,0,0,0,0,0,0,0,0,0,0,0,0,0,0,0,121,0,0,0,0,0,0
2021-01-01T23:59:59+01:00,0,0,1,3,11,8,7,9,7,9,7,6,6,16,7,24,0,0,0,0,0,0,0,0,0,0,0,0,0,0,0,0,121,0,0,0,0,0,0
2020-12-31T23:59:59+01:00,0,0,1,3,11,8,7,9,7,9,7,6,6,16,7,24,0,0,0,0,0,0,0,0,0,0,0,0,0,0,0,0,121,0,0,0,0,0,0
2020-12-30T23:59:59+01:00,0,0,1,3,11,8,7,9,7,9,7,6,6,16,7,24,0,0,0,0,0,0,0,0,0,0,0,0,0,0,0,0,121,0,0,0,0,0,0
2020-12-29T23:59:59+01:00,0,0,1,3,8,8,6,9,6,7,7,6,6,16,7,24,0,0,0,0,0,0,0,0,0,0,0,0,0,0,0,0,114,0,0,0,0,0,0
2020-12-28T23:59:59+01:00,0,0,1,1,5,5,6,2,4,6,7,6,6,16,7,24,0,0,0,0,0,0,0,0,0,0,0,0,0,0,0,0,96,0,0,0,0,0,0
2020-12-27T23:59:59+01:00,0,0,0,0,2,3,1,1,2,4,5,5,6,15,7,24,0,0,0,0,0,0,0,0,0,0,0,0,0,0,0,0,75,0,0,0,0,0,0
