Datum,<15_m,<15_w,15-24_1_m,15-24_1_w,25-34_1_m,25-34_1_w,35-44_1_m,35-44_1_w,45-54_1_m,45-54_1_w,55-64_1_m,55-64_1_w,65-74_1_m,65-74_1_w,75-84_1_m,75-84_1_w,>84_1_m,>84_1_w,<24_2_m,<24_2_w,25-34_2_m,25-34_2_w,35-44_2_m,35-44_2_w,45-54_2_m,45-54_2_w,55-64_2_m,55-64_2_w,65-74_2_m,65-74_2_w,75-84_2_m,75-84_2_w,>84_2_m,>84_2_w,bp_1,bp_2,mo_1,mo_2,az_1,az_2,ja,unb_1,unb_2
2021-10-20T23:59:59+02:00,1962,1904,10228,9631,11191,10513,13721,14168,17724,18089,20915,20861,16486,17187,9187,11166,2969,5707,9508,9014,10694,9894,13184,13526,17136,17459,20386,20302,16166,16836,9015,10937,2873,5541,153086,146671,20455,19734,27875,27118,12199,9,9
2021-10-19T23:59:59+02:00,1958,1898,10220,9624,11183,10503,13714,14163,17718,18085,20908,20857,16485,17185,9187,11166,2969,5706,9467,8971,10664,9865,13162,13500,17109,17436,20375,20291,16158,16824,9010,10936,2873,5540,153012,146343,20453,19734,27875,27118,12195,9,9
2021-10-18T23:59:59+02:00,1952,1881,10194,9606,11168,10487,13706,14150,17704,18077,20898,20849,16479,17180,9183,11160,2967,5700,9437,8932,10639,9839,13139,13471,17087,17421,20358,20277,16149,16816,9002,10926,2872,5536,152826,146021,20452,19732,27875,27118,12194,9,9
2021-10-17T23:59:59+02:00,1952,1880,10188,9605,11166,10483,13703,14148,17702,18073,20895,20848,16476,17180,9182,11160,2965,5698,9435,8927,10632,9837,13137,13470,17082,17416,20356,20276,16148,16815,9002,10925,2872,5536,152792,145987,20451,19730,27875,27118,12192,9,9
2021-10-16T23:59:59+02:00,1948,1876,10180,9599,11161,10483,13697,14137,17699,18071,20890,20846,16474,17176,9180,11159,2965,5697,9435,8926,10631,9837,13136,13469,17082,17414,20355,20276,16148,16815,9002,10925,2872,5536,152727,145981,20451,19730,27875,27118,12191,9,9
2021-10-15T23:59:59+02:00,1945,1872,10173,9586,11154,10476,13689,14125,17690,18058,20885,20834,16473,17175,9179,11158,2965,5696,9419,8912,10621,9830,13127,13462,17078,17409,20350,20271,16145,16815,9002,10925,2871,5536,152625,145888,20451,19729,27875,27118,12188,9,9
2021-10-14T23:59:59+02:00,1940,1865,10162,9575,11146,10462,13672,14119,17684,18048,20874,20826,16470,17172,9179,11155,2964,5694,9410,8899,10613,9819,13118,13454,17073,17404,20340,20263,16139,16809,8999,10924,2871,5536,152537,145796,20424,19720,27875,27118,12177,9,9
2021-10-13T23:59:59+02:00,1936,1854,10148,9556,11132,10455,13658,14109,17669,18037,20867,20818,16467,17164,9173,11147,2961,5692,9399,8880,10599,9806,13105,13440,17061,17393,20335,20253,16137,16803,8994,10915,2870,5533,152417,145716,20382,19639,27875,27117,12175,9,9
2021-10-12T23:59:59+02:00,1926,1845,10133,9543,11122,10438,13652,14104,17667,18031,20861,20815,16464,17161,9171,11146,2961,5692,9370,8857,10590,9791,13092,13424,17048,17383,20325,20245,16128,16794,8989,10907,2869,5525,152376,145590,20313,19558,27875,27117,12174,9,9
2021-10-11T23:59:59+02:00,1917,1836,10113,9528,11103,10429,13639,14096,17657,18015,20853,20805,16458,17159,9168,11142,2960,5690,9337,8817,10568,9760,13069,13396,17034,17368,20313,20236,16119,16790,8986,10903,2868,5521,152275,145440,20255,19406,27875,27117,12169,9,9
2021-10-10T23:59:59+02:00,1916,1831,10103,9521,11099,10422,13629,14089,17649,18007,20843,20800,16458,17159,9165,11139,2960,5690,9330,8813,10560,9756,13063,13391,17029,17365,20308,20236,16118,16790,8984,10900,2868,5519,152250,145396,20196,19396,27875,27117,12165,9,9
2021-10-09T23:59:59+02:00,1916,1831,10103,9521,11098,10422,13629,14089,17648,18007,20843,20800,16458,17159,9165,11139,2960,5690,9327,8809,10560,9754,13062,13390,17027,17365,20307,20235,16118,16790,8984,10900,2868,5519,152249,145383,20195,19393,27875,27117,12165,9,9
2021-10-08T23:59:59+02:00,1907,1822,10088,9514,11089,10416,13619,14078,17638,18000,20834,20795,16451,17153,9164,11136,2959,5689,9321,8799,10555,9748,13057,13383,17025,17363,20306,20234,16116,16789,8984,10899,2868,5519,152125,145327,20195,19389,27875,27117,12163,9,9
2021-10-07T23:59:59+02:00,1895,1808,10058,9480,11061,10389,13590,14060,17630,17987,20816,20782,16445,17148,9161,11132,2958,5687,9308,8781,10547,9732,13051,13372,17020,17354,20298,20229,16112,16786,8980,10896,2868,5518,151881,145217,20190,19387,27875,27117,12147,9,9
2021-10-06T23:59:59+02:00,1877,1784,10033,9460,11045,10373,13575,14040,17623,17975,20804,20773,16441,17143,9158,11131,2958,5686,9266,8718,10524,9695,13017,13334,16994,17327,20278,20210,16101,16777,8975,10892,2868,5514,151682,144766,20186,19386,27875,27117,12139,9,9
2021-10-05T23:59:59+02:00,1867,1772,10020,9438,11035,10356,13560,14024,17614,17966,20794,20768,16437,17137,9157,11131,2957,5686,9246,8693,10509,9674,13007,13322,16986,17311,20267,20201,16095,16773,8972,10886,2864,5510,151543,144572,20186,19386,27875,27117,12118,9,9
2021-10-04T23:59:59+02:00,1855,1762,9995,9424,11024,10340,13546,14012,17603,17952,20782,20755,16436,17134,9155,11129,2956,5686,9224,8672,10489,9651,13003,13312,16977,17292,20258,20181,16093,16769,8970,10884,2863,5510,151392,144392,20181,19386,27875,27116,12101,9,9
2021-10-03T23:59:59+02:00,1849,1757,9988,9418,11013,10330,13541,14006,17596,17947,20774,20751,16433,17129,9153,11128,2956,5686,9216,8663,10476,9644,12999,13307,16973,17285,20249,20177,16091,16767,8970,10883,2863,5510,151332,144340,20181,19386,27875,27116,12070,9,9
2021-10-02T23:59:59+02:00,1849,1757,9986,9415,11011,10328,13538,14006,17596,17947,20772,20749,16432,17128,9153,11128,2956,5686,9215,8661,10473,9641,12997,13305,16973,17285,20248,20175,16090,16765,8970,10883,2863,5510,151324,144332,20181,19385,27875,27116,12060,9,9
2021-10-01T23:59:59+02:00,1846,1753,9972,9400,11002,10313,13529,13998,17587,17940,20767,20745,16428,17124,9151,11127,2954,5684,9198,8643,10459,9630,12995,13294,16962,17278,20239,20168,16089,16765,8969,10878,2862,5508,151225,144208,20180,19385,27875,27116,12043,9,9
2021-09-30T23:59:59+02:00,1843,1750,9956,9392,10990,10303,13519,13981,17579,17928,20759,20739,16428,17123,9149,11125,2953,5683,9175,8635,10447,9619,12988,13282,16952,17274,20233,20164,16087,16765,8966,10878,2862,5508,151152,144141,20178,19382,27875,27116,11998,9,9
2021-09-29T23:59:59+02:00,1830,1716,9928,9356,10966,10278,13505,13961,17564,17916,20740,20729,16421,17115,9147,11122,2952,5680,9165,8620,10434,9604,12985,13268,16947,17261,20223,20156,16081,16756,8963,10875,2861,5507,150896,144013,20178,19381,27875,27116,11980,9,9
2021-09-28T23:59:59+02:00,1803,1692,9875,9303,10945,10242,13475,13935,17536,17886,20723,20709,16411,17102,9143,11113,2951,5677,9146,8590,10421,9582,12967,13255,16937,17249,20210,20144,16072,16747,8957,10868,2861,5506,150518,143808,20178,19380,27874,27116,11954,9,9
2021-09-27T23:59:59+02:00,1786,1679,9850,9285,10920,10220,13456,13908,17518,17867,20714,20702,16405,17097,9139,11110,2951,5675,9127,8568,10399,9562,12947,13229,16922,17232,20199,20135,16068,16744,8955,10865,2861,5505,150350,143658,20170,19375,27874,27114,11891,9,9
2021-09-26T23:59:59+02:00,1779,1673,9839,9276,10904,10208,13446,13900,17512,17861,20704,20701,16403,17093,9139,11109,2950,5675,9122,8560,10391,9558,12938,13224,16918,17227,20192,20133,16066,16742,8955,10865,2861,5505,150270,143624,20169,19375,27874,27113,11862,9,9
2021-09-25T23:59:59+02:00,1779,1672,9836,9275,10903,10208,13444,13899,17512,17861,20704,20701,16403,17092,9139,11109,2950,5675,9122,8557,10389,9558,12937,13222,16918,17227,20192,20133,16066,16741,8955,10865,2861,5505,150265,143620,20169,19375,27874,27113,11857,9,9
2021-09-24T23:59:59+02:00,1771,1656,9819,9263,10899,10198,13440,13888,17509,17857,20701,20697,16400,17091,9139,11109,2949,5675,9105,8544,10383,9547,12933,13218,16912,17221,20191,20129,16064,16739,8954,10865,2861,5505,150176,143537,20167,19375,27874,27113,11847,9,9
2021-09-23T23:59:59+02:00,1768,1654,9756,9221,10790,10134,13341,13814,17424,17791,20648,20650,16376,17073,9132,11098,2949,5672,9047,8506,10275,9488,12842,13157,16831,17159,20140,20085,16041,16718,8946,10853,2861,5502,150099,143508,20165,19372,27874,27113,11155,9,9
2021-09-22T23:59:59+02:00,1746,1637,9727,9188,10775,10105,13315,13783,17396,17768,20633,20628,16372,17065,9130,11091,2946,5671,9022,8491,10254,9471,12827,13142,16812,17149,20129,20080,16035,16716,8943,10847,2859,5499,149813,143338,20161,19369,27874,27113,11130,9,9
2021-09-21T23:59:59+02:00,1715,1606,9671,9122,10740,10070,13288,13742,17366,17745,20619,20618,16359,17051,9126,11089,2944,5666,8988,8459,10238,9453,12805,13115,16786,17119,20119,20070,16025,16709,8938,10844,2859,5497,149392,143056,20159,19367,27873,27113,11115,9,9
2021-09-20T23:59:59+02:00,1683,1582,9615,9069,10692,10020,13252,13701,17345,17726,20595,20600,16349,17044,9117,11077,2943,5662,8953,8432,10219,9431,12778,13092,16765,17101,20102,20051,16017,16700,8931,10837,2857,5496,148989,142812,20157,19366,27873,27112,11055,9,9
2021-09-19T23:59:59+02:00,1682,1581,9611,9061,10685,10015,13244,13699,17337,17720,20588,20596,16347,17041,9116,11075,2940,5659,8947,8426,10215,9429,12774,13090,16762,17099,20099,20047,16016,16700,8931,10837,2857,5495,148935,142790,20154,19364,27873,27111,11037,9,9
2021-09-18T23:59:59+02:00,1682,1581,9611,9060,10683,10011,13241,13695,17334,17720,20587,20596,16347,17041,9116,11075,2940,5659,8945,8423,10213,9427,12773,13087,16758,17098,20098,20047,16016,16700,8931,10837,2857,5495,148929,142781,20154,19364,27873,27111,11025,9,9
2021-09-17T23:59:59+02:00,1676,1571,9594,9037,10671,9995,13225,13682,17323,17709,20582,20586,16345,17039,9115,11073,2939,5658,8938,8417,10207,9421,12764,13082,16754,17093,20095,20039,16016,16698,8930,10836,2857,5495,148814,142757,20152,19364,27873,27110,10983,9,9
2021-09-16T23:59:59+02:00,1672,1570,9578,9021,10655,9979,13214,13669,17311,17700,20570,20575,16344,17035,9112,11070,2939,5656,8932,8411,10199,9414,12756,13076,16746,17088,20085,20034,16016,16697,8930,10833,2857,5493,148711,142728,20149,19361,27872,27107,10940,9,9
2021-09-15T23:59:59+02:00,1659,1555,9551,8994,10631,9959,13185,13641,17292,17676,20553,20557,16338,17028,9103,11062,2939,5652,8885,8372,10168,9374,12723,13036,16721,17068,20056,20014,16009,16685,8925,10830,2857,5491,148544,142393,20081,19349,27872,27104,10880,9,9
2021-09-14T23:59:59+02:00,1647,1545,9517,8963,10615,9939,13166,13618,17269,17658,20539,20543,16321,17015,9093,11051,2935,5640,8851,8339,10152,9357,12714,13013,16705,17049,20039,19994,16005,16678,8922,10823,2856,5487,148343,142152,20003,19348,27872,27104,10858,9,9
2021-09-13T23:59:59+02:00,1614,1509,9473,8908,10589,9905,13143,13575,17248,17639,20517,20530,16315,17009,9090,11045,2933,5634,8816,8311,10136,9335,12693,12981,16692,17032,20023,19978,15999,16664,8916,10821,2855,5483,148124,141898,19848,19340,27872,27103,10834,9,9
2021-09-12T23:59:59+02:00,1612,1506,9460,8901,10576,9899,13136,13565,17243,17635,20514,20525,16314,17006,9088,11044,2933,5631,8792,8289,10115,9324,12676,12967,16681,17024,20015,19969,15996,16660,8915,10815,2855,5482,148073,141738,19842,19339,27872,27102,10803,9,9
2021-09-11T23:59:59+02:00,1612,1506,9458,8896,10572,9896,13133,13563,17242,17632,20511,20523,16314,17004,9087,11044,2933,5631,8783,8286,10113,9323,12671,12966,16680,17021,20013,19968,15996,16659,8914,10815,2855,5482,148062,141732,19840,19334,27872,27102,10785,9,8
2021-09-10T23:59:59+02:00,1611,1505,9454,8892,10563,9889,13121,13558,17237,17625,20509,20519,16313,17003,9087,11044,2933,5631,8779,8283,10106,9315,12661,12960,16674,17016,20010,19964,15996,16658,8914,10814,2855,5482,148033,141711,19839,19328,27872,27102,10752,9,8
2021-09-09T23:59:59+02:00,1608,1500,9438,8886,10552,9876,13107,13541,17221,17616,20494,20508,16311,17002,9085,11040,2932,5628,8769,8278,10099,9305,12656,12947,16656,17009,19998,19955,15994,16656,8912,10807,2854,5480,147951,141659,19837,19328,27872,27101,10686,9,8
2021-09-08T23:59:59+02:00,1570,1451,9394,8827,10520,9838,13080,13504,17189,17590,20475,20488,16295,16988,9081,11034,2932,5626,8745,8262,10080,9289,12636,12931,16641,17000,19982,19948,15987,16650,8911,10803,2854,5480,147539,141529,19836,19323,27872,27101,10636,9,8
2021-09-07T23:59:59+02:00,1552,1426,9374,8803,10502,9818,13070,13494,17180,17578,20469,20483,16291,16985,9080,11029,2931,5624,8737,8254,10072,9287,12628,12929,16637,16991,19978,19945,15987,16648,8911,10800,2854,5480,147363,141487,19834,19321,27872,27097,10621,9,8
2021-09-06T23:59:59+02:00,1539,1414,9350,8778,10482,9797,13060,13480,17169,17564,20460,20467,16289,16982,9078,11029,2930,5624,8731,8245,10064,9280,12623,12920,16631,16986,19973,19938,15985,16648,8908,10797,2854,5479,147187,141430,19833,19318,27870,27096,10603,9,8
2021-09-05T23:59:59+02:00,1536,1411,9342,8767,10474,9792,13055,13474,17166,17557,20454,20465,16286,16979,9078,11028,2930,5624,8723,8239,10057,9270,12616,12914,16625,16980,19965,19936,15983,16646,8908,10796,2854,5479,147137,141375,19833,19318,27870,27093,10579,9,8
2021-09-04T23:59:59+02:00,1535,1411,9341,8765,10473,9792,13054,13473,17166,17557,20452,20463,16286,16979,9078,11028,2930,5624,8723,8239,10056,9268,12615,12914,16624,16979,19964,19936,15983,16646,8908,10796,2854,5479,147131,141369,19830,19318,27870,27093,10577,9,8
2021-09-03T23:59:59+02:00,1525,1397,9320,8747,10460,9781,13050,13463,17151,17546,20440,20453,16282,16973,9077,11023,2930,5621,8707,8227,10044,9261,12608,12907,16608,16969,19961,19928,15979,16639,8907,10792,2854,5476,147030,141318,19827,19316,27870,27093,10512,9,8
2021-09-02T23:59:59+02:00,1514,1388,9266,8715,10400,9730,12975,13405,17101,17509,20382,20410,16250,16946,9067,11012,2929,5616,8662,8202,9985,9217,12539,12857,16564,16936,19901,19887,15947,16616,8900,10784,2854,5471,146903,141261,19826,19312,27869,27091,10017,9,8
2021-09-01T23:59:59+02:00,1510,1371,9246,8701,10377,9718,12962,13392,17089,17495,20372,20406,16247,16940,9060,11008,2929,5615,8644,8181,9969,9200,12528,12846,16551,16925,19885,19876,15943,16611,8897,10778,2854,5470,146795,141126,19802,19310,27869,27090,9972,9,8
2021-08-31T23:59:59+02:00,1493,1353,9231,8674,10366,9705,12951,13384,17084,17484,20365,20398,16242,16936,9058,11003,2929,5615,8627,8164,9963,9188,12513,12835,16540,16920,19882,19869,15939,16609,8896,10775,2854,5470,146639,141001,19801,19307,27869,27087,9962,9,8
2021-08-30T23:59:59+02:00,1472,1336,9213,8651,10352,9689,12940,13369,17071,17464,20353,20389,16238,16933,9056,11001,2929,5614,8600,8150,9949,9176,12502,12816,16527,16903,19873,19862,15933,16603,8894,10770,2852,5468,146474,140863,19801,19303,27866,27078,9928,9,8
2021-08-29T23:59:59+02:00,1471,1335,9211,8645,10345,9680,12938,13364,17062,17459,20349,20384,16235,16928,9056,11001,2929,5613,8597,8144,9940,9165,12498,12810,16519,16898,19869,19859,15930,16596,8893,10770,2852,5467,146456,140843,19801,19302,27866,27072,9881,9,8
2021-08-28T23:59:59+02:00,1470,1335,9208,8641,10345,9679,12937,13363,17062,17458,20348,20383,16235,16928,9056,11001,2929,5613,8593,8144,9938,9165,12497,12809,16519,16897,19868,19858,15930,16596,8893,10770,2852,5467,146448,140837,19801,19300,27866,27072,9875,9,8
2021-08-27T23:59:59+02:00,1460,1324,9195,8634,10340,9673,12934,13361,17059,17452,20343,20378,16234,16926,9055,11001,2929,5613,8583,8137,9935,9159,12492,12807,16516,16890,19867,19857,15929,16595,8892,10769,2852,5467,146374,140790,19801,19298,27866,27067,9869,9,8
2021-08-26T23:59:59+02:00,1457,1323,9188,8630,10335,9667,12926,13360,17056,17450,20341,20373,16231,16923,9052,10996,2928,5613,8574,8126,9929,9153,12484,12804,16511,16888,19865,19852,15926,16591,8889,10766,2851,5467,146353,140759,19799,19298,27866,27061,9830,9,8
2021-08-25T23:59:59+02:00,1443,1298,9082,8574,10248,9595,12837,13287,16937,17367,20246,20317,16184,16886,9037,10975,2923,5602,8482,8072,9845,9091,12393,12739,16407,16815,19778,19798,15882,16553,8875,10746,2846,5454,146114,140613,19798,19297,27866,27059,9059,9,8
2021-08-24T23:59:59+02:00,1424,1273,9051,8544,10234,9575,12808,13258,16906,17331,20232,20301,16169,16876,9032,10969,2923,5599,8459,8059,9828,9079,12377,12728,16396,16800,19771,19788,15876,16549,8875,10744,2846,5453,145825,140495,19796,19295,27866,27059,9017,9,8
2021-08-23T23:59:59+02:00,1406,1248,9009,8507,10220,9557,12777,13238,16887,17313,20219,20277,16157,16864,9021,10963,2922,5594,8434,8043,9801,9060,12363,12722,16383,16791,19760,19772,15870,16542,8871,10739,2845,5450,145569,140399,19796,19293,27866,27038,8947,9,8
2021-08-22T23:59:59+02:00,1406,1248,8999,8502,10213,9551,12776,13234,16883,17307,20216,20274,16154,16860,9017,10963,2922,5593,8418,8037,9794,9049,12359,12717,16380,16784,19758,19768,15867,16537,8867,10737,2845,5449,145556,140370,19796,19291,27866,27035,8899,9,8
2021-08-21T23:59:59+02:00,1406,1247,8994,8502,10212,9549,12773,13233,16882,17307,20215,20273,16154,16860,9017,10963,2922,5593,8296,7957,9693,8955,12271,12607,16289,16713,19702,19724,15847,16522,8864,10726,2844,5447,145550,140366,19793,18390,27866,27034,8892,9,8
2021-08-20T23:59:59+02:00,1405,1245,8986,8500,10205,9541,12767,13223,16879,17305,20208,20268,16151,16860,9017,10961,2921,5592,7938,7631,9540,8796,12128,12467,16166,16603,19594,19628,15808,16473,8852,10702,2842,5446,145516,138269,19793,18390,27866,27033,8858,9,8
2021-08-19T23:59:59+02:00,1400,1243,8975,8494,10198,9532,12758,13217,16874,17303,20203,20266,16150,16858,9017,10960,2921,5591,7678,7363,9410,8690,11985,12348,16072,16498,19497,19541,15766,16426,8841,10683,2841,5438,145474,136543,19790,18382,27865,27024,8830,9,8
2021-08-18T23:59:59+02:00,1376,1211,8929,8458,10170,9501,12731,13182,16844,17280,20177,20237,16137,16844,9011,10954,2917,5586,7665,7353,9398,8682,11971,12331,16058,16489,19489,19532,15760,16419,8837,10679,2838,5435,145168,136496,19777,18381,27862,27023,8736,9,8
2021-08-17T23:59:59+02:00,1351,1198,8893,8426,10155,9480,12716,13157,16829,17259,20154,20215,16129,16834,9008,10947,2915,5581,7652,7338,9380,8674,11960,12322,16051,16479,19478,19526,15754,16414,8836,10677,2837,5433,144924,136425,19774,18376,27861,27017,8686,9,8
2021-08-16T23:59:59+02:00,1328,1180,8855,8400,10136,9461,12692,13133,16819,17242,20134,20200,16124,16822,9004,10946,2914,5581,7643,7326,9364,8671,11950,12316,16049,16474,19469,19519,15751,16411,8836,10677,2837,5433,144691,136385,19772,18372,27861,27016,8645,9,8
2021-08-15T23:59:59+02:00,1310,1163,8836,8381,10123,9447,12676,13120,16806,17232,20120,20188,16118,16816,9004,10941,2914,5581,7631,7315,9348,8655,11936,12305,16042,16466,19463,19515,15743,16407,8835,10674,2837,5433,144543,136328,19771,18367,27858,26997,8602,9,8
2021-08-14T23:59:59+02:00,1309,1163,8836,8381,10122,9447,12675,13118,16806,17231,20119,20186,16118,16816,9004,10941,2914,5581,7314,7022,9203,8487,11762,12140,15924,16336,19369,19427,15717,16383,8826,10661,2837,5429,144537,134338,19771,18365,27858,26988,8599,9,8
2021-08-13T23:59:59+02:00,1304,1161,8824,8372,10111,9439,12663,13108,16790,17222,20111,20178,16115,16811,9002,10940,2913,5581,6926,6662,9032,8326,11554,11924,15706,16155,19228,19305,15683,16345,8814,10647,2835,5425,144509,131859,19771,18365,27858,26985,8505,9,8
2021-08-12T23:59:59+02:00,1304,1161,8823,8369,10104,9434,12660,13108,16784,17213,20107,20173,16114,16807,9000,10938,2913,5581,6919,6655,9018,8319,11542,11922,15695,16148,19224,19299,15681,16340,8812,10646,2835,5425,144494,131824,19770,18362,27858,26967,8468,9,8
2021-08-11T23:59:59+02:00,1301,1157,8819,8362,10095,9427,12652,13104,16778,17209,20101,20171,16112,16804,8999,10938,2913,5580,6912,6645,9002,8308,11531,11918,15691,16141,19216,19293,15677,16337,8811,10646,2835,5423,144444,131762,19766,18356,27858,26953,8451,9,8
2021-08-10T23:59:59+02:00,1300,1157,8817,8361,10091,9422,12649,13099,16776,17207,20100,20166,16110,16802,8999,10937,2913,5580,6868,6600,8969,8293,11512,11898,15665,16129,19209,19283,15675,16335,8811,10644,2835,5423,144417,131519,19766,18352,27858,26946,8442,9,8
2021-08-09T23:59:59+02:00,1300,1155,8811,8359,10087,9414,12647,13096,16769,17205,20094,20166,16108,16802,8998,10937,2913,5580,6849,6576,8948,8276,11499,11887,15649,16117,19203,19278,15672,16334,8809,10643,2835,5423,144391,131385,19766,18348,27856,26937,8426,8,8
2021-08-08T23:59:59+02:00,1300,1154,8808,8353,10085,9410,12638,13093,16764,17201,20092,20163,16106,16798,8997,10936,2912,5579,6846,6565,8932,8268,11482,11879,15642,16108,19201,19273,15669,16330,8808,10642,2834,5422,144379,131336,19765,18340,27856,26933,8387,8,8
2021-08-07T23:59:59+02:00,1300,1146,8799,8346,10074,9403,12635,13086,16757,17197,20086,20158,16102,16793,8995,10935,2911,5579,6194,5994,8661,8045,11210,11649,15443,15934,19116,19197,15649,16306,8801,10635,2831,5421,144329,128246,19764,18328,27856,26932,8351,8,8
2021-08-06T23:59:59+02:00,1294,1145,8790,8334,10060,9391,12615,13067,16739,17185,20069,20146,16095,16785,8995,10932,2911,5578,6181,5980,8646,8030,11186,11628,15421,15917,19099,19185,15642,16299,8801,10632,2831,5420,144291,128193,19761,18322,27856,26930,8221,8,8
2021-08-05T23:59:59+02:00,1291,1143,8782,8327,10051,9382,12601,13059,16733,17182,20061,20142,16094,16785,8995,10931,2911,5578,5896,5743,8297,7734,10820,11351,15097,15678,18849,19017,15622,16275,8791,10625,2830,5419,144242,128098,19757,15615,27852,26897,8195,8,8
2021-08-04T23:59:59+02:00,1290,1140,8776,8323,10046,9380,12595,13055,16728,17180,20059,20139,16093,16785,8994,10930,2911,5577,5882,5735,8268,7724,10800,11339,15080,15672,18844,19012,15620,16272,8790,10625,2830,5419,144210,127999,19756,15607,27851,26881,8182,8,8
2021-08-03T23:59:59+02:00,1283,1137,8772,8313,10041,9375,12590,13052,16723,17178,20054,20137,16091,16785,8993,10928,2911,5576,5770,5621,8175,7654,10683,11262,15031,15619,18815,18997,15616,16270,8789,10623,2828,5418,144165,127273,19754,15599,27851,26852,8167,8,8
2021-08-02T23:59:59+02:00,1277,1131,8759,8305,10034,9368,12585,13046,16718,17168,20047,20133,16089,16782,8991,10925,2910,5575,5599,5461,8046,7547,10559,11147,14959,15536,18783,18972,15608,16261,8783,10623,2828,5418,144084,126207,19748,15594,27850,26821,8159,8,8
2021-08-01T23:59:59+02:00,1275,1130,8752,8298,10027,9361,12579,13044,16713,17166,20042,20131,16089,16782,8990,10923,2910,5575,5539,5404,7995,7498,10496,11095,14923,15511,18770,18954,15605,16258,8781,10620,2828,5416,144040,125768,19746,15590,27849,26800,8150,8,8
2021-07-31T23:59:59+02:00,1275,1130,8751,8295,10027,9360,12577,13044,16712,17166,20041,20129,16089,16782,8990,10923,2910,5575,5513,5383,7979,7485,10479,11081,14910,15505,18766,18951,15604,16257,8781,10620,2828,5416,144038,125637,19745,15586,27849,26799,8142,8,8
2021-07-30T23:59:59+02:00,1143,1009,8523,8066,9933,9242,12497,12960,16632,17094,19981,20062,16057,16743,8984,10906,2909,5572,5219,5108,7841,7342,10291,10888,14774,15339,18698,18894,15580,16229,8768,10607,2824,5412,142583,123805,19743,15578,27849,26782,8136,8,8
2021-07-29T23:59:59+02:00,1136,1001,8392,7976,9774,9144,12343,12859,16483,16999,19817,19952,15971,16674,8959,10887,2908,5565,4924,4874,7563,7149,10010,10687,14527,15165,18503,18776,15494,16154,8741,10586,2823,5402,142462,122704,19740,15537,27849,26757,6787,8,8
2021-07-28T23:59:59+02:00,1125,987,8363,7939,9760,9128,12321,12845,16466,16976,19798,19942,15964,16661,8952,10883,2908,5563,4502,4444,7245,6898,9692,10387,14291,14983,18447,18735,15479,16143,8735,10575,2823,5392,142220,120054,19738,15483,27847,26694,6774,8,8
2021-07-27T23:59:59+02:00,1115,979,8340,7924,9747,9121,12309,12836,16458,16970,19791,19929,15962,16655,8950,10880,2907,5561,4268,4198,7013,6699,9445,10108,14131,14822,18396,18668,15430,16097,8718,10559,2820,5385,142081,118033,19736,15480,27847,26669,6768,8,8
2021-07-26T23:59:59+02:00,1111,976,8327,7912,9740,9116,12303,12830,16451,16962,19784,19928,15959,16650,8948,10876,2906,5556,4162,4090,6910,6588,9319,9986,14048,14739,18349,18634,15419,16086,8708,10551,2817,5383,142002,117130,19733,15470,27836,26611,6762,8,8
2021-07-25T23:59:59+02:00,1110,975,8318,7909,9727,9112,12293,12827,16446,16955,19781,19927,15957,16650,8948,10876,2906,5556,4111,4040,6833,6539,9247,9930,14012,14707,18325,18620,15401,16073,8701,10545,2817,5381,141976,116689,19729,15454,27835,26589,6730,8,8
2021-07-24T23:59:59+02:00,1108,972,8232,7847,9654,9032,12226,12750,16378,16902,19740,19888,15937,16636,8945,10866,2906,5555,4068,3998,6776,6489,9169,9873,13947,14641,18293,18594,15389,16062,8693,10541,2817,5381,141957,116435,19071,15172,27835,26587,6708,8,8
2021-07-23T23:59:59+02:00,1082,947,8120,7758,9616,8997,12192,12721,16333,16867,19711,19869,15931,16630,8941,10862,2906,5555,3777,3713,6519,6283,8885,9587,13711,14463,18212,18533,15347,16019,8675,10522,2815,5375,141463,114184,19071,15148,27835,26581,6666,8,8
2021-07-22T23:59:59+02:00,989,860,7904,7528,9512,8908,12074,12625,16242,16783,19636,19784,15885,16590,8932,10847,2905,5549,3652,3586,6365,6190,8731,9458,13547,14320,18137,18465,15326,15993,8667,10512,2815,5374,140001,113032,19069,15076,27828,26486,6652,8,8
2021-07-21T23:59:59+02:00,969,846,7872,7488,9496,8897,12052,12602,16218,16767,19612,19763,15874,16583,8932,10842,2905,5549,3347,3320,6018,5931,8336,9075,13280,14084,17995,18340,15234,15912,8635,10482,2812,5362,139745,110223,19067,15004,27823,26389,6629,8,8
2021-07-20T23:59:59+02:00,968,845,7864,7483,9489,8894,12047,12600,16210,16766,19607,19758,15873,16582,8932,10841,2905,5549,3274,3269,5958,5875,8278,9016,13196,14040,17963,18325,15234,15912,8635,10480,2812,5362,139707,109837,19066,14989,27820,26257,6617,8,8
2021-07-19T23:59:59+02:00,967,845,7857,7481,9486,8886,12042,12598,16205,16759,19604,19758,15871,16579,8932,10839,2905,5548,3222,3234,5907,5833,8217,8971,13139,14013,17917,18312,15234,15909,8635,10478,2812,5361,139670,109556,19065,14972,27820,26130,6604,8,8
2021-07-18T23:59:59+02:00,966,844,7846,7472,9481,8881,12033,12593,16200,16753,19602,19756,15870,16577,8932,10839,2905,5548,3202,3216,5868,5802,8182,8942,13100,13997,17902,18308,15234,15908,8635,10478,2812,5360,139623,109368,19064,14938,27818,26117,6590,8,8
2021-07-17T23:59:59+02:00,851,725,7524,7182,9329,8710,11858,12431,16071,16614,19505,19661,15849,16556,8924,10826,2905,5545,3101,3108,5757,5710,8049,8782,12959,13869,17807,18230,15224,15890,8632,10471,2812,5360,137611,108186,19063,14933,27818,26113,6574,5,8
2021-07-16T23:59:59+02:00,695,574,7133,6855,9148,8552,11666,12222,15869,16438,19363,19536,15819,16520,8914,10812,2904,5543,3039,3047,5681,5647,7936,8675,12839,13732,17728,18155,15202,15874,8628,10469,2811,5360,135145,107286,19063,14928,27817,26106,6538,5,8
2021-07-15T23:59:59+02:00,693,574,7119,6847,9145,8550,11654,12218,15859,16431,19359,19530,15817,16517,8910,10810,2903,5534,3000,3012,5615,5604,7846,8625,12764,13691,17698,18130,15179,15857,8620,10462,2810,5351,135105,107054,19061,14774,27812,25979,6491,5,8
2021-07-14T23:59:59+02:00,691,573,7110,6838,9140,8548,11650,12213,15853,16428,19354,19525,15815,16514,8907,10807,2903,5530,2977,2999,5574,5572,7810,8604,12731,13675,17680,18119,15172,15854,8617,10458,2810,5347,135072,106901,19060,14740,27812,25938,6454,5,8
2021-07-13T23:59:59+02:00,686,571,7085,6821,9127,8531,11641,12198,15842,16409,19344,19519,15806,16510,8903,10797,2898,5522,2920,2948,5509,5506,7650,8469,12477,13457,17524,17991,15153,15843,8605,10445,2805,5336,134946,105685,19060,14687,27809,25903,6394,5,8
2021-07-12T23:59:59+02:00,680,563,7071,6806,9116,8520,11631,12188,15837,16396,19332,19515,15804,16506,8901,10797,2898,5519,2864,2894,5426,5431,7502,8354,12230,13244,17343,17844,15143,15838,8601,10438,2804,5336,134830,104447,19058,14634,27805,25853,6386,5,8
2021-07-11T23:59:59+02:00,679,562,7062,6804,9106,8512,11623,12180,15827,16393,19327,19510,15804,16503,8900,10795,2898,5519,2833,2859,5349,5358,7404,8267,12063,13087,17217,17711,15135,15827,8600,10435,2804,5336,134785,103558,19054,14585,27805,25810,6359,5,8
2021-07-10T23:59:59+02:00,505,404,6499,6253,8881,8326,11380,11988,15670,16260,19272,19461,15796,16493,8896,10790,2897,5518,2804,2825,5297,5312,7321,8187,11960,12987,17139,17644,15120,15811,8597,10424,2801,5334,132090,102860,19054,14583,27805,25802,6339,5,8
2021-07-09T23:59:59+02:00,494,397,6440,6225,8854,8289,11340,11960,15643,16247,19259,19445,15795,16490,8896,10787,2897,5518,2747,2758,5215,5243,7142,8010,11548,12688,16841,17436,15099,15783,8590,10419,2799,5332,131998,101832,18844,13721,27804,25787,6329,5,8
2021-07-08T23:59:59+02:00,488,395,6124,5966,8482,8001,10958,11653,15306,15999,19000,19272,15773,16466,8887,10780,2894,5517,2686,2707,5133,5167,7002,7919,11347,12546,16689,17312,15092,15775,8590,10417,2799,5331,131911,100968,15952,13551,27799,25712,6298,5,8
2021-07-07T23:59:59+02:00,486,391,6109,5954,8458,7986,10943,11636,15295,15989,18999,19267,15771,16462,8886,10778,2894,5515,2637,2655,5042,5108,6863,7825,11112,12364,16525,17178,15084,15768,8585,10411,2799,5331,131803,99945,15943,13425,27797,25663,6271,5,8
2021-07-06T23:59:59+02:00,459,371,6008,5861,8384,7920,10870,11567,15262,15949,18976,19251,15763,16452,8883,10776,2891,5513,2569,2585,4909,4993,6680,7692,10723,11952,16153,16802,15058,15735,8577,10404,2798,5327,131185,97787,15935,13343,27792,25602,6239,5,8
2021-07-05T23:59:59+02:00,418,337,5830,5690,8266,7827,10756,11453,15203,15879,18944,19220,15757,16444,8879,10771,2888,5512,2516,2509,4810,4895,6547,7557,10371,11633,15879,16496,15028,15705,8569,10389,2798,5322,130136,95991,15931,13279,27789,25549,6213,5,8
2021-07-04T23:59:59+02:00,398,307,5756,5610,8209,7770,10689,11395,15173,15848,18930,19201,15750,16440,8878,10769,2888,5510,2497,2479,4748,4848,6486,7507,10234,11523,15778,16424,15023,15698,8567,10388,2797,5322,129630,95426,15924,13211,27784,25511,6178,5,8
2021-07-03T23:59:59+02:00,392,305,5737,5600,8199,7761,10677,11391,15166,15842,18927,19198,15750,16440,8878,10769,2888,5510,2462,2447,4652,4820,6379,7481,10176,11477,15673,16338,14343,14991,8548,10363,2797,5322,129558,95311,15922,13209,27784,23594,6161,5,8
2021-07-02T23:59:59+02:00,346,266,5548,5451,8127,7689,10579,11294,15101,15785,18908,19191,15746,16436,8873,10767,2886,5507,2415,2399,4496,4742,6195,7407,10022,11320,15483,16135,13552,14072,8540,10348,2797,5321,128644,94748,15920,13165,27783,21189,6148,5,8
2021-07-01T23:59:59+02:00,284,211,5331,5268,7998,7577,10439,11168,14973,15690,18864,19166,15739,16429,8868,10761,2886,5506,2298,2279,4320,4569,5958,7153,9241,10635,14854,15664,13527,14043,8535,10343,2793,5319,127352,91250,15908,13069,27782,21105,6111,5,8
2021-06-30T23:59:59+02:00,154,121,4849,4795,7657,7300,10086,10830,14746,15513,18807,19122,15728,16418,8864,10753,2886,5503,2262,2232,4235,4497,5847,7056,9070,10511,14764,15586,13513,14035,8532,10340,2793,5317,124366,90649,15902,12896,27782,20972,6077,5,8
2021-06-29T23:59:59+02:00,117,99,4565,4515,7405,7083,9796,10530,14547,15323,18744,19061,15676,16368,8844,10738,2885,5498,2195,2152,4092,4361,5640,6875,8844,10282,14469,15361,13466,13987,8519,10316,2791,5304,122295,89197,15898,12743,27780,20900,5816,5,8
2021-06-28T23:59:59+02:00,101,78,4430,4372,7300,6973,9674,10405,14455,15216,18699,19018,15660,16352,8830,10727,2882,5496,2108,2025,3911,4155,5359,6533,8460,9772,13936,14825,13347,13898,8500,10292,2788,5290,121282,85988,15887,12662,27777,20833,5717,5,6
2021-06-27T23:59:59+02:00,96,76,4376,4325,7241,6918,9612,10350,14422,15182,18679,19001,15643,16340,8823,10720,2881,5491,2054,1991,3847,4111,5245,6419,8291,9643,13760,14712,13321,13879,8491,10283,2785,5288,120916,85199,15883,12627,27774,20696,5598,5,6
2021-06-26T23:59:59+02:00,83,74,4332,4295,7210,6890,9594,10329,14402,15166,18666,18988,15639,16334,8823,10720,2881,5491,1978,1898,3658,3953,5030,6161,7928,9187,13409,14416,13241,13821,8471,10255,2780,5279,120673,82560,15877,12627,27774,20690,5588,5,6
2021-06-25T23:59:59+02:00,70,61,4021,3969,6947,6653,9301,10036,14179,14977,18582,18931,15593,16289,8804,10701,2879,5485,1913,1814,3492,3831,4836,5930,7603,8772,13098,14081,13191,13765,8458,10230,2774,5273,118273,80204,15850,12596,27774,20685,5576,5,6
2021-06-24T23:59:59+02:00,63,54,3929,3879,6850,6568,9201,9946,14079,14892,18554,18898,15578,16272,8798,10694,2879,5484,1845,1740,3377,3734,4637,5788,7383,8573,12849,13880,12358,12834,8278,9967,2774,5272,117544,78985,15841,12490,27770,18356,5458,5,6
2021-06-23T23:59:59+02:00,49,49,3524,3506,6396,6221,8669,9439,13743,14589,18418,18762,15474,16180,8755,10658,2876,5470,1707,1568,3126,3530,4218,5459,6434,7862,12106,13182,12335,12822,8268,9960,2774,5268,114608,78351,15594,9159,27769,18307,4802,5,6
2021-06-22T23:59:59+02:00,40,41,3451,3433,6317,6162,8566,9361,13692,14541,18385,18745,15463,16173,8754,10653,2876,5467,1666,1515,3022,3427,4074,5309,6180,7678,11495,12472,12245,12728,8250,9927,2770,5260,113979,76012,15588,9077,27767,18148,4781,5,6
2021-06-21T23:59:59+02:00,34,38,3381,3372,6225,6103,8506,9290,13631,14495,18352,18725,15461,16172,8753,10652,2876,5466,1630,1464,2931,3330,3948,5159,5984,7452,10737,11553,11857,12273,7173,8699,2764,5253,113459,73358,15581,8976,27765,15150,4722,5,6
2021-06-20T23:59:59+02:00,34,37,3356,3350,6177,6072,8462,9258,13603,14478,18341,18721,15460,16172,8753,10652,2876,5466,1612,1447,2894,3302,3897,5121,5932,7428,10649,11477,11837,12254,7170,8692,2763,5253,113282,73041,15564,8899,27765,15134,4652,5,6
2021-06-19T23:59:59+02:00,32,35,3329,3326,6148,6049,8432,9239,13579,14472,18335,18716,15460,16171,8753,10652,2876,5466,1608,1435,2889,3293,3889,5116,5917,7423,10638,11470,11837,12254,7170,8691,2763,5253,113090,72961,15558,8899,27765,15132,4652,5,6
2021-06-18T23:59:59+02:00,28,30,3287,3283,6074,6009,8363,9184,13533,14440,18312,18705,15459,16169,8752,10651,2876,5466,1533,1341,2752,3117,3706,4840,5520,7050,9145,9901,11670,12086,7129,8641,2751,5235,112706,67781,15530,8898,27765,15121,4615,5,6
2021-06-17T23:59:59+02:00,26,26,3223,3231,6006,5969,8288,9129,13461,14395,18288,18694,15457,16164,8750,10648,2876,5463,1404,1247,2563,2902,3443,4548,5159,6654,8473,9170,11385,11843,7088,8584,2747,5232,112329,64065,15501,8783,27760,15093,4499,5,6
2021-06-16T23:59:59+02:00,26,23,3170,3170,5894,5901,8168,9036,13333,14309,18222,18658,15451,16155,8750,10645,2876,5463,1307,1191,2422,2794,3260,4388,4874,6381,7396,7879,11294,11735,7057,8546,2734,5214,111690,60300,15426,8737,27756,15060,4373,5,6
2021-06-15T23:59:59+02:00,21,22,3074,3084,5776,5812,7983,8857,13070,14090,18073,18531,15436,16143,8742,10639,2876,5461,1270,1158,2349,2739,3156,4313,4671,6256,7084,7628,10799,11176,7023,8512,2726,5201,110269,58055,15398,8705,27746,15028,4272,5,5
2021-06-14T23:59:59+02:00,20,20,3000,3014,5695,5754,7840,8738,12781,13852,17885,18355,15420,16129,8735,10634,2875,5460,1243,1130,2283,2683,3031,4217,4471,6117,6741,7323,10273,10565,6992,8475,2722,5191,108876,55684,15389,8598,27742,14980,4195,5,4
2021-06-13T23:59:59+02:00,20,20,2982,2984,5629,5716,7777,8672,12641,13717,17779,18233,15414,16120,8734,10631,2874,5460,1232,1117,2254,2667,2994,4206,4425,6097,6708,7306,10268,10559,6992,8474,2722,5191,108139,55542,15378,8590,27738,14937,4143,5,4
2021-06-12T23:59:59+02:00,18,20,2953,2966,5601,5691,7746,8653,12622,13698,17771,18230,15413,16118,8734,10631,2874,5460,1176,1055,2165,2591,2900,4070,4283,5965,6598,7221,10186,10481,6396,7748,2722,5191,107940,55427,15375,8590,27738,12590,4141,5,4
2021-06-11T23:59:59+02:00,18,17,2877,2892,5532,5627,7565,8467,12212,13391,17489,18024,15397,16093,8728,10623,2871,5458,1152,1038,2110,2550,2835,4021,4198,5903,6487,7130,10083,10368,6382,7741,2720,5185,106927,54901,14482,8321,27737,12551,4130,5,4
2021-06-10T23:59:59+02:00,14,15,2823,2851,5432,5574,7433,8386,12025,13252,17351,17906,15392,16089,8728,10622,2870,5457,1111,1013,2035,2484,2734,3943,4028,5773,6242,6917,9832,10100,6362,7713,2714,5179,106006,53336,14409,8317,27732,12459,4068,5,4
2021-06-09T23:59:59+02:00,13,14,2745,2782,5310,5479,7213,8216,11746,13011,17165,17757,15381,16075,8724,10613,2870,5454,1054,948,1904,2366,2531,3760,3702,5490,5619,6405,9009,9197,6305,7637,2701,5144,104800,49325,14257,8299,27723,12365,3783,5,4
2021-06-08T23:59:59+02:00,10,10,2647,2680,5175,5351,7016,8031,11316,12583,16788,17368,15362,16048,8713,10606,2869,5449,1017,919,1834,2301,2425,3686,3562,5424,5467,6273,8975,9178,6303,7625,2699,5140,102595,48812,14230,8248,27721,12297,3471,5,4
2021-06-07T23:59:59+02:00,8,9,2520,2582,4984,5220,6809,7866,10838,12222,16445,17072,15337,16020,8707,10589,2868,5445,948,882,1706,2245,2284,3602,3307,5334,5112,5988,8425,8553,6250,7566,2695,5131,100659,46594,14187,8232,27712,12224,2978,5,4
2021-06-06T23:59:59+02:00,8,7,2483,2557,4923,5163,6723,7809,10699,12111,16354,17007,15334,16016,8707,10589,2866,5444,932,872,1678,2225,2240,3574,3236,5309,5064,5964,8420,8552,6245,7558,2695,5130,100068,46433,14136,8222,27705,12153,2886,5,4
2021-06-05T23:59:59+02:00,7,6,2469,2535,4895,5138,6686,7779,10669,12084,16345,17000,15334,16016,8707,10589,2866,5444,916,857,1645,2196,2200,3518,3133,5227,4711,5635,7825,7847,6217,7504,2694,5128,99843,44046,14136,8216,27703,12109,2882,5,4
2021-06-04T23:59:59+02:00,6,5,2438,2506,4850,5094,6639,7726,10580,11979,16293,16936,15330,16009,8707,10588,2865,5443,904,839,1622,2176,2158,3481,3081,5168,4547,5446,7524,7479,6181,7462,2692,5122,99313,42759,14129,8214,27703,12065,2844,5,4
2021-06-03T23:59:59+02:00,6,5,2335,2378,4699,4920,6431,7478,9878,11345,15703,16486,15319,15999,8704,10582,2864,5442,887,809,1582,2117,2110,3401,2991,5058,4401,5279,7365,7290,6169,7435,2692,5118,95973,41711,14090,8204,27698,11981,2808,5,4
2021-06-02T23:59:59+02:00,6,5,2318,2353,4654,4887,6376,7441,9778,11257,15643,16433,15311,15995,8703,10578,2864,5441,875,797,1563,2093,2057,3364,2905,4972,4040,4890,6808,6651,6125,7379,2688,5107,95448,39372,14088,8199,27698,11938,2804,5,4
2021-06-01T23:59:59+02:00,6,4,2255,2313,4532,4794,6211,7324,9589,11109,15535,16356,15308,15991,8699,10574,2863,5436,841,770,1498,2044,1941,3301,2751,4879,3836,4762,6598,6419,6102,7360,2682,5098,94573,38283,14038,8177,27686,11823,2597,5,4
2021-05-31T23:59:59+02:00,2,4,2205,2254,4434,4702,6067,7199,9403,10960,15450,16300,15300,15984,8696,10574,2863,5436,818,736,1441,1985,1869,3252,2576,4823,3705,4708,6241,6005,6079,7339,2679,5090,93851,37103,13951,8170,27676,11721,2350,5,4
2021-05-30T23:59:59+02:00,2,4,2180,2233,4378,4641,5973,7139,9328,10898,15413,16280,15299,15981,8696,10574,2863,5436,806,725,1418,1962,1820,3226,2443,4788,3600,4690,6239,6003,6079,7339,2679,5090,93400,36786,13912,8148,27666,11636,2335,5,4
2021-05-29T23:59:59+02:00,2,4,2164,2218,4358,4629,5956,7122,9315,10885,15408,16277,15298,15981,8696,10574,2863,5436,788,673,1325,1703,1686,2864,2243,4240,3321,4260,6149,5909,5967,7207,2678,5090,93271,36733,13909,8142,27666,8891,2335,5,4
2021-05-28T23:59:59+02:00,2,4,2143,2195,4319,4583,5911,7077,9237,10815,15340,16225,15294,15979,8696,10574,2863,5435,769,583,1247,1450,1588,2461,2065,3551,3057,3665,5510,5168,5885,7116,2674,5077,92793,35432,13896,8142,27664,5956,2334,5,4
2021-05-27T23:59:59+02:00,2,4,2101,2157,4232,4516,5788,7003,9081,10715,15242,16141,15293,15978,8696,10574,2863,5435,739,549,1215,1367,1546,2323,1995,3409,2944,3546,5074,4687,5852,7077,2663,5048,92110,34308,13746,8133,27641,5272,2319,5,4
2021-05-26T23:59:59+02:00,2,4,2033,2038,4037,4371,5447,6738,8110,9971,14479,15439,15281,15972,8692,10568,2861,5432,728,534,1189,1306,1499,2264,1937,3294,2792,3402,3766,3305,5793,7004,2640,4990,91333,31027,10219,8116,27625,5005,2293,5,4
2021-05-25T23:59:59+02:00,2,4,1996,2001,3957,4304,5352,6672,7975,9864,14101,15003,15233,15935,8685,10553,2859,5428,723,527,1161,1271,1479,2239,1917,3266,2766,3376,3760,3295,5786,7001,2638,4989,89988,30938,10070,8106,27609,4896,2252,5,4
2021-05-24T23:59:59+02:00,2,4,1970,1957,3870,4228,5246,6590,7850,9740,13591,14388,15182,15868,8678,10540,2858,5423,717,519,1142,1259,1447,2224,1895,3247,2740,3354,3743,3277,5764,6977,2629,4973,88200,30804,9991,8055,27598,4856,2191,5,3
2021-05-23T23:59:59+02:00,2,4,1961,1945,3851,4206,5228,6577,7798,9709,13515,14325,15171,15864,8676,10539,2857,5423,710,509,1131,1246,1422,2200,1837,3211,2632,3256,3331,2844,5119,6167,2614,4928,87967,30630,9890,5500,27598,4835,2191,5,3
2021-05-22T23:59:59+02:00,2,4,1794,1902,3549,4157,4829,6534,7541,9652,13391,14247,15165,15863,8676,10538,2857,5423,548,477,838,1205,1048,2165,1597,3158,2519,3182,3328,2842,5119,6166,2614,4928,87816,30618,9890,5499,27596,4799,817,5,3
2021-05-21T23:59:59+02:00,2,3,1709,1794,3392,3965,4639,6239,7144,9287,12102,12917,15014,15715,8640,10491,2848,5412,544,465,828,1203,1046,2157,1562,3128,2441,3106,3153,2705,5093,6123,2611,4913,83053,29983,9850,5498,27590,4780,815,5,3
2021-05-20T23:59:59+02:00,2,3,1671,1760,3297,3915,4532,6156,6968,9204,11891,12688,14993,15697,8636,10484,2847,5411,523,450,786,1157,989,2093,1441,3056,2315,3009,2964,2534,5052,6047,2603,4898,82211,29235,9747,5483,27535,4539,658,4,3
2021-05-19T23:59:59+02:00,2,3,1650,1734,3239,3859,4437,6089,6851,9139,11658,12427,14982,15686,8633,10483,2847,5410,514,438,770,1120,972,2024,1331,2908,1989,2715,2401,2039,4947,5929,2581,4851,81390,27169,9608,5468,27508,4271,619,4,3
2021-05-18T23:59:59+02:00,2,3,1589,1701,3150,3770,4324,5985,6691,8980,11366,12170,14937,15638,8621,10460,2845,5400,511,426,754,1105,954,2007,1248,2843,1709,2492,1959,1695,4874,5846,2560,4808,80288,25629,9406,5458,27439,4207,495,4,3
2021-05-17T23:59:59+02:00,2,3,1540,1620,3020,3612,4120,5706,6343,8521,10816,11621,14828,15545,8602,10435,2840,5389,509,418,748,1098,935,2002,1224,2819,1682,2455,1943,1675,4867,5839,2557,4806,77389,25565,9369,5444,27415,4180,386,4,3
2021-05-16T23:59:59+02:00,2,3,1521,1598,2967,3571,4025,5619,6194,8385,10640,11487,14802,15523,8594,10427,2839,5387,502,412,726,1083,905,1986,1195,2791,1649,2431,1936,1666,4864,5835,2554,4804,76643,25535,9310,5426,27385,4134,242,4,3
2021-05-15T23:59:59+02:00,2,3,1435,1500,2757,3405,3796,5341,5835,7913,10287,11192,14717,15461,8575,10398,2833,5378,502,410,722,1081,905,1982,1190,2790,1643,2426,1924,1654,4857,5829,2554,4802,73895,25473,9310,5426,27378,4129,241,4,3
2021-05-14T23:59:59+02:00,2,3,1401,1437,2646,3308,3644,5184,5636,7624,10067,10939,14682,15423,8562,10375,2830,5374,453,369,651,915,832,1696,1062,2380,1461,2101,1890,1614,4854,5821,2553,4798,72250,25410,9291,5424,27355,2377,237,4,3
2021-05-13T23:59:59+02:00,2,3,1343,1369,2543,3224,3475,5047,5416,7418,9840,10760,14656,15394,8552,10372,2828,5371,446,357,624,887,730,1589,962,2295,1197,1887,1172,1033,4633,5586,2545,4765,71085,25290,8977,2881,27325,2313,222,4,3
2021-05-12T23:59:59+02:00,2,3,1336,1359,2526,3218,3457,5033,5395,7405,9825,10749,14654,15390,8550,10370,2827,5371,446,356,623,886,726,1588,957,2295,1193,1881,1153,1024,4620,5548,2511,4696,70969,25089,8953,2881,27323,2310,221,4,3
2021-05-11T23:59:59+02:00,2,2,1294,1317,2453,3136,3343,4906,5199,7258,9538,10441,14606,15332,8538,10350,2823,5362,440,343,605,872,703,1571,929,2271,1167,1855,1098,988,4557,5450,2468,4572,69629,24597,8830,2863,27238,2228,199,4,3
2021-05-10T23:59:59+02:00,2,2,1272,1290,2389,3059,3216,4780,5067,7101,9214,10061,14560,15293,8529,10331,2818,5360,439,341,592,863,689,1556,917,2256,1150,1841,1062,954,4495,5374,2427,4454,68272,24181,8708,2860,27169,2176,191,4,3
2021-05-09T23:59:59+02:00,2,2,1257,1273,2347,3044,3137,4744,5003,7068,9148,10016,14547,15278,8527,10326,2818,5358,431,339,578,858,666,1536,895,2236,1138,1827,1043,938,4482,5336,2411,4411,68033,24018,8632,2858,27121,2142,105,4,3
2021-05-08T23:59:59+02:00,1,2,1255,1269,2333,3032,3119,4733,4963,7053,9124,10008,14546,15278,8527,10325,2818,5358,431,339,577,858,665,1536,895,2235,1137,1826,1043,938,4481,5336,2411,4411,67890,24016,8626,2855,27119,2141,105,4,3
2021-05-07T23:59:59+02:00,1,2,1235,1248,2293,2991,3067,4685,4864,6961,8899,9761,14529,15255,8521,10319,2815,5354,382,313,545,789,628,1374,825,2028,1047,1637,1013,909,4460,5314,2409,4406,66979,23911,8619,2851,27093,1210,105,4,3
2021-05-06T23:59:59+02:00,1,2,1088,1156,2065,2747,2768,4377,4494,6561,8312,9157,14251,15019,8481,10263,2812,5353,381,309,532,770,611,1342,806,1993,1014,1609,986,877,4450,5300,2407,4402,63357,23781,8491,2800,26957,1108,98,4,3
2021-05-05T23:59:59+02:00,1,1,1023,1104,1954,2634,2608,4204,4198,6282,7295,7971,14165,14920,8446,10222,2799,5333,378,306,524,760,596,1332,772,1979,988,1589,913,814,4409,5228,2399,4386,59828,23459,8445,2779,26833,1083,50,4,3
2021-05-04T23:59:59+02:00,1,1,1001,1084,1902,2595,2506,4136,3978,6168,7014,7753,13659,14353,8415,10189,2794,5324,375,305,519,756,584,1327,755,1960,972,1582,895,790,4388,5212,2396,4377,57769,23324,8386,2764,26672,1061,42,4,3
2021-05-03T23:59:59+02:00,1,1,969,1047,1840,2542,2400,4025,3777,6050,6654,7451,13123,13727,8378,10151,2787,5309,369,304,517,750,573,1320,746,1949,958,1569,869,766,4370,5194,2390,4364,55338,23212,8360,2753,26529,1040,1,4,3
2021-05-02T23:59:59+02:00,1,1,964,1046,1821,2536,2371,4016,3732,6040,6618,7442,13122,13726,8378,10150,2787,5309,369,304,514,750,572,1318,741,1949,957,1565,867,762,4368,5190,2390,4364,55199,23193,8354,2751,26502,1033,1,4,3
2021-05-01T23:59:59+02:00,1,1,964,1044,1813,2532,2359,4008,3719,6032,6604,7433,13121,13723,8378,10150,2787,5309,369,304,514,750,572,1318,740,1948,955,1565,867,762,4368,5190,2390,4364,55121,23193,8352,2747,26500,1033,1,4,3
2021-04-30T23:59:59+02:00,0,1,948,1039,1793,2516,2338,3973,3682,5999,6525,7379,13026,13619,8377,10145,2784,5297,319,249,473,674,543,1138,709,1725,921,1361,856,744,4364,5187,2390,4364,54623,23179,8351,2742,26462,93,1,4,3
2021-04-29T23:59:59+02:00,0,1,894,1014,1737,2466,2274,3914,3534,5875,6287,7156,12765,13345,8355,10116,2780,5290,312,247,463,667,540,1130,702,1714,910,1351,848,729,4355,5179,2390,4362,53026,23089,8335,2736,26437,71,1,4,3
2021-04-28T23:59:59+02:00,0,1,833,980,1657,2403,2130,3803,3250,5622,5683,6648,11928,12426,8296,10027,2756,5253,311,244,461,660,532,1117,691,1693,900,1344,833,713,4336,5152,2388,4362,48966,22966,8328,2717,26397,51,1,4,3
2021-04-27T23:59:59+02:00,0,1,824,975,1639,2382,2085,3784,3179,5597,5555,6524,11899,12409,8294,10025,2756,5251,310,242,455,658,524,1111,682,1681,890,1338,822,701,4332,5146,2387,4356,48485,22888,8323,2701,26366,43,1,4,3
2021-04-26T23:59:59+02:00,0,1,814,963,1613,2364,2025,3743,3001,5519,5223,6238,11334,11764,8239,9960,2751,5241,308,241,454,657,519,1105,671,1675,881,1327,812,692,4327,5141,2387,4352,46152,22837,8314,2672,26323,38,1,3,2
2021-04-25T23:59:59+02:00,0,1,804,961,1596,2358,1987,3726,2875,5496,5129,6233,11330,11760,8235,9954,2750,5240,307,240,454,657,519,1098,671,1673,878,1325,812,691,4327,5141,2387,4352,45823,22831,8308,2668,26300,31,1,3,2
2021-04-24T23:59:59+02:00,0,1,790,951,1574,2338,1947,3681,2778,5427,4786,5909,10717,11035,8204,9895,2749,5238,307,240,454,657,519,1097,670,1671,877,1325,807,687,4317,5125,2385,4351,43415,22794,8307,2663,26294,30,1,3,2
2021-04-23T23:59:59+02:00,0,1,785,943,1561,2328,1917,3654,2739,5374,4625,5723,10408,10653,8164,9853,2746,5229,307,239,454,657,519,1096,669,1671,875,1325,807,686,4314,5122,2385,4351,42114,22783,8306,2662,26279,30,1,3,2
2021-04-22T23:59:59+02:00,0,1,768,929,1533,2285,1867,3585,2652,5283,4472,5569,10264,10459,8150,9822,2744,5221,307,238,452,646,517,1090,663,1663,869,1316,801,682,4311,5120,2385,4349,41113,22747,8278,2638,26209,22,1,3,2
2021-04-21T23:59:59+02:00,0,1,757,917,1508,2273,1815,3540,2547,5195,4087,5149,9667,9775,8101,9758,2740,5210,305,238,450,645,517,1089,659,1660,864,1311,788,670,4301,5106,2385,4345,38594,22697,8262,2614,26180,20,1,3,2
2021-04-20T23:59:59+02:00,0,1,750,905,1487,2246,1784,3509,2497,5137,3950,5054,9470,9555,8084,9748,2736,5207,305,237,450,644,516,1087,658,1656,861,1305,782,665,4297,5101,2385,4345,37759,22665,8250,2608,26107,20,1,3,1
2021-04-19T23:59:59+02:00,0,1,743,896,1479,2238,1765,3491,2465,5110,3885,4995,9099,9138,8059,9723,2733,5201,305,235,449,639,514,1084,655,1653,857,1301,777,659,4288,5099,2385,4343,36729,22625,8238,2597,26050,20,1,3,1
2021-04-18T23:59:59+02:00,0,1,739,893,1474,2232,1747,3484,2446,5098,3877,4993,9089,9127,8059,9722,2733,5201,304,235,449,636,513,1080,653,1650,854,1301,776,657,4288,5097,2385,4343,36669,22617,8218,2583,26024,20,1,3,1
2021-04-17T23:59:59+02:00,0,1,722,887,1386,2222,1647,3472,2409,5068,3796,4914,8373,8405,8043,9709,2733,5201,304,235,447,634,512,1079,652,1650,853,1298,776,657,4287,5097,2385,4343,36661,22605,8218,2583,24105,20,1,3,1
2021-04-16T23:59:59+02:00,0,1,707,869,1257,2199,1495,3449,2323,5002,3634,4749,7033,6853,8008,9660,2720,5169,304,234,442,626,508,1075,642,1648,849,1288,766,651,4281,5083,2382,4341,35282,22528,8208,2579,21634,12,1,3,1
2021-04-15T23:59:59+02:00,0,1,686,859,1246,2186,1474,3431,2265,4965,3562,4697,6595,6354,7967,9595,2696,5094,297,228,428,615,491,1061,608,1621,814,1258,675,590,3783,4571,2358,4305,33957,22469,8153,1225,21559,8,1,3,1
2021-04-14T23:59:59+02:00,0,1,681,855,1228,2172,1442,3412,2220,4928,3430,4603,5256,4949,7916,9530,2674,5057,289,223,425,609,484,1058,601,1613,809,1255,660,574,3770,4561,2354,4300,30726,22381,8141,1196,21483,7,1,3,1
2021-04-13T23:59:59+02:00,0,1,678,855,1219,2167,1426,3410,2212,4917,3410,4588,5237,4932,7910,9527,2673,5055,289,222,423,607,481,1055,599,1609,798,1252,642,569,3768,4558,2354,4300,30645,22360,8120,1158,21448,7,1,3,1
2021-04-12T23:59:59+02:00,0,1,673,847,1206,2157,1410,3399,2177,4902,3379,4564,5212,4917,7897,9515,2670,5022,288,221,421,607,479,1049,597,1605,790,1244,637,566,3762,4557,2354,4300,30512,22332,8075,1137,21357,7,1,3,1
2021-04-11T23:59:59+02:00,0,1,665,843,1190,2145,1392,3384,2109,4877,3260,4480,4795,4477,7226,8692,2663,5017,288,221,419,607,477,1047,592,1602,786,1242,633,563,3758,4552,2354,4300,30482,22325,5465,1108,21265,7,1,3,1
2021-04-10T23:59:59+02:00,0,1,665,841,1189,2144,1390,3380,2107,4874,3257,4473,4751,4430,7222,8686,2663,5016,283,218,417,596,464,1031,565,1585,754,1217,561,493,3189,3932,2304,4205,30359,20698,5462,1108,21264,7,1,3,1
2021-04-09T23:59:59+02:00,0,1,661,840,1181,2141,1386,3375,2075,4852,3178,4392,4553,4264,7187,8637,2659,5000,273,211,407,582,445,1015,539,1566,733,1194,481,432,2532,3110,2255,4109,29669,18769,5458,1107,21251,7,1,3,1
2021-04-08T23:59:59+02:00,0,1,651,830,1164,2129,1369,3343,2013,4798,3028,4281,3500,3109,6948,8273,2648,4985,260,203,390,564,421,1001,517,1535,700,1172,459,405,2522,3101,2252,4106,28862,18540,5408,1060,18796,7,1,3,1
2021-04-07T23:59:59+02:00,0,1,644,824,1151,2120,1350,3330,1904,4718,2706,4031,2891,2580,6836,8149,2623,4932,246,196,363,540,383,967,474,1501,664,1144,431,381,2461,3037,2247,4098,26677,18086,5387,1041,18722,6,1,3,0
2021-04-06T23:59:59+02:00,0,1,634,815,1112,2113,1326,3312,1786,4667,2427,3863,2438,2231,6758,8058,2601,4894,222,183,329,513,358,948,437,1478,629,1113,396,339,2406,2962,2241,4088,25072,17613,5370,1023,18590,6,1,3,0
2021-04-05T23:59:59+02:00,0,1,631,813,1101,2108,1320,3309,1777,4657,2412,3846,2147,1887,5649,6757,2599,4893,222,183,328,509,352,942,433,1476,625,1109,393,336,2404,2956,2241,4086,25040,17603,5358,986,15506,6,1,2,0
2021-04-04T23:59:59+02:00,0,1,630,812,1101,2108,1320,3308,1777,4657,2410,3844,2146,1884,5649,6753,2599,4893,222,183,327,509,352,942,432,1476,625,1109,393,336,2403,2956,2241,4086,25031,17600,5358,986,15500,6,1,2,0
2021-04-03T23:59:59+02:00,0,1,630,812,1101,2107,1320,3308,1776,4655,2406,3844,2145,1881,5648,6753,2599,4893,222,183,327,509,352,942,432,1476,624,1109,393,336,2403,2956,2241,4086,25025,17599,5354,986,15497,6,1,2,0
2021-04-02T23:59:59+02:00,0,1,630,811,1101,2107,1316,3307,1773,4650,2405,3841,2137,1872,5636,6737,2595,4881,222,183,327,507,352,941,431,1475,623,1098,391,336,2403,2955,2241,4086,24956,17579,5349,986,15492,6,1,2,0
2021-04-01T23:59:59+02:00,0,1,626,800,1079,2088,1218,3212,1682,4581,2146,3633,1408,1283,5427,6525,2585,4851,218,182,327,506,351,940,430,1473,623,1097,388,334,2403,2955,2241,4082,24845,17567,2843,977,15454,6,1,2,0
2021-03-31T23:59:59+02:00,0,1,624,799,1075,2084,1213,3204,1671,4576,2128,3620,1380,1251,5400,6470,2544,4751,217,182,326,505,350,940,430,1472,622,1095,385,331,2399,2954,2239,4080,24519,17552,2829,969,15440,6,1,2,0
2021-03-30T23:59:59+02:00,0,1,622,792,1070,2080,1207,3199,1661,4562,2121,3605,1333,1205,5313,6339,2497,4596,217,181,326,504,347,936,425,1469,615,1084,370,320,2295,2801,2116,3853,23982,16927,2807,926,15412,6,1,1,0
2021-03-29T23:59:59+02:00,0,1,620,790,1067,2071,1197,3193,1654,4549,2108,3592,1296,1174,5249,6244,2443,4463,216,180,324,502,345,934,423,1464,610,1079,363,315,2070,2534,1888,3472,23535,15790,2780,923,15394,6,1,1,0
2021-03-28T23:59:59+02:00,0,1,620,787,1065,2065,1194,3186,1649,4538,2102,3587,1280,1165,5238,6222,2431,4430,214,180,323,499,336,930,420,1457,607,1067,356,303,2065,2520,1887,3469,23425,15762,2762,868,15371,3,1,1,0
2021-03-27T23:59:59+01:00,0,1,567,726,985,1997,1113,3067,1531,4413,2000,3505,1211,1095,4635,5488,2431,4430,212,179,323,499,336,930,416,1455,606,1064,355,303,2064,2519,1887,3469,23408,15746,2757,868,13028,3,1,1,0
2021-03-26T23:59:59+01:00,0,1,564,721,978,1986,1111,3061,1521,4406,1983,3497,1167,1064,4605,5454,2430,4426,211,176,323,497,333,929,414,1454,601,1057,347,298,1658,1981,1461,2741,23212,13616,2747,862,13014,3,1,1,0
2021-03-25T23:59:59+01:00,0,1,561,715,965,1978,1108,3052,1514,4394,1968,3487,1157,1054,4597,5449,2430,4424,210,173,321,496,331,924,411,1448,597,1048,343,294,1561,1859,1424,2665,23166,13263,2739,839,12947,3,1,1,0
2021-03-24T23:59:59+01:00,0,1,559,709,957,1967,1095,3036,1485,4375,1954,3479,1122,1024,4570,5414,2425,4419,209,173,320,495,327,920,407,1440,587,1030,330,284,1233,1476,1268,2396,23025,12113,2713,779,12851,3,1,1,0
2021-03-23T23:59:59+01:00,0,1,557,704,952,1954,1091,3026,1478,4361,1944,3471,1109,1013,4551,5400,2425,4415,208,173,318,492,318,917,406,1440,581,1026,322,277,995,1210,1152,2215,22950,11290,2704,757,12796,3,1,1,0
2021-03-22T23:59:59+01:00,0,1,556,695,947,1940,1085,3017,1469,4345,1930,3461,1106,1009,4546,5399,2425,4415,207,173,317,490,317,915,403,1437,578,1022,318,273,994,1206,1152,2212,22925,11274,2688,737,12731,3,1,1,0
2021-03-21T23:59:59+01:00,0,1,553,692,944,1932,1082,3013,1461,4332,1918,3454,1103,1008,4546,5397,2425,4415,206,173,317,489,315,911,403,1432,572,1020,308,268,990,1201,1151,2212,22921,11271,2675,694,12678,3,1,1,0
2021-03-20T23:59:59+01:00,0,1,548,685,939,1915,1065,2996,1433,4314,1884,3425,1031,938,3960,4757,2373,4315,206,173,317,489,315,911,403,1432,572,1020,308,268,990,1201,1150,2211,21247,11269,2674,694,12656,3,1,1,0
2021-03-19T23:59:59+01:00,0,1,539,676,921,1887,1038,2976,1397,4288,1858,3394,944,873,3280,3919,2322,4217,203,173,315,489,314,908,401,1430,568,1013,305,267,977,1188,1119,2171,19253,11246,2663,592,12612,3,1,1,0
2021-03-18T23:59:59+01:00,0,1,526,664,904,1861,1015,2950,1357,4247,1814,3341,846,809,2764,3387,2299,4183,198,171,312,485,311,898,397,1424,566,1008,302,260,871,1090,1006,1978,19173,10859,1260,415,12533,3,1,1,0
2021-03-17T23:59:59+01:00,0,1,524,654,895,1841,1002,2929,1334,4225,1796,3325,816,784,2677,3296,2293,4178,196,170,310,483,308,897,390,1420,563,1004,299,255,628,815,700,1527,18865,9931,1221,34,12483,0,1,0,0
2021-03-16T23:59:59+01:00,0,1,522,645,886,1820,981,2913,1317,4213,1772,3309,787,773,2629,3215,2291,4173,196,170,308,483,306,894,387,1418,560,999,293,251,380,574,509,1216,18657,8917,1181,28,12409,0,0,0,0
2021-03-15T23:59:59+01:00,0,1,522,635,881,1800,970,2891,1312,4206,1764,3300,781,769,2626,3214,2291,4173,195,170,307,482,305,894,387,1417,557,999,293,251,380,573,508,1216,18642,8910,1158,25,12336,0,0,0,0
2021-03-14T23:59:59+01:00,0,1,521,629,874,1788,963,2884,1302,4193,1754,3287,776,765,2621,3211,2291,4173,195,170,306,482,304,892,385,1415,557,999,292,251,380,573,508,1216,18637,8907,1128,19,12268,0,0,0,0
2021-03-13T23:59:59+01:00,0,1,500,578,781,1526,832,2501,1108,3629,1472,2859,697,677,2518,3085,2290,4172,195,170,306,482,304,892,385,1415,557,999,292,251,380,573,508,1216,18633,8907,1128,19,9465,0,0,0,0
2021-03-12T23:59:59+01:00,0,1,485,495,717,1257,741,2104,936,2942,1225,2265,556,525,2474,3041,2290,4172,195,168,306,482,304,890,384,1415,557,996,292,250,367,552,459,1150,18604,8748,1127,19,6495,0,0,0,0
2021-03-11T23:59:59+01:00,0,1,461,459,683,1186,694,1998,876,2797,1143,2153,499,465,2460,3029,2289,4170,195,168,305,480,303,889,384,1412,556,996,292,249,354,535,410,1105,18407,8617,1079,16,5877,0,0,0,0
2021-03-10T23:59:59+01:00,0,1,447,449,649,1152,654,1965,834,2761,1110,2124,480,449,2446,3009,2288,4166,191,166,301,473,303,888,379,1406,550,989,288,243,229,436,177,837,18130,7846,1059,10,5795,0,0,0,0
2021-03-09T23:59:59+01:00,0,1,431,432,618,1123,631,1945,811,2733,1088,2100,458,428,2352,2866,2162,3935,191,166,299,471,302,887,378,1403,550,986,286,242,229,436,176,836,17362,7838,1043,0,5709,0,0,0,0
2021-03-08T23:59:59+01:00,0,1,418,411,596,1093,613,1923,795,2708,1066,2074,436,400,2121,2590,1932,3552,191,165,299,469,301,882,378,1397,550,984,285,240,229,435,176,836,16109,7817,1014,0,5606,0,0,0,0
2021-03-07T23:59:59+01:00,0,1,417,410,589,1075,599,1915,792,2695,1061,2064,435,399,2116,2582,1931,3549,191,165,298,468,301,881,378,1394,550,983,285,240,229,435,176,836,16081,7810,1004,0,5545,0,0,0,0
2021-03-06T23:59:59+01:00,0,1,417,407,586,1062,596,1913,785,2688,1057,2057,434,399,2116,2582,1931,3549,191,165,298,468,301,881,378,1394,550,982,284,240,229,435,176,836,16073,7808,1004,0,5503,0,0,0,0
2021-03-05T23:59:59+01:00,0,1,411,392,580,1050,591,1904,780,2678,1050,2049,420,391,1698,2022,1500,2799,188,160,294,468,298,879,376,1391,548,978,284,240,229,435,176,836,13857,7780,1004,0,5455,0,0,0,0
2021-03-04T23:59:59+01:00,0,1,401,367,552,1011,572,1847,750,2624,1029,1999,416,387,1605,1903,1460,2722,177,152,283,457,297,871,374,1377,546,974,283,240,229,435,176,836,13499,7707,998,0,5149,0,0,0,0
2021-03-03T23:59:59+01:00,0,1,398,361,545,980,554,1815,726,2576,1011,1959,408,381,1279,1523,1301,2448,176,151,282,456,296,870,370,1370,543,967,281,238,228,434,174,831,12335,7667,989,0,4942,0,0,0,0
2021-03-02T23:59:59+01:00,0,1,394,356,537,946,540,1795,717,2552,1000,1940,397,371,1032,1255,1181,2264,176,149,281,446,292,864,370,1361,543,961,281,238,228,434,174,831,11503,7629,952,0,4823,0,0,0,0
2021-03-01T23:59:59+01:00,0,1,392,349,528,923,521,1764,708,2528,990,1923,393,364,1031,1248,1181,2260,176,147,281,437,289,854,367,1346,540,955,279,236,227,433,174,831,11483,7572,917,0,4704,0,0,0,0
2021-02-28T23:59:59+01:00,0,1,387,346,525,915,513,1753,704,2516,985,1908,388,359,1031,1246,1181,2260,174,146,281,436,289,853,367,1346,539,955,279,236,227,433,174,831,11477,7566,889,0,4652,0,0,0,0
2021-02-27T23:59:59+01:00,0,1,386,344,520,908,511,1747,701,2507,982,1906,387,358,1031,1246,1180,2260,174,146,281,436,289,853,367,1346,538,955,279,236,227,433,174,831,11476,7565,889,0,4610,0,0,0,0
2021-02-26T23:59:59+01:00,0,1,339,298,452,736,435,1439,574,2090,811,1565,359,328,1031,1243,1180,2260,174,144,281,432,287,845,365,1338,536,952,279,236,227,433,174,831,11465,7534,878,0,2798,0,0,0,0
2021-02-25T23:59:59+01:00,0,1,319,289,441,715,423,1403,559,2042,792,1533,351,320,946,1150,1106,2134,123,131,261,427,278,833,353,1322,531,945,279,234,227,433,174,831,11054,7382,847,0,2623,0,0,0,0
2021-02-24T23:59:59+01:00,0,1,314,283,436,699,416,1368,543,1994,770,1489,344,307,737,916,920,1825,123,125,259,421,275,823,351,1309,524,939,277,232,225,432,174,829,10107,7318,806,0,2449,0,0,0,0
2021-02-23T23:59:59+01:00,0,1,312,271,428,686,405,1344,535,1960,751,1470,330,297,485,668,728,1519,123,124,258,419,273,817,351,1303,523,931,276,231,224,432,172,828,9098,7285,761,0,2331,0,0,0,0
2021-02-22T23:59:59+01:00,0,1,312,270,427,679,404,1339,531,1949,746,1466,330,295,484,666,728,1518,123,119,253,409,272,800,347,1278,518,923,272,230,224,432,172,828,9093,7200,750,0,2302,0,0,0,0
2021-02-21T23:59:59+01:00,0,1,309,269,425,673,401,1330,528,1941,740,1462,319,290,480,661,726,1518,123,119,252,408,271,797,344,1275,510,920,271,229,223,431,171,817,9088,7161,708,0,2277,0,0,0,0
2021-02-20T23:59:59+01:00,0,1,309,266,425,671,401,1322,527,1932,738,1458,319,290,480,661,726,1518,123,119,252,408,271,797,344,1275,509,920,271,229,223,431,171,817,9088,7160,708,0,2248,0,0,0,0
2021-02-19T23:59:59+01:00,0,0,263,241,393,595,367,1153,469,1719,629,1248,310,274,454,625,644,1409,123,119,252,408,270,797,344,1275,509,920,271,229,223,431,171,817,8866,7159,601,0,1326,0,0,0,0
2021-02-18T23:59:59+01:00,0,0,262,236,385,586,356,1131,456,1701,619,1241,310,272,400,577,531,1278,120,116,248,402,263,790,341,1266,506,919,269,227,223,431,171,817,8678,7109,421,0,1242,0,0,0,0
2021-02-17T23:59:59+01:00,0,0,256,232,373,572,349,1122,433,1685,611,1229,305,265,240,441,186,861,112,103,245,396,258,774,335,1250,500,908,265,224,222,431,171,817,7941,7011,32,0,1187,0,0,0,0
2021-02-16T23:59:59+01:00,0,0,254,230,362,570,340,1113,425,1671,606,1222,302,262,239,440,186,861,83,90,225,370,247,744,317,1210,468,873,243,209,214,411,170,810,7933,6684,28,0,1122,0,0,0,0
2021-02-15T23:59:59+01:00,0,0,252,230,360,565,338,1107,423,1659,603,1216,302,262,239,439,185,861,82,88,221,359,240,732,307,1183,452,850,230,202,201,387,163,753,7926,6450,25,0,1090,0,0,0,0
2021-02-14T23:59:59+01:00,0,0,251,228,354,562,334,1098,419,1653,600,1213,302,262,239,439,185,861,78,86,214,354,237,724,302,1170,448,835,229,200,201,376,163,743,7916,6360,20,0,1064,0,0,0,0
2021-02-13T23:59:59+01:00,0,0,251,228,354,562,334,1098,417,1653,600,1212,301,262,239,439,185,861,78,86,214,354,237,724,302,1170,448,835,229,200,201,376,163,743,7914,6360,20,0,1062,0,0,0,0
2021-02-12T23:59:59+01:00,0,0,195,168,306,485,307,901,384,1416,563,998,293,247,238,439,185,861,75,85,211,353,235,721,296,1166,445,830,225,197,201,374,163,743,7901,6320,20,0,65,0,0,0,0
2021-02-11T23:59:59+01:00,0,0,193,167,300,474,303,887,378,1397,553,990,293,247,238,439,185,861,74,82,200,327,225,677,276,1115,427,780,224,194,201,369,163,740,7861,6074,17,0,27,0,0,0,0
2021-02-10T23:59:59+01:00,0,0,191,160,296,470,300,882,372,1386,549,982,291,245,236,438,185,859,69,76,183,299,214,617,259,1031,402,727,215,179,187,339,148,689,7818,5634,11,0,13,0,0,0,0
2021-02-09T23:59:59+01:00,0,0,186,154,292,462,299,873,372,1376,547,973,288,244,236,438,184,858,60,60,145,236,185,512,221,839,346,592,194,153,165,303,138,612,7774,4761,2,0,6,0,0,0,0
2021-02-08T23:59:59+01:00,0,0,179,148,288,450,294,863,368,1356,541,966,284,240,235,437,182,854,33,47,100,146,136,285,162,459,252,386,163,125,136,245,113,508,7677,3296,2,0,6,0,0,0,0
2021-02-07T23:59:59+01:00,0,0,177,146,285,449,293,861,367,1355,540,965,283,239,235,437,182,854,19,40,82,124,131,264,153,425,236,360,153,120,126,234,106,470,7667,3043,1,0,0,0,0,0,0
2021-02-06T23:59:59+01:00,0,0,177,146,285,449,293,861,367,1355,540,965,283,239,235,437,182,854,19,37,80,121,121,249,142,408,205,339,138,116,125,229,105,459,7667,2893,1,0,0,0,0,0,0
2021-02-05T23:59:59+01:00,0,0,177,144,285,445,292,850,365,1347,536,962,283,238,235,437,182,853,18,33,76,116,114,235,136,381,188,321,133,111,121,224,97,442,7630,2746,1,0,0,0,0,0,0
2021-02-04T23:59:59+01:00,0,0,169,139,284,441,285,841,361,1336,527,953,282,236,234,436,182,851,11,20,50,78,85,178,114,290,155,263,115,97,109,206,87,398,7557,2256,0,0,0,0,0,0,0
2021-02-03T23:59:59+01:00,0,0,151,132,274,435,282,834,359,1325,527,951,282,236,233,436,182,850,11,18,42,67,76,143,90,258,134,222,96,83,94,177,79,350,7489,1940,0,0,0,0,0,0,0
2021-02-02T23:59:59+01:00,0,0,131,127,262,433,279,826,354,1319,526,944,281,236,232,436,181,849,11,15,34,61,64,121,75,213,103,172,64,58,69,114,54,225,7416,1453,0,0,0,0,0,0,0
2021-02-01T23:59:59+01:00,0,0,126,122,257,418,277,809,352,1294,520,932,276,234,232,436,181,849,4,9,19,33,33,66,46,118,59,71,29,29,29,48,29,109,7315,731,0,0,0,0,0,0,0
2021-01-31T23:59:59+01:00,0,0,125,119,255,415,275,805,350,1288,515,930,276,231,231,435,181,849,4,6,14,23,28,47,32,72,39,43,15,9,14,28,23,63,7280,460,0,0,0,0,0,0,0
2021-01-30T23:59:59+01:00,0,0,125,119,255,415,275,804,350,1287,514,930,276,231,231,435,181,849,4,6,13,20,25,40,27,64,36,41,15,9,14,28,23,63,7277,428,0,0,0,0,0,0,0
2021-01-29T23:59:59+01:00,0,0,125,119,255,415,274,804,350,1287,514,930,276,231,231,435,181,849,4,6,7,18,23,31,22,56,32,38,15,9,14,27,22,62,7276,386,0,0,0,0,0,0,0
2021-01-28T23:59:59+01:00,0,0,123,116,251,408,270,797,347,1280,510,929,276,231,231,435,181,849,1,3,2,8,15,13,12,27,12,23,11,5,7,14,7,25,7234,185,0,0,0,0,0,0,0
2021-01-27T23:59:59+01:00,0,0,115,106,249,403,267,788,342,1273,504,922,271,228,230,434,181,849,0,0,1,4,11,11,8,20,10,17,10,5,7,14,7,25,7162,150,0,0,0,0,0,0,0
2021-01-26T23:59:59+01:00,0,0,88,94,231,386,259,763,329,1235,478,891,251,216,220,416,181,841,0,0,1,4,11,11,8,20,10,17,10,5,7,14,7,25,6879,150,0,0,0,0,0,0,0
2021-01-25T23:59:59+01:00,0,0,85,89,229,366,246,744,315,1202,460,866,234,209,209,394,176,785,0,0,1,4,11,9,7,13,7,13,10,5,7,14,7,25,6609,133,0,0,0,0,0,0,0
2021-01-24T23:59:59+01:00,0,0,85,87,225,362,245,739,312,1189,458,851,233,207,209,383,176,774,0,0,1,4,11,9,7,13,7,13,10,5,7,14,7,25,6535,133,0,0,0,0,0,0,0
2021-01-23T23:59:59+01:00,0,0,85,87,225,362,245,739,312,1189,458,851,233,207,209,383,176,774,0,0,1,4,11,9,7,13,7,13,10,5,7,14,7,25,6535,133,0,0,0,0,0,0,0
2021-01-22T23:59:59+01:00,0,0,85,86,223,360,245,736,309,1185,454,848,231,206,209,382,176,774,0,0,1,4,11,9,7,13,7,13,10,5,7,14,7,25,6509,133,0,0,0,0,0,0,0
2021-01-21T23:59:59+01:00,0,0,85,83,209,331,235,692,284,1136,439,814,230,202,208,376,175,771,0,0,1,2,9,8,6,12,6,11,10,5,7,14,7,25,6270,123,0,0,0,0,0,0,0
2021-01-20T23:59:59+01:00,0,0,79,77,194,308,223,626,270,1043,410,753,221,190,193,345,161,719,0,0,1,2,9,8,6,12,6,11,10,5,7,14,7,25,5812,123,0,0,0,0,0,0,0
2021-01-19T23:59:59+01:00,0,0,71,67,155,259,203,563,244,920,369,644,200,164,167,303,147,629,0,0,1,2,3,7,6,11,4,9,7,4,7,14,7,25,5105,107,0,0,0,0,0,0,0
2021-01-18T23:59:59+01:00,0,0,59,59,132,216,182,460,217,762,329,551,181,143,142,252,125,540,0,0,0,1,2,4,3,6,2,7,6,4,7,14,7,23,4350,86,0,0,0,0,0,0,0
2021-01-17T23:59:59+01:00,0,0,40,47,108,186,167,401,200,676,304,496,172,136,129,235,108,480,0,0,0,0,2,4,2,6,2,5,4,4,7,14,6,23,3885,79,0,0,0,0,0,0,0
2021-01-16T23:59:59+01:00,0,0,33,44,108,183,157,385,185,656,273,474,156,131,128,229,107,468,0,0,0,0,0,0,0,0,0,0,0,0,0,0,0,0,3717,0,0,0,0,0,0,0,0
2021-01-15T23:59:59+01:00,0,0,31,40,104,178,146,371,179,626,254,452,151,122,124,223,98,450,0,0,0,0,0,0,0,0,0,0,0,0,0,0,0,0,3549,0,0,0,0,0,0,0,0
2021-01-14T23:59:59+01:00,0,0,13,23,51,78,84,174,115,289,149,263,123,103,110,204,86,405,0,0,0,0,0,0,0,0,0,0,0,0,0,0,0,0,2270,0,0,0,0,0,0,0,0
2021-01-13T23:59:59+01:00,0,0,12,20,41,67,76,139,93,259,124,226,94,81,90,163,68,324,0,0,0,0,0,0,0,0,0,0,0,0,0,0,0,0,1877,0,0,0,0,0,0,0,0
2021-01-12T23:59:59+01:00,0,0,12,15,37,63,63,115,78,210,95,172,61,53,60,97,40,189,0,0,0,0,0,0,0,0,0,0,0,0,0,0,0,0,1360,0,0,0,0,0,0,0,0
2021-01-11T23:59:59+01:00,0,0,4,10,26,45,39,83,57,141,58,85,32,28,25,40,19,81,0,0,0,0,0,0,0,0,0,0,0,0,0,0,0,0,773,0,0,0,0,0,0,0,0
2021-01-10T23:59:59+01:00,0,0,3,6,19,32,34,58,38,94,37,53,15,8,8,19,13,34,0,0,0,0,0,0,0,0,0,0,0,0,0,0,0,0,471,0,0,0,0,0,0,0,0
2021-01-09T23:59:59+01:00,0,0,3,6,18,28,33,54,33,84,35,52,15,8,8,19,13,34,0,0,0,0,0,0,0,0,0,0,0,0,0,0,0,0,443,0,0,0,0,0,0,0,0
2021-01-08T23:59:59+01:00,0,0,3,6,15,26,29,43,27,75,31,48,14,8,7,17,12,33,0,0,0,0,0,0,0,0,0,0,0,0,0,0,0,0,394,0,0,0,0,0,0,0,0
2021-01-07T23:59:59+01:00,0,0,1,4,2,9,15,13,14,28,13,24,11,6,7,15,9,26,0,0,0,0,0,0,0,0,0,0,0,0,0,0,0,0,197,0,0,0,0,0,0,0,0
2021-01-06T23:59:59+01:00,0,0,1,0,2,4,13,11,9,22,11,19,11,6,7,15,9,26,0,0,0,0,0,0,0,0,0,0,0,0,0,0,0,0,166,0,0,0,0,0,0,0,0
2021-01-05T23:59:59+01:00,0,0,0,0,1,4,12,11,8,20,10,19,10,6,7,15,9,26,0,0,0,0,0,0,0,0,0,0,0,0,0,0,0,0,158,0,0,0,0,0,0,0,0
2021-01-04T23:59:59+01:00,0,0,0,0,1,4,12,10,7,16,8,17,10,6,7,15,9,26,0,0,0,0,0,0,0,0,0,0,0,0,0,0,0,0,148,0,0,0,0,0,0,0,0
2021-01-03T23:59:59+01:00,0,0,0,0,1,4,11,9,7,13,6,14,10,6,7,15,9,26,0,0,0,0,0,0,0,0,0,0,0,0,0,0,0,0,138,0,0,0,0,0,0,0,0
2021-01-02T23:59:59+01:00,0,0,0,0,1,4,11,9,7,13,6,14,10,6,7,15,9,26,0,0,0,0,0,0,0,0,0,0,0,0,0,0,0,0,138,0,0,0,0,0,0,0,0
2021-01-01T23:59:59+01:00,0,0,0,0,1,4,11,9,7,13,6,14,10,6,7,15,9,26,0,0,0,0,0,0,0,0,0,0,0,0,0,0,0,0,138,0,0,0,0,0,0,0,0
2020-12-31T23:59:59+01:00,0,0,0,0,1,4,11,9,7,13,6,14,10,6,7,15,9,26,0,0,0,0,0,0,0,0,0,0,0,0,0,0,0,0,138,0,0,0,0,0,0,0,0
2020-12-30T23:59:59+01:00,0,0,0,0,1,4,11,9,7,13,6,14,10,6,7,15,9,26,0,0,0,0,0,0,0,0,0,0,0,0,0,0,0,0,138,0,0,0,0,0,0,0,0
2020-12-29T23:59:59+01:00,0,0,0,0,1,4,8,9,7,13,4,12,10,6,7,15,9,26,0,0,0,0,0,0,0,0,0,0,0,0,0,0,0,0,131,0,0,0,0,0,0,0,0
2020-12-28T23:59:59+01:00,0,0,0,0,1,1,5,7,7,7,2,9,10,6,7,15,9,26,0,0,0,0,0,0,0,0,0,0,0,0,0,0,0,0,112,0,0,0,0,0,0,0,0
2020-12-27T23:59:59+01:00,0,0,0,0,0,0,2,4,2,6,1,6,4,5,7,15,8,25,0,0,0,0,0,0,0,0,0,0,0,0,0,0,0,0,85,0,0,0,0,0,0,0,0
