Datum,<15_m,<15_w,15-24_1_m,15-24_1_w,25-34_1_m,25-34_1_w,35-44_1_m,35-44_1_w,45-54_1_m,45-54_1_w,55-64_1_m,55-64_1_w,65-74_1_m,65-74_1_w,75-84_1_m,75-84_1_w,>84_1_m,>84_1_w,<24_2_m,<24_2_w,25-34_2_m,25-34_2_w,35-44_2_m,35-44_2_w,45-54_2_m,45-54_2_w,55-64_2_m,55-64_2_w,65-74_2_m,65-74_2_w,75-84_2_m,75-84_2_w,>84_2_m,>84_2_w,bp_1,bp_2,mo_1,mo_2,az_1,az_2,ja,unb_1,unb_2
2021-07-20T23:59:59+02:00,956,840,7846,7472,9460,8827,11969,12491,16145,16669,19493,19680,15819,16551,8854,10786,2802,5371,3257,3241,5902,5802,8192,8885,13078,13918,17784,18175,15129,15818,8518,10376,2729,5201,138686,108671,18951,14789,27773,26005,6611,10,6
2021-07-19T23:59:59+02:00,955,840,7841,7472,9456,8821,11964,12489,16140,16663,19491,19680,15818,16548,8854,10784,2802,5370,3207,3209,5855,5763,8137,8842,13022,13892,17739,18163,15129,15816,8518,10374,2729,5200,138657,108407,18950,14777,27773,25881,6598,10,6
2021-07-18T23:59:59+02:00,954,839,7832,7463,9449,8814,11956,12485,16134,16659,19489,19679,15817,16546,8854,10784,2802,5370,3188,3194,5815,5732,8103,8816,12984,13877,17727,18160,15129,15815,8518,10374,2729,5199,138611,108227,18948,14744,27773,25872,6584,10,6
2021-07-17T23:59:59+02:00,838,720,7509,7171,9297,8645,11780,12326,16007,16520,19393,19584,15796,16525,8846,10771,2802,5367,3090,3092,5705,5640,7972,8665,12848,13755,17633,18085,15119,15796,8515,10367,2729,5199,136607,107079,18946,14741,27773,25868,6568,3,5
2021-07-16T23:59:59+02:00,681,568,7115,6850,9108,8490,11590,12116,15803,16345,19253,19457,15768,16488,8837,10757,2801,5365,3029,3033,5631,5576,7859,8564,12731,13622,17558,18011,15096,15781,8511,10365,2728,5199,134137,106199,18946,14736,27773,25862,6533,3,5
2021-07-15T23:59:59+02:00,679,568,7103,6844,9104,8489,11580,12112,15793,16338,19249,19451,15767,16486,8833,10755,2800,5356,2991,2999,5564,5535,7770,8514,12658,13582,17528,17990,15073,15767,8503,10358,2727,5190,134100,105973,18944,14581,27771,25741,6489,3,5
2021-07-14T23:59:59+02:00,677,567,7094,6835,9100,8487,11574,12108,15787,16335,19244,19446,15765,16483,8830,10752,2799,5352,2968,2987,5523,5504,7736,8492,12626,13566,17511,17979,15066,15764,8500,10354,2727,5186,134067,105822,18943,14548,27770,25702,6452,3,5
2021-07-13T23:59:59+02:00,672,564,7070,6818,9089,8471,11565,12094,15776,16317,19236,19439,15756,16479,8826,10742,2794,5344,2910,2937,5460,5437,7577,8361,12376,13350,17357,17853,15048,15753,8488,10341,2722,5175,133945,104620,18943,14496,27767,25667,6394,3,5
2021-07-12T23:59:59+02:00,666,557,7058,6803,9080,8460,11554,12085,15773,16305,19225,19435,15754,16475,8824,10742,2794,5341,2852,2884,5378,5362,7430,8247,12128,13139,17178,17710,15038,15748,8484,10334,2721,5175,133837,103388,18941,14445,27764,25618,6386,3,5
2021-07-11T23:59:59+02:00,665,556,7050,6800,9071,8451,11548,12077,15763,16302,19220,19430,15754,16472,8823,10740,2794,5341,2821,2849,5302,5286,7333,8162,11966,12985,17052,17578,15032,15737,8483,10331,2721,5175,133795,102506,18937,14395,27764,25582,6358,3,5
2021-07-10T23:59:59+02:00,493,399,6487,6256,8845,8268,11309,11884,15606,16171,19165,19381,15746,16462,8819,10735,2793,5340,2791,2817,5254,5244,7252,8082,11866,12889,16974,17511,15016,15722,8480,10321,2718,5173,131113,101820,18937,14393,27764,25577,6342,3,5
2021-07-09T23:59:59+02:00,482,392,6428,6228,8819,8232,11269,11855,15579,16158,19152,19365,15745,16459,8819,10732,2793,5340,2735,2751,5171,5176,7074,7907,11459,12591,16681,17307,14997,15695,8473,10316,2717,5171,131021,100806,18727,13539,27763,25563,6333,3,5
2021-07-08T23:59:59+02:00,477,390,6112,5968,8445,7944,10890,11548,15243,15914,18893,19193,15723,16436,8810,10725,2790,5339,2673,2701,5091,5103,6935,7818,11262,12449,16536,17184,14990,15687,8473,10314,2717,5170,130939,99953,15834,13376,27760,25489,6304,3,5
2021-07-07T23:59:59+02:00,475,386,6097,5955,8422,7928,10876,11532,15232,15905,18892,19188,15721,16433,8809,10723,2790,5337,2625,2646,5002,5046,6800,7726,11030,12269,16376,17052,14982,15681,8469,10309,2717,5170,130830,98936,15826,13258,27758,25441,6284,3,5
2021-07-06T23:59:59+02:00,449,365,5997,5862,8341,7863,10803,11464,15198,15866,18869,19172,15714,16423,8806,10721,2787,5335,2556,2576,4863,4934,6613,7593,10641,11859,16006,16679,14957,15648,8461,10302,2716,5166,130220,96789,15818,13175,27753,25381,6241,3,5
2021-07-05T23:59:59+02:00,408,331,5818,5690,8224,7767,10691,11351,15138,15799,18840,19140,15708,16415,8802,10716,2784,5334,2502,2501,4766,4837,6484,7457,10295,11544,15734,16375,14927,15618,8453,10287,2716,5161,129174,95008,15814,13117,27750,25327,6215,3,5
2021-07-04T23:59:59+02:00,388,301,5744,5612,8167,7712,10624,11295,15107,15767,18826,19121,15702,16412,8801,10714,2784,5332,2484,2470,4705,4791,6425,7407,10159,11435,15632,16303,14923,15612,8451,10286,2715,5161,128671,94443,15807,13050,27745,25292,6183,3,5
2021-07-03T23:59:59+02:00,383,299,5726,5604,8158,7703,10613,11292,15100,15761,18823,19119,15701,16412,8801,10714,2784,5332,2449,2439,4610,4762,6318,7382,10101,11391,15529,16218,14248,14905,8432,10261,2715,5161,128605,94330,15805,13048,27744,23383,6168,3,5
2021-07-02T23:59:59+02:00,339,261,5538,5453,8084,7628,10515,11195,15036,15705,18804,19113,15697,16408,8796,10712,2782,5329,2402,2391,4463,4685,6137,7308,9949,11239,15344,16020,13481,14014,8424,10246,2715,5160,127689,93772,15803,13005,27743,21052,6157,3,5
2021-07-01T23:59:59+02:00,278,208,5323,5273,7957,7517,10378,11070,14907,15609,18760,19089,15689,16401,8791,10706,2782,5328,2284,2270,4288,4513,5902,7059,9173,10559,14718,15550,13456,13986,8419,10242,2711,5158,126407,90296,15793,12910,27743,20968,6120,3,5
2021-06-30T23:59:59+02:00,151,120,4853,4805,7627,7248,10032,10736,14682,15435,18702,19046,15678,16390,8787,10698,2782,5325,2247,2225,4204,4444,5791,6965,9005,10438,14629,15474,13442,13978,8416,10239,2711,5156,123476,89709,15787,12737,27743,20836,6088,3,5
2021-06-29T23:59:59+02:00,115,99,4570,4525,7380,7030,9743,10437,14484,15246,18639,18985,15626,16340,8769,10683,2781,5321,2181,2143,4064,4307,5586,6787,8782,10212,14339,15252,13394,13929,8404,10215,2709,5143,121420,88277,15784,12585,27741,20764,5825,3,5
2021-06-28T23:59:59+02:00,99,78,4434,4381,7276,6920,9622,10308,14395,15139,18595,18944,15610,16324,8755,10672,2778,5319,2097,2017,3882,4102,5306,6445,8400,9704,13813,14720,13278,13840,8386,10191,2706,5131,120408,85094,15775,12503,27738,20699,5725,3,3
2021-06-27T23:59:59+02:00,94,76,4383,4332,7218,6864,9560,10254,14363,15107,18575,18927,15593,16312,8748,10665,2777,5314,2044,1982,3818,4056,5195,6332,8232,9576,13640,14609,13253,13822,8378,10182,2703,5129,120044,84307,15772,12469,27736,20570,5607,3,3
2021-06-26T23:59:59+02:00,81,74,4341,4305,7187,6837,9542,10233,14344,15092,18563,18914,15589,16305,8748,10665,2777,5314,1968,1890,3629,3897,4981,6075,7867,9121,13292,14313,13173,13765,8358,10154,2698,5120,119807,81672,15768,12469,27736,20565,5597,3,3
2021-06-25T23:59:59+02:00,69,61,4031,3980,6921,6598,9250,9941,14122,14906,18481,18859,15544,16259,8729,10646,2775,5307,1903,1806,3467,3779,4789,5847,7545,8708,12984,13978,13124,13709,8345,10130,2692,5114,117413,79338,15741,12438,27736,20560,5586,3,3
2021-06-24T23:59:59+02:00,62,54,3938,3888,6823,6514,9151,9849,14022,14820,18452,18825,15529,16243,8723,10638,2775,5307,1835,1730,3354,3684,4590,5705,7329,8514,12734,13781,12292,12784,8165,9866,2692,5113,116681,78134,15731,12334,27732,18236,5466,3,3
2021-06-23T23:59:59+02:00,49,49,3531,3513,6370,6166,8620,9342,13686,14521,18317,18690,15426,16152,8680,10602,2772,5293,1698,1555,3102,3484,4179,5381,6390,7810,11998,13084,12270,12772,8155,9859,2692,5109,113753,77516,15485,9028,27731,18189,4807,3,3
2021-06-22T23:59:59+02:00,40,41,3459,3442,6296,6108,8517,9266,13634,14476,18284,18673,15415,16145,8679,10597,2772,5290,1658,1501,2999,3383,4038,5232,6138,7627,11398,12383,12181,12680,8138,9826,2688,5101,113134,75207,15481,8947,27729,18032,4787,3,3
2021-06-21T23:59:59+02:00,34,38,3389,3381,6202,6054,8457,9195,13575,14432,18251,18652,15412,16143,8671,10594,2772,5289,1621,1450,2909,3286,3914,5083,5943,7402,10640,11464,11799,12230,7082,8608,2682,5095,112619,72557,15474,8846,27716,15077,4729,3,3
2021-06-20T23:59:59+02:00,34,37,3363,3361,6155,6022,8412,9166,13548,14417,18240,18648,15411,16143,8671,10594,2772,5289,1602,1434,2873,3260,3863,5046,5890,7379,10555,11391,11779,12211,7080,8601,2681,5095,112447,72246,15458,8770,27716,15065,4659,3,3
2021-06-19T23:59:59+02:00,32,35,3336,3338,6127,6002,8383,9147,13524,14411,18234,18643,15411,16142,8671,10594,2772,5289,1598,1424,2868,3251,3856,5041,5876,7374,10544,11384,11779,12211,7080,8600,2681,5095,112260,72170,15453,8770,27716,15063,4659,3,3
2021-06-18T23:59:59+02:00,28,30,3295,3296,6051,5963,8316,9094,13478,14381,18211,18632,15410,16140,8670,10593,2772,5289,1527,1331,2734,3076,3675,4767,5485,6999,9070,9835,11614,12043,7039,8550,2669,5077,111880,67047,15427,8769,27716,15052,4623,3,3
2021-06-17T23:59:59+02:00,26,27,3231,3245,5985,5926,8245,9042,13407,14336,18188,18621,15408,16135,8670,10590,2772,5286,1398,1238,2546,2864,3416,4482,5128,6612,8405,9112,11332,11802,6998,8493,2665,5074,111518,63377,15398,8654,27713,15026,4508,3,3
2021-06-16T23:59:59+02:00,26,24,3177,3185,5872,5861,8127,8949,13281,14251,18122,18586,15402,16127,8670,10587,2772,5286,1302,1183,2406,2757,3233,4326,4845,6343,7334,7829,11242,11696,6969,8456,2652,5056,110886,59644,15324,8607,27710,14996,4382,3,3
2021-06-15T23:59:59+02:00,21,23,3080,3103,5755,5772,7939,8773,13021,14031,17970,18461,15387,16116,8662,10581,2772,5284,1264,1152,2335,2703,3126,4252,4644,6218,7024,7578,10747,11136,6936,8421,2644,5043,109471,57407,15296,8575,27702,14963,4279,3,2
2021-06-14T23:59:59+02:00,20,21,3008,3034,5677,5715,7798,8654,12733,13795,17786,18289,15372,16102,8655,10576,2771,5283,1237,1124,2269,2647,3001,4156,4448,6079,6687,7277,10222,10528,6906,8384,2640,5034,108097,55052,15288,8470,27698,14916,4203,3,1
2021-06-13T23:59:59+02:00,20,21,2990,3002,5611,5678,7735,8588,12594,13659,17681,18167,15366,16093,8654,10573,2770,5283,1227,1112,2238,2633,2965,4145,4405,6059,6655,7261,10218,10521,6906,8383,2640,5034,107362,54913,15277,8464,27693,14877,4150,3,1
2021-06-12T23:59:59+02:00,18,21,2961,2985,5583,5653,7705,8570,12574,13641,17672,18164,15365,16092,8654,10573,2770,5283,1170,1050,2148,2558,2869,4010,4264,5928,6545,7176,10137,10443,6309,7657,2640,5034,107164,54798,15276,8464,27693,12530,4148,3,1
2021-06-11T23:59:59+02:00,18,18,2885,2909,5514,5588,7522,8384,12164,13335,17393,17961,15349,16067,8648,10565,2768,5281,1148,1033,2096,2518,2805,3962,4181,5866,6439,7091,10036,10330,6296,7651,2638,5028,106150,54276,14387,8213,27692,12494,4137,3,1
2021-06-10T23:59:59+02:00,14,16,2829,2867,5414,5537,7389,8303,11980,13196,17257,17844,15344,16063,8648,10564,2767,5280,1109,1008,2023,2452,2703,3886,4013,5737,6198,6879,9786,10063,6276,7623,2632,5022,105234,52722,14312,8210,27687,12404,4076,3,1
2021-06-09T23:59:59+02:00,13,14,2753,2798,5289,5443,7167,8131,11703,12954,17070,17697,15333,16049,8644,10555,2767,5277,1052,946,1893,2334,2500,3704,3685,5452,5585,6375,8967,9162,6219,7547,2618,4987,104030,48736,14161,8193,27678,12314,3785,3,1
2021-06-08T23:59:59+02:00,10,10,2656,2695,5155,5317,6972,7949,11270,12529,16693,17309,15314,16022,8633,10549,2766,5272,1015,918,1826,2270,2395,3631,3542,5388,5437,6246,8935,9143,6217,7537,2616,4983,101830,48231,14134,8144,27676,12248,3478,3,1
2021-06-07T23:59:59+02:00,8,9,2527,2597,4965,5188,6764,7786,10793,12170,16350,17015,15288,15994,8627,10532,2765,5268,944,881,1699,2216,2256,3549,3289,5299,5083,5963,8387,8520,6163,7478,2612,4974,99899,46023,14091,8130,27667,12176,2986,3,1
2021-06-06T23:59:59+02:00,8,7,2492,2573,4904,5130,6677,7730,10656,12060,16258,16951,15285,15990,8627,10532,2763,5267,928,871,1670,2197,2214,3522,3223,5275,5035,5939,8382,8519,6158,7471,2612,4973,99314,45869,14039,8121,27661,12108,2893,3,1
2021-06-05T23:59:59+02:00,7,6,2479,2551,4875,5103,6639,7703,10625,12032,16249,16945,15285,15990,8627,10532,2763,5267,912,856,1639,2170,2175,3470,3121,5194,4681,5615,7785,7819,6130,7418,2611,4971,99089,43497,14039,8116,27658,12067,2889,3,1
2021-06-04T23:59:59+02:00,6,5,2449,2523,4830,5058,6590,7652,10537,11929,16197,16882,15281,15983,8627,10531,2762,5266,901,839,1618,2151,2136,3434,3069,5135,4519,5427,7483,7452,6094,7376,2609,4965,98561,42223,14034,8114,27658,12021,2852,3,1
2021-06-03T23:59:59+02:00,6,5,2344,2392,4679,4887,6384,7404,9837,11296,15607,16434,15270,15974,8624,10526,2761,5265,884,809,1577,2091,2087,3356,2981,5026,4375,5262,7327,7264,6082,7349,2609,4961,95228,41184,13995,8104,27653,11938,2816,3,1
2021-06-02T23:59:59+02:00,6,5,2327,2367,4637,4854,6328,7366,9737,11207,15549,16381,15262,15970,8623,10522,2761,5264,871,797,1559,2068,2035,3320,2896,4940,4014,4874,6770,6629,6039,7293,2605,4951,94703,38855,13995,8100,27653,11895,2812,3,1
2021-06-01T23:59:59+02:00,6,4,2265,2326,4517,4765,6164,7256,9549,11060,15443,16305,15259,15966,8619,10518,2760,5259,839,771,1495,2018,1923,3258,2740,4849,3811,4747,6559,6399,6017,7275,2599,4944,93843,37773,13945,8079,27641,11783,2609,3,1
2021-05-31T23:59:59+02:00,2,4,2215,2267,4418,4671,6023,7129,9363,10916,15358,16251,15251,15959,8616,10518,2760,5259,816,735,1438,1960,1855,3210,2566,4797,3681,4695,6202,5985,5994,7254,2596,4936,93123,36601,13859,8073,27632,11683,2363,3,1
2021-05-30T23:59:59+02:00,2,4,2190,2245,4361,4610,5934,7069,9289,10854,15321,16232,15250,15957,8616,10518,2760,5259,804,725,1416,1939,1805,3187,2433,4762,3576,4677,6200,5983,5994,7254,2596,4936,92678,36286,13819,8050,27623,11603,2348,3,1
2021-05-29T23:59:59+02:00,2,4,2173,2230,4343,4599,5917,7053,9275,10841,15316,16229,15249,15957,8616,10518,2760,5259,785,673,1322,1681,1672,2827,2234,4215,3298,4250,6110,5889,5883,7121,2595,4936,92552,36236,13816,8045,27622,8862,2348,3,1
2021-05-28T23:59:59+02:00,2,4,2153,2207,4305,4554,5873,7008,9199,10771,15249,16177,15245,15955,8616,10518,2760,5258,766,583,1245,1431,1573,2426,2055,3525,3035,3654,5473,5149,5801,7030,2591,4923,92081,34939,13803,8045,27620,5929,2347,3,1
2021-05-27T23:59:59+02:00,2,4,2110,2169,4220,4487,5749,6934,9044,10671,15152,16094,15243,15954,8616,10517,2760,5258,737,548,1211,1350,1531,2291,1988,3383,2923,3534,5039,4665,5768,6991,2580,4894,91400,33819,13654,8036,27596,5247,2331,3,1
2021-05-26T23:59:59+02:00,2,4,2042,2051,4023,4342,5406,6673,8077,9929,14394,15390,15231,15948,8612,10511,2758,5256,726,532,1185,1292,1485,2237,1931,3272,2771,3387,3734,3289,5709,6918,2557,4837,90625,30552,10134,8021,27582,4984,2305,3,1
2021-05-25T23:59:59+02:00,2,4,2001,2012,3940,4275,5310,6607,7942,9822,14021,14957,15183,15911,8605,10496,2756,5252,717,522,1155,1257,1463,2214,1911,3245,2746,3362,3728,3279,5702,6915,2555,4836,89287,30466,9986,8012,27565,4874,2255,3,1
2021-05-24T23:59:59+02:00,2,4,1975,1967,3852,4201,5205,6525,7817,9698,13509,14343,15132,15843,8598,10482,2755,5247,711,515,1135,1246,1433,2201,1890,3227,2721,3340,3712,3261,5680,6891,2548,4820,87495,30339,9907,7961,27554,4835,2196,3,1
2021-05-23T23:59:59+02:00,2,4,1966,1954,3833,4178,5187,6512,7765,9667,13435,14280,15121,15839,8596,10481,2754,5247,704,506,1125,1234,1411,2179,1836,3193,2616,3244,3304,2828,5040,6082,2534,4775,87261,30168,9807,5433,27554,4814,2196,3,1
2021-05-22T23:59:59+02:00,2,4,1801,1912,3531,4128,4785,6468,7507,9611,13310,14201,15115,15838,8596,10480,2754,5247,544,475,832,1192,1035,2143,1595,3140,2502,3169,3300,2826,5040,6081,2534,4775,87111,30156,9807,5433,27552,4777,817,3,1
2021-05-21T23:59:59+02:00,2,4,1716,1803,3377,3936,4596,6173,7110,9245,12025,12861,14964,15690,8559,10433,2745,5236,541,463,822,1190,1034,2136,1560,3110,2425,3092,3127,2689,5014,6038,2531,4760,82342,29524,9767,5433,27547,4759,816,3,1
2021-05-20T23:59:59+02:00,2,4,1679,1767,3286,3885,4489,6092,6935,9166,11814,12634,14944,15672,8556,10426,2744,5235,522,450,782,1144,978,2072,1442,3039,2299,2995,2939,2520,4973,5962,2523,4745,81513,28782,9664,5418,27491,4525,660,2,1
2021-05-19T23:59:59+02:00,2,4,1656,1741,3229,3829,4395,6028,6821,9104,11582,12376,14932,15662,8554,10425,2744,5234,514,438,766,1107,960,2003,1331,2892,1972,2702,2377,2023,4868,5845,2502,4698,80705,26713,9524,5402,27465,4261,622,2,1
2021-05-18T23:59:59+02:00,2,4,1594,1707,3142,3739,4283,5925,6662,8945,11298,12122,14887,15614,8542,10402,2742,5224,511,426,751,1092,942,1986,1247,2826,1691,2481,1936,1678,4796,5762,2481,4655,79616,25173,9322,5392,27396,4198,498,2,1
2021-05-17T23:59:59+02:00,2,4,1545,1626,3012,3582,4077,5647,6315,8488,10752,11574,14780,15523,8523,10377,2737,5214,509,418,745,1085,924,1981,1223,2802,1663,2442,1919,1659,4789,5755,2478,4652,76733,25108,9287,5378,27371,4173,385,2,1
2021-05-16T23:59:59+02:00,2,4,1526,1604,2959,3542,3981,5560,6166,8352,10576,11441,14754,15501,8516,10369,2736,5212,502,412,722,1070,894,1965,1195,2775,1630,2418,1912,1650,4787,5751,2475,4650,75989,25079,9230,5360,27340,4129,240,2,1
2021-05-15T23:59:59+02:00,2,4,1439,1507,2748,3375,3752,5282,5805,7880,10225,11145,14669,15439,8497,10340,2730,5203,502,410,718,1068,894,1962,1190,2774,1625,2414,1900,1638,4781,5745,2475,4648,73238,25021,9230,5360,27333,4124,239,2,1
2021-05-14T23:59:59+02:00,2,4,1405,1445,2637,3279,3600,5124,5607,7591,10007,10893,14634,15402,8484,10317,2727,5199,454,370,647,903,822,1677,1060,2366,1445,2089,1866,1598,4778,5737,2474,4643,71603,24959,9208,5358,27309,2377,235,2,1
2021-05-13T23:59:59+02:00,2,4,1347,1379,2537,3195,3435,4988,5389,7385,9781,10717,14608,15374,8476,10314,2725,5196,447,358,620,875,721,1571,961,2283,1183,1877,1154,1019,4558,5504,2466,4611,70442,24842,8909,2833,27279,2313,220,2,1
2021-05-12T23:59:59+02:00,2,4,1340,1370,2521,3190,3417,4976,5369,7372,9767,10705,14606,15370,8474,10312,2724,5196,447,356,618,874,717,1567,955,2280,1178,1870,1136,1010,4545,5468,2434,4542,70332,24635,8885,2833,27277,2310,219,2,1
2021-05-11T23:59:59+02:00,2,3,1298,1328,2447,3106,3305,4850,5175,7227,9482,10397,14559,15313,8462,10292,2720,5187,441,343,600,860,696,1551,927,2256,1153,1843,1082,974,4483,5371,2392,4419,68998,24148,8762,2815,27192,2229,199,2,1
2021-05-10T23:59:59+02:00,2,3,1274,1301,2384,3030,3178,4726,5045,7070,9159,10017,14513,15274,8453,10273,2715,5185,440,341,588,850,682,1536,916,2241,1135,1829,1048,940,4423,5295,2353,4304,67647,23742,8642,2812,27121,2177,190,2,1
2021-05-09T23:59:59+02:00,2,3,1259,1284,2341,3017,3101,4691,4983,7036,9094,9973,14500,15259,8451,10268,2715,5183,432,339,574,845,659,1516,894,2220,1123,1815,1029,925,4411,5257,2338,4262,67410,23582,8568,2810,27077,2144,103,2,1
2021-05-08T23:59:59+02:00,1,3,1257,1280,2326,3005,3084,4681,4943,7022,9070,9965,14499,15259,8451,10267,2715,5183,432,339,574,845,658,1516,894,2219,1122,1814,1029,925,4410,5257,2338,4262,67269,23581,8562,2807,27075,2143,103,2,1
2021-05-07T23:59:59+02:00,1,3,1238,1259,2287,2964,3034,4632,4844,6930,8846,9719,14484,15237,8445,10261,2712,5179,382,311,542,776,621,1355,824,2014,1034,1627,999,896,4390,5234,2336,4257,66366,23477,8556,2804,27048,1214,103,2,1
2021-05-06T23:59:59+02:00,1,3,1088,1168,2061,2721,2735,4324,4474,6530,8260,9114,14206,14998,8405,10204,2709,5178,381,307,530,757,604,1323,805,1979,1002,1599,972,865,4380,5220,2334,4253,62741,23349,8428,2754,26912,1112,96,2,1
2021-05-05T23:59:59+02:00,1,2,1024,1117,1953,2608,2576,4153,4179,6252,7248,7932,14121,14900,8370,10163,2696,5158,377,304,522,747,589,1314,771,1965,979,1578,897,804,4339,5150,2326,4238,59230,23028,8381,2735,26790,1087,50,2,1
2021-05-04T23:59:59+02:00,1,2,1002,1097,1902,2569,2474,4086,3959,6139,6967,7717,13614,14332,8340,10128,2691,5149,374,303,517,743,578,1309,754,1946,963,1571,878,780,4318,5134,2323,4229,57172,22893,8323,2720,26630,1065,42,2,1
2021-05-03T23:59:59+02:00,1,2,970,1059,1841,2516,2371,3976,3760,6022,6611,7417,13078,13708,8303,10090,2684,5134,368,302,515,739,568,1303,745,1936,949,1558,854,756,4301,5116,2317,4216,54752,22783,8297,2711,26491,1048,1,2,1
2021-05-02T23:59:59+02:00,1,2,965,1058,1822,2510,2346,3969,3717,6012,6577,7409,13077,13708,8303,10089,2684,5134,368,302,512,739,567,1301,741,1936,948,1555,852,752,4300,5112,2317,4216,54619,22767,8293,2709,26468,1041,1,2,1
2021-05-01T23:59:59+02:00,1,2,965,1056,1814,2508,2335,3964,3705,6004,6566,7400,13076,13706,8303,10089,2684,5134,368,302,512,739,567,1301,740,1935,946,1555,852,752,4300,5112,2317,4216,54550,22767,8293,2705,26466,1041,1,2,1
2021-04-30T23:59:59+02:00,0,2,949,1051,1793,2494,2314,3929,3668,5971,6488,7347,12981,13602,8302,10085,2681,5122,316,247,470,663,538,1123,710,1711,912,1351,840,735,4296,5110,2317,4216,54055,22753,8292,2701,26429,100,1,2,1
2021-04-29T23:59:59+02:00,0,2,894,1026,1736,2443,2252,3871,3522,5848,6251,7124,12722,13329,8280,10056,2677,5115,310,245,462,656,535,1116,703,1701,902,1342,832,720,4287,5103,2317,4214,52463,22671,8277,2695,26405,78,1,2,1
2021-04-28T23:59:59+02:00,0,2,833,992,1656,2381,2108,3761,3237,5595,5647,6621,11886,12412,8222,9967,2654,5078,309,242,460,650,527,1102,692,1681,891,1335,819,704,4268,5076,2315,4214,48415,22550,8270,2677,26364,57,1,2,1
2021-04-27T23:59:59+02:00,0,2,823,987,1638,2361,2064,3743,3166,5570,5521,6499,11857,12395,8220,9965,2654,5076,308,240,454,648,519,1096,683,1669,882,1329,807,693,4264,5070,2314,4208,47936,22472,8267,2662,26335,49,1,2,1
2021-04-26T23:59:59+02:00,0,2,813,974,1612,2343,2004,3703,2990,5493,5190,6215,11292,11750,8164,9900,2650,5067,306,239,453,647,513,1090,672,1663,873,1319,798,684,4259,5065,2314,4204,45609,22420,8258,2634,26292,44,1,2,1
2021-04-25T23:59:59+02:00,0,2,803,972,1598,2337,1966,3686,2864,5470,5098,6210,11288,11746,8161,9894,2649,5066,305,239,453,647,513,1083,672,1661,870,1317,798,683,4259,5065,2314,4204,45283,22415,8252,2630,26272,37,1,2,1
2021-04-24T23:59:59+02:00,0,2,789,962,1576,2317,1927,3641,2767,5402,4753,5891,10672,11021,8131,9836,2648,5064,305,239,453,647,513,1082,671,1660,869,1317,793,679,4250,5049,2312,4203,42878,22379,8252,2626,26266,36,1,2,1
2021-04-23T23:59:59+02:00,0,2,784,954,1563,2307,1898,3615,2727,5352,4592,5705,10363,10640,8091,9794,2645,5055,305,238,453,647,513,1081,670,1660,867,1317,793,678,4247,5046,2312,4203,41580,22368,8252,2625,26252,36,1,2,1
2021-04-22T23:59:59+02:00,0,2,768,939,1535,2264,1847,3547,2642,5262,4439,5551,10218,10446,8077,9763,2643,5047,305,237,451,636,511,1075,664,1652,861,1308,787,673,4244,5044,2312,4201,40579,22332,8226,2600,26182,28,1,2,1
2021-04-21T23:59:59+02:00,0,2,757,926,1511,2253,1794,3503,2538,5175,4055,5131,9621,9762,8028,9701,2639,5036,304,237,447,634,511,1074,660,1649,856,1303,775,661,4234,5030,2312,4197,38064,22281,8209,2576,26156,26,1,2,1
2021-04-20T23:59:59+02:00,0,2,750,915,1489,2226,1763,3474,2486,5117,3918,5035,9425,9543,8011,9691,2635,5033,304,235,447,633,510,1072,659,1644,853,1298,769,657,4230,5026,2312,4197,37229,22250,8198,2570,26083,26,1,2,0
2021-04-19T23:59:59+02:00,0,2,743,905,1480,2219,1746,3457,2454,5091,3854,4978,9056,9125,7986,9666,2632,5027,304,233,446,630,508,1069,655,1642,849,1294,763,651,4221,5024,2312,4195,36205,22211,8186,2559,26027,26,1,2,0
2021-04-18T23:59:59+02:00,0,2,739,903,1475,2213,1728,3450,2435,5079,3846,4976,9048,9114,7986,9665,2632,5027,303,233,446,626,507,1066,653,1639,846,1294,762,649,4221,5022,2312,4195,36145,22203,8166,2545,26004,26,1,2,0
2021-04-17T23:59:59+02:00,0,2,722,897,1387,2203,1628,3438,2398,5049,3766,4898,8336,8391,7970,9652,2632,5027,303,233,444,624,506,1066,652,1639,845,1291,762,649,4220,5022,2312,4195,36137,22192,8166,2545,24090,26,1,2,0
2021-04-16T23:59:59+02:00,0,2,706,879,1258,2181,1476,3416,2312,4984,3605,4733,7002,6841,7935,9603,2621,4996,303,232,439,618,502,1062,642,1637,841,1282,752,643,4211,5007,2309,4193,34767,22118,8156,2541,21624,14,1,2,0
2021-04-15T23:59:59+02:00,0,2,685,868,1248,2168,1456,3398,2255,4946,3534,4680,6564,6340,7894,9542,2599,4925,296,226,425,607,485,1048,608,1610,806,1252,662,582,3720,4498,2287,4158,33452,22061,8099,1199,21550,10,1,2,0
2021-04-14T23:59:59+02:00,0,2,680,864,1227,2155,1425,3379,2210,4911,3402,4586,5225,4937,7844,9476,2578,4888,288,222,422,600,478,1045,602,1602,800,1249,647,565,3709,4489,2283,4153,30227,21974,8088,1171,21471,9,1,2,0
2021-04-13T23:59:59+02:00,0,2,677,864,1218,2150,1410,3377,2202,4900,3382,4571,5206,4918,7838,9473,2577,4886,288,221,420,598,475,1042,600,1598,789,1247,629,560,3707,4486,2283,4153,30147,21954,8067,1133,21434,9,1,2,0
2021-04-12T23:59:59+02:00,0,2,671,856,1205,2141,1394,3366,2168,4886,3351,4547,5183,4903,7825,9462,2574,4853,287,220,418,597,474,1036,598,1594,781,1240,625,558,3702,4485,2283,4153,30019,21929,8022,1113,21343,9,1,2,0
2021-04-11T23:59:59+02:00,0,2,663,852,1189,2129,1376,3351,2101,4862,3233,4464,4763,4462,7158,8636,2567,4848,287,220,417,597,471,1035,592,1591,777,1239,621,555,3698,4480,2283,4153,29989,21921,5409,1086,21255,9,1,2,0
2021-04-10T23:59:59+02:00,0,2,663,850,1188,2128,1374,3348,2099,4859,3230,4457,4719,4415,7154,8630,2567,4847,282,217,415,586,458,1019,565,1574,745,1215,549,485,3129,3864,2234,4061,29867,20303,5406,1086,21254,9,1,2,0
2021-04-09T23:59:59+02:00,0,2,660,849,1180,2125,1370,3344,2069,4837,3152,4378,4523,4250,7119,8581,2563,4831,272,211,405,572,439,1003,540,1556,724,1192,468,423,2480,3045,2186,3967,29185,18389,5402,1085,21243,9,1,2,0
2021-04-08T23:59:59+02:00,0,2,650,839,1166,2114,1354,3314,2008,4784,3006,4267,3469,3099,6877,8219,2552,4816,259,203,388,554,416,990,518,1527,692,1169,449,397,2472,3038,2183,3964,28388,18173,5354,1037,18791,9,1,2,0
2021-04-07T23:59:59+02:00,0,2,643,833,1153,2105,1335,3302,1898,4705,2689,4018,2864,2571,6766,8096,2529,4763,245,196,360,530,378,955,474,1493,656,1142,422,372,2412,2976,2178,3957,26214,17720,5335,1018,18720,8,1,2,0
2021-04-06T23:59:59+02:00,0,2,633,825,1115,2098,1311,3283,1780,4655,2413,3849,2411,2224,6690,8005,2508,4726,221,183,326,504,353,937,437,1470,620,1110,387,330,2357,2902,2172,3948,24617,17248,5319,1001,18589,8,1,2,0
2021-04-05T23:59:59+02:00,0,2,630,823,1104,2094,1305,3280,1771,4645,2398,3833,2122,1878,5576,6690,2506,4726,221,183,325,500,347,931,433,1468,616,1105,383,327,2355,2896,2172,3947,24586,17237,5309,965,15485,7,1,2,0
2021-04-04T23:59:59+02:00,0,2,629,823,1103,2094,1305,3279,1771,4645,2396,3831,2121,1875,5576,6686,2506,4726,221,183,325,500,347,931,432,1468,616,1105,383,327,2354,2896,2172,3947,24577,17235,5309,965,15479,7,1,2,0
2021-04-03T23:59:59+02:00,0,2,629,823,1103,2093,1305,3279,1770,4643,2392,3831,2120,1872,5575,6686,2506,4726,221,183,325,500,347,931,432,1468,615,1105,383,327,2354,2896,2172,3947,24571,17234,5305,965,15476,7,1,2,0
2021-04-02T23:59:59+02:00,0,2,629,822,1103,2093,1301,3278,1768,4638,2391,3828,2112,1863,5563,6671,2503,4713,221,182,325,498,347,931,431,1467,614,1096,381,327,2354,2895,2172,3947,24503,17216,5301,965,15471,7,1,2,0
2021-04-01T23:59:59+02:00,0,2,625,811,1080,2075,1205,3183,1678,4570,2132,3620,1389,1276,5354,6461,2493,4686,217,181,325,497,346,930,430,1465,614,1095,378,325,2354,2895,2172,3943,24397,17204,2806,956,15434,7,1,2,0
2021-03-31T23:59:59+02:00,0,2,623,810,1076,2071,1200,3175,1667,4565,2114,3607,1362,1243,5325,6406,2456,4587,216,181,325,496,345,930,430,1464,613,1094,377,322,2350,2894,2170,3942,24078,17192,2792,950,15417,7,1,1,0
2021-03-30T23:59:59+02:00,0,2,621,801,1070,2067,1194,3170,1657,4551,2106,3593,1316,1198,5241,6277,2412,4441,216,180,325,495,342,926,425,1461,606,1084,362,311,2248,2742,2050,3717,23559,16574,2770,909,15387,7,1,0,0
2021-03-29T23:59:59+02:00,0,2,619,799,1067,2059,1184,3164,1650,4538,2094,3581,1280,1167,5181,6184,2363,4312,215,179,323,493,340,924,423,1457,601,1079,355,306,2025,2477,1824,3342,23127,15449,2746,907,15370,7,1,0,0
2021-03-28T23:59:59+02:00,0,2,619,796,1065,2053,1181,3157,1644,4528,2090,3576,1264,1158,5173,6162,2352,4280,213,179,322,490,333,920,420,1450,598,1067,349,294,2020,2464,1823,3339,23022,15424,2728,853,15349,4,1,0,0
2021-03-27T23:59:59+01:00,0,2,567,735,985,1985,1099,3039,1526,4404,1988,3494,1195,1088,4570,5430,2352,4280,211,178,322,490,333,920,415,1448,597,1064,348,294,2019,2463,1823,3339,23007,15408,2724,853,13007,3,1,0,0
2021-03-26T23:59:59+01:00,0,2,564,730,978,1975,1097,3033,1516,4397,1972,3486,1151,1057,4540,5396,2351,4276,210,175,322,488,330,919,413,1447,593,1057,340,289,1621,1932,1402,2620,22813,13308,2714,847,12993,3,1,0,0
2021-03-25T23:59:59+01:00,0,2,562,724,965,1967,1094,3024,1509,4385,1957,3476,1141,1046,4532,5391,2351,4275,209,172,321,487,328,913,410,1441,589,1048,336,285,1527,1811,1365,2548,22766,12963,2705,824,12929,3,1,0,0
2021-03-24T23:59:59+01:00,0,2,560,719,955,1954,1082,3009,1480,4368,1943,3467,1106,1016,4505,5358,2346,4270,209,172,320,486,325,909,405,1434,580,1032,322,275,1201,1430,1215,2282,22625,11832,2679,762,12835,3,1,0,0
2021-03-23T23:59:59+01:00,0,2,558,714,950,1940,1078,2999,1473,4355,1933,3460,1093,1005,4485,5343,2346,4267,208,172,318,483,318,906,404,1434,574,1028,314,268,967,1165,1101,2106,22550,11022,2670,741,12780,3,1,0,0
2021-03-22T23:59:59+01:00,0,2,557,705,945,1928,1072,2990,1463,4339,1919,3451,1090,1002,4480,5342,2346,4267,206,172,317,481,317,904,401,1431,571,1024,310,264,966,1161,1101,2103,22526,11005,2655,721,12716,3,1,0,0
2021-03-21T23:59:59+01:00,0,2,555,702,942,1919,1070,2986,1458,4326,1908,3444,1087,1001,4480,5341,2346,4267,206,172,317,480,316,900,401,1426,565,1022,300,259,962,1157,1100,2103,22522,11004,2641,679,12670,3,1,0,0
2021-03-20T23:59:59+01:00,0,2,550,694,937,1903,1053,2970,1430,4308,1874,3416,1015,930,3898,4708,2296,4170,206,172,317,480,316,900,401,1426,565,1022,300,259,962,1157,1099,2102,20864,11002,2640,679,12649,3,1,0,0
2021-03-19T23:59:59+01:00,0,2,541,685,920,1877,1026,2951,1394,4283,1848,3386,928,865,3228,3872,2249,4073,204,172,315,480,315,897,399,1424,561,1015,297,258,949,1144,1068,2062,18890,10980,2629,577,12608,3,1,0,0
2021-03-18T23:59:59+01:00,0,2,528,673,903,1851,1003,2924,1355,4243,1803,3334,830,801,2717,3340,2227,4039,199,170,312,476,312,887,395,1418,559,1010,294,253,846,1050,960,1873,18813,10603,1231,408,12528,3,1,0,0
2021-03-17T23:59:59+01:00,0,2,526,663,894,1831,990,2906,1333,4222,1785,3318,801,776,2632,3249,2221,4035,197,169,310,474,309,886,388,1414,556,1006,291,248,606,776,659,1428,18507,9684,1195,33,12481,0,1,0,0
2021-03-16T23:59:59+01:00,0,2,524,654,885,1809,969,2891,1316,4210,1761,3302,772,765,2585,3169,2219,4031,197,169,308,474,307,884,385,1412,553,1001,285,244,361,541,471,1121,18301,8687,1155,27,12408,0,0,0,0
2021-03-15T23:59:59+01:00,0,2,524,643,881,1791,960,2870,1310,4204,1753,3293,766,762,2582,3168,2219,4031,196,169,307,473,306,884,385,1412,550,1001,285,244,361,540,470,1121,18288,8681,1133,24,12338,0,0,0,0
2021-03-14T23:59:59+01:00,0,2,523,637,875,1779,953,2865,1300,4191,1743,3281,761,758,2577,3165,2219,4031,196,169,306,473,305,882,383,1410,550,1001,284,244,361,540,470,1121,18283,8678,1106,18,12271,0,0,0,0
2021-03-13T23:59:59+01:00,0,2,501,586,780,1517,823,2484,1106,3629,1461,2852,680,669,2474,3039,2218,4030,196,169,306,473,305,882,383,1410,550,1001,284,244,361,540,470,1121,18279,8678,1106,18,9466,0,0,0,0
2021-03-12T23:59:59+01:00,0,2,486,501,716,1251,731,2090,935,2939,1215,2261,540,516,2430,2994,2218,4030,196,167,306,473,305,880,382,1410,550,999,284,243,348,519,422,1058,18256,8524,1105,18,6494,0,0,0,0
2021-03-11T23:59:59+01:00,0,2,463,465,683,1180,685,1985,876,2794,1135,2150,485,457,2417,2984,2217,4029,196,167,305,471,304,879,382,1407,549,999,284,242,335,502,376,1015,18070,8398,1057,15,5880,0,0,0,0
2021-03-10T23:59:59+01:00,0,2,449,455,649,1147,645,1951,832,2758,1102,2122,465,441,2403,2965,2216,4026,192,165,301,464,304,878,377,1400,544,992,280,236,215,403,151,753,17794,7646,1037,9,5797,0,0,0,0
2021-03-09T23:59:59+01:00,0,2,433,438,617,1118,626,1933,809,2732,1080,2098,444,421,2310,2823,2093,3797,192,165,299,462,303,877,376,1397,544,989,278,235,215,403,151,752,17036,7638,1021,0,5717,0,0,0,0
2021-03-08T23:59:59+01:00,0,2,420,417,595,1088,608,1911,793,2708,1058,2072,423,393,2081,2549,1864,3420,192,164,299,460,302,873,376,1391,544,987,277,233,215,402,151,752,15794,7618,993,0,5615,0,0,0,0
2021-03-07T23:59:59+01:00,0,2,419,415,588,1071,596,1903,790,2695,1052,2061,422,392,2076,2541,1863,3418,192,164,299,459,302,872,376,1388,544,986,277,233,215,402,151,752,15768,7612,983,0,5553,0,0,0,0
2021-03-06T23:59:59+01:00,0,2,419,412,585,1057,593,1901,783,2688,1048,2054,421,392,2076,2541,1863,3418,192,164,299,459,302,872,376,1388,544,985,276,233,215,402,151,752,15760,7610,983,0,5510,0,0,0,0
2021-03-05T23:59:59+01:00,0,2,413,397,579,1045,587,1891,778,2679,1042,2046,408,384,1655,1979,1432,2666,189,159,295,459,299,871,374,1385,542,981,276,233,215,402,151,752,13539,7583,983,0,5461,0,0,0,0
2021-03-04T23:59:59+01:00,0,2,403,372,553,1006,568,1835,749,2626,1021,1996,404,380,1563,1862,1393,2593,179,151,285,451,298,863,372,1371,540,977,275,233,215,402,151,752,13189,7515,977,0,5160,0,0,0,0
2021-03-03T23:59:59+01:00,0,2,401,365,545,976,551,1803,724,2578,1004,1958,398,374,1241,1483,1240,2321,178,150,284,450,297,862,368,1364,537,970,273,231,214,401,149,747,12040,7475,970,0,4954,0,0,0,0
2021-03-02T23:59:59+01:00,0,2,397,360,537,942,537,1783,715,2554,993,1940,388,364,998,1216,1122,2143,178,148,283,439,293,856,368,1355,537,964,273,231,214,401,149,747,11221,7436,935,0,4835,0,0,0,0
2021-03-01T23:59:59+01:00,0,2,395,352,528,920,519,1752,706,2530,982,1923,384,357,997,1209,1122,2139,178,146,283,430,290,846,365,1340,534,958,271,229,213,400,149,747,11202,7379,900,0,4715,0,0,0,0
2021-02-28T23:59:59+01:00,0,2,392,349,525,912,514,1741,703,2520,977,1908,380,352,997,1207,1122,2139,176,145,283,430,290,845,365,1340,533,958,271,229,213,400,149,747,11202,7374,873,0,4665,0,0,0,0
2021-02-27T23:59:59+01:00,0,2,391,347,520,905,512,1735,700,2511,974,1906,379,351,997,1207,1121,2139,176,145,283,430,290,845,365,1340,532,958,271,229,213,400,149,747,11201,7373,873,0,4623,0,0,0,0
2021-02-26T23:59:59+01:00,0,2,344,300,451,732,436,1426,571,2093,804,1563,351,321,997,1204,1121,2139,176,143,283,427,288,837,363,1332,530,955,271,229,213,400,149,747,11190,7343,862,0,2803,0,0,0,0
2021-02-25T23:59:59+01:00,0,2,324,292,441,710,424,1390,556,2045,786,1531,343,315,913,1115,1049,2015,125,129,263,423,277,825,352,1316,525,948,271,227,213,400,149,747,10790,7190,832,0,2629,0,0,0,0
2021-02-24T23:59:59+01:00,0,2,319,286,436,694,417,1354,540,1997,764,1487,335,302,705,883,865,1710,125,123,262,417,274,816,350,1303,518,941,269,225,211,400,149,745,9851,7128,791,0,2454,0,0,0,0
2021-02-23T23:59:59+01:00,0,2,317,274,428,680,406,1331,532,1961,746,1468,321,292,456,637,674,1409,125,122,261,415,272,811,350,1296,517,933,268,224,210,400,148,744,8853,7096,747,0,2334,0,0,0,0
2021-02-22T23:59:59+01:00,0,2,317,272,427,673,405,1326,528,1951,741,1464,321,289,455,635,674,1408,125,117,256,405,271,794,346,1272,512,925,264,223,210,400,148,744,8849,7012,735,0,2304,0,0,0,0
2021-02-21T23:59:59+01:00,0,2,314,271,425,667,402,1318,526,1943,735,1460,310,284,451,631,672,1408,125,117,255,404,271,792,343,1269,505,922,263,222,209,399,147,735,8844,6978,694,0,2281,0,0,0,0
2021-02-20T23:59:59+01:00,0,2,314,268,425,665,402,1310,525,1934,733,1456,310,284,451,631,672,1408,125,117,255,404,271,792,343,1269,504,922,263,222,209,399,147,735,8844,6977,694,0,2252,0,0,0,0
2021-02-19T23:59:59+01:00,0,1,268,242,393,589,368,1142,467,1720,626,1246,301,268,425,595,593,1301,125,117,255,404,270,792,343,1269,504,922,263,222,209,399,147,735,8627,6976,588,0,1330,0,0,0,0
2021-02-18T23:59:59+01:00,0,1,267,237,386,580,357,1121,454,1702,616,1239,301,266,372,548,491,1173,122,114,251,399,263,786,340,1260,501,921,261,220,209,399,147,735,8448,6928,416,0,1247,0,0,0,0
2021-02-17T23:59:59+01:00,0,1,261,233,374,566,350,1112,431,1686,608,1227,296,259,218,412,156,764,114,101,247,393,258,771,334,1244,495,910,257,217,208,399,147,735,7731,6830,31,0,1192,0,0,0,0
2021-02-16T23:59:59+01:00,0,1,259,231,363,564,340,1103,423,1672,603,1221,293,256,218,411,156,764,83,89,227,367,247,741,316,1204,463,875,236,202,201,381,146,728,7724,6506,27,0,1127,0,0,0,0
2021-02-15T23:59:59+01:00,0,1,257,231,361,560,339,1097,421,1660,599,1215,293,256,218,410,155,764,82,87,223,356,239,729,306,1176,448,852,223,195,190,359,140,672,7716,6277,24,0,1097,0,0,0,0
2021-02-14T23:59:59+01:00,0,1,256,229,355,557,335,1087,417,1654,596,1212,293,256,218,410,155,764,78,85,216,351,236,721,301,1163,444,837,222,193,190,348,140,663,7706,6188,19,0,1070,0,0,0,0
2021-02-13T23:59:59+01:00,0,1,256,229,355,557,335,1087,416,1654,596,1211,292,256,218,410,155,764,78,85,216,351,236,721,301,1163,444,837,222,193,190,348,140,663,7704,6188,19,0,1069,0,0,0,0
2021-02-12T23:59:59+01:00,0,1,198,168,306,479,308,893,383,1416,559,996,284,241,217,410,155,764,75,84,213,350,234,718,294,1159,441,832,220,192,190,347,140,663,7692,6152,19,0,67,0,0,0,0
2021-02-11T23:59:59+01:00,0,0,196,167,300,468,304,879,377,1396,549,988,284,241,217,410,155,764,74,81,202,324,224,674,274,1108,424,784,219,189,190,342,140,660,7651,5909,16,0,28,0,0,0,0
2021-02-10T23:59:59+01:00,0,0,193,160,296,464,301,875,371,1385,545,980,282,239,215,409,155,762,69,75,186,298,213,615,257,1023,399,732,210,175,176,313,128,613,7609,5482,10,0,13,0,0,0,0
2021-02-09T23:59:59+01:00,0,0,188,154,293,455,300,866,371,1375,543,971,279,238,215,409,155,761,60,60,147,234,184,511,219,831,343,597,189,149,156,278,118,547,7565,4623,2,0,6,0,0,0,0
2021-02-08T23:59:59+01:00,0,0,182,148,290,444,295,856,367,1355,536,964,275,234,214,408,153,757,33,47,102,144,135,283,160,454,249,390,160,123,129,223,95,452,7470,3179,2,0,6,0,0,0,0
2021-02-07T23:59:59+01:00,0,0,180,146,287,443,294,854,366,1354,535,963,274,233,214,408,153,757,18,40,83,122,130,262,151,420,233,363,152,119,119,213,90,417,7460,2932,1,0,0,0,0,0,0
2021-02-06T23:59:59+01:00,0,0,180,146,287,443,294,854,366,1354,535,963,274,233,214,408,153,757,18,37,81,119,120,247,140,404,202,342,137,115,118,208,89,407,7460,2784,1,0,0,0,0,0,0
2021-02-05T23:59:59+01:00,0,0,180,144,287,440,293,843,364,1346,531,960,274,232,214,408,153,756,17,32,77,114,113,234,135,377,188,323,132,110,115,203,82,391,7424,2643,1,0,0,0,0,0,0
2021-02-04T23:59:59+01:00,0,0,172,139,286,436,286,834,361,1335,522,951,273,230,213,408,153,754,10,21,51,77,84,178,112,287,156,266,114,96,103,189,74,351,7353,2169,0,0,0,0,0,0,0
2021-02-03T23:59:59+01:00,0,0,154,132,276,430,282,828,359,1324,522,949,273,230,212,408,153,753,10,19,43,67,75,142,88,257,134,218,95,81,88,162,67,311,7285,1857,0,0,0,0,0,0,0
2021-02-02T23:59:59+01:00,0,0,133,126,264,428,279,821,354,1317,521,942,272,230,211,408,152,752,10,16,34,61,63,119,73,212,103,168,63,57,63,104,43,196,7210,1385,0,0,0,0,0,0,0
2021-02-01T23:59:59+01:00,0,0,128,121,259,413,277,804,352,1293,515,929,267,228,211,408,152,752,4,10,20,34,33,66,45,119,59,69,28,28,27,44,25,97,7109,708,0,0,0,0,0,0,0
2021-01-31T23:59:59+01:00,0,0,127,118,257,411,275,800,350,1287,511,927,267,225,210,407,152,752,4,6,15,23,28,47,32,73,39,42,14,8,13,28,20,59,7076,451,0,0,0,0,0,0,0
2021-01-30T23:59:59+01:00,0,0,127,118,257,411,275,799,350,1286,510,927,267,225,210,407,152,752,4,6,13,20,25,40,27,65,36,40,14,8,13,28,20,59,7073,418,0,0,0,0,0,0,0
2021-01-29T23:59:59+01:00,0,0,127,118,257,411,274,799,350,1286,510,927,267,225,210,407,152,752,4,6,7,18,23,31,22,57,32,37,14,8,13,27,19,58,7072,376,0,0,0,0,0,0,0
2021-01-28T23:59:59+01:00,0,0,125,115,253,405,270,793,347,1279,506,926,267,225,210,407,152,752,1,3,2,8,15,13,12,28,12,22,11,4,6,14,6,23,7032,180,0,0,0,0,0,0,0
2021-01-27T23:59:59+01:00,0,0,117,105,251,401,267,785,342,1272,500,919,262,222,209,406,152,752,0,0,1,4,11,11,8,21,10,17,10,4,6,14,6,23,6962,146,0,0,0,0,0,0,0
2021-01-26T23:59:59+01:00,0,0,88,93,233,384,259,760,329,1234,475,888,242,210,202,390,152,744,0,0,1,4,11,11,8,21,10,17,10,4,6,14,6,23,6683,146,0,0,0,0,0,0,0
2021-01-25T23:59:59+01:00,0,0,85,88,231,364,246,741,315,1200,457,863,226,203,193,370,148,689,0,0,1,4,11,9,7,14,7,13,10,4,6,14,6,23,6419,129,0,0,0,0,0,0,0
2021-01-24T23:59:59+01:00,0,0,85,86,227,360,245,736,312,1187,455,848,225,201,193,359,148,679,0,0,1,4,11,9,7,14,7,13,10,4,6,14,6,23,6346,129,0,0,0,0,0,0,0
2021-01-23T23:59:59+01:00,0,0,85,86,227,360,245,736,312,1187,455,848,225,201,193,359,148,679,0,0,1,4,11,9,7,14,7,13,10,4,6,14,6,23,6346,129,0,0,0,0,0,0,0
2021-01-22T23:59:59+01:00,0,0,85,85,225,358,245,733,308,1183,451,845,223,200,193,358,148,679,0,0,1,4,11,9,7,14,7,13,10,4,6,14,6,23,6319,129,0,0,0,0,0,0,0
2021-01-21T23:59:59+01:00,0,0,85,82,211,329,235,689,283,1132,437,812,222,196,192,352,148,676,0,0,1,2,9,8,6,13,6,11,10,4,6,14,6,23,6081,119,0,0,0,0,0,0,0
2021-01-20T23:59:59+01:00,0,0,79,76,197,308,223,625,269,1039,408,753,213,185,177,323,137,629,0,0,1,2,9,8,6,13,6,11,10,4,6,14,6,23,5641,119,0,0,0,0,0,0,0
2021-01-19T23:59:59+01:00,0,0,71,66,157,258,203,562,243,916,367,644,194,159,155,283,124,552,0,0,1,2,3,7,6,12,4,9,7,3,6,14,6,23,4954,103,0,0,0,0,0,0,0
2021-01-18T23:59:59+01:00,0,0,59,58,134,215,181,458,216,759,327,551,178,140,131,233,104,470,0,0,0,1,2,4,3,7,2,7,6,3,6,14,6,22,4214,83,0,0,0,0,0,0,0
2021-01-17T23:59:59+01:00,0,0,36,46,109,184,167,395,199,668,301,493,170,134,118,215,90,416,0,0,0,0,2,4,2,7,2,5,4,3,6,14,5,22,3741,76,0,0,0,0,0,0,0
2021-01-16T23:59:59+01:00,0,0,29,43,109,181,157,378,184,648,270,471,155,129,117,210,89,406,0,0,0,0,0,0,0,0,0,0,0,0,0,0,0,0,3576,0,0,0,0,0,0,0,0
2021-01-15T23:59:59+01:00,0,0,27,39,105,176,146,365,178,618,253,449,150,120,114,204,81,390,0,0,0,0,0,0,0,0,0,0,0,0,0,0,0,0,3415,0,0,0,0,0,0,0,0
2021-01-14T23:59:59+01:00,0,0,9,24,51,77,84,169,114,283,150,261,123,101,100,189,71,350,0,0,0,0,0,0,0,0,0,0,0,0,0,0,0,0,2156,0,0,0,0,0,0,0,0
2021-01-13T23:59:59+01:00,0,0,8,20,41,67,76,134,92,254,125,224,94,79,81,152,56,282,0,0,0,0,0,0,0,0,0,0,0,0,0,0,0,0,1785,0,0,0,0,0,0,0,0
2021-01-12T23:59:59+01:00,0,0,8,15,37,63,63,110,77,206,96,171,61,53,54,91,32,162,0,0,0,0,0,0,0,0,0,0,0,0,0,0,0,0,1299,0,0,0,0,0,0,0,0
2021-01-11T23:59:59+01:00,0,0,1,10,27,46,39,79,56,137,59,84,31,27,22,35,16,70,0,0,0,0,0,0,0,0,0,0,0,0,0,0,0,0,739,0,0,0,0,0,0,0,0
2021-01-10T23:59:59+01:00,0,0,1,5,20,32,34,55,37,90,38,52,14,7,7,18,11,31,0,0,0,0,0,0,0,0,0,0,0,0,0,0,0,0,452,0,0,0,0,0,0,0,0
2021-01-09T23:59:59+01:00,0,0,1,5,18,28,33,51,32,80,36,51,14,7,7,18,11,31,0,0,0,0,0,0,0,0,0,0,0,0,0,0,0,0,423,0,0,0,0,0,0,0,0
2021-01-08T23:59:59+01:00,0,0,1,5,15,26,30,40,26,71,32,47,13,7,6,16,10,30,0,0,0,0,0,0,0,0,0,0,0,0,0,0,0,0,375,0,0,0,0,0,0,0,0
2021-01-07T23:59:59+01:00,0,0,1,3,2,10,15,13,13,29,14,24,11,5,6,15,8,24,0,0,0,0,0,0,0,0,0,0,0,0,0,0,0,0,193,0,0,0,0,0,0,0,0
2021-01-06T23:59:59+01:00,0,0,1,0,2,4,13,11,9,23,12,19,11,5,6,15,8,24,0,0,0,0,0,0,0,0,0,0,0,0,0,0,0,0,163,0,0,0,0,0,0,0,0
2021-01-05T23:59:59+01:00,0,0,0,0,1,4,12,11,8,21,11,19,10,5,6,15,8,24,0,0,0,0,0,0,0,0,0,0,0,0,0,0,0,0,155,0,0,0,0,0,0,0,0
2021-01-04T23:59:59+01:00,0,0,0,0,1,4,12,10,7,17,9,17,10,5,6,15,8,24,0,0,0,0,0,0,0,0,0,0,0,0,0,0,0,0,145,0,0,0,0,0,0,0,0
2021-01-03T23:59:59+01:00,0,0,0,0,1,4,11,9,7,14,7,14,10,5,6,15,8,24,0,0,0,0,0,0,0,0,0,0,0,0,0,0,0,0,135,0,0,0,0,0,0,0,0
2021-01-02T23:59:59+01:00,0,0,0,0,1,4,11,9,7,14,7,14,10,5,6,15,8,24,0,0,0,0,0,0,0,0,0,0,0,0,0,0,0,0,135,0,0,0,0,0,0,0,0
2021-01-01T23:59:59+01:00,0,0,0,0,1,4,11,9,7,14,7,14,10,5,6,15,8,24,0,0,0,0,0,0,0,0,0,0,0,0,0,0,0,0,135,0,0,0,0,0,0,0,0
2020-12-31T23:59:59+01:00,0,0,0,0,1,4,11,9,7,14,7,14,10,5,6,15,8,24,0,0,0,0,0,0,0,0,0,0,0,0,0,0,0,0,135,0,0,0,0,0,0,0,0
2020-12-30T23:59:59+01:00,0,0,0,0,1,4,11,9,7,14,7,14,10,5,6,15,8,24,0,0,0,0,0,0,0,0,0,0,0,0,0,0,0,0,135,0,0,0,0,0,0,0,0
2020-12-29T23:59:59+01:00,0,0,0,0,1,4,8,9,7,14,5,12,10,5,6,15,8,24,0,0,0,0,0,0,0,0,0,0,0,0,0,0,0,0,128,0,0,0,0,0,0,0,0
2020-12-28T23:59:59+01:00,0,0,0,0,1,1,5,7,7,8,3,9,10,5,6,15,8,24,0,0,0,0,0,0,0,0,0,0,0,0,0,0,0,0,109,0,0,0,0,0,0,0,0
2020-12-27T23:59:59+01:00,0,0,0,0,0,0,2,4,2,7,2,6,4,4,6,15,7,23,0,0,0,0,0,0,0,0,0,0,0,0,0,0,0,0,82,0,0,0,0,0,0,0,0
