Datum,<15_m,<15_w,15-24_1_m,15-24_1_w,25-34_1_m,25-34_1_w,35-44_1_m,35-44_1_w,45-54_1_m,45-54_1_w,55-64_1_m,55-64_1_w,65-74_1_m,65-74_1_w,75-84_1_m,75-84_1_w,>84_1_m,>84_1_w,<24_2_m,<24_2_w,25-34_2_m,25-34_2_w,35-44_2_m,35-44_2_w,45-54_2_m,45-54_2_w,55-64_2_m,55-64_2_w,65-74_2_m,65-74_2_w,75-84_2_m,75-84_2_w,>84_2_m,>84_2_w,bp_1,bp_2,mo_1,mo_2,az_1,az_2,ja,unb_1,unb_2
2021-09-20T23:59:59+02:00,1677,1574,9669,9115,10713,9982,13218,13656,17318,17703,20557,20593,16343,17052,9068,11041,2845,5487,8989,8462,10213,9390,12729,13029,16734,17066,20047,20017,16008,16697,8869,10771,2785,5346,148519,142294,20092,19289,27944,27092,11055,8,6
2021-09-19T23:59:59+02:00,1676,1573,9663,9107,10708,9978,13210,13653,17310,17697,20550,20589,16341,17050,9067,11040,2842,5484,8982,8457,10210,9388,12725,13027,16731,17064,20044,20013,16008,16697,8869,10771,2785,5345,148468,142274,20089,19287,27944,27092,11036,8,6
2021-09-18T23:59:59+02:00,1676,1573,9663,9106,10706,9974,13207,13649,17308,17697,20549,20589,16341,17050,9067,11040,2842,5484,8980,8454,10208,9386,12724,13024,16728,17063,20043,20013,16008,16697,8869,10771,2785,5345,148462,142266,20089,19287,27944,27092,11025,8,6
2021-09-17T23:59:59+02:00,1670,1565,9646,9084,10692,9960,13191,13636,17297,17686,20545,20580,16339,17048,9066,11038,2841,5483,8973,8448,10202,9380,12715,13019,16724,17058,20040,20006,16008,16695,8868,10770,2785,5345,148351,142242,20087,19287,27944,27091,10984,8,6
2021-09-16T23:59:59+02:00,1666,1563,9629,9069,10677,9944,13180,13622,17285,17677,20532,20569,16338,17044,9063,11035,2841,5481,8967,8441,10194,9373,12706,13013,16716,17053,20029,20001,16008,16694,8868,10767,2785,5343,148246,142211,20085,19284,27943,27088,10940,8,6
2021-09-15T23:59:59+02:00,1653,1548,9601,9041,10653,9924,13150,13595,17266,17651,20515,20551,16332,17037,9054,11027,2841,5477,8919,8402,10164,9334,12673,12974,16693,17033,20000,19981,16001,16682,8863,10764,2785,5341,148075,141881,20018,19272,27943,27085,10879,8,6
2021-09-14T23:59:59+02:00,1642,1539,9568,9010,10636,9905,13133,13573,17243,17634,20501,20537,16316,17025,9045,11016,2837,5465,8885,8368,10148,9317,12665,12951,16677,17014,19984,19961,15997,16675,8861,10757,2784,5337,147880,141642,19944,19271,27943,27085,10857,8,6
2021-09-13T23:59:59+02:00,1609,1505,9526,8956,10609,9872,13112,13531,17223,17614,20479,20525,16310,17019,9042,11010,2835,5459,8850,8338,10132,9294,12645,12919,16663,16997,19968,19945,15991,16661,8855,10755,2784,5333,147661,141384,19798,19264,27943,27084,10834,7,6
2021-09-12T23:59:59+02:00,1608,1502,9515,8952,10597,9870,13106,13523,17219,17611,20476,20522,16309,17018,9040,11009,2835,5457,8824,8317,10113,9284,12629,12905,16653,16989,19960,19936,15988,16658,8854,10750,2784,5332,147622,141227,19797,19262,27943,27083,10807,7,6
2021-09-11T23:59:59+02:00,1608,1502,9513,8948,10593,9867,13103,13521,17218,17608,20473,20520,16309,17016,9039,11009,2835,5457,8815,8315,10111,9283,12624,12904,16652,16986,19958,19935,15988,16657,8853,10750,2784,5332,147611,141221,19796,19257,27943,27083,10789,7,6
2021-09-10T23:59:59+02:00,1607,1501,9509,8944,10584,9860,13091,13516,17213,17601,20471,20516,16308,17015,9039,11009,2835,5457,8811,8312,10105,9275,12614,12898,16646,16981,19955,19931,15988,16656,8853,10749,2784,5332,147582,141201,19795,19251,27943,27083,10756,7,6
2021-09-09T23:59:59+02:00,1604,1496,9493,8938,10573,9848,13080,13500,17198,17592,20456,20505,16305,17014,9037,11005,2834,5455,8801,8307,10098,9266,12609,12885,16629,16974,19943,19922,15986,16654,8851,10742,2783,5330,147505,141148,19793,19251,27943,27083,10691,7,6
2021-09-08T23:59:59+02:00,1566,1447,9448,8879,10541,9810,13052,13463,17167,17567,20437,20483,16289,17000,9033,10999,2834,5453,8777,8291,10078,9250,12590,12870,16616,16965,19929,19916,15979,16649,8850,10737,2783,5330,147091,141023,19792,19247,27943,27083,10641,7,6
2021-09-07T23:59:59+02:00,1548,1422,9427,8856,10522,9790,13044,13453,17158,17556,20431,20478,16285,16997,9032,10994,2833,5451,8768,8283,10068,9248,12582,12868,16612,16958,19925,19913,15979,16647,8850,10734,2783,5330,146917,140981,19791,19245,27943,27079,10625,7,6
2021-09-06T23:59:59+02:00,1535,1410,9404,8833,10501,9769,13035,13439,17147,17542,20422,20461,16283,16994,9031,10994,2832,5451,8762,8273,10058,9241,12576,12858,16606,16952,19920,19906,15977,16646,8846,10731,2783,5329,146745,140918,19790,19241,27941,27078,10606,7,6
2021-09-05T23:59:59+02:00,1531,1407,9396,8821,10492,9764,13030,13433,17144,17535,20416,20459,16280,16991,9031,10993,2832,5451,8755,8267,10051,9231,12571,12852,16600,16946,19912,19903,15975,16644,8846,10730,2783,5329,146693,140865,19789,19241,27941,27075,10582,7,6
2021-09-04T23:59:59+02:00,1530,1407,9395,8819,10491,9764,13029,13432,17144,17535,20414,20457,16280,16991,9031,10993,2832,5451,8755,8267,10050,9230,12570,12852,16599,16945,19911,19903,15975,16644,8846,10730,2783,5329,146687,140860,19786,19241,27941,27075,10580,7,6
2021-09-03T23:59:59+02:00,1520,1393,9374,8802,10478,9752,13025,13422,17129,17524,20402,20447,16276,16985,9030,10988,2832,5448,8739,8256,10038,9223,12563,12845,16583,16935,19908,19895,15971,16637,8845,10726,2783,5326,146587,140809,19783,19240,27941,27075,10515,7,6
2021-09-02T23:59:59+02:00,1509,1384,9321,8771,10419,9701,12954,13366,17080,17486,20344,20405,16244,16958,9020,10977,2831,5443,8694,8232,9979,9178,12495,12796,16539,16902,19848,19854,15939,16614,8838,10718,2783,5321,146468,140751,19781,19236,27940,27073,10023,7,6
2021-09-01T23:59:59+02:00,1505,1368,9303,8758,10401,9692,12941,13353,17070,17473,20335,20402,16240,16952,9013,10973,2831,5442,8675,8210,9964,9162,12484,12785,16528,16891,19832,19843,15935,16610,8835,10712,2783,5320,146360,140616,19770,19234,27940,27072,9981,7,6
2021-08-31T23:59:59+02:00,1488,1350,9288,8729,10390,9678,12931,13345,17065,17462,20328,20394,16235,16948,9011,10968,2831,5442,8658,8194,9958,9150,12469,12773,16517,16886,19829,19836,15931,16608,8834,10709,2783,5320,146202,140492,19769,19231,27940,27069,9971,7,6
2021-08-30T23:59:59+02:00,1467,1333,9267,8706,10376,9662,12919,13330,17053,17444,20316,20386,16231,16945,9009,10966,2831,5441,8628,8181,9944,9139,12457,12755,16504,16871,19820,19828,15925,16602,8832,10704,2781,5318,146037,140355,19769,19226,27937,27060,9937,7,6
2021-08-29T23:59:59+02:00,1466,1332,9264,8700,10370,9653,12916,13325,17044,17439,20312,20381,16228,16940,9009,10966,2831,5440,8625,8174,9935,9129,12452,12749,16496,16867,19816,19825,15922,16595,8831,10704,2781,5317,146018,140336,19769,19224,27937,27054,9890,7,6
2021-08-28T23:59:59+02:00,1465,1332,9261,8696,10370,9652,12915,13324,17044,17438,20312,20380,16228,16940,9009,10966,2831,5440,8621,8174,9933,9129,12451,12748,16496,16866,19816,19824,15922,16595,8831,10704,2781,5317,146010,140330,19769,19222,27937,27054,9885,7,6
2021-08-27T23:59:59+02:00,1455,1321,9249,8688,10365,9646,12912,13322,17041,17432,20307,20375,16227,16938,9008,10966,2831,5440,8613,8167,9930,9123,12443,12746,16493,16859,19815,19823,15920,16594,8830,10703,2781,5317,145935,140280,19769,19220,27937,27049,9880,7,6
2021-08-26T23:59:59+02:00,1452,1320,9241,8684,10360,9640,12903,13321,17038,17430,20305,20370,16224,16935,9005,10961,2830,5440,8603,8155,9924,9118,12435,12743,16488,16857,19813,19818,15917,16590,8827,10700,2780,5317,145913,140250,19767,19220,27937,27043,9840,7,6
2021-08-25T23:59:59+02:00,1439,1296,9139,8627,10278,9566,12815,13246,16920,17346,20212,20314,16178,16897,8990,10941,2825,5429,8518,8102,9846,9056,12345,12679,16385,16784,19727,19764,15873,16551,8813,10680,2775,5304,145670,140107,19766,19219,27937,27041,9083,7,6
2021-08-24T23:59:59+02:00,1420,1271,9107,8597,10264,9547,12787,13217,16890,17310,20198,20298,16163,16887,8985,10935,2825,5426,8494,8088,9829,9044,12329,12667,16373,16768,19719,19753,15867,16546,8813,10678,2775,5303,145384,139983,19764,19216,27937,27041,9040,7,6
2021-08-23T23:59:59+02:00,1402,1246,9068,8559,10250,9529,12756,13197,16871,17292,20185,20274,16152,16875,8974,10929,2824,5421,8470,8072,9804,9025,12313,12660,16360,16759,19709,19737,15860,16539,8809,10673,2774,5300,145129,139886,19764,19214,27937,27020,8972,7,6
2021-08-22T23:59:59+02:00,1402,1246,9058,8554,10243,9523,12755,13193,16868,17286,20182,20271,16149,16872,8970,10929,2824,5420,8454,8065,9797,9013,12309,12655,16357,16752,19707,19733,15857,16535,8805,10671,2774,5299,145116,139855,19764,19211,27937,27017,8926,7,6
2021-08-21T23:59:59+02:00,1402,1245,9053,8554,10242,9520,12752,13192,16867,17286,20181,20270,16149,16872,8970,10929,2824,5420,8331,7983,9693,8920,12221,12545,16268,16681,19652,19689,15837,16520,8802,10660,2773,5297,145110,139851,19761,18309,27937,27016,8918,7,6
2021-08-20T23:59:59+02:00,1401,1243,9045,8552,10235,9512,12745,13182,16864,17284,20174,20265,16146,16872,8970,10927,2823,5419,7970,7657,9542,8757,12076,12406,16146,16569,19544,19593,15797,16471,8790,10636,2771,5296,145076,137747,19761,18308,27937,27015,8883,7,6
2021-08-19T23:59:59+02:00,1396,1241,9034,8546,10228,9502,12736,13177,16859,17282,20169,20263,16145,16870,8970,10926,2823,5418,7710,7390,9411,8652,11934,12287,16054,16461,19448,19504,15755,16422,8780,10616,2770,5288,145034,136019,19758,18302,27936,27006,8855,7,6
2021-08-18T23:59:59+02:00,1371,1209,8988,8508,10201,9473,12709,13143,16829,17259,20142,20234,16132,16856,8963,10920,2819,5413,7696,7380,9399,8644,11920,12271,16039,16452,19440,19495,15749,16415,8776,10612,2767,5285,144726,135969,19745,18301,27933,27005,8763,7,6
2021-08-17T23:59:59+02:00,1346,1196,8951,8475,10186,9452,12696,13119,16814,17238,20120,20212,16124,16846,8960,10913,2817,5408,7681,7365,9382,8637,11911,12262,16032,16441,19429,19489,15744,16410,8775,10610,2766,5283,144486,135902,19742,18296,27932,26999,8711,7,6
2021-08-16T23:59:59+02:00,1323,1178,8914,8449,10166,9432,12672,13095,16804,17219,20100,20197,16119,16834,8956,10912,2817,5408,7674,7354,9366,8635,11901,12256,16030,16436,19420,19482,15741,16407,8775,10610,2766,5283,144250,135866,19740,18292,27932,26997,8671,7,6
2021-08-15T23:59:59+02:00,1305,1161,8893,8430,10154,9416,12656,13083,16791,17209,20086,20185,16113,16828,8956,10907,2817,5408,7662,7344,9351,8620,11888,12246,16023,16428,19414,19478,15734,16403,8774,10607,2766,5283,144100,135815,19739,18288,27930,26978,8627,7,6
2021-08-14T23:59:59+02:00,1304,1161,8893,8430,10153,9416,12655,13080,16791,17208,20085,20183,16113,16828,8956,10907,2817,5408,7345,7051,9206,8454,11713,12083,15904,16298,19320,19392,15708,16379,8765,10594,2766,5279,144093,133827,19739,18286,27930,26970,8624,7,6
2021-08-13T23:59:59+02:00,1299,1159,8880,8420,10142,9408,12643,13071,16776,17199,20077,20175,16109,16822,8954,10906,2816,5408,6958,6693,9033,8295,11506,11869,15687,16117,19179,19270,15674,16340,8754,10580,2764,5275,144063,131355,19739,18286,27930,26967,8530,7,6
2021-08-12T23:59:59+02:00,1299,1159,8879,8416,10135,9402,12639,13070,16770,17190,20073,20169,16108,16818,8952,10904,2816,5408,6952,6686,9020,8287,11495,11867,15676,16110,19175,19263,15672,16334,8752,10579,2764,5275,144046,131322,19738,18283,27930,26949,8491,7,6
2021-08-11T23:59:59+02:00,1296,1155,8876,8410,10125,9397,12631,13066,16765,17186,20068,20167,16106,16815,8951,10904,2816,5407,6946,6676,9005,8277,11484,11863,15670,16103,19167,19257,15668,16331,8751,10579,2764,5273,144001,131262,19735,18276,27930,26936,8473,7,6
2021-08-10T23:59:59+02:00,1295,1155,8872,8408,10120,9392,12629,13062,16764,17184,20067,20162,16105,16813,8951,10903,2816,5407,6901,6631,8974,8262,11465,11842,15645,16091,19160,19247,15666,16329,8751,10577,2764,5273,143975,131020,19735,18272,27930,26930,8463,7,6
2021-08-09T23:59:59+02:00,1295,1153,8865,8407,10115,9385,12628,13060,16757,17182,20061,20162,16103,16813,8950,10903,2816,5407,6882,6609,8953,8246,11453,11832,15629,16080,19154,19243,15663,16328,8749,10576,2764,5273,143949,130893,19735,18268,27928,26920,8448,7,6
2021-08-08T23:59:59+02:00,1295,1152,8862,8401,10113,9381,12619,13057,16752,17178,20059,20159,16101,16810,8949,10902,2815,5406,6879,6597,8936,8238,11437,11825,15622,16071,19152,19240,15660,16325,8748,10575,2763,5272,143938,130845,19734,18261,27928,26917,8409,7,6
2021-08-07T23:59:59+02:00,1295,1144,8853,8393,10102,9374,12617,13050,16745,17174,20053,20154,16097,16805,8947,10902,2814,5406,6226,6027,8664,8014,11167,11593,15423,15897,19068,19164,15640,16301,8741,10568,2760,5271,143890,127757,19733,18249,27928,26916,8372,7,6
2021-08-06T23:59:59+02:00,1289,1143,8843,8381,10087,9362,12597,13032,16727,17162,20036,20141,16090,16797,8947,10899,2814,5405,6212,6012,8648,7999,11143,11573,15401,15881,19051,19152,15633,16294,8741,10565,2760,5270,143852,127706,19731,18243,27928,26914,8239,7,6
2021-08-05T23:59:59+02:00,1286,1141,8836,8374,10078,9353,12582,13024,16721,17159,20029,20137,16089,16797,8947,10898,2814,5405,5926,5775,8299,7703,10781,11299,15080,15643,18802,18985,15613,16271,8731,10558,2759,5269,143803,127622,19727,15539,27924,26881,8214,7,6
2021-08-04T23:59:59+02:00,1285,1138,8830,8371,10073,9350,12575,13020,16716,17157,20027,20134,16088,16797,8946,10897,2814,5404,5912,5768,8271,7692,10762,11288,15064,15636,18797,18980,15610,16268,8730,10558,2758,5269,143772,127524,19726,15531,27923,26866,8199,7,6
2021-08-03T23:59:59+02:00,1278,1135,8826,8361,10068,9345,12570,13017,16711,17155,20022,20132,16086,16797,8945,10895,2814,5403,5799,5654,8178,7623,10645,11210,15015,15584,18768,18965,15606,16266,8729,10556,2756,5267,143727,126796,19724,15523,27923,26837,8184,7,6
2021-08-02T23:59:59+02:00,1272,1129,8812,8353,10060,9338,12565,13011,16706,17146,20015,20128,16084,16794,8943,10892,2813,5402,5628,5495,8046,7518,10521,11095,14944,15504,18736,18940,15598,16257,8722,10556,2755,5267,143646,125730,19718,15520,27922,26806,8175,7,6
2021-08-01T23:59:59+02:00,1270,1128,8805,8344,10053,9331,12559,13009,16701,17144,20010,20126,16083,16794,8942,10890,2813,5402,5567,5438,7995,7469,10459,11044,14909,15479,18723,18923,15596,16254,8720,10553,2755,5265,143600,125294,19715,15517,27921,26785,8166,7,6
2021-07-31T23:59:59+02:00,1270,1128,8804,8341,10053,9330,12557,13009,16700,17144,20009,20124,16083,16794,8942,10889,2813,5402,5542,5418,7979,7457,10443,11031,14896,15473,18720,18920,15595,16253,8720,10553,2755,5265,143597,125168,19714,15514,27921,26784,8158,7,6
2021-07-30T23:59:59+02:00,1139,1008,8573,8112,9960,9212,12475,12925,16621,17070,19950,20056,16051,16755,8936,10872,2812,5399,5251,5141,7841,7314,10255,10840,14759,15307,18653,18864,15570,16225,8704,10539,2750,5261,142139,123337,19712,15505,27921,26766,8152,7,6
2021-07-29T23:59:59+02:00,1132,1000,8443,8023,9800,9115,12322,12822,16475,16975,19786,19946,15965,16687,8911,10853,2811,5392,4954,4907,7561,7121,9975,10637,14511,15131,18456,18746,15485,16151,8677,10518,2749,5251,142020,122227,19709,15463,27921,26740,6806,7,6
2021-07-28T23:59:59+02:00,1121,986,8412,7986,9786,9100,12301,12808,16458,16953,19766,19936,15958,16674,8904,10849,2811,5390,4533,4476,7242,6867,9658,10338,14276,14949,18399,18705,15470,16140,8671,10507,2749,5241,141778,119574,19707,15409,27919,26678,6793,7,6
2021-07-27T23:59:59+02:00,1111,978,8389,7971,9774,9093,12290,12799,16449,16948,19759,19923,15956,16668,8902,10846,2810,5388,4298,4228,7012,6668,9411,10059,14114,14788,18348,18639,15421,16094,8654,10491,2746,5234,141641,117549,19704,15408,27919,26655,6788,7,6
2021-07-26T23:59:59+02:00,1107,975,8375,7959,9767,9088,12284,12794,16442,16940,19752,19922,15953,16663,8900,10842,2809,5383,4190,4116,6910,6558,9286,9934,14032,14707,18303,18605,15410,16083,8644,10483,2743,5232,141563,116644,19700,15399,27908,26597,6782,7,6
2021-07-25T23:59:59+02:00,1106,974,8368,7955,9754,9084,12274,12791,16437,16935,19749,19921,15951,16663,8899,10842,2809,5383,4141,4063,6834,6507,9215,9880,13996,14674,18279,18591,15392,16070,8637,10477,2743,5230,141538,116201,19697,15383,27907,26576,6751,7,6
2021-07-24T23:59:59+02:00,1104,970,8279,7893,9680,9005,12207,12714,16370,16881,19709,19882,15929,16649,8896,10832,2809,5382,4098,4023,6776,6457,9137,9826,13932,14608,18247,18565,15379,16060,8629,10473,2743,5230,141519,115951,19034,15102,27907,26574,6729,7,6
2021-07-23T23:59:59+02:00,1077,945,8166,7803,9642,8970,12173,12685,16325,16846,19679,19863,15923,16643,8891,10828,2809,5382,3804,3736,6514,6246,8856,9539,13696,14432,18167,18508,15337,16016,8611,10454,2740,5224,141020,113691,19034,15078,27907,26568,6687,7,6
2021-07-22T23:59:59+02:00,986,859,7950,7574,9537,8880,12055,12589,16234,16759,19606,19776,15877,16603,8883,10813,2808,5376,3677,3609,6358,6154,8704,9409,13534,14290,18094,18441,15315,15991,8603,10445,2740,5223,139556,112541,19033,15006,27900,26475,6674,7,6
2021-07-21T23:59:59+02:00,966,845,7919,7534,9521,8869,12032,12566,16210,16743,19582,19755,15866,16596,8883,10808,2808,5376,3369,3339,6013,5897,8309,9025,13267,14055,17952,18315,15223,15909,8571,10415,2737,5211,139300,109729,19031,14934,27895,26376,6651,7,6
2021-07-20T23:59:59+02:00,965,844,7911,7529,9512,8866,12027,12564,16202,16742,19577,19750,15865,16595,8883,10807,2808,5376,3296,3286,5954,5843,8249,8964,13182,14010,17920,18301,15223,15909,8571,10413,2737,5211,139260,109339,19030,14919,27892,26244,6639,7,6
2021-07-19T23:59:59+02:00,964,844,7905,7529,9508,8859,12022,12562,16197,16736,19575,19750,15864,16592,8883,10805,2808,5375,3246,3251,5907,5804,8191,8920,13125,13983,17874,18289,15223,15907,8571,10411,2737,5210,139229,109071,19029,14903,27892,26118,6626,7,6
2021-07-18T23:59:59+02:00,963,843,7895,7520,9501,8853,12014,12558,16191,16731,19573,19749,15863,16590,8883,10805,2808,5375,3227,3234,5867,5773,8157,8892,13086,13967,17861,18286,15223,15906,8571,10411,2737,5209,139184,108884,19027,14870,27890,26109,6612,7,6
2021-07-17T23:59:59+02:00,847,724,7571,7228,9349,8684,11837,12396,16062,16592,19477,19654,15842,16569,8875,10792,2808,5372,3126,3126,5755,5680,8023,8737,12946,13841,17766,18209,15213,15888,8568,10404,2737,5209,137169,107707,19025,14866,27890,26105,6596,4,6
2021-07-16T23:59:59+02:00,690,572,7175,6903,9159,8527,11644,12186,15858,16416,19335,19526,15813,16532,8866,10778,2807,5370,3064,3065,5679,5616,7911,8633,12829,13707,17688,18135,15191,15872,8564,10402,2736,5209,134684,106817,19025,14861,27889,26099,6560,4,6
2021-07-15T23:59:59+02:00,688,572,7162,6895,9155,8526,11633,12182,15848,16409,19331,19520,15811,16530,8862,10776,2806,5361,3026,3030,5612,5575,7821,8581,12754,13667,17658,18113,15168,15857,8556,10395,2735,5200,134646,106586,19023,14706,27884,25977,6514,4,6
2021-07-14T23:59:59+02:00,686,571,7153,6887,9151,8524,11628,12178,15842,16406,19326,19515,15809,16527,8859,10773,2805,5357,3003,3018,5571,5544,7786,8559,12721,13651,17641,18102,15161,15854,8553,10391,2735,5196,134614,106434,19022,14673,27884,25937,6477,4,6
2021-07-13T23:59:59+02:00,681,568,7129,6870,9139,8508,11619,12164,15831,16385,19317,19508,15800,16523,8855,10763,2800,5349,2945,2967,5507,5476,7624,8424,12466,13433,17484,17972,15142,15843,8541,10378,2730,5185,134487,105209,19022,14620,27881,25901,6419,4,6
2021-07-12T23:59:59+02:00,675,560,7115,6854,9129,8497,11608,12155,15826,16372,19305,19504,15798,16519,8853,10763,2800,5346,2887,2913,5425,5401,7477,8309,12218,13220,17305,17826,15132,15838,8537,10371,2729,5185,134371,103971,19020,14569,27877,25851,6411,4,6
2021-07-11T23:59:59+02:00,674,559,7107,6851,9120,8488,11602,12147,15816,16369,19300,19499,15798,16516,8852,10761,2800,5346,2856,2878,5349,5325,7380,8221,12053,13064,17178,17694,15125,15827,8536,10368,2729,5185,134329,103084,19016,14519,27877,25810,6383,4,6
2021-07-10T23:59:59+02:00,501,402,6538,6302,8893,8304,11361,11953,15659,16237,19245,19450,15790,16506,8848,10756,2799,5345,2825,2844,5298,5282,7299,8140,11951,12964,17100,17627,15109,15811,8533,10357,2726,5183,131630,102386,19016,14517,27877,25802,6366,4,6
2021-07-09T23:59:59+02:00,490,395,6479,6274,8867,8267,11321,11924,15633,16224,19232,19434,15789,16503,8848,10753,2799,5345,2768,2777,5215,5214,7121,7964,11541,12665,16803,17421,15089,15784,8526,10352,2725,5180,131539,101363,18805,13657,27876,25788,6357,4,6
2021-07-08T23:59:59+02:00,485,393,6159,6009,8493,7976,10940,11614,15295,15978,18973,19261,15766,16479,8839,10746,2796,5344,2706,2727,5134,5139,6980,7873,11341,12523,16653,17298,15082,15776,8526,10350,2725,5179,131452,100502,15895,13490,27872,25712,6327,4,6
2021-07-07T23:59:59+02:00,483,389,6144,5996,8470,7960,10925,11597,15284,15968,18972,19256,15764,16475,8838,10744,2796,5342,2658,2672,5045,5081,6844,7780,11107,12343,16489,17165,15074,15769,8521,10345,2725,5179,131340,99481,15886,13368,27870,25664,6303,4,6
2021-07-06T23:59:59+02:00,456,368,6041,5903,8389,7893,10849,11528,15249,15928,18949,19239,15757,16465,8835,10742,2793,5340,2589,2602,4907,4967,6657,7647,10717,11931,16119,16790,15049,15736,8513,10338,2724,5175,130717,97328,15878,13285,27865,25604,6260,4,6
2021-07-05T23:59:59+02:00,415,334,5862,5731,8272,7797,10736,11413,15190,15861,18917,19208,15751,16457,8831,10737,2790,5339,2535,2527,4809,4870,6526,7510,10367,11615,15844,16485,15018,15706,8505,10323,2724,5170,129667,95539,15874,13221,27862,25550,6234,4,6
2021-07-04T23:59:59+02:00,395,304,5788,5652,8215,7742,10669,11357,15159,15830,18903,19189,15745,16454,8830,10735,2790,5337,2516,2497,4748,4824,6467,7459,10230,11506,15743,16413,15013,15699,8503,10322,2723,5170,129163,94975,15868,13152,27857,25513,6202,4,6
2021-07-03T23:59:59+02:00,390,302,5770,5644,8206,7733,10658,11354,15152,15824,18900,19187,15744,16454,8830,10735,2790,5337,2481,2466,4653,4795,6359,7434,10172,11461,15639,16327,14336,14990,8484,10297,2723,5170,129097,94861,15866,13150,27856,23597,6187,4,6
2021-07-02T23:59:59+02:00,346,263,5582,5493,8132,7658,10559,11257,15087,15768,18881,19181,15740,16450,8825,10733,2788,5334,2433,2418,4498,4716,6176,7360,10018,11305,15449,16124,13542,14071,8476,10282,2723,5169,128178,94298,15864,13106,27855,21188,6176,4,6
2021-07-01T23:59:59+02:00,284,209,5365,5312,8003,7547,10421,11132,14958,15673,18835,19156,15732,16443,8820,10727,2788,5333,2315,2297,4322,4543,5940,7110,9238,10621,14819,15654,13517,14041,8471,10277,2719,5167,126888,90805,15854,13011,27854,21103,6138,4,6
2021-06-30T23:59:59+02:00,154,120,4883,4836,7661,7272,10071,10793,14730,15495,18777,19112,15721,16432,8816,10719,2788,5330,2278,2251,4237,4474,5829,7014,9067,10499,14730,15577,13502,14033,8468,10274,2719,5165,123898,90210,15848,12837,27854,20970,6106,4,6
2021-06-29T23:59:59+02:00,118,99,4599,4554,7411,7054,9781,10494,14530,15305,18712,19051,15669,16382,8797,10704,2787,5325,2211,2169,4094,4337,5623,6835,8841,10272,14435,15355,13454,13984,8456,10250,2717,5152,121830,88766,15843,12683,27852,20897,5843,4,6
2021-06-28T23:59:59+02:00,102,78,4462,4409,7306,6943,9658,10365,14439,15198,18667,19008,15653,16366,8783,10693,2784,5323,2126,2042,3911,4131,5341,6493,8457,9761,13903,14819,13336,13894,8438,10226,2714,5140,120807,85559,15834,12601,27849,20832,5743,4,4
2021-06-27T23:59:59+02:00,97,76,4410,4360,7247,6887,9596,10311,14407,15165,18647,18991,15636,16354,8776,10686,2783,5318,2072,2007,3847,4085,5229,6380,8289,9633,13728,14707,13310,13874,8429,10217,2711,5138,120441,84769,15831,12566,27847,20699,5624,4,4
2021-06-26T23:59:59+02:00,84,74,4367,4332,7216,6860,9578,10290,14388,15150,18635,18978,15632,16348,8776,10686,2783,5318,1995,1915,3658,3925,5014,6123,7923,9178,13378,14410,13230,13816,8409,10189,2706,5129,120203,82127,15827,12566,27847,20693,5614,4,4
2021-06-25T23:59:59+02:00,70,61,4054,4005,6948,6621,9287,9995,14165,14962,18551,18922,15586,16302,8757,10667,2781,5311,1930,1831,3494,3806,4822,5892,7598,8764,13069,14075,13180,13760,8396,10164,2700,5123,117792,79780,15799,12535,27847,20688,5603,4,4
2021-06-24T23:59:59+02:00,63,54,3960,3913,6849,6535,9188,9903,14066,14877,18523,18889,15571,16286,8751,10660,2781,5310,1861,1755,3381,3710,4624,5750,7378,8568,12818,13875,12345,12830,8216,9900,2700,5122,117060,78566,15789,12430,27844,18357,5482,4,4
2021-06-23T23:59:59+02:00,49,49,3553,3535,6396,6186,8657,9393,13729,14575,18387,18753,15467,16194,8708,10623,2778,5296,1723,1580,3126,3507,4210,5422,6433,7858,12081,13174,12322,12818,8206,9893,2700,5118,114118,77936,15540,9106,27843,18308,4823,4,4
2021-06-22T23:59:59+02:00,40,41,3481,3463,6320,6127,8554,9316,13677,14528,18353,18736,15456,16187,8707,10618,2778,5293,1683,1526,3023,3405,4068,5272,6181,7675,11473,12466,12232,12726,8189,9860,2696,5110,113491,75609,15536,9025,27841,18150,4803,4,4
2021-06-21T23:59:59+02:00,34,38,3410,3402,6226,6073,8494,9244,13617,14483,18320,18716,15454,16185,8701,10614,2778,5292,1646,1475,2932,3308,3944,5122,5985,7449,10717,11542,11846,12270,7114,8636,2690,5103,112973,72952,15529,8924,27830,15159,4745,4,4
2021-06-20T23:59:59+02:00,34,37,3384,3380,6179,6041,8449,9214,13589,14468,18309,18712,15453,16185,8701,10614,2778,5292,1627,1458,2896,3282,3893,5085,5932,7426,10631,11468,11826,12251,7112,8629,2689,5103,112798,72639,15513,8848,27830,15147,4674,4,4
2021-06-19T23:59:59+02:00,32,35,3357,3356,6150,6020,8420,9195,13565,14462,18303,18707,15453,16184,8701,10614,2778,5292,1623,1446,2891,3273,3885,5080,5918,7421,10620,11461,11826,12251,7112,8628,2689,5103,112609,72560,15507,8848,27830,15145,4674,4,4
2021-06-18T23:59:59+02:00,28,30,3316,3314,6074,5981,8352,9141,13520,14431,18280,18696,15452,16182,8700,10613,2778,5292,1548,1351,2755,3098,3702,4803,5520,7046,9129,9890,11659,12082,7071,8578,2677,5085,112228,67375,15480,8847,27830,15134,4638,4,4
2021-06-17T23:59:59+02:00,26,27,3252,3262,6008,5943,8279,9088,13448,14386,18257,18685,15450,16177,8698,10610,2778,5289,1416,1255,2566,2883,3440,4514,5159,6651,8457,9158,11376,11841,7030,8521,2673,5082,111858,63661,15451,8731,27827,15107,4523,4,4
2021-06-16T23:59:59+02:00,26,24,3199,3201,5896,5877,8161,8994,13321,14300,18190,18650,15444,16168,8698,10607,2778,5289,1319,1199,2425,2775,3256,4357,4874,6380,7378,7866,11285,11734,6999,8484,2660,5064,111221,59897,15377,8685,27824,15076,4397,4,4
2021-06-15T23:59:59+02:00,21,23,3102,3116,5779,5788,7971,8817,13060,14081,18039,18523,15429,16156,8690,10601,2778,5287,1281,1166,2353,2719,3149,4283,4670,6255,7066,7615,10790,11175,6966,8449,2652,5051,109799,57651,15349,8653,27815,15043,4294,4,3
2021-06-14T23:59:59+02:00,20,21,3029,3045,5701,5731,7830,8698,12771,13844,17854,18349,15413,16142,8683,10596,2777,5286,1254,1138,2287,2663,3024,4185,4472,6115,6727,7314,10262,10564,6935,8412,2648,5042,108418,55284,15341,8548,27811,14996,4216,4,2
2021-06-13T23:59:59+02:00,20,21,3011,3014,5635,5693,7767,8632,12631,13708,17749,18227,15407,16133,8682,10593,2776,5286,1244,1125,2256,2649,2987,4174,4428,6095,6695,7298,10258,10557,6935,8411,2648,5042,107681,55143,15330,8542,27807,14956,4163,4,2
2021-06-12T23:59:59+02:00,18,21,2982,2996,5607,5668,7736,8614,12611,13690,17740,18224,15406,16132,8682,10593,2776,5286,1187,1063,2166,2574,2891,4039,4286,5964,6585,7213,10176,10479,6337,7683,2648,5042,107482,55028,15328,8542,27807,12604,4161,4,2
2021-06-11T23:59:59+02:00,18,18,2905,2920,5538,5603,7553,8428,12201,13382,17458,18020,15390,16107,8676,10585,2774,5284,1164,1046,2111,2534,2826,3991,4201,5902,6475,7123,10074,10366,6323,7677,2646,5036,106464,54505,14436,8274,27806,12568,4150,4,2
2021-06-10T23:59:59+02:00,14,16,2849,2879,5439,5552,7420,8345,12015,13244,17321,17903,15385,16103,8676,10584,2773,5283,1125,1021,2036,2468,2724,3914,4031,5772,6233,6911,9823,10098,6303,7649,2640,5030,105546,52944,14362,8270,27801,12478,4088,4,2
2021-06-09T23:59:59+02:00,13,14,2773,2810,5315,5458,7197,8173,11738,13002,17134,17753,15374,16089,8672,10575,2773,5280,1068,959,1904,2350,2520,3733,3703,5487,5612,6404,9002,9197,6246,7573,2625,4995,104340,48946,14210,8252,27792,12385,3797,4,2
2021-06-08T23:59:59+02:00,10,10,2675,2706,5182,5331,7001,7990,11305,12575,16757,17365,15355,16062,8661,10569,2772,5275,1031,930,1837,2286,2414,3660,3560,5421,5463,6275,8969,9178,6244,7563,2623,4991,102137,48439,14183,8203,27790,12318,3487,4,2
2021-06-07T23:59:59+02:00,8,9,2547,2608,4991,5202,6792,7827,10828,12215,16414,17068,15329,16034,8655,10552,2771,5271,960,893,1710,2232,2275,3578,3307,5332,5108,5991,8420,8554,6190,7504,2619,4982,100201,46227,14140,8189,27781,12246,2995,4,2
2021-06-06T23:59:59+02:00,8,7,2511,2584,4930,5143,6705,7771,10691,12105,16322,17004,15326,16030,8655,10552,2769,5270,944,883,1681,2213,2233,3551,3241,5308,5060,5967,8415,8553,6185,7497,2619,4981,99614,46073,14088,8180,27775,12178,2902,4,2
2021-06-05T23:59:59+02:00,7,6,2498,2562,4901,5116,6667,7744,10660,12078,16313,16998,15326,16030,8655,10552,2769,5270,928,868,1649,2186,2194,3499,3139,5226,4705,5639,7817,7850,6157,7444,2618,4979,99389,43691,14088,8175,27773,12136,2898,4,2
2021-06-04T23:59:59+02:00,6,5,2468,2534,4856,5071,6619,7693,10571,11975,16261,16934,15322,16023,8655,10551,2768,5269,916,850,1626,2167,2152,3462,3087,5167,4542,5451,7515,7482,6121,7402,2616,4973,98860,42407,14083,8173,27773,12090,2861,4,2
2021-06-03T23:59:59+02:00,6,5,2363,2403,4703,4900,6412,7443,9869,11340,15671,16485,15311,16013,8652,10545,2767,5268,899,819,1585,2107,2103,3382,2997,5058,4397,5285,7356,7293,6109,7375,2616,4969,95516,41357,14044,8163,27767,12007,2825,4,2
2021-06-02T23:59:59+02:00,6,5,2346,2378,4658,4867,6356,7404,9769,11251,15613,16432,15303,16009,8651,10541,2767,5267,886,806,1567,2084,2051,3346,2912,4972,4035,4896,6799,6655,6065,7319,2612,4958,94989,39020,14042,8159,27767,11964,2821,4,2
2021-06-01T23:59:59+02:00,6,4,2284,2337,4538,4777,6192,7291,9580,11104,15506,16356,15300,16005,8647,10537,2766,5262,854,780,1502,2034,1937,3284,2756,4881,3832,4769,6588,6424,6043,7301,2606,4951,94123,37937,13993,8137,27755,11851,2617,4,2
2021-05-31T23:59:59+02:00,2,4,2234,2278,4438,4684,6050,7165,9395,10959,15420,16302,15292,15998,8644,10537,2766,5262,831,744,1444,1975,1868,3236,2581,4828,3702,4715,6230,6009,6020,7280,2603,4943,93404,36758,13907,8131,27744,11749,2371,4,2
2021-05-30T23:59:59+02:00,2,4,2209,2256,4381,4623,5961,7105,9320,10897,15383,16283,15291,15996,8644,10537,2766,5262,819,733,1422,1954,1818,3212,2448,4793,3596,4697,6228,6007,6020,7280,2603,4943,92959,36443,13867,8109,27734,11665,2356,4,2
2021-05-29T23:59:59+02:00,2,4,2192,2241,4363,4612,5944,7089,9307,10884,15378,16280,15290,15996,8644,10537,2766,5262,800,680,1328,1694,1685,2851,2247,4242,3318,4267,6138,5913,5908,7147,2602,4943,92833,36392,13864,8104,27734,8911,2356,4,2
2021-05-28T23:59:59+02:00,2,4,2171,2218,4325,4567,5900,7044,9231,10814,15311,16228,15286,15994,8644,10537,2766,5261,781,590,1250,1443,1586,2449,2067,3550,3054,3668,5499,5172,5826,7056,2598,4930,92361,35092,13851,8104,27732,5968,2355,4,2
2021-05-27T23:59:59+02:00,2,4,2128,2180,4240,4500,5776,6970,9076,10714,15214,16144,15285,15993,8644,10537,2766,5261,752,555,1217,1361,1544,2311,1999,3407,2940,3548,5061,4686,5793,7017,2587,4901,91680,33965,13702,8095,27709,5280,2339,4,2
2021-05-26T23:59:59+02:00,2,4,2059,2062,4043,4355,5433,6707,8107,9972,14455,15439,15273,15987,8640,10531,2764,5259,741,539,1191,1302,1499,2256,1941,3294,2788,3404,3755,3306,5734,6944,2564,4844,90905,30693,10176,8080,27694,5016,2313,4,2
2021-05-25T23:59:59+02:00,2,4,2018,2023,3960,4288,5337,6641,7972,9865,14080,15004,15225,15950,8633,10516,2762,5255,732,529,1161,1267,1477,2233,1921,3267,2763,3378,3749,3296,5727,6941,2562,4843,89563,30606,10028,8071,27677,4906,2263,4,2
2021-05-24T23:59:59+02:00,2,4,1992,1977,3871,4214,5232,6559,7847,9741,13569,14389,15174,15882,8626,10502,2761,5250,726,521,1141,1255,1447,2219,1900,3249,2738,3356,3733,3278,5705,6917,2555,4827,87771,30479,9949,8020,27665,4866,2203,4,1
2021-05-23T23:59:59+02:00,2,4,1983,1964,3852,4191,5214,6546,7795,9710,13494,14326,15163,15878,8624,10501,2760,5250,719,509,1131,1242,1422,2195,1841,3214,2630,3258,3322,2845,5063,6106,2541,4782,87536,30307,9849,5466,27665,4845,2203,4,1
2021-05-22T23:59:59+02:00,2,4,1817,1922,3550,4141,4811,6502,7537,9654,13369,14247,15157,15877,8624,10500,2760,5250,558,478,838,1200,1044,2159,1600,3161,2516,3183,3318,2843,5063,6105,2541,4782,87386,30295,9849,5465,27663,4808,822,4,1
2021-05-21T23:59:59+02:00,2,3,1731,1813,3396,3949,4622,6207,7140,9287,12078,12906,15006,15728,8587,10453,2751,5239,554,466,828,1198,1042,2152,1565,3131,2439,3106,3144,2706,5037,6062,2538,4767,82608,29660,9809,5465,27657,4790,820,4,1
2021-05-20T23:59:59+02:00,2,3,1693,1777,3304,3898,4515,6126,6963,9207,11867,12678,14985,15710,8584,10446,2750,5238,534,453,787,1152,986,2088,1446,3060,2312,3009,2955,2536,4996,5986,2530,4752,81774,28915,9706,5449,27600,4555,663,3,1
2021-05-19T23:59:59+02:00,2,3,1670,1751,3247,3842,4420,6060,6847,9144,11634,12418,14974,15700,8582,10445,2750,5237,525,441,771,1115,968,2019,1335,2911,1985,2715,2392,2038,4891,5869,2509,4705,80960,26843,9566,5433,27572,4288,625,3,1
2021-05-18T23:59:59+02:00,2,3,1608,1717,3158,3752,4308,5957,6687,8985,11345,12164,14929,15652,8570,10422,2748,5227,522,429,756,1100,950,2002,1251,2845,1705,2493,1951,1692,4819,5786,2488,4662,79864,25302,9363,5423,27503,4225,501,3,1
2021-05-17T23:59:59+02:00,2,3,1559,1636,3028,3594,4102,5677,6339,8527,10797,11613,14821,15561,8551,10397,2743,5217,520,421,750,1093,932,1997,1227,2821,1677,2454,1934,1673,4812,5779,2485,4659,76970,25237,9328,5409,27478,4200,388,3,1
2021-05-16T23:59:59+02:00,2,3,1540,1614,2975,3554,4007,5590,6190,8391,10621,11480,14795,15539,8544,10389,2742,5215,513,415,727,1077,902,1981,1199,2793,1644,2430,1927,1664,4809,5775,2482,4657,76226,25207,9271,5391,27448,4154,243,3,1
2021-05-15T23:59:59+02:00,2,3,1453,1517,2764,3387,3778,5312,5829,7919,10269,11183,14710,15477,8525,10360,2736,5206,513,413,723,1075,902,1977,1194,2792,1638,2426,1915,1652,4803,5769,2482,4655,73473,25147,9271,5391,27441,4149,242,3,1
2021-05-14T23:59:59+02:00,2,3,1419,1454,2651,3291,3626,5155,5632,7630,10049,10931,14675,15439,8512,10337,2733,5202,464,372,651,909,830,1690,1064,2382,1457,2097,1881,1612,4800,5761,2481,4650,71833,25083,9251,5389,27416,2391,238,3,1
2021-05-13T23:59:59+02:00,2,3,1361,1387,2548,3207,3458,5019,5412,7424,9821,10751,14649,15410,8503,10334,2731,5199,457,359,624,881,728,1582,963,2297,1190,1885,1163,1031,4580,5527,2473,4618,70670,24963,8938,2845,27385,2327,223,3,1
2021-05-12T23:59:59+02:00,2,3,1354,1378,2532,3202,3440,5007,5391,7411,9807,10739,14647,15406,8501,10332,2730,5199,457,358,623,880,724,1579,958,2296,1186,1879,1144,1022,4567,5491,2441,4549,70559,24763,8914,2845,27383,2324,222,3,1
2021-05-11T23:59:59+02:00,2,2,1312,1336,2458,3119,3327,4880,5197,7266,9519,10431,14600,15349,8489,10312,2726,5190,451,345,605,866,702,1562,929,2272,1160,1852,1089,986,4504,5394,2399,4425,69223,24273,8791,2826,27298,2242,200,3,1
2021-05-10T23:59:59+02:00,2,2,1288,1309,2394,3042,3200,4755,5067,7109,9195,10049,14554,15310,8480,10293,2721,5188,450,343,592,856,688,1547,918,2256,1142,1838,1054,952,4443,5318,2360,4310,67867,23864,8671,2823,27227,2190,190,3,1
2021-05-09T23:59:59+02:00,2,2,1273,1292,2351,3029,3122,4719,5005,7075,9130,10005,14541,15295,8478,10288,2721,5186,442,341,578,851,665,1527,896,2235,1130,1824,1035,936,4431,5280,2345,4268,67630,23704,8597,2821,27181,2156,103,3,1
2021-05-08T23:59:59+02:00,1,2,1271,1288,2336,3017,3105,4708,4965,7061,9106,9997,14540,15295,8478,10287,2721,5186,442,341,578,851,664,1527,896,2234,1129,1823,1035,936,4430,5280,2345,4268,67488,23703,8591,2818,27179,2155,103,3,1
2021-05-07T23:59:59+02:00,1,2,1252,1267,2297,2976,3053,4659,4865,6969,8882,9750,14525,15273,8472,10281,2718,5182,392,313,546,782,627,1365,826,2027,1041,1635,1005,907,4410,5257,2343,4263,66581,23599,8585,2815,27152,1222,103,3,1
2021-05-06T23:59:59+02:00,1,2,1102,1174,2069,2732,2754,4350,4495,6569,8295,9145,14247,15034,8432,10224,2715,5181,391,309,534,763,610,1333,807,1992,1007,1607,978,876,4400,5243,2341,4259,62949,23470,8457,2765,27016,1119,96,3,1
2021-05-05T23:59:59+02:00,1,1,1037,1123,1959,2619,2595,4179,4200,6290,7278,7961,14162,14936,8397,10183,2702,5161,388,306,527,752,595,1324,773,1978,984,1587,903,813,4359,5171,2333,4243,59426,23147,8412,2746,26893,1093,50,3,1
2021-05-04T23:59:59+02:00,1,1,1015,1103,1908,2580,2493,4112,3979,6176,6997,7745,13655,14368,8367,10149,2697,5152,385,305,522,748,584,1319,756,1959,968,1580,884,789,4339,5155,2330,4234,57366,23013,8354,2731,26733,1071,42,3,1
2021-05-03T23:59:59+02:00,1,1,983,1065,1847,2526,2390,4001,3780,6059,6640,7444,13117,13743,8330,10111,2690,5137,379,304,520,744,574,1313,747,1948,954,1567,859,765,4322,5137,2324,4221,54940,22903,8328,2722,26593,1052,1,3,1
2021-05-02T23:59:59+02:00,1,1,978,1064,1828,2520,2365,3994,3738,6049,6606,7436,13116,13743,8330,10110,2690,5137,379,304,517,744,573,1311,742,1948,953,1564,857,761,4321,5133,2324,4221,54808,22886,8324,2720,26570,1045,1,3,1
2021-05-01T23:59:59+02:00,1,1,978,1062,1820,2518,2354,3989,3726,6041,6594,7427,13115,13741,8330,10110,2690,5137,379,304,517,744,573,1311,741,1947,951,1564,857,761,4321,5133,2324,4221,54739,22886,8323,2716,26568,1045,1,3,1
2021-04-30T23:59:59+02:00,0,1,962,1057,1799,2504,2333,3954,3689,6008,6516,7373,13019,13637,8329,10106,2687,5125,327,249,475,668,544,1131,711,1723,917,1358,845,743,4317,5131,2324,4221,54244,22872,8322,2712,26529,99,1,3,1
2021-04-29T23:59:59+02:00,0,1,907,1032,1742,2453,2269,3895,3542,5885,6279,7150,12760,13364,8307,10077,2683,5118,320,247,465,661,541,1124,704,1713,907,1348,837,728,4308,5123,2324,4219,52649,22785,8307,2706,26504,77,1,3,1
2021-04-28T23:59:59+02:00,0,1,846,998,1662,2391,2125,3785,3257,5632,5674,6646,11923,12447,8249,9988,2660,5081,319,244,463,654,533,1110,693,1693,896,1341,824,712,4289,5096,2322,4219,48598,22664,8300,2687,26463,56,1,3,1
2021-04-27T23:59:59+02:00,0,1,836,993,1644,2371,2080,3767,3186,5607,5548,6524,11894,12430,8247,9986,2660,5079,318,242,457,652,525,1104,684,1681,887,1335,812,701,4285,5090,2321,4213,48119,22586,8297,2672,26433,48,1,3,1
2021-04-26T23:59:59+02:00,0,1,826,980,1618,2353,2020,3726,3009,5529,5215,6239,11329,11785,8191,9921,2656,5070,316,241,456,651,519,1098,673,1675,878,1325,803,692,4280,5085,2321,4209,45788,22534,8288,2644,26389,43,1,2,1
2021-04-25T23:59:59+02:00,0,1,816,978,1604,2347,1982,3708,2883,5506,5123,6234,11325,11781,8188,9915,2655,5069,315,241,456,651,519,1091,673,1673,875,1323,803,691,4280,5085,2321,4209,45462,22529,8282,2640,26368,36,1,2,1
2021-04-24T23:59:59+02:00,0,1,802,968,1582,2327,1942,3663,2786,5438,4778,5914,10708,11055,8158,9857,2654,5067,315,241,456,651,519,1090,672,1672,874,1323,798,687,4270,5069,2319,4208,43054,22492,8281,2636,26362,35,1,2,1
2021-04-23T23:59:59+02:00,0,1,797,960,1569,2317,1913,3637,2745,5387,4617,5728,10399,10674,8118,9815,2651,5058,315,240,456,651,519,1089,671,1672,872,1323,798,686,4267,5066,2319,4208,41754,22481,8281,2635,26348,35,1,2,1
2021-04-22T23:59:59+02:00,0,1,781,945,1541,2274,1862,3569,2660,5297,4464,5574,10255,10480,8104,9784,2649,5050,315,239,454,640,517,1083,665,1664,866,1314,792,681,4264,5064,2319,4206,40754,22445,8255,2610,26278,27,1,2,1
2021-04-21T23:59:59+02:00,0,1,770,932,1517,2262,1809,3524,2556,5209,4079,5154,9658,9796,8055,9722,2645,5039,313,239,452,638,517,1082,661,1661,861,1309,780,669,4254,5050,2319,4202,38236,22395,8238,2586,26251,25,1,2,1
2021-04-20T23:59:59+02:00,0,1,763,921,1495,2235,1778,3495,2504,5151,3942,5058,9462,9577,8038,9712,2641,5036,313,237,452,637,516,1080,660,1656,858,1304,774,665,4250,5045,2319,4202,37401,22363,8227,2580,26178,25,1,2,0
2021-04-19T23:59:59+02:00,0,1,756,911,1486,2228,1761,3478,2472,5125,3878,4999,9091,9159,8013,9687,2638,5030,313,235,451,634,514,1077,656,1654,854,1300,768,659,4241,5043,2319,4200,36373,22324,8215,2569,26122,25,1,2,0
2021-04-18T23:59:59+02:00,0,1,752,909,1481,2222,1743,3471,2453,5113,3870,4997,9082,9148,8013,9686,2638,5030,312,235,451,630,513,1074,654,1651,851,1300,767,657,4241,5041,2319,4200,36313,22316,8195,2555,26098,25,1,2,0
2021-04-17T23:59:59+02:00,0,1,735,903,1393,2212,1643,3459,2416,5083,3790,4919,8369,8423,7997,9673,2638,5030,312,235,449,628,512,1074,653,1651,850,1297,767,657,4240,5041,2319,4200,36305,22305,8195,2555,24181,25,1,2,0
2021-04-16T23:59:59+02:00,0,1,719,885,1264,2189,1491,3437,2330,5018,3629,4754,7031,6869,7962,9624,2627,4999,312,234,444,622,508,1070,643,1649,846,1288,757,651,4232,5026,2316,4198,34932,22231,8185,2551,21709,14,1,2,0
2021-04-15T23:59:59+02:00,0,1,698,874,1254,2176,1470,3419,2272,4980,3558,4701,6592,6366,7922,9563,2605,4928,305,228,430,611,491,1056,609,1622,810,1258,667,590,3738,4515,2294,4163,33614,22174,8128,1203,21634,10,1,2,0
2021-04-14T23:59:59+02:00,0,1,693,870,1233,2163,1439,3400,2227,4945,3425,4607,5253,4962,7872,9497,2584,4891,297,223,427,604,484,1053,603,1614,804,1255,652,573,3727,4506,2290,4158,30387,22086,8117,1175,21555,9,1,2,0
2021-04-13T23:59:59+02:00,0,1,690,870,1224,2158,1424,3398,2219,4934,3405,4592,5234,4944,7866,9494,2583,4889,297,222,425,602,481,1050,601,1610,793,1253,634,568,3725,4503,2290,4158,30307,22066,8096,1137,21519,9,1,2,0
2021-04-12T23:59:59+02:00,0,1,684,862,1211,2149,1408,3387,2185,4920,3374,4568,5211,4929,7853,9483,2580,4856,296,221,423,601,480,1044,599,1606,785,1246,629,566,3720,4502,2290,4158,30179,22040,8051,1117,21428,9,1,2,0
2021-04-11T23:59:59+02:00,0,1,676,858,1195,2137,1390,3372,2118,4896,3256,4485,4791,4488,7186,8657,2573,4851,296,221,422,601,477,1043,593,1603,781,1245,625,563,3716,4497,2290,4158,30149,22032,5438,1090,21340,9,1,2,0
2021-04-10T23:59:59+02:00,0,1,676,856,1194,2136,1388,3368,2116,4893,3253,4478,4747,4441,7182,8651,2573,4850,290,218,420,590,464,1027,566,1586,749,1220,553,493,3147,3880,2241,4066,30026,20411,5435,1090,21339,9,1,2,0
2021-04-09T23:59:59+02:00,0,1,672,855,1186,2133,1384,3363,2085,4871,3175,4398,4549,4275,7147,8602,2569,4834,280,211,410,576,445,1011,541,1568,728,1197,472,431,2498,3060,2193,3972,29338,18495,5431,1089,21327,9,1,2,0
2021-04-08T23:59:59+02:00,0,1,662,845,1172,2122,1368,3333,2023,4818,3025,4287,3492,3121,6905,8239,2558,4819,267,203,393,558,422,997,519,1539,695,1174,452,404,2488,3051,2190,3969,28538,18271,5382,1041,18867,9,1,2,0
2021-04-07T23:59:59+02:00,0,1,655,839,1159,2113,1349,3321,1913,4738,2707,4035,2887,2589,6794,8116,2535,4766,253,196,365,534,384,962,475,1505,659,1147,425,379,2428,2989,2185,3962,26355,17818,5363,1022,18796,8,1,2,0
2021-04-06T23:59:59+02:00,0,1,645,831,1121,2106,1325,3303,1794,4687,2428,3866,2434,2240,6718,8025,2514,4729,229,183,331,508,359,943,438,1482,623,1115,390,337,2372,2914,2179,3953,24753,17343,5347,1005,18664,8,1,2,0
2021-04-05T23:59:59+02:00,0,1,642,829,1110,2102,1319,3300,1785,4677,2413,3850,2144,1893,5595,6708,2512,4729,229,183,330,504,353,937,434,1480,619,1110,387,333,2370,2908,2179,3952,24721,17332,5337,968,15548,8,1,2,0
2021-04-04T23:59:59+02:00,0,1,641,829,1110,2102,1319,3299,1785,4677,2411,3848,2143,1890,5595,6705,2512,4729,229,183,329,504,353,937,433,1480,619,1110,387,333,2369,2908,2179,3952,24714,17329,5337,968,15542,8,1,2,0
2021-04-03T23:59:59+02:00,0,1,641,829,1110,2101,1319,3299,1784,4675,2407,3848,2142,1887,5594,6705,2512,4729,229,183,329,504,353,937,433,1480,618,1110,387,333,2369,2908,2179,3952,24708,17328,5333,968,15539,8,1,2,0
2021-04-02T23:59:59+02:00,0,1,641,828,1110,2101,1315,3298,1781,4670,2406,3845,2134,1878,5582,6690,2509,4716,229,182,329,502,353,937,432,1479,617,1101,385,333,2369,2907,2179,3952,24639,17310,5329,968,15534,8,1,2,0
2021-04-01T23:59:59+02:00,0,1,637,817,1087,2083,1217,3202,1689,4601,2145,3637,1406,1290,5373,6480,2499,4689,225,181,329,501,352,936,431,1477,617,1100,382,331,2369,2907,2179,3948,24533,17298,2820,959,15497,8,1,2,0
2021-03-31T23:59:59+02:00,0,1,635,816,1083,2079,1212,3194,1677,4595,2127,3624,1379,1257,5344,6425,2462,4590,224,181,329,500,351,936,431,1476,616,1099,381,328,2365,2906,2177,3947,24212,17286,2806,953,15480,8,1,1,0
2021-03-30T23:59:59+02:00,0,1,633,807,1077,2075,1206,3189,1667,4581,2119,3610,1332,1212,5259,6296,2418,4444,224,180,329,499,348,932,426,1473,609,1089,366,317,2263,2754,2057,3722,23691,16668,2784,912,15450,8,1,0,0
2021-03-29T23:59:59+02:00,0,1,631,805,1074,2067,1196,3183,1660,4568,2107,3598,1296,1181,5199,6203,2368,4315,223,179,327,497,346,930,424,1468,604,1084,359,312,2040,2488,1830,3347,23258,15541,2760,909,15433,8,1,0,0
2021-03-28T23:59:59+02:00,0,1,631,802,1072,2061,1193,3176,1654,4558,2103,3593,1279,1172,5191,6181,2357,4283,221,179,326,494,337,926,421,1461,601,1072,353,300,2035,2474,1829,3344,23152,15513,2742,855,15412,5,1,0,0
2021-03-27T23:59:59+01:00,0,1,578,741,992,1993,1111,3058,1536,4434,2001,3511,1210,1102,4587,5446,2357,4283,219,178,326,494,337,926,416,1459,600,1069,352,300,2034,2473,1829,3344,23136,15497,2738,855,13066,4,1,0,0
2021-03-26T23:59:59+01:00,0,1,575,736,985,1983,1109,3052,1526,4427,1984,3503,1166,1071,4557,5412,2356,4279,218,175,326,492,334,925,414,1458,596,1062,344,295,1629,1941,1407,2622,22941,13385,2728,849,13052,4,1,0,0
2021-03-25T23:59:59+01:00,0,1,573,730,972,1975,1106,3043,1519,4415,1969,3493,1156,1060,4549,5407,2356,4278,217,172,325,491,332,919,411,1452,592,1053,340,291,1533,1820,1370,2550,22894,13038,2719,826,12988,4,1,0,0
2021-03-24T23:59:59+01:00,0,1,571,724,962,1962,1093,3028,1490,4397,1955,3484,1121,1029,4522,5374,2351,4273,216,172,324,490,329,915,406,1444,583,1036,326,281,1206,1439,1220,2284,22751,11903,2693,764,12892,4,1,0,0
2021-03-23T23:59:59+01:00,0,1,569,719,957,1948,1089,3018,1483,4383,1945,3477,1108,1018,4503,5359,2351,4270,214,172,322,487,321,912,405,1444,577,1032,318,274,971,1174,1105,2108,22677,11089,2684,743,12836,4,1,0,0
2021-03-22T23:59:59+01:00,0,1,568,710,952,1936,1083,3008,1473,4367,1931,3468,1105,1014,4498,5358,2351,4270,212,172,321,485,320,910,402,1441,574,1028,314,270,970,1170,1105,2105,22653,11072,2668,723,12771,4,1,0,0
2021-03-21T23:59:59+01:00,0,1,566,707,949,1927,1081,3004,1467,4354,1919,3461,1102,1013,4498,5357,2351,4270,211,172,321,484,318,906,402,1436,568,1026,304,265,966,1166,1104,2105,22649,11069,2654,681,12723,4,1,0,0
2021-03-20T23:59:59+01:00,0,1,561,699,944,1911,1064,2988,1439,4336,1885,3432,1029,942,3913,4723,2301,4173,211,172,321,484,318,906,402,1436,568,1026,304,265,966,1166,1103,2104,20985,11067,2653,681,12702,4,1,0,0
2021-03-19T23:59:59+01:00,0,1,552,690,927,1885,1037,2968,1403,4311,1859,3402,941,876,3242,3885,2254,4076,208,172,319,484,317,903,400,1434,564,1019,301,264,953,1153,1072,2064,19005,11044,2642,579,12661,4,1,0,0
2021-03-18T23:59:59+01:00,0,1,539,677,910,1859,1014,2942,1364,4271,1814,3350,843,812,2729,3351,2232,4042,203,170,316,480,314,892,396,1428,562,1014,297,258,850,1059,963,1875,18927,10664,1240,410,12582,3,1,0,0
2021-03-17T23:59:59+01:00,0,1,536,667,901,1839,1001,2923,1342,4249,1795,3333,814,785,2643,3260,2226,4038,201,169,314,478,311,891,389,1424,559,1010,294,253,608,785,662,1430,18617,9745,1202,33,12533,0,1,0,0
2021-03-16T23:59:59+01:00,0,1,534,658,892,1817,979,2908,1324,4237,1770,3317,785,774,2594,3179,2224,4034,201,169,312,478,309,887,386,1422,556,1005,288,249,362,548,473,1123,18406,8742,1162,27,12459,0,0,0,0
2021-03-15T23:59:59+01:00,0,1,534,647,888,1799,970,2886,1318,4231,1762,3308,779,771,2591,3178,2224,4034,200,169,311,477,308,887,386,1422,553,1005,288,249,362,547,472,1123,18393,8736,1140,24,12388,0,0,0,0
2021-03-14T23:59:59+01:00,0,1,533,641,882,1787,963,2881,1307,4218,1752,3296,774,767,2586,3175,2224,4034,200,169,310,477,307,885,384,1420,553,1005,287,249,362,547,472,1123,18388,8733,1112,18,12321,0,0,0,0
2021-03-13T23:59:59+01:00,0,1,511,589,786,1525,833,2500,1113,3651,1470,2866,693,678,2483,3048,2223,4033,200,169,310,477,307,885,384,1420,553,1005,287,249,362,547,472,1123,18384,8733,1112,18,9507,0,0,0,0
2021-03-12T23:59:59+01:00,0,1,496,504,722,1258,741,2104,941,2956,1223,2272,552,525,2439,3003,2223,4033,200,167,310,477,307,883,383,1420,553,1003,287,248,349,526,424,1060,18361,8579,1111,18,6521,0,0,0,0
2021-03-11T23:59:59+01:00,0,1,473,468,689,1187,695,1998,882,2811,1142,2161,494,465,2425,2991,2222,4032,200,167,309,475,306,882,383,1417,552,1003,287,247,336,509,378,1017,18167,8453,1063,15,5906,0,0,0,0
2021-03-10T23:59:59+01:00,0,1,459,458,655,1154,655,1964,837,2775,1109,2133,475,449,2411,2972,2221,4029,196,165,305,468,306,881,378,1410,547,996,283,241,216,410,153,755,17892,7701,1043,9,5822,0,0,0,0
2021-03-09T23:59:59+01:00,0,1,443,441,622,1125,636,1945,814,2749,1087,2109,453,428,2318,2830,2098,3800,196,165,303,466,305,880,377,1407,547,993,281,240,216,410,153,754,17130,7693,1027,0,5742,0,0,0,0
2021-03-08T23:59:59+01:00,0,1,430,420,599,1095,618,1923,798,2724,1065,2083,431,399,2089,2555,1869,3423,196,164,303,464,304,875,377,1401,547,991,280,238,216,409,153,754,15886,7672,998,0,5638,0,0,0,0
2021-03-07T23:59:59+01:00,0,1,429,418,592,1078,604,1915,795,2711,1058,2072,430,398,2084,2547,1868,3421,196,164,303,463,304,874,377,1398,547,990,280,238,216,409,153,754,15858,7666,988,0,5575,0,0,0,0
2021-03-06T23:59:59+01:00,0,1,429,415,589,1064,601,1913,788,2704,1054,2065,429,398,2084,2547,1868,3421,196,164,303,463,304,874,377,1398,547,989,279,238,216,409,153,754,15850,7664,988,0,5532,0,0,0,0
2021-03-05T23:59:59+01:00,0,1,423,400,583,1052,595,1903,783,2695,1048,2057,416,390,1663,1985,1435,2669,193,159,299,463,301,873,375,1395,545,985,279,238,216,409,153,754,13627,7637,988,0,5483,0,0,0,0
2021-03-04T23:59:59+01:00,0,1,413,375,557,1013,576,1847,754,2642,1027,2007,412,386,1571,1867,1396,2596,181,151,288,453,300,865,373,1380,543,981,278,238,216,409,153,754,13276,7563,982,0,5182,0,0,0,0
2021-03-03T23:59:59+01:00,0,1,411,368,549,983,559,1815,729,2594,1010,1969,406,380,1249,1488,1243,2324,180,150,287,452,299,864,369,1373,540,974,276,236,215,408,151,749,12127,7523,975,0,4976,0,0,0,0
2021-03-02T23:59:59+01:00,0,1,407,363,541,949,545,1795,720,2570,999,1951,396,370,1004,1220,1125,2146,180,148,286,441,295,858,369,1364,540,968,276,236,215,408,151,749,11305,7484,940,0,4857,0,0,0,0
2021-03-01T23:59:59+01:00,0,1,405,355,532,926,527,1764,711,2546,988,1934,392,363,1003,1213,1125,2142,180,146,286,432,292,848,366,1349,537,962,274,234,214,407,151,749,11285,7427,905,0,4737,0,0,0,0
2021-02-28T23:59:59+01:00,0,1,400,352,529,917,520,1753,707,2535,983,1919,388,358,1003,1211,1125,2142,178,145,286,431,292,847,366,1349,536,962,274,234,214,407,151,749,11280,7421,878,0,4685,0,0,0,0
2021-02-27T23:59:59+01:00,0,1,399,350,524,910,518,1747,704,2526,980,1917,386,357,1003,1211,1124,2142,178,145,286,431,292,847,366,1349,535,962,274,234,214,407,151,749,11279,7420,878,0,4642,0,0,0,0
2021-02-26T23:59:59+01:00,0,1,351,303,455,737,442,1437,575,2107,808,1573,358,327,1003,1208,1124,2142,178,143,286,428,290,839,364,1341,533,959,274,234,214,407,151,749,11268,7390,867,0,2816,0,0,0,0
2021-02-25T23:59:59+01:00,0,1,331,295,445,715,430,1400,560,2059,790,1541,349,320,919,1119,1051,2018,126,129,266,423,279,827,353,1325,528,952,274,232,214,407,151,749,10865,7235,836,0,2642,0,0,0,0
2021-02-24T23:59:59+01:00,0,1,325,289,440,699,423,1364,544,2011,768,1497,341,307,710,887,867,1713,126,123,264,417,276,818,351,1312,521,945,272,230,212,407,151,747,9925,7172,794,0,2467,0,0,0,0
2021-02-23T23:59:59+01:00,0,1,323,277,432,685,412,1339,536,1975,750,1478,327,297,461,641,676,1412,126,122,263,415,274,813,351,1305,520,937,271,229,211,407,150,746,8925,7140,750,0,2347,0,0,0,0
2021-02-22T23:59:59+01:00,0,1,323,275,431,678,411,1334,532,1965,745,1474,327,294,460,639,676,1411,126,117,258,405,273,796,347,1280,515,929,267,228,211,407,150,746,8921,7055,738,0,2317,0,0,0,0
2021-02-21T23:59:59+01:00,0,1,320,274,429,672,408,1326,530,1957,739,1470,316,289,456,635,674,1411,126,117,257,404,273,794,344,1277,508,926,266,227,210,406,149,737,8916,7021,697,0,2294,0,0,0,0
2021-02-20T23:59:59+01:00,0,1,320,271,429,670,408,1318,529,1948,737,1466,316,289,456,635,674,1411,126,117,257,404,273,794,344,1277,507,926,266,227,210,406,149,737,8916,7020,697,0,2265,0,0,0,0
2021-02-19T23:59:59+01:00,0,0,273,245,397,593,374,1148,471,1733,630,1256,307,273,429,598,595,1304,126,117,257,404,272,794,344,1277,507,926,266,227,210,406,149,737,8698,7019,590,0,1338,0,0,0,0
2021-02-18T23:59:59+01:00,0,0,272,240,390,584,363,1125,458,1715,620,1249,307,271,376,551,493,1176,123,114,253,399,265,788,341,1268,504,925,264,225,210,406,149,737,8518,6971,418,0,1254,0,0,0,0
2021-02-17T23:59:59+01:00,0,0,266,236,378,570,356,1116,435,1698,612,1237,302,264,220,414,157,766,115,101,249,393,260,773,335,1252,498,914,260,222,209,406,149,737,7797,6873,31,0,1199,0,0,0,0
2021-02-16T23:59:59+01:00,0,0,264,234,367,568,346,1107,427,1684,607,1231,299,261,220,413,157,766,84,89,229,367,249,743,317,1212,466,879,238,207,202,388,148,730,7790,6548,27,0,1134,0,0,0,0
2021-02-15T23:59:59+01:00,0,0,262,234,365,564,345,1101,425,1672,604,1225,299,261,220,412,156,766,83,87,225,356,241,731,307,1184,450,856,225,200,190,366,142,674,7783,6317,24,0,1104,0,0,0,0
2021-02-14T23:59:59+01:00,0,0,261,232,359,561,341,1091,421,1666,601,1222,299,261,220,412,156,766,79,85,218,351,238,723,302,1171,446,841,224,198,190,355,142,665,7773,6228,19,0,1077,0,0,0,0
2021-02-13T23:59:59+01:00,0,0,261,232,359,561,341,1091,420,1666,601,1221,298,261,220,412,156,766,79,85,218,351,238,723,302,1171,446,841,224,198,190,355,142,665,7771,6228,19,0,1076,0,0,0,0
2021-02-12T23:59:59+01:00,0,0,203,171,310,483,314,895,386,1425,564,1006,289,246,219,412,156,766,76,84,215,350,236,720,295,1167,443,836,220,195,190,353,142,665,7759,6187,19,0,67,0,0,0,0
2021-02-11T23:59:59+01:00,0,0,201,170,304,472,310,881,380,1405,554,998,289,246,219,412,156,766,75,81,204,324,226,676,275,1115,426,788,219,192,190,348,142,662,7719,5943,16,0,28,0,0,0,0
2021-02-10T23:59:59+01:00,0,0,198,163,300,468,307,877,374,1394,550,990,287,244,217,411,156,764,70,75,188,298,215,617,258,1030,401,736,210,178,176,319,130,615,7677,5516,10,0,13,0,0,0,0
2021-02-09T23:59:59+01:00,0,0,193,156,297,459,306,868,374,1384,548,981,284,243,217,411,156,763,61,60,149,234,186,512,220,838,345,601,189,152,156,284,120,549,7632,4656,2,0,6,0,0,0,0
2021-02-08T23:59:59+01:00,0,0,186,149,293,446,301,858,370,1364,541,974,280,239,216,410,154,759,34,47,104,144,137,284,161,459,250,394,160,126,129,228,97,453,7532,3207,2,0,6,0,0,0,0
2021-02-07T23:59:59+01:00,0,0,184,147,290,445,300,856,369,1363,540,973,279,238,216,410,154,759,19,40,84,122,131,263,152,425,234,366,152,122,119,218,92,418,7522,2957,1,0,0,0,0,0,0
2021-02-06T23:59:59+01:00,0,0,184,147,290,445,300,856,369,1363,540,973,279,238,216,410,154,759,19,37,82,119,121,247,141,408,203,345,137,118,118,213,91,408,7522,2807,1,0,0,0,0,0,0
2021-02-05T23:59:59+01:00,0,0,184,145,290,442,299,845,367,1355,536,970,279,237,216,410,154,758,18,32,78,114,114,234,136,380,189,326,132,113,115,208,84,392,7486,2665,1,0,0,0,0,0,0
2021-02-04T23:59:59+01:00,0,0,176,140,289,438,292,836,364,1344,527,960,278,235,215,410,154,756,11,21,52,77,85,178,113,290,157,268,114,98,103,194,76,352,7414,2189,0,0,0,0,0,0,0
2021-02-03T23:59:59+01:00,0,0,158,133,279,432,288,830,362,1333,527,958,278,235,214,410,154,755,11,19,44,67,76,143,89,259,136,226,95,83,88,166,69,312,7346,1883,0,0,0,0,0,0,0
2021-02-02T23:59:59+01:00,0,0,137,127,267,430,285,823,357,1326,526,951,277,235,213,410,153,754,11,16,35,61,64,119,74,214,105,176,63,59,63,106,45,197,7271,1408,0,0,0,0,0,0,0
2021-02-01T23:59:59+01:00,0,0,132,122,262,415,283,807,355,1302,520,939,272,233,213,410,153,754,4,10,20,33,33,66,45,120,60,76,28,30,27,44,25,97,7172,718,0,0,0,0,0,0,0
2021-01-31T23:59:59+01:00,0,0,131,119,260,412,281,803,352,1296,516,937,272,230,212,409,153,754,4,6,15,23,28,47,32,74,40,43,14,8,13,28,20,59,7137,454,0,0,0,0,0,0,0
2021-01-30T23:59:59+01:00,0,0,131,119,260,412,281,802,352,1295,515,937,272,230,212,409,153,754,4,6,13,20,25,40,27,66,37,41,14,8,13,28,20,59,7134,421,0,0,0,0,0,0,0
2021-01-29T23:59:59+01:00,0,0,131,119,260,412,280,802,352,1295,515,937,272,230,212,409,153,754,4,6,7,18,23,31,22,58,33,38,14,8,13,27,19,58,7133,379,0,0,0,0,0,0,0
2021-01-28T23:59:59+01:00,0,0,129,116,256,406,276,796,349,1288,511,936,272,230,212,409,153,754,1,3,2,8,15,13,12,28,13,23,11,4,6,14,6,23,7093,182,0,0,0,0,0,0,0
2021-01-27T23:59:59+01:00,0,0,121,106,253,401,273,788,344,1281,505,928,267,227,211,408,153,754,0,0,1,4,11,11,8,21,11,17,10,4,6,14,6,23,7020,147,0,0,0,0,0,0,0
2021-01-26T23:59:59+01:00,0,0,92,94,235,384,265,763,331,1243,479,896,247,215,204,392,153,746,0,0,1,4,11,11,8,21,11,17,10,4,6,14,6,23,6739,147,0,0,0,0,0,0,0
2021-01-25T23:59:59+01:00,0,0,89,89,233,364,252,744,317,1209,461,871,230,208,195,372,149,691,0,0,1,4,11,9,7,14,8,13,10,4,6,14,6,23,6474,130,0,0,0,0,0,0,0
2021-01-24T23:59:59+01:00,0,0,89,87,229,360,251,739,314,1196,459,856,229,206,195,361,149,681,0,0,1,4,11,9,7,14,8,13,10,4,6,14,6,23,6401,130,0,0,0,0,0,0,0
2021-01-23T23:59:59+01:00,0,0,89,87,229,360,251,739,314,1196,459,856,229,206,195,361,149,681,0,0,1,4,11,9,7,14,8,13,10,4,6,14,6,23,6401,130,0,0,0,0,0,0,0
2021-01-22T23:59:59+01:00,0,0,89,86,227,358,251,736,310,1192,455,853,227,205,195,360,149,681,0,0,1,4,11,9,7,14,8,13,10,4,6,14,6,23,6374,130,0,0,0,0,0,0,0
2021-01-21T23:59:59+01:00,0,0,89,83,213,329,241,692,285,1141,441,820,226,201,194,354,149,678,0,0,1,2,9,8,6,13,7,11,10,4,6,14,6,23,6136,120,0,0,0,0,0,0,0
2021-01-20T23:59:59+01:00,0,0,83,77,199,308,228,627,271,1047,412,761,217,190,179,325,138,631,0,0,1,2,9,8,6,13,7,11,10,4,6,14,6,23,5693,120,0,0,0,0,0,0,0
2021-01-19T23:59:59+01:00,0,0,75,67,159,258,208,563,245,923,370,652,198,164,157,285,125,554,0,0,1,2,3,7,6,12,5,9,7,3,6,14,6,23,5003,104,0,0,0,0,0,0,0
2021-01-18T23:59:59+01:00,0,0,63,59,136,215,186,459,218,766,330,559,180,143,133,235,104,472,0,0,0,1,2,4,3,7,3,7,6,3,6,14,6,22,4258,84,0,0,0,0,0,0,0
2021-01-17T23:59:59+01:00,0,0,41,46,110,185,169,399,201,677,304,502,172,137,120,218,90,418,0,0,0,0,2,4,2,7,3,5,4,3,6,14,5,22,3789,77,0,0,0,0,0,0,0
2021-01-16T23:59:59+01:00,0,0,34,43,110,182,159,382,185,657,272,480,156,132,119,212,89,408,0,0,0,0,0,0,0,0,0,0,0,0,0,0,0,0,3620,0,0,0,0,0,0,0,0
2021-01-15T23:59:59+01:00,0,0,32,39,106,177,148,369,179,627,255,457,151,123,116,206,81,392,0,0,0,0,0,0,0,0,0,0,0,0,0,0,0,0,3458,0,0,0,0,0,0,0,0
2021-01-14T23:59:59+01:00,0,0,14,24,52,78,86,173,114,290,151,268,123,104,102,191,71,352,0,0,0,0,0,0,0,0,0,0,0,0,0,0,0,0,2193,0,0,0,0,0,0,0,0
2021-01-13T23:59:59+01:00,0,0,12,20,42,68,78,138,92,260,126,231,94,82,83,154,56,284,0,0,0,0,0,0,0,0,0,0,0,0,0,0,0,0,1820,0,0,0,0,0,0,0,0
2021-01-12T23:59:59+01:00,0,0,12,15,38,64,65,113,77,211,97,177,61,56,56,92,32,162,0,0,0,0,0,0,0,0,0,0,0,0,0,0,0,0,1328,0,0,0,0,0,0,0,0
2021-01-11T23:59:59+01:00,0,0,4,10,27,46,41,82,56,141,59,90,31,30,23,36,16,70,0,0,0,0,0,0,0,0,0,0,0,0,0,0,0,0,762,0,0,0,0,0,0,0,0
2021-01-10T23:59:59+01:00,0,0,3,5,20,33,36,58,37,94,38,53,14,8,7,19,11,31,0,0,0,0,0,0,0,0,0,0,0,0,0,0,0,0,467,0,0,0,0,0,0,0,0
2021-01-09T23:59:59+01:00,0,0,3,5,18,29,35,54,32,84,36,52,14,8,7,19,11,31,0,0,0,0,0,0,0,0,0,0,0,0,0,0,0,0,438,0,0,0,0,0,0,0,0
2021-01-08T23:59:59+01:00,0,0,3,5,15,27,32,43,26,75,32,48,13,8,6,17,10,30,0,0,0,0,0,0,0,0,0,0,0,0,0,0,0,0,390,0,0,0,0,0,0,0,0
2021-01-07T23:59:59+01:00,0,0,1,3,2,10,17,13,13,29,14,24,11,5,6,15,8,24,0,0,0,0,0,0,0,0,0,0,0,0,0,0,0,0,195,0,0,0,0,0,0,0,0
2021-01-06T23:59:59+01:00,0,0,1,0,2,4,15,11,9,23,12,19,11,5,6,15,8,24,0,0,0,0,0,0,0,0,0,0,0,0,0,0,0,0,165,0,0,0,0,0,0,0,0
2021-01-05T23:59:59+01:00,0,0,0,0,1,4,14,11,8,21,11,19,10,5,6,15,8,24,0,0,0,0,0,0,0,0,0,0,0,0,0,0,0,0,157,0,0,0,0,0,0,0,0
2021-01-04T23:59:59+01:00,0,0,0,0,1,4,14,10,7,17,9,17,10,5,6,15,8,24,0,0,0,0,0,0,0,0,0,0,0,0,0,0,0,0,147,0,0,0,0,0,0,0,0
2021-01-03T23:59:59+01:00,0,0,0,0,1,4,13,9,7,14,7,14,10,5,6,15,8,24,0,0,0,0,0,0,0,0,0,0,0,0,0,0,0,0,137,0,0,0,0,0,0,0,0
2021-01-02T23:59:59+01:00,0,0,0,0,1,4,13,9,7,14,7,14,10,5,6,15,8,24,0,0,0,0,0,0,0,0,0,0,0,0,0,0,0,0,137,0,0,0,0,0,0,0,0
2021-01-01T23:59:59+01:00,0,0,0,0,1,4,13,9,7,14,7,14,10,5,6,15,8,24,0,0,0,0,0,0,0,0,0,0,0,0,0,0,0,0,137,0,0,0,0,0,0,0,0
2020-12-31T23:59:59+01:00,0,0,0,0,1,4,13,9,7,14,7,14,10,5,6,15,8,24,0,0,0,0,0,0,0,0,0,0,0,0,0,0,0,0,137,0,0,0,0,0,0,0,0
2020-12-30T23:59:59+01:00,0,0,0,0,1,4,13,9,7,14,7,14,10,5,6,15,8,24,0,0,0,0,0,0,0,0,0,0,0,0,0,0,0,0,137,0,0,0,0,0,0,0,0
2020-12-29T23:59:59+01:00,0,0,0,0,1,4,10,9,7,14,5,12,10,5,6,15,8,24,0,0,0,0,0,0,0,0,0,0,0,0,0,0,0,0,130,0,0,0,0,0,0,0,0
2020-12-28T23:59:59+01:00,0,0,0,0,1,1,7,7,7,8,3,9,10,5,6,15,8,24,0,0,0,0,0,0,0,0,0,0,0,0,0,0,0,0,111,0,0,0,0,0,0,0,0
2020-12-27T23:59:59+01:00,0,0,0,0,0,0,2,4,2,7,2,6,4,4,6,15,7,23,0,0,0,0,0,0,0,0,0,0,0,0,0,0,0,0,82,0,0,0,0,0,0,0,0
