Datum,<15_1_m,<15_1_w,15-24_1_m,15-24_1_w,25-34_1_m,25-34_1_w,35-44_1_m,35-44_1_w,45-54_1_m,45-54_1_w,55-64_1_m,55-64_1_w,65-74_1_m,65-74_1_w,75-84_1_m,75-84_1_w,>84_1_m,>84_1_w,<15_2_m,<15_2_w,15-24_2_m,15-24_2_w,25-34_2_m,25-34_2_w,35-44_2_m,35-44_2_w,45-54_2_m,45-54_2_w,55-64_2_m,55-64_2_w,65-74_2_m,65-74_2_w,75-84_2_m,75-84_2_w,>84_2_m,>84_2_w,bp_1,bp_2,mo_1,mo_2,az_1,az_2,ja,unb_1,unb_2
2021-11-26T23:59:59+01:00,2699,2624,11302,10448,12143,11469,14656,15013,18505,18795,21481,21376,16694,17421,9280,11320,3000,5789,1977,1939,10195,9557,11200,10460,13710,14051,17589,17928,20803,20669,16359,17051,9100,11069,2912,5619,162877,152552,20872,20105,27895,27142,12374,14,15
2021-11-25T23:59:59+01:00,2655,2585,11281,10429,12126,11455,14644,14995,18487,18772,21459,21360,16683,17410,9277,11308,2997,5784,1966,1924,10164,9538,11177,10442,13689,14029,17565,17905,20785,20652,16358,17048,9097,11068,2912,5618,162578,152301,20863,20105,27895,27142,12374,14,15
2021-11-24T23:59:59+01:00,2621,2539,11257,10401,12111,11422,14626,14980,18473,18741,21441,21347,16670,17392,9272,11295,2997,5779,1958,1910,10140,9519,11146,10419,13663,14014,17543,17887,20763,20636,16350,17038,9094,11062,2911,5616,162245,152046,20855,20094,27895,27142,12372,14,15
2021-11-23T23:59:59+01:00,2582,2498,11240,10386,12096,11405,14601,14965,18454,18727,21427,21329,16661,17382,9267,11287,2996,5776,1946,1901,10131,9505,11126,10402,13645,13999,17532,17862,20747,20625,16346,17032,9093,11060,2910,5612,161995,151864,20821,20082,27895,27142,12371,14,15
2021-11-22T23:59:59+01:00,2552,2473,11220,10375,12078,11382,14575,14943,18443,18715,21414,21315,16654,17371,9262,11280,2994,5770,1940,1897,10121,9497,11118,10388,13631,13989,17526,17853,20737,20618,16343,17029,9091,11057,2910,5611,161741,151755,20813,20075,27895,27141,12370,14,15
2021-11-21T23:59:59+01:00,2532,2453,11217,10370,12069,11365,14569,14931,18435,18707,21402,21303,16650,17366,9262,11275,2992,5766,1940,1893,10115,9491,11106,10381,13628,13984,17514,17846,20733,20613,16340,17025,9090,11055,2909,5609,161592,151673,20810,20073,27895,27141,12370,14,15
2021-11-20T23:59:59+01:00,2518,2438,11187,10358,12039,11338,14533,14901,18407,18683,21384,21285,16641,17358,9261,11274,2992,5765,1938,1890,10088,9475,11078,10359,13607,13969,17483,17828,20717,20601,16335,17017,9089,11053,2908,5608,161342,151451,20758,20066,27895,27141,12370,14,15
2021-11-19T23:59:59+01:00,2475,2393,11116,10289,11988,11281,14479,14840,18363,18640,21353,21258,16627,17338,9254,11269,2991,5763,1922,1870,10043,9447,11047,10325,13561,13930,17450,17801,20686,20570,16324,17010,9085,11046,2908,5604,160701,151043,20754,20060,27895,27141,12370,14,15
2021-11-18T23:59:59+01:00,2429,2362,11074,10251,11945,11239,14442,14790,18331,18608,21334,21249,16622,17330,9249,11264,2991,5762,1916,1854,10016,9433,11025,10307,13540,13909,17433,17786,20673,20556,16321,17006,9081,11043,2907,5603,160272,150827,20740,20058,27895,27141,12368,14,15
2021-11-17T23:59:59+01:00,2382,2321,11009,10208,11898,11195,14406,14738,18298,18570,21296,21218,16613,17310,9244,11257,2987,5754,1906,1839,9998,9411,11005,10282,13510,13885,17411,17757,20653,20535,16302,16989,9076,11037,2905,5601,159710,150526,20736,20054,27895,27141,12366,14,15
2021-11-16T23:59:59+01:00,2370,2300,10980,10183,11869,11158,14378,14715,18270,18541,21277,21191,16603,17300,9239,11247,2986,5752,1900,1835,9987,9401,10996,10266,13498,13874,17404,17748,20643,20527,16293,16983,9071,11032,2905,5600,159484,150411,20620,20033,27895,27141,12363,14,15
2021-11-15T23:59:59+01:00,2342,2280,10943,10152,11840,11121,14357,14678,18241,18510,21264,21171,16594,17295,9239,11242,2985,5745,1894,1819,9946,9379,10976,10247,13484,13850,17385,17730,20625,20515,16286,16974,9069,11027,2904,5598,159141,150163,20608,20031,27895,27141,12358,14,15
2021-11-14T23:59:59+01:00,2338,2275,10924,10138,11819,11108,14337,14666,18227,18497,21256,21161,16591,17291,9237,11241,2983,5745,1891,1815,9941,9370,10967,10239,13477,13844,17377,17725,20622,20511,16282,16974,9066,11024,2903,5597,158997,150090,20592,20026,27895,27141,12353,14,15
2021-11-13T23:59:59+01:00,2335,2274,10917,10132,11812,11105,14332,14664,18224,18489,21252,21159,16591,17290,9236,11241,2983,5745,1891,1815,9934,9367,10966,10237,13476,13843,17376,17721,20620,20509,16280,16972,9066,11023,2903,5597,158956,150069,20586,20024,27895,27141,12347,14,15
2021-11-12T23:59:59+01:00,2325,2272,10894,10107,11802,11089,14314,14659,18215,18480,21249,21153,16586,17289,9236,11241,2982,5745,1887,1814,9928,9364,10959,10231,13472,13840,17374,17717,20616,20505,16279,16972,9066,11022,2903,5597,158817,150026,20585,20021,27895,27141,12343,14,15
2021-11-11T23:59:59+01:00,2313,2256,10843,10071,11769,11058,14278,14629,18189,18461,21238,21137,16584,17288,9235,11235,2981,5745,1884,1806,9904,9344,10942,10221,13454,13832,17368,17705,20604,20495,16279,16970,9066,11021,2903,5596,158513,149905,20567,19996,27895,27141,12337,14,15
2021-11-10T23:59:59+01:00,2295,2243,10805,10035,11731,11026,14245,14597,18160,18441,21229,21126,16580,17284,9233,11229,2980,5744,1874,1792,9883,9328,10927,10200,13435,13818,17353,17690,20597,20489,16278,16965,9064,11018,2903,5595,158204,149764,20557,19963,27895,27138,12329,14,15
2021-11-09T23:59:59+01:00,2267,2212,10782,10015,11712,10995,14230,14581,18142,18426,21218,21114,16570,17275,9231,11225,2980,5740,1868,1787,9867,9315,10915,10185,13427,13807,17346,17678,20587,20479,16272,16956,9062,11016,2901,5593,157959,149663,20536,19918,27895,27138,12327,14,15
2021-11-08T23:59:59+01:00,2244,2182,10742,9967,11672,10957,14205,14559,18116,18414,21201,21100,16566,17269,9228,11221,2980,5737,1861,1781,9836,9295,10896,10163,13417,13795,17339,17664,20573,20467,16267,16947,9059,11012,2899,5592,157617,149527,20529,19863,27895,27137,12321,14,15
2021-11-07T23:59:59+01:00,2216,2162,10709,9953,11650,10938,14184,14548,18099,18402,21195,21092,16563,17267,9226,11217,2980,5735,1858,1775,9822,9289,10885,10154,13406,13784,17327,17648,20561,20460,16261,16941,9058,11008,2899,5592,157414,149463,20517,19802,27895,27136,12312,14,15
2021-11-06T23:59:59+01:00,2181,2130,10646,9899,11594,10868,14122,14498,18051,18369,21174,21067,16556,17258,9223,11214,2979,5734,1856,1773,9814,9283,10880,10150,13399,13779,17322,17642,20556,20458,16260,16938,9056,11008,2899,5591,156846,149403,20516,19802,27895,27136,12308,14,15
2021-11-05T23:59:59+01:00,2142,2090,10584,9845,11531,10818,14068,14441,17996,18315,21142,21040,16549,17246,9220,11210,2978,5734,1847,1759,9796,9269,10870,10138,13383,13768,17308,17628,20546,20448,16254,16930,9054,11004,2899,5591,156237,149237,20516,19801,27895,27136,12303,14,15
2021-11-04T23:59:59+01:00,2111,2052,10559,9828,11515,10805,14050,14425,17988,18305,21135,21032,16546,17243,9218,11208,2978,5733,1834,1744,9781,9245,10853,10116,13364,13749,17297,17610,20532,20431,16250,16924,9049,10996,2894,5584,156033,149010,20509,19796,27895,27136,12296,14,15
2021-11-03T23:59:59+01:00,2084,2028,10516,9794,11476,10766,14012,14402,17962,18279,21115,21012,16539,17238,9215,11206,2976,5730,1824,1732,9759,9230,10838,10102,13346,13728,17287,17596,20520,20422,16244,16917,9045,10994,2891,5578,155667,148817,20501,19796,27895,27136,12289,14,15
2021-11-02T23:59:59+01:00,2064,2013,10501,9781,11461,10747,13997,14390,17948,18269,21103,21001,16539,17235,9215,11201,2976,5728,1813,1718,9737,9210,10823,10084,13334,13713,17278,17585,20513,20415,16237,16910,9042,10991,2888,5574,155492,148637,20501,19794,27895,27136,12283,14,15
2021-11-01T23:59:59+01:00,2055,2001,10490,9760,11438,10733,13978,14382,17936,18260,21097,20997,16536,17234,9215,11201,2976,5727,1798,1699,9716,9189,10803,10068,13318,13695,17269,17579,20504,20406,16232,16904,9039,10989,2888,5571,155351,148453,20495,19786,27895,27136,12277,14,15
2021-10-31T23:59:59+01:00,2055,2001,10489,9759,11437,10732,13977,14381,17936,18260,21096,20997,16536,17233,9215,11200,2976,5727,1795,1697,9715,9189,10803,10067,13318,13695,17268,17578,20503,20406,16230,16902,9038,10988,2888,5571,155342,148437,20495,19786,27895,27136,12277,14,15
2021-10-30T23:59:59+02:00,2048,1992,10444,9738,11386,10698,13933,14343,17877,18226,21063,20975,16532,17228,9215,11198,2975,5726,1795,1697,9713,9186,10799,10064,13316,13694,17266,17574,20497,20402,16230,16901,9038,10988,2888,5571,154932,148405,20495,19786,27895,27136,12277,14,15
2021-10-29T23:59:59+02:00,2034,1973,10406,9717,11344,10661,13899,14302,17840,18193,21041,20956,16525,17222,9213,11197,2974,5725,1792,1697,9705,9182,10795,10058,13306,13686,17255,17569,20489,20395,16227,16900,9038,10986,2888,5570,154562,148331,20495,19784,27895,27136,12272,14,15
2021-10-28T23:59:59+02:00,2026,1965,10390,9706,11326,10651,13883,14296,17830,18181,21031,20953,16523,17221,9210,11194,2974,5723,1786,1696,9684,9169,10783,10046,13295,13678,17247,17563,20485,20390,16225,16898,9038,10983,2888,5569,154442,148233,20492,19782,27894,27136,12257,14,15
2021-10-27T23:59:59+02:00,2015,1955,10376,9697,11311,10642,13866,14285,17819,18174,21025,20949,16523,17215,9209,11190,2972,5719,1763,1667,9651,9130,10767,10010,13276,13648,17227,17547,20471,20380,16213,16895,9038,10982,2885,5567,154315,147938,20483,19776,27894,27136,12252,14,15
2021-10-26T23:59:59+02:00,2004,1939,10357,9680,11293,10632,13848,14270,17811,18161,21018,20943,16522,17214,9204,11184,2972,5717,1727,1631,9586,9065,10739,9972,13252,13614,17203,17517,20458,20368,16206,16884,9034,10976,2884,5565,154152,147514,20483,19775,27894,27135,12242,14,15
2021-10-25T23:59:59+02:00,2002,1936,10341,9673,11283,10626,13846,14265,17806,18158,21016,20940,16520,17213,9203,11183,2972,5717,1724,1625,9581,9062,10735,9970,13247,13613,17198,17514,20455,20368,16204,16883,9034,10973,2884,5563,154090,147471,20482,19775,27893,27135,12237,14,15
2021-10-24T23:59:59+02:00,1996,1932,10330,9667,11270,10621,13841,14261,17803,18156,21012,20936,16519,17213,9203,11180,2971,5716,1714,1619,9564,9049,10727,9961,13242,13606,17196,17511,20449,20368,16203,16881,9034,10972,2882,5563,154025,147385,20480,19775,27893,27135,12231,14,15
2021-10-23T23:59:59+02:00,1993,1929,10292,9639,11234,10596,13811,14232,17774,18134,20991,20921,16513,17204,9200,11175,2971,5714,1714,1618,9563,9048,10727,9958,13239,13603,17195,17511,20449,20368,16203,16880,9034,10971,2882,5563,153723,147372,20480,19775,27893,27135,12229,14,15
2021-10-22T23:59:59+02:00,1982,1916,10261,9618,11220,10565,13773,14215,17754,18115,20967,20904,16507,17204,9199,11173,2971,5714,1706,1609,9545,9038,10720,9947,13230,13591,17192,17503,20444,20365,16200,16875,9033,10970,2881,5560,153469,147265,20478,19775,27893,27134,12220,14,15
2021-10-21T23:59:59+02:00,1977,1913,10255,9612,11203,10554,13760,14212,17744,18110,20964,20903,16506,17203,9197,11173,2971,5713,1700,1600,9534,9031,10715,9936,13226,13578,17184,17496,20440,20358,16198,16874,9032,10968,2881,5560,153388,147175,20474,19770,27893,27134,12217,14,15
2021-10-20T23:59:59+02:00,1968,1904,10235,9602,11192,10535,13750,14204,17739,18100,20956,20898,16503,17199,9195,11170,2971,5713,1682,1581,9510,8996,10701,9915,13208,13558,17164,17480,20426,20345,16196,16868,9030,10965,2879,5560,153259,146935,20472,19768,27893,27134,12212,14,15
2021-10-19T23:59:59+02:00,1962,1898,10223,9595,11183,10525,13743,14199,17733,18096,20949,20894,16502,17197,9195,11170,2970,5712,1660,1561,9466,8952,10668,9884,13183,13532,17137,17457,20415,20334,16187,16855,9025,10962,2879,5559,153182,146597,20470,19767,27893,27134,12203,14,15
2021-10-18T23:59:59+02:00,1956,1881,10194,9577,11167,10509,13734,14185,17719,18089,20937,20886,16498,17192,9192,11164,2970,5709,1634,1540,9436,8913,10643,9858,13160,13503,17115,17441,20398,20320,16178,16847,9017,10952,2878,5556,152997,146273,20469,19765,27893,27134,12202,14,15
2021-10-17T23:59:59+02:00,1956,1880,10189,9576,11164,10505,13730,14183,17717,18085,20934,20885,16495,17192,9192,11164,2968,5707,1634,1537,9434,8909,10636,9856,13158,13502,17110,17436,20396,20319,16177,16846,9017,10951,2878,5556,152963,146240,20468,19763,27893,27134,12200,14,15
2021-10-16T23:59:59+02:00,1952,1876,10179,9570,11159,10505,13724,14172,17714,18083,20929,20883,16493,17188,9190,11163,2968,5706,1634,1537,9434,8908,10635,9856,13157,13501,17110,17434,20395,20319,16177,16846,9017,10951,2878,5556,152896,146234,20468,19763,27893,27134,12199,14,15
2021-10-15T23:59:59+02:00,1949,1872,10171,9557,11152,10499,13716,14160,17705,18072,20924,20872,16492,17187,9189,11162,2968,5705,1630,1530,9418,8894,10625,9849,13148,13494,17106,17429,20389,20314,16175,16846,9017,10951,2877,5556,152797,146141,20468,19762,27893,27134,12196,14,15
2021-10-14T23:59:59+02:00,1944,1864,10159,9546,11143,10484,13700,14152,17699,18062,20913,20861,16489,17184,9189,11159,2967,5703,1623,1527,9408,8881,10616,9838,13139,13486,17100,17424,20379,20306,16169,16840,9014,10950,2877,5556,152705,146047,20437,19753,27893,27134,12184,14,15
2021-10-13T23:59:59+02:00,1940,1853,10144,9527,11129,10477,13686,14142,17684,18051,20906,20853,16486,17176,9186,11153,2965,5702,1614,1520,9397,8862,10602,9825,13126,13473,17088,17413,20374,20296,16167,16834,9009,10941,2876,5553,152586,145968,20400,19672,27893,27133,12182,14,15
2021-10-12T23:59:59+02:00,1930,1844,10128,9514,11119,10460,13682,14137,17682,18045,20900,20850,16484,17173,9184,11152,2965,5702,1602,1510,9369,8839,10593,9810,13113,13457,17075,17403,20364,20287,16158,16825,9004,10933,2875,5545,152545,145843,20333,19590,27893,27133,12181,14,15
2021-10-11T23:59:59+02:00,1921,1835,10109,9498,11101,10451,13668,14129,17672,18029,20892,20840,16478,17171,9181,11148,2964,5700,1574,1483,9337,8799,10572,9779,13090,13429,17061,17388,20352,20278,16149,16821,9001,10929,2874,5541,152445,145694,20274,19439,27893,27133,12176,14,15
2021-10-10T23:59:59+02:00,1920,1830,10099,9491,11096,10444,13658,14122,17664,18021,20882,20834,16478,17171,9178,11144,2963,5700,1572,1482,9330,8795,10564,9775,13084,13424,17056,17385,20347,20278,16148,16821,8999,10926,2874,5539,152420,145650,20211,19429,27893,27133,12172,14,15
2021-10-09T23:59:59+02:00,1920,1830,10099,9491,11095,10444,13658,14122,17663,18021,20882,20834,16478,17171,9178,11144,2963,5700,1571,1482,9327,8791,10564,9773,13083,13423,17054,17385,20346,20277,16148,16821,8999,10926,2874,5539,152419,145637,20210,19426,27893,27133,12172,14,15
2021-10-08T23:59:59+02:00,1911,1821,10084,9483,11086,10438,13648,14111,17653,18013,20872,20829,16471,17165,9177,11141,2962,5699,1565,1475,9321,8782,10558,9767,13077,13416,17052,17382,20345,20276,16146,16820,8999,10925,2874,5539,152292,145581,20210,19420,27893,27133,12170,14,15
2021-10-07T23:59:59+02:00,1899,1807,10054,9450,11058,10410,13619,14093,17645,18000,20854,20816,16465,17160,9174,11137,2961,5697,1559,1467,9309,8763,10549,9751,13071,13405,17047,17373,20337,20271,16142,16816,8995,10922,2874,5538,152049,145470,20205,19418,27893,27133,12153,14,15
2021-10-06T23:59:59+02:00,1881,1783,10028,9430,11042,10395,13603,14073,17637,17988,20842,20807,16461,17155,9171,11135,2961,5696,1518,1411,9267,8700,10526,9714,13037,13367,17020,17346,20317,20252,16131,16807,8990,10918,2874,5534,151846,145019,20202,19417,27893,27133,12145,14,15
2021-10-05T23:59:59+02:00,1871,1771,10015,9408,11031,10378,13588,14057,17628,17979,20832,20802,16457,17149,9170,11135,2960,5696,1500,1388,9247,8675,10511,9693,13027,13355,17012,17330,20305,20243,16125,16803,8987,10912,2870,5530,151706,144824,20202,19417,27893,27133,12124,14,15
2021-10-04T23:59:59+02:00,1859,1760,9989,9394,11018,10362,13573,14044,17617,17965,20818,20789,16456,17144,9168,11133,2959,5696,1484,1374,9225,8654,10489,9670,13022,13344,17003,17310,20294,20224,16122,16798,8985,10910,2869,5530,151552,144643,20197,19417,27893,27132,12100,14,15
2021-10-03T23:59:59+02:00,1853,1755,9982,9387,11007,10351,13568,14037,17610,17960,20810,20785,16453,17139,9166,11132,2959,5696,1481,1369,9217,8645,10476,9663,13018,13339,16999,17303,20285,20219,16119,16796,8985,10908,2869,5530,151489,144588,20197,19417,27893,27132,12069,14,15
2021-10-02T23:59:59+02:00,1853,1755,9981,9384,11005,10350,13565,14037,17610,17960,20808,20783,16452,17138,9166,11132,2959,5696,1481,1369,9216,8643,10473,9659,13016,13337,16999,17303,20284,20217,16118,16794,8985,10908,2869,5530,151483,144580,20197,19415,27893,27132,12059,14,15
2021-10-01T23:59:59+02:00,1850,1751,9966,9369,10997,10335,13556,14029,17601,17953,20802,20779,16449,17134,9164,11131,2957,5694,1471,1355,9199,8625,10459,9648,13014,13326,16988,17296,20275,20210,16117,16794,8984,10903,2868,5528,151385,144456,20196,19415,27892,27132,12042,14,15
2021-09-30T23:59:59+02:00,1847,1747,9950,9361,10985,10325,13546,14012,17593,17940,20792,20772,16449,17133,9162,11129,2956,5693,1462,1351,9176,8617,10447,9638,13007,13314,16978,17292,20269,20206,16115,16794,8981,10903,2868,5528,151307,144390,20194,19412,27892,27132,11997,14,15
2021-09-29T23:59:59+02:00,1834,1713,9921,9326,10961,10299,13531,13992,17578,17928,20774,20761,16441,17125,9160,11126,2955,5690,1458,1337,9166,8602,10433,9623,13004,13300,16973,17279,20260,20198,16109,16785,8977,10901,2867,5527,151047,144261,20194,19411,27892,27132,11980,14,15
2021-09-28T23:59:59+02:00,1807,1688,9868,9272,10939,10263,13499,13965,17550,17897,20757,20741,16432,17112,9156,11116,2954,5687,1437,1321,9147,8574,10419,9601,12987,13287,16963,17267,20247,20187,16100,16776,8970,10894,2867,5526,150662,144059,20194,19410,27891,27132,11954,14,15
2021-09-27T23:59:59+02:00,1790,1675,9842,9254,10912,10241,13479,13938,17532,17877,20748,20734,16426,17107,9152,11113,2954,5686,1423,1309,9128,8552,10396,9581,12966,13261,16948,17250,20236,20178,16096,16773,8968,10891,2867,5525,150494,143910,20185,19405,27891,27130,11888,14,15
2021-09-26T23:59:59+02:00,1783,1669,9831,9244,10894,10228,13469,13931,17525,17871,20738,20733,16424,17103,9152,11112,2953,5686,1421,1308,9122,8544,10387,9577,12957,13255,16944,17245,20229,20176,16094,16771,8968,10891,2867,5525,150411,143875,20184,19404,27891,27129,11858,14,15
2021-09-25T23:59:59+02:00,1783,1668,9828,9243,10893,10228,13467,13930,17525,17871,20738,20733,16424,17102,9152,11112,2953,5686,1421,1308,9122,8541,10385,9577,12956,13253,16944,17245,20229,20176,16094,16770,8968,10891,2867,5525,150406,143871,20184,19404,27891,27129,11853,14,15
2021-09-24T23:59:59+02:00,1775,1652,9811,9231,10890,10218,13463,13919,17522,17867,20735,20729,16421,17101,9152,11112,2952,5686,1411,1302,9105,8528,10379,9566,12952,13249,16938,17239,20228,20172,16092,16768,8967,10891,2867,5525,150318,143788,20182,19404,27891,27129,11843,14,15
2021-09-23T23:59:59+02:00,1772,1650,9748,9187,10788,10153,13365,13845,17437,17801,20682,20682,16397,17083,9145,11101,2952,5683,1410,1299,9047,8489,10278,9506,12863,13188,16857,17177,20177,20128,16069,16747,8959,10879,2867,5522,150240,143760,20180,19401,27891,27129,11157,14,15
2021-09-22T23:59:59+02:00,1750,1633,9719,9154,10772,10124,13339,13814,17409,17778,20667,20660,16393,17075,9143,11094,2949,5682,1404,1282,9022,8474,10256,9489,12848,13173,16838,17167,20166,20123,16063,16745,8956,10873,2865,5519,149954,143590,20176,19398,27891,27129,11131,14,15
2021-09-21T23:59:59+02:00,1719,1603,9662,9088,10736,10089,13311,13772,17379,17755,20652,20649,16381,17061,9139,11092,2947,5676,1388,1251,8985,8440,10240,9471,12826,13146,16812,17137,20155,20112,16053,16738,8951,10870,2865,5517,149531,143304,20174,19396,27890,27129,11113,14,15
2021-09-20T23:59:59+02:00,1687,1579,9607,9036,10689,10038,13275,13731,17358,17736,20628,20631,16371,17054,9130,11080,2946,5672,1371,1224,8950,8413,10221,9448,12798,13123,16790,17119,20135,20092,16044,16729,8944,10862,2863,5515,149130,143050,20172,19395,27890,27128,11053,14,15
2021-09-19T23:59:59+02:00,1686,1578,9603,9028,10681,10033,13267,13729,17350,17730,20621,20627,16369,17051,9129,11078,2943,5669,1367,1223,8944,8407,10216,9446,12794,13121,16787,17117,20132,20088,16043,16729,8944,10862,2863,5514,149076,143028,20169,19393,27890,27127,11034,14,15
2021-09-18T23:59:59+02:00,1686,1578,9603,9027,10679,10029,13264,13725,17347,17730,20620,20627,16369,17051,9129,11078,2943,5669,1365,1223,8942,8404,10214,9444,12793,13118,16783,17116,20131,20088,16043,16729,8944,10862,2863,5514,149070,143019,20169,19393,27890,27127,11022,14,15
2021-09-17T23:59:59+02:00,1680,1568,9586,9004,10666,10013,13248,13711,17336,17719,20615,20616,16367,17049,9128,11076,2942,5668,1363,1221,8935,8398,10207,9438,12784,13112,16779,17111,20128,20079,16043,16727,8943,10861,2863,5514,148955,142995,20167,19393,27890,27126,10977,14,15
2021-09-16T23:59:59+02:00,1676,1567,9569,8988,10650,9996,13237,13699,17324,17711,20603,20605,16366,17045,9125,11073,2942,5666,1360,1221,8929,8392,10199,9431,12776,13106,16771,17106,20118,20074,16043,16726,8943,10858,2863,5512,148851,142966,20164,19390,27890,27123,10934,14,15
2021-09-15T23:59:59+02:00,1663,1552,9542,8961,10626,9976,13208,13671,17305,17687,20586,20587,16360,17038,9116,11065,2942,5662,1336,1187,8882,8352,10169,9390,12742,13066,16746,17085,20089,20054,16036,16714,8938,10855,2863,5510,148684,142628,20096,19377,27890,27120,10874,14,15
2021-09-14T23:59:59+02:00,1651,1542,9509,8931,10609,9956,13189,13648,17282,17669,20571,20572,16343,17025,9106,11054,2938,5650,1314,1175,8849,8320,10152,9373,12732,13043,16730,17066,20072,20034,16032,16707,8935,10848,2862,5506,148481,142387,20019,19376,27890,27120,10852,14,15
2021-09-13T23:59:59+02:00,1617,1506,9466,8876,10583,9922,13166,13605,17261,17650,20549,20559,16337,17019,9103,11048,2936,5644,1291,1160,8814,8292,10136,9350,12711,13011,16717,17049,20056,20018,16026,16693,8929,10846,2861,5502,148262,142132,19864,19368,27890,27119,10828,14,15
2021-09-12T23:59:59+02:00,1615,1503,9454,8869,10571,9916,13159,13595,17256,17646,20546,20554,16336,17016,9101,11047,2936,5641,1274,1144,8790,8271,10115,9339,12694,12997,16706,17042,20048,20009,16023,16689,8928,10840,2861,5501,148213,141974,19858,19367,27890,27118,10797,14,15
2021-09-11T23:59:59+02:00,1615,1503,9452,8864,10566,9912,13156,13593,17255,17643,20543,20552,16336,17014,9100,11047,2936,5641,1274,1144,8781,8268,10113,9338,12689,12996,16705,17039,20046,20008,16023,16688,8927,10840,2861,5501,148202,141968,19854,19362,27890,27118,10779,14,14
2021-09-10T23:59:59+02:00,1614,1502,9448,8860,10557,9904,13144,13588,17250,17636,20541,20548,16335,17013,9100,11047,2936,5641,1273,1143,8777,8265,10106,9329,12678,12990,16699,17034,20043,20004,16023,16687,8927,10839,2861,5501,148173,141946,19853,19356,27890,27118,10745,14,14
2021-09-09T23:59:59+02:00,1611,1497,9432,8854,10546,9891,13130,13571,17234,17627,20526,20536,16332,17012,9098,11043,2935,5638,1270,1139,8767,8259,10099,9319,12672,12976,16681,17027,20031,19994,16021,16685,8925,10832,2860,5499,148090,141891,19851,19356,27890,27117,10678,14,14
2021-09-08T23:59:59+02:00,1573,1449,9389,8795,10515,9852,13103,13534,17200,17601,20507,20516,16316,16998,9094,11037,2935,5636,1268,1132,8743,8243,10080,9303,12652,12959,16665,17018,20015,19986,16014,16679,8924,10828,2860,5499,147679,141759,19850,19351,27890,27117,10627,14,14
2021-09-07T23:59:59+02:00,1555,1424,9369,8773,10496,9833,13093,13524,17191,17589,20501,20511,16312,16995,9093,11032,2934,5634,1268,1130,8735,8236,10072,9301,12644,12957,16661,17009,20011,19983,16014,16677,8924,10825,2860,5499,147504,141717,19848,19349,27890,27113,10613,14,14
2021-09-06T23:59:59+02:00,1542,1412,9345,8749,10475,9812,13083,13510,17180,17575,20492,20495,16310,16992,9091,11032,2933,5634,1265,1130,8729,8226,10063,9294,12639,12949,16655,17004,20006,19976,16012,16677,8921,10822,2860,5498,147328,141659,19847,19346,27888,27112,10595,14,14
2021-09-05T23:59:59+02:00,1539,1409,9337,8739,10467,9807,13078,13504,17177,17568,20486,20492,16306,16989,9091,11031,2933,5634,1262,1122,8721,8220,10056,9284,12633,12943,16649,16998,19998,19974,16010,16675,8921,10821,2860,5498,147277,141605,19847,19346,27888,27109,10571,14,14
2021-09-04T23:59:59+02:00,1538,1409,9336,8737,10466,9807,13077,13503,17177,17568,20484,20490,16306,16989,9091,11031,2933,5634,1261,1122,8721,8220,10055,9282,12632,12943,16648,16997,19997,19974,16010,16675,8921,10821,2860,5498,147271,141599,19844,19346,27888,27109,10569,14,14
2021-09-03T23:59:59+02:00,1528,1395,9315,8719,10453,9796,13072,13493,17162,17556,20472,20480,16302,16983,9090,11026,2933,5631,1261,1121,8705,8208,10043,9274,12625,12936,16632,16987,19994,19966,16006,16668,8920,10817,2860,5495,147169,141547,19840,19344,27888,27109,10504,14,14
2021-09-02T23:59:59+02:00,1517,1386,9262,8688,10393,9745,12997,13435,17112,17519,20413,20436,16270,16956,9080,11015,2932,5626,1253,1116,8661,8183,9985,9230,12556,12886,16588,16954,19934,19925,15974,16645,8913,10809,2860,5490,147040,141490,19839,19340,27887,27107,10011,14,14
2021-09-01T23:59:59+02:00,1513,1369,9242,8674,10371,9733,12984,13422,17100,17505,20403,20431,16266,16950,9073,11011,2932,5625,1242,1108,8644,8163,9969,9213,12545,12875,16575,16943,19918,19914,15970,16640,8910,10803,2860,5489,146929,141357,19817,19338,27887,27106,9966,14,14
2021-08-31T23:59:59+02:00,1497,1351,9228,8648,10360,9721,12973,13415,17095,17493,20396,20423,16261,16946,9071,11006,2932,5625,1229,1094,8628,8145,9963,9201,12530,12864,16564,16938,19916,19907,15966,16638,8909,10800,2860,5489,146775,141231,19816,19335,27887,27103,9958,14,14
2021-08-30T23:59:59+02:00,1476,1335,9210,8626,10346,9705,12962,13400,17082,17473,20384,20414,16257,16943,9069,11004,2932,5624,1221,1082,8602,8131,9949,9189,12519,12844,16551,16921,19908,19900,15961,16632,8907,10795,2858,5487,146612,141094,19816,19331,27884,27094,9924,14,14
2021-08-29T23:59:59+02:00,1475,1334,9208,8620,10339,9696,12960,13395,17073,17468,20380,20409,16254,16938,9069,11004,2932,5623,1220,1079,8599,8125,9940,9177,12514,12838,16543,16916,19904,19897,15958,16625,8906,10795,2858,5486,146595,141072,19816,19330,27884,27088,9876,14,14
2021-08-28T23:59:59+02:00,1474,1334,9205,8616,10339,9695,12959,13394,17073,17467,20379,20408,16254,16938,9069,11004,2932,5623,1219,1077,8595,8125,9939,9177,12513,12837,16543,16915,19903,19896,15958,16625,8906,10795,2858,5486,146587,141067,19816,19328,27884,27088,9870,14,14
2021-08-27T23:59:59+02:00,1464,1323,9192,8609,10334,9688,12956,13392,17070,17461,20374,20403,16253,16936,9068,11004,2932,5623,1214,1071,8585,8118,9936,9172,12508,12834,16541,16908,19902,19895,15957,16624,8905,10794,2858,5486,146513,141021,19815,19326,27884,27083,9864,14,14
2021-08-26T23:59:59+02:00,1461,1322,9185,8605,10327,9682,12948,13391,17067,17459,20372,20398,16250,16933,9065,10999,2931,5623,1211,1069,8576,8107,9928,9166,12500,12831,16536,16906,19900,19890,15954,16620,8902,10791,2857,5486,146492,140990,19813,19326,27884,27077,9823,14,14
2021-08-25T23:59:59+02:00,1447,1297,9078,8549,10240,9610,12859,13318,16948,17376,20277,20342,16203,16896,9050,10978,2926,5612,1199,1061,8483,8053,9844,9104,12409,12766,16431,16833,19813,19836,15910,16582,8888,10771,2852,5473,146253,140843,19812,19325,27884,27075,9051,14,14
2021-08-24T23:59:59+02:00,1428,1272,9046,8519,10226,9590,12830,13289,16917,17340,20263,20326,16188,16886,9045,10972,2926,5609,1194,1052,8460,8040,9827,9092,12393,12755,16420,16818,19806,19826,15904,16578,8888,10769,2852,5472,145963,140725,19810,19323,27884,27075,9009,14,14
2021-08-23T23:59:59+02:00,1410,1247,9004,8482,10212,9571,12798,13269,16898,17322,20247,20301,16175,16874,9034,10965,2925,5603,1193,1046,8435,8024,9801,9073,12379,12749,16408,16809,19795,19810,15898,16570,8883,10764,2851,5469,145697,140627,19810,19321,27884,27055,8940,14,14
2021-08-22T23:59:59+02:00,1410,1247,8994,8477,10205,9564,12797,13265,16894,17316,20244,20298,16172,16870,9030,10965,2925,5602,1192,1045,8419,8018,9794,9062,12375,12744,16405,16802,19793,19806,15895,16565,8879,10762,2851,5468,145683,140598,19810,19319,27884,27052,8892,14,14
2021-08-21T23:59:59+02:00,1410,1246,8989,8477,10204,9562,12794,13264,16893,17316,20243,20297,16172,16870,9030,10965,2925,5602,1190,1043,8297,7937,9693,8968,12287,12634,16313,16732,19737,19763,15875,16550,8876,10751,2850,5466,145677,140593,19807,18419,27884,27051,8885,14,14
2021-08-20T23:59:59+02:00,1409,1244,8981,8475,10196,9554,12787,13254,16890,17314,20236,20292,16170,16870,9030,10963,2924,5601,1041,902,7940,7612,9541,8809,12143,12493,16190,16623,19629,19667,15836,16501,8864,10727,2848,5465,145643,138498,19807,18419,27884,27050,8850,14,14
2021-08-19T23:59:59+02:00,1404,1242,8970,8469,10189,9545,12778,13248,16885,17312,20231,20290,16169,16868,9030,10962,2924,5600,921,788,7679,7343,9412,8703,11999,12374,16096,16518,19532,19580,15794,16454,8853,10708,2847,5457,145601,136770,19804,18411,27883,27041,8822,14,14
2021-08-18T23:59:59+02:00,1380,1210,8924,8433,10162,9514,12750,13212,16855,17289,20205,20261,16156,16854,9024,10956,2920,5595,920,787,7666,7333,9400,8695,11985,12357,16082,16509,19524,19571,15788,16447,8849,10704,2844,5454,145294,136723,19791,18410,27880,27040,8728,14,14
2021-08-17T23:59:59+02:00,1355,1197,8888,8401,10147,9493,12734,13187,16840,17268,20182,20239,16148,16844,9022,10949,2918,5590,915,785,7653,7318,9383,8687,11974,12348,16075,16499,19513,19565,15781,16441,8848,10702,2843,5452,145050,136653,19788,18405,27879,27034,8678,14,12
2021-08-16T23:59:59+02:00,1332,1179,8850,8375,10128,9474,12710,13162,16830,17251,20162,20224,16143,16832,9018,10948,2917,5590,914,785,7644,7306,9367,8684,11964,12342,16072,16493,19504,19558,15778,16438,8848,10702,2843,5452,144816,136611,19786,18401,27879,27033,8637,14,12
2021-08-15T23:59:59+02:00,1314,1162,8831,8356,10115,9460,12694,13149,16818,17242,20148,20211,16137,16826,9018,10943,2917,5590,912,784,7632,7296,9350,8668,11950,12331,16064,16485,19498,19553,15769,16434,8847,10699,2843,5452,144669,136553,19785,18396,27877,27013,8593,14,12
2021-08-14T23:59:59+02:00,1313,1162,8831,8356,10114,9460,12693,13147,16818,17241,20147,20209,16137,16826,9018,10943,2917,5590,793,667,7314,7004,9204,8501,11777,12166,15946,16355,19404,19465,15743,16410,8838,10686,2843,5448,144663,134564,19785,18394,27877,27004,8590,14,12
2021-08-13T23:59:59+02:00,1308,1160,8819,8348,10104,9452,12680,13136,16802,17232,20139,20201,16134,16821,9016,10942,2916,5590,632,522,6927,6644,9034,8341,11569,11949,15726,16175,19263,19342,15709,16371,8826,10672,2841,5444,144634,132083,19785,18394,27877,27001,8497,14,12
2021-08-12T23:59:59+02:00,1307,1160,8818,8345,10097,9446,12676,13136,16796,17222,20135,20196,16133,16817,9014,10940,2916,5590,628,520,6920,6637,9020,8333,11557,11947,15715,16168,19259,19336,15707,16366,8824,10671,2841,5444,144615,132047,19784,18391,27877,26983,8460,14,12
2021-08-11T23:59:59+02:00,1304,1156,8814,8338,10088,9439,12669,13132,16790,17218,20129,20194,16131,16814,9013,10940,2916,5589,624,519,6913,6626,9002,8322,11545,11943,15711,16161,19251,19330,15703,16363,8823,10671,2841,5442,144566,131981,19780,18385,27877,26969,8443,14,12
2021-08-10T23:59:59+02:00,1303,1156,8812,8336,10083,9432,12666,13127,16788,17216,20128,20189,16129,16812,9013,10939,2916,5589,607,511,6868,6580,8967,8305,11526,11923,15685,16149,19244,19320,15701,16361,8823,10669,2841,5442,144537,131735,19780,18381,27877,26962,8432,14,12
2021-08-09T23:59:59+02:00,1303,1154,8806,8333,10079,9423,12664,13124,16781,17214,20122,20189,16127,16812,9012,10939,2916,5589,601,506,6848,6557,8945,8285,11513,11912,15669,16137,19238,19315,15698,16360,8821,10668,2841,5442,144509,131598,19780,18377,27875,26953,8416,13,12
2021-08-08T23:59:59+02:00,1303,1153,8803,8327,10077,9419,12655,13121,16776,17210,20120,20186,16125,16808,9011,10938,2915,5588,600,504,6845,6546,8931,8278,11496,11904,15662,16128,19236,19310,15695,16356,8820,10667,2840,5441,144497,131551,19779,18370,27875,26949,8377,13,12
2021-08-07T23:59:59+02:00,1303,1145,8795,8320,10068,9412,12652,13115,16769,17206,20113,20181,16121,16803,9009,10937,2914,5588,423,357,6193,5976,8660,8055,11225,11673,15463,15953,19150,19234,15675,16332,8813,10660,2837,5440,144451,128462,19778,18357,27875,26948,8340,13,12
2021-08-06T23:59:59+02:00,1297,1144,8786,8308,10054,9400,12632,13096,16751,17194,20096,20169,16114,16795,9009,10934,2914,5587,420,356,6180,5962,8644,8040,11201,11651,15441,15936,19133,19222,15668,16325,8813,10657,2837,5439,144413,128407,19775,18350,27875,26946,8210,13,12
2021-08-05T23:59:59+02:00,1294,1142,8778,8301,10045,9391,12619,13088,16745,17191,20088,20165,16113,16795,9009,10933,2914,5587,418,351,5895,5726,8294,7743,10837,11375,15116,15698,18884,19053,15648,16300,8803,10650,2836,5438,144365,128310,19771,15646,27871,26913,8184,13,12
2021-08-04T23:59:59+02:00,1293,1139,8772,8297,10040,9389,12613,13084,16740,17189,20086,20162,16113,16795,9008,10932,2914,5586,416,349,5881,5718,8265,7733,10816,11363,15099,15692,18879,19048,15647,16297,8802,10650,2836,5438,144333,128210,19770,15638,27870,26897,8172,13,12
2021-08-03T23:59:59+02:00,1286,1136,8768,8287,10035,9385,12608,13081,16735,17187,20081,20161,16111,16795,9007,10930,2914,5585,395,333,5769,5605,8170,7663,10699,11286,15050,15639,18850,19033,15643,16295,8801,10648,2834,5437,144290,127483,19768,15630,27870,26868,8157,13,12
2021-08-02T23:59:59+02:00,1280,1130,8755,8279,10027,9378,12603,13075,16729,17177,20074,20157,16109,16792,9005,10927,2913,5584,358,301,5599,5445,8042,7556,10574,11170,14978,15557,18818,19008,15635,16286,8795,10648,2834,5437,144207,126418,19762,15625,27869,26837,8149,13,12
2021-08-01T23:59:59+02:00,1278,1129,8748,8272,10020,9371,12597,13073,16724,17175,20069,20155,16109,16792,9004,10925,2913,5584,342,281,5539,5388,7992,7507,10512,11118,14941,15531,18805,18990,15632,16283,8793,10645,2834,5435,144163,125977,19760,15621,27868,26818,8140,13,12
2021-07-31T23:59:59+02:00,1278,1129,8747,8269,10020,9370,12594,13073,16723,17175,20068,20153,16109,16792,9004,10925,2913,5584,337,277,5513,5367,7976,7494,10493,11104,14928,15525,18800,18987,15631,16282,8793,10645,2834,5435,144161,125844,19759,15617,27868,26817,8131,13,12
2021-07-30T23:59:59+02:00,1146,1008,8519,8041,9927,9251,12514,12989,16643,17103,20008,20086,16077,16753,8998,10908,2912,5581,281,214,5220,5094,7838,7353,10305,10911,14791,15360,18732,18930,15607,16254,8780,10632,2830,5431,142707,124017,19757,15609,27868,26800,8125,13,12
2021-07-29T23:59:59+02:00,1139,999,8389,7952,9773,9154,12362,12888,16494,17008,19845,19976,15991,16685,8973,10889,2911,5574,234,181,4926,4862,7563,7162,10026,10710,14544,15185,18538,18810,15521,16180,8753,10611,2829,5421,142585,122915,19754,15568,27868,26774,6787,13,12
2021-07-28T23:59:59+02:00,1128,985,8360,7916,9759,9138,12340,12873,16476,16985,19827,19966,15984,16672,8966,10885,2911,5572,137,106,4504,4434,7246,6911,9706,10410,14308,15003,18481,18769,15506,16169,8748,10600,2829,5411,142343,120267,19752,15514,27866,26711,6774,13,12
2021-07-27T23:59:59+02:00,1118,977,8336,7902,9746,9131,12328,12864,16469,16979,19820,19953,15982,16666,8964,10882,2910,5570,111,90,4269,4187,7015,6712,9459,10131,14149,14842,18430,18704,15457,16123,8731,10584,2826,5404,142205,118247,19750,15511,27866,26686,6768,13,12
2021-07-26T23:59:59+02:00,1114,974,8323,7890,9739,9126,12322,12858,16462,16971,19813,19952,15979,16661,8962,10878,2909,5565,108,84,4162,4080,6912,6600,9332,10009,14065,14759,18383,18670,15446,16112,8721,10576,2823,5402,142126,117342,19747,15500,27855,26628,6762,13,12
2021-07-25T23:59:59+02:00,1113,973,8314,7887,9726,9122,12312,12855,16457,16964,19810,19951,15977,16661,8962,10878,2909,5565,106,82,4112,4030,6834,6551,9260,9953,14028,14727,18358,18656,15428,16099,8714,10570,2823,5400,142100,116901,19743,15483,27854,26605,6730,13,12
2021-07-24T23:59:59+02:00,1111,970,8228,7825,9653,9042,12245,12778,16389,16911,19769,19913,15956,16647,8959,10868,2909,5564,99,80,4068,3986,6773,6500,9181,9895,13961,14662,18326,18630,15417,16088,8706,10566,2823,5400,142080,116638,19086,15201,27854,26602,6708,13,12
2021-07-23T23:59:59+02:00,1085,944,8116,7735,9615,9007,12211,12749,16344,16877,19741,19894,15951,16640,8955,10864,2909,5564,85,66,3775,3704,6517,6295,8897,9609,13724,14483,18245,18569,15374,16045,8688,10547,2821,5394,141586,114387,19086,15177,27854,26596,6666,13,12
2021-07-22T23:59:59+02:00,992,857,7901,7505,9512,8918,12093,12653,16253,16793,19666,19809,15905,16600,8946,10849,2908,5558,67,49,3650,3577,6365,6201,8743,9480,13559,14340,18170,18501,15353,16019,8680,10537,2821,5392,140126,113235,19084,15104,27847,26501,6652,13,12
2021-07-21T23:59:59+02:00,972,843,7869,7465,9494,8907,12070,12630,16229,16777,19642,19788,15894,16593,8946,10844,2908,5558,54,36,3344,3313,6020,5941,8348,9097,13294,14104,18028,18376,15261,15938,8648,10507,2818,5380,139867,110428,19082,15033,27842,26405,6629,13,12
2021-07-20T23:59:59+02:00,972,842,7861,7460,9486,8904,12065,12628,16221,16776,19637,19783,15892,16590,8946,10843,2908,5558,50,29,3271,3261,5960,5885,8290,9039,13209,14060,17996,18360,15261,15938,8648,10505,2818,5380,139828,110041,19081,15017,27839,26273,6617,11,12
2021-07-19T23:59:59+02:00,971,842,7853,7458,9482,8896,12060,12626,16216,16770,19634,19783,15890,16587,8946,10841,2908,5557,48,28,3219,3226,5910,5845,8228,8994,13151,14033,17950,18347,15261,15935,8648,10504,2818,5379,139789,109760,19080,15000,27839,26147,6605,11,12
2021-07-18T23:59:59+02:00,970,841,7842,7450,9478,8892,12051,12621,16211,16764,19632,19781,15889,16585,8946,10841,2908,5557,47,28,3199,3208,5871,5812,8192,8964,13112,14018,17934,18342,15261,15934,8648,10504,2818,5378,139745,109570,19079,14965,27837,26132,6591,11,12
2021-07-17T23:59:59+02:00,855,722,7520,7160,9326,8722,11877,12459,16082,16625,19535,19686,15868,16564,8938,10828,2908,5554,32,21,3098,3101,5759,5720,8060,8803,12971,13890,17839,18264,15251,15916,8645,10497,2818,5378,137734,108388,19078,14960,27837,26128,6575,9,12
2021-07-16T23:59:59+02:00,698,571,7130,6833,9146,8565,11685,12248,15880,16450,19393,19562,15838,16528,8928,10814,2907,5552,25,18,3036,3040,5683,5656,7946,8695,12851,13753,17760,18188,15229,15900,8641,10495,2817,5378,135270,107484,19078,14955,27836,26121,6539,9,12
2021-07-15T23:59:59+02:00,696,571,7116,6824,9142,8562,11672,12244,15869,16443,19389,19556,15836,16525,8923,10812,2906,5543,24,18,2995,3004,5617,5613,7856,8645,12774,13712,17729,18160,15206,15883,8633,10488,2816,5369,135225,107245,19075,14801,27831,25992,6492,9,12
2021-07-14T23:59:59+02:00,693,570,7107,6815,9137,8560,11668,12239,15863,16440,19384,19551,15834,16522,8920,10809,2906,5539,24,18,2973,2991,5576,5581,7820,8624,12742,13696,17711,18149,15199,15880,8630,10484,2816,5365,135191,107093,19074,14767,27831,25952,6455,9,12
2021-07-13T23:59:59+02:00,688,568,7082,6798,9125,8543,11659,12224,15852,16421,19374,19545,15825,16518,8916,10799,2901,5531,22,17,2917,2940,5512,5515,7660,8486,12488,13477,17553,18020,15180,15869,8618,10471,2811,5354,135066,105872,19074,14714,27828,25917,6395,9,12
2021-07-12T23:59:59+02:00,682,560,7069,6784,9114,8532,11649,12214,15847,16408,19362,19541,15823,16514,8914,10799,2901,5528,21,15,2860,2885,5430,5440,7512,8371,12239,13264,17372,17873,15170,15864,8614,10464,2810,5354,134952,104630,19072,14661,27824,25868,6387,9,12
2021-07-11T23:59:59+02:00,681,559,7060,6782,9104,8524,11641,12206,15837,16405,19357,19536,15823,16511,8913,10797,2901,5528,20,14,2829,2850,5353,5367,7413,8284,12072,13107,17246,17740,15161,15853,8613,10461,2810,5354,134907,103739,19068,14612,27824,25824,6360,9,12
2021-07-10T23:59:59+02:00,507,401,6499,6232,8878,8338,11399,12014,15680,16272,19302,19487,15815,16501,8909,10792,2900,5527,18,10,2800,2816,5302,5321,7330,8204,11968,13007,17168,17672,15146,15837,8610,10450,2807,5352,132216,103042,19068,14610,27824,25815,6339,9,12
2021-07-09T23:59:59+02:00,496,394,6441,6204,8851,8301,11359,11986,15652,16259,19289,19471,15814,16498,8909,10789,2900,5527,16,10,2743,2749,5221,5252,7151,8027,11556,12708,16869,17463,15126,15809,8603,10445,2805,5350,132124,102014,18858,13748,27823,25800,6329,9,12
2021-07-08T23:59:59+02:00,490,393,6124,5946,8480,8013,10980,11680,15313,16012,19031,19299,15792,16474,8900,10782,2897,5526,15,9,2682,2698,5138,5175,7010,7936,11355,12566,16717,17339,15119,15801,8603,10443,2805,5349,132036,101148,15974,13578,27818,25724,6298,9,12
2021-07-07T23:59:59+02:00,488,389,6109,5934,8456,7998,10966,11663,15302,16002,19030,19294,15790,16470,8899,10780,2897,5524,15,9,2634,2646,5047,5113,6872,7842,11121,12384,16553,17205,15111,15794,8598,10437,2805,5349,131928,100124,15965,13451,27816,25675,6273,9,12
2021-07-06T23:59:59+02:00,461,369,6008,5842,8383,7932,10893,11594,15268,15962,19007,19278,15782,16460,8896,10778,2894,5522,12,8,2566,2576,4915,4999,6690,7709,10731,11972,16180,16828,15085,15761,8590,10430,2804,5345,131311,97962,15957,13370,27810,25615,6242,9,12
2021-07-05T23:59:59+02:00,420,335,5830,5672,8266,7840,10779,11479,15209,15892,18975,19247,15776,16452,8892,10773,2891,5521,8,6,2514,2498,4817,4901,6557,7572,10379,11654,15906,16522,15055,15731,8582,10415,2804,5340,130265,96165,15953,13306,27807,25563,6215,9,12
2021-07-04T23:59:59+02:00,400,305,5755,5593,8209,7783,10712,11421,15179,15861,18961,19228,15769,16448,8891,10771,2891,5519,7,6,2494,2469,4755,4854,6496,7522,10242,11544,15805,16450,15050,15724,8580,10414,2803,5340,129759,95601,15946,13237,27802,25525,6180,9,12
2021-07-03T23:59:59+02:00,394,303,5734,5581,8198,7774,10699,11417,15172,15855,18958,19225,15769,16448,8891,10771,2891,5519,6,6,2459,2439,4659,4825,6388,7496,10184,11498,15700,16364,14371,15017,8561,10389,2803,5340,129683,95485,15943,13235,27802,23611,6162,9,12
2021-07-02T23:59:59+02:00,348,264,5546,5433,8124,7703,10601,11320,15107,15798,18939,19218,15765,16444,8886,10769,2889,5516,6,6,2412,2391,4501,4747,6204,7422,10030,11341,15509,16161,13578,14098,8553,10374,2803,5339,128771,94921,15940,13191,27801,21202,6149,9,12
2021-07-01T23:59:59+02:00,286,209,5330,5251,7996,7591,10460,11194,14978,15703,18895,19193,15758,16436,8881,10763,2889,5515,5,5,2293,2271,4324,4574,5966,7168,9249,10656,14881,15689,13553,14069,8548,10369,2799,5337,127481,91421,15927,13094,27800,21118,6111,9,12
2021-06-30T23:59:59+02:00,156,119,4848,4780,7656,7313,10105,10856,14751,15526,18838,19149,15747,16425,8877,10755,2889,5512,5,5,2257,2225,4238,4503,5852,7071,9077,10531,14791,15611,13539,14061,8545,10366,2799,5335,124495,90818,15921,12921,27800,20983,6077,9,12
2021-06-29T23:59:59+02:00,119,97,4564,4500,7406,7093,9815,10556,14553,15336,18774,19089,15695,16375,8857,10740,2888,5507,4,4,2189,2144,4095,4366,5645,6890,8850,10302,14495,15386,13492,14013,8532,10342,2797,5322,122425,89361,15917,12769,27798,20911,5815,9,12
2021-06-28T23:59:59+02:00,103,77,4428,4359,7301,6982,9693,10431,14460,15228,18729,19046,15679,16359,8843,10729,2885,5505,2,3,2102,2017,3913,4160,5364,6548,8465,9789,13962,14848,13373,13924,8513,10318,2794,5308,121412,86146,15906,12688,27795,20844,5715,9,10
2021-06-27T23:59:59+02:00,98,75,4375,4313,7243,6927,9633,10376,14427,15194,18709,19029,15662,16347,8836,10722,2884,5500,2,2,2049,1983,3849,4114,5250,6434,8297,9660,13786,14735,13347,13905,8504,10309,2791,5306,121048,85353,15902,12653,27793,20709,5598,9,10
2021-06-26T23:59:59+02:00,85,73,4330,4283,7212,6899,9615,10355,14407,15178,18696,19016,15658,16341,8836,10722,2884,5500,2,2,1973,1891,3661,3956,5036,6176,7934,9204,13435,14439,13267,13846,8484,10281,2786,5297,120804,82717,15896,12653,27793,20702,5588,9,10
2021-06-25T23:59:59+02:00,72,60,4019,3961,6951,6663,9322,10062,14183,14989,18612,18959,15612,16296,8817,10703,2882,5494,2,2,1908,1807,3496,3834,4841,5943,7607,8789,13123,14103,13217,13790,8471,10256,2780,5291,118410,80358,15869,12621,27793,20697,5576,9,8
2021-06-24T23:59:59+02:00,65,53,3925,3871,6849,6577,9221,9972,14083,14902,18584,18926,15597,16279,8811,10696,2882,5492,2,2,1838,1734,3379,3736,4641,5800,7387,8589,12874,13901,12382,12858,8291,9993,2780,5290,117676,79134,15860,12515,27789,18369,5451,9,8
2021-06-23T23:59:59+02:00,51,48,3520,3500,6397,6230,8690,9465,13748,14601,18448,18790,15493,16187,8768,10660,2879,5478,2,2,1699,1563,3124,3531,4221,5469,6439,7878,12130,13199,12359,12846,8281,9986,2780,5286,114749,78494,15613,9182,27788,18317,4794,9,8
2021-06-22T23:59:59+02:00,42,40,3446,3427,6317,6171,8587,9387,13697,14554,18415,18773,15482,16180,8767,10655,2879,5475,2,2,1658,1510,3020,3429,4076,5319,6185,7693,11518,12486,12269,12752,8263,9953,2776,5278,114119,76150,15607,9100,27786,18158,4773,9,8
2021-06-21T23:59:59+02:00,36,37,3375,3366,6226,6109,8526,9315,13636,14508,18382,18753,15480,16179,8766,10654,2879,5474,1,2,1623,1459,2929,3332,3949,5169,5989,7465,10759,11570,11880,12296,7186,8721,2770,5271,113594,73496,15599,8998,27784,15154,4715,9,8
2021-06-20T23:59:59+02:00,36,36,3350,3344,6178,6078,8481,9283,13608,14490,18371,18749,15479,16179,8766,10654,2879,5474,0,2,1605,1442,2891,3304,3899,5131,5937,7440,10670,11494,11860,12277,7183,8714,2769,5271,113415,73177,15581,8920,27784,15138,4646,9,8
2021-06-19T23:59:59+02:00,34,34,3323,3320,6149,6055,8450,9264,13584,14484,18364,18744,15479,16178,8766,10654,2879,5474,0,2,1601,1430,2886,3295,3891,5126,5921,7435,10659,11486,11860,12277,7183,8713,2769,5271,113221,73096,15575,8920,27784,15135,4646,9,8
2021-06-18T23:59:59+02:00,30,29,3280,3277,6075,6016,8381,9209,13538,14452,18340,18733,15478,16176,8765,10653,2879,5474,0,2,1526,1335,2749,3119,3706,4849,5525,7062,9163,9915,11694,12109,7141,8663,2757,5253,112836,67909,15547,8919,27784,15123,4609,9,8
2021-06-17T23:59:59+02:00,27,25,3217,3225,6005,5977,8306,9154,13466,14407,18316,18722,15476,16171,8763,10650,2879,5471,0,2,1400,1241,2560,2906,3445,4556,5161,6666,8492,9184,11408,11866,7100,8605,2753,5250,112457,64195,15517,8804,27779,15093,4495,9,8
2021-06-16T23:59:59+02:00,27,22,3162,3163,5891,5910,8186,9060,13337,14322,18250,18684,15470,16162,8763,10648,2879,5471,0,2,1302,1185,2419,2800,3262,4395,4875,6390,7413,7893,11317,11758,7069,8567,2740,5232,111813,60427,15443,8758,27775,15059,4367,9,8
2021-06-15T23:59:59+02:00,22,21,3068,3076,5773,5821,8001,8882,13074,14102,18100,18556,15455,16150,8755,10642,2879,5469,0,2,1266,1152,2345,2745,3158,4320,4672,6265,7100,7641,10820,11199,7035,8533,2732,5219,110389,58178,15416,8726,27765,15026,4267,9,7
2021-06-14T23:59:59+02:00,21,19,2994,3006,5693,5763,7858,8762,12783,13865,17912,18380,15439,16136,8748,10637,2878,5468,0,2,1238,1124,2280,2688,3033,4225,4471,6126,6757,7335,10292,10587,7004,8496,2728,5209,108995,55804,15407,8619,27761,14976,4190,9,6
2021-06-13T23:59:59+02:00,21,19,2976,2975,5628,5724,7795,8696,12643,13731,17806,18258,15433,16127,8747,10634,2877,5468,0,2,1227,1111,2252,2672,2996,4214,4424,6106,6724,7318,10287,10580,7004,8495,2728,5209,108257,55661,15396,8610,27757,14933,4139,9,6
2021-06-12T23:59:59+02:00,19,19,2948,2957,5598,5697,7764,8677,12623,13712,17798,18255,15432,16125,8747,10634,2877,5468,0,2,1172,1049,2164,2596,2902,4077,4282,5973,6615,7233,10205,10502,6409,7768,2728,5209,108054,55545,15393,8609,27757,12589,4137,9,6
2021-06-11T23:59:59+02:00,19,16,2871,2883,5528,5632,7583,8491,12213,13405,17515,18049,15416,16100,8741,10626,2874,5466,0,2,1148,1033,2109,2555,2837,4028,4197,5911,6504,7142,10103,10390,6394,7761,2726,5203,107037,55020,14500,8342,27756,12549,4126,9,6
2021-06-10T23:59:59+02:00,15,14,2816,2841,5428,5579,7451,8410,12027,13266,17377,17932,15411,16096,8741,10625,2873,5465,0,2,1107,1008,2033,2488,2736,3950,4028,5780,6259,6929,9852,10120,6374,7733,2720,5197,106117,53451,14426,8338,27752,12458,4063,9,6
2021-06-09T23:59:59+02:00,14,13,2738,2773,5306,5484,7228,8239,11748,13023,17191,17783,15400,16082,8737,10616,2873,5462,0,2,1050,943,1902,2370,2530,3767,3702,5497,5637,6414,9027,9214,6317,7657,2707,5162,104909,49434,14274,8320,27743,12363,3775,9,6
2021-06-08T23:59:59+02:00,11,9,2641,2669,5171,5358,7031,8053,11319,12595,16814,17394,15381,16055,8726,10609,2872,5457,0,2,1013,914,1832,2305,2424,3693,3563,5430,5485,6282,8993,9195,6315,7645,2705,5158,102703,48920,14247,8269,27741,12294,3465,9,6
2021-06-07T23:59:59+02:00,9,8,2514,2571,4979,5229,6824,7888,10841,12236,16470,17097,15356,16027,8720,10592,2871,5453,0,2,944,877,1701,2250,2282,3608,3308,5340,5130,5997,8444,8569,6262,7586,2701,5148,100769,46700,14205,8253,27732,12220,2970,9,6
2021-06-06T23:59:59+02:00,9,6,2476,2546,4917,5172,6738,7830,10702,12125,16379,17032,15353,16024,8720,10592,2869,5452,0,2,928,867,1673,2229,2236,3580,3238,5315,5081,5973,8439,8567,6257,7578,2701,5147,100176,46536,14152,8242,27726,12148,2879,9,6
2021-06-05T23:59:59+02:00,8,5,2462,2524,4888,5147,6701,7799,10673,12098,16370,17025,15353,16024,8720,10592,2869,5452,0,2,912,852,1640,2199,2196,3524,3132,5232,4727,5641,7842,7862,6229,7524,2700,5145,99948,44140,14152,8236,27726,12102,2875,9,6
2021-06-04T23:59:59+02:00,7,4,2431,2495,4843,5102,6653,7746,10584,11993,16318,16961,15349,16017,8720,10591,2868,5451,0,2,900,834,1617,2178,2154,3487,3080,5173,4561,5452,7540,7494,6193,7482,2698,5139,99416,42850,14145,8234,27726,12057,2837,9,6
2021-06-03T23:59:59+02:00,7,4,2328,2367,4692,4928,6444,7498,9880,11358,15729,16509,15338,16007,8717,10585,2867,5450,0,2,883,804,1577,2119,2106,3406,2990,5062,4413,5285,7379,7304,6181,7455,2698,5135,96072,41797,14106,8223,27721,11973,2800,9,6
2021-06-02T23:59:59+02:00,7,4,2311,2343,4647,4896,6388,7461,9780,11270,15669,16456,15330,16003,8716,10581,2867,5449,0,2,872,792,1558,2096,2051,3368,2904,4976,4051,4896,6821,6664,6137,7398,2694,5124,95549,39457,14104,8218,27721,11928,2795,9,6
2021-06-01T23:59:59+02:00,6,3,2248,2303,4526,4803,6221,7342,9591,11122,15560,16379,15327,15999,8712,10577,2866,5444,0,1,838,765,1493,2046,1935,3305,2751,4883,3847,4767,6611,6432,6114,7379,2688,5115,94671,38367,14053,8196,27709,11814,2587,9,6
2021-05-31T23:59:59+02:00,2,3,2199,2244,4426,4709,6076,7217,9405,10973,15475,16323,15319,15992,8709,10577,2866,5444,0,1,814,731,1436,1988,1863,3256,2576,4827,3716,4713,6255,6017,6091,7358,2685,5107,93945,37186,13966,8189,27699,11713,2340,9,6
2021-05-30T23:59:59+02:00,2,3,2174,2222,4371,4649,5981,7157,9330,10910,15438,16303,15318,15989,8709,10577,2866,5444,0,1,802,720,1413,1964,1814,3228,2443,4792,3610,4695,6253,6015,6090,7358,2685,5107,93493,36867,13927,8166,27689,11626,2325,9,6
2021-05-29T23:59:59+02:00,2,3,2157,2207,4351,4637,5964,7140,9317,10897,15433,16299,15317,15989,8709,10577,2866,5444,0,1,784,669,1320,1705,1680,2866,2243,4244,3331,4265,6163,5921,5979,7226,2684,5107,93363,36814,13923,8161,27689,8882,2325,9,6
2021-05-28T23:59:59+02:00,2,3,2136,2184,4313,4591,5919,7094,9239,10827,15365,16246,15313,15987,8709,10577,2866,5443,0,1,767,579,1242,1453,1582,2465,2065,3556,3067,3670,5527,5180,5897,7135,2680,5094,92884,35515,13910,8161,27687,5954,2324,9,6
2021-05-27T23:59:59+02:00,2,3,2094,2146,4228,4522,5797,7020,9084,10727,15268,16162,15312,15986,8709,10577,2866,5443,0,1,737,544,1211,1370,1541,2328,1994,3415,2954,3550,5090,4699,5864,7095,2669,5065,92201,34390,13762,8152,27664,5270,2310,9,5
2021-05-26T23:59:59+02:00,2,3,2026,2028,4032,4375,5455,6755,8112,9983,14506,15458,15300,15979,8705,10571,2864,5440,0,1,726,529,1185,1309,1495,2269,1936,3300,2802,3407,3782,3313,5805,7021,2646,5006,91423,31107,10232,8135,27647,5003,2283,9,4
2021-05-25T23:59:59+02:00,2,3,1989,1991,3952,4309,5362,6689,7977,9876,14128,15022,15252,15942,8698,10556,2862,5436,0,1,721,522,1157,1275,1477,2244,1916,3272,2776,3381,3776,3303,5798,7018,2644,5005,90078,31018,10083,8125,27631,4894,2245,9,4
2021-05-24T23:59:59+02:00,2,3,1963,1947,3865,4233,5256,6607,7851,9752,13617,14406,15200,15875,8691,10543,2861,5431,0,1,715,514,1138,1263,1445,2229,1894,3253,2750,3359,3759,3285,5776,6994,2635,4990,88288,30885,10003,8074,27619,4854,2184,9,3
2021-05-23T23:59:59+02:00,2,3,1954,1935,3846,4211,5238,6594,7798,9721,13541,14343,15189,15871,8689,10542,2860,5431,0,1,708,504,1127,1250,1420,2205,1838,3217,2640,3262,3347,2852,5131,6184,2620,4945,88054,30712,9902,5519,27619,4833,2184,9,3
2021-05-22T23:59:59+02:00,2,3,1787,1892,3545,4162,4840,6551,7542,9663,13418,14265,15183,15870,8689,10541,2860,5431,0,1,546,472,835,1209,1047,2169,1599,3164,2528,3188,3344,2850,5131,6183,2620,4945,87903,30700,9901,5517,27617,4797,814,9,3
2021-05-21T23:59:59+02:00,2,3,1702,1785,3389,3970,4646,6255,7145,9298,12126,12935,15033,15722,8653,10494,2851,5420,0,1,541,460,825,1207,1045,2161,1564,3133,2450,3111,3169,2713,5104,6140,2617,4930,83138,30061,9860,5516,27611,4778,813,7,3
2021-05-20T23:59:59+02:00,2,3,1665,1750,3294,3920,4538,6171,6968,9216,11916,12706,15013,15704,8649,10487,2850,5419,0,1,520,445,784,1160,988,2096,1442,3061,2324,3013,2977,2542,5063,6063,2609,4915,82295,29309,9758,5501,27557,4535,655,6,3
2021-05-19T23:59:59+02:00,2,3,1643,1724,3235,3865,4444,6101,6851,9151,11683,12443,15002,15693,8646,10486,2850,5418,0,1,511,434,768,1122,972,2027,1332,2915,1997,2719,2413,2048,4958,5945,2587,4868,81468,27244,9619,5486,27531,4268,616,6,3
2021-05-18T23:59:59+02:00,2,3,1583,1691,3145,3777,4331,5997,6691,8993,11391,12186,14957,15646,8634,10463,2848,5408,0,1,508,422,752,1107,954,2009,1249,2851,1716,2495,1967,1706,4885,5860,2565,4824,80368,25696,9416,5476,27463,4203,493,6,3
2021-05-17T23:59:59+02:00,2,3,1534,1610,3015,3619,4127,5718,6342,8530,10840,11635,14848,15553,8615,10438,2843,5397,0,1,506,414,746,1100,935,2004,1225,2826,1689,2458,1951,1686,4878,5853,2562,4821,77462,25631,9379,5462,27439,4176,383,6,3
2021-05-16T23:59:59+02:00,2,3,1515,1588,2961,3577,4032,5631,6193,8394,10664,11501,14822,15531,8607,10430,2842,5395,0,1,499,408,724,1085,904,1988,1196,2798,1655,2434,1944,1677,4875,5849,2560,4819,76714,25600,9320,5444,27409,4130,239,6,3
2021-05-15T23:59:59+02:00,2,3,1429,1491,2753,3411,3804,5354,5834,7921,10311,11205,14737,15469,8588,10401,2836,5386,0,1,499,406,720,1083,904,1984,1191,2796,1649,2429,1932,1665,4868,5843,2560,4817,73969,25537,9320,5444,27402,4125,238,6,3
2021-05-14T23:59:59+02:00,2,3,1395,1428,2641,3314,3652,5197,5634,7632,10089,10950,14702,15431,8575,10378,2833,5382,0,1,450,368,649,918,829,1698,1063,2384,1467,2104,1898,1624,4865,5835,2559,4813,72318,25474,9301,5442,27379,2372,234,6,3
2021-05-13T23:59:59+02:00,2,3,1338,1361,2539,3230,3483,5060,5415,7427,9862,10770,14676,15402,8565,10375,2831,5379,0,1,443,356,622,890,727,1591,963,2299,1203,1888,1178,1042,4643,5601,2551,4781,71157,25354,8988,2895,27348,2308,219,6,3
2021-05-12T23:59:59+02:00,2,3,1330,1351,2522,3224,3465,5046,5394,7414,9847,10760,14674,15398,8563,10373,2830,5379,0,1,443,355,621,889,723,1590,958,2299,1199,1882,1159,1033,4630,5563,2517,4712,71041,25153,8964,2895,27346,2305,218,6,3
2021-05-11T23:59:59+02:00,2,2,1289,1308,2448,3142,3351,4920,5198,7267,9559,10451,14626,15340,8551,10353,2826,5370,0,1,438,342,603,874,701,1573,930,2275,1173,1854,1104,997,4565,5465,2474,4587,69700,24657,8840,2876,27261,2224,196,6,3
2021-05-10T23:59:59+02:00,2,2,1267,1281,2383,3064,3223,4794,5066,7110,9235,10070,14581,15301,8542,10334,2821,5368,0,1,437,340,590,865,689,1558,918,2260,1155,1840,1068,962,4503,5387,2433,4468,68342,24238,8717,2872,27191,2173,188,6,3
2021-05-09T23:59:59+02:00,2,2,1252,1264,2341,3048,3144,4758,5001,7077,9168,10025,14568,15285,8540,10329,2821,5366,0,1,429,338,576,860,666,1537,896,2240,1143,1826,1049,946,4490,5349,2417,4425,68100,24074,8641,2870,27142,2139,102,6,3
2021-05-08T23:59:59+02:00,1,2,1250,1260,2327,3036,3126,4746,4962,7062,9143,10017,14567,15285,8540,10328,2821,5366,0,1,429,338,575,860,665,1537,896,2239,1142,1825,1049,946,4489,5349,2417,4425,67956,24072,8635,2867,27140,2138,102,6,3
2021-05-07T23:59:59+02:00,1,2,1230,1239,2287,2995,3073,4698,4863,6970,8918,9771,14550,15261,8534,10322,2818,5362,0,1,380,312,543,791,628,1375,826,2031,1052,1636,1019,917,4468,5326,2415,4420,67044,23965,8628,2862,27114,1208,102,6,3
2021-05-06T23:59:59+02:00,1,2,1085,1147,2059,2752,2772,4390,4491,6569,8331,9167,14272,15024,8494,10266,2815,5361,0,1,379,308,530,772,611,1343,807,1996,1019,1608,991,883,4458,5312,2413,4416,63421,23832,8498,2811,26977,1105,96,6,3
2021-05-05T23:59:59+02:00,1,1,1020,1096,1948,2640,2612,4217,4195,6291,7315,7981,14186,14925,8459,10225,2802,5341,0,1,376,305,522,762,596,1333,774,1982,993,1588,918,820,4417,5240,2405,4400,59896,23511,8452,2790,26853,1080,48,6,3
2021-05-04T23:59:59+02:00,1,1,998,1076,1897,2601,2510,4149,3975,6176,7034,7763,13680,14358,8428,10192,2797,5332,0,1,372,304,517,758,584,1328,757,1963,977,1581,899,796,4394,5224,2402,4391,57836,23373,8393,2774,26693,1058,40,6,3
2021-05-03T23:59:59+02:00,1,1,967,1041,1835,2548,2403,4038,3774,6058,6674,7461,13145,13732,8391,10154,2790,5317,0,1,367,303,515,752,574,1321,748,1951,963,1568,873,772,4377,5206,2396,4378,55406,23261,8366,2764,26552,1037,0,6,3
2021-05-02T23:59:59+02:00,1,1,962,1040,1816,2541,2373,4028,3729,6048,6637,7452,13144,13731,8391,10153,2790,5317,0,1,367,303,512,752,573,1319,743,1951,962,1564,871,768,4375,5201,2396,4378,55265,23241,8359,2762,26524,1030,0,6,3
2021-05-01T23:59:59+02:00,1,1,962,1038,1808,2537,2361,4020,3714,6040,6623,7442,13143,13728,8391,10153,2790,5317,0,1,367,303,512,752,573,1319,742,1950,960,1564,871,768,4375,5201,2396,4378,55184,23241,8357,2758,26522,1030,0,6,3
2021-04-30T23:59:59+02:00,0,1,946,1033,1789,2521,2340,3985,3677,6007,6541,7388,13048,13624,8390,10148,2787,5305,0,1,318,248,471,676,544,1140,711,1727,926,1360,860,750,4371,5198,2396,4378,54684,23227,8356,2753,26484,92,0,6,3
2021-04-29T23:59:59+02:00,0,1,893,1009,1733,2471,2277,3926,3529,5880,6303,7165,12787,13349,8368,10119,2783,5298,0,1,311,246,461,669,541,1132,704,1716,915,1351,852,735,4362,5190,2396,4376,53085,23137,8341,2747,26459,71,0,6,3
2021-04-28T23:59:59+02:00,0,1,832,976,1653,2407,2133,3814,3245,5627,5699,6656,11948,12429,8309,10030,2759,5261,0,1,310,243,459,662,533,1119,693,1695,904,1344,837,718,4343,5163,2394,4376,49020,23012,8334,2728,26419,51,0,6,3
2021-04-27T23:59:59+02:00,0,1,823,971,1635,2386,2089,3795,3175,5601,5571,6530,11919,12412,8307,10028,2759,5259,0,1,309,241,453,660,525,1112,684,1683,894,1338,826,706,4339,5157,2393,4369,48539,22932,8329,2712,26387,43,0,6,3
2021-04-26T23:59:59+02:00,0,1,813,959,1609,2368,2029,3755,2997,5523,5239,6244,11353,11767,8252,9963,2754,5249,0,1,307,240,452,659,520,1106,673,1677,885,1327,816,696,4334,5151,2393,4365,46207,22881,8320,2681,26344,38,0,4,2
2021-04-25T23:59:59+02:00,0,1,803,957,1592,2361,1991,3738,2871,5500,5144,6239,11348,11763,8248,9957,2753,5248,0,1,306,239,452,659,520,1099,673,1675,882,1325,816,695,4334,5151,2393,4365,45876,22875,8314,2677,26320,31,0,4,2
2021-04-24T23:59:59+02:00,0,1,789,947,1570,2341,1951,3692,2775,5430,4801,5914,10735,11037,8217,9898,2752,5246,0,1,306,239,452,659,520,1098,672,1673,881,1325,811,691,4324,5135,2391,4364,43466,22838,8312,2672,26314,30,0,4,2
2021-04-23T23:59:59+02:00,0,1,784,939,1557,2331,1921,3665,2736,5377,4639,5726,10426,10655,8177,9856,2749,5238,0,1,306,238,452,659,520,1097,671,1673,879,1325,811,690,4321,5132,2391,4364,42165,22827,8311,2671,26297,30,0,4,2
2021-04-22T23:59:59+02:00,0,1,767,925,1530,2288,1872,3596,2648,5285,4485,5572,10281,10460,8163,9825,2747,5230,0,1,306,237,450,648,518,1091,665,1665,873,1316,805,686,4318,5130,2391,4362,41163,22791,8282,2647,26226,22,0,4,2
2021-04-21T23:59:59+02:00,0,1,756,913,1505,2275,1820,3551,2543,5197,4100,5152,9683,9775,8114,9761,2743,5219,0,1,304,237,448,647,518,1090,661,1662,868,1311,792,674,4308,5116,2391,4358,38641,22741,8266,2623,26197,20,0,4,2
2021-04-20T23:59:59+02:00,0,1,749,901,1484,2248,1789,3520,2493,5140,3963,5056,9487,9556,8096,9751,2739,5216,0,1,304,236,448,646,517,1088,660,1658,865,1305,786,669,4304,5111,2391,4358,37806,22709,8254,2617,26125,20,0,4,1
2021-04-19T23:59:59+02:00,0,1,742,892,1476,2240,1772,3502,2462,5113,3898,4997,9117,9139,8071,9726,2736,5210,0,1,304,234,447,641,515,1085,657,1655,861,1301,781,663,4295,5109,2391,4356,36779,22669,8242,2606,26069,20,0,4,1
2021-04-18T23:59:59+02:00,0,1,738,889,1471,2234,1754,3495,2444,5101,3890,4995,9107,9128,8071,9725,2736,5210,0,1,303,234,447,638,514,1081,655,1652,858,1301,780,661,4295,5107,2391,4356,36720,22661,8222,2592,26043,20,0,4,1
2021-04-17T23:59:59+02:00,0,1,719,883,1384,2224,1654,3483,2407,5071,3809,4916,8390,8406,8055,9712,2736,5210,0,1,303,234,445,636,513,1080,654,1652,857,1298,780,661,4294,5107,2391,4356,36711,22649,8222,2592,24123,20,0,4,1
2021-04-16T23:59:59+02:00,0,1,704,865,1255,2201,1502,3460,2321,5005,3647,4751,7048,6855,8020,9664,2723,5179,0,1,303,233,440,628,508,1076,644,1650,853,1289,770,655,4289,5093,2388,4354,35335,22574,8212,2587,21650,12,0,4,1
2021-04-15T23:59:59+02:00,0,1,683,855,1244,2188,1481,3441,2263,4968,3575,4699,6608,6354,7979,9598,2699,5104,0,1,296,227,425,617,491,1062,610,1623,817,1259,679,594,3791,4580,2364,4318,34004,22513,8157,1232,21575,8,0,4,1
2021-04-14T23:59:59+02:00,0,1,678,851,1225,2173,1448,3422,2219,4931,3442,4604,5268,4950,7928,9533,2677,5067,0,1,288,222,422,611,484,1059,603,1615,812,1256,664,578,3778,4570,2360,4312,30771,22424,8144,1203,21498,7,0,4,1
2021-04-13T23:59:59+02:00,0,1,674,851,1216,2168,1432,3420,2211,4920,3422,4588,5248,4933,7922,9530,2676,5065,0,1,288,221,420,609,481,1056,601,1611,801,1253,646,573,3776,4567,2360,4312,30688,22403,8122,1165,21463,7,0,4,1
2021-04-12T23:59:59+02:00,0,1,669,843,1203,2158,1416,3409,2177,4905,3390,4564,5223,4917,7909,9518,2673,5032,0,1,287,220,418,609,479,1050,599,1607,793,1245,641,570,3770,4565,2359,4312,30555,22375,8076,1142,21372,7,0,4,1
2021-04-11T23:59:59+02:00,0,1,661,839,1187,2146,1397,3394,2109,4880,3271,4480,4806,4477,7239,8696,2666,5027,0,1,287,220,416,609,477,1048,594,1604,789,1243,637,567,3766,4560,2359,4312,30524,22368,5468,1113,21280,7,0,4,1
2021-04-10T23:59:59+02:00,0,1,661,837,1186,2145,1395,3390,2107,4877,3268,4473,4762,4430,7235,8690,2666,5026,0,1,281,217,414,598,464,1032,567,1587,757,1218,565,497,3197,3942,2310,4217,30401,20743,5465,1113,21279,7,0,4,1
2021-04-09T23:59:59+02:00,0,1,657,836,1178,2142,1390,3385,2075,4853,3190,4392,4564,4264,7200,8641,2662,5010,0,1,271,210,404,584,445,1016,540,1568,736,1195,485,436,2539,3123,2260,4121,29709,18814,5461,1112,21266,7,0,4,1
2021-04-08T23:59:59+02:00,0,1,647,826,1161,2130,1373,3353,2013,4799,3040,4281,3510,3110,6961,8277,2651,4995,0,1,258,202,387,566,421,1002,518,1537,703,1173,462,409,2529,3114,2256,4118,28902,18584,5411,1064,18811,7,0,4,1
2021-04-07T23:59:59+02:00,0,1,640,820,1148,2121,1355,3340,1904,4719,2718,4031,2901,2580,6849,8153,2626,4942,0,1,244,195,360,542,383,968,475,1503,666,1145,434,384,2468,3048,2251,4109,26718,18126,5390,1044,18736,6,0,4,0
2021-04-06T23:59:59+02:00,0,1,630,811,1108,2114,1331,3321,1786,4669,2437,3864,2448,2233,6770,8061,2604,4904,0,1,220,182,326,515,358,949,438,1480,631,1113,399,342,2413,2973,2245,4098,25113,17651,5371,1026,18604,6,0,4,0
2021-04-05T23:59:59+02:00,0,1,627,809,1097,2109,1325,3318,1777,4659,2422,3847,2156,1889,5661,6759,2602,4903,0,1,220,182,325,511,352,943,434,1478,627,1109,396,339,2411,2967,2245,4096,25081,17641,5359,989,15518,6,0,3,0
2021-04-04T23:59:59+02:00,0,1,626,808,1097,2109,1325,3317,1777,4659,2420,3845,2154,1886,5661,6755,2602,4903,0,1,220,182,324,511,352,943,433,1478,627,1109,396,339,2410,2967,2245,4096,25072,17638,5359,989,15511,6,0,3,0
2021-04-03T23:59:59+02:00,0,1,626,808,1097,2108,1325,3317,1776,4657,2416,3845,2153,1882,5660,6755,2602,4903,0,1,220,182,324,511,352,943,433,1478,626,1109,396,339,2410,2967,2245,4096,25066,17637,5355,989,15507,6,0,3,0
2021-04-02T23:59:59+02:00,0,1,626,807,1097,2108,1320,3316,1773,4651,2414,3842,2145,1873,5648,6739,2598,4891,0,1,220,182,324,509,352,942,432,1477,625,1098,394,339,2410,2966,2245,4096,24995,17617,5350,989,15501,6,0,3,0
2021-04-01T23:59:59+02:00,0,1,622,797,1077,2089,1222,3221,1682,4582,2155,3634,1416,1287,5439,6526,2588,4861,0,1,216,181,324,508,351,941,431,1475,625,1097,391,337,2410,2966,2245,4092,24884,17605,2849,980,15463,6,0,3,0
2021-03-31T23:59:59+02:00,0,1,620,796,1073,2085,1217,3213,1671,4577,2136,3621,1388,1254,5411,6471,2547,4761,0,1,215,181,323,507,350,941,431,1474,624,1095,388,334,2406,2965,2243,4090,24557,17590,2835,972,15447,6,0,3,0
2021-03-30T23:59:59+02:00,0,1,618,789,1068,2081,1211,3208,1661,4563,2129,3606,1341,1209,5323,6339,2500,4608,0,1,215,180,323,506,347,937,426,1471,617,1084,373,323,2302,2812,2120,3864,24021,16966,2813,929,15419,6,0,2,0
2021-03-29T23:59:59+02:00,0,1,616,787,1065,2072,1202,3201,1654,4550,2115,3593,1303,1175,5259,6243,2446,4476,0,1,214,179,321,504,345,935,424,1466,611,1079,366,318,2076,2544,1892,3483,23572,15826,2785,926,15399,6,0,2,0
2021-03-28T23:59:59+02:00,0,1,616,784,1063,2066,1199,3194,1649,4539,2109,3588,1287,1166,5248,6220,2434,4443,0,1,212,179,320,501,336,931,421,1459,608,1067,359,306,2071,2530,1891,3480,23461,15798,2767,871,15376,3,0,2,0
2021-03-27T23:59:59+01:00,0,1,564,723,983,1998,1118,3074,1530,4414,2007,3505,1218,1096,4643,5490,2434,4443,0,1,210,178,320,500,336,931,417,1457,607,1064,358,306,2070,2529,1891,3480,23444,15782,2762,871,13034,2,0,1,0
2021-03-26T23:59:59+01:00,0,1,561,718,976,1988,1116,3068,1520,4407,1990,3497,1174,1065,4613,5456,2433,4439,0,1,209,175,320,498,333,930,415,1456,602,1058,350,301,1661,1991,1464,2750,23249,13647,2752,865,13020,2,0,1,0
2021-03-25T23:59:59+01:00,0,1,558,712,964,1980,1113,3059,1513,4395,1974,3487,1163,1055,4605,5451,2433,4437,0,1,208,172,318,497,331,925,411,1450,598,1049,346,297,1564,1868,1427,2674,23202,13292,2744,842,12953,2,0,1,0
2021-03-24T23:59:59+01:00,0,1,556,706,956,1970,1100,3043,1484,4376,1959,3479,1127,1025,4578,5416,2428,4432,0,1,207,172,317,496,327,921,407,1442,588,1031,333,287,1235,1484,1271,2404,23061,12139,2718,782,12856,2,0,1,0
2021-03-23T23:59:59+01:00,0,1,554,701,950,1957,1096,3033,1477,4362,1949,3471,1114,1014,4558,5402,2428,4428,0,1,206,172,315,493,318,918,406,1442,582,1027,325,280,997,1217,1155,2223,22985,11315,2709,760,12800,2,0,1,0
2021-03-22T23:59:59+01:00,0,1,553,692,945,1943,1090,3024,1468,4346,1935,3461,1111,1010,4553,5401,2428,4427,0,1,205,172,314,491,317,916,403,1439,579,1023,321,276,996,1213,1155,2219,22960,11298,2693,740,12734,2,0,1,0
2021-03-21T23:59:59+01:00,0,1,550,689,943,1935,1087,3020,1460,4333,1923,3454,1108,1009,4553,5399,2428,4427,0,1,204,172,314,490,315,912,403,1434,573,1021,311,271,992,1208,1154,2219,22956,11295,2680,697,12682,2,0,1,0
2021-03-20T23:59:59+01:00,0,1,545,682,939,1918,1070,3003,1432,4315,1889,3424,1036,939,3969,4760,2377,4327,0,1,204,172,314,490,315,912,403,1434,573,1021,311,271,992,1208,1153,2218,21286,11293,2679,697,12660,2,0,1,0
2021-03-19T23:59:59+01:00,0,1,536,673,921,1890,1042,2983,1396,4289,1863,3393,949,875,3289,3924,2325,4228,0,1,201,172,312,490,314,909,401,1432,569,1015,308,270,979,1195,1122,2178,19293,11271,2667,595,12616,2,0,1,0
2021-03-18T23:59:59+01:00,0,1,523,660,904,1864,1019,2957,1356,4248,1818,3340,850,811,2774,3392,2301,4195,0,1,196,170,309,486,311,899,397,1426,567,1010,305,263,873,1097,1010,1984,19211,10885,1265,417,12536,2,0,1,0
2021-03-17T23:59:59+01:00,0,1,521,651,895,1845,1006,2936,1333,4226,1800,3324,820,786,2686,3299,2295,4189,0,1,194,169,307,484,308,898,390,1422,564,1006,302,258,630,822,702,1534,18900,9956,1226,35,12487,0,0,0,0
2021-03-16T23:59:59+01:00,0,1,519,642,886,1824,986,2920,1316,4214,1776,3307,790,775,2638,3218,2293,4183,0,1,194,169,305,484,307,895,387,1420,561,1002,296,254,383,581,512,1223,18690,8945,1186,29,12412,0,0,0,0
2021-03-15T23:59:59+01:00,0,1,519,632,881,1805,975,2898,1311,4207,1768,3297,784,771,2635,3216,2292,4183,0,1,193,169,304,483,306,895,387,1419,558,1002,296,254,383,580,511,1223,18675,8938,1161,26,12339,0,0,0,0
2021-03-14T23:59:59+01:00,0,1,517,626,873,1793,968,2890,1301,4194,1758,3284,779,766,2629,3213,2292,4183,0,1,193,169,303,483,305,893,385,1417,557,1002,295,254,383,580,511,1223,18669,8934,1131,20,12267,0,0,0,0
2021-03-13T23:59:59+01:00,0,1,496,575,780,1530,837,2507,1106,3630,1476,2856,699,678,2526,3088,2291,4182,0,1,193,169,303,483,305,893,385,1417,557,1002,295,254,383,580,511,1223,18665,8934,1131,20,9462,0,0,0,0
2021-03-12T23:59:59+01:00,0,1,482,492,716,1261,746,2110,934,2944,1229,2262,557,527,2482,3044,2291,4182,0,0,193,167,303,483,305,891,384,1417,557,999,295,253,370,559,462,1157,18635,8775,1130,20,6495,0,0,0,0
2021-03-11T23:59:59+01:00,0,1,458,456,682,1190,699,2004,874,2798,1146,2150,500,467,2468,3032,2290,4180,0,0,193,167,302,481,304,890,384,1414,556,999,295,252,357,542,413,1112,18438,8644,1082,17,5875,0,0,0,0
2021-03-10T23:59:59+01:00,0,1,444,446,648,1157,658,1970,832,2762,1113,2121,481,451,2454,3012,2289,4176,0,0,189,165,298,474,304,889,379,1408,550,992,291,246,232,443,179,842,18161,7870,1062,11,5792,0,0,0,0
2021-03-09T23:59:59+01:00,0,1,429,429,617,1127,635,1950,809,2734,1091,2097,459,430,2360,2870,2162,3945,0,0,189,165,296,472,303,888,378,1405,550,989,289,245,232,443,178,841,17394,7862,1045,1,5706,0,0,0,0
2021-03-08T23:59:59+01:00,0,1,416,408,595,1097,617,1928,793,2709,1069,2071,437,402,2129,2595,1933,3564,0,0,189,164,296,470,302,883,378,1399,550,987,288,243,232,442,178,841,16145,7841,1016,1,5603,0,0,0,0
2021-03-07T23:59:59+01:00,0,1,415,407,588,1079,603,1920,790,2696,1064,2061,436,401,2124,2587,1932,3561,0,0,189,164,295,469,302,882,378,1396,550,986,288,243,232,442,178,841,16117,7834,1006,1,5542,0,0,0,0
2021-03-06T23:59:59+01:00,0,1,415,404,584,1066,600,1918,783,2689,1060,2054,435,401,2124,2587,1932,3561,0,0,189,164,295,469,302,882,378,1396,550,985,287,243,232,442,178,841,16108,7832,1006,1,5500,0,0,0,0
2021-03-05T23:59:59+01:00,0,1,409,389,578,1054,594,1909,778,2679,1053,2046,421,393,1703,2029,1500,2809,0,0,187,159,291,469,299,880,376,1393,548,981,287,243,232,442,178,841,13888,7805,1006,1,5451,0,0,0,0
2021-03-04T23:59:59+01:00,0,1,398,364,550,1015,575,1852,747,2625,1032,1996,417,389,1610,1909,1460,2732,0,0,176,151,280,456,298,872,374,1379,546,977,286,243,232,442,178,841,13528,7730,1000,1,5144,0,0,0,0
2021-03-03T23:59:59+01:00,0,1,395,358,543,984,557,1820,723,2578,1014,1956,409,383,1283,1528,1301,2456,0,0,175,150,279,455,297,871,370,1372,543,970,284,241,231,441,176,836,12360,7690,991,1,4938,0,0,0,0
2021-03-02T23:59:59+01:00,0,1,391,353,535,950,543,1799,714,2554,1003,1937,398,373,1037,1261,1181,2272,0,0,175,148,278,445,293,865,370,1363,543,964,284,241,231,441,176,836,11530,7652,954,1,4818,0,0,0,0
2021-03-01T23:59:59+01:00,0,1,389,346,526,927,524,1768,705,2530,993,1920,394,366,1036,1254,1181,2267,0,0,175,146,278,436,290,855,367,1348,539,958,282,239,230,440,176,836,11508,7594,919,1,4700,0,0,0,0
2021-02-28T23:59:59+01:00,0,1,385,343,523,919,516,1757,701,2518,988,1905,389,361,1036,1252,1181,2267,0,0,173,145,278,435,290,854,367,1348,538,958,282,239,230,440,176,836,11502,7588,891,1,4649,0,0,0,0
2021-02-27T23:59:59+01:00,0,1,384,341,518,912,514,1751,698,2509,985,1903,388,360,1036,1252,1180,2267,0,0,173,145,278,435,290,854,367,1348,537,958,282,239,230,440,176,836,11501,7587,891,1,4607,0,0,0,0
2021-02-26T23:59:59+01:00,0,1,337,299,450,740,437,1443,571,2091,814,1563,360,330,1036,1249,1180,2267,0,0,173,143,278,431,288,846,365,1340,535,955,282,239,230,440,176,836,11491,7556,880,1,2797,0,0,0,0
2021-02-25T23:59:59+01:00,0,1,317,290,439,719,425,1407,556,2043,794,1531,352,322,950,1156,1107,2141,0,0,122,130,258,426,279,833,353,1324,530,948,282,237,230,440,176,836,11080,7404,849,0,2621,0,0,0,0
2021-02-24T23:59:59+01:00,0,1,312,284,434,703,418,1372,541,1995,772,1487,345,309,741,922,920,1832,0,0,122,124,256,420,276,823,351,1311,523,942,279,234,228,439,176,834,10132,7338,808,0,2448,0,0,0,0
2021-02-23T23:59:59+01:00,0,1,310,272,426,689,407,1347,533,1960,752,1468,331,299,488,673,729,1525,0,0,122,123,255,418,274,817,351,1305,522,934,278,233,227,439,174,833,9120,7305,763,0,2327,0,0,0,0
2021-02-22T23:59:59+01:00,0,1,310,271,425,682,406,1342,529,1949,747,1464,331,297,487,671,729,1524,0,0,122,118,250,408,273,800,347,1279,517,926,274,232,227,439,174,833,9115,7219,752,0,2298,0,0,0,0
2021-02-21T23:59:59+01:00,0,1,307,270,423,676,403,1333,526,1941,741,1460,320,292,483,666,727,1524,0,0,122,118,249,407,272,797,344,1276,510,922,273,231,226,438,173,822,9110,7180,710,0,2273,0,0,0,0
2021-02-20T23:59:59+01:00,0,1,307,267,423,674,403,1325,525,1932,739,1456,320,292,483,666,727,1524,0,0,122,118,249,407,272,797,344,1276,509,922,273,231,226,438,173,822,9110,7179,710,0,2244,0,0,0,0
2021-02-19T23:59:59+01:00,0,0,261,241,391,598,369,1156,467,1719,630,1246,311,276,457,630,646,1415,0,0,122,118,249,407,271,797,344,1276,509,922,273,231,226,438,173,822,8889,7178,603,0,1321,0,0,0,0
2021-02-18T23:59:59+01:00,0,0,260,236,383,589,358,1134,454,1701,620,1239,311,274,403,582,533,1283,0,0,119,115,245,401,264,790,341,1267,505,921,271,229,226,438,173,822,8700,7127,423,0,1237,0,0,0,0
2021-02-17T23:59:59+01:00,0,0,254,232,371,575,351,1125,431,1685,612,1227,306,267,242,446,187,866,0,0,111,102,242,395,259,774,335,1251,499,910,267,226,225,438,173,822,7962,7029,33,0,1182,0,0,0,0
2021-02-16T23:59:59+01:00,0,0,253,230,360,573,341,1116,423,1671,607,1220,303,264,241,445,187,866,0,0,83,89,222,369,248,744,318,1211,467,875,245,211,217,418,172,815,7953,6704,29,0,1118,0,0,0,0
2021-02-15T23:59:59+01:00,0,0,249,229,357,568,339,1109,421,1659,602,1214,303,264,241,444,186,866,0,0,82,87,218,358,241,732,308,1184,451,852,232,204,204,394,165,758,7939,6470,26,0,1086,0,0,0,0
2021-02-14T23:59:59+01:00,0,0,248,227,351,565,335,1100,417,1653,599,1211,303,264,241,444,186,866,0,0,78,85,211,353,238,724,303,1171,447,837,231,202,204,383,165,748,7929,6380,21,0,1060,0,0,0,0
2021-02-13T23:59:59+01:00,0,0,248,227,351,565,335,1100,415,1653,599,1210,302,264,241,444,186,866,0,0,78,85,211,352,238,724,303,1171,447,837,231,202,204,383,165,748,7927,6379,21,0,1058,0,0,0,0
2021-02-12T23:59:59+01:00,0,0,193,167,303,486,308,903,382,1417,563,997,294,249,240,444,186,866,0,0,75,84,208,351,236,721,297,1167,444,832,227,199,204,381,165,748,7914,6339,21,0,63,0,0,0,0
2021-02-11T23:59:59+01:00,0,0,191,166,297,473,304,889,376,1397,553,990,294,249,240,444,186,866,0,0,74,81,198,325,226,677,277,1116,426,782,226,196,204,376,165,745,7871,6094,18,0,26,0,0,0,0
2021-02-10T23:59:59+01:00,0,0,189,159,293,469,301,884,370,1386,549,982,292,247,238,443,186,864,0,0,69,76,181,297,215,617,260,1032,401,730,217,181,190,346,150,694,7828,5656,12,0,12,0,0,0,0
2021-02-09T23:59:59+01:00,0,0,184,153,289,461,300,875,370,1376,547,973,289,246,238,443,185,863,0,0,60,60,143,233,186,512,222,840,346,594,195,155,168,309,140,617,7784,4780,3,0,5,0,0,0,0
2021-02-08T23:59:59+01:00,0,0,178,147,285,449,295,865,366,1356,541,966,285,242,237,442,183,859,0,0,33,47,98,144,137,285,163,460,252,387,164,127,139,251,115,512,7688,3314,3,0,5,0,0,0,0
2021-02-07T23:59:59+01:00,0,0,176,145,283,448,294,863,365,1355,540,965,284,241,237,442,183,859,0,0,19,40,80,122,132,264,154,426,236,361,154,122,129,240,108,474,7678,3061,2,0,0,0,0,0,0
2021-02-06T23:59:59+01:00,0,0,176,145,283,448,294,863,365,1355,540,965,284,241,237,442,183,859,0,0,19,37,78,119,122,249,143,409,205,340,139,118,128,235,107,463,7678,2911,2,0,0,0,0,0,0
2021-02-05T23:59:59+01:00,0,0,176,143,283,444,293,852,363,1347,536,962,284,240,237,442,183,858,0,0,18,33,75,114,115,235,137,382,188,322,134,113,124,230,99,446,7641,2765,2,0,0,0,0,0,0
2021-02-04T23:59:59+01:00,0,0,168,138,282,440,286,843,359,1336,527,953,283,238,236,441,183,856,0,0,11,20,48,76,86,178,114,290,155,263,116,99,112,210,89,402,7568,2269,1,0,0,0,0,0,0
2021-02-03T23:59:59+01:00,0,0,150,131,272,434,283,836,357,1325,527,951,283,238,235,441,183,855,0,0,11,18,41,65,77,143,90,258,134,222,97,85,97,181,80,354,7500,1953,1,0,0,0,0,0,0
2021-02-02T23:59:59+01:00,0,0,130,126,260,432,280,828,352,1319,526,944,282,238,234,441,182,854,0,0,11,15,33,59,65,121,75,213,103,172,65,60,72,118,55,227,7427,1464,1,0,0,0,0,0,0
2021-02-01T23:59:59+01:00,0,0,125,121,255,417,278,811,350,1293,520,932,277,236,234,441,182,854,0,0,4,9,18,31,34,66,46,118,59,71,30,31,32,52,30,111,7325,742,1,0,0,0,0,0,0
2021-01-31T23:59:59+01:00,0,0,124,118,253,414,276,807,348,1287,515,930,277,233,233,440,182,854,0,0,4,6,13,22,29,47,32,72,39,43,16,11,16,32,24,65,7290,471,1,0,0,0,0,0,0
2021-01-30T23:59:59+01:00,0,0,124,118,253,414,276,806,348,1286,514,930,277,233,233,440,182,854,0,0,4,6,12,19,26,40,27,64,36,41,16,11,16,32,24,65,7287,439,1,0,0,0,0,0,0
2021-01-29T23:59:59+01:00,0,0,124,118,253,414,275,806,348,1286,514,930,277,233,233,440,182,854,0,0,4,6,6,18,24,32,22,56,32,38,16,11,16,31,23,64,7286,399,1,0,0,0,0,0,0
2021-01-28T23:59:59+01:00,0,0,122,115,249,407,271,799,345,1279,509,929,277,233,233,440,182,854,0,0,1,3,2,8,16,14,12,27,12,23,12,7,9,18,8,27,7243,199,1,0,0,0,0,0,0
2021-01-27T23:59:59+01:00,0,0,114,105,247,402,268,790,340,1272,503,922,272,230,232,439,182,854,0,0,0,0,1,4,12,12,8,20,10,17,11,7,9,18,8,27,7171,164,1,0,0,0,0,0,0
2021-01-26T23:59:59+01:00,0,0,88,93,229,385,260,765,328,1234,477,891,252,218,222,421,182,846,0,0,0,0,1,4,12,12,8,20,10,17,11,7,9,18,8,27,6890,164,1,0,0,0,0,0,0
2021-01-25T23:59:59+01:00,0,0,85,88,227,365,247,745,314,1201,459,866,235,211,211,399,177,790,0,0,0,0,1,4,12,10,7,13,7,13,11,7,9,18,8,27,6620,147,0,0,0,0,0,0,0
2021-01-24T23:59:59+01:00,0,0,85,86,223,361,246,740,311,1188,457,851,234,209,211,388,177,779,0,0,0,0,1,4,11,10,7,13,7,13,11,7,9,18,8,27,6546,146,0,0,0,0,0,0,0
2021-01-23T23:59:59+01:00,0,0,85,86,223,361,246,740,311,1188,457,851,234,209,211,388,177,779,0,0,0,0,1,4,11,10,7,13,7,13,11,7,9,18,8,27,6546,146,0,0,0,0,0,0,0
2021-01-22T23:59:59+01:00,0,0,85,85,221,358,246,737,308,1184,453,848,232,208,211,387,177,779,0,0,0,0,1,4,11,10,7,13,7,13,11,7,9,18,8,27,6519,146,0,0,0,0,0,0,0
2021-01-21T23:59:59+01:00,0,0,85,82,208,328,236,693,283,1135,438,814,231,204,210,381,176,776,0,0,0,0,1,2,9,9,6,12,6,11,11,7,9,18,8,27,6280,136,0,0,0,0,0,0,0
2021-01-20T23:59:59+01:00,0,0,79,77,193,305,224,627,269,1043,409,754,222,192,195,350,162,724,0,0,0,0,1,2,9,9,6,12,6,11,11,7,9,18,8,27,5825,136,0,0,0,0,0,0,0
2021-01-19T23:59:59+01:00,0,0,71,67,154,256,204,564,243,920,369,645,201,166,169,308,148,634,0,0,0,0,1,2,3,7,6,11,4,9,8,6,9,18,8,27,5119,119,0,0,0,0,0,0,0
2021-01-18T23:59:59+01:00,0,0,59,59,131,213,183,461,216,762,329,552,182,145,144,257,126,545,0,0,0,0,0,1,2,4,3,6,2,7,7,6,9,18,8,25,4364,98,0,0,0,0,0,0,0
2021-01-17T23:59:59+01:00,0,0,40,47,107,183,168,402,200,678,305,497,173,138,131,239,109,485,0,0,0,0,0,0,2,4,2,6,2,5,4,4,7,14,6,23,3902,79,0,0,0,0,0,0,0
2021-01-16T23:59:59+01:00,0,0,33,44,107,180,158,385,185,658,274,476,157,133,130,233,108,473,0,0,0,0,0,0,0,0,0,0,0,0,0,0,0,0,0,0,3734,0,0,0,0,0,0,0,0
2021-01-15T23:59:59+01:00,0,0,31,40,104,175,147,371,179,628,255,454,152,124,126,227,99,455,0,0,0,0,0,0,0,0,0,0,0,0,0,0,0,0,0,0,3567,0,0,0,0,0,0,0,0
2021-01-14T23:59:59+01:00,0,0,13,23,50,76,85,174,115,290,150,264,124,105,112,207,87,410,0,0,0,0,0,0,0,0,0,0,0,0,0,0,0,0,0,0,2285,0,0,0,0,0,0,0,0
2021-01-13T23:59:59+01:00,0,0,12,20,40,65,77,139,93,260,125,227,95,83,92,166,68,328,0,0,0,0,0,0,0,0,0,0,0,0,0,0,0,0,0,0,1890,0,0,0,0,0,0,0,0
2021-01-12T23:59:59+01:00,0,0,12,15,36,61,64,115,78,211,96,173,62,55,62,100,40,192,0,0,0,0,0,0,0,0,0,0,0,0,0,0,0,0,0,0,1372,0,0,0,0,0,0,0,0
2021-01-11T23:59:59+01:00,0,0,4,10,25,43,40,83,57,143,59,86,33,30,27,43,19,84,0,0,0,0,0,0,0,0,0,0,0,0,0,0,0,0,0,0,786,0,0,0,0,0,0,0,0
2021-01-10T23:59:59+01:00,0,0,3,6,18,31,35,58,38,96,38,54,16,10,10,22,13,37,0,0,0,0,0,0,0,0,0,0,0,0,0,0,0,0,0,0,485,0,0,0,0,0,0,0,0
2021-01-09T23:59:59+01:00,0,0,3,6,17,27,34,54,33,86,36,53,16,10,10,22,13,37,0,0,0,0,0,0,0,0,0,0,0,0,0,0,0,0,0,0,457,0,0,0,0,0,0,0,0
2021-01-08T23:59:59+01:00,0,0,3,6,14,26,30,44,27,77,32,49,15,10,9,20,12,36,0,0,0,0,0,0,0,0,0,0,0,0,0,0,0,0,0,0,410,0,0,0,0,0,0,0,0
2021-01-07T23:59:59+01:00,0,0,1,4,2,9,16,14,14,28,13,24,12,8,9,18,9,29,0,0,0,0,0,0,0,0,0,0,0,0,0,0,0,0,0,0,210,0,0,0,0,0,0,0,0
2021-01-06T23:59:59+01:00,0,0,1,0,2,4,14,12,9,22,11,19,12,8,9,18,9,29,0,0,0,0,0,0,0,0,0,0,0,0,0,0,0,0,0,0,179,0,0,0,0,0,0,0,0
2021-01-05T23:59:59+01:00,0,0,0,0,1,4,13,12,8,20,10,19,11,8,9,18,9,29,0,0,0,0,0,0,0,0,0,0,0,0,0,0,0,0,0,0,171,0,0,0,0,0,0,0,0
2021-01-04T23:59:59+01:00,0,0,0,0,1,4,13,11,7,16,8,17,11,8,9,18,9,29,0,0,0,0,0,0,0,0,0,0,0,0,0,0,0,0,0,0,161,0,0,0,0,0,0,0,0
2021-01-03T23:59:59+01:00,0,0,0,0,1,4,12,10,7,13,6,14,11,8,9,18,9,29,0,0,0,0,0,0,0,0,0,0,0,0,0,0,0,0,0,0,151,0,0,0,0,0,0,0,0
2021-01-02T23:59:59+01:00,0,0,0,0,1,4,12,10,7,13,6,14,11,8,9,18,9,29,0,0,0,0,0,0,0,0,0,0,0,0,0,0,0,0,0,0,151,0,0,0,0,0,0,0,0
2021-01-01T23:59:59+01:00,0,0,0,0,1,4,12,10,7,13,6,14,11,8,9,18,9,29,0,0,0,0,0,0,0,0,0,0,0,0,0,0,0,0,0,0,151,0,0,0,0,0,0,0,0
2020-12-31T23:59:59+01:00,0,0,0,0,1,4,12,10,7,13,6,14,11,8,9,18,9,29,0,0,0,0,0,0,0,0,0,0,0,0,0,0,0,0,0,0,151,0,0,0,0,0,0,0,0
2020-12-30T23:59:59+01:00,0,0,0,0,1,4,12,10,7,13,6,14,11,8,9,18,9,29,0,0,0,0,0,0,0,0,0,0,0,0,0,0,0,0,0,0,151,0,0,0,0,0,0,0,0
2020-12-29T23:59:59+01:00,0,0,0,0,1,4,8,9,7,13,4,12,11,8,9,18,9,29,0,0,0,0,0,0,0,0,0,0,0,0,0,0,0,0,0,0,142,0,0,0,0,0,0,0,0
2020-12-28T23:59:59+01:00,0,0,0,0,1,1,5,7,7,7,2,9,11,8,9,18,9,29,0,0,0,0,0,0,0,0,0,0,0,0,0,0,0,0,0,0,123,0,0,0,0,0,0,0,0
2020-12-27T23:59:59+01:00,0,0,0,0,0,0,2,4,2,6,1,6,5,6,8,15,8,26,0,0,0,0,0,0,0,0,0,0,0,0,0,0,0,0,0,0,89,0,0,0,0,0,0,0,0
