Datum,<15_1_m,<15_1_w,15-24_1_m,15-24_1_w,25-34_1_m,25-34_1_w,35-44_1_m,35-44_1_w,45-54_1_m,45-54_1_w,55-64_1_m,55-64_1_w,65-74_1_m,65-74_1_w,75-84_1_m,75-84_1_w,>84_1_m,>84_1_w,<15_2_m,<15_2_w,15-24_2_m,15-24_2_w,25-34_2_m,25-34_2_w,35-44_2_m,35-44_2_w,45-54_2_m,45-54_2_w,55-64_2_m,55-64_2_w,65-74_2_m,65-74_2_w,75-84_2_m,75-84_2_w,>84_2_m,>84_2_w,bp_1,bp_2,mo_1,mo_2,az_1,az_2,ja,unb_1,unb_2
2021-11-22T23:59:59+01:00,2550,2472,11213,10377,12078,11373,14562,14935,18441,18712,21409,21309,16652,17375,9261,11285,2994,5773,1939,1894,10114,9492,11117,10386,13623,13983,17519,17850,20734,20609,16338,17029,9091,11057,2909,5608,161702,151709,20808,20063,27895,27138,12367,16,15
2021-11-21T23:59:59+01:00,2531,2454,11210,10372,12071,11360,14559,14926,18436,18705,21399,21298,16649,17371,9261,11281,2992,5769,1939,1890,10110,9488,11107,10379,13620,13980,17508,17843,20730,20604,16335,17025,9090,11055,2908,5606,161575,151635,20808,20062,27895,27138,12367,16,15
2021-11-20T23:59:59+01:00,2516,2439,11180,10360,12041,11333,14523,14896,18408,18681,21381,21280,16640,17363,9260,11280,2992,5768,1937,1887,10083,9472,11079,10357,13599,13965,17477,17825,20714,20592,16330,17017,9089,11053,2907,5605,161324,151413,20756,20055,27895,27138,12367,16,15
2021-11-19T23:59:59+01:00,2473,2394,11110,10291,11990,11276,14469,14835,18364,18638,21350,21253,16626,17344,9253,11275,2991,5766,1921,1867,10038,9444,11048,10324,13553,13926,17444,17798,20683,20561,16319,17010,9085,11046,2907,5601,160685,151006,20752,20049,27895,27138,12367,16,15
2021-11-18T23:59:59+01:00,2428,2363,11068,10253,11948,11235,14432,14786,18333,18606,21331,21244,16621,17336,9248,11270,2991,5765,1915,1851,10011,9430,11026,10306,13532,13905,17427,17783,20670,20547,16316,17006,9080,11043,2906,5600,160261,150789,20738,20047,27895,27138,12365,16,15
2021-11-17T23:59:59+01:00,2381,2322,11003,10210,11901,11192,14396,14734,18300,18568,21294,21212,16612,17316,9243,11263,2987,5757,1905,1836,9993,9408,11006,10281,13503,13881,17406,17754,20650,20526,16297,16989,9075,11037,2905,5598,159701,150491,20733,20043,27895,27138,12363,16,15
2021-11-16T23:59:59+01:00,2369,2301,10974,10185,11872,11155,14369,14711,18272,18540,21275,21186,16602,17306,9238,11253,2986,5755,1899,1832,9982,9399,10996,10265,13491,13870,17399,17746,20640,20518,16288,16983,9070,11032,2905,5597,159476,150377,20619,20022,27895,27138,12360,16,15
2021-11-15T23:59:59+01:00,2341,2281,10937,10154,11843,11118,14348,14674,18243,18509,21262,21168,16592,17301,9238,11248,2985,5748,1893,1816,9941,9377,10976,10246,13477,13846,17381,17728,20622,20506,16281,16974,9068,11027,2904,5595,159134,150130,20607,20020,27895,27138,12355,16,15
2021-11-14T23:59:59+01:00,2337,2276,10918,10140,11822,11105,14328,14662,18229,18496,21254,21157,16589,17297,9236,11247,2983,5748,1891,1812,9936,9368,10967,10238,13470,13840,17373,17723,20619,20502,16277,16974,9065,11024,2903,5594,158989,150058,20591,20015,27895,27138,12350,16,15
2021-11-13T23:59:59+01:00,2334,2275,10911,10134,11815,11102,14323,14660,18226,18488,21251,21155,16589,17296,9235,11247,2983,5748,1891,1812,9929,9365,10966,10236,13469,13839,17372,17719,20617,20500,16275,16972,9065,11023,2903,5594,158949,150037,20585,20013,27895,27138,12344,16,15
2021-11-12T23:59:59+01:00,2324,2273,10888,10109,11805,11086,14305,14655,18217,18479,21248,21149,16584,17295,9235,11247,2982,5748,1887,1811,9923,9362,10959,10230,13465,13836,17370,17715,20613,20496,16274,16972,9065,11022,2903,5594,158810,149994,20584,20010,27895,27138,12340,16,15
2021-11-11T23:59:59+01:00,2312,2257,10837,10073,11772,11055,14269,14625,18191,18460,21237,21133,16582,17294,9234,11241,2981,5748,1884,1803,9899,9342,10942,10220,13447,13828,17364,17703,20601,20486,16274,16970,9065,11021,2903,5594,158506,149874,20566,19985,27895,27138,12334,16,15
2021-11-10T23:59:59+01:00,2294,2244,10799,10037,11734,11023,14236,14593,18162,18440,21228,21122,16578,17290,9232,11235,2980,5747,1874,1789,9878,9326,10927,10199,13428,13814,17349,17688,20594,20480,16273,16965,9063,11018,2903,5593,158197,149733,20556,19952,27895,27135,12326,16,15
2021-11-09T23:59:59+01:00,2266,2213,10776,10017,11715,10992,14222,14577,18144,18425,21217,21110,16568,17281,9230,11231,2980,5743,1868,1784,9862,9313,10915,10184,13420,13803,17342,17676,20584,20470,16267,16956,9061,11016,2901,5591,157952,149632,20536,19907,27895,27135,12324,16,15
2021-11-08T23:59:59+01:00,2243,2183,10736,9969,11675,10954,14197,14555,18118,18413,21200,21096,16564,17275,9227,11227,2980,5740,1861,1778,9831,9293,10896,10162,13410,13791,17335,17662,20570,20458,16262,16947,9058,11012,2899,5590,157610,149496,20529,19852,27895,27134,12318,16,15
2021-11-07T23:59:59+01:00,2215,2163,10703,9955,11653,10935,14176,14544,18101,18401,21194,21088,16561,17273,9225,11223,2980,5738,1858,1772,9817,9287,10885,10152,13399,13780,17323,17646,20558,20451,16256,16941,9057,11008,2899,5590,157407,149431,20517,19791,27895,27133,12309,16,15
2021-11-06T23:59:59+01:00,2180,2131,10640,9901,11597,10865,14114,14494,18053,18368,21173,21063,16554,17264,9222,11220,2979,5737,1856,1770,9809,9281,10880,10148,13392,13775,17318,17640,20553,20449,16255,16938,9055,11008,2899,5589,156839,149371,20516,19791,27895,27133,12305,16,15
2021-11-05T23:59:59+01:00,2141,2091,10578,9847,11534,10815,14060,14437,17998,18314,21141,21036,16547,17252,9219,11216,2978,5737,1847,1756,9791,9267,10870,10136,13376,13764,17304,17626,20543,20439,16249,16930,9053,11004,2899,5589,156230,149205,20516,19790,27895,27133,12300,16,15
2021-11-04T23:59:59+01:00,2110,2053,10553,9830,11518,10802,14042,14421,17990,18304,21134,21028,16544,17248,9216,11213,2977,5734,1834,1741,9776,9243,10853,10114,13357,13745,17293,17608,20529,20422,16245,16924,9048,10996,2894,5582,156026,148978,20503,19785,27895,27133,12293,16,15
2021-11-03T23:59:59+01:00,2083,2028,10510,9796,11479,10763,14004,14399,17964,18278,21114,21008,16537,17243,9213,11211,2975,5731,1824,1730,9754,9228,10838,10100,13339,13724,17283,17594,20517,20413,16239,16917,9044,10994,2891,5576,155660,148786,20495,19785,27895,27133,12286,16,15
2021-11-02T23:59:59+01:00,2063,2013,10496,9783,11464,10745,13990,14387,17950,18268,21103,20997,16537,17240,9213,11206,2975,5729,1813,1716,9732,9208,10823,10082,13327,13709,17274,17583,20510,20406,16232,16910,9041,10991,2888,5572,155489,148606,20495,19783,27895,27133,12280,16,15
2021-11-01T23:59:59+01:00,2054,2001,10485,9762,11441,10731,13971,14380,17938,18259,21097,20993,16534,17239,9213,11206,2975,5728,1798,1697,9711,9187,10803,10066,13311,13691,17265,17577,20501,20397,16227,16904,9038,10989,2888,5569,155348,148422,20490,19775,27895,27133,12274,16,15
2021-10-31T23:59:59+01:00,2054,2001,10484,9761,11440,10730,13970,14379,17938,18259,21096,20993,16534,17238,9213,11205,2975,5728,1795,1695,9710,9187,10803,10065,13311,13691,17264,17576,20500,20397,16225,16902,9037,10988,2888,5569,155339,148406,20490,19775,27895,27133,12274,16,15
2021-10-30T23:59:59+02:00,2047,1992,10439,9740,11388,10696,13926,14341,17879,18225,21063,20971,16530,17233,9213,11203,2974,5727,1795,1695,9708,9184,10799,10062,13309,13690,17262,17572,20494,20393,16225,16901,9037,10988,2888,5569,154928,148374,20490,19775,27895,27133,12274,16,15
2021-10-29T23:59:59+02:00,2033,1973,10401,9719,11346,10659,13892,14300,17842,18192,21041,20952,16523,17227,9211,11202,2973,5726,1792,1695,9700,9180,10795,10056,13299,13682,17251,17567,20486,20386,16222,16900,9037,10986,2888,5568,154558,148300,20490,19773,27895,27133,12269,16,15
2021-10-28T23:59:59+02:00,2025,1965,10385,9708,11328,10649,13875,14293,17832,18180,21031,20949,16521,17226,9208,11199,2973,5724,1786,1694,9679,9167,10783,10044,13288,13674,17243,17561,20482,20381,16220,16898,9037,10983,2888,5567,154436,148202,20487,19771,27894,27133,12254,16,15
2021-10-27T23:59:59+02:00,2014,1955,10371,9700,11313,10641,13858,14282,17821,18173,21025,20945,16521,17220,9207,11195,2971,5720,1763,1665,9646,9128,10767,10008,13269,13644,17223,17545,20468,20371,16208,16895,9037,10982,2885,5565,154311,147907,20478,19765,27894,27133,12249,16,15
2021-10-26T23:59:59+02:00,2003,1939,10352,9683,11295,10631,13840,14267,17813,18160,21018,20939,16520,17219,9202,11189,2971,5718,1727,1629,9581,9063,10739,9970,13245,13610,17199,17515,20455,20359,16201,16884,9033,10976,2884,5563,154148,147483,20478,19764,27894,27132,12239,16,15
2021-10-25T23:59:59+02:00,2001,1936,10336,9676,11286,10625,13838,14262,17808,18157,21016,20936,16518,17218,9201,11188,2971,5718,1724,1623,9576,9060,10735,9968,13240,13609,17194,17512,20452,20359,16199,16883,9033,10973,2884,5561,154087,147440,20477,19764,27893,27132,12234,16,15
2021-10-24T23:59:59+02:00,1995,1932,10325,9670,11273,10620,13833,14258,17805,18155,21012,20932,16517,17218,9201,11185,2970,5717,1714,1617,9559,9047,10727,9959,13235,13602,17192,17509,20446,20359,16198,16881,9033,10972,2882,5561,154022,147354,20475,19764,27893,27132,12228,16,15
2021-10-23T23:59:59+02:00,1992,1929,10287,9642,11237,10595,13803,14229,17776,18133,20991,20917,16511,17209,9198,11180,2970,5715,1714,1616,9558,9046,10727,9956,13232,13599,17191,17509,20446,20359,16198,16880,9033,10971,2882,5561,153720,147341,20475,19764,27893,27132,12226,16,15
2021-10-22T23:59:59+02:00,1981,1916,10256,9621,11223,10564,13765,14212,17756,18114,20967,20900,16505,17209,9197,11178,2970,5715,1706,1607,9540,9036,10720,9945,13223,13587,17188,17501,20441,20356,16195,16875,9032,10970,2881,5558,153466,147234,20473,19764,27893,27131,12217,16,15
2021-10-21T23:59:59+02:00,1976,1913,10250,9615,11206,10553,13752,14209,17746,18109,20964,20899,16504,17208,9195,11178,2970,5714,1700,1598,9529,9029,10715,9934,13219,13574,17180,17494,20437,20349,16193,16874,9031,10968,2881,5558,153385,147144,20469,19759,27893,27131,12214,16,15
2021-10-20T23:59:59+02:00,1967,1904,10230,9605,11195,10534,13742,14201,17741,18099,20956,20894,16501,17204,9193,11175,2970,5714,1682,1579,9505,8994,10701,9913,13201,13554,17160,17478,20423,20336,16191,16868,9029,10965,2879,5558,153256,146904,20467,19757,27893,27131,12209,16,15
2021-10-19T23:59:59+02:00,1962,1898,10218,9598,11186,10524,13735,14196,17735,18095,20949,20890,16500,17202,9193,11175,2969,5713,1660,1559,9461,8950,10668,9882,13176,13528,17133,17455,20412,20325,16182,16855,9024,10962,2879,5557,153180,146566,20465,19756,27893,27131,12200,16,15
2021-10-18T23:59:59+02:00,1956,1881,10189,9580,11170,10508,13726,14182,17721,18088,20937,20882,16496,17197,9190,11169,2969,5710,1634,1539,9431,8911,10643,9856,13153,13499,17111,17439,20395,20311,16173,16847,9016,10952,2878,5554,152995,146243,20464,19754,27893,27131,12199,16,15
2021-10-17T23:59:59+02:00,1956,1880,10184,9579,11167,10504,13722,14180,17719,18084,20934,20881,16493,17197,9190,11169,2967,5708,1634,1536,9429,8907,10636,9854,13151,13498,17106,17434,20393,20310,16172,16846,9016,10951,2878,5554,152961,146210,20463,19752,27893,27131,12197,16,15
2021-10-16T23:59:59+02:00,1952,1876,10174,9573,11162,10504,13716,14169,17716,18082,20929,20879,16491,17193,9188,11168,2967,5707,1634,1536,9429,8906,10635,9854,13150,13497,17106,17432,20392,20310,16172,16846,9016,10951,2878,5554,152894,146204,20463,19752,27893,27131,12196,16,15
2021-10-15T23:59:59+02:00,1949,1872,10166,9560,11155,10498,13708,14157,17707,18071,20924,20867,16490,17192,9187,11167,2967,5706,1630,1529,9413,8892,10625,9847,13141,13490,17102,17427,20386,20305,16170,16846,9016,10951,2877,5554,152794,146111,20463,19751,27893,27131,12193,16,15
2021-10-14T23:59:59+02:00,1944,1864,10154,9549,11146,10483,13692,14149,17701,18061,20913,20856,16487,17189,9187,11164,2966,5704,1623,1526,9403,8879,10616,9836,13132,13482,17096,17422,20376,20297,16164,16840,9013,10950,2877,5554,152702,146017,20432,19742,27893,27131,12181,16,15
2021-10-13T23:59:59+02:00,1940,1853,10139,9530,11132,10476,13678,14139,17686,18050,20906,20848,16484,17181,9184,11158,2964,5703,1614,1519,9392,8860,10602,9823,13119,13469,17084,17411,20371,20287,16162,16834,9008,10941,2876,5551,152583,145938,20395,19661,27893,27130,12179,16,15
2021-10-12T23:59:59+02:00,1930,1844,10124,9517,11122,10459,13673,14134,17684,18044,20900,20845,16482,17178,9182,11157,2964,5703,1602,1509,9364,8837,10593,9808,13106,13453,17071,17401,20361,20278,16153,16825,9003,10933,2875,5543,152543,145813,20327,19579,27893,27130,12178,16,15
2021-10-11T23:59:59+02:00,1921,1835,10105,9501,11104,10450,13659,14126,17674,18028,20892,20835,16476,17176,9179,11153,2963,5701,1574,1482,9332,8797,10572,9777,13083,13425,17057,17386,20349,20269,16144,16821,9000,10929,2874,5539,152443,145664,20268,19428,27893,27130,12173,16,15
2021-10-10T23:59:59+02:00,1920,1830,10095,9494,11099,10443,13649,14119,17666,18020,20882,20829,16476,17176,9176,11149,2962,5701,1572,1481,9325,8793,10564,9773,13077,13420,17052,17383,20344,20269,16143,16821,8998,10926,2874,5537,152418,145620,20205,19418,27893,27130,12169,16,15
2021-10-09T23:59:59+02:00,1920,1830,10095,9494,11098,10443,13649,14119,17665,18020,20882,20829,16476,17176,9176,11149,2962,5701,1571,1481,9322,8789,10564,9771,13076,13419,17050,17383,20343,20268,16143,16821,8998,10926,2874,5537,152417,145607,20204,19415,27893,27130,12169,16,15
2021-10-08T23:59:59+02:00,1911,1821,10080,9486,11089,10437,13639,14108,17655,18012,20872,20824,16469,17170,9175,11146,2961,5700,1565,1474,9316,8780,10558,9765,13070,13412,17048,17380,20342,20267,16141,16820,8998,10925,2874,5537,152290,145551,20204,19409,27893,27130,12167,16,15
2021-10-07T23:59:59+02:00,1899,1807,10050,9453,11061,10409,13610,14090,17647,17999,20854,20811,16463,17165,9172,11142,2960,5698,1559,1466,9304,8761,10549,9749,13064,13401,17043,17371,20334,20262,16137,16816,8994,10922,2874,5536,152047,145440,20199,19407,27893,27130,12150,16,15
2021-10-06T23:59:59+02:00,1881,1783,10024,9433,11045,10394,13594,14070,17639,17987,20842,20802,16459,17160,9169,11140,2960,5697,1518,1410,9262,8698,10526,9712,13030,13363,17016,17344,20314,20243,16126,16807,8989,10918,2874,5532,151844,144989,20196,19406,27893,27130,12142,16,15
2021-10-05T23:59:59+02:00,1871,1771,10011,9411,11034,10377,13580,14054,17630,17978,20832,20797,16455,17154,9168,11140,2959,5697,1500,1387,9242,8673,10511,9691,13020,13351,17008,17328,20302,20234,16120,16803,8986,10912,2870,5528,151705,144794,20196,19406,27893,27130,12121,16,15
2021-10-04T23:59:59+02:00,1859,1761,9985,9397,11021,10361,13565,14041,17619,17964,20818,20784,16454,17149,9166,11138,2958,5697,1484,1373,9220,8652,10489,9668,13015,13340,16999,17308,20291,20214,16118,16798,8984,10910,2869,5528,151552,144613,20191,19406,27893,27129,12097,16,15
2021-10-03T23:59:59+02:00,1853,1756,9978,9390,11010,10350,13560,14034,17612,17959,20810,20780,16451,17144,9164,11137,2958,5697,1481,1368,9212,8643,10476,9661,13011,13335,16995,17301,20282,20209,16115,16796,8984,10908,2869,5528,151489,144558,20191,19406,27893,27129,12066,16,15
2021-10-02T23:59:59+02:00,1853,1756,9977,9387,11008,10349,13557,14034,17612,17959,20808,20778,16450,17143,9164,11137,2958,5697,1481,1368,9211,8641,10473,9657,13009,13333,16995,17301,20281,20207,16114,16794,8984,10908,2869,5528,151483,144550,20191,19404,27893,27129,12056,16,15
2021-10-01T23:59:59+02:00,1850,1752,9962,9372,11000,10334,13548,14026,17603,17952,20802,20774,16447,17139,9162,11136,2956,5695,1471,1354,9194,8623,10459,9646,13007,13322,16984,17294,20272,20200,16113,16794,8983,10903,2868,5526,151385,144426,20190,19404,27892,27129,12039,16,15
2021-09-30T23:59:59+02:00,1847,1748,9946,9364,10988,10324,13538,14009,17595,17939,20792,20767,16447,17138,9160,11134,2955,5694,1462,1350,9171,8615,10447,9636,13000,13310,16974,17290,20266,20196,16111,16794,8980,10903,2868,5526,151307,144360,20188,19401,27892,27129,11994,16,15
2021-09-29T23:59:59+02:00,1834,1714,9917,9328,10964,10298,13523,13989,17580,17927,20774,20756,16439,17130,9158,11131,2954,5691,1458,1336,9161,8600,10433,9621,12997,13296,16969,17277,20257,20188,16105,16785,8976,10900,2867,5525,151046,144230,20188,19400,27892,27129,11977,16,15
2021-09-28T23:59:59+02:00,1807,1689,9864,9274,10942,10262,13491,13962,17552,17897,20757,20736,16430,17117,9154,11121,2953,5688,1437,1320,9142,8572,10419,9599,12980,13283,16959,17265,20244,20177,16096,16776,8969,10893,2867,5524,150662,144028,20188,19399,27891,27129,11951,16,15
2021-09-27T23:59:59+02:00,1790,1676,9838,9256,10915,10240,13471,13935,17534,17877,20748,20729,16424,17112,9150,11118,2953,5687,1423,1308,9123,8550,10396,9579,12959,13257,16944,17248,20233,20168,16092,16773,8967,10890,2867,5523,150494,143879,20179,19394,27891,27127,11885,16,15
2021-09-26T23:59:59+02:00,1783,1670,9827,9246,10897,10227,13461,13928,17527,17871,20738,20728,16422,17108,9150,11117,2952,5687,1421,1307,9117,8542,10386,9575,12950,13251,16940,17243,20226,20166,16090,16771,8967,10890,2867,5523,150411,143843,20178,19393,27891,27126,11855,16,15
2021-09-25T23:59:59+02:00,1783,1669,9824,9245,10896,10227,13459,13927,17527,17871,20738,20728,16422,17107,9150,11117,2952,5687,1421,1307,9117,8539,10384,9575,12949,13249,16940,17243,20226,20166,16090,16770,8967,10890,2867,5523,150406,143839,20178,19393,27891,27126,11850,16,15
2021-09-24T23:59:59+02:00,1775,1653,9807,9233,10893,10217,13455,13916,17524,17867,20735,20724,16419,17106,9150,11117,2951,5687,1411,1301,9100,8526,10378,9564,12945,13245,16934,17237,20225,20162,16088,16768,8966,10890,2867,5523,150318,143756,20176,19393,27891,27126,11840,16,15
2021-09-23T23:59:59+02:00,1772,1651,9744,9189,10791,10152,13357,13842,17439,17801,20682,20677,16395,17088,9143,11106,2951,5684,1410,1298,9042,8487,10277,9504,12856,13184,16853,17175,20174,20118,16065,16747,8958,10878,2867,5520,150240,143728,20174,19390,27891,27126,11154,16,15
2021-09-22T23:59:59+02:00,1750,1634,9715,9156,10775,10123,13331,13811,17411,17778,20667,20655,16391,17080,9141,11099,2948,5683,1404,1281,9017,8472,10255,9487,12841,13169,16834,17165,20163,20113,16059,16745,8955,10872,2865,5517,149954,143558,20170,19387,27891,27126,11128,16,15
2021-09-21T23:59:59+02:00,1719,1604,9658,9090,10739,10088,13303,13769,17381,17755,20652,20644,16379,17066,9137,11097,2946,5677,1388,1250,8981,8438,10239,9469,12819,13142,16808,17135,20152,20102,16049,16738,8950,10869,2865,5515,149531,143273,20168,19385,27890,27126,11110,16,15
2021-09-20T23:59:59+02:00,1687,1580,9603,9038,10692,10037,13267,13728,17360,17736,20628,20626,16369,17059,9128,11085,2945,5673,1371,1223,8946,8411,10220,9446,12791,13119,16786,17117,20132,20082,16040,16729,8943,10861,2863,5513,149130,143019,20166,19384,27890,27125,11050,16,15
2021-09-19T23:59:59+02:00,1686,1579,9599,9030,10684,10032,13259,13726,17352,17730,20621,20622,16367,17056,9127,11083,2942,5670,1367,1222,8940,8405,10215,9444,12787,13117,16783,17115,20129,20078,16039,16729,8943,10861,2863,5512,149076,142997,20163,19382,27890,27124,11031,16,15
2021-09-18T23:59:59+02:00,1686,1579,9599,9029,10682,10028,13256,13722,17349,17730,20620,20622,16367,17056,9127,11083,2942,5670,1365,1222,8938,8402,10213,9442,12786,13114,16779,17114,20128,20078,16039,16729,8943,10861,2863,5512,149070,142988,20163,19382,27890,27124,11019,16,15
2021-09-17T23:59:59+02:00,1680,1569,9582,9006,10669,10012,13240,13708,17338,17719,20615,20611,16365,17054,9126,11081,2941,5669,1363,1220,8931,8396,10206,9436,12777,13108,16775,17109,20125,20069,16039,16727,8942,10860,2863,5512,148955,142964,20161,19382,27890,27123,10974,16,15
2021-09-16T23:59:59+02:00,1676,1568,9565,8990,10653,9995,13229,13696,17326,17711,20603,20600,16364,17050,9123,11078,2941,5667,1360,1220,8925,8390,10198,9429,12769,13102,16767,17104,20115,20064,16039,16726,8942,10857,2863,5510,148851,142935,20158,19379,27890,27120,10931,16,15
2021-09-15T23:59:59+02:00,1663,1553,9538,8963,10629,9975,13200,13668,17307,17687,20586,20582,16358,17043,9114,11070,2941,5663,1336,1186,8878,8350,10168,9388,12735,13062,16742,17083,20086,20044,16032,16714,8937,10854,2863,5508,148684,142597,20090,19366,27890,27117,10871,16,15
2021-09-14T23:59:59+02:00,1651,1543,9505,8933,10612,9955,13181,13645,17284,17669,20571,20567,16341,17030,9104,11059,2937,5651,1314,1174,8845,8318,10151,9371,12725,13039,16726,17064,20069,20024,16028,16707,8934,10847,2862,5504,148481,142356,20013,19365,27890,27117,10849,16,15
2021-09-13T23:59:59+02:00,1617,1507,9462,8878,10586,9921,13158,13602,17263,17650,20549,20554,16335,17024,9101,11053,2935,5645,1291,1159,8810,8290,10135,9348,12704,13007,16713,17047,20053,20008,16022,16693,8928,10845,2861,5500,148262,142101,19858,19357,27890,27116,10825,16,15
2021-09-12T23:59:59+02:00,1615,1504,9450,8871,10574,9915,13151,13592,17258,17646,20546,20549,16334,17021,9099,11052,2935,5642,1274,1143,8786,8269,10114,9337,12687,12993,16702,17040,20045,19999,16019,16689,8927,10839,2861,5499,148213,141943,19852,19356,27890,27115,10794,16,15
2021-09-11T23:59:59+02:00,1615,1504,9448,8866,10569,9911,13148,13590,17257,17643,20543,20547,16334,17019,9098,11052,2935,5642,1274,1143,8777,8266,10112,9336,12682,12992,16701,17037,20043,19998,16019,16688,8926,10839,2861,5499,148202,141937,19848,19351,27890,27115,10776,16,14
2021-09-10T23:59:59+02:00,1614,1503,9444,8862,10560,9903,13136,13585,17252,17636,20541,20543,16333,17018,9098,11052,2935,5642,1273,1142,8773,8263,10105,9327,12671,12986,16695,17032,20040,19994,16019,16687,8926,10838,2861,5499,148173,141915,19847,19345,27890,27115,10742,16,14
2021-09-09T23:59:59+02:00,1611,1498,9428,8856,10549,9890,13122,13568,17236,17627,20526,20531,16330,17017,9096,11048,2934,5639,1270,1138,8763,8257,10098,9317,12665,12972,16677,17025,20028,19984,16017,16685,8924,10831,2860,5497,148090,141860,19845,19345,27890,27114,10675,16,14
2021-09-08T23:59:59+02:00,1573,1450,9385,8797,10518,9851,13095,13531,17202,17601,20507,20511,16314,17003,9092,11042,2934,5637,1268,1131,8739,8241,10079,9301,12645,12955,16661,17016,20012,19976,16010,16679,8923,10827,2860,5497,147679,141728,19844,19340,27890,27114,10624,16,14
2021-09-07T23:59:59+02:00,1555,1425,9365,8775,10499,9832,13085,13521,17193,17589,20501,20506,16310,17000,9091,11037,2933,5635,1268,1129,8731,8234,10071,9299,12637,12953,16657,17007,20008,19973,16010,16677,8923,10824,2860,5497,147504,141686,19842,19338,27890,27110,10610,16,14
2021-09-06T23:59:59+02:00,1542,1413,9341,8751,10478,9811,13075,13507,17182,17575,20492,20490,16308,16997,9089,11037,2932,5635,1265,1129,8725,8224,10063,9292,12632,12945,16651,17002,20003,19966,16008,16677,8920,10821,2860,5496,147328,141629,19841,19335,27888,27109,10592,16,14
2021-09-05T23:59:59+02:00,1539,1410,9333,8741,10469,9806,13070,13501,17179,17568,20486,20487,16304,16994,9089,11036,2932,5635,1262,1121,8717,8218,10056,9282,12626,12939,16645,16996,19995,19964,16006,16675,8920,10820,2860,5496,147276,141575,19841,19335,27888,27106,10568,16,14
2021-09-04T23:59:59+02:00,1538,1410,9332,8739,10468,9806,13069,13500,17179,17568,20484,20485,16304,16994,9089,11036,2932,5635,1261,1121,8717,8218,10055,9280,12625,12939,16644,16995,19994,19964,16006,16675,8920,10820,2860,5496,147270,141569,19838,19335,27888,27106,10566,16,14
2021-09-03T23:59:59+02:00,1528,1396,9311,8721,10455,9795,13064,13490,17164,17556,20472,20475,16300,16988,9088,11031,2932,5632,1261,1120,8701,8206,10043,9272,12618,12932,16628,16985,19991,19956,16002,16668,8919,10816,2860,5493,147168,141517,19834,19333,27888,27106,10501,16,14
2021-09-02T23:59:59+02:00,1517,1387,9258,8690,10395,9744,12989,13432,17114,17519,20413,20431,16268,16961,9078,11020,2931,5627,1253,1115,8657,8181,9985,9228,12549,12882,16584,16952,19931,19915,15970,16645,8912,10808,2860,5488,147039,141460,19833,19329,27887,27104,10008,16,14
2021-09-01T23:59:59+02:00,1513,1370,9238,8676,10373,9732,12976,13419,17102,17505,20403,20426,16264,16955,9071,11016,2931,5626,1242,1107,8640,8161,9969,9211,12538,12871,16571,16941,19915,19904,15966,16640,8909,10802,2860,5487,146928,141327,19811,19327,27887,27103,9963,16,14
2021-08-31T23:59:59+02:00,1497,1352,9224,8650,10362,9720,12965,13412,17097,17493,20396,20418,16259,16951,9069,11011,2931,5626,1229,1093,8624,8143,9963,9199,12523,12860,16560,16936,19912,19897,15962,16638,8908,10799,2860,5487,146774,141200,19810,19324,27887,27100,9955,16,14
2021-08-30T23:59:59+02:00,1476,1335,9206,8628,10348,9704,12954,13397,17084,17473,20384,20409,16255,16948,9067,11009,2931,5625,1221,1082,8598,8129,9949,9187,12512,12840,16547,16919,19904,19890,15957,16632,8906,10794,2858,5485,146610,141064,19810,19320,27884,27091,9921,16,14
2021-08-29T23:59:59+02:00,1475,1334,9204,8622,10341,9695,12952,13392,17075,17468,20380,20404,16252,16943,9067,11009,2931,5624,1220,1079,8595,8123,9940,9175,12507,12834,16539,16914,19900,19887,15954,16625,8905,10794,2858,5484,146593,141042,19810,19319,27884,27085,9873,16,14
2021-08-28T23:59:59+02:00,1474,1334,9201,8618,10341,9694,12951,13391,17075,17467,20379,20403,16252,16943,9067,11009,2931,5624,1219,1077,8591,8123,9939,9175,12506,12833,16539,16913,19899,19886,15954,16625,8905,10794,2858,5484,146585,141037,19810,19317,27884,27085,9867,16,14
2021-08-27T23:59:59+02:00,1464,1323,9188,8611,10336,9687,12948,13389,17072,17461,20374,20398,16251,16941,9066,11009,2931,5624,1214,1071,8581,8116,9936,9170,12501,12830,16537,16906,19898,19885,15953,16624,8904,10793,2858,5484,146511,140991,19809,19315,27884,27080,9861,16,14
2021-08-26T23:59:59+02:00,1461,1322,9181,8607,10329,9681,12940,13388,17069,17459,20372,20393,16248,16938,9063,11004,2930,5624,1211,1069,8572,8105,9928,9164,12493,12827,16532,16904,19896,19880,15950,16620,8901,10790,2857,5484,146490,140960,19807,19315,27884,27074,9820,16,14
2021-08-25T23:59:59+02:00,1447,1297,9074,8551,10242,9609,12851,13315,16950,17376,20277,20337,16201,16901,9048,10983,2925,5613,1199,1061,8479,8051,9844,9102,12402,12762,16427,16831,19809,19826,15906,16582,8887,10770,2852,5471,146251,140813,19806,19314,27884,27072,9048,16,14
2021-08-24T23:59:59+02:00,1428,1272,9043,8521,10228,9589,12822,13286,16919,17340,20263,20321,16186,16891,9043,10977,2925,5610,1194,1052,8456,8038,9827,9090,12386,12751,16416,16816,19802,19816,15900,16578,8887,10768,2852,5470,145962,140695,19804,19312,27884,27072,9006,16,14
2021-08-23T23:59:59+02:00,1410,1247,9001,8484,10214,9570,12790,13266,16900,17322,20247,20296,16173,16879,9032,10970,2924,5604,1193,1046,8431,8022,9801,9071,12372,12745,16404,16807,19791,19800,15894,16570,8882,10763,2851,5467,145696,140597,19804,19310,27884,27052,8937,16,14
2021-08-22T23:59:59+02:00,1410,1247,8991,8479,10207,9563,12789,13262,16896,17316,20244,20293,16170,16875,9028,10970,2924,5603,1192,1045,8415,8016,9794,9060,12368,12740,16401,16800,19789,19796,15891,16565,8878,10761,2851,5466,145682,140568,19804,19308,27884,27049,8889,16,14
2021-08-21T23:59:59+02:00,1410,1246,8986,8479,10206,9561,12786,13261,16895,17316,20243,20292,16170,16875,9028,10970,2924,5603,1190,1043,8293,7935,9693,8966,12280,12630,16309,16730,19733,19753,15871,16550,8875,10750,2850,5464,145676,140563,19801,18408,27884,27048,8882,16,14
2021-08-20T23:59:59+02:00,1409,1244,8978,8477,10198,9553,12779,13251,16892,17314,20236,20287,16167,16875,9028,10968,2923,5602,1041,902,7936,7610,9541,8807,12136,12489,16186,16621,19626,19657,15832,16501,8863,10726,2848,5463,145641,138469,19801,18408,27884,27047,8847,16,14
2021-08-19T23:59:59+02:00,1404,1242,8967,8471,10191,9544,12770,13245,16887,17312,20231,20285,16166,16873,9028,10967,2923,5601,921,788,7675,7341,9412,8701,11992,12370,16092,16516,19529,19570,15790,16454,8852,10707,2847,5455,145599,136741,19798,18400,27883,27038,8819,16,14
2021-08-18T23:59:59+02:00,1380,1210,8921,8435,10164,9513,12742,13209,16857,17289,20205,20256,16153,16859,9022,10961,2919,5596,920,787,7662,7331,9400,8693,11978,12353,16078,16507,19521,19561,15784,16447,8848,10703,2844,5452,145292,136694,19785,18399,27880,27037,8725,16,14
2021-08-17T23:59:59+02:00,1355,1197,8885,8403,10149,9492,12726,13184,16842,17268,20182,20234,16145,16849,9020,10954,2917,5591,915,785,7649,7316,9383,8685,11967,12344,16071,16497,19510,19555,15777,16441,8847,10701,2843,5450,145048,136624,19782,18394,27879,27031,8675,16,12
2021-08-16T23:59:59+02:00,1332,1179,8847,8377,10130,9473,12702,13159,16832,17251,20162,20219,16140,16837,9016,10953,2916,5591,914,785,7640,7304,9367,8682,11957,12338,16068,16491,19501,19548,15774,16438,8847,10701,2843,5450,144814,136582,19780,18390,27879,27030,8634,16,12
2021-08-15T23:59:59+02:00,1314,1162,8828,8358,10117,9459,12686,13146,16820,17242,20148,20206,16134,16831,9016,10948,2916,5591,912,784,7628,7294,9350,8666,11943,12327,16060,16483,19495,19543,15765,16434,8846,10698,2843,5450,144667,136524,19779,18385,27877,27010,8590,16,12
2021-08-14T23:59:59+02:00,1313,1162,8828,8358,10116,9459,12685,13144,16820,17241,20147,20204,16134,16831,9016,10948,2916,5591,793,667,7310,7002,9204,8499,11770,12162,15942,16353,19401,19455,15739,16410,8837,10685,2843,5446,144661,134535,19779,18383,27877,27001,8587,16,12
2021-08-13T23:59:59+02:00,1308,1160,8816,8350,10106,9451,12672,13133,16804,17232,20139,20196,16131,16826,9014,10947,2915,5591,632,522,6924,6642,9034,8339,11562,11945,15722,16173,19260,19332,15705,16371,8825,10671,2841,5442,144632,132055,19779,18383,27877,26998,8494,16,12
2021-08-12T23:59:59+02:00,1307,1160,8815,8347,10099,9445,12668,13133,16798,17222,20135,20191,16130,16822,9012,10945,2915,5591,628,520,6917,6635,9020,8331,11550,11943,15711,16166,19256,19326,15703,16366,8823,10670,2841,5442,144613,132019,19778,18380,27877,26980,8457,16,12
2021-08-11T23:59:59+02:00,1304,1156,8811,8340,10090,9438,12661,13129,16792,17218,20129,20189,16128,16819,9011,10945,2915,5590,624,519,6910,6624,9002,8320,11539,11939,15707,16159,19248,19320,15699,16363,8822,10670,2841,5440,144564,131954,19774,18374,27877,26966,8440,16,12
2021-08-10T23:59:59+02:00,1303,1156,8809,8338,10085,9431,12658,13124,16790,17216,20128,20184,16126,16817,9011,10944,2915,5590,607,511,6865,6578,8967,8303,11520,11919,15681,16147,19241,19310,15697,16361,8822,10668,2841,5440,144535,131708,19774,18370,27877,26959,8429,16,12
2021-08-09T23:59:59+02:00,1303,1154,8803,8335,10081,9422,12656,13121,16783,17214,20122,20184,16124,16817,9010,10944,2915,5590,601,506,6845,6555,8945,8283,11507,11908,15665,16135,19235,19305,15694,16360,8820,10667,2841,5440,144507,131571,19774,18366,27875,26950,8413,15,12
2021-08-08T23:59:59+02:00,1303,1153,8800,8329,10079,9418,12647,13118,16778,17210,20120,20181,16122,16813,9009,10943,2914,5589,600,504,6842,6544,8931,8276,11490,11900,15658,16126,19233,19300,15691,16356,8819,10666,2840,5439,144495,131524,19773,18359,27875,26946,8374,15,12
2021-08-07T23:59:59+02:00,1303,1145,8792,8322,10070,9411,12644,13112,16771,17206,20113,20176,16118,16808,9007,10942,2913,5589,423,357,6190,5974,8660,8053,11219,11669,15459,15951,19147,19224,15671,16332,8812,10659,2837,5438,144449,128435,19772,18346,27875,26945,8337,15,12
2021-08-06T23:59:59+02:00,1297,1144,8783,8310,10056,9399,12624,13093,16753,17194,20096,20164,16111,16800,9007,10939,2913,5588,420,356,6177,5960,8644,8038,11195,11647,15437,15934,19130,19212,15664,16325,8812,10656,2837,5437,144411,128380,19769,18339,27875,26943,8207,15,12
2021-08-05T23:59:59+02:00,1294,1142,8775,8303,10047,9390,12611,13085,16747,17191,20088,20160,16110,16800,9007,10938,2913,5588,418,351,5892,5724,8294,7741,10831,11371,15112,15696,18881,19044,15644,16300,8802,10649,2836,5436,144363,128283,19765,15636,27871,26910,8181,15,12
2021-08-04T23:59:59+02:00,1293,1139,8769,8299,10042,9388,12605,13081,16742,17189,20086,20157,16110,16800,9006,10937,2913,5587,416,349,5878,5716,8265,7731,10810,11359,15095,15690,18876,19039,15643,16297,8801,10649,2836,5436,144331,128183,19764,15628,27870,26894,8169,15,12
2021-08-03T23:59:59+02:00,1286,1136,8765,8289,10037,9384,12600,13078,16737,17187,20081,20156,16108,16800,9005,10935,2913,5586,395,333,5766,5603,8170,7661,10693,11282,15046,15637,18847,19024,15639,16295,8800,10647,2834,5435,144288,127456,19762,15620,27870,26865,8154,15,12
2021-08-02T23:59:59+02:00,1280,1130,8752,8281,10030,9377,12595,13072,16731,17177,20074,20152,16106,16797,9003,10932,2912,5585,358,301,5596,5443,8042,7554,10568,11166,14974,15555,18815,18999,15631,16286,8794,10647,2834,5435,144206,126391,19756,15615,27869,26834,8146,15,12
2021-08-01T23:59:59+02:00,1278,1129,8745,8274,10023,9370,12589,13070,16726,17175,20069,20150,16106,16797,9002,10930,2912,5585,342,281,5536,5386,7992,7505,10506,11114,14937,15529,18802,18981,15628,16283,8792,10644,2834,5433,144162,125950,19754,15611,27868,26815,8137,15,12
2021-07-31T23:59:59+02:00,1278,1129,8744,8271,10023,9369,12586,13070,16725,17175,20068,20148,16106,16797,9002,10930,2912,5585,337,277,5510,5365,7976,7492,10487,11100,14924,15523,18797,18978,15627,16282,8792,10644,2834,5433,144160,125817,19753,15607,27868,26814,8128,15,12
2021-07-30T23:59:59+02:00,1146,1008,8516,8043,9930,9250,12506,12986,16645,17103,20008,20081,16074,16758,8996,10913,2911,5582,281,214,5217,5092,7838,7351,10299,10907,14788,15358,18729,18921,15603,16254,8779,10631,2830,5429,142706,123991,19751,15599,27868,26797,8122,15,12
2021-07-29T23:59:59+02:00,1139,1000,8386,7954,9776,9153,12354,12885,16496,17008,19845,19971,15988,16690,8971,10894,2910,5575,234,181,4923,4860,7563,7160,10020,10706,14541,15183,18535,18801,15517,16180,8752,10610,2829,5419,142585,122889,19748,15558,27868,26771,6784,15,12
2021-07-28T23:59:59+02:00,1128,986,8357,7918,9762,9137,12332,12870,16478,16985,19827,19961,15981,16677,8964,10890,2910,5573,137,106,4501,4432,7246,6909,9700,10406,14305,15001,18478,18760,15502,16169,8747,10599,2829,5409,142343,120241,19746,15504,27866,26708,6771,15,12
2021-07-27T23:59:59+02:00,1118,978,8333,7904,9749,9130,12320,12861,16471,16979,19820,19948,15979,16671,8962,10887,2909,5571,111,90,4266,4185,7015,6710,9453,10127,14146,14840,18427,18695,15453,16123,8730,10583,2826,5402,142205,118221,19744,15501,27866,26683,6765,15,12
2021-07-26T23:59:59+02:00,1114,975,8320,7892,9742,9125,12314,12855,16464,16971,19813,19947,15976,16666,8960,10883,2908,5566,108,84,4159,4078,6912,6598,9326,10005,14062,14757,18380,18661,15442,16112,8720,10575,2823,5400,142126,117316,19741,15490,27855,26625,6759,15,12
2021-07-25T23:59:59+02:00,1113,974,8311,7889,9729,9121,12304,12852,16459,16964,19810,19946,15974,16666,8960,10883,2908,5566,106,82,4109,4028,6834,6549,9254,9949,14025,14725,18355,18647,15424,16099,8713,10569,2823,5398,142100,116875,19737,15473,27854,26602,6727,15,12
2021-07-24T23:59:59+02:00,1111,971,8225,7827,9656,9041,12237,12775,16391,16911,19769,19908,15953,16652,8957,10873,2908,5565,99,80,4065,3984,6773,6498,9175,9891,13959,14660,18323,18621,15413,16088,8705,10565,2823,5398,142080,116612,19080,15192,27854,26599,6705,15,12
2021-07-23T23:59:59+02:00,1085,945,8113,7737,9618,9006,12203,12746,16346,16877,19741,19889,15948,16645,8953,10869,2908,5565,85,66,3772,3702,6517,6293,8891,9605,13722,14481,18242,18560,15371,16045,8687,10546,2821,5392,141586,114362,19080,15168,27854,26593,6663,15,12
2021-07-22T23:59:59+02:00,992,858,7898,7507,9515,8917,12085,12650,16255,16793,19666,19804,15902,16605,8944,10854,2907,5559,67,49,3647,3575,6365,6199,8737,9476,13557,14338,18167,18492,15350,16019,8679,10536,2821,5391,140126,113211,19078,15095,27847,26498,6649,15,12
2021-07-21T23:59:59+02:00,972,844,7866,7467,9497,8906,12063,12627,16231,16777,19642,19783,15891,16598,8944,10849,2907,5559,54,36,3341,3311,6020,5940,8342,9093,13292,14103,18025,18367,15258,15938,8647,10506,2818,5379,139868,110406,19076,15024,27842,26402,6626,15,12
2021-07-20T23:59:59+02:00,972,843,7858,7462,9489,8903,12058,12625,16223,16776,19637,19778,15889,16595,8944,10848,2907,5559,50,29,3268,3259,5960,5884,8284,9035,13207,14059,17993,18352,15258,15938,8647,10504,2818,5379,139829,110019,19075,15009,27839,26270,6614,13,12
2021-07-19T23:59:59+02:00,971,843,7850,7460,9485,8895,12053,12623,16218,16770,19634,19778,15887,16592,8944,10846,2907,5558,48,28,3216,3224,5910,5844,8222,8990,13149,14032,17947,18339,15258,15935,8647,10502,2818,5378,139790,109738,19074,14992,27839,26143,6602,13,12
2021-07-18T23:59:59+02:00,970,842,7839,7452,9481,8891,12044,12618,16213,16764,19632,19776,15886,16590,8944,10846,2907,5558,47,28,3196,3206,5871,5811,8187,8960,13110,14017,17931,18334,15258,15934,8647,10502,2818,5377,139746,109548,19073,14958,27837,26128,6588,13,12
2021-07-17T23:59:59+02:00,855,723,7517,7162,9329,8721,11870,12456,16084,16625,19535,19681,15865,16569,8936,10833,2907,5555,32,21,3095,3099,5759,5719,8055,8799,12969,13889,17836,18256,15248,15916,8644,10495,2818,5377,137736,108366,19072,14953,27837,26124,6572,10,12
2021-07-16T23:59:59+02:00,698,572,7128,6835,9149,8564,11678,12245,15882,16450,19393,19556,15835,16533,8926,10819,2906,5553,25,18,3033,3038,5683,5655,7941,8691,12849,13752,17757,18181,15226,15900,8640,10493,2817,5377,135272,107463,19072,14948,27836,26117,6536,10,12
2021-07-15T23:59:59+02:00,696,572,7114,6826,9145,8561,11665,12241,15871,16443,19389,19550,15833,16530,8921,10817,2905,5544,24,18,2992,3002,5617,5612,7851,8641,12772,13711,17726,18153,15203,15883,8632,10486,2816,5368,135227,107224,19069,14794,27831,25988,6489,10,12
2021-07-14T23:59:59+02:00,693,571,7105,6817,9140,8559,11661,12236,15865,16440,19384,19545,15831,16527,8918,10814,2905,5540,24,18,2970,2989,5576,5580,7815,8620,12740,13695,17708,18142,15196,15880,8629,10482,2816,5364,135193,107072,19068,14760,27831,25948,6452,10,12
2021-07-13T23:59:59+02:00,688,569,7080,6800,9128,8542,11652,12221,15854,16421,19374,19539,15822,16523,8914,10804,2900,5532,22,17,2914,2938,5512,5514,7655,8482,12486,13476,17550,18013,15177,15869,8617,10469,2811,5353,135068,105851,19068,14707,27828,25913,6392,10,12
2021-07-12T23:59:59+02:00,682,561,7067,6785,9117,8531,11642,12211,15849,16408,19362,19535,15820,16519,8912,10804,2900,5529,21,15,2857,2884,5430,5439,7507,8367,12237,13263,17369,17866,15167,15864,8613,10462,2810,5353,134953,104610,19066,14654,27824,25864,6384,10,12
2021-07-11T23:59:59+02:00,681,560,7058,6783,9107,8523,11634,12203,15839,16405,19357,19530,15820,16516,8911,10802,2900,5529,20,14,2826,2849,5353,5366,7408,8280,12070,13106,17243,17733,15158,15853,8612,10459,2810,5353,134908,103719,19062,14605,27824,25820,6357,10,12
2021-07-10T23:59:59+02:00,507,402,6497,6233,8881,8337,11392,12011,15682,16272,19302,19481,15812,16506,8907,10797,2899,5528,18,10,2797,2815,5302,5320,7325,8200,11966,13006,17165,17665,15143,15837,8609,10448,2807,5351,132217,103022,19062,14603,27824,25811,6336,10,12
2021-07-09T23:59:59+02:00,496,395,6439,6205,8854,8300,11352,11983,15654,16259,19289,19465,15811,16503,8907,10794,2899,5528,16,10,2740,2748,5221,5251,7146,8023,11554,12707,16866,17456,15123,15809,8602,10443,2805,5349,132125,101994,18852,13741,27823,25796,6326,10,12
2021-07-08T23:59:59+02:00,490,393,6122,5947,8483,8012,10973,11677,15315,16012,19031,19293,15789,16479,8898,10787,2896,5527,15,9,2679,2697,5138,5174,7005,7932,11353,12565,16714,17331,15116,15801,8602,10441,2805,5348,132036,101128,15968,13570,27818,25720,6295,10,12
2021-07-07T23:59:59+02:00,488,389,6107,5935,8459,7997,10959,11660,15304,16002,19030,19288,15787,16475,8897,10785,2896,5525,15,9,2631,2645,5047,5112,6867,7838,11119,12383,16550,17197,15108,15794,8597,10435,2805,5348,131928,100104,15959,13443,27816,25671,6270,10,12
2021-07-06T23:59:59+02:00,461,369,6006,5843,8386,7931,10886,11591,15270,15962,19007,19272,15779,16465,8894,10783,2893,5523,12,8,2563,2575,4915,4998,6685,7705,10730,11971,16177,16820,15082,15761,8589,10428,2804,5344,131311,97943,15951,13362,27810,25611,6239,10,12
2021-07-05T23:59:59+02:00,420,335,5828,5673,8269,7839,10772,11476,15211,15892,18975,19241,15773,16457,8890,10778,2890,5522,8,6,2511,2497,4817,4900,6552,7568,10378,11653,15903,16514,15052,15731,8581,10413,2804,5339,130265,96146,15947,13298,27807,25559,6212,10,12
2021-07-04T23:59:59+02:00,400,305,5753,5594,8212,7782,10705,11418,15181,15861,18961,19222,15766,16453,8889,10776,2890,5520,7,6,2491,2468,4755,4853,6491,7518,10241,11543,15802,16442,15047,15724,8579,10412,2803,5339,129759,95582,15940,13229,27802,25521,6177,10,12
2021-07-03T23:59:59+02:00,394,303,5732,5582,8201,7773,10692,11414,15174,15855,18958,19219,15766,16453,8889,10776,2890,5520,6,6,2456,2438,4659,4824,6383,7492,10183,11497,15697,16356,14368,15017,8560,10387,2803,5339,129683,95466,15937,13227,27802,23607,6159,10,12
2021-07-02T23:59:59+02:00,348,264,5544,5434,8127,7702,10594,11317,15110,15798,18939,19212,15762,16449,8884,10774,2888,5517,6,6,2409,2390,4501,4746,6200,7418,10029,11340,15506,16153,13575,14098,8552,10372,2803,5338,128772,94902,15934,13183,27801,21199,6146,10,12
2021-07-01T23:59:59+02:00,286,209,5328,5252,7999,7590,10453,11191,14981,15703,18895,19187,15755,16441,8879,10768,2888,5516,5,5,2291,2270,4324,4573,5962,7164,9248,10655,14878,15681,13550,14069,8547,10367,2799,5336,127482,91402,15921,13087,27800,21115,6108,10,12
2021-06-30T23:59:59+02:00,156,119,4846,4781,7659,7312,10098,10853,14754,15526,18838,19143,15744,16430,8875,10760,2888,5513,5,5,2255,2224,4238,4502,5848,7067,9076,10530,14788,15603,13536,14061,8544,10364,2799,5334,124496,90799,15915,12914,27800,20980,6074,10,12
2021-06-29T23:59:59+02:00,119,97,4562,4501,7409,7092,9808,10553,14556,15336,18774,19083,15692,16380,8855,10745,2887,5508,4,4,2187,2143,4095,4365,5641,6886,8849,10301,14492,15378,13489,14013,8531,10340,2797,5321,122426,89342,15911,12762,27798,20908,5812,10,12
2021-06-28T23:59:59+02:00,103,77,4426,4360,7304,6981,9686,10428,14463,15228,18729,19040,15676,16364,8841,10734,2884,5506,2,3,2100,2016,3913,4159,5360,6544,8464,9788,13959,14841,13370,13924,8512,10316,2794,5307,121413,86128,15900,12681,27795,20841,5712,10,10
2021-06-27T23:59:59+02:00,98,75,4373,4314,7246,6926,9626,10373,14430,15194,18709,19023,15659,16352,8834,10727,2883,5501,2,2,2047,1982,3849,4113,5246,6430,8296,9659,13783,14728,13344,13905,8503,10307,2791,5305,121049,85335,15896,12646,27793,20706,5595,10,10
2021-06-26T23:59:59+02:00,85,73,4328,4284,7215,6898,9608,10352,14410,15178,18696,19010,15655,16346,8834,10727,2883,5501,2,2,1971,1890,3661,3955,5032,6173,7933,9202,13432,14432,13264,13846,8483,10279,2786,5296,120805,82699,15890,12646,27793,20699,5585,10,10
2021-06-25T23:59:59+02:00,72,60,4017,3962,6954,6662,9315,10059,14186,14989,18612,18953,15609,16301,8815,10708,2881,5495,2,2,1906,1806,3496,3833,4837,5941,7606,8787,13120,14096,13214,13790,8470,10254,2780,5290,118411,80341,15863,12614,27793,20694,5573,10,8
2021-06-24T23:59:59+02:00,65,53,3923,3872,6853,6576,9214,9969,14086,14903,18584,18920,15594,16284,8809,10701,2881,5494,2,2,1836,1733,3380,3735,4637,5798,7386,8587,12871,13894,12378,12857,8290,9991,2780,5289,117679,79117,15854,12508,27789,18364,5449,10,8
2021-06-23T23:59:59+02:00,51,48,3518,3501,6401,6229,8683,9462,13751,14602,18448,18784,15490,16192,8766,10665,2878,5480,2,2,1697,1562,3125,3530,4218,5468,6438,7876,12127,13193,12355,12845,8280,9984,2780,5285,114752,78477,15607,9178,27788,18312,4792,10,8
2021-06-22T23:59:59+02:00,42,40,3444,3428,6321,6170,8580,9384,13700,14555,18415,18767,15479,16185,8765,10660,2878,5477,2,2,1656,1509,3021,3428,4074,5318,6184,7691,11515,12481,12265,12751,8262,9951,2776,5277,114122,76135,15601,9096,27786,18153,4771,10,8
2021-06-21T23:59:59+02:00,36,37,3373,3367,6230,6108,8519,9312,13639,14509,18382,18747,15477,16184,8764,10659,2878,5476,1,2,1621,1458,2930,3331,3947,5168,5988,7463,10756,11564,11877,12295,7187,8718,2770,5270,113597,73480,15593,8994,27784,15151,4713,10,8
2021-06-20T23:59:59+02:00,36,36,3348,3345,6182,6077,8475,9280,13611,14491,18371,18743,15476,16184,8764,10659,2878,5476,0,2,1603,1441,2892,3303,3897,5130,5936,7438,10667,11488,11857,12276,7184,8711,2769,5270,113418,73161,15576,8916,27784,15135,4644,10,8
2021-06-19T23:59:59+02:00,34,34,3321,3321,6153,6054,8444,9261,13587,14485,18364,18738,15476,16183,8764,10659,2878,5476,0,2,1599,1429,2887,3294,3889,5125,5920,7433,10656,11480,11857,12276,7184,8710,2769,5270,113224,73080,15570,8916,27784,15132,4644,10,8
2021-06-18T23:59:59+02:00,30,29,3278,3278,6079,6015,8375,9206,13541,14453,18340,18727,15475,16181,8763,10658,2878,5476,0,2,1524,1334,2751,3118,3704,4848,5524,7060,9161,9912,11691,12108,7142,8660,2757,5252,112839,67898,15542,8915,27784,15120,4607,10,8
2021-06-17T23:59:59+02:00,27,25,3215,3226,6009,5976,8300,9151,13469,14408,18316,18716,15473,16176,8761,10655,2878,5473,0,2,1398,1241,2562,2905,3443,4555,5162,6664,8490,9181,11406,11865,7101,8602,2753,5249,112460,64187,15512,8800,27779,15091,4493,10,8
2021-06-16T23:59:59+02:00,27,22,3160,3164,5895,5909,8180,9057,13340,14323,18250,18678,15467,16167,8761,10652,2878,5473,0,2,1300,1185,2421,2799,3260,4394,4876,6388,7412,7890,11315,11757,7070,8564,2740,5231,111816,60420,15438,8754,27774,15057,4365,10,8
2021-06-15T23:59:59+02:00,22,21,3066,3077,5777,5820,7995,8879,13077,14103,18100,18550,15452,16155,8753,10646,2878,5471,0,2,1264,1152,2347,2744,3156,4319,4673,6263,7099,7638,10818,11198,7036,8530,2732,5218,110392,58171,15411,8722,27764,15024,4265,10,7
2021-06-14T23:59:59+02:00,21,19,2993,3007,5697,5762,7852,8759,12786,13866,17912,18374,15436,16141,8746,10641,2877,5470,0,2,1237,1124,2282,2687,3031,4224,4472,6124,6756,7332,10290,10586,7005,8493,2728,5208,108998,55797,15402,8615,27760,14974,4189,10,6
2021-06-13T23:59:59+02:00,21,19,2975,2976,5632,5723,7789,8693,12646,13732,17806,18252,15430,16132,8745,10638,2876,5470,0,2,1226,1111,2254,2671,2994,4213,4425,6104,6723,7315,10285,10579,7005,8492,2728,5208,108260,55654,15391,8606,27756,14931,4138,10,6
2021-06-12T23:59:59+02:00,19,19,2947,2958,5602,5696,7758,8674,12626,13713,17798,18249,15429,16130,8745,10638,2876,5470,0,2,1171,1049,2166,2595,2900,4076,4283,5971,6614,7230,10203,10501,6410,7766,2728,5208,108057,55538,15388,8605,27756,12588,4136,10,6
2021-06-11T23:59:59+02:00,19,16,2870,2884,5532,5631,7577,8488,12216,13406,17515,18043,15413,16105,8739,10630,2873,5468,0,2,1147,1033,2111,2554,2835,4027,4198,5909,6503,7139,10100,10389,6395,7759,2726,5202,107040,55012,14495,8338,27755,12548,4125,10,6
2021-06-10T23:59:59+02:00,15,14,2815,2842,5432,5578,7445,8407,12030,13267,17377,17926,15408,16101,8739,10629,2872,5467,0,2,1106,1008,2035,2487,2734,3949,4029,5778,6258,6926,9849,10120,6375,7731,2720,5196,106120,53444,14421,8334,27751,12457,4062,10,6
2021-06-09T23:59:59+02:00,14,13,2737,2774,5310,5483,7222,8236,11751,13024,17191,17777,15397,16087,8735,10620,2872,5464,0,2,1049,943,1904,2369,2529,3766,3703,5495,5636,6411,9025,9215,6318,7655,2707,5161,104912,49429,14269,8316,27742,12363,3774,10,6
2021-06-08T23:59:59+02:00,11,9,2640,2670,5175,5357,7025,8050,11321,12596,16814,17388,15378,16060,8724,10613,2871,5459,0,2,1012,914,1834,2304,2423,3692,3563,5428,5484,6279,8991,9196,6316,7643,2705,5157,102706,48915,14242,8265,27740,12294,3463,10,6
2021-06-07T23:59:59+02:00,9,8,2513,2572,4983,5228,6818,7885,10843,12237,16470,17091,15353,16032,8718,10596,2870,5455,0,2,943,877,1703,2249,2281,3608,3308,5338,5129,5994,8442,8570,6263,7584,2701,5147,100772,46696,14200,8249,27731,12220,2968,10,6
2021-06-06T23:59:59+02:00,9,6,2475,2547,4921,5171,6732,7827,10704,12126,16379,17026,15350,16029,8718,10596,2868,5454,0,2,927,867,1675,2228,2235,3580,3238,5313,5080,5970,8437,8568,6258,7576,2701,5146,100179,46532,14147,8238,27725,12148,2877,10,6
2021-06-05T23:59:59+02:00,8,5,2461,2525,4892,5146,6695,7796,10675,12099,16370,17019,15350,16029,8718,10596,2868,5454,0,2,911,852,1642,2198,2195,3524,3132,5230,4726,5638,7841,7863,6230,7522,2700,5144,99951,44137,14147,8232,27725,12102,2873,10,6
2021-06-04T23:59:59+02:00,7,4,2430,2496,4847,5101,6647,7743,10586,11994,16318,16955,15346,16022,8718,10595,2867,5453,0,2,899,834,1619,2177,2153,3487,3080,5171,4560,5449,7539,7495,6194,7480,2698,5138,99419,42847,14140,8230,27725,12057,2835,10,6
2021-06-03T23:59:59+02:00,7,4,2327,2368,4696,4927,6438,7495,9882,11359,15729,16503,15335,16012,8715,10589,2866,5452,0,2,882,804,1579,2118,2105,3406,2990,5061,4412,5282,7378,7305,6182,7453,2698,5134,96075,41795,14101,8219,27720,11973,2798,10,6
2021-06-02T23:59:59+02:00,7,4,2310,2344,4651,4895,6382,7458,9782,11271,15669,16450,15327,16008,8714,10585,2866,5451,0,2,871,792,1560,2095,2050,3368,2904,4975,4050,4893,6820,6665,6138,7396,2694,5123,95552,39455,14099,8214,27720,11928,2793,10,6
2021-06-01T23:59:59+02:00,6,3,2247,2304,4530,4802,6215,7339,9593,11123,15560,16373,15324,16004,8710,10581,2865,5446,0,1,837,765,1495,2045,1934,3305,2751,4881,3846,4764,6610,6433,6115,7377,2688,5114,94674,38365,14048,8192,27708,11813,2585,10,6
2021-05-31T23:59:59+02:00,2,3,2198,2245,4430,4708,6070,7214,9407,10974,15475,16317,15316,15997,8707,10581,2865,5446,0,1,813,731,1438,1987,1862,3256,2576,4825,3715,4710,6254,6018,6092,7356,2685,5106,93948,37184,13961,8185,27698,11712,2338,10,6
2021-05-30T23:59:59+02:00,2,3,2173,2223,4375,4648,5975,7154,9332,10911,15438,16297,15315,15994,8707,10581,2865,5446,0,1,801,720,1415,1963,1813,3228,2443,4790,3609,4692,6252,6016,6091,7356,2685,5106,93496,36865,13922,8162,27688,11625,2323,10,6
2021-05-29T23:59:59+02:00,2,3,2157,2208,4355,4636,5958,7137,9319,10898,15433,16293,15314,15994,8707,10581,2865,5446,0,1,783,669,1322,1704,1679,2866,2243,4242,3330,4262,6162,5922,5979,7224,2684,5106,93366,36812,13919,8157,27688,8880,2323,10,6
2021-05-28T23:59:59+02:00,2,3,2136,2185,4317,4590,5913,7092,9241,10828,15365,16240,15310,15992,8707,10581,2865,5445,0,1,766,579,1244,1452,1581,2465,2065,3554,3066,3668,5526,5181,5897,7133,2680,5093,92888,35513,13906,8157,27686,5953,2322,10,6
2021-05-27T23:59:59+02:00,2,3,2094,2147,4232,4521,5791,7018,9085,10728,15268,16156,15309,15991,8707,10581,2865,5445,0,1,736,544,1213,1369,1540,2328,1994,3413,2953,3548,5089,4700,5864,7093,2669,5064,92204,34388,13758,8148,27663,5269,2308,10,5
2021-05-26T23:59:59+02:00,2,3,2026,2029,4036,4374,5450,6754,8113,9984,14506,15453,15297,15984,8703,10575,2863,5442,0,1,725,529,1187,1308,1494,2269,1936,3298,2801,3405,3781,3314,5805,7019,2646,5005,91426,31105,10231,8131,27646,5002,2281,10,4
2021-05-25T23:59:59+02:00,2,3,1989,1992,3956,4308,5357,6688,7978,9877,14128,15017,15249,15947,8696,10560,2861,5438,0,1,720,522,1159,1274,1476,2244,1916,3270,2775,3379,3775,3304,5798,7016,2644,5004,90081,31016,10082,8121,27630,4893,2243,10,4
2021-05-24T23:59:59+02:00,2,3,1963,1948,3869,4232,5251,6606,7852,9753,13617,14401,15197,15880,8689,10547,2860,5433,0,1,714,514,1140,1262,1444,2229,1894,3251,2749,3357,3758,3286,5776,6992,2635,4989,88291,30883,10002,8070,27618,4853,2182,10,3
2021-05-23T23:59:59+02:00,2,3,1954,1936,3850,4210,5233,6593,7799,9722,13541,14338,15186,15876,8687,10546,2859,5433,0,1,707,504,1129,1249,1419,2205,1838,3215,2639,3260,3346,2853,5132,6183,2620,4944,88057,30710,9901,5517,27618,4832,2182,10,3
2021-05-22T23:59:59+02:00,2,3,1787,1893,3549,4161,4835,6550,7543,9664,13418,14261,15180,15875,8687,10545,2859,5433,0,1,545,472,837,1208,1046,2169,1599,3162,2527,3187,3343,2851,5132,6182,2620,4944,87906,30698,9900,5515,27616,4796,813,10,3
2021-05-21T23:59:59+02:00,2,3,1702,1786,3393,3969,4642,6254,7146,9299,12127,12932,15030,15727,8651,10498,2850,5422,0,1,540,460,827,1206,1044,2161,1564,3132,2449,3110,3168,2714,5105,6139,2617,4929,83144,30060,9859,5514,27610,4777,812,8,3
2021-05-20T23:59:59+02:00,2,3,1665,1752,3297,3919,4534,6170,6969,9217,11917,12703,15010,15709,8647,10491,2849,5421,0,1,519,445,786,1159,987,2096,1442,3060,2323,3013,2976,2543,5064,6063,2609,4914,82301,29309,9757,5499,27556,4535,654,7,3
2021-05-19T23:59:59+02:00,2,3,1643,1726,3238,3864,4440,6100,6852,9152,11684,12440,14999,15698,8644,10490,2849,5420,0,1,510,434,770,1121,971,2027,1332,2914,1996,2719,2412,2049,4959,5945,2587,4867,81474,27244,9618,5484,27530,4268,615,7,3
2021-05-18T23:59:59+02:00,2,3,1583,1693,3148,3776,4327,5996,6692,8994,11392,12183,14954,15651,8632,10467,2847,5410,0,1,507,422,754,1106,953,2009,1249,2850,1715,2495,1966,1705,4886,5860,2565,4823,80374,25694,9415,5474,27462,4203,492,7,3
2021-05-17T23:59:59+02:00,2,3,1534,1612,3018,3618,4123,5717,6343,8531,10841,11633,14845,15558,8613,10442,2842,5399,0,1,505,414,748,1099,934,2004,1225,2825,1688,2458,1950,1685,4879,5853,2562,4820,77469,25629,9378,5460,27438,4176,382,7,3
2021-05-16T23:59:59+02:00,2,3,1515,1590,2964,3576,4028,5630,6194,8395,10665,11499,14819,15536,8605,10434,2841,5397,0,1,498,408,726,1084,903,1988,1196,2797,1654,2434,1943,1676,4876,5849,2559,4818,76721,25597,9319,5442,27408,4130,238,7,3
2021-05-15T23:59:59+02:00,2,3,1429,1493,2756,3410,3800,5353,5835,7922,10312,11203,14734,15474,8586,10405,2835,5388,0,1,498,406,722,1082,903,1984,1191,2796,1648,2429,1931,1664,4869,5843,2559,4816,73976,25535,9319,5442,27401,4125,237,7,3
2021-05-14T23:59:59+02:00,2,3,1395,1430,2644,3313,3648,5196,5635,7633,10090,10948,14699,15436,8573,10382,2832,5384,0,1,449,368,651,917,828,1698,1063,2384,1466,2104,1897,1623,4866,5835,2558,4812,72325,25472,9300,5440,27378,2372,233,7,3
2021-05-13T23:59:59+02:00,2,3,1337,1363,2541,3229,3479,5059,5415,7428,9863,10768,14673,15407,8563,10379,2830,5381,0,1,442,356,624,889,726,1591,963,2299,1202,1888,1177,1041,4644,5601,2550,4779,71161,25351,8987,2893,27347,2308,218,7,3
2021-05-12T23:59:59+02:00,2,3,1329,1353,2524,3223,3461,5045,5394,7415,9848,10758,14671,15403,8561,10377,2829,5381,0,1,442,355,623,888,722,1590,958,2299,1198,1882,1158,1032,4631,5563,2516,4710,71045,25150,8963,2893,27345,2305,217,7,3
2021-05-11T23:59:59+02:00,2,2,1288,1310,2450,3141,3347,4919,5198,7268,9560,10449,14623,15345,8549,10357,2825,5372,0,1,437,342,605,873,700,1573,930,2275,1172,1854,1103,996,4567,5465,2473,4586,69704,24656,8839,2874,27260,2224,195,7,3
2021-05-10T23:59:59+02:00,2,2,1266,1283,2385,3063,3219,4793,5066,7111,9236,10068,14578,15306,8540,10338,2820,5370,0,1,436,340,592,864,688,1558,918,2260,1154,1840,1067,961,4505,5387,2432,4467,68346,24237,8716,2870,27190,2173,187,7,3
2021-05-09T23:59:59+02:00,2,2,1251,1266,2343,3047,3141,4757,5001,7078,9169,10023,14565,15290,8538,10333,2820,5368,0,1,428,338,578,859,666,1537,896,2240,1142,1826,1048,945,4492,5349,2416,4424,68104,24073,8640,2868,27141,2139,102,7,3
2021-05-08T23:59:59+02:00,1,2,1249,1262,2329,3035,3123,4745,4962,7063,9144,10015,14564,15290,8538,10332,2820,5368,0,1,428,338,577,859,665,1537,896,2239,1141,1825,1048,945,4491,5349,2416,4424,67960,24071,8634,2865,27139,2138,102,7,3
2021-05-07T23:59:59+02:00,1,2,1229,1241,2289,2994,3070,4697,4863,6971,8919,9768,14547,15266,8532,10326,2817,5364,0,1,379,312,545,790,628,1375,826,2031,1052,1636,1018,916,4470,5326,2414,4419,67047,23964,8627,2861,27113,1208,102,7,3
2021-05-06T23:59:59+02:00,1,2,1084,1150,2061,2751,2769,4389,4492,6570,8332,9164,14269,15029,8492,10270,2814,5363,0,1,378,308,532,771,611,1343,807,1996,1019,1608,990,882,4460,5312,2412,4415,63426,23831,8497,2810,26976,1105,96,7,3
2021-05-05T23:59:59+02:00,1,1,1019,1098,1950,2639,2609,4216,4196,6291,7316,7978,14183,14930,8457,10229,2801,5343,0,1,375,305,524,761,596,1333,774,1982,993,1588,917,819,4419,5240,2404,4399,59899,23510,8451,2789,26852,1080,48,7,3
2021-05-04T23:59:59+02:00,1,1,997,1078,1899,2600,2507,4148,3976,6176,7035,7760,13677,14363,8426,10196,2796,5334,0,1,371,304,519,757,584,1328,757,1963,977,1581,898,795,4396,5224,2401,4390,57839,23372,8392,2773,26692,1058,40,7,3
2021-05-03T23:59:59+02:00,1,1,966,1043,1837,2547,2400,4036,3775,6058,6675,7458,13142,13737,8389,10158,2789,5319,0,1,366,303,517,751,574,1321,748,1951,963,1568,872,771,4378,5206,2395,4377,55408,23259,8365,2763,26551,1037,0,7,3
2021-05-02T23:59:59+02:00,1,1,961,1042,1818,2540,2370,4026,3730,6048,6638,7449,13141,13736,8389,10157,2789,5319,0,1,366,303,514,751,573,1319,743,1951,962,1564,870,767,4376,5201,2395,4377,55267,23239,8358,2761,26523,1030,0,7,3
2021-05-01T23:59:59+02:00,1,1,961,1040,1810,2536,2358,4018,3715,6040,6624,7439,13140,13733,8389,10157,2789,5319,0,1,366,303,514,751,573,1319,742,1950,960,1564,870,767,4376,5201,2395,4377,55186,23239,8356,2757,26521,1030,0,7,3
2021-04-30T23:59:59+02:00,0,1,945,1035,1791,2520,2337,3983,3678,6007,6543,7385,13045,13629,8388,10152,2786,5307,0,1,317,248,473,675,544,1139,711,1727,926,1360,859,749,4372,5198,2395,4377,54687,23225,8355,2752,26483,91,0,7,3
2021-04-29T23:59:59+02:00,0,1,892,1011,1735,2470,2274,3924,3530,5881,6305,7162,12784,13354,8366,10123,2782,5300,0,1,310,246,463,668,541,1131,704,1716,915,1351,851,734,4363,5190,2395,4375,53089,23135,8340,2746,26458,70,0,7,3
2021-04-28T23:59:59+02:00,0,1,831,978,1655,2406,2130,3813,3246,5628,5701,6653,11946,12434,8307,10034,2758,5263,0,1,309,243,461,661,533,1118,693,1695,904,1344,836,717,4344,5163,2393,4375,49026,23010,8333,2727,26418,50,0,7,3
2021-04-27T23:59:59+02:00,0,1,822,973,1637,2385,2086,3794,3176,5602,5573,6528,11917,12417,8305,10032,2758,5261,0,1,308,241,455,659,525,1112,684,1683,894,1338,825,705,4340,5157,2392,4369,48545,22932,8328,2711,26387,42,0,7,3
2021-04-26T23:59:59+02:00,0,1,812,961,1611,2367,2026,3753,2998,5524,5241,6242,11351,11771,8250,9967,2753,5251,0,1,306,240,454,658,520,1106,673,1677,885,1327,815,695,4335,5151,2392,4365,46212,22881,8319,2680,26344,37,0,4,2
2021-04-25T23:59:59+02:00,0,1,802,959,1594,2360,1988,3736,2872,5501,5146,6237,11346,11767,8246,9961,2752,5250,0,1,305,239,454,658,520,1099,673,1675,882,1325,815,694,4335,5151,2392,4365,45881,22875,8313,2676,26320,30,0,4,2
2021-04-24T23:59:59+02:00,0,1,788,949,1572,2340,1948,3690,2776,5432,4803,5912,10733,11041,8215,9902,2751,5248,0,1,305,239,454,658,520,1098,672,1673,881,1325,810,690,4325,5135,2390,4364,43472,22838,8311,2671,26314,29,0,4,2
2021-04-23T23:59:59+02:00,0,1,783,941,1559,2330,1918,3663,2737,5379,4641,5724,10424,10659,8175,9860,2748,5239,0,1,305,238,454,658,520,1097,671,1673,879,1325,810,689,4322,5132,2390,4364,42170,22827,8310,2670,26297,29,0,4,2
2021-04-22T23:59:59+02:00,0,1,766,927,1532,2287,1869,3594,2649,5287,4487,5570,10279,10464,8161,9829,2746,5231,0,1,305,237,452,647,518,1091,665,1665,873,1316,804,685,4319,5130,2390,4362,41168,22791,8281,2646,26226,21,0,4,2
2021-04-21T23:59:59+02:00,0,1,755,915,1507,2274,1817,3549,2544,5199,4102,5150,9681,9779,8112,9765,2742,5220,0,1,303,237,450,646,518,1090,661,1662,868,1311,791,673,4309,5116,2390,4358,38646,22741,8265,2622,26197,19,0,4,2
2021-04-20T23:59:59+02:00,0,1,748,903,1486,2247,1786,3518,2494,5142,3965,5054,9484,9560,8094,9755,2738,5217,0,1,303,236,450,645,517,1088,660,1658,865,1305,785,668,4305,5111,2390,4358,37810,22709,8253,2616,26125,19,0,4,1
2021-04-19T23:59:59+02:00,0,1,741,894,1478,2239,1769,3500,2463,5115,3900,4995,9114,9143,8069,9730,2735,5211,0,1,303,234,449,640,515,1085,657,1655,861,1301,780,662,4296,5109,2390,4356,36783,22669,8241,2605,26069,19,0,4,1
2021-04-18T23:59:59+02:00,0,1,737,891,1473,2233,1751,3493,2445,5103,3891,4993,9104,9132,8069,9729,2735,5211,0,1,302,234,449,637,514,1081,655,1652,858,1301,779,660,4296,5107,2390,4356,36723,22661,8221,2591,26043,19,0,4,1
2021-04-17T23:59:59+02:00,0,1,718,885,1385,2223,1651,3481,2408,5073,3810,4914,8387,8410,8053,9716,2735,5211,0,1,302,234,447,635,513,1080,654,1652,857,1298,779,660,4295,5107,2390,4356,36714,22649,8221,2591,24122,19,0,4,1
2021-04-16T23:59:59+02:00,0,1,703,867,1256,2200,1500,3458,2322,5007,3648,4749,7045,6859,8018,9667,2722,5180,0,1,302,233,442,628,508,1076,644,1650,853,1289,769,654,4290,5093,2387,4354,35337,22574,8211,2586,21650,12,0,4,1
2021-04-15T23:59:59+02:00,0,1,682,857,1245,2187,1479,3439,2264,4970,3576,4698,6605,6358,7977,9601,2698,5106,0,1,295,227,427,617,491,1062,610,1623,817,1259,678,593,3792,4580,2363,4318,34008,22513,8156,1231,21575,8,0,4,1
2021-04-14T23:59:59+02:00,0,1,677,853,1226,2172,1446,3420,2220,4933,3443,4603,5265,4953,7926,9536,2676,5069,0,1,287,222,424,611,484,1059,603,1615,812,1256,663,577,3779,4570,2359,4312,30774,22424,8143,1202,21498,7,0,4,1
2021-04-13T23:59:59+02:00,0,1,673,853,1217,2167,1430,3418,2212,4922,3423,4586,5246,4936,7920,9533,2675,5067,0,1,287,221,422,609,481,1056,601,1611,801,1253,645,572,3777,4567,2359,4312,30690,22403,8121,1164,21464,7,0,4,1
2021-04-12T23:59:59+02:00,0,1,668,845,1204,2157,1414,3407,2178,4907,3391,4562,5221,4920,7907,9521,2672,5034,0,1,286,220,420,609,479,1050,599,1607,793,1245,640,569,3771,4565,2358,4312,30557,22375,8075,1141,21373,7,0,4,1
2021-04-11T23:59:59+02:00,0,1,660,841,1188,2145,1395,3392,2110,4882,3272,4478,4804,4480,7238,8699,2665,5029,0,1,286,220,418,609,477,1048,594,1604,789,1243,636,566,3767,4560,2358,4312,30526,22368,5468,1112,21281,7,0,4,1
2021-04-10T23:59:59+02:00,0,1,660,839,1187,2144,1393,3388,2108,4879,3269,4471,4760,4433,7234,8693,2665,5028,0,1,280,217,416,598,464,1032,567,1587,757,1218,564,496,3198,3942,2309,4217,30403,20743,5465,1112,21280,7,0,4,1
2021-04-09T23:59:59+02:00,0,1,656,838,1179,2141,1388,3383,2076,4856,3190,4390,4562,4267,7199,8644,2661,5012,0,1,270,210,406,584,445,1016,540,1568,736,1195,484,435,2540,3123,2260,4121,29711,18815,5461,1111,21267,7,0,4,1
2021-04-08T23:59:59+02:00,0,1,646,828,1162,2129,1371,3351,2014,4802,3040,4279,3508,3112,6960,8280,2650,4997,0,1,257,202,389,566,421,1002,518,1537,703,1173,462,408,2530,3114,2256,4118,28904,18585,5411,1064,18811,7,0,4,1
2021-04-07T23:59:59+02:00,0,1,639,822,1149,2120,1353,3338,1905,4722,2718,4029,2900,2582,6848,8156,2625,4944,0,1,243,195,362,542,383,968,475,1503,666,1145,434,384,2469,3048,2251,4109,26720,18128,5390,1044,18737,6,0,4,0
2021-04-06T23:59:59+02:00,0,1,629,813,1109,2113,1329,3320,1787,4672,2438,3862,2447,2233,6769,8064,2603,4906,0,1,220,182,328,515,358,949,438,1480,631,1113,399,342,2414,2973,2245,4098,25114,17654,5372,1026,18605,6,0,4,0
2021-04-05T23:59:59+02:00,0,1,626,811,1098,2108,1323,3317,1778,4662,2423,3845,2156,1889,5661,6762,2601,4905,0,1,220,182,327,511,352,943,434,1478,627,1109,396,339,2412,2967,2245,4096,25082,17644,5360,989,15521,6,0,3,0
2021-04-04T23:59:59+02:00,0,1,625,810,1098,2108,1323,3316,1778,4662,2421,3843,2154,1886,5661,6758,2601,4905,0,1,220,182,326,511,352,943,433,1478,627,1109,396,339,2411,2967,2245,4096,25073,17641,5360,989,15514,6,0,3,0
2021-04-03T23:59:59+02:00,0,1,625,810,1098,2107,1323,3316,1777,4660,2417,3843,2153,1882,5660,6758,2601,4905,0,1,220,182,326,511,352,943,433,1478,626,1109,396,339,2411,2967,2245,4096,25067,17640,5356,989,15510,6,0,3,0
2021-04-02T23:59:59+02:00,0,1,625,809,1098,2107,1319,3315,1774,4654,2415,3840,2145,1873,5648,6742,2597,4893,0,1,220,182,326,509,352,942,432,1477,625,1098,394,339,2411,2966,2245,4096,24996,17620,5351,989,15505,6,0,3,0
2021-04-01T23:59:59+02:00,0,1,621,798,1078,2088,1221,3220,1683,4585,2156,3632,1415,1287,5439,6529,2587,4863,0,1,216,181,326,508,351,941,431,1475,625,1097,391,337,2411,2966,2245,4092,24885,17608,2848,980,15467,6,0,3,0
2021-03-31T23:59:59+02:00,0,1,619,797,1074,2084,1216,3212,1672,4580,2137,3619,1387,1254,5411,6474,2546,4763,0,1,215,181,325,507,350,941,431,1474,624,1095,388,334,2407,2965,2243,4090,24558,17593,2834,972,15451,6,0,3,0
2021-03-30T23:59:59+02:00,0,1,617,790,1069,2080,1210,3207,1662,4566,2130,3604,1340,1209,5323,6342,2499,4608,0,1,215,180,325,506,347,937,426,1471,617,1084,373,323,2303,2812,2120,3864,24020,16969,2812,929,15423,6,0,2,0
2021-03-29T23:59:59+02:00,0,1,615,788,1066,2071,1201,3200,1655,4553,2116,3591,1302,1175,5259,6247,2446,4477,0,1,214,179,323,504,345,935,424,1466,611,1079,366,318,2077,2544,1892,3483,23574,15829,2784,926,15403,6,0,2,0
2021-03-28T23:59:59+02:00,0,1,615,785,1064,2065,1198,3193,1650,4542,2110,3586,1286,1166,5248,6224,2434,4444,0,1,212,179,322,501,336,931,421,1459,608,1067,359,306,2072,2530,1891,3480,23463,15801,2766,871,15380,3,0,2,0
2021-03-27T23:59:59+01:00,0,1,563,724,984,1997,1117,3073,1531,4417,2008,3503,1217,1096,4643,5492,2434,4444,0,1,210,178,322,500,336,931,417,1457,607,1064,358,306,2071,2529,1891,3480,23446,15785,2761,871,13036,2,0,1,0
2021-03-26T23:59:59+01:00,0,1,560,719,977,1987,1115,3067,1521,4410,1991,3495,1173,1065,4613,5458,2433,4440,0,1,209,175,322,498,333,930,415,1456,602,1058,350,301,1662,1990,1464,2750,23251,13649,2751,865,13022,2,0,1,0
2021-03-25T23:59:59+01:00,0,1,557,713,965,1979,1112,3058,1514,4398,1975,3485,1163,1055,4605,5453,2433,4438,0,1,208,172,320,497,331,925,411,1450,598,1049,346,297,1565,1867,1427,2674,23204,13294,2743,842,12956,2,0,1,0
2021-03-24T23:59:59+01:00,0,1,555,707,957,1969,1099,3042,1485,4379,1960,3477,1127,1025,4578,5418,2428,4433,0,1,207,172,319,496,327,921,407,1442,588,1031,333,287,1236,1483,1271,2404,23063,12141,2717,782,12859,2,0,1,0
2021-03-23T23:59:59+01:00,0,1,553,702,951,1956,1095,3032,1478,4365,1950,3469,1114,1014,4558,5404,2428,4429,0,1,206,172,317,493,318,918,406,1442,582,1027,325,280,998,1216,1155,2223,22987,11317,2708,760,12803,2,0,1,0
2021-03-22T23:59:59+01:00,0,1,552,693,946,1942,1089,3023,1469,4349,1936,3459,1111,1010,4553,5403,2428,4428,0,1,205,172,316,491,317,916,403,1439,579,1023,321,276,997,1212,1155,2219,22962,11300,2692,740,12737,2,0,1,0
2021-03-21T23:59:59+01:00,0,1,549,690,944,1934,1086,3019,1461,4336,1924,3452,1108,1009,4553,5401,2428,4428,0,1,204,172,316,490,315,912,403,1434,573,1021,311,271,993,1207,1154,2219,22958,11297,2679,697,12685,2,0,1,0
2021-03-20T23:59:59+01:00,0,1,544,683,940,1917,1069,3002,1433,4318,1890,3423,1036,939,3968,4762,2377,4328,0,1,204,172,316,490,315,912,403,1434,573,1021,311,271,993,1207,1153,2218,21287,11295,2678,697,12664,2,0,1,0
2021-03-19T23:59:59+01:00,0,1,535,674,922,1889,1041,2982,1397,4292,1864,3392,949,875,3288,3925,2325,4229,0,1,201,172,314,490,314,909,401,1432,569,1015,308,270,980,1194,1122,2178,19293,11273,2666,595,12620,2,0,1,0
2021-03-18T23:59:59+01:00,0,1,522,661,905,1863,1018,2956,1357,4251,1819,3340,850,811,2773,3393,2301,4196,0,1,196,170,311,486,311,899,397,1426,567,1010,305,263,874,1096,1010,1984,19211,10887,1265,417,12540,2,0,1,0
2021-03-17T23:59:59+01:00,0,1,520,652,896,1844,1005,2935,1334,4229,1801,3324,820,786,2685,3300,2295,4190,0,1,194,169,309,484,308,898,390,1422,564,1006,302,258,631,821,702,1534,18900,9958,1226,35,12491,0,0,0,0
2021-03-16T23:59:59+01:00,0,1,518,643,887,1823,985,2919,1317,4217,1777,3307,790,775,2637,3219,2293,4184,0,1,194,169,307,484,307,895,387,1420,561,1002,296,254,383,580,512,1223,18690,8946,1186,29,12416,0,0,0,0
2021-03-15T23:59:59+01:00,0,1,518,633,882,1804,974,2897,1312,4210,1769,3297,784,771,2634,3217,2292,4184,0,1,193,169,306,483,306,895,387,1419,558,1002,296,254,383,579,511,1223,18675,8939,1161,26,12343,0,0,0,0
2021-03-14T23:59:59+01:00,0,1,517,627,874,1792,967,2889,1302,4197,1759,3284,779,766,2628,3214,2292,4184,0,1,193,169,305,483,305,893,385,1417,557,1002,295,254,383,579,511,1223,18670,8935,1131,20,12271,0,0,0,0
2021-03-13T23:59:59+01:00,0,1,496,576,781,1529,836,2506,1107,3633,1477,2856,699,678,2525,3088,2291,4183,0,1,193,169,305,483,305,893,385,1417,557,1002,295,254,383,579,511,1223,18666,8935,1131,20,9465,0,0,0,0
2021-03-12T23:59:59+01:00,0,1,482,493,717,1260,745,2110,935,2946,1230,2262,557,527,2481,3044,2291,4183,0,0,193,167,305,483,305,891,384,1417,557,999,295,253,370,558,462,1157,18636,8776,1130,20,6498,0,0,0,0
2021-03-11T23:59:59+01:00,0,1,458,457,683,1189,698,2004,875,2800,1147,2150,500,467,2467,3032,2290,4181,0,0,193,167,304,481,304,890,384,1414,556,999,295,252,357,541,413,1112,18439,8645,1082,17,5878,0,0,0,0
2021-03-10T23:59:59+01:00,0,1,444,447,649,1156,657,1970,833,2764,1114,2121,481,451,2453,3012,2289,4177,0,0,189,165,300,474,304,889,379,1408,550,992,291,246,232,442,179,842,18162,7871,1062,11,5795,0,0,0,0
2021-03-09T23:59:59+01:00,0,1,429,430,618,1126,634,1950,810,2736,1092,2097,459,430,2359,2870,2163,3946,0,0,189,165,298,472,303,888,378,1405,550,989,289,245,232,442,178,841,17396,7863,1045,1,5709,0,0,0,0
2021-03-08T23:59:59+01:00,0,1,416,409,596,1096,616,1928,794,2711,1070,2071,437,402,2128,2595,1934,3564,0,0,189,164,298,470,302,883,378,1399,550,987,288,243,232,441,178,841,16146,7842,1016,1,5606,0,0,0,0
2021-03-07T23:59:59+01:00,0,1,415,408,589,1078,602,1920,791,2698,1065,2061,436,401,2123,2587,1933,3561,0,0,189,164,297,469,302,882,378,1396,550,986,288,243,232,441,178,841,16118,7835,1006,1,5545,0,0,0,0
2021-03-06T23:59:59+01:00,0,1,415,405,585,1065,599,1918,784,2691,1061,2054,435,401,2123,2587,1933,3561,0,0,189,164,297,469,302,882,378,1396,550,985,287,243,232,441,178,841,16109,7833,1006,1,5503,0,0,0,0
2021-03-05T23:59:59+01:00,0,1,409,390,579,1053,593,1909,779,2681,1054,2046,421,393,1702,2028,1501,2809,0,0,187,159,293,469,299,880,376,1393,548,981,287,243,232,441,178,841,13888,7806,1006,1,5454,0,0,0,0
2021-03-04T23:59:59+01:00,0,1,398,365,551,1014,574,1852,748,2627,1033,1996,417,389,1609,1908,1461,2732,0,0,176,151,282,456,298,872,374,1379,546,977,286,243,232,441,178,841,13528,7731,1000,1,5147,0,0,0,0
2021-03-03T23:59:59+01:00,0,1,395,359,544,983,556,1820,724,2580,1015,1956,409,383,1282,1527,1302,2456,0,0,175,150,281,455,297,871,370,1372,543,970,284,241,231,440,176,836,12360,7691,991,1,4941,0,0,0,0
2021-03-02T23:59:59+01:00,0,1,391,354,536,949,542,1799,715,2556,1004,1937,398,373,1037,1260,1182,2272,0,0,175,148,280,445,293,865,370,1363,543,964,284,241,231,440,176,836,11531,7653,954,1,4821,0,0,0,0
2021-03-01T23:59:59+01:00,0,1,389,347,527,926,523,1768,706,2532,993,1920,394,366,1036,1253,1182,2267,0,0,175,146,280,436,290,855,367,1348,540,958,282,239,230,439,176,836,11509,7596,919,1,4702,0,0,0,0
2021-02-28T23:59:59+01:00,0,1,385,344,524,918,515,1757,702,2520,988,1905,389,361,1036,1251,1182,2267,0,0,173,145,280,435,290,854,367,1348,539,958,282,239,230,439,176,836,11503,7590,891,1,4651,0,0,0,0
2021-02-27T23:59:59+01:00,0,1,384,342,519,911,513,1751,699,2511,985,1903,388,360,1036,1251,1181,2267,0,0,173,145,280,435,290,854,367,1348,538,958,282,239,230,439,176,836,11502,7589,891,1,4609,0,0,0,0
2021-02-26T23:59:59+01:00,0,1,337,299,451,739,436,1443,572,2093,814,1563,360,330,1036,1248,1181,2267,0,0,173,143,280,431,288,846,365,1340,536,955,282,239,230,439,176,836,11492,7558,880,1,2798,0,0,0,0
2021-02-25T23:59:59+01:00,0,1,317,290,440,718,424,1407,557,2045,795,1531,352,322,950,1155,1108,2141,0,0,122,130,260,426,279,833,353,1324,531,948,282,237,230,439,176,836,11081,7406,849,0,2623,0,0,0,0
2021-02-24T23:59:59+01:00,0,1,312,284,435,702,417,1372,541,1997,773,1487,345,309,741,921,921,1832,0,0,122,124,258,420,276,823,351,1311,524,942,279,234,228,438,176,834,10133,7340,808,0,2449,0,0,0,0
2021-02-23T23:59:59+01:00,0,1,310,272,427,688,406,1347,533,1962,753,1468,331,299,488,672,730,1525,0,0,122,123,257,418,274,817,351,1305,523,934,278,233,227,438,174,833,9121,7307,763,0,2328,0,0,0,0
2021-02-22T23:59:59+01:00,0,1,310,271,426,681,405,1342,529,1951,748,1464,331,297,487,670,730,1524,0,0,122,118,252,408,273,800,347,1279,518,926,274,232,227,438,174,833,9116,7221,752,0,2299,0,0,0,0
2021-02-21T23:59:59+01:00,0,1,307,270,424,675,402,1333,526,1943,742,1460,320,292,483,665,728,1524,0,0,122,118,251,407,272,797,344,1276,510,922,273,231,226,437,173,822,9111,7181,710,0,2274,0,0,0,0
2021-02-20T23:59:59+01:00,0,1,307,267,424,673,402,1325,525,1934,740,1456,320,292,483,665,728,1524,0,0,122,118,251,407,272,797,344,1276,509,922,273,231,226,437,173,822,9111,7180,710,0,2245,0,0,0,0
2021-02-19T23:59:59+01:00,0,0,261,241,392,597,368,1156,467,1721,631,1246,311,276,457,629,646,1415,0,0,122,118,251,407,271,797,344,1276,509,922,273,231,226,437,173,822,8889,7179,603,0,1322,0,0,0,0
2021-02-18T23:59:59+01:00,0,0,260,236,384,588,357,1134,454,1703,621,1239,311,274,403,581,533,1283,0,0,119,115,247,401,264,790,341,1267,505,921,271,229,226,437,173,822,8700,7128,423,0,1238,0,0,0,0
2021-02-17T23:59:59+01:00,0,0,254,232,372,574,350,1125,431,1687,613,1227,306,267,242,445,187,866,0,0,111,102,244,395,259,774,335,1251,499,910,267,226,225,437,173,822,7962,7030,33,0,1183,0,0,0,0
2021-02-16T23:59:59+01:00,0,0,253,230,361,572,341,1116,423,1673,608,1220,303,264,241,444,187,866,0,0,83,89,224,369,248,744,318,1211,467,875,245,211,217,417,172,815,7954,6705,29,0,1119,0,0,0,0
2021-02-15T23:59:59+01:00,0,0,249,229,358,567,339,1109,421,1661,603,1214,303,264,241,443,186,866,0,0,82,87,220,358,241,732,308,1184,451,852,232,204,204,393,165,758,7940,6471,26,0,1087,0,0,0,0
2021-02-14T23:59:59+01:00,0,0,248,227,352,564,335,1100,417,1655,600,1211,303,264,241,443,186,866,0,0,78,85,213,353,238,724,303,1171,447,837,231,202,204,382,165,748,7930,6381,21,0,1061,0,0,0,0
2021-02-13T23:59:59+01:00,0,0,248,227,352,564,335,1100,415,1655,600,1210,302,264,241,443,186,866,0,0,78,85,213,352,238,724,303,1171,447,837,231,202,204,382,165,748,7928,6380,21,0,1059,0,0,0,0
2021-02-12T23:59:59+01:00,0,0,193,167,304,486,308,903,382,1418,563,997,294,249,240,443,186,866,0,0,75,84,210,351,236,721,297,1167,444,832,227,199,204,380,165,748,7915,6340,21,0,63,0,0,0,0
2021-02-11T23:59:59+01:00,0,0,191,166,298,473,304,889,376,1398,553,990,294,249,240,443,186,866,0,0,74,81,200,325,226,677,277,1116,426,782,226,196,204,375,165,745,7872,6095,18,0,26,0,0,0,0
2021-02-10T23:59:59+01:00,0,0,189,159,294,469,301,884,370,1387,549,982,292,247,238,442,186,864,0,0,69,76,183,297,215,617,260,1032,401,730,217,181,190,345,150,694,7829,5657,12,0,12,0,0,0,0
2021-02-09T23:59:59+01:00,0,0,184,153,290,461,300,875,370,1377,547,973,289,246,238,442,185,863,0,0,60,60,145,233,186,512,222,840,346,594,195,155,168,308,140,617,7785,4781,3,0,5,0,0,0,0
2021-02-08T23:59:59+01:00,0,0,178,147,286,449,295,865,366,1357,541,966,285,242,237,441,183,859,0,0,33,47,100,144,137,285,163,460,252,387,164,127,139,250,115,512,7689,3315,3,0,5,0,0,0,0
2021-02-07T23:59:59+01:00,0,0,176,145,284,448,294,863,365,1356,540,965,284,241,237,441,183,859,0,0,19,40,82,122,132,264,154,426,236,361,154,122,129,239,108,474,7679,3062,2,0,0,0,0,0,0
2021-02-06T23:59:59+01:00,0,0,176,145,284,448,294,863,365,1356,540,965,284,241,237,441,183,859,0,0,19,37,80,119,122,249,143,409,205,340,139,118,128,234,107,463,7679,2912,2,0,0,0,0,0,0
2021-02-05T23:59:59+01:00,0,0,176,143,284,444,293,852,363,1348,536,962,284,240,237,441,183,858,0,0,18,33,77,114,115,235,137,382,188,322,134,113,124,229,99,446,7642,2766,2,0,0,0,0,0,0
2021-02-04T23:59:59+01:00,0,0,168,138,283,440,286,843,359,1337,527,953,283,238,236,440,183,856,0,0,11,20,50,76,86,178,114,290,155,263,116,99,112,210,89,402,7569,2271,1,0,0,0,0,0,0
2021-02-03T23:59:59+01:00,0,0,150,131,273,434,283,836,357,1326,527,951,283,238,235,440,183,855,0,0,11,18,42,65,77,143,90,258,134,222,97,85,97,181,80,354,7501,1954,1,0,0,0,0,0,0
2021-02-02T23:59:59+01:00,0,0,130,126,261,432,280,828,352,1320,526,944,282,238,234,440,182,854,0,0,11,15,34,59,65,121,75,213,103,172,65,60,72,118,55,227,7428,1465,1,0,0,0,0,0,0
2021-02-01T23:59:59+01:00,0,0,125,121,256,417,278,811,350,1294,520,932,277,236,234,440,182,854,0,0,4,9,19,31,34,66,46,118,59,71,30,31,32,52,30,111,7326,743,1,0,0,0,0,0,0
2021-01-31T23:59:59+01:00,0,0,124,118,254,414,276,807,348,1288,515,930,277,233,233,439,182,854,0,0,4,6,14,22,29,47,32,72,39,43,16,11,16,32,24,65,7291,472,1,0,0,0,0,0,0
2021-01-30T23:59:59+01:00,0,0,124,118,254,414,276,806,348,1287,514,930,277,233,233,439,182,854,0,0,4,6,13,19,26,40,27,64,36,41,16,11,16,32,24,65,7288,440,1,0,0,0,0,0,0
2021-01-29T23:59:59+01:00,0,0,124,118,254,414,275,806,348,1287,514,930,277,233,233,439,182,854,0,0,4,6,7,18,24,32,22,56,32,38,16,11,16,31,23,64,7287,400,1,0,0,0,0,0,0
2021-01-28T23:59:59+01:00,0,0,122,115,250,407,271,799,345,1280,509,929,277,233,233,439,182,854,0,0,1,3,2,8,16,14,12,27,12,23,12,7,9,18,8,27,7244,199,1,0,0,0,0,0,0
2021-01-27T23:59:59+01:00,0,0,114,105,248,402,268,790,340,1273,503,922,272,230,232,438,182,854,0,0,0,0,1,4,12,12,8,20,10,17,11,7,9,18,8,27,7172,164,1,0,0,0,0,0,0
2021-01-26T23:59:59+01:00,0,0,88,93,230,385,260,765,328,1235,477,891,252,218,222,420,182,846,0,0,0,0,1,4,12,12,8,20,10,17,11,7,9,18,8,27,6891,164,1,0,0,0,0,0,0
2021-01-25T23:59:59+01:00,0,0,85,88,228,365,247,745,314,1202,459,866,235,211,211,398,177,790,0,0,0,0,1,4,12,10,7,13,7,13,11,7,9,18,8,27,6621,147,0,0,0,0,0,0,0
2021-01-24T23:59:59+01:00,0,0,85,86,224,361,246,740,311,1189,457,851,234,209,211,387,177,779,0,0,0,0,1,4,11,10,7,13,7,13,11,7,9,18,8,27,6547,146,0,0,0,0,0,0,0
2021-01-23T23:59:59+01:00,0,0,85,86,224,361,246,740,311,1189,457,851,234,209,211,387,177,779,0,0,0,0,1,4,11,10,7,13,7,13,11,7,9,18,8,27,6547,146,0,0,0,0,0,0,0
2021-01-22T23:59:59+01:00,0,0,85,85,222,358,246,737,308,1185,453,848,232,208,211,386,177,779,0,0,0,0,1,4,11,10,7,13,7,13,11,7,9,18,8,27,6520,146,0,0,0,0,0,0,0
2021-01-21T23:59:59+01:00,0,0,85,82,209,328,236,693,283,1136,438,814,231,204,210,380,176,776,0,0,0,0,1,2,9,9,6,12,6,11,11,7,9,18,8,27,6281,136,0,0,0,0,0,0,0
2021-01-20T23:59:59+01:00,0,0,79,77,194,305,224,627,269,1043,409,754,222,192,195,349,162,724,0,0,0,0,1,2,9,9,6,12,6,11,11,7,9,18,8,27,5825,136,0,0,0,0,0,0,0
2021-01-19T23:59:59+01:00,0,0,71,67,155,256,204,564,243,920,369,645,201,166,169,307,148,634,0,0,0,0,1,2,3,7,6,11,4,9,8,6,9,18,8,27,5119,119,0,0,0,0,0,0,0
2021-01-18T23:59:59+01:00,0,0,59,59,132,213,183,461,216,762,329,552,182,145,144,256,126,545,0,0,0,0,0,1,2,4,3,6,2,7,7,6,9,18,8,25,4364,98,0,0,0,0,0,0,0
2021-01-17T23:59:59+01:00,0,0,40,47,108,183,168,402,200,676,305,497,173,138,131,238,109,485,0,0,0,0,0,0,2,4,2,6,2,5,4,4,7,14,6,23,3900,79,0,0,0,0,0,0,0
2021-01-16T23:59:59+01:00,0,0,33,44,108,180,158,385,185,656,274,476,157,133,130,232,108,473,0,0,0,0,0,0,0,0,0,0,0,0,0,0,0,0,0,0,3732,0,0,0,0,0,0,0,0
2021-01-15T23:59:59+01:00,0,0,31,40,105,175,147,371,179,626,255,454,152,124,126,226,99,455,0,0,0,0,0,0,0,0,0,0,0,0,0,0,0,0,0,0,3565,0,0,0,0,0,0,0,0
2021-01-14T23:59:59+01:00,0,0,13,23,51,76,85,174,115,288,150,264,124,105,112,207,87,410,0,0,0,0,0,0,0,0,0,0,0,0,0,0,0,0,0,0,2284,0,0,0,0,0,0,0,0
2021-01-13T23:59:59+01:00,0,0,12,20,41,65,77,139,93,258,125,227,95,83,92,166,68,328,0,0,0,0,0,0,0,0,0,0,0,0,0,0,0,0,0,0,1889,0,0,0,0,0,0,0,0
2021-01-12T23:59:59+01:00,0,0,12,15,37,61,64,115,78,209,96,173,62,55,62,100,40,192,0,0,0,0,0,0,0,0,0,0,0,0,0,0,0,0,0,0,1371,0,0,0,0,0,0,0,0
2021-01-11T23:59:59+01:00,0,0,4,10,26,43,40,83,57,141,59,86,33,30,27,43,19,84,0,0,0,0,0,0,0,0,0,0,0,0,0,0,0,0,0,0,785,0,0,0,0,0,0,0,0
2021-01-10T23:59:59+01:00,0,0,3,6,19,31,35,58,38,94,38,54,16,10,10,22,13,37,0,0,0,0,0,0,0,0,0,0,0,0,0,0,0,0,0,0,484,0,0,0,0,0,0,0,0
2021-01-09T23:59:59+01:00,0,0,3,6,18,27,34,54,33,84,36,53,16,10,10,22,13,37,0,0,0,0,0,0,0,0,0,0,0,0,0,0,0,0,0,0,456,0,0,0,0,0,0,0,0
2021-01-08T23:59:59+01:00,0,0,3,6,15,26,30,44,27,75,32,49,15,10,9,20,12,36,0,0,0,0,0,0,0,0,0,0,0,0,0,0,0,0,0,0,409,0,0,0,0,0,0,0,0
2021-01-07T23:59:59+01:00,0,0,1,4,2,9,16,14,14,28,13,24,12,8,9,18,9,29,0,0,0,0,0,0,0,0,0,0,0,0,0,0,0,0,0,0,210,0,0,0,0,0,0,0,0
2021-01-06T23:59:59+01:00,0,0,1,0,2,4,14,12,9,22,11,19,12,8,9,18,9,29,0,0,0,0,0,0,0,0,0,0,0,0,0,0,0,0,0,0,179,0,0,0,0,0,0,0,0
2021-01-05T23:59:59+01:00,0,0,0,0,1,4,13,12,8,20,10,19,11,8,9,18,9,29,0,0,0,0,0,0,0,0,0,0,0,0,0,0,0,0,0,0,171,0,0,0,0,0,0,0,0
2021-01-04T23:59:59+01:00,0,0,0,0,1,4,13,11,7,16,8,17,11,8,9,18,9,29,0,0,0,0,0,0,0,0,0,0,0,0,0,0,0,0,0,0,161,0,0,0,0,0,0,0,0
2021-01-03T23:59:59+01:00,0,0,0,0,1,4,12,10,7,13,6,14,11,8,9,18,9,29,0,0,0,0,0,0,0,0,0,0,0,0,0,0,0,0,0,0,151,0,0,0,0,0,0,0,0
2021-01-02T23:59:59+01:00,0,0,0,0,1,4,12,10,7,13,6,14,11,8,9,18,9,29,0,0,0,0,0,0,0,0,0,0,0,0,0,0,0,0,0,0,151,0,0,0,0,0,0,0,0
2021-01-01T23:59:59+01:00,0,0,0,0,1,4,12,10,7,13,6,14,11,8,9,18,9,29,0,0,0,0,0,0,0,0,0,0,0,0,0,0,0,0,0,0,151,0,0,0,0,0,0,0,0
2020-12-31T23:59:59+01:00,0,0,0,0,1,4,12,10,7,13,6,14,11,8,9,18,9,29,0,0,0,0,0,0,0,0,0,0,0,0,0,0,0,0,0,0,151,0,0,0,0,0,0,0,0
2020-12-30T23:59:59+01:00,0,0,0,0,1,4,12,10,7,13,6,14,11,8,9,18,9,29,0,0,0,0,0,0,0,0,0,0,0,0,0,0,0,0,0,0,151,0,0,0,0,0,0,0,0
2020-12-29T23:59:59+01:00,0,0,0,0,1,4,8,9,7,13,4,12,11,8,9,18,9,29,0,0,0,0,0,0,0,0,0,0,0,0,0,0,0,0,0,0,142,0,0,0,0,0,0,0,0
2020-12-28T23:59:59+01:00,0,0,0,0,1,1,5,7,7,7,2,9,11,8,9,18,9,29,0,0,0,0,0,0,0,0,0,0,0,0,0,0,0,0,0,0,123,0,0,0,0,0,0,0,0
2020-12-27T23:59:59+01:00,0,0,0,0,0,0,2,4,2,6,1,6,5,6,8,15,8,26,0,0,0,0,0,0,0,0,0,0,0,0,0,0,0,0,0,0,89,0,0,0,0,0,0,0,0
