Datum,<15_m,<15_w,15-24_1_m,15-24_1_w,25-34_1_m,25-34_1_w,35-44_1_m,35-44_1_w,45-54_1_m,45-54_1_w,55-64_1_m,55-64_1_w,65-74_1_m,65-74_1_w,75-84_1_m,75-84_1_w,>84_1_m,>84_1_w,<24_2_m,<24_2_w,25-34_2_m,25-34_2_w,35-44_2_m,35-44_2_w,45-54_2_m,45-54_2_w,55-64_2_m,55-64_2_w,65-74_2_m,65-74_2_w,75-84_2_m,75-84_2_w,>84_2_m,>84_2_w,bp_1,bp_2,mo_1,mo_2,az_1,az_2,ja,unb_1,unb_2
2021-10-12T23:59:59+02:00,1927,1843,10135,9542,11124,10441,13652,14105,17669,18031,20863,20824,16480,17174,9209,11183,2967,5705,9361,8852,10584,9790,13090,13415,17044,17376,20320,20242,16124,16794,8992,10901,2867,5521,152457,145544,20325,19554,27926,27105,12171,9,8
2021-10-11T23:59:59+02:00,1918,1834,10116,9527,11105,10432,13639,14096,17659,18015,20855,20814,16474,17173,9206,11179,2966,5703,9329,8813,10562,9759,13067,13387,17030,17361,20308,20233,16115,16790,8988,10897,2866,5517,152357,145396,20267,19401,27926,27105,12166,9,8
2021-10-10T23:59:59+02:00,1917,1829,10108,9522,11101,10427,13633,14091,17652,18009,20848,20812,16474,17173,9204,11176,2966,5703,9326,8810,10555,9756,13061,13384,17025,17359,20304,20232,16114,16790,8986,10895,2866,5515,152336,145363,20226,19392,27926,27105,12162,9,8
2021-10-09T23:59:59+02:00,1917,1829,10108,9522,11100,10427,13633,14091,17651,18009,20848,20812,16474,17173,9204,11176,2966,5703,9323,8806,10555,9754,13060,13383,17023,17359,20303,20231,16114,16790,8986,10895,2866,5515,152335,145350,20225,19389,27926,27105,12162,9,8
2021-10-08T23:59:59+02:00,1908,1820,10093,9515,11091,10421,13623,14080,17641,18002,20839,20807,16467,17167,9203,11173,2965,5702,9317,8796,10550,9748,13055,13376,17021,17357,20302,20230,16112,16789,8986,10894,2866,5515,152211,145294,20225,19385,27926,27105,12160,9,8
2021-10-07T23:59:59+02:00,1896,1806,10062,9481,11063,10392,13594,14061,17633,17988,20821,20794,16462,17162,9200,11169,2964,5700,9304,8778,10542,9731,13049,13365,17015,17348,20294,20225,16109,16786,8982,10891,2866,5514,151962,145182,20220,19383,27926,27105,12145,9,8
2021-10-06T23:59:59+02:00,1878,1782,10037,9461,11047,10376,13579,14041,17626,17976,20809,20785,16458,17157,9197,11168,2964,5699,9262,8715,10519,9694,13015,13327,16990,17321,20274,20206,16098,16777,8977,10887,2866,5510,151763,144731,20216,19383,27926,27105,12137,9,8
2021-10-05T23:59:59+02:00,1868,1771,10024,9439,11037,10359,13564,14025,17617,17968,20799,20780,16454,17151,9196,11168,2963,5699,9242,8690,10504,9673,13005,13315,16982,17304,20262,20197,16092,16773,8974,10881,2863,5506,151626,144536,20216,19383,27926,27105,12116,9,8
2021-10-04T23:59:59+02:00,1856,1761,9999,9425,11026,10343,13550,14013,17606,17954,20787,20767,16453,17148,9194,11166,2962,5699,9220,8669,10484,9650,13001,13305,16973,17285,20253,20177,16090,16769,8972,10879,2862,5506,151475,144356,20211,19383,27926,27104,12099,9,8
2021-10-03T23:59:59+02:00,1850,1756,9992,9419,11015,10333,13545,14007,17599,17949,20779,20763,16450,17143,9192,11165,2962,5699,9212,8660,10471,9643,12997,13300,16969,17278,20244,20173,16088,16767,8972,10878,2862,5506,151415,144304,20211,19383,27926,27104,12068,9,8
2021-10-02T23:59:59+02:00,1850,1756,9990,9416,11013,10331,13542,14007,17599,17949,20777,20761,16449,17142,9192,11165,2962,5699,9211,8658,10468,9640,12995,13298,16969,17278,20243,20171,16087,16765,8972,10878,2862,5506,151407,144296,20211,19382,27926,27104,12058,9,8
2021-10-01T23:59:59+02:00,1847,1752,9976,9401,11004,10316,13533,13999,17590,17942,20772,20757,16445,17138,9190,11164,2960,5697,9194,8640,10454,9629,12993,13287,16958,17271,20234,20164,16086,16765,8971,10873,2861,5504,151308,144172,20210,19382,27926,27104,12041,9,8
2021-09-30T23:59:59+02:00,1844,1749,9961,9393,10992,10306,13523,13983,17583,17932,20765,20751,16445,17137,9188,11162,2959,5696,9171,8632,10442,9618,12986,13275,16948,17267,20227,20159,16083,16765,8968,10873,2861,5504,151241,144102,20208,19379,27926,27104,11996,9,8
2021-09-29T23:59:59+02:00,1831,1715,9933,9357,10968,10282,13509,13963,17568,17920,20746,20741,16437,17129,9186,11159,2958,5693,9161,8617,10429,9603,12983,13261,16943,17254,20217,20151,16077,16756,8965,10870,2860,5503,150985,143974,20208,19378,27926,27104,11978,9,8
2021-09-28T23:59:59+02:00,1804,1691,9880,9304,10947,10246,13478,13937,17540,17890,20729,20721,16427,17116,9182,11150,2957,5690,9142,8587,10416,9581,12965,13248,16933,17242,20204,20139,16068,16747,8959,10863,2860,5502,150606,143769,20208,19377,27925,27104,11952,9,8
2021-09-27T23:59:59+02:00,1787,1678,9855,9286,10922,10224,13459,13910,17522,17871,20720,20714,16421,17111,9178,11147,2957,5688,9123,8565,10394,9561,12945,13221,16918,17225,20193,20130,16065,16744,8957,10860,2860,5501,150438,143619,20200,19372,27925,27102,11889,9,8
2021-09-26T23:59:59+02:00,1780,1672,9844,9277,10906,10212,13449,13902,17516,17865,20710,20713,16419,17107,9178,11146,2956,5688,9118,8557,10386,9557,12936,13216,16914,17220,20186,20128,16063,16742,8957,10860,2860,5501,150358,143585,20199,19372,27925,27101,11860,9,8
2021-09-25T23:59:59+02:00,1780,1671,9841,9276,10905,10212,13447,13901,17516,17865,20710,20713,16419,17106,9178,11146,2956,5688,9118,8554,10384,9557,12935,13214,16914,17220,20186,20128,16063,16741,8957,10860,2860,5501,150353,143581,20199,19372,27925,27101,11855,9,8
2021-09-24T23:59:59+02:00,1772,1655,9824,9264,10901,10202,13443,13890,17513,17861,20707,20709,16416,17105,9178,11146,2955,5688,9101,8541,10378,9546,12931,13210,16908,17214,20185,20124,16061,16739,8956,10860,2860,5501,150264,143498,20197,19372,27925,27101,11845,9,8
2021-09-23T23:59:59+02:00,1769,1653,9761,9222,10792,10138,13345,13817,17429,17795,20654,20662,16392,17087,9171,11135,2955,5685,9043,8503,10270,9487,12841,13150,16828,17152,20134,20080,16038,16718,8948,10848,2860,5498,150187,143469,20195,19369,27925,27101,11156,9,8
2021-09-22T23:59:59+02:00,1747,1636,9732,9189,10777,10109,13319,13786,17401,17772,20639,20640,16388,17079,9169,11128,2952,5684,9018,8488,10249,9470,12826,13134,16809,17141,20123,20075,16032,16716,8945,10842,2858,5495,149901,143297,20191,19366,27925,27101,11131,9,8
2021-09-21T23:59:59+02:00,1716,1605,9676,9124,10743,10074,13292,13744,17371,17749,20625,20630,16375,17065,9165,11126,2950,5679,8984,8456,10233,9451,12804,13107,16783,17111,20113,20065,16022,16709,8940,10839,2858,5493,149481,143014,20189,19364,27924,27101,11116,9,8
2021-09-20T23:59:59+02:00,1684,1581,9621,9071,10695,10024,13256,13703,17350,17730,20601,20612,16365,17058,9156,11114,2949,5675,8949,8429,10214,9429,12777,13084,16762,17093,20096,20046,16014,16700,8933,10832,2856,5492,149079,142771,20187,19363,27924,27100,11056,9,8
2021-09-19T23:59:59+02:00,1683,1580,9617,9063,10688,10019,13248,13700,17342,17724,20594,20608,16363,17055,9155,11112,2946,5672,8943,8423,10210,9427,12773,13082,16759,17091,20093,20042,16013,16700,8933,10832,2856,5491,149024,142749,20184,19361,27924,27099,11038,9,8
2021-09-18T23:59:59+02:00,1683,1580,9617,9062,10686,10015,13245,13696,17339,17724,20593,20608,16363,17055,9155,11112,2946,5672,8941,8420,10208,9425,12772,13079,16755,17090,20092,20042,16013,16700,8933,10832,2856,5491,149018,142740,20184,19361,27924,27099,11026,9,8
2021-09-17T23:59:59+02:00,1677,1572,9600,9039,10674,9999,13229,13683,17328,17713,20589,20598,16361,17053,9154,11110,2945,5671,8934,8414,10202,9419,12763,13074,16751,17085,20089,20034,16013,16698,8932,10831,2856,5491,148905,142716,20183,19361,27924,27098,10984,9,8
2021-09-16T23:59:59+02:00,1673,1571,9584,9023,10658,9983,13218,13670,17316,17704,20577,20587,16360,17049,9151,11107,2945,5669,8928,8408,10194,9412,12755,13068,16743,17080,20079,20029,16013,16697,8932,10828,2856,5489,148802,142687,20180,19358,27923,27095,10941,9,8
2021-09-15T23:59:59+02:00,1660,1556,9557,8996,10634,9963,13189,13642,17297,17680,20560,20569,16354,17042,9142,11099,2945,5665,8881,8369,10163,9372,12722,13028,16718,17060,20050,20009,16006,16685,8927,10825,2856,5487,148635,142352,20112,19346,27923,27092,10881,9,8
2021-09-14T23:59:59+02:00,1647,1546,9523,8965,10618,9943,13171,13619,17274,17662,20546,20555,16337,17029,9132,11088,2941,5653,8847,8336,10147,9355,12713,13005,16702,17041,20033,19989,16002,16678,8924,10818,2855,5483,148434,142111,20034,19345,27923,27092,10859,9,8
2021-09-13T23:59:59+02:00,1614,1510,9479,8910,10592,9909,13148,13576,17253,17643,20524,20542,16331,17023,9129,11082,2939,5647,8812,8308,10131,9333,12692,12973,16689,17024,20017,19973,15996,16664,8918,10816,2854,5479,148215,141857,19880,19337,27923,27091,10835,8,8
2021-09-12T23:59:59+02:00,1612,1507,9466,8903,10579,9903,13141,13566,17248,17639,20521,20537,16330,17020,9127,11081,2939,5644,8788,8286,10110,9322,12675,12959,16678,17016,20009,19964,15993,16660,8917,10810,2854,5478,148164,141697,19874,19336,27923,27090,10804,8,8
2021-09-11T23:59:59+02:00,1612,1507,9464,8898,10575,9900,13138,13564,17247,17636,20518,20535,16330,17018,9126,11081,2939,5644,8779,8284,10108,9321,12670,12958,16677,17013,20007,19963,15993,16659,8916,10810,2854,5478,148153,141691,19872,19331,27923,27090,10786,8,8
2021-09-10T23:59:59+02:00,1611,1506,9460,8894,10566,9893,13126,13559,17242,17629,20516,20531,16329,17017,9126,11081,2939,5644,8775,8281,10101,9313,12660,12952,16671,17008,20004,19959,15993,16658,8916,10809,2854,5478,148124,141670,19871,19325,27923,27090,10753,8,8
2021-09-09T23:59:59+02:00,1608,1501,9444,8888,10555,9880,13112,13542,17226,17620,20501,20520,16327,17016,9124,11077,2938,5641,8765,8276,10094,9303,12655,12939,16653,17001,19992,19950,15991,16656,8914,10802,2853,5476,148042,141618,19869,19325,27923,27089,10687,8,8
2021-09-08T23:59:59+02:00,1570,1452,9400,8829,10523,9842,13085,13505,17194,17594,20482,20500,16311,17002,9120,11071,2938,5639,8741,8260,10075,9287,12635,12923,16638,16992,19976,19943,15984,16650,8913,10798,2853,5476,147630,141488,19868,19320,27923,27089,10637,8,8
2021-09-07T23:59:59+02:00,1552,1427,9380,8805,10505,9822,13075,13495,17185,17582,20476,20495,16307,16999,9119,11066,2937,5637,8733,8252,10067,9285,12627,12921,16634,16984,19972,19940,15984,16648,8913,10795,2853,5476,147454,141447,19866,19318,27923,27085,10622,8,8
2021-09-06T23:59:59+02:00,1539,1415,9356,8780,10485,9801,13065,13481,17174,17568,20467,20479,16305,16996,9117,11066,2936,5637,8727,8243,10059,9278,12622,12912,16628,16979,19967,19933,15982,16647,8909,10792,2853,5475,147278,141388,19865,19315,27921,27084,10604,8,8
2021-09-05T23:59:59+02:00,1536,1412,9348,8769,10477,9796,13060,13475,17171,17561,20461,20477,16302,16993,9117,11065,2936,5637,8719,8237,10052,9268,12615,12906,16622,16973,19959,19931,15980,16645,8909,10791,2853,5475,147228,141333,19865,19315,27921,27081,10580,8,8
2021-09-04T23:59:59+02:00,1535,1412,9347,8767,10476,9796,13059,13474,17171,17561,20459,20475,16302,16993,9117,11065,2936,5637,8719,8237,10051,9266,12614,12906,16621,16972,19958,19931,15980,16645,8909,10791,2853,5475,147222,141327,19862,19315,27921,27081,10578,8,8
2021-09-03T23:59:59+02:00,1525,1398,9326,8749,10463,9785,13055,13464,17156,17550,20447,20465,16298,16987,9116,11060,2936,5634,8703,8225,10039,9259,12607,12899,16605,16962,19955,19923,15976,16638,8908,10787,2853,5472,147121,141276,19859,19313,27921,27081,10513,8,8
2021-09-02T23:59:59+02:00,1514,1389,9272,8717,10403,9734,12980,13406,17106,17513,20389,20422,16266,16960,9106,11049,2935,5629,8658,8200,9980,9215,12538,12849,16561,16929,19895,19882,15944,16615,8901,10779,2853,5467,146994,141219,19858,19309,27920,27079,10018,8,8
2021-09-01T23:59:59+02:00,1510,1372,9252,8703,10380,9723,12967,13393,17094,17499,20379,20418,16262,16954,9099,11045,2935,5628,8640,8179,9964,9198,12527,12838,16548,16918,19879,19871,15940,16610,8898,10773,2853,5466,146886,141084,19834,19307,27920,27078,9973,8,8
2021-08-31T23:59:59+02:00,1493,1354,9237,8676,10369,9710,12956,13385,17089,17488,20372,20410,16257,16950,9097,11040,2935,5628,8623,8162,9958,9186,12512,12827,16537,16913,19876,19864,15936,16608,8897,10770,2853,5466,146730,140959,19833,19304,27920,27075,9963,8,8
2021-08-30T23:59:59+02:00,1472,1337,9219,8653,10355,9694,12945,13370,17076,17468,20360,20401,16253,16947,9095,11038,2935,5627,8596,8148,9944,9174,12501,12808,16524,16896,19867,19857,15930,16602,8895,10765,2851,5464,146565,140821,19833,19300,27917,27066,9929,8,8
2021-08-29T23:59:59+02:00,1471,1336,9217,8647,10348,9685,12943,13365,17067,17463,20356,20396,16250,16942,9095,11038,2935,5626,8593,8142,9935,9163,12497,12802,16516,16891,19863,19854,15927,16595,8894,10765,2851,5463,146547,140801,19833,19299,27917,27060,9882,8,8
2021-08-28T23:59:59+02:00,1470,1336,9214,8643,10348,9684,12942,13364,17067,17462,20356,20395,16250,16942,9095,11038,2935,5626,8589,8142,9933,9163,12496,12801,16516,16890,19863,19853,15927,16595,8894,10765,2851,5463,146539,140795,19833,19297,27917,27060,9877,8,8
2021-08-27T23:59:59+02:00,1460,1325,9201,8636,10343,9678,12939,13362,17064,17456,20351,20390,16249,16940,9094,11038,2935,5626,8579,8135,9930,9157,12489,12799,16513,16883,19862,19852,15926,16594,8893,10764,2851,5463,146465,140746,19833,19295,27917,27055,9871,8,8
2021-08-26T23:59:59+02:00,1457,1324,9194,8632,10338,9672,12931,13361,17061,17454,20349,20385,16246,16937,9091,11033,2934,5626,8570,8124,9924,9151,12481,12796,16508,16881,19860,19847,15923,16590,8890,10761,2850,5463,146444,140715,19831,19295,27917,27049,9832,8,8
2021-08-25T23:59:59+02:00,1443,1299,9087,8576,10252,9600,12842,13287,16942,17370,20254,20329,16199,16899,9076,11012,2929,5615,8479,8070,9841,9089,12390,12731,16404,16808,19773,19793,15879,16551,8876,10741,2845,5450,146202,140570,19830,19294,27917,27047,9061,8,8
2021-08-24T23:59:59+02:00,1424,1274,9056,8546,10238,9580,12813,13258,16911,17334,20240,20313,16184,16889,9071,11006,2929,5612,8456,8057,9824,9077,12374,12720,16393,16793,19766,19783,15873,16547,8876,10739,2845,5449,145913,140452,19828,19292,27917,27047,9019,8,8
2021-08-23T23:59:59+02:00,1406,1249,9014,8509,10224,9562,12782,13238,16892,17316,20227,20289,16172,16877,9060,11000,2928,5607,8431,8041,9797,9058,12360,12714,16380,16784,19755,19767,15867,16540,8872,10734,2844,5446,145657,140356,19828,19290,27917,27026,8949,8,8
2021-08-22T23:59:59+02:00,1406,1249,9004,8504,10217,9556,12781,13234,16888,17310,20224,20286,16169,16873,9056,11000,2928,5606,8415,8035,9790,9047,12356,12709,16377,16777,19753,19763,15864,16535,8868,10732,2844,5445,145644,140327,19828,19288,27917,27023,8901,8,8
2021-08-21T23:59:59+02:00,1406,1248,8999,8504,10216,9554,12778,13233,16887,17310,20223,20285,16169,16873,9056,11000,2928,5606,8293,7955,9689,8953,12268,12599,16286,16706,19697,19719,15844,16520,8865,10721,2843,5443,145638,140323,19825,18387,27917,27022,8894,8,8
2021-08-20T23:59:59+02:00,1405,1246,8991,8502,10209,9546,12772,13223,16884,17308,20216,20280,16166,16873,9056,10998,2927,5605,7935,7629,9536,8793,12125,12459,16163,16596,19589,19623,15805,16471,8853,10697,2841,5442,145604,138225,19825,18387,27917,27021,8860,8,8
2021-08-19T23:59:59+02:00,1400,1244,8980,8496,10202,9537,12763,13217,16879,17306,20211,20278,16165,16871,9056,10997,2927,5604,7675,7361,9406,8688,11982,12340,16069,16491,19492,19536,15763,16424,8842,10678,2840,5434,145562,136500,19822,18379,27916,27012,8832,8,8
2021-08-18T23:59:59+02:00,1376,1212,8934,8460,10174,9506,12736,13182,16849,17283,20185,20249,16152,16857,9050,10991,2923,5599,7662,7351,9394,8680,11968,12323,16055,16482,19484,19527,15757,16417,8838,10674,2837,5431,145256,136453,19809,18378,27913,27011,8738,8,8
2021-08-17T23:59:59+02:00,1351,1199,8898,8428,10159,9485,12721,13157,16834,17262,20162,20227,16144,16847,9047,10984,2921,5594,7649,7336,9376,8672,11957,12314,16048,16472,19473,19521,15751,16412,8837,10672,2836,5429,145012,136382,19806,18373,27912,27005,8688,8,8
2021-08-16T23:59:59+02:00,1328,1181,8860,8402,10140,9466,12697,13133,16824,17245,20142,20212,16139,16835,9043,10983,2920,5594,7640,7324,9360,8669,11947,12308,16046,16467,19464,19514,15748,16409,8837,10672,2836,5429,144779,136342,19804,18369,27912,27004,8647,8,8
2021-08-15T23:59:59+02:00,1310,1164,8841,8383,10127,9452,12681,13120,16811,17235,20128,20200,16133,16829,9043,10978,2920,5594,7628,7313,9344,8653,11933,12297,16039,16459,19458,19510,15740,16405,8836,10669,2836,5429,144631,136285,19803,18364,27909,26985,8604,8,8
2021-08-14T23:59:59+02:00,1309,1164,8841,8383,10126,9452,12680,13118,16811,17234,20127,20198,16133,16829,9043,10978,2920,5594,7312,7020,9199,8485,11759,12132,15921,16329,19364,19422,15714,16381,8827,10656,2836,5425,144625,134296,19803,18362,27909,26976,8601,8,8
2021-08-13T23:59:59+02:00,1304,1162,8829,8374,10115,9444,12668,13108,16795,17225,20119,20190,16129,16824,9041,10977,2919,5594,6923,6659,9028,8324,11551,11916,15703,16148,19223,19300,15679,16343,8815,10642,2834,5421,144597,131815,19803,18362,27909,26973,8506,8,8
2021-08-12T23:59:59+02:00,1304,1162,8828,8371,10108,9439,12665,13108,16789,17216,20115,20185,16128,16820,9039,10975,2919,5594,6916,6652,9014,8317,11540,11914,15692,16141,19219,19294,15677,16338,8813,10641,2834,5421,144582,131781,19802,18359,27909,26955,8469,8,8
2021-08-11T23:59:59+02:00,1301,1158,8824,8364,10099,9432,12657,13104,16783,17212,20109,20183,16126,16817,9038,10975,2919,5593,6909,6642,8998,8306,11529,11910,15688,16134,19211,19288,15673,16335,8812,10641,2834,5419,144532,131719,19798,18353,27909,26941,8452,8,8
2021-08-10T23:59:59+02:00,1300,1158,8822,8363,10095,9427,12654,13099,16781,17211,20108,20178,16124,16815,9038,10974,2919,5593,6865,6597,8965,8291,11510,11890,15662,16123,19204,19278,15671,16333,8812,10639,2834,5419,144505,131476,19798,18349,27909,26934,8444,8,8
2021-08-09T23:59:59+02:00,1300,1156,8816,8362,10091,9419,12652,13096,16774,17209,20102,20178,16122,16815,9037,10974,2919,5593,6846,6573,8944,8274,11497,11879,15646,16111,19198,19273,15668,16332,8810,10638,2834,5419,144479,131342,19798,18345,27907,26925,8428,8,8
2021-08-08T23:59:59+02:00,1300,1155,8813,8356,10089,9415,12643,13093,16769,17205,20100,20175,16120,16811,9036,10973,2918,5592,6843,6562,8928,8266,11480,11871,15639,16102,19196,19268,15665,16328,8809,10637,2833,5418,144467,131293,19797,18337,27907,26921,8389,8,8
2021-08-07T23:59:59+02:00,1300,1147,8804,8349,10078,9408,12640,13086,16762,17201,20094,20170,16116,16806,9034,10973,2917,5592,6191,5991,8657,8043,11210,11641,15440,15928,19111,19192,15645,16304,8802,10630,2830,5417,144418,128205,19796,18325,27907,26920,8353,8,8
2021-08-06T23:59:59+02:00,1294,1146,8795,8337,10064,9396,12620,13067,16744,17189,20077,20158,16109,16798,9034,10970,2917,5591,6178,5977,8642,8028,11186,11620,15418,15911,19094,19180,15638,16297,8802,10627,2830,5416,144380,128152,19793,18319,27907,26918,8223,8,8
2021-08-05T23:59:59+02:00,1291,1144,8788,8330,10055,9387,12606,13059,16738,17186,20069,20154,16108,16798,9034,10969,2917,5591,5894,5741,8293,7732,10820,11344,15095,15672,18844,19012,15618,16273,8792,10620,2829,5415,144331,128057,19789,15615,27903,26885,8198,8,8
2021-08-04T23:59:59+02:00,1290,1141,8782,8326,10050,9385,12600,13055,16733,17184,20067,20151,16107,16798,9033,10968,2917,5590,5880,5733,8264,7722,10800,11332,15078,15666,18839,19007,15616,16270,8791,10620,2829,5415,144299,127958,19788,15607,27902,26869,8185,8,8
2021-08-03T23:59:59+02:00,1283,1138,8778,8316,10045,9380,12595,13052,16728,17182,20062,20149,16105,16798,9032,10966,2917,5589,5768,5619,8171,7652,10683,11255,15029,15613,18810,18992,15612,16268,8790,10618,2827,5414,144254,127232,19786,15599,27902,26840,8170,8,8
2021-08-02T23:59:59+02:00,1277,1132,8765,8308,10038,9373,12590,13046,16723,17172,20055,20145,16103,16795,9030,10963,2916,5588,5597,5459,8042,7545,10559,11140,14957,15530,18778,18967,15604,16259,8784,10618,2827,5414,144173,126166,19780,15594,27901,26809,8162,8,8
2021-08-01T23:59:59+02:00,1275,1131,8758,8301,10031,9366,12584,13044,16718,17170,20050,20143,16103,16795,9029,10961,2916,5588,5537,5402,7991,7496,10496,11088,14921,15505,18765,18949,15601,16256,8782,10615,2827,5412,144129,125727,19778,15590,27900,26788,8153,8,8
2021-07-31T23:59:59+02:00,1275,1131,8757,8298,10031,9365,12582,13044,16717,17170,20049,20141,16103,16795,9029,10961,2916,5588,5511,5381,7975,7483,10479,11074,14908,15499,18761,18946,15600,16255,8782,10615,2827,5412,144127,125596,19777,15586,27900,26787,8145,8,8
2021-07-30T23:59:59+02:00,1143,1010,8529,8069,9937,9247,12502,12960,16637,17098,19989,20074,16071,16756,9023,10944,2915,5585,5217,5106,7837,7340,10291,10881,14772,15333,18693,18889,15576,16227,8769,10602,2823,5408,142672,123764,19775,15578,27900,26770,8139,8,8
2021-07-29T23:59:59+02:00,1136,1002,8398,7979,9778,9149,12348,12859,16488,17003,19825,19964,15985,16687,8998,10925,2914,5578,4922,4872,7559,7147,10010,10681,14525,15159,18498,18771,15490,16152,8742,10581,2822,5398,142551,122664,19772,15537,27900,26745,6790,8,8
2021-07-28T23:59:59+02:00,1125,988,8369,7942,9764,9133,12326,12845,16471,16980,19806,19954,15978,16674,8991,10921,2914,5576,4500,4442,7241,6896,9692,10381,14289,14977,18442,18730,15475,16141,8736,10570,2822,5388,142309,120014,19770,15483,27898,26682,6777,8,8
2021-07-27T23:59:59+02:00,1115,980,8346,7927,9751,9126,12314,12836,16463,16974,19799,19941,15976,16668,8989,10918,2913,5574,4266,4196,7010,6697,9445,10102,14129,14816,18391,18663,15426,16095,8719,10554,2819,5381,142170,117994,19768,15480,27898,26657,6771,8,8
2021-07-26T23:59:59+02:00,1111,977,8333,7915,9744,9121,12308,12830,16456,16966,19792,19940,15973,16663,8987,10914,2912,5569,4160,4088,6907,6586,9319,9980,14046,14733,18344,18629,15415,16084,8709,10546,2816,5379,142091,117091,19765,15470,27887,26599,6765,8,8
2021-07-25T23:59:59+02:00,1110,976,8324,7912,9731,9117,12298,12827,16451,16959,19789,19939,15971,16663,8986,10914,2912,5569,4109,4038,6830,6537,9247,9924,14010,14701,18320,18615,15397,16071,8702,10540,2816,5377,142065,116650,19761,15454,27886,26577,6733,8,8
2021-07-24T23:59:59+02:00,1108,972,8236,7850,9657,9036,12231,12750,16382,16906,19748,19900,15950,16649,8983,10904,2912,5568,4066,3996,6773,6487,9169,9867,13945,14635,18288,18589,15385,16060,8694,10536,2816,5377,142046,116396,19096,15172,27886,26575,6711,8,8
2021-07-23T23:59:59+02:00,1082,947,8124,7761,9619,9001,12197,12721,16337,16871,19719,19881,15944,16643,8979,10900,2912,5568,3775,3711,6516,6282,8886,9581,13709,14457,18208,18528,15343,16017,8676,10517,2814,5371,141552,114148,19096,15148,27886,26569,6669,8,8
2021-07-22T23:59:59+02:00,989,860,7908,7531,9515,8912,12079,12625,16246,16787,19644,19796,15898,16603,8970,10885,2911,5562,3650,3584,6362,6189,8732,9452,13545,14314,18133,18460,15322,15991,8668,10507,2814,5370,140090,112996,19094,15076,27879,26474,6655,8,8
2021-07-21T23:59:59+02:00,969,846,7876,7491,9499,8901,12057,12602,16222,16771,19620,19775,15887,16596,8970,10880,2911,5562,3345,3318,6015,5930,8337,9069,13278,14078,17991,18335,15230,15910,8636,10477,2811,5358,139834,110187,19092,15004,27874,26377,6632,8,8
2021-07-20T23:59:59+02:00,968,845,7868,7486,9492,8898,12052,12600,16214,16770,19615,19770,15886,16595,8970,10879,2911,5562,3272,3267,5955,5874,8279,9010,13194,14034,17959,18320,15230,15910,8636,10475,2811,5358,139796,109801,19091,14989,27871,26245,6620,8,8
2021-07-19T23:59:59+02:00,967,845,7861,7484,9489,8890,12047,12598,16209,16763,19612,19770,15884,16592,8970,10877,2911,5561,3220,3232,5904,5832,8218,8965,13137,14007,17913,18307,15230,15907,8636,10473,2811,5357,139759,109520,19090,14972,27871,26118,6607,8,8
2021-07-18T23:59:59+02:00,966,844,7850,7475,9484,8885,12038,12593,16204,16757,19610,19768,15883,16590,8970,10877,2911,5561,3200,3214,5865,5801,8183,8936,13098,13991,17898,18303,15230,15906,8636,10473,2811,5356,139712,109332,19089,14938,27869,26105,6593,8,8
2021-07-17T23:59:59+02:00,851,725,7528,7185,9332,8714,11863,12431,16075,16618,19513,19672,15862,16569,8962,10864,2911,5558,3099,3106,5754,5709,8050,8776,12957,13863,17803,18225,15220,15888,8633,10466,2811,5356,137699,108150,19088,14933,27869,26101,6577,5,8
2021-07-16T23:59:59+02:00,695,574,7132,6857,9148,8554,11671,12220,15872,16441,19371,19544,15832,16532,8952,10850,2910,5556,3037,3045,5678,5646,7937,8669,12837,13727,17724,18150,15198,15872,8629,10464,2810,5356,135214,107251,19088,14928,27868,26094,6541,5,8
2021-07-15T23:59:59+02:00,693,574,7118,6849,9145,8552,11659,12216,15862,16434,19367,19538,15830,16529,8948,10848,2909,5547,2998,3010,5612,5603,7847,8619,12762,13686,17694,18126,15175,15856,8621,10457,2809,5347,135174,107019,19086,14774,27863,25969,6494,5,8
2021-07-14T23:59:59+02:00,691,573,7109,6840,9140,8550,11655,12211,15856,16431,19362,19533,15828,16526,8945,10845,2909,5543,2975,2997,5571,5571,7811,8598,12729,13670,17676,18115,15168,15853,8618,10453,2809,5343,135141,106866,19085,14740,27863,25928,6457,5,8
2021-07-13T23:59:59+02:00,686,571,7084,6823,9126,8533,11646,12196,15845,16412,19352,19527,15819,16522,8941,10835,2904,5535,2918,2946,5507,5505,7651,8463,12475,13452,17520,17987,15149,15842,8606,10440,2804,5332,135014,105651,19085,14687,27860,25893,6397,5,8
2021-07-12T23:59:59+02:00,680,563,7070,6808,9115,8522,11636,12186,15840,16399,19340,19523,15817,16518,8939,10835,2904,5532,2862,2892,5424,5430,7503,8348,12228,13239,17339,17840,15139,15837,8602,10433,2803,5332,134898,104413,19083,14634,27856,25843,6389,5,8
2021-07-11T23:59:59+02:00,679,562,7061,6806,9105,8514,11629,12178,15830,16396,19335,19518,15817,16515,8938,10833,2904,5532,2831,2857,5347,5357,7405,8261,12061,13082,17213,17707,15131,15826,8601,10430,2803,5332,134854,103524,19079,14585,27856,25800,6362,5,8
2021-07-10T23:59:59+02:00,505,404,6497,6255,8880,8328,11386,11986,15673,16263,19280,19469,15809,16505,8934,10828,2903,5531,2802,2823,5295,5311,7322,8181,11958,12982,17135,17640,15116,15810,8598,10419,2800,5330,132158,102826,19079,14583,27856,25792,6342,5,8
2021-07-09T23:59:59+02:00,494,397,6438,6227,8853,8291,11346,11958,15646,16250,19267,19453,15808,16502,8934,10825,2903,5531,2745,2756,5213,5242,7143,8004,11546,12683,16837,17433,15095,15782,8591,10414,2798,5328,132066,101798,18869,13722,27855,25777,6332,5,8
2021-07-08T23:59:59+02:00,488,395,6122,5968,8480,8003,10964,11652,15309,16002,19008,19279,15786,16478,8925,10818,2900,5530,2684,2705,5131,5166,7003,7913,11345,12541,16685,17309,15088,15774,8591,10412,2798,5327,131979,100934,15976,13552,27850,25702,6301,5,8
2021-07-07T23:59:59+02:00,486,391,6107,5956,8456,7988,10949,11635,15298,15992,19007,19274,15784,16474,8924,10816,2900,5528,2635,2653,5040,5107,6864,7819,11110,12359,16521,17175,15080,15767,8586,10406,2798,5327,131871,99911,15967,13426,27848,25653,6274,5,8
2021-07-06T23:59:59+02:00,459,371,6006,5863,8383,7922,10876,11566,15265,15952,18984,19258,15776,16464,8921,10814,2897,5526,2567,2583,4907,4992,6681,7686,10721,11947,16149,16799,15054,15734,8578,10399,2797,5323,131254,97753,15959,13344,27843,25592,6242,5,8
2021-07-05T23:59:59+02:00,418,337,5828,5692,8265,7829,10762,11452,15206,15882,18952,19227,15770,16456,8917,10809,2894,5525,2514,2507,4808,4894,6548,7551,10369,11628,15875,16493,15024,15704,8570,10384,2797,5318,130205,95957,15955,13280,27840,25539,6216,5,8
2021-07-04T23:59:59+02:00,398,307,5754,5612,8208,7772,10695,11394,15176,15851,18938,19208,15763,16452,8916,10807,2894,5523,2495,2477,4746,4847,6487,7501,10232,11519,15774,16421,15019,15697,8568,10383,2796,5318,129699,95393,15948,13212,27835,25501,6181,5,8
2021-07-03T23:59:59+02:00,392,305,5735,5602,8198,7763,10683,11390,15169,15845,18935,19205,15763,16452,8916,10807,2894,5523,2460,2445,4650,4819,6380,7475,10174,11473,15669,16335,14340,14990,8549,10358,2796,5318,129627,95278,15946,13210,27835,23585,6164,5,8
2021-07-02T23:59:59+02:00,346,266,5546,5453,8126,7691,10585,11293,15104,15788,18916,19198,15759,16448,8911,10805,2892,5520,2413,2397,4494,4741,6196,7401,10020,11316,15479,16132,13550,14071,8541,10343,2796,5317,128713,94715,15944,13166,27834,21181,6151,5,8
2021-07-01T23:59:59+02:00,284,211,5329,5270,7997,7579,10445,11167,14976,15693,18872,19173,15752,16441,8906,10799,2892,5519,2296,2277,4318,4568,5959,7147,9239,10631,14850,15662,13525,14042,8536,10338,2792,5315,127421,91218,15932,13070,27833,21097,6114,5,8
2021-06-30T23:59:59+02:00,154,121,4847,4797,7656,7302,10092,10829,14749,15516,18815,19129,15741,16430,8902,10791,2892,5516,2260,2230,4233,4496,5848,7050,9068,10508,14760,15584,13511,14034,8533,10335,2792,5313,124435,90618,15926,12897,27833,20964,6080,5,8
2021-06-29T23:59:59+02:00,117,99,4563,4517,7404,7085,9802,10529,14550,15326,18752,19068,15689,16380,8882,10776,2891,5511,2193,2150,4090,4360,5641,6869,8842,10279,14465,15359,13464,13986,8520,10311,2790,5300,122364,89166,15922,12744,27831,20892,5819,5,8
2021-06-28T23:59:59+02:00,101,78,4428,4374,7299,6975,9680,10404,14458,15219,18707,19025,15673,16364,8868,10765,2888,5509,2106,2023,3909,4154,5360,6527,8458,9769,13933,14823,13345,13897,8501,10287,2787,5286,121351,85958,15911,12663,27828,20825,5720,5,6
2021-06-27T23:59:59+02:00,96,76,4375,4327,7240,6920,9618,10349,14425,15185,18687,19008,15656,16352,8861,10758,2887,5504,2053,1989,3845,4110,5246,6413,8289,9640,13757,14710,13319,13877,8491,10278,2784,5284,120985,85169,15907,12628,27825,20686,5602,5,6
2021-06-26T23:59:59+02:00,83,74,4331,4297,7209,6892,9600,10327,14405,15169,18674,18995,15652,16346,8861,10758,2887,5504,1977,1896,3656,3952,5031,6157,7926,9185,13406,14414,13239,13819,8471,10250,2779,5275,120741,82533,15901,12628,27825,20680,5592,5,6
2021-06-25T23:59:59+02:00,70,61,4020,3971,6946,6655,9306,10034,14182,14980,18591,18938,15606,16301,8842,10739,2885,5497,1912,1812,3490,3830,4837,5926,7601,8770,13095,14079,13189,13763,8458,10225,2773,5269,118340,80177,15874,12597,27825,20675,5580,5,6
2021-06-24T23:59:59+02:00,63,54,3927,3881,6848,6570,9206,9944,14082,14895,18563,18905,15591,16284,8836,10732,2885,5496,1845,1738,3376,3733,4638,5784,7381,8571,12846,13878,12356,12833,8278,9962,2773,5268,117609,78960,15865,12491,27821,18347,5462,5,6
2021-06-23T23:59:59+02:00,49,49,3522,3508,6394,6223,8674,9437,13745,14592,18427,18769,15487,16192,8793,10696,2882,5482,1707,1566,3125,3529,4219,5455,6433,7860,12103,13180,12333,12821,8268,9955,2773,5264,114673,78326,15617,9161,27820,18298,4806,5,6
2021-06-22T23:59:59+02:00,40,41,3449,3435,6315,6164,8571,9359,13694,14544,18394,18752,15476,16185,8792,10691,2882,5479,1666,1513,3021,3426,4075,5305,6179,7676,11492,12470,12243,12727,8250,9922,2769,5256,114044,75987,15611,9079,27818,18139,4785,5,6
2021-06-21T23:59:59+02:00,34,38,3378,3374,6223,6105,8511,9288,13633,14498,18361,18732,15474,16183,8789,10688,2882,5478,1630,1462,2930,3329,3949,5155,5983,7450,10734,11551,11856,12271,7171,8694,2763,5249,113523,73333,15604,8978,27811,15139,4726,5,6
2021-06-20T23:59:59+02:00,34,37,3353,3352,6175,6074,8467,9256,13604,14481,18350,18728,15473,16183,8789,10688,2882,5478,1612,1445,2893,3301,3898,5117,5930,7426,10646,11475,11836,12252,7168,8687,2762,5249,113346,73016,15587,8901,27811,15123,4655,5,6
2021-06-19T23:59:59+02:00,32,35,3326,3327,6146,6051,8437,9237,13580,14475,18344,18723,15473,16182,8789,10688,2882,5478,1608,1433,2888,3292,3890,5112,5915,7421,10635,11468,11836,12252,7168,8686,2762,5249,113153,72936,15581,8901,27811,15121,4655,5,6
2021-06-18T23:59:59+02:00,28,30,3284,3284,6072,6011,8368,9182,13534,14443,18321,18712,15472,16180,8788,10687,2882,5478,1533,1339,2751,3116,3707,4836,5518,7048,9142,9899,11669,12084,7127,8636,2750,5231,112769,67756,15553,8900,27811,15110,4618,5,6
2021-06-17T23:59:59+02:00,26,26,3220,3232,6004,5971,8293,9128,13461,14398,18297,18701,15470,16175,8786,10684,2882,5475,1404,1246,2562,2901,3444,4544,5156,6652,8469,9167,11385,11841,7086,8579,2746,5228,112392,64039,15524,8785,27806,15082,4502,5,6
2021-06-16T23:59:59+02:00,26,23,3167,3171,5892,5903,8173,9035,13333,14312,18231,18665,15464,16166,8786,10681,2882,5475,1307,1190,2421,2793,3261,4384,4872,6379,7392,7876,11294,11733,7055,8542,2733,5210,111753,60276,15449,8739,27802,15049,4376,5,6
2021-06-15T23:59:59+02:00,21,22,3071,3085,5774,5813,7988,8856,13070,14093,18082,18538,15449,16154,8778,10675,2882,5473,1270,1157,2348,2737,3157,4309,4669,6254,7080,7625,10799,11174,7021,8508,2725,5197,110332,58031,15421,8707,27792,15017,4274,5,5
2021-06-14T23:59:59+02:00,20,20,2997,3015,5693,5755,7845,8737,12781,13855,17894,18362,15433,16140,8771,10670,2881,5472,1243,1129,2282,2681,3032,4213,4469,6115,6737,7320,10273,10563,6990,8471,2721,5187,108939,55660,15412,8600,27788,14969,4197,5,4
2021-06-13T23:59:59+02:00,20,20,2979,2985,5627,5717,7782,8671,12641,13720,17788,18240,15427,16131,8770,10667,2880,5472,1232,1116,2253,2665,2995,4202,4423,6095,6704,7303,10268,10557,6990,8470,2721,5187,108202,55518,15401,8592,27784,14926,4145,5,4
2021-06-12T23:59:59+02:00,18,20,2950,2967,5599,5692,7751,8652,12622,13701,17780,18237,15426,16129,8770,10667,2880,5472,1176,1054,2164,2589,2901,4066,4281,5963,6594,7218,10186,10479,6394,7745,2721,5187,108003,55403,15398,8592,27784,12580,4143,5,4
2021-06-11T23:59:59+02:00,18,17,2874,2893,5530,5628,7570,8466,12212,13395,17498,18032,15410,16104,8764,10659,2877,5470,1152,1037,2109,2548,2836,4017,4196,5901,6483,7127,10083,10366,6380,7738,2719,5181,106991,54877,14506,8323,27783,12541,4132,5,4
2021-06-10T23:59:59+02:00,14,15,2820,2852,5430,5575,7438,8385,12025,13256,17360,17914,15405,16100,8764,10658,2876,5469,1111,1012,2034,2482,2735,3939,4026,5771,6238,6914,9832,10098,6360,7710,2713,5175,106070,53312,14433,8319,27778,12449,4070,5,4
2021-06-09T23:59:59+02:00,13,14,2742,2783,5308,5480,7216,8216,11746,13014,17173,17765,15394,16086,8760,10649,2876,5466,1054,947,1903,2364,2530,3757,3700,5487,5616,6402,9009,9195,6303,7634,2700,5140,104863,49302,14281,8301,27769,12355,3783,5,4
2021-06-08T23:59:59+02:00,10,10,2644,2681,5173,5353,7019,8032,11316,12587,16796,17376,15375,16059,8749,10642,2875,5461,1017,918,1833,2300,2424,3684,3560,5421,5465,6270,8975,9176,6301,7622,2698,5136,102659,48790,14254,8250,27767,12287,3473,5,4
2021-06-07T23:59:59+02:00,8,9,2517,2583,4982,5222,6812,7867,10838,12226,16453,17080,15350,16031,8743,10625,2874,5457,948,881,1705,2244,2283,3600,3305,5331,5110,5985,8425,8551,6248,7563,2694,5127,100723,46572,14211,8234,27758,12214,2980,5,4
2021-06-06T23:59:59+02:00,8,7,2480,2558,4921,5165,6726,7810,10699,12115,16362,17015,15347,16027,8743,10625,2872,5456,932,871,1677,2224,2239,3572,3234,5306,5062,5961,8420,8550,6243,7555,2694,5126,100132,46411,14160,8224,27751,12143,2888,5,4
2021-06-05T23:59:59+02:00,7,6,2466,2536,4893,5140,6689,7780,10669,12088,16353,17008,15347,16027,8743,10625,2872,5456,916,856,1644,2195,2199,3516,3131,5224,4709,5632,7825,7845,6215,7501,2693,5124,99907,44024,14160,8218,27749,12099,2884,5,4
2021-06-04T23:59:59+02:00,6,5,2435,2507,4848,5096,6641,7727,10580,11984,16301,16944,15343,16020,8743,10624,2871,5455,904,838,1621,2175,2157,3479,3079,5166,4545,5443,7524,7477,6179,7459,2691,5118,99376,42737,14153,8216,27749,12055,2847,5,4
2021-06-03T23:59:59+02:00,6,5,2332,2379,4697,4922,6432,7479,9878,11350,15711,16494,15332,16010,8740,10618,2870,5454,887,808,1581,2116,2108,3399,2989,5056,4399,5276,7365,7288,6167,7432,2691,5114,96036,41689,14114,8206,27744,11971,2810,5,4
2021-06-02T23:59:59+02:00,6,5,2315,2354,4652,4889,6377,7442,9778,11262,15651,16441,15324,16006,8739,10614,2870,5453,875,796,1562,2092,2055,3362,2903,4970,4038,4887,6808,6649,6123,7376,2687,5103,95511,39350,14112,8201,27744,11928,2806,5,4
2021-06-01T23:59:59+02:00,6,4,2252,2314,4531,4796,6212,7325,9589,11114,15543,16364,15321,16002,8735,10610,2869,5448,841,769,1497,2043,1939,3299,2749,4877,3835,4760,6598,6417,6101,7358,2681,5096,94637,38267,14062,8179,27732,11813,2599,5,4
2021-05-31T23:59:59+02:00,2,4,2202,2255,4433,4704,6068,7200,9403,10965,15457,16308,15313,15995,8732,10610,2869,5448,818,735,1440,1984,1867,3250,2574,4821,3705,4706,6241,6003,6078,7337,2678,5088,93915,37087,13975,8172,27721,11712,2352,5,4
2021-05-30T23:59:59+02:00,2,4,2177,2234,4377,4643,5974,7140,9328,10903,15420,16288,15312,15992,8732,10610,2869,5448,806,724,1417,1961,1818,3224,2441,4786,3600,4688,6239,6001,6078,7337,2678,5088,93464,36770,13936,8150,27711,11627,2337,5,4
2021-05-29T23:59:59+02:00,2,4,2161,2219,4357,4631,5957,7123,9315,10890,15415,16285,15311,15992,8732,10610,2869,5448,788,672,1324,1702,1684,2862,2241,4238,3321,4259,6149,5907,5966,7205,2677,5088,93335,36717,13933,8144,27711,8883,2337,5,4
2021-05-28T23:59:59+02:00,2,4,2140,2196,4318,4585,5912,7078,9237,10820,15347,16233,15307,15990,8732,10610,2869,5447,769,582,1246,1449,1586,2460,2064,3549,3057,3665,5510,5166,5884,7114,2673,5075,92857,35416,13920,8144,27709,5951,2336,5,4
2021-05-27T23:59:59+02:00,2,4,2098,2158,4231,4518,5789,7004,9081,10720,15249,16149,15306,15989,8732,10610,2869,5447,739,548,1214,1366,1544,2322,1994,3408,2944,3546,5074,4685,5851,7075,2662,5046,92174,34292,13770,8135,27686,5268,2321,5,4
2021-05-26T23:59:59+02:00,2,4,2030,2039,4036,4373,5448,6739,8110,9976,14486,15446,15294,15983,8728,10604,2867,5444,728,533,1188,1305,1497,2263,1936,3293,2792,3402,3766,3304,5792,7002,2639,4988,91397,31012,10242,8118,27670,5001,2295,5,4
2021-05-25T23:59:59+02:00,2,4,1993,2002,3957,4306,5353,6673,7975,9869,14108,15010,15246,15946,8721,10589,2865,5440,723,526,1161,1270,1477,2238,1916,3265,2766,3376,3760,3294,5785,6999,2637,4987,90052,30923,10093,8108,27654,4892,2255,5,4
2021-05-24T23:59:59+02:00,2,4,1967,1958,3870,4230,5247,6591,7850,9745,13598,14395,15195,15879,8714,10576,2864,5435,717,518,1142,1258,1445,2223,1894,3246,2740,3354,3743,3276,5763,6975,2628,4971,88264,30789,10014,8057,27643,4852,2194,5,3
2021-05-23T23:59:59+02:00,2,4,1958,1946,3851,4208,5229,6578,7798,9714,13522,14332,15184,15875,8712,10575,2863,5435,710,507,1131,1245,1420,2199,1836,3210,2632,3256,3331,2843,5118,6165,2613,4926,88031,30615,9913,5501,27643,4831,2194,5,3
2021-05-22T23:59:59+02:00,2,4,1791,1904,3549,4159,4829,6535,7541,9657,13397,14253,15178,15874,8712,10574,2863,5435,548,476,838,1204,1045,2164,1596,3157,2518,3181,3328,2841,5118,6164,2613,4926,87880,30603,9913,5500,27641,4795,818,5,3
2021-05-21T23:59:59+02:00,2,3,1706,1796,3392,3967,4639,6240,7144,9291,12104,12919,15027,15726,8675,10527,2854,5424,544,464,828,1202,1043,2156,1561,3127,2440,3105,3153,2704,5092,6121,2610,4911,83107,29968,9873,5499,27635,4776,816,5,3
2021-05-20T23:59:59+02:00,2,3,1668,1762,3297,3917,4532,6157,6968,9208,11893,12689,15006,15708,8671,10520,2853,5423,523,449,786,1156,986,2092,1440,3055,2314,3009,2964,2533,5051,6045,2602,4896,82265,29220,9770,5484,27579,4536,659,4,3
2021-05-19T23:59:59+02:00,2,3,1647,1736,3239,3861,4437,6090,6851,9143,11660,12428,14995,15697,8668,10519,2853,5422,514,437,770,1119,969,2023,1330,2907,1988,2715,2401,2038,4946,5927,2580,4849,81444,27154,9631,5469,27552,4268,620,4,3
2021-05-18T23:59:59+02:00,2,3,1586,1703,3150,3771,4324,5986,6691,8984,11368,12171,14950,15649,8656,10496,2851,5412,511,425,754,1103,951,2006,1247,2842,1708,2492,1959,1694,4873,5844,2559,4806,80342,25614,9429,5459,27483,4204,495,4,3
2021-05-17T23:59:59+02:00,2,3,1537,1622,3020,3613,4120,5707,6343,8525,10818,11622,14841,15556,8637,10471,2846,5401,509,417,748,1096,932,2001,1223,2818,1681,2455,1943,1674,4866,5837,2556,4804,77443,25550,9392,5445,27459,4177,386,4,3
2021-05-16T23:59:59+02:00,2,3,1518,1600,2967,3572,4025,5620,6194,8389,10642,11488,14815,15534,8629,10463,2845,5399,502,411,726,1081,902,1985,1194,2790,1648,2431,1936,1665,4863,5833,2553,4802,76697,25520,9333,5427,27429,4131,242,4,3
2021-05-15T23:59:59+02:00,2,3,1432,1502,2757,3406,3796,5343,5835,7917,10289,11193,14730,15472,8610,10434,2839,5390,502,409,722,1079,902,1981,1189,2789,1642,2426,1924,1653,4856,5827,2553,4800,73950,25458,9333,5427,27422,4126,241,4,3
2021-05-14T23:59:59+02:00,2,3,1398,1439,2646,3309,3644,5186,5636,7628,10069,10940,14695,15434,8597,10411,2836,5386,453,368,651,913,829,1695,1061,2379,1461,2101,1890,1613,4853,5819,2552,4796,72305,25395,9314,5425,27399,2375,237,4,3
2021-05-13T23:59:59+02:00,2,3,1341,1371,2544,3225,3475,5049,5417,7422,9842,10761,14669,15405,8587,10408,2834,5383,446,356,624,885,727,1588,961,2294,1197,1887,1171,1033,4632,5584,2544,4763,71142,25275,9001,2882,27369,2311,222,4,3
2021-05-12T23:59:59+02:00,2,3,1334,1361,2527,3219,3457,5035,5396,7409,9827,10750,14667,15401,8585,10406,2833,5383,446,355,623,884,723,1587,956,2294,1193,1881,1152,1024,4619,5546,2510,4694,71026,25074,8977,2882,27367,2308,221,4,3
2021-05-11T23:59:59+02:00,2,2,1292,1319,2454,3137,3343,4908,5200,7262,9540,10442,14619,15343,8573,10386,2829,5374,440,342,605,870,700,1570,928,2270,1167,1855,1097,988,4556,5448,2467,4570,69686,24582,8854,2864,27282,2226,199,4,3
2021-05-10T23:59:59+02:00,2,2,1270,1292,2390,3060,3216,4782,5068,7105,9216,10062,14573,15304,8564,10367,2824,5372,439,340,592,861,686,1555,916,2255,1150,1841,1061,954,4494,5372,2426,4452,68329,24166,8732,2861,27213,2174,191,4,3
2021-05-09T23:59:59+02:00,2,2,1255,1275,2348,3045,3137,4746,5004,7072,9150,10017,14560,15289,8562,10362,2824,5370,431,338,578,856,663,1535,894,2235,1138,1827,1042,938,4481,5334,2410,4409,68090,24003,8656,2859,27165,2140,105,4,3
2021-05-08T23:59:59+02:00,1,2,1253,1271,2334,3033,3119,4735,4964,7057,9126,10009,14559,15289,8562,10361,2824,5370,431,338,577,856,662,1535,894,2234,1137,1826,1042,938,4480,5334,2410,4409,67947,24001,8650,2856,27163,2139,105,4,3
2021-05-07T23:59:59+02:00,1,2,1233,1250,2294,2992,3067,4687,4865,6965,8901,9762,14542,15266,8556,10355,2821,5366,382,312,545,788,625,1373,824,2027,1047,1637,1012,909,4459,5312,2408,4404,67036,23896,8643,2852,27137,1209,105,4,3
2021-05-06T23:59:59+02:00,1,2,1086,1158,2066,2748,2768,4376,4494,6564,8310,9155,14262,15027,8516,10298,2818,5365,381,308,532,769,608,1341,805,1992,1014,1609,985,877,4449,5298,2406,4400,63396,23766,8515,2801,27001,1107,98,4,3
2021-05-05T23:59:59+02:00,1,1,1021,1106,1955,2635,2608,4203,4198,6285,7293,7969,14176,14928,8481,10257,2805,5345,378,305,524,759,593,1331,771,1978,988,1589,912,814,4408,5226,2398,4384,59867,23444,8469,2780,26877,1082,50,4,3
2021-05-04T23:59:59+02:00,1,1,999,1086,1903,2596,2506,4135,3978,6171,7012,7751,13670,14361,8450,10224,2800,5336,375,304,519,755,581,1326,754,1959,972,1582,894,790,4387,5210,2395,4375,57808,23309,8410,2765,26716,1060,42,4,3
2021-05-03T23:59:59+02:00,1,1,967,1049,1841,2543,2400,4024,3777,6053,6652,7449,13134,13735,8413,10186,2793,5321,369,303,517,749,570,1319,745,1948,958,1569,868,766,4369,5192,2389,4362,55377,23197,8384,2754,26573,1039,1,4,3
2021-05-02T23:59:59+02:00,1,1,962,1048,1822,2537,2371,4015,3732,6043,6616,7440,13133,13734,8413,10185,2793,5321,369,303,514,749,569,1317,740,1948,957,1565,866,762,4367,5188,2389,4362,55238,23178,8378,2752,26546,1032,1,4,3
2021-05-01T23:59:59+02:00,1,1,962,1046,1814,2533,2359,4007,3719,6035,6602,7431,13132,13731,8413,10185,2793,5321,369,303,514,749,569,1317,739,1947,955,1565,866,762,4367,5188,2389,4362,55160,23178,8376,2748,26544,1032,1,4,3
2021-04-30T23:59:59+02:00,0,1,946,1041,1794,2517,2338,3972,3682,6002,6523,7377,13037,13627,8412,10180,2790,5309,319,248,473,673,540,1138,708,1724,921,1361,855,744,4363,5185,2389,4362,54662,23164,8375,2743,26506,93,1,4,3
2021-04-29T23:59:59+02:00,0,1,892,1016,1738,2467,2274,3913,3534,5878,6285,7154,12776,13353,8390,10151,2786,5302,312,246,463,666,537,1130,701,1713,910,1351,847,729,4354,5177,2389,4360,53065,23074,8359,2737,26481,71,1,4,3
2021-04-28T23:59:59+02:00,0,1,831,982,1658,2404,2130,3802,3250,5625,5682,6646,11939,12434,8331,10062,2762,5265,311,243,461,659,529,1117,690,1692,900,1344,832,713,4335,5150,2387,4360,49006,22951,8352,2718,26441,51,1,4,3
2021-04-27T23:59:59+02:00,0,1,822,977,1640,2383,2085,3783,3179,5600,5555,6522,11910,12417,8329,10060,2762,5263,310,241,455,657,521,1111,681,1680,890,1338,821,701,4331,5144,2386,4354,48526,22873,8347,2702,26410,43,1,4,3
2021-04-26T23:59:59+02:00,0,1,812,965,1614,2365,2025,3742,3001,5522,5223,6236,11345,11772,8274,9995,2757,5253,308,240,454,656,516,1105,670,1674,881,1327,811,692,4326,5139,2386,4350,46193,22822,8338,2673,26367,38,1,3,2
2021-04-25T23:59:59+02:00,0,1,802,963,1597,2359,1987,3725,2875,5499,5129,6231,11341,11768,8270,9989,2756,5252,307,239,454,656,516,1098,670,1672,878,1325,811,691,4326,5139,2386,4350,45864,22816,8332,2669,26344,31,1,3,2
2021-04-24T23:59:59+02:00,0,1,788,953,1575,2339,1947,3680,2778,5430,4786,5907,10727,11043,8239,9930,2755,5250,307,239,454,656,516,1097,669,1670,877,1325,806,687,4316,5123,2384,4349,43455,22779,8331,2664,26338,30,1,3,2
2021-04-23T23:59:59+02:00,0,1,783,945,1562,2329,1917,3653,2739,5377,4625,5721,10418,10661,8199,9888,2752,5241,307,238,454,656,516,1096,668,1670,875,1325,806,686,4313,5120,2384,4349,42154,22768,8330,2663,26323,30,1,3,2
2021-04-22T23:59:59+02:00,0,1,766,931,1534,2286,1867,3584,2652,5286,4472,5567,10274,10467,8185,9857,2750,5233,307,237,452,645,514,1090,662,1662,869,1316,800,682,4310,5118,2384,4347,41153,22732,8302,2639,26253,22,1,3,2
2021-04-21T23:59:59+02:00,0,1,755,919,1509,2274,1815,3539,2547,5198,4087,5147,9677,9783,8136,9793,2746,5222,305,237,450,644,514,1089,658,1659,864,1311,787,670,4300,5104,2384,4343,38634,22682,8286,2615,26224,20,1,3,2
2021-04-20T23:59:59+02:00,0,1,748,907,1488,2247,1784,3508,2497,5140,3950,5052,9480,9563,8119,9783,2742,5219,305,236,450,643,513,1087,657,1655,861,1305,781,665,4296,5099,2384,4343,37799,22650,8274,2609,26151,20,1,3,1
2021-04-19T23:59:59+02:00,0,1,741,898,1480,2239,1765,3490,2465,5113,3885,4993,9109,9146,8094,9758,2739,5213,305,234,449,639,511,1084,654,1653,857,1301,776,659,4287,5097,2384,4341,36769,22612,8262,2598,26094,20,1,3,1
2021-04-18T23:59:59+02:00,0,1,737,895,1475,2233,1747,3483,2446,5101,3877,4991,9099,9135,8094,9757,2739,5213,304,234,449,636,510,1080,652,1650,854,1301,775,657,4287,5095,2384,4341,36709,22604,8242,2584,26068,20,1,3,1
2021-04-17T23:59:59+02:00,0,1,721,889,1387,2223,1647,3471,2409,5071,3796,4913,8384,8413,8078,9744,2739,5213,304,234,447,634,509,1079,651,1650,853,1298,775,657,4286,5095,2384,4341,36701,22592,8242,2584,24152,20,1,3,1
2021-04-16T23:59:59+02:00,0,1,706,871,1258,2200,1495,3448,2323,5005,3634,4748,7044,6862,8043,9695,2726,5181,304,233,442,626,505,1075,641,1648,849,1288,765,651,4280,5081,2381,4339,35322,22515,8232,2580,21682,12,1,3,1
2021-04-15T23:59:59+02:00,0,1,685,861,1247,2187,1474,3430,2265,4968,3562,4696,6606,6363,8002,9630,2702,5106,297,227,428,615,488,1061,607,1621,814,1258,674,590,3782,4568,2357,4303,33997,22456,8177,1225,21607,8,1,3,1
2021-04-14T23:59:59+02:00,0,1,680,857,1228,2173,1442,3411,2220,4931,3430,4602,5266,4958,7951,9565,2680,5069,289,222,425,609,481,1058,600,1613,809,1255,659,574,3769,4558,2353,4298,30765,22368,8165,1196,21530,7,1,3,1
2021-04-13T23:59:59+02:00,0,1,677,857,1219,2168,1426,3409,2212,4920,3410,4587,5247,4941,7945,9562,2679,5067,289,221,423,607,478,1055,598,1609,798,1252,641,569,3767,4555,2353,4298,30684,22347,8144,1158,21495,7,1,3,1
2021-04-12T23:59:59+02:00,0,1,672,849,1206,2158,1410,3398,2177,4905,3379,4563,5222,4926,7932,9550,2676,5034,288,220,421,607,476,1049,596,1605,790,1244,636,566,3761,4554,2353,4298,30551,22319,8099,1137,21404,7,1,3,1
2021-04-11T23:59:59+02:00,0,1,664,845,1190,2146,1392,3383,2109,4880,3260,4479,4803,4484,7258,8724,2669,5029,288,220,419,607,474,1047,591,1602,786,1242,632,563,3757,4549,2353,4298,30521,22312,5479,1108,21312,7,1,3,1
2021-04-10T23:59:59+02:00,0,1,664,843,1189,2145,1390,3379,2107,4877,3257,4472,4759,4437,7254,8718,2669,5028,283,217,417,596,461,1031,564,1585,754,1217,560,493,3189,3929,2303,4203,30398,20686,5476,1108,21311,7,1,3,1
2021-04-09T23:59:59+02:00,0,1,660,842,1181,2142,1386,3374,2075,4855,3178,4391,4561,4271,7219,8669,2665,5012,273,210,407,582,442,1015,538,1566,733,1194,480,432,2532,3108,2254,4107,29708,18758,5472,1107,21298,7,1,3,1
2021-04-08T23:59:59+02:00,0,1,650,832,1164,2130,1369,3342,2013,4801,3028,4280,3506,3114,6978,8305,2654,4997,260,202,390,564,418,1001,516,1535,700,1172,459,405,2522,3099,2251,4104,28900,18530,5422,1060,18838,7,1,3,1
2021-04-07T23:59:59+02:00,0,1,643,826,1151,2121,1350,3329,1904,4721,2706,4030,2897,2585,6866,8181,2629,4944,246,195,363,540,380,967,473,1501,664,1144,431,381,2461,3035,2246,4096,26715,18076,5401,1041,18764,6,1,3,0
2021-04-06T23:59:59+02:00,0,1,633,817,1112,2114,1326,3311,1786,4670,2427,3862,2444,2236,6788,8090,2607,4906,222,182,329,513,355,948,436,1478,629,1113,396,339,2406,2960,2240,4086,25111,17603,5384,1023,18631,6,1,3,0
2021-04-05T23:59:59+02:00,0,1,630,815,1101,2109,1320,3308,1777,4660,2412,3845,2151,1890,5664,6771,2605,4905,222,182,328,509,349,942,432,1476,625,1109,393,336,2404,2954,2240,4084,25079,17593,5372,986,15510,6,1,2,0
2021-04-04T23:59:59+02:00,0,1,629,814,1101,2109,1320,3307,1777,4660,2410,3843,2150,1887,5664,6767,2605,4905,222,182,327,509,349,942,431,1476,625,1109,393,336,2403,2954,2240,4084,25070,17590,5372,986,15504,6,1,2,0
2021-04-03T23:59:59+02:00,0,1,629,814,1101,2108,1320,3307,1776,4658,2406,3843,2149,1884,5663,6767,2605,4905,222,182,327,509,349,942,431,1476,624,1109,393,336,2403,2954,2240,4084,25064,17589,5368,986,15501,6,1,2,0
2021-04-02T23:59:59+02:00,0,1,629,813,1101,2108,1316,3306,1773,4653,2405,3840,2141,1875,5651,6751,2601,4893,222,182,327,507,349,941,430,1475,623,1098,391,336,2403,2953,2240,4084,24995,17569,5363,986,15496,6,1,2,0
2021-04-01T23:59:59+02:00,0,1,625,802,1079,2089,1218,3211,1682,4584,2146,3632,1408,1286,5441,6538,2591,4863,218,181,327,506,348,940,429,1473,623,1097,388,334,2403,2953,2240,4080,24884,17557,2851,977,15458,6,1,2,0
2021-03-31T23:59:59+02:00,0,1,623,801,1075,2085,1213,3203,1671,4579,2128,3619,1380,1253,5412,6483,2550,4763,217,181,326,505,347,940,429,1472,622,1095,385,331,2399,2952,2238,4078,24558,17542,2837,969,15441,6,1,2,0
2021-03-30T23:59:59+02:00,0,1,621,794,1070,2081,1207,3198,1661,4565,2121,3604,1333,1207,5325,6352,2503,4608,217,180,326,504,344,936,424,1469,615,1084,370,320,2295,2799,2115,3851,24021,16917,2815,926,15413,6,1,1,0
2021-03-29T23:59:59+02:00,0,1,619,792,1067,2073,1197,3192,1654,4553,2108,3591,1296,1176,5261,6257,2449,4474,216,179,324,502,342,934,422,1464,610,1079,363,315,2070,2532,1888,3471,23575,15782,2788,923,15395,6,1,1,0
2021-03-28T23:59:59+02:00,0,1,619,789,1065,2067,1194,3185,1649,4542,2102,3586,1280,1167,5250,6235,2437,4441,214,179,323,499,333,930,419,1457,607,1067,356,303,2065,2518,1887,3468,23465,15754,2770,868,15372,3,1,1,0
2021-03-27T23:59:59+01:00,0,1,566,728,985,1999,1113,3066,1531,4417,2000,3504,1211,1097,4647,5502,2437,4441,212,178,323,499,333,930,415,1455,606,1064,355,303,2064,2517,1887,3468,23448,15738,2765,868,13030,3,1,1,0
2021-03-26T23:59:59+01:00,0,1,563,723,978,1988,1111,3060,1521,4410,1983,3496,1167,1066,4617,5468,2436,4437,211,175,323,497,330,929,413,1454,601,1057,347,298,1659,1980,1461,2741,23252,13611,2755,862,13016,3,1,1,0
2021-03-25T23:59:59+01:00,0,1,560,717,965,1980,1108,3051,1514,4398,1968,3486,1157,1056,4609,5463,2436,4435,210,172,321,496,328,924,410,1448,597,1048,343,294,1562,1858,1424,2665,23206,13258,2747,839,12949,3,1,1,0
2021-03-24T23:59:59+01:00,0,1,558,711,957,1969,1095,3035,1485,4379,1954,3478,1122,1026,4582,5428,2431,4430,209,172,320,495,324,920,406,1440,587,1030,330,284,1234,1475,1268,2396,23065,12108,2721,779,12853,3,1,1,0
2021-03-23T23:59:59+01:00,0,1,556,706,952,1956,1091,3025,1478,4365,1944,3470,1109,1015,4563,5414,2431,4426,208,172,318,492,315,917,405,1440,581,1026,322,277,995,1209,1152,2216,22990,11285,2712,757,12798,3,1,1,0
2021-03-22T23:59:59+01:00,0,1,555,697,947,1942,1085,3016,1469,4349,1930,3460,1106,1011,4558,5413,2431,4426,207,172,317,490,314,915,402,1437,578,1022,318,273,994,1205,1152,2213,22965,11269,2696,737,12733,3,1,1,0
2021-03-21T23:59:59+01:00,0,1,552,694,944,1934,1082,3012,1461,4336,1918,3453,1103,1010,4558,5411,2431,4426,206,172,317,489,312,911,402,1432,572,1020,308,268,990,1200,1151,2213,22961,11266,2683,694,12680,3,1,1,0
2021-03-20T23:59:59+01:00,0,1,547,687,939,1917,1065,2995,1433,4318,1884,3424,1031,939,3972,4771,2379,4326,206,172,317,489,312,911,402,1432,572,1020,308,268,990,1200,1150,2212,21286,11264,2682,694,12658,3,1,1,0
2021-03-19T23:59:59+01:00,0,1,538,678,921,1889,1038,2975,1397,4292,1858,3393,944,874,3291,3931,2328,4227,203,172,315,489,311,908,400,1430,568,1013,305,267,977,1187,1119,2172,19288,11241,2671,592,12614,3,1,1,0
2021-03-18T23:59:59+01:00,0,1,525,666,904,1863,1015,2949,1357,4251,1815,3340,846,810,2775,3397,2305,4193,198,170,312,485,308,898,396,1424,566,1008,302,260,871,1090,1006,1979,19209,10855,1265,415,12536,3,1,1,0
2021-03-17T23:59:59+01:00,0,1,523,656,895,1843,1002,2928,1334,4229,1797,3324,816,785,2687,3306,2299,4188,196,169,310,483,305,897,389,1420,563,1004,299,255,628,815,700,1528,18900,9927,1226,34,12486,0,1,0,0
2021-03-16T23:59:59+01:00,0,1,521,647,886,1822,981,2912,1317,4217,1773,3308,787,774,2639,3225,2297,4183,196,169,308,483,303,894,386,1418,560,999,293,251,380,574,509,1217,18692,8913,1186,28,12412,0,0,0,0
2021-03-15T23:59:59+01:00,0,1,521,637,881,1802,970,2890,1312,4210,1765,3299,781,770,2636,3224,2297,4183,195,169,307,482,302,894,386,1417,557,999,293,251,380,573,508,1217,18677,8906,1163,25,12339,0,0,0,0
2021-03-14T23:59:59+01:00,0,1,520,631,874,1790,963,2883,1302,4197,1755,3286,776,766,2631,3221,2297,4183,195,169,306,482,301,892,384,1415,557,999,292,251,380,573,508,1217,18672,8903,1133,19,12271,0,0,0,0
2021-03-13T23:59:59+01:00,0,1,499,580,781,1528,832,2500,1108,3633,1473,2858,697,678,2528,3095,2296,4182,195,169,306,482,301,892,384,1415,557,999,292,251,380,573,508,1217,18668,8903,1133,19,9468,0,0,0,0
2021-03-12T23:59:59+01:00,0,1,484,497,717,1259,741,2103,936,2945,1226,2264,556,526,2484,3050,2296,4182,195,167,306,482,301,890,383,1415,557,996,292,250,367,552,459,1151,18639,8744,1132,19,6496,0,0,0,0
2021-03-11T23:59:59+01:00,0,1,460,461,683,1188,694,1997,876,2799,1144,2152,500,466,2470,3038,2295,4180,195,167,305,480,300,889,383,1412,556,996,292,249,354,535,410,1106,18442,8613,1084,16,5878,0,0,0,0
2021-03-10T23:59:59+01:00,0,1,446,451,649,1154,654,1964,834,2763,1111,2123,481,450,2456,3018,2294,4176,191,165,301,473,300,888,378,1406,550,989,288,243,229,436,177,837,18165,7841,1064,10,5796,0,0,0,0
2021-03-09T23:59:59+01:00,0,1,430,434,618,1124,631,1944,811,2735,1089,2099,459,429,2362,2875,2168,3944,191,165,299,471,299,887,377,1403,550,986,286,242,229,436,176,836,17396,7833,1047,0,5710,0,0,0,0
2021-03-08T23:59:59+01:00,0,1,417,413,596,1094,613,1922,795,2710,1067,2073,437,401,2131,2599,1939,3562,191,164,299,469,298,882,377,1397,550,984,285,240,229,435,176,836,16145,7812,1018,0,5607,0,0,0,0
2021-03-07T23:59:59+01:00,0,1,416,412,589,1076,599,1914,792,2697,1062,2063,436,400,2126,2591,1938,3559,191,164,298,468,298,881,377,1394,550,983,285,240,229,435,176,836,16117,7805,1008,0,5546,0,0,0,0
2021-03-06T23:59:59+01:00,0,1,416,409,586,1063,596,1912,785,2690,1058,2056,435,400,2126,2591,1938,3559,191,164,298,468,298,881,377,1394,550,982,284,240,229,435,176,836,16109,7803,1008,0,5504,0,0,0,0
2021-03-05T23:59:59+01:00,0,1,410,394,580,1051,591,1903,780,2680,1051,2048,421,392,1702,2026,1502,2802,188,159,294,468,295,879,375,1391,548,978,284,240,229,435,176,836,13870,7775,1008,0,5456,0,0,0,0
2021-03-04T23:59:59+01:00,0,1,400,369,552,1012,572,1846,750,2626,1030,1999,417,388,1609,1907,1462,2725,177,151,283,457,294,871,373,1377,546,974,283,240,229,435,176,836,13512,7702,1002,0,5151,0,0,0,0
2021-03-03T23:59:59+01:00,0,1,397,363,545,981,554,1814,726,2578,1012,1959,409,382,1283,1527,1303,2451,176,150,282,456,293,870,369,1370,543,967,281,238,228,434,174,831,12348,7662,993,0,4944,0,0,0,0
2021-03-02T23:59:59+01:00,0,1,393,358,537,947,540,1794,717,2554,1001,1940,398,372,1036,1258,1183,2268,176,148,281,446,289,864,369,1361,543,961,281,238,228,434,174,831,11516,7624,956,0,4825,0,0,0,0
2021-03-01T23:59:59+01:00,0,1,391,351,528,924,521,1763,708,2530,991,1923,394,365,1035,1251,1183,2264,176,146,281,437,286,854,366,1346,540,955,279,236,227,433,174,831,11496,7567,921,0,4706,0,0,0,0
2021-02-28T23:59:59+01:00,0,1,386,348,525,916,513,1752,704,2518,986,1908,389,360,1035,1249,1183,2264,174,145,281,436,286,853,366,1346,539,955,279,236,227,433,174,831,11490,7561,893,0,4654,0,0,0,0
2021-02-27T23:59:59+01:00,0,1,385,346,520,909,511,1746,701,2509,983,1906,388,359,1035,1249,1182,2264,174,145,281,436,286,853,366,1346,538,955,279,236,227,433,174,831,11489,7560,893,0,4612,0,0,0,0
2021-02-26T23:59:59+01:00,0,1,338,300,452,737,435,1438,574,2092,812,1565,360,329,1035,1246,1182,2264,174,143,281,432,284,845,364,1338,536,952,279,236,227,433,174,831,11478,7529,882,0,2800,0,0,0,0
2021-02-25T23:59:59+01:00,0,1,318,291,441,716,423,1402,559,2044,793,1533,352,321,949,1154,1108,2138,123,130,261,427,275,833,352,1322,531,945,279,234,227,433,174,831,11067,7377,851,0,2625,0,0,0,0
2021-02-24T23:59:59+01:00,0,1,313,285,436,700,416,1367,543,1996,771,1489,345,308,740,920,921,1829,123,124,259,421,272,823,350,1309,524,939,277,232,225,432,174,829,10119,7313,810,0,2451,0,0,0,0
2021-02-23T23:59:59+01:00,0,1,311,273,428,687,405,1343,535,1962,752,1470,331,298,487,671,728,1522,123,123,258,419,270,817,350,1303,523,931,276,231,224,432,172,828,9106,7280,765,0,2333,0,0,0,0
2021-02-22T23:59:59+01:00,0,1,311,272,427,680,404,1338,531,1951,747,1466,331,296,486,669,728,1521,123,118,253,409,269,800,346,1278,518,923,272,230,224,432,172,828,9101,7195,754,0,2304,0,0,0,0
2021-02-21T23:59:59+01:00,0,1,308,271,425,674,401,1329,528,1943,741,1462,320,291,482,664,726,1521,123,118,252,408,269,797,343,1275,510,920,271,229,223,431,171,817,9096,7157,712,0,2279,0,0,0,0
2021-02-20T23:59:59+01:00,0,1,308,268,425,672,401,1321,527,1934,739,1458,320,291,482,664,726,1521,123,118,252,408,269,797,343,1275,509,920,271,229,223,431,171,817,9096,7156,712,0,2250,0,0,0,0
2021-02-19T23:59:59+01:00,0,0,262,243,393,596,367,1152,469,1721,630,1248,311,275,456,628,644,1412,123,118,252,408,268,797,343,1275,509,920,271,229,223,431,171,817,8874,7155,605,0,1328,0,0,0,0
2021-02-18T23:59:59+01:00,0,0,261,238,385,587,356,1130,456,1703,620,1241,311,273,402,580,531,1280,120,115,248,402,261,790,340,1266,506,919,269,227,223,431,171,817,8686,7105,424,0,1244,0,0,0,0
2021-02-17T23:59:59+01:00,0,0,255,234,373,573,349,1121,433,1687,612,1229,306,266,241,444,186,861,112,102,245,396,256,774,334,1250,500,908,265,224,222,431,171,817,7949,7007,32,0,1189,0,0,0,0
2021-02-16T23:59:59+01:00,0,0,253,232,362,571,339,1112,425,1673,607,1222,303,263,240,443,186,861,83,89,225,370,245,744,316,1210,468,873,243,209,214,411,170,810,7940,6680,28,0,1124,0,0,0,0
2021-02-15T23:59:59+01:00,0,0,251,232,360,566,337,1106,423,1661,604,1216,303,263,240,442,185,861,82,87,221,359,238,732,306,1183,452,850,230,202,201,387,163,753,7933,6446,25,0,1092,0,0,0,0
2021-02-14T23:59:59+01:00,0,0,250,230,354,563,333,1097,419,1655,601,1213,303,263,240,442,185,861,78,85,214,354,235,724,301,1170,448,835,229,200,201,376,163,743,7923,6356,20,0,1066,0,0,0,0
2021-02-13T23:59:59+01:00,0,0,250,230,354,563,333,1097,417,1655,601,1212,302,263,240,442,185,861,78,85,214,354,235,724,301,1170,448,835,229,200,201,376,163,743,7921,6356,20,0,1064,0,0,0,0
2021-02-12T23:59:59+01:00,0,0,194,169,306,485,306,901,384,1417,564,998,294,248,239,442,185,861,75,84,211,353,233,721,295,1166,445,830,225,197,201,374,163,743,7908,6316,20,0,65,0,0,0,0
2021-02-11T23:59:59+01:00,0,0,192,168,300,474,302,887,378,1398,554,990,294,248,239,442,185,861,74,81,200,327,223,677,275,1115,427,780,224,194,201,369,163,740,7868,6070,17,0,27,0,0,0,0
2021-02-10T23:59:59+01:00,0,0,190,161,296,470,299,882,372,1387,550,982,292,246,237,441,185,859,69,75,183,299,212,617,258,1030,402,727,215,179,187,339,148,689,7825,5629,11,0,13,0,0,0,0
2021-02-09T23:59:59+01:00,0,0,185,154,292,462,298,873,372,1377,548,973,289,245,237,441,184,858,60,60,145,236,183,512,220,838,346,592,194,153,165,303,138,612,7780,4757,2,0,6,0,0,0,0
2021-02-08T23:59:59+01:00,0,0,179,147,288,450,293,863,368,1357,541,966,285,241,236,440,182,854,33,47,100,146,134,285,161,458,252,386,163,125,136,245,113,508,7682,3292,2,0,6,0,0,0,0
2021-02-07T23:59:59+01:00,0,0,177,145,285,449,292,861,367,1356,540,965,284,240,236,440,182,854,19,40,82,124,129,264,152,424,236,360,153,120,126,234,106,470,7672,3039,1,0,0,0,0,0,0
2021-02-06T23:59:59+01:00,0,0,177,145,285,449,292,861,367,1356,540,965,284,240,236,440,182,854,19,37,80,121,119,249,141,407,205,339,138,116,125,229,105,459,7672,2889,1,0,0,0,0,0,0
2021-02-05T23:59:59+01:00,0,0,177,143,285,445,291,850,365,1348,536,962,284,239,236,440,182,853,18,33,76,116,112,235,135,380,188,321,133,111,121,224,97,442,7635,2742,1,0,0,0,0,0,0
2021-02-04T23:59:59+01:00,0,0,169,138,284,441,284,841,361,1337,527,953,283,237,235,439,182,851,11,20,50,78,83,178,113,289,155,263,115,97,109,206,87,398,7562,2252,0,0,0,0,0,0,0
2021-02-03T23:59:59+01:00,0,0,151,131,274,435,281,834,359,1326,527,951,283,237,234,439,182,850,11,18,42,67,74,143,89,257,134,222,96,83,94,177,79,350,7494,1936,0,0,0,0,0,0,0
2021-02-02T23:59:59+01:00,0,0,131,126,262,433,278,826,354,1320,526,944,282,237,233,439,181,849,11,15,34,61,62,121,74,212,103,172,64,58,69,114,54,225,7421,1449,0,0,0,0,0,0,0
2021-02-01T23:59:59+01:00,0,0,126,121,257,418,276,809,352,1295,520,932,277,235,233,439,181,849,4,9,19,33,31,66,45,118,59,71,29,29,29,48,29,109,7320,728,0,0,0,0,0,0,0
2021-01-31T23:59:59+01:00,0,0,125,118,255,415,275,805,349,1289,515,930,277,232,232,438,181,849,4,6,14,23,26,47,32,72,39,43,15,9,14,28,23,63,7285,458,0,0,0,0,0,0,0
2021-01-30T23:59:59+01:00,0,0,125,118,255,415,275,804,349,1288,514,930,277,232,232,438,181,849,4,6,13,20,23,40,27,64,36,41,15,9,14,28,23,63,7282,426,0,0,0,0,0,0,0
2021-01-29T23:59:59+01:00,0,0,125,118,255,415,274,804,349,1288,514,930,277,232,232,438,181,849,4,6,7,18,21,31,22,56,32,38,15,9,14,27,22,62,7281,384,0,0,0,0,0,0,0
2021-01-28T23:59:59+01:00,0,0,123,115,251,408,270,797,346,1281,510,929,277,232,232,438,181,849,1,3,2,8,13,13,12,27,12,23,11,5,7,14,7,25,7239,183,0,0,0,0,0,0,0
2021-01-27T23:59:59+01:00,0,0,115,105,249,403,267,788,341,1274,504,922,272,229,231,437,181,849,0,0,1,4,9,11,8,20,10,17,10,5,7,14,7,25,7167,148,0,0,0,0,0,0,0
2021-01-26T23:59:59+01:00,0,0,88,93,231,386,259,763,328,1236,478,891,252,217,221,419,181,841,0,0,1,4,9,11,8,20,10,17,10,5,7,14,7,25,6884,148,0,0,0,0,0,0,0
2021-01-25T23:59:59+01:00,0,0,85,88,229,366,246,744,314,1203,460,866,235,210,210,397,176,785,0,0,1,4,9,9,7,13,7,13,10,5,7,14,7,25,6614,131,0,0,0,0,0,0,0
2021-01-24T23:59:59+01:00,0,0,85,86,225,362,245,739,311,1190,458,851,234,208,210,386,176,774,0,0,1,4,9,9,7,13,7,13,10,5,7,14,7,25,6540,131,0,0,0,0,0,0,0
2021-01-23T23:59:59+01:00,0,0,85,86,225,362,245,739,311,1190,458,851,234,208,210,386,176,774,0,0,1,4,9,9,7,13,7,13,10,5,7,14,7,25,6540,131,0,0,0,0,0,0,0
2021-01-22T23:59:59+01:00,0,0,85,85,223,360,245,736,308,1186,454,848,232,207,210,385,176,774,0,0,1,4,9,9,7,13,7,13,10,5,7,14,7,25,6514,131,0,0,0,0,0,0,0
2021-01-21T23:59:59+01:00,0,0,85,82,209,331,235,692,283,1137,439,814,231,203,209,379,175,771,0,0,1,2,7,8,6,12,6,11,10,5,7,14,7,25,6275,121,0,0,0,0,0,0,0
2021-01-20T23:59:59+01:00,0,0,79,76,194,308,223,626,269,1044,410,753,222,191,194,348,161,719,0,0,1,2,7,8,6,12,6,11,10,5,7,14,7,25,5817,121,0,0,0,0,0,0,0
2021-01-19T23:59:59+01:00,0,0,71,66,155,259,203,563,243,921,369,644,201,165,168,306,147,629,0,0,1,2,3,7,6,11,4,9,7,4,7,14,7,25,5110,107,0,0,0,0,0,0,0
2021-01-18T23:59:59+01:00,0,0,59,59,132,216,182,460,216,763,329,551,182,144,143,255,125,540,0,0,0,1,2,4,3,6,2,7,6,4,7,14,7,23,4356,86,0,0,0,0,0,0,0
2021-01-17T23:59:59+01:00,0,0,40,47,108,186,167,401,199,677,304,496,173,137,130,238,108,480,0,0,0,0,2,4,2,6,2,5,4,4,7,14,6,23,3891,79,0,0,0,0,0,0,0
2021-01-16T23:59:59+01:00,0,0,33,44,108,183,157,385,184,657,273,474,157,132,129,232,107,468,0,0,0,0,0,0,0,0,0,0,0,0,0,0,0,0,3723,0,0,0,0,0,0,0,0
2021-01-15T23:59:59+01:00,0,0,31,40,104,178,146,371,178,627,254,452,152,123,125,226,98,450,0,0,0,0,0,0,0,0,0,0,0,0,0,0,0,0,3555,0,0,0,0,0,0,0,0
2021-01-14T23:59:59+01:00,0,0,13,23,51,78,84,174,114,290,149,263,124,104,111,207,86,405,0,0,0,0,0,0,0,0,0,0,0,0,0,0,0,0,2276,0,0,0,0,0,0,0,0
2021-01-13T23:59:59+01:00,0,0,12,20,41,67,76,139,92,260,124,226,95,82,91,166,68,324,0,0,0,0,0,0,0,0,0,0,0,0,0,0,0,0,1883,0,0,0,0,0,0,0,0
2021-01-12T23:59:59+01:00,0,0,12,15,37,63,63,115,77,211,95,172,62,54,61,100,40,189,0,0,0,0,0,0,0,0,0,0,0,0,0,0,0,0,1366,0,0,0,0,0,0,0,0
2021-01-11T23:59:59+01:00,0,0,4,10,26,45,39,83,56,141,58,85,32,28,25,40,19,81,0,0,0,0,0,0,0,0,0,0,0,0,0,0,0,0,772,0,0,0,0,0,0,0,0
2021-01-10T23:59:59+01:00,0,0,3,6,19,32,34,58,38,94,37,53,15,8,8,19,13,34,0,0,0,0,0,0,0,0,0,0,0,0,0,0,0,0,471,0,0,0,0,0,0,0,0
2021-01-09T23:59:59+01:00,0,0,3,6,18,28,33,54,33,84,35,52,15,8,8,19,13,34,0,0,0,0,0,0,0,0,0,0,0,0,0,0,0,0,443,0,0,0,0,0,0,0,0
2021-01-08T23:59:59+01:00,0,0,3,6,15,26,29,43,27,75,31,48,14,8,7,17,12,33,0,0,0,0,0,0,0,0,0,0,0,0,0,0,0,0,394,0,0,0,0,0,0,0,0
2021-01-07T23:59:59+01:00,0,0,1,4,2,9,15,13,14,28,13,24,11,6,7,15,9,26,0,0,0,0,0,0,0,0,0,0,0,0,0,0,0,0,197,0,0,0,0,0,0,0,0
2021-01-06T23:59:59+01:00,0,0,1,0,2,4,13,11,9,22,11,19,11,6,7,15,9,26,0,0,0,0,0,0,0,0,0,0,0,0,0,0,0,0,166,0,0,0,0,0,0,0,0
2021-01-05T23:59:59+01:00,0,0,0,0,1,4,12,11,8,20,10,19,10,6,7,15,9,26,0,0,0,0,0,0,0,0,0,0,0,0,0,0,0,0,158,0,0,0,0,0,0,0,0
2021-01-04T23:59:59+01:00,0,0,0,0,1,4,12,10,7,16,8,17,10,6,7,15,9,26,0,0,0,0,0,0,0,0,0,0,0,0,0,0,0,0,148,0,0,0,0,0,0,0,0
2021-01-03T23:59:59+01:00,0,0,0,0,1,4,11,9,7,13,6,14,10,6,7,15,9,26,0,0,0,0,0,0,0,0,0,0,0,0,0,0,0,0,138,0,0,0,0,0,0,0,0
2021-01-02T23:59:59+01:00,0,0,0,0,1,4,11,9,7,13,6,14,10,6,7,15,9,26,0,0,0,0,0,0,0,0,0,0,0,0,0,0,0,0,138,0,0,0,0,0,0,0,0
2021-01-01T23:59:59+01:00,0,0,0,0,1,4,11,9,7,13,6,14,10,6,7,15,9,26,0,0,0,0,0,0,0,0,0,0,0,0,0,0,0,0,138,0,0,0,0,0,0,0,0
2020-12-31T23:59:59+01:00,0,0,0,0,1,4,11,9,7,13,6,14,10,6,7,15,9,26,0,0,0,0,0,0,0,0,0,0,0,0,0,0,0,0,138,0,0,0,0,0,0,0,0
2020-12-30T23:59:59+01:00,0,0,0,0,1,4,11,9,7,13,6,14,10,6,7,15,9,26,0,0,0,0,0,0,0,0,0,0,0,0,0,0,0,0,138,0,0,0,0,0,0,0,0
2020-12-29T23:59:59+01:00,0,0,0,0,1,4,8,9,7,13,4,12,10,6,7,15,9,26,0,0,0,0,0,0,0,0,0,0,0,0,0,0,0,0,131,0,0,0,0,0,0,0,0
2020-12-28T23:59:59+01:00,0,0,0,0,1,1,5,7,7,7,2,9,10,6,7,15,9,26,0,0,0,0,0,0,0,0,0,0,0,0,0,0,0,0,112,0,0,0,0,0,0,0,0
2020-12-27T23:59:59+01:00,0,0,0,0,0,0,2,4,2,6,1,6,4,5,7,15,8,25,0,0,0,0,0,0,0,0,0,0,0,0,0,0,0,0,85,0,0,0,0,0,0,0,0
