Datum,<24_1_m,<24_1_w,25-34_1_m,25-34_1_w,35-44_1_m,35-44_1_w,45-54_1_m,45-54_1_w,55-64_1_m,55-64_1_w,65-74_1_m,65-74_1_w,75-84_1_m,75-84_1_w,>84_1_m,>84_1_w,<24_2_m,<24_2_w,25-34_2_m,25-34_2_w,35-44_2_m,35-44_2_w,45-54_2_m,45-54_2_w,55-64_2_m,55-64_2_w,65-74_2_m,65-74_2_w,75-84_2_m,75-84_2_w,>84_2_m,>84_2_w,bp_1,bp_2,mo_1,mo_2,az_1,az_2,ja
2021-06-12T23:59:59+02:00,3390,3476,5734,5701,7787,8886,13320,14166,17630,18168,14531,15269,8270,10403,2245,4495,1313,1271,2207,2566,2886,4159,4372,6091,6896,7289,9454,9823,6323,7880,2129,4265,106611,54146,15207,8285,27553,12393,4100
2021-06-11T23:59:59+02:00,3318,3411,5675,5649,7597,8690,12903,13871,17399,17988,14518,15244,8263,10397,2244,4493,1285,1251,2165,2531,2823,4114,4288,6029,6773,7182,9384,9745,6311,7875,2127,4260,105699,53651,14320,8041,27552,12362,4089
2021-06-10T23:59:59+02:00,3256,3369,5579,5601,7472,8609,12721,13738,17292,17892,14515,15241,8262,10397,2244,4492,1248,1219,2095,2476,2721,4046,4128,5904,6495,6935,9187,9537,6296,7849,2121,4255,104857,52165,14247,8038,27547,12280,4029
2021-06-09T23:59:59+02:00,3166,3293,5456,5508,7258,8433,12422,13494,17140,17764,14506,15227,8258,10388,2244,4491,1184,1150,1954,2356,2518,3853,3769,5620,5800,6338,8541,8778,6248,7785,2110,4228,103669,48281,14102,8021,27539,12192,3738
2021-06-08T23:59:59+02:00,3056,3174,5324,5389,7066,8240,11946,13051,16822,17421,14492,15202,8248,10381,2243,4488,1142,1113,1884,2303,2426,3776,3631,5561,5663,6211,8515,8763,6246,7774,2108,4225,101492,47802,14075,7975,27537,12125,3439
2021-06-07T23:59:59+02:00,2911,3061,5133,5266,6855,8072,11424,12672,16547,17160,14471,15178,8243,10367,2242,4484,1064,1069,1752,2250,2282,3693,3362,5470,5304,5901,8000,8174,6204,7722,2105,4217,99576,45605,14032,7961,27529,12054,2949
2021-06-06T23:59:59+02:00,2872,3032,5071,5213,6771,8020,11293,12558,16464,17102,14469,15176,8243,10367,2240,4483,1045,1060,1725,2234,2245,3667,3301,5446,5260,5879,7997,8171,6199,7717,2105,4216,98994,45450,13981,7952,27521,11987,2878
2021-06-05T23:59:59+02:00,2858,3007,5044,5184,6732,7997,11263,12530,16456,17097,14469,15176,8243,10367,2240,4483,1026,1043,1695,2209,2201,3610,3188,5361,4885,5533,7439,7504,6173,7674,2104,4215,98775,43086,13981,7947,27516,11953,2874
2021-06-04T23:59:59+02:00,2823,2971,4998,5142,6687,7944,11173,12428,16410,17042,14466,15169,8243,10366,2239,4482,1010,1028,1675,2186,2161,3573,3136,5302,4700,5310,7164,7178,6142,7635,2102,4211,98254,41824,13976,7945,27516,11907,2837
2021-06-03T23:59:59+02:00,2701,2823,4847,4971,6482,7695,10368,11728,15945,16685,14459,15161,8241,10361,2238,4481,992,990,1630,2129,2112,3490,3039,5192,4537,5130,7044,7019,6131,7607,2102,4209,94935,40793,13939,7935,27511,11824,2801
2021-06-02T23:59:59+02:00,2678,2797,4808,4938,6425,7656,10262,11637,15896,16639,14452,15157,8240,10357,2238,4480,981,977,1608,2109,2063,3453,2940,5100,4137,4687,6565,6461,6091,7558,2099,4201,94412,38520,13939,7931,27511,11781,2798
2021-06-01T23:59:59+02:00,2605,2749,4685,4842,6265,7544,10072,11500,15806,16574,14449,15155,8237,10351,2237,4477,943,945,1540,2060,1951,3390,2772,5003,3941,4550,6374,6254,6067,7543,2097,4195,93565,37446,13890,7911,27498,11673,2595
2021-05-31T23:59:59+02:00,2543,2683,4584,4745,6124,7410,9875,11368,15734,16529,14444,15147,8234,10351,2237,4477,918,902,1485,2006,1880,3344,2642,4955,3842,4483,6028,5859,6046,7521,2095,4189,92843,36368,13805,7906,27489,11573,2348
2021-05-30T23:59:59+02:00,2514,2657,4525,4681,6033,7349,9803,11312,15705,16511,14443,15145,8234,10351,2237,4477,903,886,1464,1988,1825,3315,2501,4923,3754,4470,6027,5857,6046,7521,2095,4189,92398,36055,13766,7884,27479,11491,2334
2021-05-29T23:59:59+02:00,2495,2641,4508,4668,6014,7336,9792,11299,15701,16508,14442,15145,8234,10351,2237,4477,881,810,1355,1734,1697,2936,2292,4369,3479,4082,5952,5764,5942,7403,2094,4189,92272,36006,13764,7879,27478,8760,2334
2021-05-28T23:59:59+02:00,2470,2615,4471,4621,5972,7296,9711,11225,15641,16464,14440,15143,8234,10351,2237,4476,860,703,1274,1480,1596,2507,2107,3683,3152,3477,5395,5107,5869,7327,2091,4178,91808,34713,13751,7879,27475,5881,2333
2021-05-27T23:59:59+02:00,2419,2574,4382,4557,5846,7219,9558,11123,15562,16389,14438,15142,8234,10350,2237,4476,830,659,1238,1402,1552,2373,2042,3531,3008,3342,4998,4662,5838,7289,2083,4152,91135,33601,13602,7870,27451,5210,2318
2021-05-26T23:59:59+02:00,2337,2447,4174,4409,5499,6947,8483,10291,14951,15805,14429,15136,8230,10345,2236,4474,818,638,1209,1345,1509,2316,1980,3408,2808,3175,3753,3333,5784,7219,2063,4102,90366,30364,10097,7856,27437,4947,2293
2021-05-25T23:59:59+02:00,2288,2405,4087,4339,5404,6884,8345,10182,14584,15373,14390,15104,8224,10333,2235,4471,804,626,1182,1307,1486,2293,1958,3385,2784,3149,3749,3325,5777,7217,2061,4101,89036,30279,9952,7847,27420,4838,2240
2021-05-24T23:59:59+02:00,2253,2354,4000,4266,5297,6802,8210,10044,14080,14757,14351,15057,8219,10321,2234,4467,797,617,1161,1295,1451,2282,1942,3367,2761,3129,3726,3302,5760,7198,2053,4086,87249,30151,9873,7796,27409,4799,2181
2021-05-23T23:59:59+02:00,2243,2340,3979,4242,5280,6790,8155,10008,14010,14700,14341,15052,8218,10321,2233,4467,789,607,1150,1283,1427,2260,1891,3331,2649,3025,3237,2776,5281,6572,2040,4044,87016,29979,9773,5424,27409,4778,2181
2021-05-22T23:59:59+02:00,2062,2297,3654,4191,4883,6746,7922,9943,13907,14635,14335,15052,8218,10320,2233,4467,614,572,837,1242,1052,2223,1676,3268,2555,2963,3233,2775,5281,6571,2040,4044,86869,29967,9773,5424,27409,4741,814
2021-05-21T23:59:59+02:00,1969,2173,3491,3990,4694,6450,7498,9562,12642,13309,14217,14940,8182,10276,2227,4460,611,558,828,1241,1050,2215,1629,3233,2467,2888,3079,2641,5260,6529,2037,4032,82130,29338,9733,5424,27404,4723,813
2021-05-20T23:59:59+02:00,1928,2131,3391,3935,4586,6372,7325,9483,12438,13088,14205,14930,8180,10270,2226,4459,591,540,784,1197,990,2149,1504,3152,2343,2795,2898,2476,5228,6458,2030,4019,81308,28598,9633,5409,27349,4490,657
2021-05-19T23:59:59+02:00,1900,2097,3330,3882,4487,6309,7221,9421,12209,12835,14197,14925,8178,10269,2226,4458,583,519,765,1166,972,2075,1364,2972,1986,2504,2392,2015,5132,6340,2010,3982,80508,26539,9494,5393,27323,4226,619
2021-05-18T23:59:59+02:00,1829,2058,3240,3790,4374,6203,7058,9262,11942,12593,14155,14881,8168,10245,2224,4451,580,504,749,1152,956,2058,1260,2893,1677,2258,2009,1718,5058,6252,1995,3948,79429,25024,9293,5383,27254,4163,497
2021-05-17T23:59:59+02:00,1771,1967,3099,3623,4166,5900,6692,8796,11427,12085,14064,14806,8153,10220,2219,4444,578,496,742,1145,937,2051,1235,2869,1650,2219,1994,1703,5052,6246,1992,3945,76561,24963,9258,5369,27229,4138,384
2021-05-16T23:59:59+02:00,1748,1943,3043,3583,4062,5799,6542,8665,11261,11964,14048,14786,8145,10212,2219,4443,568,489,718,1131,908,2034,1206,2843,1619,2195,1989,1695,5050,6242,1989,3943,75824,24935,9202,5351,27198,4094,239
2021-05-15T23:59:59+02:00,1646,1830,2823,3407,3834,5511,6154,8177,10956,11715,13967,14729,8130,10183,2215,4437,567,488,715,1128,908,2032,1202,2842,1614,2188,1974,1686,5048,6236,1989,3941,73083,24880,9202,5351,27191,4089,238
2021-05-14T23:59:59+02:00,1600,1763,2715,3315,3686,5336,5952,7888,10749,11493,13935,14692,8118,10165,2213,4432,515,441,637,952,839,1722,1066,2421,1430,1900,1959,1669,5046,6228,1988,3936,71455,24819,9196,5349,27167,2347,234
2021-05-13T23:59:59+02:00,1531,1691,2616,3236,3517,5200,5724,7670,10557,11339,13909,14667,8112,10164,2211,4429,508,426,608,927,725,1604,977,2348,1169,1694,1212,1053,4865,6039,1981,3905,70311,24705,8905,2831,27138,2286,219
2021-05-12T23:59:59+02:00,1524,1682,2600,3231,3500,5188,5705,7657,10543,11327,13909,14664,8111,10162,2210,4429,508,425,607,925,722,1604,972,2347,1164,1688,1200,1044,4851,6002,1951,3852,70207,24530,8881,2831,27136,2283,218
2021-05-11T23:59:59+02:00,1476,1633,2524,3146,3383,5063,5509,7502,10271,11032,13867,14615,8100,10145,2206,4422,502,409,589,913,700,1590,945,2322,1139,1664,1145,1005,4793,5902,1914,3741,68889,24054,8757,2814,27050,2207,198
2021-05-10T23:59:59+02:00,1447,1599,2452,3072,3259,4940,5371,7327,9961,10674,13829,14580,8091,10127,2203,4420,499,406,577,901,688,1577,933,2303,1123,1650,1109,974,4732,5813,1875,3641,67544,23646,8639,2811,26980,2155,189
2021-05-09T23:59:59+02:00,1425,1577,2414,3062,3181,4907,5298,7291,9907,10630,13819,14567,8090,10123,2203,4418,487,403,568,894,666,1559,908,2284,1113,1637,1092,957,4717,5776,1862,3601,67309,23489,8565,2809,26936,2124,102
2021-05-08T23:59:59+02:00,1420,1572,2399,3051,3166,4897,5260,7277,9883,10625,13819,14566,8090,10123,2203,4418,487,403,568,894,665,1559,908,2283,1112,1636,1092,957,4716,5776,1862,3601,67172,23488,8560,2806,26935,2123,102
2021-05-07T23:59:59+02:00,1400,1549,2357,3010,3109,4841,5163,7189,9667,10382,13809,14550,8084,10118,2200,4415,436,372,535,815,626,1396,831,2068,1026,1467,1070,939,4700,5754,1860,3596,66279,23390,8554,2803,26908,1196,102
2021-05-06T23:59:59+02:00,1235,1429,2124,2758,2800,4528,4762,6753,9106,9793,13552,14326,8052,10078,2198,4414,432,367,524,792,609,1364,809,2032,996,1442,1046,902,4692,5745,1858,3592,62614,23259,8426,2753,26773,1095,95
2021-05-05T23:59:59+02:00,1165,1368,2012,2644,2628,4345,4450,6481,8124,8597,13487,14264,8014,10037,2188,4399,430,363,515,783,591,1355,776,2017,973,1422,970,839,4659,5681,1851,3579,59122,22951,8380,2734,26652,1070,49
2021-05-04T23:59:59+02:00,1141,1345,1957,2606,2520,4275,4214,6362,7693,8214,13160,13880,7987,10004,2183,4392,427,361,509,780,580,1346,757,2001,957,1414,950,817,4645,5668,1848,3570,57078,22822,8322,2719,26492,1048,41
2021-05-03T23:59:59+02:00,1107,1303,1896,2551,2405,4162,3996,6234,7243,7779,12756,13411,7954,9971,2178,4378,421,359,507,776,568,1338,751,1991,942,1404,927,793,4629,5652,1843,3557,54674,22718,8296,2710,26354,1030,0
2021-05-02T23:59:59+02:00,1098,1302,1879,2545,2379,4154,3951,6223,7215,7772,12755,13410,7954,9971,2178,4378,421,359,504,776,567,1336,747,1991,941,1400,925,789,4628,5649,1843,3557,54541,22702,8292,2708,26331,1023,0
2021-05-01T23:59:59+02:00,1098,1300,1871,2543,2369,4148,3940,6214,7204,7764,12754,13409,7954,9971,2178,4378,421,359,504,776,567,1336,746,1990,939,1400,925,789,4628,5649,1843,3557,54474,22702,8292,2704,26329,1023,0
2021-04-30T23:59:59+02:00,1080,1292,1850,2528,2344,4115,3905,6178,7098,7681,12691,13340,7952,9968,2176,4366,358,301,471,690,535,1152,718,1763,906,1209,913,783,4626,5647,1843,3557,53981,22688,8291,2700,26292,84,0
2021-04-29T23:59:59+02:00,1022,1266,1802,2491,2278,4059,3769,6057,6816,7424,12483,13127,7935,9942,2172,4360,353,299,463,685,532,1144,708,1754,900,1202,905,773,4617,5639,1843,3556,52459,22616,8276,2694,26268,63,0
2021-04-28T23:59:59+02:00,950,1229,1727,2427,2126,3936,3445,5796,6108,6800,11806,12346,7882,9859,2149,4333,352,296,461,679,523,1128,696,1736,891,1196,890,756,4600,5614,1841,3556,48422,22496,8270,2676,26227,43,0
2021-04-27T23:59:59+02:00,936,1222,1710,2406,2079,3917,3371,5767,5987,6683,11783,12331,7880,9857,2149,4331,350,294,455,677,515,1123,686,1723,883,1189,877,745,4598,5610,1840,3550,47943,22419,8267,2661,26199,35,0
2021-04-26T23:59:59+02:00,927,1208,1679,2388,2013,3873,3181,5688,5639,6363,11250,11723,7835,9799,2145,4322,348,293,454,675,509,1118,672,1715,877,1182,868,738,4594,5604,1840,3547,45620,22370,8258,2634,26155,30,0
2021-04-25T23:59:59+02:00,916,1206,1664,2382,1972,3852,3045,5669,5562,6358,11246,11720,7832,9793,2144,4321,347,293,454,675,509,1111,672,1712,874,1181,868,737,4594,5604,1840,3547,45295,22365,8252,2630,26135,23,0
2021-04-24T23:59:59+02:00,899,1194,1642,2362,1929,3802,2935,5595,5196,6009,10668,11026,7804,9745,2143,4320,347,293,454,675,509,1110,671,1711,872,1180,864,731,4585,5591,1838,3546,42887,22329,8252,2626,26130,22,0
2021-04-23T23:59:59+02:00,890,1186,1631,2352,1899,3772,2892,5544,5003,5778,10392,10690,7769,9707,2140,4313,347,292,454,675,509,1109,670,1711,870,1180,864,729,4582,5589,1838,3546,41589,22318,8252,2625,26117,22,0
2021-04-22T23:59:59+02:00,873,1163,1598,2313,1848,3699,2799,5454,4832,5607,10279,10518,7756,9677,2138,4307,347,290,452,665,507,1103,661,1701,867,1172,858,725,4580,5586,1838,3545,40588,22283,8226,2600,26047,14,0
2021-04-21T23:59:59+02:00,861,1148,1573,2302,1793,3652,2680,5359,4399,5119,9753,9909,7709,9622,2136,4297,346,290,448,663,507,1102,657,1699,861,1166,847,715,4570,5573,1838,3541,38082,22234,8209,2577,26021,12,0
2021-04-20T23:59:59+02:00,852,1132,1553,2278,1761,3621,2622,5295,4252,5015,9572,9707,7689,9613,2135,4295,346,288,448,662,506,1100,657,1694,858,1162,841,711,4567,5569,1838,3541,37246,22204,8198,2572,25948,12,0
2021-04-19T23:59:59+02:00,845,1120,1543,2271,1742,3604,2590,5263,4181,4944,9213,9307,7666,9590,2133,4290,346,286,447,659,504,1097,653,1692,852,1158,837,704,4558,5568,1838,3539,36223,22165,8186,2561,25893,12,0
2021-04-18T23:59:59+02:00,841,1117,1538,2266,1724,3597,2571,5251,4172,4941,9207,9297,7666,9589,2133,4290,345,285,447,656,502,1094,652,1689,849,1158,836,701,4558,5567,1838,3539,36163,22157,8166,2547,25871,12,0
2021-04-17T23:59:59+02:00,823,1108,1433,2259,1639,3584,2530,5214,4048,4818,8547,8627,7653,9581,2133,4290,344,285,446,654,501,1094,651,1688,848,1156,836,701,4557,5567,1838,3539,36155,22146,8166,2547,23966,12,0
2021-04-16T23:59:59+02:00,804,1088,1289,2237,1500,3559,2438,5140,3818,4572,7296,7165,7618,9539,2121,4262,343,283,442,648,496,1091,642,1685,841,1149,829,694,4551,5559,1836,3537,34782,22073,8156,2543,21508,10,0
2021-04-15T23:59:59+02:00,782,1077,1278,2223,1478,3538,2380,5101,3727,4496,6879,6685,7576,9475,2104,4198,334,275,428,639,479,1078,609,1659,806,1121,714,605,4084,5071,1816,3510,33464,22018,8098,1204,21435,6,0
2021-04-14T23:59:59+02:00,776,1070,1253,2214,1449,3519,2332,5060,3537,4362,5596,5324,7531,9410,2085,4167,326,270,425,633,472,1074,604,1651,800,1117,696,590,4074,5061,1813,3506,30241,21932,8087,1175,21357,5,0
2021-04-13T23:59:59+02:00,772,1070,1245,2209,1435,3516,2318,5047,3517,4347,5582,5308,7526,9407,2084,4165,326,268,423,632,469,1071,601,1646,786,1115,682,585,4072,5060,1813,3506,30161,21912,8066,1138,21321,5,0
2021-04-12T23:59:59+02:00,766,1059,1231,2201,1418,3506,2286,5032,3486,4323,5559,5293,7517,9395,2081,4134,325,267,421,631,468,1065,599,1642,777,1107,677,583,4069,5059,1813,3506,30034,21887,8021,1117,21232,5,0
2021-04-11T23:59:59+02:00,756,1055,1216,2189,1399,3487,2213,5007,3355,4223,5016,4718,6996,8727,2074,4130,325,267,419,631,466,1064,594,1639,774,1106,673,580,4065,5054,1813,3506,30004,21881,5413,1090,21144,5,0
2021-04-10T23:59:59+02:00,756,1054,1215,2188,1397,3484,2212,5004,3352,4214,4973,4672,6993,8722,2074,4129,320,261,416,622,454,1049,568,1621,738,1079,565,483,3528,4451,1771,3431,29886,20262,5410,1090,21143,5,0
2021-04-09T23:59:59+02:00,753,1053,1207,2184,1392,3481,2171,4976,3260,4131,4797,4515,6963,8674,2070,4116,309,255,402,604,440,1038,542,1603,717,1050,445,396,2913,3641,1729,3357,29204,18347,5406,1089,21133,5,0
2021-04-08T23:59:59+02:00,742,1042,1192,2169,1375,3453,2093,4913,3112,4020,3713,3333,6778,8363,2062,4103,294,245,385,587,415,1021,521,1575,687,1028,426,375,2906,3634,1726,3354,28408,18133,5358,1041,18697,5,0
2021-04-07T23:59:59+02:00,735,1036,1178,2160,1354,3437,1954,4803,2758,3763,3163,2839,6679,8240,2040,4060,279,236,352,559,378,989,480,1539,652,1003,398,351,2847,3573,1723,3348,26233,17681,5339,1022,18627,4,0
2021-04-06T23:59:59+02:00,718,1026,1147,2151,1329,3418,1815,4741,2456,3563,2758,2537,6603,8148,2022,4028,250,220,319,534,354,971,443,1516,618,969,364,313,2792,3499,1718,3340,24639,17211,5323,1005,18498,4,0
2021-04-05T23:59:59+02:00,714,1024,1136,2147,1325,3415,1801,4730,2446,3546,2114,1845,5857,7203,2020,4028,250,220,318,530,348,964,439,1515,613,965,361,308,2791,3495,1718,3339,24608,17201,5313,969,15430,4,0
2021-04-04T23:59:59+02:00,713,1024,1135,2147,1325,3415,1801,4729,2443,3545,2114,1841,5857,7200,2020,4028,250,220,318,530,348,964,438,1515,613,965,361,308,2790,3495,1718,3339,24600,17199,5313,969,15424,4,0
2021-04-03T23:59:59+02:00,713,1024,1135,2146,1325,3415,1799,4727,2440,3545,2113,1839,5856,7200,2020,4028,250,220,318,530,348,964,438,1515,612,965,361,308,2790,3495,1718,3339,24594,17198,5309,969,15422,4,0
2021-04-02T23:59:59+02:00,713,1023,1135,2146,1321,3414,1797,4721,2438,3542,2102,1830,5848,7184,2017,4017,250,219,318,528,348,964,437,1513,611,958,359,308,2790,3494,1718,3339,24526,17181,5305,969,15417,4,0
2021-04-01T23:59:59+02:00,709,1011,1110,2126,1208,3307,1721,4667,2177,3337,1341,1205,5679,7005,2009,3993,246,218,318,527,347,963,436,1511,610,957,357,306,2790,3494,1718,3335,24418,17169,2806,960,15381,4,0
2021-03-31T23:59:59+02:00,707,1010,1107,2122,1203,3299,1709,4661,2159,3324,1315,1170,5650,6950,1971,3900,245,218,318,526,346,963,436,1510,609,955,356,304,2786,3493,1717,3334,24101,17158,2792,954,15364,4,0
2021-03-30T23:59:59+02:00,705,1001,1102,2117,1196,3294,1700,4646,2149,3310,1263,1123,5570,6809,1931,3770,245,217,318,525,343,959,431,1508,602,944,341,293,2660,3307,1622,3144,23580,16542,2770,913,15336,4,0
2021-03-29T23:59:59+02:00,703,999,1097,2109,1187,3287,1692,4632,2135,3298,1227,1088,5509,6712,1883,3653,243,216,317,524,340,957,428,1504,599,939,331,286,2379,2963,1457,2848,23145,15416,2747,911,15319,4,0
2021-03-28T23:59:59+02:00,703,995,1095,2104,1183,3279,1688,4622,2132,3294,1211,1076,5500,6691,1873,3623,241,216,315,520,334,954,426,1496,595,925,326,277,2374,2951,1456,2846,23040,15391,2729,857,15300,4,0
2021-03-27T23:59:59+01:00,644,923,1018,2031,1098,3164,1566,4508,2038,3217,1144,1003,4905,5969,1873,3623,239,215,315,520,334,954,421,1493,593,923,326,277,2373,2950,1456,2846,23025,15375,2725,857,12974,3,0
2021-03-26T23:59:59+01:00,639,916,1012,2022,1097,3159,1555,4500,2018,3209,1099,973,4881,5936,1872,3619,238,212,314,518,332,953,419,1492,589,916,316,272,1866,2258,1146,2287,22832,13274,2716,851,12959,3,0
2021-03-25T23:59:59+01:00,636,910,999,2011,1095,3153,1546,4488,2004,3199,1089,962,4874,5932,1872,3618,237,209,313,517,330,946,416,1487,585,906,311,268,1764,2122,1119,2230,22786,12929,2707,828,12895,3,0
2021-03-24T23:59:59+01:00,634,905,985,1997,1084,3140,1517,4472,1993,3188,1054,931,4849,5902,1867,3613,237,209,312,515,326,942,412,1480,575,889,296,257,1402,1691,1002,2017,22646,11793,2682,766,12803,3,0
2021-03-23T23:59:59+01:00,631,896,981,1987,1078,3129,1512,4459,1983,3183,1040,921,4831,5886,1867,3611,236,209,310,512,319,939,411,1480,569,885,289,250,1136,1388,919,1879,22571,10983,2674,745,12750,3,0
2021-03-22T23:59:59+01:00,630,884,977,1978,1072,3118,1501,4445,1970,3175,1037,918,4826,5885,1867,3611,234,209,309,510,318,938,408,1477,566,881,285,246,1134,1385,919,1877,22549,10967,2659,726,12686,3,0
2021-03-21T23:59:59+01:00,628,878,974,1972,1069,3112,1496,4435,1962,3168,1034,917,4826,5884,1867,3611,234,209,309,508,317,934,408,1472,559,879,276,242,1129,1380,919,1877,22546,10966,2645,683,12642,3,0
2021-03-20T23:59:59+01:00,623,867,968,1958,1053,3097,1469,4416,1924,3137,924,817,4277,5265,1824,3532,234,209,309,508,317,934,408,1472,559,879,276,242,1129,1380,918,1876,20886,10964,2644,683,12621,3,0
2021-03-19T23:59:59+01:00,613,858,947,1928,1030,3081,1433,4393,1897,3101,797,726,3641,4439,1784,3456,231,209,308,508,316,931,406,1470,554,873,274,241,1108,1360,895,1843,18911,10943,2633,581,12580,3,0
2021-03-18T23:59:59+01:00,598,838,930,1909,1007,3055,1397,4350,1852,3053,672,635,3155,3930,1764,3429,226,207,304,503,314,922,403,1464,552,867,270,237,989,1239,802,1679,18837,10565,1236,410,12501,3,0
2021-03-17T23:59:59+01:00,596,826,919,1889,996,3039,1374,4328,1834,3037,643,611,3070,3839,1759,3425,224,206,302,501,311,921,396,1459,549,862,267,233,695,908,554,1291,18532,9646,1199,33,12454,0,0
2021-03-16T23:59:59+01:00,593,811,907,1872,980,3025,1356,4314,1807,3022,618,597,3022,3764,1758,3421,223,206,301,501,310,919,393,1457,545,857,262,229,423,637,393,1017,18326,8646,1160,27,12381,0,0
2021-03-15T23:59:59+01:00,593,797,903,1856,971,3004,1350,4309,1797,3011,612,595,3021,3763,1758,3421,222,206,300,500,309,919,392,1456,543,857,262,229,423,636,392,1017,18313,8639,1137,24,12311,0,0
2021-03-14T23:59:59+01:00,592,791,896,1843,965,3000,1340,4295,1785,3000,609,591,3016,3760,1758,3421,222,206,299,500,308,917,390,1454,543,857,262,229,423,636,392,1017,18308,8637,1110,18,12244,0,0
2021-03-13T23:59:59+01:00,566,719,787,1579,839,2605,1134,3725,1509,2611,543,507,2918,3645,1757,3420,222,206,299,500,308,917,390,1454,543,857,262,229,423,636,392,1017,18304,8637,1110,18,9450,0,0
2021-03-12T23:59:59+01:00,547,611,720,1308,744,2177,953,3023,1213,2011,469,433,2881,3605,1757,3420,222,205,299,500,308,915,389,1453,543,856,262,228,399,605,354,963,18282,8483,1109,18,6481,0,0
2021-03-11T23:59:59+01:00,522,569,687,1238,695,2065,895,2870,1115,1904,437,390,2869,3597,1756,3420,222,205,298,498,307,914,389,1450,542,856,262,227,380,582,314,926,18098,8357,1061,15,5870,0,0
2021-03-10T23:59:59+01:00,507,556,648,1201,656,2034,855,2832,1080,1877,420,377,2856,3579,1755,3417,217,202,295,491,307,914,384,1442,537,850,258,221,213,441,134,703,17822,7600,1041,9,5787,0,0
2021-03-09T23:59:59+01:00,487,538,618,1173,637,2014,832,2804,1059,1854,399,360,2738,3403,1657,3221,217,202,293,489,306,913,383,1439,537,847,256,220,213,440,134,703,17062,7592,1025,0,5707,0,0
2021-03-08T23:59:59+01:00,471,511,597,1145,618,1994,816,2783,1040,1825,374,332,2451,3050,1489,2924,217,201,293,487,305,908,383,1434,537,845,255,218,213,439,134,703,15817,7572,997,0,5606,0,0
2021-03-07T23:59:59+01:00,469,506,589,1128,607,1986,813,2769,1036,1818,373,330,2446,3042,1488,2923,217,201,293,486,305,906,383,1431,537,845,255,218,213,439,134,703,15791,7566,987,0,5545,0,0
2021-03-06T23:59:59+01:00,469,501,585,1116,604,1985,807,2760,1031,1813,373,330,2446,3042,1488,2923,217,201,293,486,305,906,383,1431,537,844,254,218,213,439,134,703,15783,7564,987,0,5503,0,0
2021-03-05T23:59:59+01:00,463,484,578,1103,599,1978,802,2752,1024,1805,359,321,1908,2316,1172,2333,214,196,289,486,302,905,381,1428,535,840,254,218,213,439,134,703,13555,7537,987,0,5455,0,0
2021-03-04T23:59:59+01:00,452,451,550,1072,580,1915,775,2697,1003,1764,355,316,1806,2183,1144,2276,204,189,281,477,301,898,379,1414,533,837,253,218,213,439,134,703,13204,7473,981,0,5154,0,0
2021-03-03T23:59:59+01:00,449,441,541,1042,562,1878,751,2649,987,1732,349,311,1446,1751,1024,2058,203,188,280,476,299,897,375,1406,531,831,251,216,212,436,132,700,12049,7433,974,0,4948,0,0
2021-03-02T23:59:59+01:00,444,432,534,1011,548,1856,742,2626,977,1715,340,301,1169,1443,938,1919,203,186,279,464,295,892,375,1396,531,826,251,216,212,436,132,700,11227,7394,939,0,4829,0,0
2021-03-01T23:59:59+01:00,442,424,524,984,529,1830,730,2598,971,1700,336,296,1167,1437,938,1916,203,183,279,455,292,881,373,1381,529,822,249,214,211,435,132,700,11209,7339,904,0,4709,0,0
2021-02-28T23:59:59+01:00,439,420,520,975,525,1819,727,2588,965,1686,333,292,1167,1435,938,1916,202,182,279,455,292,880,373,1381,528,822,249,214,211,435,132,700,11209,7335,877,0,4659,0,0
2021-02-27T23:59:59+01:00,438,416,515,969,523,1814,724,2579,962,1684,332,291,1167,1435,937,1916,202,182,279,455,292,880,372,1381,528,822,249,214,211,435,132,700,11208,7334,877,0,4617,0,0
2021-02-26T23:59:59+01:00,387,362,438,785,451,1473,586,2151,791,1384,321,281,1167,1432,937,1916,202,180,279,452,290,869,370,1376,526,819,249,214,211,435,132,700,11197,7304,866,0,2799,0,0
2021-02-25T23:59:59+01:00,367,351,426,762,439,1436,572,2107,774,1350,312,275,1074,1332,875,1804,148,166,262,446,281,857,360,1361,521,815,249,212,211,435,132,700,10796,7156,836,0,2624,0,0
2021-02-24T23:59:59+01:00,362,343,420,745,433,1398,555,2054,752,1313,304,264,843,1073,716,1527,148,160,261,440,277,848,359,1347,514,809,246,210,210,435,131,698,9858,7093,795,0,2449,0,0
2021-02-23T23:59:59+01:00,359,329,412,730,423,1376,545,2017,735,1297,292,254,565,790,552,1259,148,159,260,438,275,841,359,1338,513,805,245,209,209,435,130,697,8854,7061,751,0,2330,0,0
2021-02-22T23:59:59+01:00,359,326,411,723,422,1370,540,2008,731,1293,292,251,564,788,552,1258,148,153,255,428,272,823,356,1314,508,799,242,208,209,435,130,697,8849,6977,739,0,2300,0,0
2021-02-21T23:59:59+01:00,356,325,408,717,420,1363,538,1998,724,1290,283,247,559,783,551,1258,148,152,254,428,271,821,353,1311,501,796,241,207,208,434,129,688,8845,6942,698,0,2277,0,0
2021-02-20T23:59:59+01:00,356,322,408,715,420,1354,537,1989,722,1287,283,247,559,783,551,1258,148,152,254,428,271,821,352,1311,501,796,241,207,208,434,129,688,8845,6941,698,0,2248,0,0
2021-02-19T23:59:59+01:00,309,291,375,630,383,1181,474,1768,614,1093,280,241,514,730,490,1167,148,152,254,428,270,821,352,1311,501,796,241,207,208,434,129,688,8619,6940,592,0,1329,0,0
2021-02-18T23:59:59+01:00,308,285,367,619,371,1161,461,1751,606,1087,280,239,445,661,403,1060,145,148,249,423,264,815,349,1302,498,795,239,206,208,434,129,688,8440,6892,418,0,1246,0,0
2021-02-17T23:59:59+01:00,301,279,356,606,362,1151,439,1734,599,1078,275,232,217,453,138,719,136,133,246,419,259,797,343,1286,492,786,235,204,207,434,129,688,7717,6794,31,0,1191,0,0
2021-02-16T23:59:59+01:00,297,277,346,603,353,1142,431,1721,595,1072,272,229,216,452,138,719,102,117,228,394,248,769,327,1245,460,750,215,189,200,419,128,681,7709,6472,27,0,1127,0,0
2021-02-15T23:59:59+01:00,295,276,344,599,351,1134,430,1710,591,1067,272,229,216,451,137,719,101,115,223,383,239,755,318,1216,443,729,205,182,189,391,122,632,7701,6243,24,0,1096,0,0
2021-02-14T23:59:59+01:00,293,272,339,598,347,1125,426,1704,588,1064,272,229,216,451,137,719,97,113,216,377,236,747,312,1200,440,718,204,179,189,380,122,624,7691,6154,19,0,1070,0,0
2021-02-13T23:59:59+01:00,293,272,339,598,347,1125,425,1704,588,1063,271,229,216,451,137,719,97,113,216,377,236,747,312,1200,440,718,204,179,189,380,122,624,7689,6154,19,0,1069,0,0
2021-02-12T23:59:59+01:00,223,207,300,507,317,929,394,1461,552,860,264,226,216,451,137,719,94,112,213,376,233,744,306,1195,437,713,202,178,189,380,122,624,7677,6118,19,0,67,0,0
2021-02-11T23:59:59+01:00,220,205,295,495,311,914,388,1443,544,853,264,226,216,451,137,719,93,106,200,346,222,705,286,1137,422,675,201,175,189,375,122,621,7637,5875,16,0,28,0,0
2021-02-10T23:59:59+01:00,217,198,291,490,307,911,381,1432,542,845,262,224,214,449,137,718,86,99,185,316,209,644,269,1050,399,631,191,161,174,343,112,578,7595,5447,10,0,13,0,0
2021-02-09T23:59:59+01:00,211,191,289,479,306,904,381,1420,540,838,259,223,214,448,137,718,75,79,146,250,177,538,235,845,339,516,174,133,154,308,103,516,7550,4588,2,0,6,0,0
2021-02-08T23:59:59+01:00,207,184,286,468,301,892,377,1402,534,832,255,219,213,446,135,715,43,58,104,157,129,290,169,461,244,343,152,109,125,255,83,421,7458,3143,2,0,6,0,0
2021-02-07T23:59:59+01:00,205,182,283,467,300,890,376,1400,533,832,254,218,213,446,135,715,25,48,87,136,124,269,158,428,229,317,144,103,115,243,79,389,7448,2894,1,0,0,0,0
2021-02-06T23:59:59+01:00,205,182,283,467,300,890,376,1400,533,832,254,218,213,446,135,715,25,45,84,133,113,255,149,410,196,294,131,103,114,238,78,378,7448,2746,1,0,0,0,0
2021-02-05T23:59:59+01:00,205,180,283,464,299,876,373,1395,530,829,254,217,213,446,135,714,24,40,79,126,107,241,142,384,184,276,125,99,111,232,72,363,7412,2605,1,0,0,0,0
2021-02-04T23:59:59+01:00,196,175,283,460,292,865,370,1383,521,823,253,215,212,446,135,712,14,25,52,86,81,184,116,293,152,226,110,89,100,215,65,325,7341,2133,0,0,0,0,0
2021-02-03T23:59:59+01:00,178,169,276,454,288,861,368,1372,521,822,252,215,212,446,135,711,14,23,45,72,74,149,92,266,133,189,90,75,86,184,59,287,7280,1838,0,0,0,0,0
2021-02-02T23:59:59+01:00,155,163,266,451,284,854,364,1362,520,819,251,215,211,446,134,710,13,20,36,66,63,126,74,217,105,143,59,55,61,117,37,186,7205,1378,0,0,0,0,0
2021-02-01T23:59:59+01:00,150,156,260,437,281,836,363,1337,514,809,247,213,211,446,134,710,7,13,18,36,38,72,42,108,58,62,24,28,27,47,21,96,7104,697,0,0,0,0,0
2021-01-31T23:59:59+01:00,149,153,257,435,280,832,361,1332,510,807,247,210,210,445,134,710,5,9,15,23,31,52,29,59,37,39,12,9,12,29,17,59,7072,437,0,0,0,0,0
2021-01-30T23:59:59+01:00,149,153,257,435,280,830,360,1332,510,807,247,210,210,445,134,710,5,9,13,19,28,46,24,50,34,38,12,9,12,29,17,59,7069,404,0,0,0,0,0
2021-01-29T23:59:59+01:00,149,153,257,435,279,830,360,1332,510,807,247,210,210,445,134,710,4,8,8,18,26,37,19,42,30,35,12,9,11,27,17,59,7068,362,0,0,0,0,0
2021-01-28T23:59:59+01:00,147,150,253,427,274,826,358,1325,506,806,247,210,210,445,134,710,1,3,2,8,15,15,11,20,12,19,8,5,5,15,4,23,7028,166,0,0,0,0,0
2021-01-27T23:59:59+01:00,138,140,252,423,270,817,354,1317,500,800,242,208,209,444,134,710,0,0,1,4,11,11,8,15,10,14,7,5,5,15,4,23,6958,133,0,0,0,0,0
2021-01-26T23:59:59+01:00,106,124,236,410,262,789,342,1280,475,769,222,196,202,430,134,702,0,0,1,4,11,11,8,15,10,14,7,5,5,15,4,23,6679,133,0,0,0,0,0
2021-01-25T23:59:59+01:00,103,117,233,390,247,769,330,1245,454,748,210,187,193,405,130,654,0,0,1,4,11,8,7,9,7,10,7,5,5,15,4,23,6415,116,0,0,0,0,0
2021-01-24T23:59:59+01:00,103,115,229,384,246,765,327,1229,452,737,209,184,193,394,130,645,0,0,1,4,11,8,7,9,7,10,7,5,5,15,4,23,6342,116,0,0,0,0,0
2021-01-23T23:59:59+01:00,103,115,229,384,246,765,327,1229,452,737,209,184,193,394,130,645,0,0,1,4,11,8,7,9,7,10,7,5,5,15,4,23,6342,116,0,0,0,0,0
2021-01-22T23:59:59+01:00,103,114,227,382,246,762,323,1225,448,733,207,183,193,394,130,645,0,0,1,4,11,8,7,9,7,10,7,5,5,15,4,23,6315,116,0,0,0,0,0
2021-01-21T23:59:59+01:00,103,108,210,350,236,722,299,1168,435,708,206,179,192,388,130,642,0,0,1,2,9,7,6,7,6,9,7,5,5,15,4,23,6076,106,0,0,0,0,0
2021-01-20T23:59:59+01:00,95,102,197,325,223,655,284,1071,408,659,196,168,176,356,121,599,0,0,1,2,9,7,6,7,6,9,7,5,5,15,4,23,5635,106,0,0,0,0,0
2021-01-19T23:59:59+01:00,85,88,158,276,201,591,260,937,364,562,180,139,155,315,108,528,0,0,1,2,3,7,5,6,4,7,6,4,5,15,4,23,4947,92,0,0,0,0,0
2021-01-18T23:59:59+01:00,72,77,134,231,181,479,228,777,327,482,165,121,131,266,89,447,0,0,0,1,2,3,2,1,2,6,5,4,5,15,4,21,4207,71,0,0,0,0,0
2021-01-17T23:59:59+01:00,46,59,110,202,168,414,210,685,300,428,155,114,119,248,76,392,0,0,0,0,2,3,1,1,2,4,5,4,5,15,4,21,3726,67,0,0,0,0,0
2021-01-16T23:59:59+01:00,39,56,109,199,156,398,198,662,267,404,142,114,118,243,75,381,0,0,0,0,0,0,0,0,0,0,0,0,0,0,0,0,3561,0,0,0,0,0,0
2021-01-15T23:59:59+01:00,37,52,104,192,145,384,191,632,252,384,136,106,114,236,69,366,0,0,0,0,0,0,0,0,0,0,0,0,0,0,0,0,3400,0,0,0,0,0,0
2021-01-14T23:59:59+01:00,13,29,53,85,84,178,119,293,150,225,116,92,100,218,61,328,0,0,0,0,0,0,0,0,0,0,0,0,0,0,0,0,2144,0,0,0,0,0,0
2021-01-13T23:59:59+01:00,12,25,42,71,77,143,96,267,124,190,87,73,79,176,50,263,0,0,0,0,0,0,0,0,0,0,0,0,0,0,0,0,1775,0,0,0,0,0,0
2021-01-12T23:59:59+01:00,12,20,38,65,65,119,78,214,97,140,54,50,52,102,26,153,0,0,0,0,0,0,0,0,0,0,0,0,0,0,0,0,1285,0,0,0,0,0,0
2021-01-11T23:59:59+01:00,5,15,26,45,43,85,52,132,58,69,24,26,23,39,12,67,0,0,0,0,0,0,0,0,0,0,0,0,0,0,0,0,721,0,0,0,0,0,0
2021-01-10T23:59:59+01:00,2,10,22,29,36,61,33,81,36,41,9,7,7,20,8,29,0,0,0,0,0,0,0,0,0,0,0,0,0,0,0,0,431,0,0,0,0,0,0
2021-01-09T23:59:59+01:00,2,9,20,26,34,57,29,71,34,40,9,7,7,20,8,29,0,0,0,0,0,0,0,0,0,0,0,0,0,0,0,0,402,0,0,0,0,0,0
2021-01-08T23:59:59+01:00,1,8,18,24,31,47,23,60,30,38,8,7,5,17,8,29,0,0,0,0,0,0,0,0,0,0,0,0,0,0,0,0,354,0,0,0,0,0,0
2021-01-07T23:59:59+01:00,1,3,2,10,16,15,12,21,14,20,8,6,5,16,6,24,0,0,0,0,0,0,0,0,0,0,0,0,0,0,0,0,179,0,0,0,0,0,0
2021-01-06T23:59:59+01:00,1,0,2,4,14,12,8,16,12,15,8,6,5,16,6,24,0,0,0,0,0,0,0,0,0,0,0,0,0,0,0,0,149,0,0,0,0,0,0
2021-01-05T23:59:59+01:00,0,0,1,4,12,11,8,15,11,15,7,6,5,16,6,24,0,0,0,0,0,0,0,0,0,0,0,0,0,0,0,0,141,0,0,0,0,0,0
2021-01-04T23:59:59+01:00,0,0,1,4,12,10,7,11,9,13,7,6,5,16,6,24,0,0,0,0,0,0,0,0,0,0,0,0,0,0,0,0,131,0,0,0,0,0,0
2021-01-03T23:59:59+01:00,0,0,1,4,11,8,7,9,7,10,7,6,5,16,6,24,0,0,0,0,0,0,0,0,0,0,0,0,0,0,0,0,121,0,0,0,0,0,0
2021-01-02T23:59:59+01:00,0,0,1,4,11,8,7,9,7,10,7,6,5,16,6,24,0,0,0,0,0,0,0,0,0,0,0,0,0,0,0,0,121,0,0,0,0,0,0
2021-01-01T23:59:59+01:00,0,0,1,4,11,8,7,9,7,10,7,6,5,16,6,24,0,0,0,0,0,0,0,0,0,0,0,0,0,0,0,0,121,0,0,0,0,0,0
2020-12-31T23:59:59+01:00,0,0,1,4,11,8,7,9,7,10,7,6,5,16,6,24,0,0,0,0,0,0,0,0,0,0,0,0,0,0,0,0,121,0,0,0,0,0,0
2020-12-30T23:59:59+01:00,0,0,1,4,11,8,7,9,7,10,7,6,5,16,6,24,0,0,0,0,0,0,0,0,0,0,0,0,0,0,0,0,121,0,0,0,0,0,0
2020-12-29T23:59:59+01:00,0,0,1,4,8,8,6,9,6,8,7,6,5,16,6,24,0,0,0,0,0,0,0,0,0,0,0,0,0,0,0,0,114,0,0,0,0,0,0
2020-12-28T23:59:59+01:00,0,0,1,1,5,5,6,2,4,7,7,6,5,16,6,24,0,0,0,0,0,0,0,0,0,0,0,0,0,0,0,0,95,0,0,0,0,0,0
2020-12-27T23:59:59+01:00,0,0,0,0,2,3,1,1,2,5,5,5,5,15,6,24,0,0,0,0,0,0,0,0,0,0,0,0,0,0,0,0,74,0,0,0,0,0,0
