Datum,<15_1_m,<15_1_w,15-24_1_m,15-24_1_w,25-34_1_m,25-34_1_w,35-44_1_m,35-44_1_w,45-54_1_m,45-54_1_w,55-64_1_m,55-64_1_w,65-74_1_m,65-74_1_w,75-84_1_m,75-84_1_w,>84_1_m,>84_1_w,<15_2_m,<15_2_w,15-24_2_m,15-24_2_w,25-34_2_m,25-34_2_w,35-44_2_m,35-44_2_w,45-54_2_m,45-54_2_w,55-64_2_m,55-64_2_w,65-74_2_m,65-74_2_w,75-84_2_m,75-84_2_w,>84_2_m,>84_2_w,bp_1,bp_2,mo_1,mo_2,az_1,az_2,ja,unb_1,unb_2
2021-12-13T23:59:59+01:00,4208,4050,11473,10651,12330,11752,14856,15301,18694,19029,21704,21583,16822,17574,9326,11447,3039,5871,2262,2221,10624,9959,11618,10879,14105,14465,17975,18300,21087,20938,16483,17175,9145,11155,2929,5654,168158,157007,21180,20337,27962,27202,12411,17,17
2021-12-12T23:59:59+01:00,4187,4039,11467,10643,12323,11743,14849,15295,18689,19026,21700,21577,16818,17566,9325,11442,3038,5869,2248,2214,10604,9951,11605,10869,14092,14456,17964,18295,21078,20931,16479,17168,9142,11153,2928,5653,168055,156880,21172,20323,27962,27202,12408,17,17
2021-12-11T23:59:59+01:00,4175,4032,11459,10632,12314,11734,14841,15285,18681,19024,21695,21574,16815,17561,9325,11440,3038,5869,2233,2201,10577,9924,11585,10834,14066,14431,17948,18271,21063,20909,16471,17163,9140,11151,2928,5650,167975,156651,21151,20268,27962,27202,12407,17,17
2021-12-10T23:59:59+01:00,4131,3985,11447,10614,12300,11713,14831,15266,18663,19006,21685,21566,16804,17548,9320,11432,3034,5863,2208,2154,10511,9866,11540,10784,14018,14381,17903,18232,21036,20887,16462,17147,9132,11145,2927,5648,167696,156097,21147,20261,27962,27202,12404,17,17
2021-12-09T23:59:59+01:00,4084,3938,11432,10603,12287,11694,14821,15244,18644,18995,21674,21556,16799,17541,9316,11426,3033,5858,2177,2133,10481,9827,11506,10754,13991,14347,17880,18207,21018,20872,16456,17142,9127,11143,2927,5645,167444,155764,21137,20247,27962,27202,12403,17,17
2021-12-08T23:59:59+01:00,4050,3899,11420,10591,12274,11679,14811,15226,18637,18981,21657,21544,16792,17534,9311,11418,3029,5849,2160,2112,10443,9789,11456,10716,13964,14320,17848,18179,20996,20849,16445,17134,9124,11135,2925,5642,167213,155374,21126,20242,27962,27202,12402,17,17
2021-12-07T23:59:59+01:00,4014,3870,11414,10584,12264,11674,14799,15221,18629,18977,21648,21536,16787,17522,9310,11413,3025,5843,2150,2106,10430,9786,11448,10703,13956,14314,17840,18170,20983,20838,16442,17132,9122,11133,2925,5642,167078,155270,21089,20229,27962,27202,12402,17,17
2021-12-06T23:59:59+01:00,3421,3257,11405,10572,12255,11664,14795,15201,18619,18963,21636,21527,16778,17512,9308,11406,3023,5839,2132,2085,10403,9755,11432,10682,13940,14292,17814,18156,20971,20815,16435,17123,9121,11130,2925,5638,165745,155008,21074,20221,27962,27202,12401,17,17
2021-12-05T23:59:59+01:00,3390,3236,11401,10564,12252,11655,14793,15191,18611,18950,21626,21514,16774,17505,9308,11399,3020,5830,2126,2081,10390,9744,11420,10669,13931,14283,17801,18139,20965,20808,16430,17120,9120,11126,2924,5635,165595,154874,21064,20219,27962,27202,12400,16,17
2021-12-04T23:59:59+01:00,3374,3230,11393,10559,12245,11644,14788,15188,18603,18943,21618,21506,16772,17499,9308,11399,3019,5828,2114,2073,10376,9725,11404,10653,13909,14268,17787,18125,20962,20800,16427,17116,9118,11126,2924,5635,165505,154728,21051,20195,27962,27202,12400,16,17
2021-12-03T23:59:59+01:00,3299,3161,11375,10542,12229,11622,14775,15173,18589,18922,21599,21485,16763,17490,9305,11385,3017,5823,2088,2049,10343,9698,11382,10623,13883,14248,17763,18092,20937,20785,16424,17102,9114,11120,2924,5635,165163,154405,21031,20186,27962,27202,12400,16,17
2021-12-02T23:59:59+01:00,3259,3118,11367,10535,12215,11604,14768,15165,18583,18915,21589,21474,16756,17483,9303,11380,3015,5817,2069,2029,10310,9663,11358,10593,13861,14215,17731,18072,20921,20777,16421,17101,9112,11115,2922,5634,164969,154113,21017,20172,27962,27202,12400,16,17
2021-12-01T23:59:59+01:00,3187,3063,11351,10518,12204,11574,14750,15137,18565,18897,21567,21457,16744,17472,9294,11364,3013,5813,2034,2001,10271,9634,11326,10557,13836,14188,17699,18047,20892,20762,16409,17095,9109,11109,2919,5631,164612,153736,20999,20165,27962,27202,12399,16,17
2021-11-30T23:59:59+01:00,3139,3015,11337,10509,12194,11556,14736,15125,18558,18886,21550,21442,16733,17463,9292,11355,3009,5809,2016,1983,10255,9624,11301,10538,13819,14166,17684,18032,20878,20746,16402,17089,9108,11099,2917,5626,164399,153510,20951,20156,27962,27202,12398,16,17
2021-11-29T23:59:59+01:00,2809,2721,11325,10500,12186,11539,14727,15118,18549,18869,21544,21430,16729,17453,9289,11346,3007,5799,2004,1963,10238,9605,11271,10526,13800,14152,17658,18006,20862,20732,16393,17083,9106,11095,2917,5624,163641,153267,20943,20153,27962,27202,12396,16,17
2021-11-28T23:59:59+01:00,2770,2689,11322,10493,12178,11533,14723,15112,18543,18859,21538,21422,16727,17449,9288,11342,3007,5797,1997,1960,10229,9602,11255,10518,13792,14144,17650,18002,20859,20724,16391,17081,9105,11094,2917,5624,163505,153181,20931,20148,27962,27202,12396,16,17
2021-11-27T23:59:59+01:00,2744,2670,11318,10487,12168,11524,14712,15101,18539,18851,21535,21416,16726,17443,9284,11341,3005,5796,1993,1955,10214,9585,11230,10503,13770,14133,17628,17979,20847,20719,16391,17081,9105,11093,2916,5624,163399,153022,20905,20129,27962,27202,12396,16,17
2021-11-26T23:59:59+01:00,2707,2634,11303,10465,12154,11504,14703,15078,18527,18834,21516,21403,16715,17434,9282,11341,3004,5793,1976,1942,10198,9570,11205,10486,13749,14110,17606,17962,20831,20698,16385,17076,9104,11093,2916,5623,163141,152791,20900,20124,27962,27202,12396,16,17
2021-11-25T23:59:59+01:00,2655,2593,11282,10446,12139,11489,14691,15061,18511,18812,21495,21388,16705,17427,9280,11333,3002,5789,1965,1925,10166,9551,11181,10468,13728,14087,17581,17937,20811,20680,16384,17073,9101,11092,2916,5622,162851,152531,20891,20122,27962,27202,12396,16,17
2021-11-24T23:59:59+01:00,2621,2546,11259,10418,12126,11456,14671,15045,18497,18782,21477,21374,16692,17409,9275,11320,3002,5784,1957,1910,10142,9532,11149,10445,13702,14072,17559,17919,20790,20664,16376,17062,9098,11086,2915,5620,162517,152274,20883,20111,27962,27202,12394,16,17
2021-11-23T23:59:59+01:00,2582,2505,11242,10403,12111,11440,14646,15030,18478,18767,21463,21356,16682,17399,9270,11312,3000,5781,1945,1901,10133,9518,11128,10427,13682,14055,17548,17894,20775,20653,16372,17056,9097,11083,2914,5616,162266,152085,20848,20100,27962,27202,12393,16,17
2021-11-22T23:59:59+01:00,2552,2480,11221,10392,12091,11417,14620,15008,18466,18755,21450,21342,16675,17389,9265,11305,2998,5775,1939,1897,10123,9510,11119,10413,13669,14045,17542,17885,20765,20646,16369,17053,9095,11080,2914,5615,162010,151977,20840,20093,27962,27201,12391,16,17
2021-11-21T23:59:59+01:00,2532,2459,11218,10388,12083,11401,14615,14996,18458,18747,21438,21330,16671,17385,9265,11300,2996,5771,1939,1893,10117,9504,11107,10406,13666,14040,17530,17878,20761,20641,16366,17049,9094,11078,2913,5613,161865,151895,20837,20091,27962,27201,12391,16,17
2021-11-20T23:59:59+01:00,2518,2443,11188,10376,12053,11374,14579,14966,18430,18722,21420,21311,16662,17377,9264,11299,2996,5770,1937,1890,10090,9488,11079,10384,13645,14022,17499,17860,20745,20628,16361,17041,9093,11076,2912,5612,161613,151670,20785,20084,27962,27201,12390,16,17
2021-11-19T23:59:59+01:00,2474,2398,11117,10304,12002,11317,14523,14905,18385,18679,21388,21284,16648,17356,9257,11294,2995,5768,1921,1870,10045,9460,11048,10348,13599,13983,17466,17832,20714,20598,16350,17034,9089,11069,2912,5608,160963,151261,20781,20077,27962,27201,12390,16,17
2021-11-18T23:59:59+01:00,2428,2367,11073,10266,11956,11275,14486,14854,18353,18647,21369,21275,16643,17347,9252,11289,2995,5767,1915,1854,10017,9446,11026,10330,13578,13960,17449,17817,20701,20584,16347,17030,9085,11066,2911,5607,160527,151043,20767,20075,27962,27201,12388,16,16
2021-11-17T23:59:59+01:00,2381,2326,11007,10223,11907,11230,14449,14802,18320,18609,21331,21244,16634,17326,9247,11281,2991,5759,1905,1839,9999,9424,11006,10305,13548,13936,17427,17788,20681,20563,16328,17012,9080,11060,2909,5605,159958,150741,20763,20071,27962,27201,12386,16,16
2021-11-16T23:59:59+01:00,2369,2305,10979,10199,11879,11192,14418,14778,18290,18579,21311,21217,16624,17316,9242,11271,2990,5757,1898,1836,9988,9414,10996,10288,13536,13924,17420,17777,20670,20555,16319,17007,9075,11055,2909,5604,159732,150625,20643,20048,27962,27201,12381,16,16
2021-11-15T23:59:59+01:00,2341,2285,10942,10169,11850,11157,14398,14742,18261,18547,21298,21197,16615,17311,9242,11266,2988,5750,1892,1820,9947,9392,10976,10269,13522,13900,17401,17759,20652,20543,16312,16998,9073,11051,2908,5602,159392,150378,20631,20046,27962,27201,12376,16,16
2021-11-14T23:59:59+01:00,2337,2280,10923,10155,11828,11144,14378,14730,18248,18534,21290,21186,16612,17307,9240,11265,2986,5750,1889,1816,9942,9383,10966,10260,13515,13894,17393,17755,20649,20540,16308,16998,9069,11048,2907,5601,159246,150303,20616,20042,27962,27201,12371,16,16
2021-11-13T23:59:59+01:00,2334,2279,10916,10149,11820,11140,14372,14728,18245,18526,21286,21184,16612,17306,9239,11265,2986,5750,1889,1816,9936,9380,10965,10259,13514,13893,17392,17751,20647,20538,16306,16996,9069,11047,2907,5601,159202,150284,20610,20040,27962,27201,12365,16,16
2021-11-12T23:59:59+01:00,2324,2277,10894,10124,11810,11124,14355,14723,18236,18517,21283,21178,16607,17305,9239,11265,2985,5750,1885,1815,9929,9377,10958,10253,13510,13890,17390,17747,20641,20534,16305,16996,9069,11047,2907,5601,159065,150238,20609,20038,27962,27201,12361,16,16
2021-11-11T23:59:59+01:00,2313,2262,10843,10088,11777,11092,14317,14692,18209,18496,21268,21162,16605,17304,9238,11259,2984,5750,1882,1807,9905,9357,10941,10243,13493,13882,17384,17734,20629,20524,16305,16994,9069,11046,2907,5600,158759,150118,20585,20012,27961,27201,12355,16,16
2021-11-10T23:59:59+01:00,2295,2249,10805,10052,11739,11060,14284,14660,18180,18476,21259,21151,16601,17300,9236,11253,2983,5749,1872,1793,9884,9341,10926,10222,13474,13868,17369,17719,20622,20518,16304,16989,9067,11043,2907,5599,158450,149977,20575,19979,27961,27198,12347,16,16
2021-11-09T23:59:59+01:00,2267,2216,10781,10032,11719,11028,14269,14644,18162,18461,21247,21139,16591,17291,9234,11249,2983,5745,1866,1788,9868,9329,10914,10207,13466,13857,17362,17707,20612,20508,16298,16980,9065,11041,2905,5597,158200,149877,20553,19934,27961,27198,12345,16,16
2021-11-08T23:59:59+01:00,2244,2184,10742,9984,11679,10989,14244,14621,18136,18449,21230,21125,16587,17286,9231,11245,2983,5742,1860,1782,9837,9309,10897,10185,13456,13845,17355,17693,20598,20496,16293,16971,9062,11037,2903,5596,157856,149742,20546,19881,27961,27197,12339,16,16
2021-11-07T23:59:59+01:00,2216,2164,10708,9970,11657,10970,14224,14610,18119,18437,21224,21117,16584,17284,9229,11241,2983,5740,1857,1776,9823,9303,10886,10176,13445,13834,17343,17677,20586,20489,16287,16966,9060,11033,2903,5596,157653,149677,20534,19821,27961,27196,12330,16,16
2021-11-06T23:59:59+01:00,2181,2132,10645,9916,11601,10900,14162,14561,18071,18404,21203,21092,16577,17275,9226,11238,2982,5739,1855,1774,9815,9297,10881,10172,13438,13829,17338,17671,20581,20487,16286,16963,9058,11033,2903,5595,157086,149617,20533,19821,27961,27196,12326,16,16
2021-11-05T23:59:59+01:00,2141,2093,10583,9861,11536,10849,14107,14500,18016,18351,21171,21065,16570,17263,9223,11234,2981,5739,1846,1760,9797,9283,10871,10160,13422,13818,17324,17657,20571,20477,16280,16955,9056,11029,2903,5595,156469,149451,20533,19820,27961,27196,12321,16,16
2021-11-04T23:59:59+01:00,2110,2054,10558,9843,11519,10835,14088,14483,18008,18340,21164,21057,16567,17260,9221,11232,2981,5738,1833,1745,9782,9259,10854,10138,13403,13799,17313,17638,20557,20460,16276,16949,9051,11021,2898,5588,156258,149223,20526,19815,27961,27196,12314,16,16
2021-11-03T23:59:59+01:00,2083,2031,10515,9809,11479,10796,14049,14459,17982,18314,21143,21037,16560,17255,9218,11230,2979,5735,1823,1733,9760,9244,10839,10125,13385,13778,17303,17624,20545,20451,16270,16942,9047,11019,2895,5582,155889,149031,20518,19815,27961,27196,12307,16,16
2021-11-02T23:59:59+01:00,2063,2016,10501,9797,11464,10779,14035,14447,17967,18303,21131,21026,16560,17252,9218,11225,2979,5733,1812,1719,9738,9224,10824,10107,13373,13763,17294,17613,20538,20443,16263,16935,9044,11016,2892,5578,155718,148850,20517,19813,27961,27196,12301,16,16
2021-11-01T23:59:59+01:00,2054,2004,10490,9776,11441,10764,14016,14439,17954,18293,21125,21022,16557,17251,9218,11225,2979,5732,1797,1700,9716,9203,10805,10091,13357,13745,17285,17607,20529,20434,16258,16929,9041,11014,2892,5575,155574,148666,20511,19805,27961,27196,12295,16,16
2021-10-31T23:59:59+01:00,2054,2004,10489,9773,11440,10763,14015,14436,17952,18293,21124,21022,16557,17250,9218,11224,2979,5732,1794,1698,9715,9203,10805,10090,13357,13745,17284,17606,20528,20434,16256,16927,9040,11013,2892,5575,155559,148650,20511,19805,27961,27196,12295,16,16
2021-10-30T23:59:59+02:00,2046,1995,10443,9752,11388,10729,13971,14396,17893,18259,21092,21000,16553,17245,9218,11222,2978,5731,1794,1698,9713,9200,10801,10087,13355,13744,17282,17602,20522,20430,16256,16926,9040,11013,2892,5575,155145,148618,20511,19805,27961,27196,12295,16,16
2021-10-29T23:59:59+02:00,2032,1975,10405,9731,11346,10693,13937,14355,17856,18226,21070,20980,16546,17239,9216,11221,2977,5730,1791,1698,9705,9196,10797,10080,13345,13736,17271,17597,20514,20423,16253,16925,9040,11011,2892,5574,154774,148543,20511,19803,27961,27196,12290,16,16
2021-10-28T23:59:59+02:00,2024,1967,10389,9720,11328,10682,13921,14349,17847,18214,21060,20977,16544,17238,9213,11218,2977,5728,1785,1697,9684,9182,10785,10068,13334,13728,17263,17591,20510,20418,16251,16923,9040,11008,2892,5573,154654,148444,20508,19801,27960,27196,12275,16,16
2021-10-27T23:59:59+02:00,2013,1956,10376,9711,11313,10673,13904,14338,17836,18207,21054,20973,16544,17232,9212,11214,2975,5725,1761,1668,9650,9143,10768,10032,13314,13697,17243,17575,20496,20408,16239,16920,9040,11007,2889,5571,154528,148145,20499,19795,27960,27195,12270,16,16
2021-10-26T23:59:59+02:00,2002,1940,10357,9694,11294,10663,13886,14323,17828,18194,21047,20967,16543,17231,9207,11208,2975,5723,1725,1632,9584,9078,10741,9994,13290,13663,17219,17545,20483,20396,16232,16909,9036,11001,2888,5569,154364,147721,20499,19794,27960,27194,12260,16,16
2021-10-25T23:59:59+02:00,2000,1937,10340,9687,11285,10657,13884,14318,17823,18191,21045,20964,16541,17230,9206,11207,2975,5723,1722,1626,9579,9075,10737,9991,13285,13662,17214,17542,20480,20396,16230,16908,9036,10998,2888,5567,154302,147677,20498,19794,27959,27194,12255,16,16
2021-10-24T23:59:59+02:00,1994,1933,10329,9681,11272,10650,13879,14314,17820,18189,21041,20960,16540,17230,9206,11204,2974,5722,1712,1620,9561,9062,10729,9982,13280,13655,17212,17539,20474,20396,16229,16906,9036,10997,2886,5567,154235,147590,20496,19794,27959,27194,12249,16,16
2021-10-23T23:59:59+02:00,1991,1930,10289,9653,11237,10625,13849,14284,17791,18167,21020,20945,16534,17221,9203,11199,2974,5720,1712,1619,9560,9061,10728,9979,13277,13652,17211,17539,20474,20396,16229,16905,9036,10996,2886,5567,153931,147576,20496,19794,27959,27194,12247,16,16
2021-10-22T23:59:59+02:00,1980,1917,10259,9632,11223,10594,13811,14266,17771,18148,20995,20928,16528,17221,9202,11197,2974,5720,1704,1610,9541,9051,10721,9968,13268,13640,17207,17531,20469,20393,16226,16900,9035,10995,2885,5564,153676,147467,20494,19794,27959,27193,12238,16,16
2021-10-21T23:59:59+02:00,1975,1914,10253,9626,11206,10584,13799,14262,17761,18143,20992,20927,16527,17220,9200,11197,2974,5719,1698,1601,9530,9044,10716,9957,13264,13627,17199,17524,20465,20386,16224,16899,9034,10993,2885,5564,153597,147377,20490,19789,27959,27193,12235,15,16
2021-10-20T23:59:59+02:00,1966,1905,10233,9616,11195,10565,13789,14254,17756,18133,20984,20922,16524,17216,9198,11194,2974,5719,1680,1581,9506,9009,10701,9936,13245,13607,17180,17508,20451,20372,16222,16893,9032,10990,2883,5564,153468,147134,20488,19787,27959,27193,12230,15,16
2021-10-19T23:59:59+02:00,1960,1899,10221,9610,11185,10555,13781,14249,17750,18129,20977,20918,16523,17214,9198,11194,2973,5718,1658,1561,9462,8964,10667,9906,13218,13581,17153,17485,20440,20361,16213,16880,9027,10987,2883,5563,153392,146794,20486,19787,27959,27193,12219,15,16
2021-10-18T23:59:59+02:00,1953,1881,10192,9592,11169,10539,13771,14234,17736,18122,20965,20910,16519,17209,9195,11188,2973,5715,1632,1540,9431,8926,10642,9880,13194,13551,17131,17469,20423,20347,16204,16872,9019,10977,2882,5560,153203,146468,20485,19785,27959,27193,12218,15,16
2021-10-17T23:59:59+02:00,1953,1880,10187,9591,11166,10534,13767,14232,17734,18118,20962,20909,16516,17209,9195,11188,2971,5713,1632,1537,9429,8922,10635,9878,13192,13550,17126,17464,20421,20346,16203,16871,9019,10976,2882,5560,153168,146435,20484,19783,27959,27193,12216,15,16
2021-10-16T23:59:59+02:00,1949,1876,10177,9585,11161,10534,13761,14221,17731,18116,20957,20907,16514,17205,9193,11187,2971,5712,1632,1537,9429,8921,10634,9878,13191,13549,17126,17462,20420,20346,16203,16871,9019,10976,2882,5560,153101,146429,20484,19783,27959,27193,12215,15,16
2021-10-15T23:59:59+02:00,1946,1872,10169,9572,11154,10528,13753,14209,17722,18105,20952,20896,16513,17204,9192,11187,2971,5711,1628,1530,9413,8907,10623,9871,13182,13542,17122,17457,20414,20341,16201,16871,9019,10976,2881,5560,153003,146335,20484,19782,27959,27193,12212,15,16
2021-10-14T23:59:59+02:00,1941,1864,10157,9561,11145,10513,13737,14201,17716,18095,20941,20885,16510,17201,9192,11184,2970,5709,1621,1527,9403,8894,10614,9860,13173,13534,17116,17452,20404,20333,16195,16865,9016,10975,2881,5559,152911,146240,20453,19773,27959,27193,12200,15,16
2021-10-13T23:59:59+02:00,1937,1853,10142,9541,11132,10506,13723,14191,17701,18085,20934,20877,16508,17193,9189,11179,2968,5708,1612,1520,9392,8874,10600,9847,13160,13521,17104,17441,20399,20323,16193,16859,9011,10966,2880,5556,152793,146161,20419,19692,27959,27192,12197,15,16
2021-10-12T23:59:59+02:00,1927,1844,10126,9528,11122,10489,13718,14186,17699,18079,20928,20874,16506,17190,9187,11178,2968,5708,1600,1510,9363,8851,10591,9832,13147,13505,17091,17431,20389,20314,16184,16850,9006,10958,2879,5548,152752,146035,20351,19610,27959,27192,12196,15,16
2021-10-11T23:59:59+02:00,1918,1835,10107,9512,11104,10479,13704,14178,17689,18064,20920,20864,16501,17188,9185,11174,2967,5706,1572,1483,9331,8811,10570,9802,13124,13477,17077,17416,20378,20305,16175,16846,9003,10954,2878,5544,152651,145886,20295,19461,27959,27192,12191,15,16
2021-10-10T23:59:59+02:00,1917,1830,10097,9505,11099,10472,13694,14171,17681,18056,20910,20858,16501,17188,9182,11170,2966,5706,1570,1482,9324,8807,10562,9798,13118,13472,17072,17413,20373,20305,16174,16846,9002,10951,2878,5542,152626,145842,20232,19452,27959,27192,12187,15,16
2021-10-09T23:59:59+02:00,1917,1830,10097,9505,11098,10472,13694,14171,17680,18056,20910,20858,16501,17188,9182,11170,2966,5706,1569,1482,9321,8803,10562,9796,13117,13471,17070,17413,20372,20304,16174,16846,9002,10951,2878,5542,152625,145829,20231,19449,27959,27192,12187,15,16
2021-10-08T23:59:59+02:00,1908,1821,10082,9497,11089,10466,13684,14160,17670,18048,20900,20853,16494,17182,9181,11167,2965,5705,1563,1475,9315,8794,10556,9790,13111,13464,17068,17410,20371,20303,16172,16845,9002,10950,2878,5542,152498,145773,20231,19443,27959,27192,12185,15,16
2021-10-07T23:59:59+02:00,1896,1807,10052,9464,11061,10439,13655,14142,17662,18035,20882,20840,16488,17177,9178,11163,2964,5703,1557,1467,9303,8775,10547,9775,13105,13453,17063,17401,20363,20298,16168,16841,8998,10947,2878,5541,152256,145663,20226,19441,27959,27192,12168,15,16
2021-10-06T23:59:59+02:00,1878,1783,10026,9444,11045,10424,13639,14122,17654,18023,20870,20831,16484,17172,9175,11161,2964,5702,1516,1411,9261,8712,10524,9739,13071,13415,17036,17375,20342,20279,16157,16832,8993,10943,2878,5537,152053,145213,20223,19440,27959,27192,12160,15,16
2021-10-05T23:59:59+02:00,1868,1771,10013,9422,11034,10406,13624,14106,17645,18014,20860,20826,16480,17166,9174,11161,2963,5702,1498,1388,9241,8687,10509,9718,13061,13403,17028,17359,20330,20270,16150,16828,8990,10937,2874,5533,151912,145017,20223,19440,27959,27192,12139,15,16
2021-10-04T23:59:59+02:00,1856,1760,9986,9407,11021,10390,13609,14091,17634,18000,20846,20813,16479,17161,9172,11159,2962,5702,1482,1374,9219,8667,10487,9695,13056,13392,17019,17339,20319,20251,16147,16823,8988,10935,2873,5533,151754,144837,20218,19440,27959,27191,12115,15,16
2021-10-03T23:59:59+02:00,1850,1755,9978,9400,11010,10380,13604,14084,17627,17995,20838,20809,16476,17156,9170,11158,2962,5702,1479,1369,9211,8658,10474,9687,13052,13387,17015,17332,20310,20246,16144,16821,8988,10933,2873,5533,151691,144781,20218,19440,27959,27191,12084,15,16
2021-10-02T23:59:59+02:00,1850,1755,9977,9397,11007,10379,13601,14084,17627,17995,20836,20807,16475,17155,9170,11158,2962,5702,1479,1369,9210,8656,10471,9683,13050,13385,17015,17332,20309,20244,16143,16819,8988,10933,2873,5533,151684,144773,20218,19438,27959,27191,12074,15,16
2021-10-01T23:59:59+02:00,1847,1751,9962,9382,10999,10364,13592,14076,17617,17988,20830,20803,16472,17151,9168,11157,2960,5700,1469,1355,9193,8638,10457,9672,13048,13374,17004,17325,20300,20237,16142,16819,8987,10928,2872,5531,151585,144649,20217,19438,27958,27191,12057,15,16
2021-09-30T23:59:59+02:00,1844,1748,9946,9374,10987,10354,13582,14059,17609,17975,20820,20796,16472,17150,9166,11155,2959,5699,1460,1351,9170,8629,10445,9662,13041,13363,16994,17321,20294,20233,16140,16819,8984,10928,2872,5531,151508,144583,20215,19435,27958,27191,12012,15,16
2021-09-29T23:59:59+02:00,1831,1714,9917,9339,10964,10328,13567,14039,17594,17963,20802,20785,16464,17142,9164,11152,2958,5696,1456,1337,9160,8614,10431,9647,13038,13349,16988,17308,20285,20226,16134,16810,8980,10926,2871,5530,151249,144454,20215,19434,27958,27191,11995,15,16
2021-09-28T23:59:59+02:00,1805,1689,9864,9285,10942,10292,13534,14012,17566,17932,20785,20765,16455,17129,9160,11142,2957,5693,1435,1321,9141,8586,10417,9625,13021,13336,16978,17296,20272,20215,16125,16801,8973,10919,2871,5529,150864,144252,20215,19433,27957,27191,11969,15,16
2021-09-27T23:59:59+02:00,1788,1676,9838,9267,10915,10270,13515,13985,17548,17912,20776,20758,16449,17124,9156,11139,2957,5692,1421,1309,9122,8565,10394,9605,13001,13309,16963,17279,20262,20206,16121,16798,8972,10917,2871,5528,150695,144106,20207,19428,27957,27189,11904,15,16
2021-09-26T23:59:59+02:00,1781,1670,9827,9257,10897,10256,13505,13978,17541,17906,20766,20757,16447,17120,9156,11138,2956,5692,1419,1308,9116,8557,10385,9600,12992,13303,16959,17274,20255,20204,16119,16796,8972,10917,2871,5528,150612,144071,20206,19427,27957,27188,11873,15,16
2021-09-25T23:59:59+02:00,1781,1669,9824,9256,10895,10255,13503,13977,17541,17906,20766,20757,16447,17119,9156,11138,2956,5692,1419,1308,9116,8553,10383,9600,12991,13301,16958,17274,20255,20204,16119,16795,8972,10917,2871,5528,150605,144065,20206,19427,27957,27188,11868,15,16
2021-09-24T23:59:59+02:00,1773,1653,9807,9244,10891,10245,13499,13966,17538,17902,20763,20753,16444,17118,9156,11138,2955,5692,1409,1302,9098,8540,10376,9589,12987,13297,16952,17268,20254,20200,16117,16793,8971,10917,2871,5528,150517,143981,20204,19427,27957,27188,11857,15,16
2021-09-23T23:59:59+02:00,1770,1651,9745,9200,10789,10179,13401,13892,17452,17835,20710,20706,16420,17100,9149,11127,2955,5688,1408,1299,9040,8501,10275,9529,12898,13236,16870,17204,20203,20156,16094,16772,8963,10905,2871,5525,150439,143952,20201,19424,27957,27188,11169,15,16
2021-09-22T23:59:59+02:00,1747,1634,9716,9167,10772,10150,13375,13861,17424,17812,20696,20684,16416,17092,9147,11120,2952,5687,1402,1282,9015,8486,10255,9512,12884,13220,16851,17194,20193,20151,16088,16770,8960,10899,2869,5522,150151,143783,20197,19421,27956,27188,11145,15,16
2021-09-21T23:59:59+02:00,1716,1604,9659,9100,10736,10115,13347,13820,17394,17789,20681,20673,16404,17078,9143,11118,2950,5681,1386,1251,8978,8452,10239,9494,12862,13193,16825,17164,20182,20140,16078,16763,8956,10896,2869,5520,149728,143498,20195,19419,27955,27188,11127,15,16
2021-09-20T23:59:59+02:00,1684,1580,9603,9049,10689,10064,13311,13779,17373,17770,20657,20655,16394,17071,9134,11106,2949,5677,1370,1224,8943,8425,10220,9471,12834,13169,16804,17146,20162,20120,16069,16754,8949,10888,2867,5518,149327,143245,20193,19418,27955,27187,11067,15,16
2021-09-19T23:59:59+02:00,1683,1579,9599,9041,10681,10058,13303,13777,17365,17764,20650,20651,16392,17068,9133,11104,2946,5674,1367,1223,8937,8419,10215,9468,12830,13167,16801,17144,20159,20116,16068,16754,8949,10888,2867,5517,149273,143224,20190,19416,27955,27186,11047,15,16
2021-09-18T23:59:59+02:00,1683,1579,9599,9040,10679,10054,13300,13773,17362,17764,20649,20651,16392,17068,9133,11104,2946,5674,1365,1223,8935,8416,10213,9466,12829,13164,16797,17143,20158,20116,16068,16754,8949,10888,2867,5517,149267,143215,20190,19416,27955,27186,11035,15,16
2021-09-17T23:59:59+02:00,1677,1569,9582,9017,10666,10038,13284,13759,17351,17753,20644,20640,16390,17066,9132,11102,2945,5673,1363,1221,8928,8410,10206,9460,12820,13158,16793,17138,20155,20107,16068,16752,8948,10887,2867,5517,149152,143191,20188,19416,27955,27185,10990,15,16
2021-09-16T23:59:59+02:00,1673,1568,9564,9001,10647,10021,13272,13747,17339,17745,20632,20629,16389,17062,9129,11099,2945,5671,1360,1221,8921,8404,10195,9453,12811,13152,16785,17133,20145,20102,16068,16751,8948,10884,2867,5515,149048,143162,20185,19413,27955,27182,10942,15,16
2021-09-15T23:59:59+02:00,1660,1553,9537,8974,10623,10003,13242,13719,17320,17721,20614,20611,16383,17055,9120,11091,2945,5667,1336,1187,8874,8364,10165,9412,12777,13112,16760,17112,20116,20082,16061,16739,8943,10881,2867,5513,148880,142823,20117,19400,27955,27179,10883,15,16
2021-09-14T23:59:59+02:00,1648,1542,9504,8944,10606,9983,13223,13696,17297,17703,20599,20596,16366,17042,9110,11080,2941,5655,1314,1175,8841,8332,10147,9395,12767,13089,16744,17093,20099,20062,16057,16732,8940,10874,2866,5509,148676,142582,20040,19398,27955,27179,10861,15,16
2021-09-13T23:59:59+02:00,1614,1506,9460,8890,10579,9950,13200,13653,17276,17685,20577,20583,16360,17036,9107,11074,2939,5649,1291,1160,8807,8304,10130,9372,12746,13057,16731,17076,20083,20046,16051,16718,8934,10872,2865,5505,148459,142328,19885,19390,27955,27178,10836,15,16
2021-09-12T23:59:59+02:00,1612,1503,9448,8883,10567,9944,13194,13643,17271,17681,20574,20578,16359,17033,9105,11073,2939,5646,1274,1144,8783,8282,10109,9361,12730,13043,16720,17069,20075,20037,16048,16714,8933,10866,2865,5504,148410,142169,19879,19389,27955,27177,10806,15,16
2021-09-11T23:59:59+02:00,1612,1503,9446,8878,10562,9940,13191,13641,17270,17678,20571,20576,16359,17031,9104,11073,2939,5646,1274,1144,8774,8279,10107,9360,12725,13041,16719,17066,20073,20036,16048,16713,8932,10866,2865,5504,148399,142163,19875,19383,27955,27177,10788,15,15
2021-09-10T23:59:59+02:00,1611,1502,9442,8874,10553,9931,13178,13636,17265,17671,20569,20572,16358,17030,9104,11073,2939,5646,1273,1143,8770,8276,10100,9351,12713,13035,16713,17061,20070,20032,16048,16712,8932,10865,2865,5504,148369,142141,19874,19377,27955,27177,10753,15,15
2021-09-09T23:59:59+02:00,1608,1497,9426,8867,10542,9918,13164,13619,17249,17662,20554,20560,16355,17029,9102,11069,2938,5643,1270,1139,8760,8270,10093,9341,12707,13021,16695,17054,20058,20022,16046,16710,8930,10858,2864,5502,148285,142086,19872,19377,27955,27176,10686,15,15
2021-09-08T23:59:59+02:00,1570,1449,9382,8808,10511,9879,13136,13581,17215,17636,20535,20540,16339,17015,9098,11063,2938,5641,1268,1132,8736,8253,10074,9325,12687,13004,16679,17045,20042,20014,16039,16704,8929,10854,2864,5502,147871,141953,19871,19372,27955,27176,10635,15,15
2021-09-07T23:59:59+02:00,1552,1424,9362,8786,10492,9860,13126,13571,17206,17624,20530,20535,16334,17012,9097,11058,2937,5639,1268,1130,8728,8246,10066,9323,12679,13002,16675,17036,20038,20011,16039,16702,8929,10851,2864,5502,147696,141911,19869,19370,27955,27172,10621,15,15
2021-09-06T23:59:59+02:00,1539,1412,9338,8762,10471,9839,13116,13557,17194,17609,20521,20519,16332,17009,9095,11058,2936,5639,1265,1130,8722,8236,10058,9316,12674,12993,16667,17030,20033,20004,16037,16702,8926,10848,2864,5501,147520,141852,19868,19367,27953,27171,10601,15,15
2021-09-05T23:59:59+02:00,1536,1409,9330,8752,10463,9834,13111,13551,17191,17602,20515,20516,16328,17006,9095,11057,2936,5639,1263,1122,8714,8230,10051,9306,12668,12987,16661,17024,20025,20002,16035,16700,8926,10847,2864,5501,147469,141799,19868,19367,27953,27168,10577,15,15
2021-09-04T23:59:59+02:00,1535,1409,9329,8749,10462,9834,13110,13550,17191,17602,20513,20514,16328,17006,9095,11057,2936,5639,1262,1122,8714,8230,10050,9304,12667,12987,16660,17023,20024,20002,16035,16700,8926,10847,2864,5501,147462,141793,19865,19367,27953,27168,10575,15,15
2021-09-03T23:59:59+02:00,1525,1395,9307,8731,10449,9823,13105,13540,17176,17590,20501,20504,16324,17000,9094,11052,2936,5636,1262,1121,8698,8218,10038,9296,12660,12980,16644,17013,20021,19994,16031,16693,8925,10843,2864,5498,147359,141741,19861,19365,27953,27168,10510,15,15
2021-09-02T23:59:59+02:00,1514,1386,9254,8700,10389,9772,13030,13482,17126,17553,20442,20461,16292,16973,9084,11041,2935,5631,1254,1116,8654,8193,9979,9252,12590,12930,16600,16980,19961,19953,15999,16670,8918,10835,2864,5493,147231,141682,19860,19361,27952,27166,10017,15,15
2021-09-01T23:59:59+02:00,1510,1369,9234,8686,10370,9760,13018,13469,17114,17539,20432,20457,16288,16967,9077,11037,2935,5629,1243,1108,8637,8173,9964,9235,12580,12919,16587,16969,19945,19943,15994,16665,8915,10829,2864,5491,147120,141548,19840,19359,27952,27165,9974,15,15
2021-08-31T23:59:59+02:00,1494,1351,9220,8660,10359,9748,13007,13462,17109,17527,20425,20449,16283,16963,9075,11032,2935,5629,1230,1094,8621,8155,9958,9223,12565,12908,16576,16964,19943,19936,15990,16663,8914,10826,2864,5491,146966,141422,19839,19356,27952,27162,9966,15,15
2021-08-30T23:59:59+02:00,1473,1335,9203,8639,10345,9732,12996,13447,17096,17507,20413,20439,16279,16960,9073,11030,2935,5628,1222,1082,8597,8141,9944,9211,12554,12888,16563,16947,19935,19929,15985,16657,8912,10821,2862,5489,146803,141286,19839,19352,27949,27153,9933,15,15
2021-08-29T23:59:59+02:00,1472,1334,9201,8633,10338,9723,12994,13443,17087,17502,20408,20433,16276,16955,9073,11030,2935,5627,1221,1079,8594,8135,9935,9199,12549,12882,16555,16942,19931,19926,15982,16650,8911,10821,2862,5488,146785,141264,19839,19351,27949,27147,9885,15,15
2021-08-28T23:59:59+02:00,1471,1334,9198,8629,10338,9722,12993,13442,17087,17501,20407,20432,16276,16955,9073,11030,2935,5627,1220,1077,8590,8135,9934,9199,12548,12881,16555,16941,19930,19925,15982,16650,8911,10821,2862,5488,146777,141259,19839,19349,27949,27147,9879,15,15
2021-08-27T23:59:59+02:00,1461,1323,9185,8622,10333,9716,12989,13440,17084,17495,20402,20427,16275,16953,9072,11030,2935,5627,1215,1071,8581,8128,9931,9194,12542,12878,16553,16934,19929,19924,15981,16649,8910,10820,2862,5488,146703,141214,19839,19347,27949,27142,9872,15,15
2021-08-26T23:59:59+02:00,1458,1322,9178,8618,10326,9710,12981,13439,17081,17493,20400,20422,16272,16950,9069,11025,2934,5627,1212,1069,8572,8117,9923,9188,12534,12875,16548,16932,19927,19919,15978,16645,8907,10817,2861,5488,146682,141183,19837,19347,27949,27136,9831,15,15
2021-08-25T23:59:59+02:00,1444,1297,9071,8562,10240,9637,12893,13366,16963,17410,20304,20365,16225,16913,9054,11004,2929,5616,1200,1061,8479,8063,9840,9126,12443,12810,16443,16859,19839,19864,15934,16607,8893,10797,2856,5475,146444,141036,19836,19346,27949,27134,9058,15,15
2021-08-24T23:59:59+02:00,1425,1272,9039,8532,10226,9616,12864,13337,16932,17375,20290,20349,16210,16903,9049,10998,2929,5613,1195,1052,8456,8050,9823,9114,12427,12799,16432,16844,19832,19854,15928,16603,8893,10795,2856,5474,146154,140918,19834,19344,27949,27134,9016,15,15
2021-08-23T23:59:59+02:00,1408,1247,8997,8494,10211,9597,12832,13316,16913,17357,20273,20324,16197,16891,9038,10991,2928,5607,1194,1046,8431,8033,9797,9095,12412,12793,16420,16835,19821,19838,15922,16595,8889,10790,2855,5471,145886,140819,19834,19343,27949,27114,8946,15,15
2021-08-22T23:59:59+02:00,1408,1247,8987,8489,10204,9590,12831,13312,16908,17351,20270,20321,16194,16887,9034,10991,2928,5606,1193,1045,8415,8027,9789,9084,12408,12788,16417,16828,19819,19834,15919,16590,8885,10788,2855,5470,145871,140790,19834,19340,27949,27111,8898,15,15
2021-08-21T23:59:59+02:00,1408,1246,8982,8489,10202,9588,12828,13310,16907,17351,20269,20320,16194,16887,9034,10991,2928,5606,1191,1042,8294,7946,9689,8989,12321,12679,16325,16758,19763,19791,15899,16575,8882,10777,2854,5468,145865,140784,19829,18443,27949,27110,8891,15,15
2021-08-20T23:59:59+02:00,1407,1244,8974,8487,10194,9580,12821,13299,16904,17349,20262,20315,16192,16887,9034,10989,2927,5605,1042,901,7937,7620,9539,8829,12176,12538,16202,16649,19655,19695,15860,16526,8870,10753,2852,5467,145830,138688,19829,18443,27949,27109,8856,15,15
2021-08-19T23:59:59+02:00,1402,1242,8963,8481,10187,9571,12812,13293,16899,17347,20257,20313,16191,16885,9034,10988,2927,5604,923,788,7676,7351,9411,8723,12032,12419,16108,16544,19558,19608,15818,16478,8859,10734,2851,5459,145788,136962,19826,18435,27948,27100,8828,15,15
2021-08-18T23:59:59+02:00,1378,1210,8917,8445,10161,9540,12784,13257,16868,17323,20231,20284,16178,16871,9028,10982,2923,5599,922,787,7663,7341,9400,8715,12018,12403,16094,16535,19550,19599,15812,16471,8855,10730,2848,5456,145479,136916,19813,18434,27945,27099,8735,15,15
2021-08-17T23:59:59+02:00,1353,1197,8881,8413,10146,9519,12768,13233,16853,17301,20208,20262,16170,16861,9026,10975,2921,5594,917,785,7650,7326,9383,8707,12007,12395,16087,16525,19539,19593,15805,16465,8854,10728,2847,5454,145234,136846,19810,18429,27944,27093,8686,15,13
2021-08-16T23:59:59+02:00,1330,1179,8844,8387,10127,9500,12744,13207,16843,17284,20188,20247,16165,16849,9022,10974,2920,5594,916,785,7641,7314,9367,8704,11997,12389,16084,16518,19530,19586,15802,16462,8854,10728,2847,5454,145000,136803,19808,18425,27944,27092,8645,15,13
2021-08-15T23:59:59+02:00,1314,1162,8825,8367,10114,9486,12728,13194,16831,17275,20174,20234,16159,16843,9022,10969,2920,5594,914,784,7629,7304,9350,8688,11983,12378,16076,16510,19524,19580,15793,16458,8853,10725,2847,5454,144854,136744,19807,18420,27942,27072,8601,15,13
2021-08-14T23:59:59+02:00,1313,1162,8825,8367,10113,9486,12727,13192,16831,17274,20173,20232,16159,16843,9022,10969,2920,5594,795,668,7312,7014,9206,8521,11810,12213,15958,16380,19430,19493,15766,16434,8844,10712,2847,5450,144848,134761,19807,18418,27942,27063,8598,15,13
2021-08-13T23:59:59+02:00,1308,1160,8813,8359,10103,9478,12714,13181,16815,17265,20165,20224,16156,16838,9020,10968,2919,5594,634,523,6925,6654,9036,8363,11602,11996,15739,16200,19289,19370,15732,16395,8833,10698,2845,5446,144819,132284,19807,18418,27942,27060,8505,15,13
2021-08-12T23:59:59+02:00,1307,1160,8812,8356,10096,9472,12710,13181,16809,17255,20161,20219,16155,16834,9018,10966,2919,5594,630,521,6919,6646,9020,8355,11590,11993,15728,16193,19285,19364,15730,16390,8831,10697,2845,5446,144800,132246,19806,18414,27942,27042,8468,15,13
2021-08-11T23:59:59+02:00,1304,1156,8808,8349,10086,9465,12704,13177,16803,17251,20155,20217,16153,16831,9017,10966,2919,5593,626,520,6912,6635,9002,8344,11579,11989,15724,16186,19277,19358,15726,16386,8830,10697,2845,5444,144750,132180,19802,18407,27942,27028,8452,15,13
2021-08-10T23:59:59+02:00,1303,1156,8806,8347,10081,9458,12701,13172,16801,17249,20154,20212,16151,16829,9017,10965,2919,5593,608,512,6868,6587,8968,8327,11559,11967,15698,16174,19270,19348,15724,16384,8830,10695,2845,5444,144721,131929,19802,18404,27942,27021,8441,15,13
2021-08-09T23:59:59+02:00,1303,1154,8800,8344,10077,9449,12699,13169,16794,17247,20148,20212,16149,16829,9016,10965,2919,5593,602,508,6847,6564,8945,8307,11547,11956,15682,16162,19264,19344,15721,16383,8828,10694,2845,5444,144693,131792,19802,18401,27940,27012,8425,14,13
2021-08-08T23:59:59+02:00,1303,1153,8797,8338,10075,9445,12690,13166,16788,17243,20146,20209,16147,16825,9015,10963,2918,5592,601,506,6844,6553,8931,8300,11531,11947,15676,16153,19262,19339,15718,16379,8827,10692,2844,5443,144680,131747,19801,18393,27940,27008,8385,14,13
2021-08-07T23:59:59+02:00,1303,1145,8789,8331,10066,9438,12687,13160,16781,17239,20139,20204,16143,16820,9013,10962,2917,5592,424,359,6193,5983,8661,8078,11260,11715,15477,15979,19176,19263,15698,16355,8820,10684,2841,5442,144634,128660,19800,18380,27940,27007,8348,14,13
2021-08-06T23:59:59+02:00,1297,1144,8780,8319,10052,9426,12667,13141,16763,17227,20122,20193,16136,16812,9013,10959,2917,5591,421,358,6180,5968,8645,8064,11236,11693,15455,15962,19159,19252,15691,16348,8820,10681,2841,5441,144596,128605,19797,18373,27940,27005,8219,14,13
2021-08-05T23:59:59+02:00,1294,1142,8773,8311,10043,9417,12653,13133,16757,17224,20114,20189,16135,16812,9013,10958,2917,5591,419,353,5895,5732,8294,7766,10873,11417,15130,15724,18910,19083,15671,16323,8810,10674,2840,5440,144547,128508,19793,15667,27936,26973,8193,14,13
2021-08-04T23:59:59+02:00,1293,1139,8767,8307,10038,9415,12647,13129,16752,17222,20112,20186,16135,16812,9012,10957,2917,5590,417,351,5881,5725,8266,7756,10852,11405,15113,15718,18905,19078,15670,16320,8809,10674,2840,5440,144515,128408,19792,15660,27935,26958,8181,14,13
2021-08-03T23:59:59+02:00,1286,1136,8763,8297,10033,9411,12642,13126,16747,17220,20107,20185,16133,16812,9011,10955,2917,5589,396,335,5769,5611,8171,7686,10734,11328,15063,15665,18876,19063,15666,16318,8808,10672,2838,5439,144472,127678,19790,15652,27935,26929,8166,14,13
2021-08-02T23:59:59+02:00,1280,1130,8750,8289,10027,9404,12636,13119,16741,17209,20100,20181,16131,16809,9009,10952,2916,5588,359,303,5599,5452,8044,7580,10607,11212,14991,15582,18844,19037,15658,16309,8802,10672,2838,5439,144388,126612,19784,15647,27934,26898,8158,14,13
2021-08-01T23:59:59+02:00,1278,1129,8743,8282,10020,9397,12629,13117,16736,17207,20095,20179,16131,16809,9008,10950,2916,5588,342,283,5539,5395,7994,7530,10543,11160,14954,15556,18831,19019,15655,16306,8800,10669,2838,5437,144343,126167,19782,15643,27933,26879,8149,14,13
2021-07-31T23:59:59+02:00,1278,1129,8742,8279,10020,9396,12626,13117,16735,17207,20094,20177,16131,16809,9008,10950,2916,5588,337,279,5512,5374,7977,7516,10523,11146,14941,15550,18826,19016,15653,16305,8800,10669,2838,5437,144341,126029,19781,15639,27933,26878,8140,14,13
2021-07-30T23:59:59+02:00,1146,1008,8515,8051,9929,9276,12545,13033,16654,17135,20034,20110,16099,16770,9002,10933,2915,5585,281,216,5218,5102,7839,7376,10335,10953,14801,15385,18758,18960,15629,16277,8787,10656,2834,5433,142888,124202,19779,15631,27933,26861,8133,14,13
2021-07-29T23:59:59+02:00,1139,999,8385,7963,9775,9179,12393,12932,16505,17039,19871,20000,16014,16701,8977,10914,2914,5578,234,183,4924,4870,7564,7186,10057,10752,14553,15208,18565,18841,15544,16202,8760,10635,2833,5423,142765,123101,19776,15590,27933,26835,6795,14,13
2021-07-28T23:59:59+02:00,1128,985,8356,7927,9761,9163,12371,12917,16487,17016,19853,19990,16007,16688,8970,10910,2914,5576,137,108,4503,4442,7246,6935,9737,10452,14317,15026,18508,18800,15529,16191,8755,10624,2833,5413,142523,120452,19774,15537,27931,26772,6782,14,13
2021-07-27T23:59:59+02:00,1118,977,8332,7913,9748,9156,12359,12908,16480,17009,19846,19977,16005,16682,8968,10907,2913,5574,111,92,4267,4195,7018,6737,9488,10173,14160,14865,18456,18735,15480,16145,8738,10607,2830,5406,142384,118432,19772,15535,27931,26747,6776,14,13
2021-07-26T23:59:59+02:00,1114,974,8319,7901,9741,9151,12353,12902,16473,17001,19839,19976,16002,16677,8966,10903,2912,5569,108,86,4160,4087,6915,6624,9360,10051,14075,14782,18407,18699,15469,16134,8728,10599,2827,5404,142305,117519,19769,15524,27920,26689,6770,14,13
2021-07-25T23:59:59+02:00,1113,973,8310,7899,9728,9147,12343,12899,16468,16993,19836,19974,16000,16677,8966,10903,2912,5569,106,84,4110,4036,6837,6575,9288,9995,14038,14749,18382,18685,15451,16121,8721,10593,2827,5402,142279,117077,19765,15507,27919,26666,6737,14,13
2021-07-24T23:59:59+02:00,1111,970,8224,7837,9654,9067,12277,12822,16400,16940,19795,19936,15979,16663,8963,10893,2912,5568,99,82,4066,3992,6774,6523,9209,9937,13971,14684,18349,18659,15440,16110,8713,10589,2827,5402,142259,116811,19109,15225,27919,26663,6714,14,13
2021-07-23T23:59:59+02:00,1085,944,8112,7747,9616,9032,12243,12793,16355,16906,19766,19917,15974,16656,8959,10889,2912,5568,85,68,3773,3710,6518,6317,8925,9651,13732,14504,18267,18598,15397,16067,8695,10570,2825,5396,141765,114556,19109,15201,27919,26657,6671,14,13
2021-07-22T23:59:59+02:00,993,858,7897,7517,9513,8943,12125,12697,16264,16822,19691,19832,15928,16616,8950,10874,2911,5562,67,50,3648,3583,6364,6223,8769,9520,13567,14360,18192,18530,15376,16040,8687,10560,2825,5394,140309,113397,19106,15128,27912,26561,6656,14,13
2021-07-21T23:59:59+02:00,973,844,7866,7477,9495,8932,12102,12674,16240,16806,19667,19811,15917,16609,8950,10869,2911,5562,54,37,3345,3320,6018,5963,8373,9136,13301,14123,18049,18406,15284,15959,8655,10530,2822,5382,140051,110591,19104,15056,27907,26464,6633,14,13
2021-07-20T23:59:59+02:00,973,843,7858,7472,9488,8929,12096,12672,16232,16805,19662,19806,15915,16606,8950,10868,2911,5562,50,30,3272,3267,5960,5907,8314,9078,13217,14079,18017,18390,15284,15959,8655,10528,2822,5382,140011,110205,19103,15040,27904,26331,6622,12,13
2021-07-19T23:59:59+02:00,972,843,7851,7470,9485,8921,12091,12670,16227,16799,19659,19806,15913,16603,8950,10866,2911,5561,48,29,3220,3231,5910,5867,8251,9032,13159,14052,17971,18377,15284,15956,8655,10526,2822,5381,139974,109921,19102,15023,27904,26204,6610,12,13
2021-07-18T23:59:59+02:00,971,842,7840,7462,9481,8917,12083,12665,16222,16793,19657,19804,15912,16601,8950,10866,2911,5561,47,29,3200,3213,5870,5833,8215,9002,13121,14037,17955,18371,15284,15955,8655,10526,2822,5380,139931,109729,19101,14988,27902,26189,6596,12,13
2021-07-17T23:59:59+02:00,856,723,7519,7174,9331,8746,11909,12503,16093,16654,19560,19710,15891,16580,8942,10853,2911,5558,32,22,3099,3105,5757,5740,8083,8842,12979,13909,17859,18291,15274,15937,8652,10519,2822,5380,137926,108541,19099,14983,27902,26185,6580,10,13
2021-07-16T23:59:59+02:00,699,572,7129,6845,9150,8592,11717,12292,15891,16479,19418,19586,15861,16544,8933,10839,2910,5556,25,19,3037,3044,5681,5676,7967,8734,12859,13772,17780,18214,15252,15921,8648,10517,2821,5380,135464,107635,19099,14978,27901,26178,6543,10,13
2021-07-15T23:59:59+02:00,697,572,7115,6836,9146,8589,11704,12288,15880,16472,19414,19580,15859,16541,8928,10837,2909,5547,24,19,2996,3008,5615,5633,7877,8684,12782,13731,17749,18187,15229,15904,8640,10510,2820,5371,135419,107397,19096,14824,27896,26049,6496,10,13
2021-07-14T23:59:59+02:00,694,571,7106,6827,9141,8587,11700,12283,15874,16469,19409,19575,15857,16538,8925,10834,2909,5543,24,19,2974,2994,5574,5601,7841,8663,12750,13715,17732,18175,15222,15901,8637,10506,2820,5367,135385,107244,19095,14789,27896,26010,6459,10,13
2021-07-13T23:59:59+02:00,689,569,7081,6810,9129,8570,11691,12269,15863,16450,19399,19569,15848,16534,8921,10824,2904,5535,22,18,2918,2942,5509,5534,7680,8526,12496,13496,17573,18045,15203,15890,8625,10493,2815,5356,135260,106019,19095,14735,27893,25974,6400,10,13
2021-07-12T23:59:59+02:00,683,561,7068,6796,9118,8559,11681,12259,15858,16437,19387,19565,15846,16530,8919,10824,2904,5532,21,16,2860,2887,5428,5458,7531,8411,12249,13283,17392,17898,15193,15885,8621,10486,2814,5356,135146,104778,19093,14682,27889,25924,6392,10,13
2021-07-11T23:59:59+02:00,682,560,7060,6794,9109,8551,11673,12251,15848,16434,19382,19560,15846,16527,8918,10822,2904,5532,20,15,2829,2853,5352,5387,7430,8324,12081,13126,17265,17765,15184,15874,8620,10483,2814,5356,135102,103888,19090,14634,27889,25878,6365,10,13
2021-07-10T23:59:59+02:00,508,402,6500,6245,8883,8365,11431,12058,15691,16302,19327,19511,15838,16517,8914,10817,2903,5531,18,11,2800,2819,5301,5342,7347,8245,11977,13026,17186,17697,15169,15858,8617,10472,2811,5354,132413,103192,19090,14632,27889,25869,6344,10,13
2021-07-09T23:59:59+02:00,497,395,6442,6215,8855,8328,11391,12030,15663,16289,19314,19495,15837,16514,8914,10814,2903,5531,16,11,2743,2753,5220,5273,7168,8067,11565,12727,16887,17488,15149,15830,8610,10467,2809,5352,132319,102164,18879,13771,27888,25853,6334,10,13
2021-07-08T23:59:59+02:00,491,393,6125,5956,8486,8039,11012,11724,15325,16041,19057,19323,15815,16490,8905,10807,2900,5530,15,10,2680,2702,5140,5195,7027,7975,11365,12586,16732,17362,15142,15822,8610,10465,2809,5351,132229,101294,15997,13601,27883,25777,6303,10,13
2021-07-07T23:59:59+02:00,489,389,6110,5943,8462,8024,10998,11708,15314,16031,19056,19318,15813,16485,8904,10805,2900,5528,15,10,2632,2649,5049,5133,6889,7880,11131,12403,16568,17228,15134,15814,8605,10459,2809,5351,132122,100269,15987,13473,27881,25727,6277,10,13
2021-07-06T23:59:59+02:00,462,369,6009,5851,8389,7958,10925,11639,15280,15991,19033,19302,15805,16474,8901,10803,2897,5526,12,9,2563,2580,4915,5019,6707,7746,10741,11992,16195,16850,15108,15781,8597,10452,2808,5347,131504,98107,15979,13391,27875,25665,6246,10,13
2021-07-05T23:59:59+02:00,421,335,5831,5681,8273,7868,10812,11525,15221,15921,19001,19271,15799,16466,8897,10798,2894,5525,8,7,2512,2502,4819,4921,6574,7609,10389,11674,15921,16546,15078,15750,8589,10437,2808,5342,130462,96314,15976,13327,27872,25613,6219,10,13
2021-07-04T23:59:59+02:00,400,305,5756,5602,8216,7811,10744,11467,15191,15890,18987,19253,15792,16462,8895,10796,2894,5523,7,7,2492,2472,4757,4874,6513,7557,10252,11563,15820,16473,15073,15743,8587,10436,2807,5342,129954,95746,15969,13257,27867,25575,6184,10,13
2021-07-03T23:59:59+02:00,394,303,5735,5590,8205,7802,10731,11462,15184,15883,18984,19250,15792,16462,8895,10796,2894,5523,6,7,2457,2442,4661,4845,6405,7531,10195,11517,15715,16387,14392,15035,8568,10411,2807,5342,129876,95631,15966,13255,27867,23658,6166,10,13
2021-07-02T23:59:59+02:00,348,264,5547,5442,8131,7732,10633,11365,15119,15826,18965,19243,15788,16458,8890,10794,2892,5520,6,7,2411,2394,4503,4767,6221,7457,10041,11359,15524,16184,13598,14115,8560,10396,2807,5341,128965,95068,15963,13210,27866,21247,6153,10,13
2021-07-01T23:59:59+02:00,286,209,5330,5258,8001,7620,10492,11238,14988,15730,18921,19218,15781,16450,8885,10788,2892,5519,5,6,2292,2275,4326,4593,5983,7201,9260,10674,14897,15710,13571,14085,8555,10391,2803,5339,127667,91564,15950,13113,27865,21162,6114,10,13
2021-06-30T23:59:59+02:00,156,119,4847,4786,7663,7342,10137,10900,14762,15553,18863,19174,15770,16439,8881,10780,2892,5516,5,6,2254,2227,4241,4522,5869,7104,9089,10549,14807,15632,13557,14076,8552,10388,2803,5337,124682,90961,15945,12940,27865,21026,6078,10,13
2021-06-29T23:59:59+02:00,118,97,4565,4505,7414,7122,9846,10598,14566,15363,18799,19114,15718,16389,8861,10765,2891,5511,4,5,2187,2146,4098,4385,5661,6923,8862,10320,14512,15406,13510,14028,8539,10363,2801,5324,122612,89503,15940,12787,27863,20954,5817,10,13
2021-06-28T23:59:59+02:00,102,78,4428,4365,7308,7011,9724,10473,14473,15255,18754,19072,15702,16373,8847,10754,2888,5509,2,4,2100,2019,3916,4180,5380,6581,8477,9807,13980,14868,13391,13939,8520,10339,2798,5310,121599,86289,15929,12708,27861,20886,5717,10,11
2021-06-27T23:59:59+02:00,97,76,4375,4319,7251,6957,9663,10418,14440,15221,18734,19055,15685,16361,8840,10747,2887,5504,2,3,2047,1984,3853,4135,5265,6466,8309,9678,13804,14753,13365,13920,8511,10330,2795,5308,121234,85492,15925,12673,27859,20750,5602,10,11
2021-06-26T23:59:59+02:00,84,74,4330,4289,7221,6930,9645,10397,14420,15205,18721,19042,15681,16355,8840,10747,2887,5504,2,3,1971,1893,3665,3976,5051,6206,7944,9220,13453,14458,13285,13861,8491,10302,2790,5299,120992,82851,15919,12673,27859,20743,5592,10,11
2021-06-25T23:59:59+02:00,71,61,4018,3968,6960,6694,9350,10103,14195,15016,18637,18985,15635,16310,8821,10728,2885,5498,2,3,1906,1809,3500,3854,4855,5969,7616,8805,13141,14121,13234,13804,8478,10277,2784,5293,118596,80487,15892,12641,27859,20736,5578,10,9
2021-06-24T23:59:59+02:00,64,53,3924,3878,6858,6608,9250,10012,14096,14929,18609,18952,15620,16293,8815,10721,2885,5496,2,3,1836,1736,3383,3755,4655,5825,7396,8605,12892,13919,12398,12872,8297,10014,2784,5292,117861,79260,15883,12535,27855,18406,5454,10,9
2021-06-23T23:59:59+02:00,50,48,3522,3509,6404,6261,8720,9505,13762,14628,18473,18817,15516,16201,8772,10685,2882,5482,2,3,1698,1566,3128,3551,4235,5490,6447,7895,12149,13219,12373,12859,8287,10007,2784,5288,114938,78617,15636,9205,27854,18351,4799,10,9
2021-06-22T23:59:59+02:00,41,40,3448,3435,6326,6201,8616,9427,13711,14581,18439,18799,15505,16195,8771,10680,2882,5479,2,3,1657,1513,3025,3448,4090,5341,6193,7711,11536,12506,12283,12764,8269,9974,2780,5280,114305,76273,15631,9123,27852,18192,4778,10,9
2021-06-21T23:59:59+02:00,35,37,3377,3375,6236,6138,8554,9355,13650,14535,18406,18777,15503,16194,8770,10679,2882,5478,1,3,1622,1462,2933,3350,3963,5188,5997,7484,10777,11591,11894,12307,7191,8738,2774,5273,113778,73619,15623,9019,27850,15181,4720,10,9
2021-06-20T23:59:59+02:00,35,36,3352,3352,6188,6107,8508,9323,13623,14517,18395,18773,15502,16194,8770,10679,2882,5478,0,3,1604,1445,2894,3322,3912,5150,5945,7458,10688,11515,11874,12288,7188,8730,2773,5273,113598,73298,15605,8939,27850,15165,4651,10,9
2021-06-19T23:59:59+02:00,33,34,3324,3328,6157,6083,8476,9304,13598,14511,18388,18768,15501,16193,8770,10679,2882,5478,0,3,1600,1432,2889,3313,3904,5144,5929,7453,10677,11507,11874,12288,7188,8729,2773,5273,113397,73215,15599,8939,27850,15162,4651,10,9
2021-06-18T23:59:59+02:00,29,29,3281,3285,6083,6043,8407,9249,13552,14479,18364,18757,15500,16191,8769,10678,2882,5478,0,3,1525,1339,2752,3137,3719,4866,5532,7079,9181,9936,11708,12118,7146,8679,2761,5255,113011,68026,15571,8938,27850,15149,4614,10,9
2021-06-17T23:59:59+02:00,26,25,3217,3233,6013,6003,8332,9194,13480,14433,18340,18746,15498,16185,8767,10675,2882,5475,0,3,1399,1245,2564,2925,3458,4574,5167,6682,8507,9203,11422,11875,7105,8621,2757,5252,112629,64311,15541,8822,27845,15118,4499,10,9
2021-06-16T23:59:59+02:00,26,22,3163,3171,5900,5936,8211,9099,13351,14348,18274,18708,15492,16176,8767,10673,2882,5475,0,3,1300,1189,2425,2821,3274,4413,4881,6406,7423,7912,11331,11767,7074,8583,2744,5234,111982,60539,15468,8776,27841,15083,4373,10,9
2021-06-15T23:59:59+02:00,21,21,3068,3083,5782,5847,8025,8921,13088,14129,18123,18580,15477,16164,8759,10666,2882,5473,0,3,1264,1156,2351,2765,3169,4337,4678,6281,7110,7660,10835,11209,7040,8549,2736,5221,110556,58292,15440,8744,27831,15048,4272,10,8
2021-06-14T23:59:59+02:00,20,19,2994,3012,5703,5788,7882,8801,12798,13894,17934,18403,15460,16150,8752,10661,2881,5472,0,3,1236,1127,2286,2708,3044,4242,4477,6141,6767,7354,10307,10595,7009,8511,2732,5211,109162,55914,15431,8637,27827,14998,4194,10,7
2021-06-13T23:59:59+02:00,20,19,2976,2981,5638,5749,7817,8735,12659,13760,17828,18281,15454,16141,8751,10658,2880,5472,0,3,1225,1113,2257,2691,3006,4231,4431,6121,6733,7337,10302,10588,7009,8510,2732,5211,108423,55767,15420,8628,27823,14955,4143,10,7
2021-06-12T23:59:59+02:00,18,19,2948,2963,5608,5722,7786,8715,12639,13741,17819,18278,15453,16139,8751,10658,2880,5472,0,3,1170,1051,2170,2615,2913,4092,4289,5988,6624,7252,10219,10510,6415,7784,2732,5211,108219,55652,15417,8626,27823,12613,4140,10,7
2021-06-11T23:59:59+02:00,18,16,2871,2889,5538,5656,7604,8529,12230,13434,17537,18072,15437,16114,8745,10650,2877,5470,0,3,1146,1034,2114,2574,2847,4043,4203,5926,6511,7161,10116,10400,6400,7777,2730,5205,107200,55125,14526,8357,27822,12572,4129,10,7
2021-06-10T23:59:59+02:00,14,14,2816,2847,5438,5603,7471,8448,12045,13295,17399,17955,15432,16110,8745,10649,2876,5469,0,3,1105,1009,2038,2507,2746,3964,4034,5795,6267,6947,9864,10128,6380,7749,2724,5199,106280,53553,14452,8352,27818,12481,4066,10,7
2021-06-09T23:59:59+02:00,13,13,2738,2779,5316,5507,7247,8276,11765,13051,17212,17805,15421,16096,8741,10640,2876,5466,0,3,1048,943,1906,2390,2541,3781,3707,5510,5644,6431,9037,9221,6323,7673,2711,5164,105067,49530,14298,8334,27809,12384,3778,10,7
2021-06-08T23:59:59+02:00,10,9,2641,2675,5182,5380,7049,8090,11335,12623,16835,17416,15402,16069,8730,10633,2875,5461,0,3,1010,913,1836,2324,2434,3706,3568,5443,5491,6298,9003,9202,6321,7661,2709,5160,102859,49012,14271,8283,27807,12312,3468,10,7
2021-06-07T23:59:59+02:00,8,8,2514,2576,4989,5249,6842,7924,10856,12264,16492,17121,15377,16041,8724,10616,2874,5457,0,3,941,877,1704,2267,2292,3619,3313,5353,5136,6014,8452,8576,6268,7601,2705,5150,100923,46791,14229,8267,27798,12234,2972,10,7
2021-06-06T23:59:59+02:00,8,6,2476,2552,4927,5192,6756,7866,10717,12153,16401,17055,15374,16038,8724,10616,2872,5456,0,3,925,867,1675,2243,2246,3591,3245,5328,5087,5990,8446,8574,6263,7593,2705,5149,100329,46627,14177,8256,27792,12159,2881,10,7
2021-06-05T23:59:59+02:00,7,5,2462,2530,4897,5166,6719,7836,10688,12126,16392,17048,15374,16038,8724,10616,2872,5456,0,3,909,852,1642,2213,2206,3535,3138,5244,4732,5657,7849,7867,6235,7539,2704,5147,100100,44225,14177,8250,27792,12113,2877,10,7
2021-06-04T23:59:59+02:00,6,4,2431,2501,4852,5122,6671,7783,10599,12021,16340,16985,15370,16031,8724,10615,2871,5455,0,3,897,834,1619,2192,2162,3498,3086,5185,4566,5465,7547,7498,6199,7497,2702,5141,99571,42930,14169,8247,27792,12068,2839,10,7
2021-06-03T23:59:59+02:00,6,4,2327,2374,4703,4949,6463,7535,9895,11387,15750,16532,15358,16021,8721,10609,2870,5454,0,3,880,804,1579,2132,2113,3417,2995,5074,4418,5298,7385,7307,6187,7470,2702,5137,96230,41872,14130,8236,27787,11985,2801,10,7
2021-06-02T23:59:59+02:00,6,4,2310,2350,4658,4918,6407,7498,9795,11299,15690,16479,15350,16017,8720,10605,2870,5453,0,2,869,792,1560,2111,2059,3378,2909,4987,4058,4909,6828,6666,6143,7413,2698,5126,95708,39533,14128,8231,27787,11941,2796,10,7
2021-06-01T23:59:59+02:00,5,3,2247,2310,4537,4825,6240,7378,9606,11151,15580,16401,15347,16013,8716,10601,2869,5448,0,1,835,765,1493,2061,1943,3314,2756,4894,3854,4778,6618,6434,6120,7394,2692,5117,94827,38440,14077,8209,27775,11825,2588,10,7
2021-05-31T23:59:59+02:00,1,3,2198,2251,4438,4731,6094,7253,9420,11001,15494,16345,15339,16006,8713,10601,2869,5448,0,1,811,732,1435,2002,1870,3265,2579,4837,3723,4724,6259,6019,6097,7373,2689,5109,94100,37254,13990,8202,27765,11722,2340,10,7
2021-05-30T23:59:59+02:00,1,3,2173,2228,4384,4672,5999,7192,9345,10937,15457,16324,15338,16003,8713,10601,2869,5448,0,1,799,721,1412,1977,1821,3237,2446,4800,3617,4706,6257,6017,6096,7373,2689,5109,93647,36934,13950,8179,27755,11633,2325,10,7
2021-05-29T23:59:59+02:00,1,3,2156,2210,4364,4660,5982,7176,9333,10924,15452,16320,15337,16003,8713,10601,2869,5448,0,1,780,670,1319,1718,1686,2875,2246,4252,3338,4275,6167,5923,5985,7241,2688,5109,93516,36879,13946,8174,27755,8888,2325,10,7
2021-05-28T23:59:59+02:00,1,3,2136,2187,4325,4614,5937,7130,9254,10854,15384,16267,15333,16001,8713,10601,2869,5447,0,1,763,580,1241,1464,1587,2474,2068,3563,3073,3680,5531,5184,5903,7150,2684,5096,93036,35581,13933,8174,27753,5956,2324,10,7
2021-05-27T23:59:59+02:00,1,3,2094,2149,4240,4544,5815,7055,9098,10754,15286,16182,15332,16000,8713,10601,2869,5447,0,1,733,545,1210,1380,1546,2337,1997,3422,2960,3559,5094,4703,5870,7110,2673,5067,92348,34453,13785,8164,27730,5274,2310,10,6
2021-05-26T23:59:59+02:00,1,3,2026,2030,4044,4397,5472,6789,8127,10009,14525,15480,15320,15993,8709,10595,2867,5444,0,1,722,530,1184,1318,1500,2278,1939,3308,2807,3416,3787,3317,5811,7035,2650,5008,91568,31171,10257,8146,27713,5006,2283,10,5
2021-05-25T23:59:59+02:00,1,3,1990,1991,3965,4332,5379,6724,7992,9901,14147,15044,15272,15956,8702,10580,2865,5440,0,1,718,523,1157,1284,1482,2252,1919,3279,2781,3390,3781,3306,5804,7032,2648,5007,90222,31082,10108,8135,27697,4896,2247,10,4
2021-05-24T23:59:59+02:00,1,3,1964,1947,3878,4256,5273,6640,7866,9777,13636,14428,15221,15889,8695,10567,2864,5435,0,1,712,515,1137,1272,1450,2237,1897,3259,2753,3367,3764,3288,5782,7008,2639,4991,88432,30944,10027,8084,27685,4855,2186,10,3
2021-05-23T23:59:59+02:00,1,3,1955,1935,3859,4235,5255,6626,7813,9746,13560,14365,15210,15885,8693,10566,2863,5435,0,1,705,505,1126,1259,1424,2213,1842,3223,2643,3270,3351,2856,5136,6198,2624,4946,88198,30771,9926,5528,27685,4834,2186,10,3
2021-05-22T23:59:59+02:00,1,3,1788,1892,3559,4186,4857,6582,7558,9687,13437,14287,15204,15884,8693,10565,2863,5435,0,1,543,473,835,1218,1051,2176,1604,3169,2531,3196,3348,2854,5136,6197,2624,4946,88045,30757,9925,5526,27683,4798,818,10,3
2021-05-21T23:59:59+02:00,1,3,1704,1787,3403,3992,4662,6285,7160,9321,12147,12956,15054,15736,8657,10518,2854,5424,0,1,538,461,825,1215,1048,2168,1569,3138,2453,3118,3172,2717,5109,6154,2621,4931,83279,30116,9883,5525,27677,4777,817,8,3
2021-05-20T23:59:59+02:00,1,3,1666,1752,3307,3938,4554,6197,6983,9238,11937,12726,15033,15718,8653,10511,2853,5423,0,1,517,446,784,1167,991,2103,1445,3066,2326,3020,2980,2546,5068,6077,2613,4916,82424,29361,9781,5510,27623,4534,658,7,3
2021-05-19T23:59:59+02:00,1,3,1644,1726,3248,3884,4459,6123,6868,9172,11704,12463,15022,15707,8650,10510,2853,5422,0,1,508,435,768,1129,975,2034,1333,2920,1998,2726,2416,2051,4962,5959,2591,4869,81594,27291,9642,5495,27597,4267,619,7,3
2021-05-18T23:59:59+02:00,1,3,1585,1694,3159,3794,4346,6020,6708,9014,11413,12206,14977,15660,8638,10487,2851,5412,0,1,505,423,753,1114,957,2016,1250,2857,1717,2502,1969,1707,4889,5875,2569,4825,80495,25741,9439,5485,27530,4203,497,7,3
2021-05-17T23:59:59+02:00,1,3,1536,1613,3029,3637,4142,5740,6359,8550,10862,11655,14868,15567,8619,10462,2847,5401,0,1,503,414,747,1107,936,2011,1226,2831,1690,2466,1953,1687,4882,5868,2566,4822,77589,25673,9402,5471,27506,4176,387,7,3
2021-05-16T23:59:59+02:00,1,3,1517,1591,2975,3595,4047,5653,6210,8414,10685,11520,14842,15545,8611,10454,2846,5399,0,1,496,407,725,1092,905,1995,1198,2803,1656,2441,1946,1678,4879,5864,2564,4820,76840,25641,9342,5452,27476,4131,243,7,3
2021-05-15T23:59:59+02:00,1,3,1431,1495,2767,3428,3819,5375,5850,7941,10332,11225,14757,15483,8592,10425,2840,5390,0,1,496,405,720,1089,905,1991,1193,2801,1650,2436,1934,1666,4872,5858,2564,4818,74094,25577,9342,5451,27469,4126,242,7,3
2021-05-14T23:59:59+02:00,1,3,1397,1433,2655,3330,3666,5218,5650,7652,10108,10970,14722,15444,8579,10402,2837,5386,0,1,448,367,649,922,829,1704,1065,2389,1467,2110,1900,1625,4869,5850,2564,4814,72440,25512,9323,5449,27446,2372,237,7,3
2021-05-13T23:59:59+02:00,1,3,1339,1366,2551,3246,3496,5080,5430,7446,9881,10788,14696,15415,8569,10399,2835,5383,0,1,441,354,622,894,727,1597,965,2303,1204,1894,1182,1044,4647,5614,2556,4782,71271,25390,9008,2904,27416,2308,222,7,3
2021-05-12T23:59:59+02:00,1,3,1331,1356,2535,3240,3478,5066,5409,7433,9865,10778,14692,15409,8567,10397,2834,5383,0,1,441,353,621,893,723,1596,960,2303,1200,1888,1163,1035,4635,5576,2522,4713,71153,25190,8984,2904,27412,2305,221,7,3
2021-05-11T23:59:59+02:00,1,2,1291,1313,2461,3159,3364,4940,5212,7288,9576,10468,14644,15350,8555,10377,2830,5374,0,1,436,341,603,879,701,1578,932,2280,1174,1860,1108,1000,4570,5478,2478,4588,69812,24694,8860,2886,27325,2223,201,7,3
2021-05-10T23:59:59+02:00,1,2,1268,1285,2396,3081,3236,4812,5080,7131,9253,10088,14598,15311,8546,10358,2825,5372,0,1,435,339,590,869,689,1563,920,2265,1156,1846,1072,965,4508,5400,2437,4469,68453,24275,8737,2882,27253,2171,193,7,3
2021-05-09T23:59:59+02:00,1,2,1253,1268,2351,3064,3156,4775,5016,7098,9186,10043,14585,15295,8544,10352,2825,5370,0,1,427,337,576,864,666,1542,898,2245,1144,1832,1053,949,4495,5362,2421,4426,68206,24111,8660,2880,27204,2137,107,7,3
2021-05-08T23:59:59+02:00,1,2,1251,1264,2337,3052,3139,4762,4977,7083,9161,10035,14584,15295,8544,10351,2825,5370,0,1,427,337,575,864,665,1542,898,2244,1143,1831,1053,949,4494,5362,2421,4426,68064,24109,8653,2877,27202,2136,107,7,3
2021-05-07T23:59:59+02:00,1,2,1231,1243,2296,3011,3084,4712,4877,6990,8935,9788,14567,15272,8538,10345,2822,5366,0,1,378,311,543,795,627,1378,828,2036,1053,1642,1023,920,4473,5339,2419,4421,67147,24002,8645,2872,27176,1205,105,7,3
2021-05-06T23:59:59+02:00,1,2,1085,1151,2069,2768,2781,4405,4504,6588,8345,9182,14289,15035,8498,10289,2819,5365,0,1,377,307,530,775,610,1346,809,2001,1021,1614,995,886,4463,5325,2417,4417,63520,23869,8513,2821,27037,1102,99,7,3
2021-05-05T23:59:59+02:00,1,1,1020,1098,1957,2658,2622,4232,4208,6309,7325,7995,14203,14936,8463,10248,2806,5345,0,1,373,304,522,765,595,1336,776,1987,995,1594,922,823,4422,5252,2409,4401,59989,23547,8467,2799,26913,1077,51,7,3
2021-05-04T23:59:59+02:00,1,1,997,1078,1906,2619,2520,4164,3988,6194,7043,7776,13697,14370,8432,10215,2801,5336,0,1,369,303,517,761,583,1331,759,1968,979,1587,903,799,4399,5236,2406,4392,57927,23409,8408,2783,26753,1055,43,7,3
2021-05-03T23:59:59+02:00,1,1,965,1043,1843,2566,2413,4052,3787,6077,6684,7474,13162,13744,8395,10177,2794,5321,0,1,364,302,515,754,573,1324,750,1956,965,1574,877,775,4381,5218,2400,4379,55497,23295,8380,2773,26612,1034,3,7,3
2021-05-02T23:59:59+02:00,1,1,960,1042,1824,2558,2383,4042,3743,6067,6647,7465,13161,13743,8395,10176,2794,5321,0,1,364,302,512,754,572,1322,745,1956,964,1570,875,771,4379,5213,2399,4379,55356,23274,8373,2771,26584,1027,3,7,3
2021-05-01T23:59:59+02:00,1,1,960,1040,1816,2554,2371,4033,3728,6059,6633,7455,13160,13740,8395,10176,2794,5321,0,1,364,302,512,754,572,1321,744,1955,962,1570,875,771,4379,5213,2399,4379,55274,23273,8371,2767,26582,1027,3,7,3
2021-04-30T23:59:59+02:00,0,1,944,1035,1796,2538,2349,3998,3691,6026,6551,7400,13064,13637,8394,10171,2791,5309,0,1,317,248,471,677,543,1142,713,1732,928,1366,864,753,4375,5210,2399,4379,54771,23259,8370,2761,26544,92,3,7,3
2021-04-29T23:59:59+02:00,0,1,891,1011,1740,2488,2285,3939,3541,5899,6313,7176,12803,13362,8372,10142,2787,5302,0,1,310,246,461,670,540,1134,706,1721,918,1358,856,737,4366,5202,2399,4377,53168,23170,8355,2755,26519,71,3,7,3
2021-04-28T23:59:59+02:00,0,1,830,979,1660,2425,2142,3827,3257,5644,5708,6666,11964,12441,8313,10052,2763,5265,0,1,309,243,459,663,532,1121,695,1700,907,1351,839,720,4347,5175,2397,4377,49101,23044,8348,2735,26478,51,3,7,3
2021-04-27T23:59:59+02:00,0,1,821,974,1641,2403,2097,3808,3187,5618,5580,6539,11934,12424,8311,10050,2763,5263,0,1,308,241,453,661,524,1114,686,1688,898,1345,828,707,4343,5168,2396,4370,48617,22963,8343,2719,26445,43,3,6,3
2021-04-26T23:59:59+02:00,0,1,811,963,1615,2385,2036,3769,3009,5539,5248,6254,11366,11778,8256,9985,2758,5253,0,1,306,240,452,660,519,1108,675,1682,889,1334,817,697,4338,5162,2396,4366,46283,22911,8334,2688,26402,38,3,4,2
2021-04-25T23:59:59+02:00,0,1,801,960,1598,2378,1998,3752,2883,5515,5152,6249,11361,11774,8252,9979,2757,5252,0,1,305,239,452,660,519,1101,675,1680,885,1332,817,696,4338,5162,2396,4366,45949,22904,8328,2684,26378,31,3,4,2
2021-04-24T23:59:59+02:00,0,1,786,950,1576,2358,1958,3706,2786,5444,4808,5922,10748,11048,8221,9920,2756,5250,0,1,305,239,452,660,519,1100,674,1678,884,1332,812,692,4328,5146,2394,4365,43533,22867,8326,2679,26372,30,3,4,2
2021-04-23T23:59:59+02:00,0,1,781,942,1563,2348,1927,3678,2747,5391,4646,5734,10439,10665,8181,9878,2753,5241,0,1,305,238,452,660,519,1099,673,1678,882,1332,812,691,4326,5143,2394,4365,42228,22857,8325,2678,26355,30,3,4,2
2021-04-22T23:59:59+02:00,0,1,764,928,1536,2304,1878,3609,2659,5298,4490,5578,10294,10470,8167,9847,2751,5233,0,1,305,237,450,649,517,1093,667,1670,876,1323,806,687,4323,5141,2394,4363,41221,22821,8295,2654,26284,22,3,4,2
2021-04-21T23:59:59+02:00,0,1,753,916,1511,2291,1826,3564,2554,5210,4107,5158,9696,9783,8117,9783,2747,5222,0,1,303,237,448,648,517,1092,663,1667,871,1318,793,675,4313,5126,2394,4359,38699,22770,8279,2630,26254,20,3,4,2
2021-04-20T23:59:59+02:00,0,1,746,904,1490,2264,1795,3532,2504,5153,3969,5062,9499,9563,8099,9773,2743,5219,0,1,303,236,448,647,516,1090,662,1663,868,1312,787,670,4309,5121,2394,4359,37861,22738,8266,2624,26182,20,3,4,1
2021-04-19T23:59:59+02:00,0,1,739,895,1481,2255,1778,3514,2473,5126,3903,5002,9128,9145,8074,9748,2740,5213,0,1,303,234,447,642,514,1087,659,1660,864,1308,782,664,4300,5119,2394,4357,36829,22698,8254,2613,26125,20,3,4,1
2021-04-18T23:59:59+02:00,0,1,735,892,1476,2249,1759,3507,2454,5114,3895,5000,9118,9134,8074,9747,2740,5213,0,1,302,234,447,639,513,1083,657,1657,861,1308,781,662,4300,5117,2394,4357,36770,22690,8234,2599,26097,20,3,4,1
2021-04-17T23:59:59+02:00,0,1,716,886,1388,2238,1659,3495,2417,5083,3814,4921,8399,8411,8058,9734,2740,5213,0,1,302,234,445,637,512,1082,656,1657,860,1305,781,662,4299,5117,2394,4357,36760,22678,8233,2599,24173,20,3,4,1
2021-04-16T23:59:59+02:00,0,1,701,868,1259,2215,1507,3470,2331,5017,3652,4757,7058,6861,8023,9685,2727,5181,0,1,302,233,440,630,507,1078,646,1655,856,1296,771,656,4294,5103,2391,4355,35384,22604,8223,2594,21699,12,3,4,1
2021-04-15T23:59:59+02:00,0,1,680,857,1248,2202,1486,3451,2273,4980,3579,4703,6618,6361,7982,9619,2703,5106,0,1,295,227,425,618,490,1064,612,1628,820,1267,680,595,3796,4588,2367,4319,34052,22542,8167,1238,21623,8,3,4,1
2021-04-14T23:59:59+02:00,0,1,675,853,1229,2187,1453,3432,2228,4943,3446,4608,5278,4957,7931,9553,2681,5069,0,1,287,222,422,612,483,1061,604,1619,815,1263,665,579,3783,4578,2363,4313,30817,22450,8154,1209,21546,7,3,4,1
2021-04-13T23:59:59+02:00,0,1,671,853,1220,2182,1437,3430,2220,4932,3426,4592,5258,4940,7925,9550,2680,5067,0,1,287,221,420,609,480,1057,602,1615,804,1260,647,573,3781,4575,2363,4313,30734,22426,8132,1171,21511,7,3,4,1
2021-04-12T23:59:59+02:00,0,1,666,846,1207,2172,1420,3419,2186,4917,3394,4569,5233,4924,7912,9537,2677,5034,0,1,286,220,418,609,478,1051,600,1611,796,1252,642,570,3775,4573,2362,4313,30600,22398,8087,1148,21420,7,3,4,1
2021-04-11T23:59:59+02:00,0,1,658,842,1190,2160,1400,3404,2118,4892,3275,4485,4816,4485,7241,8715,2670,5029,0,1,286,220,416,609,476,1049,594,1608,792,1249,638,567,3771,4568,2362,4313,30569,22391,5478,1117,21327,7,3,4,1
2021-04-10T23:59:59+02:00,0,1,658,840,1189,2159,1398,3399,2116,4889,3271,4477,4772,4438,7237,8709,2670,5028,0,1,280,217,414,598,463,1033,567,1591,759,1223,566,497,3202,3950,2313,4218,30445,20766,5475,1117,21326,7,1,4,1
2021-04-09T23:59:59+02:00,0,1,654,839,1181,2154,1392,3394,2083,4865,3192,4396,4573,4272,7202,8660,2666,5012,0,1,270,210,404,584,444,1017,540,1572,738,1200,486,436,2544,3128,2263,4122,29749,18834,5471,1116,21311,7,1,4,1
2021-04-08T23:59:59+02:00,0,1,644,829,1164,2142,1375,3362,2022,4811,3043,4286,3518,3117,6963,8296,2655,4997,0,1,257,202,387,566,420,1003,518,1541,705,1178,463,409,2533,3119,2259,4119,28944,18604,5421,1067,18855,7,1,4,1
2021-04-07T23:59:59+02:00,0,1,637,823,1151,2133,1356,3349,1912,4731,2721,4036,2907,2585,6851,8172,2630,4944,0,1,243,195,360,543,382,969,475,1507,668,1150,435,384,2472,3053,2254,4110,26760,18147,5400,1047,18774,6,1,4,0
2021-04-06T23:59:59+02:00,0,1,627,814,1111,2126,1332,3330,1794,4681,2441,3871,2455,2235,6772,8080,2607,4906,0,1,219,182,325,516,356,950,438,1484,632,1116,400,342,2417,2978,2248,4098,25155,17667,5381,1028,18642,6,1,4,0
2021-04-05T23:59:59+02:00,0,1,624,812,1100,2121,1326,3327,1784,4671,2426,3853,2162,1891,5663,6775,2605,4905,0,1,219,182,324,512,350,944,434,1482,628,1112,397,339,2415,2972,2248,4096,25121,17657,5369,991,15552,6,1,3,0
2021-04-04T23:59:59+02:00,0,1,623,811,1100,2121,1326,3326,1784,4671,2423,3851,2160,1888,5663,6771,2605,4905,0,1,219,182,323,512,350,944,433,1482,628,1112,397,339,2414,2972,2248,4096,25111,17654,5369,991,15545,6,1,3,0
2021-04-03T23:59:59+02:00,0,1,623,811,1100,2120,1325,3326,1783,4669,2419,3851,2159,1884,5662,6771,2605,4905,0,1,219,182,323,512,350,944,433,1482,627,1112,397,339,2414,2972,2248,4096,25105,17653,5365,991,15540,6,1,3,0
2021-04-02T23:59:59+02:00,0,1,623,810,1100,2118,1320,3325,1780,4663,2417,3848,2151,1875,5651,6755,2602,4893,0,1,219,182,323,510,350,943,432,1481,626,1101,395,339,2414,2971,2248,4096,25035,17633,5359,991,15534,6,1,3,0
2021-04-01T23:59:59+02:00,0,1,619,799,1078,2099,1222,3230,1689,4594,2158,3640,1423,1290,5443,6541,2592,4863,0,1,215,181,323,509,349,942,431,1478,626,1100,392,337,2414,2971,2248,4092,24925,17620,2857,982,15495,6,1,3,0
2021-03-31T23:59:59+02:00,0,1,617,797,1074,2095,1217,3222,1678,4589,2139,3627,1394,1257,5415,6486,2551,4763,0,1,214,181,322,508,348,942,431,1477,625,1098,389,334,2410,2970,2246,4090,24598,17605,2841,974,15479,6,1,3,0
2021-03-30T23:59:59+02:00,0,1,614,790,1069,2091,1211,3217,1668,4575,2132,3612,1347,1212,5327,6353,2504,4610,0,1,214,180,322,507,345,938,426,1474,618,1087,374,323,2306,2817,2122,3864,24061,16980,2818,931,15451,6,1,2,0
2021-03-29T23:59:59+02:00,0,1,612,788,1066,2082,1202,3210,1661,4562,2118,3599,1309,1178,5262,6256,2450,4477,0,1,214,179,320,505,343,936,424,1469,612,1082,367,318,2079,2549,1893,3483,23609,15839,2790,928,15431,6,1,2,0
2021-03-28T23:59:59+02:00,0,1,612,785,1064,2076,1199,3203,1656,4551,2112,3594,1293,1169,5251,6233,2438,4444,0,1,212,179,319,502,334,932,421,1462,609,1070,360,306,2074,2535,1892,3480,23498,15811,2772,873,15408,3,1,2,0
2021-03-27T23:59:59+01:00,0,1,560,724,985,2008,1118,3083,1537,4426,2010,3511,1223,1099,4647,5501,2438,4444,0,1,210,178,319,501,334,932,417,1460,608,1067,359,306,2073,2534,1892,3480,23481,15795,2767,873,13065,2,1,1,0
2021-03-26T23:59:59+01:00,0,1,557,719,977,1999,1116,3077,1527,4419,1993,3503,1179,1068,4617,5467,2437,4440,0,1,209,175,319,499,331,931,415,1459,603,1060,351,301,1663,1995,1466,2751,23286,13659,2757,867,13051,2,1,1,0
2021-03-25T23:59:59+01:00,0,1,554,713,965,1991,1113,3068,1520,4407,1977,3493,1168,1057,4609,5461,2437,4438,0,1,208,172,317,498,329,926,411,1453,599,1051,347,297,1566,1872,1429,2675,23237,13304,2749,844,12984,2,1,1,0
2021-03-24T23:59:59+01:00,0,1,552,707,957,1981,1100,3052,1491,4386,1962,3484,1131,1027,4582,5426,2432,4433,0,1,207,172,316,497,325,922,407,1445,589,1033,335,287,1236,1489,1273,2405,23093,12152,2723,784,12886,2,1,1,0
2021-03-23T23:59:59+01:00,0,1,550,701,951,1966,1095,3040,1483,4372,1952,3476,1118,1014,4562,5412,2432,4429,0,1,206,172,314,493,316,919,406,1445,583,1029,327,280,997,1221,1157,2224,23013,11325,2714,762,12825,2,1,1,0
2021-03-22T23:59:59+01:00,0,1,549,692,946,1952,1089,3031,1474,4356,1938,3466,1115,1010,4557,5410,2432,4428,0,1,205,172,313,491,315,917,403,1442,580,1025,323,276,996,1217,1157,2220,22988,11308,2698,742,12758,2,1,1,0
2021-03-21T23:59:59+01:00,0,1,546,689,944,1943,1086,3027,1466,4343,1926,3459,1111,1009,4557,5408,2431,4428,0,1,204,172,313,490,313,913,403,1437,574,1023,313,271,992,1211,1156,2220,22983,11304,2685,699,12704,2,1,1,0
2021-03-20T23:59:59+01:00,0,1,541,682,940,1926,1069,3010,1437,4325,1891,3429,1039,939,3972,4769,2380,4328,0,1,204,172,313,490,313,913,403,1437,574,1023,313,271,992,1211,1155,2219,21312,11302,2684,699,12680,2,1,1,0
2021-03-19T23:59:59+01:00,0,1,532,672,922,1899,1041,2990,1401,4299,1865,3398,952,875,3292,3930,2328,4229,0,1,201,172,311,490,312,910,401,1435,570,1017,310,270,979,1198,1124,2179,19316,11280,2672,597,12636,2,1,1,0
2021-03-18T23:59:59+01:00,0,1,519,659,905,1873,1018,2964,1360,4258,1820,3346,853,811,2777,3396,2304,4196,0,1,196,170,308,486,310,900,397,1428,568,1012,307,263,873,1100,1011,1985,19233,10893,1269,419,12556,2,1,1,0
2021-03-17T23:59:59+01:00,0,1,517,650,896,1854,1005,2943,1337,4236,1802,3330,823,786,2689,3303,2298,4190,0,1,194,169,306,484,307,899,390,1424,565,1008,304,258,630,824,703,1534,18922,9964,1230,35,12507,0,1,0,0
2021-03-16T23:59:59+01:00,0,1,515,641,887,1833,984,2926,1320,4224,1778,3313,793,775,2641,3222,2296,4183,0,1,194,169,304,484,305,896,387,1422,562,1004,297,254,383,581,513,1223,18711,8950,1190,29,12431,0,0,0,0
2021-03-15T23:59:59+01:00,0,1,515,631,882,1814,973,2904,1314,4217,1770,3303,787,771,2638,3220,2295,4183,0,1,193,169,303,483,304,896,387,1421,559,1004,297,254,383,580,512,1223,18696,8943,1165,26,12357,0,0,0,0
2021-03-14T23:59:59+01:00,0,1,513,625,874,1801,966,2896,1304,4202,1760,3289,782,766,2632,3217,2295,4183,0,1,193,169,302,483,303,894,385,1419,558,1004,296,254,383,580,512,1223,18690,8939,1134,20,12282,0,0,0,0
2021-03-13T23:59:59+01:00,0,1,492,574,781,1538,835,2513,1109,3638,1478,2861,702,678,2529,3091,2294,4182,0,1,193,169,302,483,303,894,385,1419,558,1004,296,254,383,580,512,1223,18686,8939,1134,20,9476,0,0,0,0
2021-03-12T23:59:59+01:00,0,1,478,491,717,1268,744,2116,937,2952,1231,2267,559,527,2485,3047,2294,4182,0,0,193,167,302,483,303,892,384,1419,558,1001,296,253,370,559,463,1157,18656,8780,1133,20,6507,0,0,0,0
2021-03-11T23:59:59+01:00,0,1,454,455,683,1197,697,2010,877,2805,1149,2155,502,467,2470,3035,2293,4180,0,0,193,167,301,481,302,891,384,1416,557,1001,296,252,357,542,414,1112,18457,8649,1084,17,5889,0,0,0,0
2021-03-10T23:59:59+01:00,0,1,440,445,649,1166,657,1976,834,2769,1116,2126,483,451,2456,3015,2292,4176,0,0,189,165,297,474,302,890,379,1410,551,994,292,246,232,443,180,842,18180,7875,1064,11,5808,0,0,0,0
2021-03-09T23:59:59+01:00,0,1,425,428,617,1136,633,1955,811,2741,1093,2101,461,430,2362,2873,2165,3945,0,0,189,165,295,472,301,889,378,1407,551,991,290,245,232,443,179,841,17412,7867,1046,1,5719,0,0,0,0
2021-03-08T23:59:59+01:00,0,1,413,408,594,1105,615,1932,795,2716,1071,2075,439,402,2131,2598,1935,3564,0,0,189,164,295,470,300,884,378,1401,551,989,289,243,232,442,179,841,16163,7846,1017,1,5614,0,0,0,0
2021-03-07T23:59:59+01:00,0,1,412,407,587,1087,601,1924,792,2703,1066,2065,438,401,2126,2590,1934,3561,0,0,189,164,294,469,300,883,378,1398,551,988,289,243,232,442,179,841,16135,7839,1007,1,5553,0,0,0,0
2021-03-06T23:59:59+01:00,0,1,412,404,583,1073,597,1922,785,2696,1062,2058,437,401,2126,2590,1934,3561,0,0,189,164,294,469,300,883,378,1398,551,987,288,243,232,442,179,841,16125,7837,1007,1,5510,0,0,0,0
2021-03-05T23:59:59+01:00,0,1,406,389,577,1060,591,1913,780,2686,1055,2049,423,393,1705,2032,1503,2810,0,0,187,159,290,469,298,881,376,1395,549,983,288,243,232,442,178,840,13906,7809,1007,1,5460,0,0,0,0
2021-03-04T23:59:59+01:00,0,1,395,364,549,1021,572,1856,749,2632,1034,1999,419,389,1612,1912,1463,2733,0,0,176,151,280,456,297,873,374,1381,547,979,287,243,232,442,178,840,13546,7735,1001,1,5153,0,0,0,0
2021-03-03T23:59:59+01:00,0,1,392,358,542,989,554,1822,725,2585,1016,1959,411,383,1285,1531,1304,2457,0,0,175,150,279,455,296,872,370,1374,544,972,285,241,231,441,176,835,12378,7695,992,1,4944,0,0,0,0
2021-03-02T23:59:59+01:00,0,1,388,353,534,954,540,1801,716,2560,1005,1940,400,373,1038,1264,1184,2273,0,0,175,148,278,445,292,866,370,1365,544,966,285,241,231,441,176,835,11546,7657,955,1,4823,0,0,0,0
2021-03-01T23:59:59+01:00,0,1,386,346,525,931,521,1770,707,2536,995,1923,396,366,1037,1257,1184,2268,0,0,175,146,278,436,289,856,367,1350,540,960,283,239,230,440,176,835,11524,7599,920,1,4705,0,0,0,0
2021-02-28T23:59:59+01:00,0,1,382,343,522,923,513,1759,703,2524,990,1908,391,361,1037,1254,1184,2268,0,0,173,144,278,435,289,855,367,1350,539,960,283,239,230,440,176,835,11517,7592,892,1,4654,0,0,0,0
2021-02-27T23:59:59+01:00,0,1,381,341,517,916,511,1753,700,2515,987,1906,390,360,1037,1254,1183,2268,0,0,173,144,278,435,289,855,367,1350,538,960,283,239,230,440,176,835,11516,7591,892,1,4612,0,0,0,0
2021-02-26T23:59:59+01:00,0,1,335,298,449,743,434,1445,573,2097,816,1563,362,330,1037,1251,1183,2268,0,0,173,142,278,431,287,847,365,1342,536,957,283,239,230,440,176,835,11506,7560,881,1,2798,0,0,0,0
2021-02-25T23:59:59+01:00,0,1,315,289,438,722,422,1409,558,2048,796,1532,354,322,951,1158,1109,2142,0,0,122,129,258,425,278,834,353,1326,531,950,283,237,230,440,176,835,11093,7407,850,0,2623,0,0,0,0
2021-02-24T23:59:59+01:00,0,1,310,283,433,706,416,1374,542,2000,774,1489,347,309,741,924,922,1833,0,0,122,123,256,420,275,823,351,1313,524,944,280,234,228,439,176,833,10145,7341,809,0,2450,0,0,0,0
2021-02-23T23:59:59+01:00,0,1,308,271,425,691,405,1348,534,1967,754,1470,332,299,488,674,731,1526,0,0,122,122,255,418,273,817,351,1307,523,936,279,233,227,439,174,832,9131,7308,764,0,2329,0,0,0,0
2021-02-22T23:59:59+01:00,0,1,308,270,424,684,404,1343,530,1956,749,1466,332,297,487,672,731,1525,0,0,122,117,250,408,272,800,347,1281,518,928,275,232,227,439,174,832,9126,7222,753,0,2300,0,0,0,0
2021-02-21T23:59:59+01:00,0,1,305,269,422,677,401,1334,527,1948,743,1462,321,292,483,667,729,1525,0,0,122,117,249,407,271,797,344,1278,511,924,274,231,226,438,173,821,9121,7183,711,0,2274,0,0,0,0
2021-02-20T23:59:59+01:00,0,1,305,266,422,675,401,1326,526,1939,741,1458,321,292,483,667,729,1525,0,0,122,117,249,407,271,797,344,1278,510,924,274,231,226,438,173,821,9121,7182,711,0,2245,0,0,0,0
2021-02-19T23:59:59+01:00,0,0,259,240,390,599,367,1156,468,1726,632,1248,312,276,457,631,647,1416,0,0,122,117,249,407,270,797,344,1278,510,924,274,231,226,438,173,821,8899,7181,604,0,1321,0,0,0,0
2021-02-18T23:59:59+01:00,0,0,258,235,382,589,356,1134,455,1708,622,1241,312,274,403,583,534,1284,0,0,119,114,245,401,263,790,341,1269,506,923,272,229,226,438,173,821,8710,7130,424,0,1236,0,0,0,0
2021-02-17T23:59:59+01:00,0,0,252,231,370,575,349,1125,432,1692,614,1229,307,267,242,447,188,866,0,0,111,101,242,395,258,774,335,1253,500,912,268,226,225,438,173,821,7972,7032,33,0,1181,0,0,0,0
2021-02-16T23:59:59+01:00,0,0,251,229,359,573,339,1116,424,1678,609,1222,304,264,241,446,188,866,0,0,83,88,222,369,247,744,318,1213,468,877,246,211,217,418,172,814,7963,6707,29,0,1117,0,0,0,0
2021-02-15T23:59:59+01:00,0,0,247,228,356,568,337,1110,422,1666,604,1216,304,264,241,445,187,866,0,0,82,86,218,358,240,732,308,1186,452,854,233,204,204,394,165,758,7950,6474,26,0,1085,0,0,0,0
2021-02-14T23:59:59+01:00,0,0,246,226,350,565,334,1101,418,1660,601,1213,304,264,241,445,187,866,0,0,78,84,211,354,237,724,303,1173,448,839,232,202,204,383,165,748,7941,6385,21,0,1059,0,0,0,0
2021-02-13T23:59:59+01:00,0,0,246,226,350,565,334,1101,416,1660,601,1212,303,264,241,445,187,866,0,0,78,84,211,353,237,724,303,1173,448,839,232,202,204,383,165,748,7939,6384,21,0,1057,0,0,0,0
2021-02-12T23:59:59+01:00,0,0,193,167,302,486,307,904,383,1423,564,999,295,249,240,445,187,866,0,0,75,83,208,352,235,721,297,1169,445,834,228,199,204,381,165,748,7926,6344,21,0,63,0,0,0,0
2021-02-11T23:59:59+01:00,0,0,191,166,296,473,303,890,377,1403,554,992,295,249,240,445,187,866,0,0,74,80,198,326,225,676,277,1118,427,784,227,196,204,376,165,745,7883,6098,18,0,26,0,0,0,0
2021-02-10T23:59:59+01:00,0,0,189,159,293,469,300,885,371,1392,550,984,293,247,238,444,187,864,0,0,69,75,181,298,214,616,260,1034,402,732,218,181,190,346,150,694,7841,5660,12,0,12,0,0,0,0
2021-02-09T23:59:59+01:00,0,0,184,152,289,461,299,876,371,1382,548,975,290,246,238,444,186,863,0,0,60,60,143,234,185,512,222,841,346,595,196,155,168,309,140,617,7796,4783,3,0,5,0,0,0,0
2021-02-08T23:59:59+01:00,0,0,178,146,285,449,294,866,367,1362,542,968,286,242,237,443,184,859,0,0,33,47,98,145,136,285,163,460,252,388,165,127,139,251,115,512,7700,3316,3,0,5,0,0,0,0
2021-02-07T23:59:59+01:00,0,0,176,144,283,448,293,864,366,1361,541,967,285,241,237,443,184,859,0,0,19,40,80,123,131,264,154,426,236,362,155,122,129,240,108,474,7690,3063,2,0,0,0,0,0,0
2021-02-06T23:59:59+01:00,0,0,176,144,283,448,293,864,366,1361,541,967,285,241,237,443,184,859,0,0,19,37,78,120,121,249,143,409,205,341,140,118,128,235,107,463,7690,2913,2,0,0,0,0,0,0
2021-02-05T23:59:59+01:00,0,0,176,142,283,444,292,853,364,1353,537,964,285,240,237,443,184,858,0,0,18,33,75,115,114,235,137,382,188,323,135,113,124,230,99,446,7653,2767,2,0,0,0,0,0,0
2021-02-04T23:59:59+01:00,0,0,168,137,282,439,285,844,360,1342,528,955,284,238,236,442,184,856,0,0,11,20,48,76,85,178,114,290,155,265,117,99,112,210,89,402,7579,2271,1,0,0,0,0,0,0
2021-02-03T23:59:59+01:00,0,0,150,130,272,434,282,837,358,1331,528,953,284,238,235,442,184,855,0,0,11,18,41,64,76,143,90,259,134,223,98,85,97,181,80,354,7512,1954,1,0,0,0,0,0,0
2021-02-02T23:59:59+01:00,0,0,130,125,260,432,279,829,353,1325,527,946,283,238,234,442,183,854,0,0,11,15,33,58,64,121,75,214,103,173,66,60,72,118,55,227,7439,1465,1,0,0,0,0,0,0
2021-02-01T23:59:59+01:00,0,0,125,120,255,417,277,812,351,1299,521,934,278,236,234,442,183,854,0,0,4,9,18,30,33,66,46,119,59,72,30,31,32,52,30,111,7337,742,1,0,0,0,0,0,0
2021-01-31T23:59:59+01:00,0,0,124,117,253,414,275,808,349,1293,516,932,278,233,233,441,183,854,0,0,4,6,13,21,28,47,32,73,39,44,16,11,16,32,24,65,7302,471,1,0,0,0,0,0,0
2021-01-30T23:59:59+01:00,0,0,124,117,253,414,275,807,349,1292,515,932,278,233,233,441,183,854,0,0,4,6,13,18,25,40,27,65,36,42,16,11,16,32,24,65,7299,440,1,0,0,0,0,0,0
2021-01-29T23:59:59+01:00,0,0,124,117,253,414,274,807,349,1292,515,932,278,233,233,441,183,854,0,0,4,6,6,17,23,32,22,56,32,39,16,11,16,31,23,64,7298,398,1,0,0,0,0,0,0
2021-01-28T23:59:59+01:00,0,0,122,114,249,407,270,800,346,1285,510,931,278,233,233,441,183,854,0,0,1,3,2,7,15,14,12,27,12,23,12,7,9,18,8,27,7255,197,1,0,0,0,0,0,0
2021-01-27T23:59:59+01:00,0,0,114,104,247,402,267,791,341,1278,504,924,273,230,232,440,183,854,0,0,0,0,1,4,12,12,8,20,10,17,11,7,9,18,8,27,7183,164,1,0,0,0,0,0,0
2021-01-26T23:59:59+01:00,0,0,88,92,229,385,259,766,329,1240,478,893,253,218,222,422,183,846,0,0,0,0,1,4,12,12,8,20,10,17,11,7,9,18,8,27,6902,164,1,0,0,0,0,0,0
2021-01-25T23:59:59+01:00,0,0,85,87,227,365,246,746,315,1207,460,868,236,211,211,400,178,791,0,0,0,0,1,4,12,10,7,13,7,13,11,7,9,18,8,27,6633,147,0,0,0,0,0,0,0
2021-01-24T23:59:59+01:00,0,0,85,85,223,362,245,741,312,1194,458,853,235,209,211,389,178,780,0,0,0,0,1,4,11,10,7,13,7,13,11,7,9,18,8,27,6560,146,0,0,0,0,0,0,0
2021-01-23T23:59:59+01:00,0,0,85,85,223,362,245,741,312,1194,458,853,235,209,211,389,178,780,0,0,0,0,1,4,11,10,7,13,7,13,11,7,9,18,8,27,6560,146,0,0,0,0,0,0,0
2021-01-22T23:59:59+01:00,0,0,85,84,221,359,245,738,309,1190,454,850,233,208,211,388,178,780,0,0,0,0,1,4,11,10,7,13,7,13,11,7,9,18,8,27,6533,146,0,0,0,0,0,0,0
2021-01-21T23:59:59+01:00,0,0,85,81,208,329,235,693,284,1140,439,816,232,204,210,382,177,777,0,0,0,0,1,2,9,9,6,12,6,11,11,7,9,18,8,27,6292,136,0,0,0,0,0,0,0
2021-01-20T23:59:59+01:00,0,0,79,76,193,306,223,626,270,1047,410,756,223,192,195,351,163,725,0,0,0,0,1,2,9,9,6,12,6,11,11,7,9,18,8,27,5835,136,0,0,0,0,0,0,0
2021-01-19T23:59:59+01:00,0,0,71,66,154,257,203,564,244,924,369,646,202,166,169,309,149,635,0,0,0,0,1,2,3,7,6,11,4,9,8,6,9,18,8,27,5128,119,0,0,0,0,0,0,0
2021-01-18T23:59:59+01:00,0,0,59,59,131,213,182,460,217,765,329,553,183,145,144,258,127,546,0,0,0,0,0,1,2,4,3,6,2,7,7,6,9,18,8,25,4371,98,0,0,0,0,0,0,0
2021-01-17T23:59:59+01:00,0,0,40,47,107,183,167,402,200,682,306,498,175,138,131,241,110,486,0,0,0,0,0,0,2,4,2,6,2,5,4,4,7,14,6,23,3913,79,0,0,0,0,0,0,0
2021-01-16T23:59:59+01:00,0,0,33,44,107,180,157,385,185,662,275,477,159,133,130,235,109,474,0,0,0,0,0,0,0,0,0,0,0,0,0,0,0,0,0,0,3745,0,0,0,0,0,0,0,0
2021-01-15T23:59:59+01:00,0,0,31,40,104,175,146,371,179,632,256,455,154,124,126,229,100,456,0,0,0,0,0,0,0,0,0,0,0,0,0,0,0,0,0,0,3578,0,0,0,0,0,0,0,0
2021-01-14T23:59:59+01:00,0,0,13,23,50,76,84,174,115,294,151,266,126,105,112,209,88,411,0,0,0,0,0,0,0,0,0,0,0,0,0,0,0,0,0,0,2297,0,0,0,0,0,0,0,0
2021-01-13T23:59:59+01:00,0,0,12,20,40,64,76,139,93,265,126,228,97,83,92,168,69,329,0,0,0,0,0,0,0,0,0,0,0,0,0,0,0,0,0,0,1901,0,0,0,0,0,0,0,0
2021-01-12T23:59:59+01:00,0,0,12,15,36,60,63,115,78,216,97,174,64,55,62,102,40,192,0,0,0,0,0,0,0,0,0,0,0,0,0,0,0,0,0,0,1381,0,0,0,0,0,0,0,0
2021-01-11T23:59:59+01:00,0,0,4,10,25,42,39,83,57,145,60,87,34,30,27,44,19,84,0,0,0,0,0,0,0,0,0,0,0,0,0,0,0,0,0,0,790,0,0,0,0,0,0,0,0
2021-01-10T23:59:59+01:00,0,0,3,6,18,30,34,58,38,98,38,55,17,10,10,23,13,37,0,0,0,0,0,0,0,0,0,0,0,0,0,0,0,0,0,0,488,0,0,0,0,0,0,0,0
2021-01-09T23:59:59+01:00,0,0,3,6,16,26,33,54,33,88,36,54,17,10,10,23,13,37,0,0,0,0,0,0,0,0,0,0,0,0,0,0,0,0,0,0,459,0,0,0,0,0,0,0,0
2021-01-08T23:59:59+01:00,0,0,3,6,13,25,29,44,27,78,32,50,16,10,9,21,12,36,0,0,0,0,0,0,0,0,0,0,0,0,0,0,0,0,0,0,411,0,0,0,0,0,0,0,0
2021-01-07T23:59:59+01:00,0,0,1,4,2,8,15,14,14,28,13,25,12,8,9,18,9,29,0,0,0,0,0,0,0,0,0,0,0,0,0,0,0,0,0,0,209,0,0,0,0,0,0,0,0
2021-01-06T23:59:59+01:00,0,0,1,0,2,4,14,12,9,22,11,20,12,8,9,18,9,29,0,0,0,0,0,0,0,0,0,0,0,0,0,0,0,0,0,0,180,0,0,0,0,0,0,0,0
2021-01-05T23:59:59+01:00,0,0,0,0,1,4,13,12,8,20,10,20,11,8,9,18,9,29,0,0,0,0,0,0,0,0,0,0,0,0,0,0,0,0,0,0,172,0,0,0,0,0,0,0,0
2021-01-04T23:59:59+01:00,0,0,0,0,1,4,13,11,7,16,8,18,11,8,9,18,9,29,0,0,0,0,0,0,0,0,0,0,0,0,0,0,0,0,0,0,162,0,0,0,0,0,0,0,0
2021-01-03T23:59:59+01:00,0,0,0,0,1,4,12,10,7,13,6,15,11,8,9,18,9,29,0,0,0,0,0,0,0,0,0,0,0,0,0,0,0,0,0,0,152,0,0,0,0,0,0,0,0
2021-01-02T23:59:59+01:00,0,0,0,0,1,4,12,10,7,13,6,15,11,8,9,18,9,29,0,0,0,0,0,0,0,0,0,0,0,0,0,0,0,0,0,0,152,0,0,0,0,0,0,0,0
2021-01-01T23:59:59+01:00,0,0,0,0,1,4,12,10,7,13,6,15,11,8,9,18,9,29,0,0,0,0,0,0,0,0,0,0,0,0,0,0,0,0,0,0,152,0,0,0,0,0,0,0,0
2020-12-31T23:59:59+01:00,0,0,0,0,1,4,12,10,7,13,6,15,11,8,9,18,9,29,0,0,0,0,0,0,0,0,0,0,0,0,0,0,0,0,0,0,152,0,0,0,0,0,0,0,0
2020-12-30T23:59:59+01:00,0,0,0,0,1,4,12,10,7,13,6,15,11,8,9,18,9,29,0,0,0,0,0,0,0,0,0,0,0,0,0,0,0,0,0,0,152,0,0,0,0,0,0,0,0
2020-12-29T23:59:59+01:00,0,0,0,0,1,4,8,9,7,13,4,13,11,8,9,18,9,29,0,0,0,0,0,0,0,0,0,0,0,0,0,0,0,0,0,0,143,0,0,0,0,0,0,0,0
2020-12-28T23:59:59+01:00,0,0,0,0,1,1,5,7,7,7,2,10,11,8,9,18,9,29,0,0,0,0,0,0,0,0,0,0,0,0,0,0,0,0,0,0,124,0,0,0,0,0,0,0,0
2020-12-27T23:59:59+01:00,0,0,0,0,0,0,2,4,2,6,1,7,5,6,8,15,8,26,0,0,0,0,0,0,0,0,0,0,0,0,0,0,0,0,0,0,90,0,0,0,0,0,0,0,0
