Datum,<24_1_m,<24_1_w,25-34_1_m,25-34_1_w,35-44_1_m,35-44_1_w,45-54_1_m,45-54_1_w,55-64_1_m,55-64_1_w,65-74_1_m,65-74_1_w,75-84_1_m,75-84_1_w,>84_1_m,>84_1_w,<24_2_m,<24_2_w,25-34_2_m,25-34_2_w,35-44_2_m,35-44_2_w,45-54_2_m,45-54_2_w,55-64_2_m,55-64_2_w,65-74_2_m,65-74_2_w,75-84_2_m,75-84_2_w,>84_2_m,>84_2_w,bp_1,bp_2,mo_1,mo_2,az_1,az_2,ja
2021-07-02T23:59:59+02:00,5841,5685,8059,7604,10472,11147,14966,15655,18782,19068,15688,16392,8813,10719,2810,5365,2391,2372,4434,4649,6094,7249,9870,11174,15269,15911,13445,13978,8420,10240,2736,5191,127443,93354,15772,12941,27706,20983,6145
2021-07-01T23:59:59+02:00,5583,5460,7942,7496,10345,11025,14843,15565,18739,19045,15680,16385,8808,10713,2810,5364,2274,2253,4266,4478,5863,7000,9100,10494,14645,15445,13424,13950,8415,10236,2732,5189,126220,89891,15769,12849,27706,20916,6108
2021-06-30T23:59:59+02:00,4990,4908,7612,7227,10002,10693,14621,15393,18682,19002,15669,16374,8804,10705,2810,5362,2240,2215,4189,4414,5760,6922,8954,10392,14573,15387,13412,13943,8414,10233,2732,5188,123307,89380,15764,12719,27706,20792,6077
2021-06-29T23:59:59+02:00,4670,4607,7364,7008,9713,10396,14424,15205,18621,18941,15617,16325,8786,10690,2809,5358,2175,2136,4054,4282,5559,6752,8742,10176,14296,15181,13365,13895,8402,10209,2730,5175,121256,88015,15761,12579,27703,20721,5814
2021-06-28T23:59:59+02:00,4518,4443,7260,6899,9591,10267,14335,15099,18578,18901,15602,16309,8772,10679,2806,5356,2091,2011,3875,4082,5282,6419,8364,9678,13775,14657,13250,13806,8384,10186,2727,5163,120250,84879,15751,12498,27700,20659,5714
2021-06-27T23:59:59+02:00,4462,4392,7205,6844,9530,10213,14303,15067,18558,18884,15585,16297,8765,10672,2805,5351,2039,1975,3813,4037,5174,6307,8198,9550,13604,14546,13225,13788,8376,10177,2724,5161,119889,84099,15748,12465,27698,20532,5598
2021-06-26T23:59:59+02:00,4407,4363,7173,6816,9513,10192,14284,15052,18546,18872,15581,16290,8765,10672,2805,5351,1963,1883,3624,3878,4960,6050,7833,9095,13257,14251,13145,13731,8356,10149,2719,5152,119651,81466,15745,12465,27698,20527,5588
2021-06-25T23:59:59+02:00,4083,4024,6908,6577,9223,9900,14061,14867,18464,18817,15537,16244,8746,10653,2803,5344,1899,1799,3464,3762,4769,5823,7511,8686,12949,13917,13096,13676,8343,10125,2713,5146,117258,79143,15718,12434,27697,20523,5578
2021-06-24T23:59:59+02:00,3988,3931,6811,6494,9125,9811,13978,14790,18435,18786,15522,16228,8740,10645,2803,5344,1831,1724,3351,3667,4570,5683,7296,8494,12697,13721,12265,12751,8164,9861,2713,5145,116572,77944,15708,12329,27693,18202,5458
2021-06-23T23:59:59+02:00,3571,3556,6360,6147,8594,9309,13644,14493,18300,18652,15419,16137,8697,10609,2800,5330,1695,1550,3098,3467,4159,5361,6357,7791,11965,13025,12243,12739,8154,9854,2713,5141,113661,77331,15464,9027,27692,18153,4801
2021-06-22T23:59:59+02:00,3491,3477,6287,6089,8492,9233,13594,14449,18267,18635,15408,16130,8696,10604,2800,5327,1656,1496,2995,3368,4019,5212,6106,7609,11371,12327,12155,12648,8137,9821,2709,5133,113048,75039,15460,8947,27690,17995,4781
2021-06-21T23:59:59+02:00,3414,3413,6194,6036,8431,9164,13536,14405,18234,18614,15405,16128,8687,10600,2800,5326,1619,1445,2905,3270,3895,5064,5912,7385,10613,11407,11773,12198,7085,8608,2703,5127,112537,72390,15452,8846,27675,15050,4723
2021-06-20T23:59:59+02:00,3388,3392,6147,6004,8386,9136,13510,14390,18223,18610,15404,16128,8687,10600,2800,5326,1599,1430,2869,3244,3845,5027,5859,7361,10528,11333,11753,12179,7083,8601,2702,5127,112367,72079,15436,8770,27675,15038,4653
2021-06-19T23:59:59+02:00,3359,3366,6119,5983,8357,9117,13486,14384,18217,18605,15404,16127,8687,10600,2800,5326,1595,1420,2864,3235,3838,5022,5845,7356,10517,11326,11753,12179,7083,8600,2702,5127,112178,72003,15431,8770,27675,15036,4653
2021-06-18T23:59:59+02:00,3314,3319,6043,5946,8292,9066,13440,14354,18194,18594,15403,16125,8686,10599,2800,5326,1525,1327,2729,3060,3657,4748,5454,6981,9044,9782,11589,12011,7042,8550,2690,5109,111803,66888,15406,8769,27675,15024,4617
2021-06-17T23:59:59+02:00,3251,3264,5977,5910,8222,9014,13369,14309,18171,18583,15401,16120,8686,10596,2800,5323,1396,1237,2542,2851,3400,4464,5097,6597,8382,9061,11307,11771,7001,8493,2686,5106,111444,63236,15377,8654,27672,14998,4503
2021-06-16T23:59:59+02:00,3197,3202,5864,5845,8105,8921,13244,14224,18105,18548,15395,16112,8686,10593,2800,5323,1300,1184,2402,2746,3217,4308,4815,6327,7315,7788,11218,11667,6973,8457,2673,5088,110815,59528,15303,8605,27669,14968,4377
2021-06-15T23:59:59+02:00,3094,3120,5746,5758,7917,8746,12984,14005,17954,18424,15380,16101,8678,10587,2800,5321,1262,1154,2331,2692,3111,4234,4617,6203,7005,7540,10722,11109,6941,8422,2665,5075,109405,57299,15275,8573,27661,14937,4274
2021-06-14T23:59:59+02:00,3021,3048,5667,5701,7775,8627,12697,13773,17772,18252,15365,16087,8671,10582,2799,5320,1235,1127,2265,2637,2986,4138,4425,6066,6669,7240,10198,10505,6911,8385,2661,5066,108034,54956,15267,8468,27657,14891,4199
2021-06-13T23:59:59+02:00,3003,3015,5601,5664,7713,8563,12559,13638,17667,18131,15359,16078,8670,10579,2798,5320,1225,1115,2234,2622,2951,4127,4382,6045,6636,7224,10194,10498,6911,8384,2661,5066,107306,54817,15256,8462,27652,14852,4144
2021-06-12T23:59:59+02:00,2972,2998,5574,5639,7683,8545,12539,13621,17658,18128,15359,16077,8670,10579,2798,5320,1168,1053,2144,2547,2855,3993,4242,5915,6526,7139,10113,10420,6316,7659,2661,5066,107110,54704,15255,8462,27652,12508,4143
2021-06-11T23:59:59+02:00,2896,2919,5505,5574,7501,8359,12132,13315,17379,17925,15343,16052,8664,10571,2796,5318,1146,1034,2092,2507,2791,3945,4160,5853,6421,7056,10012,10307,6303,7653,2659,5060,106098,54180,14368,8215,27651,12472,4132
2021-06-10T23:59:59+02:00,2836,2875,5406,5523,7368,8278,11948,13175,17244,17808,15338,16048,8664,10570,2795,5317,1107,1010,2020,2441,2689,3871,3994,5723,6180,6844,9764,10041,6283,7625,2653,5054,105182,52633,14293,8212,27646,12382,4072
2021-06-09T23:59:59+02:00,2759,2805,5283,5430,7148,8106,11671,12935,17058,17662,15326,16033,8660,10562,2795,5314,1050,947,1890,2324,2486,3690,3668,5439,5569,6343,8955,9144,6226,7549,2639,5019,103984,48670,14145,8195,27637,12292,3781
2021-06-08T23:59:59+02:00,2660,2700,5149,5304,6954,7923,11242,12512,16683,17275,15307,16006,8649,10556,2794,5309,1013,919,1823,2261,2383,3618,3526,5376,5424,6215,8924,9125,6224,7538,2637,5015,101796,48175,14118,8146,27635,12226,3474
2021-06-07T23:59:59+02:00,2529,2601,4961,5174,6747,7760,10766,12154,16342,16980,15282,15978,8643,10539,2793,5305,942,882,1697,2206,2244,3536,3273,5287,5070,5933,8380,8501,6171,7480,2633,5006,99870,45972,14075,8132,27626,12154,2983
2021-06-06T23:59:59+02:00,2494,2576,4900,5116,6660,7704,10629,12044,16250,16916,15279,15974,8643,10539,2791,5304,926,872,1668,2187,2202,3508,3207,5264,5023,5909,8375,8500,6166,7473,2633,5005,99288,45817,14023,8123,27618,12088,2890
2021-06-05T23:59:59+02:00,2481,2553,4872,5090,6622,7680,10598,12016,16241,16909,15279,15974,8643,10539,2791,5304,910,857,1639,2160,2163,3456,3106,5183,4668,5588,7779,7801,6138,7420,2632,5003,99069,43450,14023,8118,27614,12049,2886
2021-06-04T23:59:59+02:00,2451,2524,4827,5044,6574,7629,10511,11913,16188,16847,15275,15967,8643,10538,2790,5303,899,840,1618,2141,2124,3420,3055,5125,4507,5401,7477,7436,6102,7378,2630,4997,98543,42182,14018,8116,27614,12003,2849
2021-06-03T23:59:59+02:00,2347,2394,4676,4873,6369,7383,9810,11281,15597,16399,15264,15958,8640,10533,2789,5302,882,810,1577,2081,2075,3341,2968,5018,4364,5237,7321,7249,6090,7351,2630,4993,95214,41148,13979,8106,27609,11920,2813
2021-06-02T23:59:59+02:00,2329,2370,4633,4840,6313,7345,9710,11192,15539,16346,15256,15954,8639,10529,2789,5301,870,797,1559,2059,2025,3305,2883,4932,4004,4851,6765,6615,6047,7295,2626,4983,94688,38828,13979,8102,27609,11877,2809
2021-06-01T23:59:59+02:00,2268,2327,4513,4751,6148,7236,9522,11045,15432,16269,15253,15950,8635,10525,2788,5296,838,770,1495,2009,1913,3243,2727,4842,3802,4726,6554,6385,6026,7277,2621,4976,93827,37751,13929,8082,27596,11765,2606
2021-05-31T23:59:59+02:00,2214,2269,4414,4656,6006,7109,9335,10901,15347,16215,15245,15943,8632,10525,2788,5296,815,733,1438,1951,1845,3195,2553,4789,3672,4675,6199,5971,6003,7256,2618,4968,93106,36581,13843,8076,27587,11665,2359
2021-05-30T23:59:59+02:00,2189,2247,4358,4594,5917,7048,9261,10839,15310,16196,15244,15941,8632,10525,2788,5296,803,723,1416,1931,1795,3173,2421,4754,3568,4657,6197,5969,6003,7256,2618,4968,92659,36268,13804,8054,27578,11586,2344
2021-05-29T23:59:59+02:00,2172,2232,4340,4583,5900,7032,9247,10826,15306,16193,15243,15941,8632,10525,2788,5296,785,671,1322,1675,1662,2813,2222,4208,3290,4232,6107,5875,5892,7123,2617,4968,92533,36219,13802,8049,27577,8850,2344
2021-05-28T23:59:59+02:00,2151,2209,4302,4539,5855,6990,9171,10756,15240,16141,15239,15939,8632,10525,2788,5295,766,581,1245,1424,1564,2412,2044,3519,3028,3637,5469,5136,5810,7032,2613,4955,92066,34924,13789,8049,27574,5919,2343
2021-05-27T23:59:59+02:00,2109,2172,4217,4472,5731,6916,9016,10656,15143,16058,15237,15938,8632,10524,2788,5295,737,547,1211,1345,1522,2277,1977,3376,2916,3518,5037,4655,5777,6993,2602,4926,91387,33808,13640,8040,27550,5241,2327
2021-05-26T23:59:59+02:00,2041,2055,4020,4328,5389,6655,8049,9914,14385,15354,15225,15932,8628,10518,2786,5293,726,531,1185,1288,1477,2223,1920,3265,2765,3372,3731,3282,5718,6920,2579,4868,90613,30545,10122,8026,27536,4978,2301
2021-05-25T23:59:59+02:00,2000,2016,3935,4261,5293,6589,7914,9807,14012,14921,15177,15896,8621,10503,2784,5289,717,521,1153,1252,1455,2200,1900,3238,2740,3347,3725,3272,5711,6918,2577,4867,89276,30460,9975,8017,27519,4868,2248
2021-05-24T23:59:59+02:00,1974,1972,3847,4191,5191,6513,7789,9691,13501,14312,15126,15828,8614,10489,2783,5284,711,514,1133,1242,1425,2187,1879,3220,2715,3325,3708,3254,5689,6894,2568,4850,87512,30330,9896,7966,27508,4829,2189
2021-05-23T23:59:59+02:00,1965,1959,3828,4168,5173,6500,7737,9660,13427,14249,15115,15824,8612,10488,2782,5284,704,505,1123,1230,1403,2166,1825,3185,2610,3230,3301,2821,5050,6085,2554,4805,87278,30158,9796,5442,27508,4808,2189
2021-05-22T23:59:59+02:00,1802,1917,3526,4119,4772,6456,7482,9604,13302,14170,15109,15823,8612,10487,2782,5284,546,474,830,1188,1028,2130,1587,3132,2496,3155,3297,2819,5050,6084,2554,4805,87129,30146,9796,5442,27506,4771,816
2021-05-21T23:59:59+02:00,1717,1809,3374,3927,4583,6161,7085,9239,12015,12832,14958,15675,8575,10440,2773,5273,543,462,821,1186,1026,2123,1552,3102,2418,3079,3124,2682,5024,6041,2551,4790,82364,29514,9756,5442,27501,4753,815
2021-05-20T23:59:59+02:00,1680,1773,3283,3876,4476,6081,6911,9162,11804,12605,14938,15657,8572,10433,2772,5272,524,449,782,1140,970,2059,1434,3031,2292,2982,2936,2512,4984,5965,2543,4775,81538,28772,9653,5427,27445,4520,659
2021-05-19T23:59:59+02:00,1657,1747,3227,3820,4382,6017,6797,9100,11573,12348,14926,15647,8570,10432,2772,5271,516,437,766,1103,952,1992,1323,2884,1965,2690,2374,2015,4879,5848,2521,4728,80732,26705,9514,5411,27419,4256,621
2021-05-18T23:59:59+02:00,1595,1713,3140,3731,4272,5914,6640,8942,11289,12094,14881,15599,8558,10409,2770,5261,513,425,751,1088,934,1975,1238,2818,1685,2470,1936,1671,4807,5765,2500,4685,79648,25170,9313,5401,27350,4193,497
2021-05-17T23:59:59+02:00,1545,1632,3010,3572,4066,5637,6295,8486,10745,11546,14773,15507,8539,10385,2765,5251,511,417,745,1081,916,1970,1214,2794,1657,2431,1919,1652,4800,5758,2496,4682,76767,25104,9278,5387,27325,4168,384
2021-05-16T23:59:59+02:00,1526,1610,2957,3532,3970,5550,6146,8349,10569,11414,14747,15485,8532,10377,2764,5249,504,411,722,1066,886,1954,1186,2767,1624,2407,1912,1643,4798,5754,2493,4680,76022,25075,9222,5369,27294,4124,239
2021-05-15T23:59:59+02:00,1439,1513,2746,3365,3741,5272,5785,7878,10218,11118,14662,15423,8513,10348,2758,5240,504,410,718,1064,886,1951,1182,2766,1619,2403,1900,1631,4792,5748,2493,4678,73272,25019,9222,5369,27287,4119,238
2021-05-14T23:59:59+02:00,1407,1452,2637,3273,3589,5116,5589,7592,10000,10867,14627,15386,8500,10325,2755,5236,455,370,647,899,814,1666,1053,2358,1440,2079,1866,1591,4789,5740,2492,4673,71639,24957,9215,5367,27263,2374,234
2021-05-13T23:59:59+02:00,1349,1386,2537,3189,3424,4980,5372,7386,9777,10695,14601,15358,8491,10322,2753,5233,448,358,620,871,712,1560,954,2275,1179,1868,1153,1012,4568,5507,2484,4640,70480,24841,8921,2838,27233,2311,219
2021-05-12T23:59:59+02:00,1342,1378,2521,3184,3406,4968,5352,7373,9763,10684,14599,15354,8489,10320,2752,5233,448,357,619,870,709,1559,950,2274,1175,1862,1135,1003,4555,5469,2451,4571,70372,24643,8897,2838,27231,2308,218
2021-05-11T23:59:59+02:00,1300,1335,2446,3100,3294,4841,5158,7228,9475,10376,14551,15297,8477,10300,2748,5224,442,344,601,856,688,1543,923,2251,1150,1835,1081,967,4493,5372,2409,4447,69034,24156,8773,2821,27145,2227,198
2021-05-10T23:59:59+02:00,1276,1309,2383,3024,3168,4717,5029,7071,9152,9996,14505,15259,8468,10281,2743,5222,441,342,589,846,674,1528,912,2236,1133,1821,1047,933,4432,5296,2368,4332,67686,23748,8653,2818,27075,2175,189
2021-05-09T23:59:59+02:00,1261,1292,2340,3010,3091,4682,4967,7037,9087,9952,14492,15244,8466,10276,2743,5220,433,340,576,841,652,1508,890,2217,1121,1807,1028,918,4420,5258,2352,4290,67448,23590,8579,2816,27031,2143,102
2021-05-08T23:59:59+02:00,1258,1288,2325,2998,3075,4673,4927,7023,9063,9944,14491,15244,8466,10275,2743,5220,433,340,576,841,651,1508,890,2216,1120,1806,1028,918,4419,5258,2352,4290,67308,23589,8573,2813,27030,2142,102
2021-05-07T23:59:59+02:00,1239,1265,2286,2957,3025,4624,4828,6931,8839,9699,14476,15221,8460,10269,2740,5216,383,312,544,772,614,1347,820,2011,1032,1620,998,889,4399,5235,2350,4285,66403,23485,8567,2810,27003,1214,102
2021-05-06T23:59:59+02:00,1089,1174,2061,2714,2726,4315,4459,6531,8253,9093,14198,14982,8420,10212,2737,5215,382,308,533,753,597,1315,801,1976,1000,1592,971,857,4389,5221,2348,4281,62777,23357,8439,2760,26868,1112,95
2021-05-05T23:59:59+02:00,1025,1121,1953,2601,2568,4144,4166,6253,7242,7912,14113,14884,8385,10172,2724,5195,378,305,525,743,582,1306,767,1963,977,1571,896,797,4348,5152,2340,4266,59274,23039,8390,2741,26745,1087,49
2021-05-04T23:59:59+02:00,1003,1101,1902,2563,2467,4078,3948,6141,6961,7698,13605,14316,8355,10137,2719,5186,375,304,520,739,571,1301,750,1944,961,1564,877,774,4327,5136,2337,4257,57222,22905,8332,2726,26585,1065,41
2021-05-03T23:59:59+02:00,971,1063,1842,2510,2365,3968,3749,6023,6605,7398,13068,13693,8318,10099,2712,5171,369,302,518,735,561,1295,741,1934,947,1551,853,750,4310,5118,2331,4244,54802,22795,8306,2717,26447,1047,0
2021-05-02T23:59:59+02:00,966,1062,1823,2504,2340,3960,3706,6013,6571,7390,13067,13693,8318,10098,2712,5171,369,302,515,735,560,1293,737,1934,946,1548,851,746,4309,5114,2331,4244,54668,22779,8302,2715,26424,1040,0
2021-05-01T23:59:59+02:00,966,1060,1816,2502,2329,3955,3695,6005,6560,7381,13066,13691,8318,10098,2712,5171,369,302,515,735,560,1293,736,1933,944,1548,851,746,4309,5114,2331,4244,54601,22779,8302,2711,26422,1040,0
2021-04-30T23:59:59+02:00,949,1055,1795,2488,2308,3920,3658,5972,6483,7328,12971,13587,8317,10094,2709,5159,317,247,473,659,531,1115,706,1709,910,1344,839,729,4305,5112,2331,4244,54107,22765,8301,2707,26385,99,0
2021-04-29T23:59:59+02:00,894,1030,1738,2438,2246,3862,3513,5849,6246,7105,12712,13314,8295,10065,2705,5152,311,245,465,653,529,1108,699,1699,901,1336,831,714,4296,5105,2331,4242,52517,22686,8286,2701,26361,78,0
2021-04-28T23:59:59+02:00,833,996,1658,2377,2102,3752,3228,5596,5643,6602,11879,12400,8236,9976,2680,5115,310,242,463,647,521,1095,688,1679,890,1329,818,698,4277,5079,2329,4242,48473,22566,8280,2683,26320,58,0
2021-04-27T23:59:59+02:00,823,991,1640,2357,2058,3733,3157,5570,5519,6481,11850,12383,8234,9974,2680,5113,309,240,456,645,514,1090,679,1667,881,1323,806,687,4273,5073,2328,4236,47994,22489,8277,2668,26292,50,0
2021-04-26T23:59:59+02:00,813,978,1614,2339,1998,3693,2981,5493,5188,6197,11286,11737,8178,9909,2675,5103,307,239,455,644,508,1084,668,1661,873,1315,797,679,4268,5068,2328,4232,45665,22440,8268,2641,26249,45,0
2021-04-25T23:59:59+02:00,803,976,1600,2333,1960,3677,2855,5470,5096,6192,11282,11733,8175,9903,2674,5102,306,239,455,644,508,1078,668,1658,870,1313,797,678,4268,5068,2328,4232,45340,22435,8262,2637,26229,38,0
2021-04-24T23:59:59+02:00,789,966,1578,2313,1921,3632,2758,5400,4750,5872,10666,11009,8145,9845,2673,5100,306,239,455,644,508,1077,667,1657,869,1313,792,674,4259,5052,2326,4231,42931,22399,8262,2633,26224,37,0
2021-04-23T23:59:59+02:00,784,958,1565,2303,1892,3606,2718,5350,4589,5686,10357,10628,8105,9803,2670,5091,306,238,455,644,508,1076,666,1657,867,1313,792,673,4256,5049,2326,4231,41632,22388,8262,2632,26211,37,0
2021-04-22T23:59:59+02:00,768,943,1537,2260,1841,3538,2633,5260,4437,5532,10212,10433,8091,9772,2668,5083,306,237,453,633,506,1070,660,1649,861,1304,786,668,4254,5047,2326,4229,40631,22353,8236,2607,26141,29,0
2021-04-21T23:59:59+02:00,757,930,1513,2249,1789,3494,2528,5173,4054,5115,9616,9750,8042,9709,2664,5072,305,237,449,631,506,1069,656,1646,856,1299,774,657,4244,5034,2326,4225,38121,22304,8219,2583,26115,27,0
2021-04-20T23:59:59+02:00,750,919,1491,2222,1758,3465,2476,5115,3916,5020,9420,9531,8025,9699,2660,5069,305,235,449,630,505,1067,655,1641,854,1295,768,653,4240,5030,2326,4225,37286,22274,8208,2577,26042,27,0
2021-04-19T23:59:59+02:00,743,908,1482,2215,1741,3448,2444,5089,3853,4963,9053,9113,8000,9674,2657,5063,305,233,448,627,503,1064,651,1639,850,1291,762,647,4231,5028,2326,4223,36263,22235,8196,2566,25987,27,0
2021-04-18T23:59:59+02:00,739,906,1477,2209,1723,3441,2425,5077,3845,4961,9045,9102,8000,9673,2657,5063,304,233,448,623,502,1061,649,1636,847,1291,761,645,4231,5026,2326,4223,36203,22227,8176,2552,25964,27,0
2021-04-17T23:59:59+02:00,722,900,1389,2199,1624,3429,2388,5047,3765,4884,8336,8383,7984,9660,2657,5063,304,233,446,621,501,1061,648,1636,846,1288,761,645,4230,5026,2326,4223,36195,22216,8176,2552,24059,27,0
2021-04-16T23:59:59+02:00,706,882,1260,2177,1473,3407,2302,4982,3605,4720,7003,6835,7949,9611,2644,5032,304,232,441,615,497,1057,638,1634,842,1280,751,639,4221,5011,2323,4221,34822,22143,8166,2548,21600,15,0
2021-04-15T23:59:59+02:00,685,871,1250,2163,1453,3389,2245,4944,3534,4667,6565,6334,7908,9549,2622,4960,296,226,427,605,480,1043,604,1608,807,1251,662,578,3730,4503,2300,4186,33504,22088,8108,1207,21527,11,0
2021-04-14T23:59:59+02:00,680,867,1229,2151,1422,3370,2200,4909,3402,4573,5224,4933,7858,9483,2601,4923,288,222,424,598,473,1040,597,1600,801,1248,647,561,3718,4494,2296,4181,30280,22001,8097,1178,21448,9,0
2021-04-13T23:59:59+02:00,678,867,1220,2146,1407,3368,2192,4898,3382,4558,5205,4914,7852,9480,2600,4921,288,221,422,596,470,1037,595,1596,790,1246,629,557,3716,4491,2296,4181,30200,21981,8076,1141,21412,9,0
2021-04-12T23:59:59+02:00,672,859,1207,2137,1391,3357,2159,4883,3352,4534,5182,4899,7840,9469,2597,4888,287,220,420,595,469,1031,593,1592,782,1239,625,554,3711,4490,2296,4181,30072,21956,8031,1120,21323,9,0
2021-04-11T23:59:59+02:00,664,855,1191,2125,1373,3343,2092,4858,3234,4452,4763,4458,7174,8643,2590,4883,287,220,419,595,466,1030,588,1589,778,1238,621,551,3707,4485,2296,4181,30042,21949,5421,1093,21235,9,0
2021-04-10T23:59:59+02:00,664,854,1190,2124,1371,3340,2091,4855,3231,4445,4719,4411,7171,8637,2590,4882,282,217,417,584,454,1014,561,1572,746,1214,549,481,3136,3870,2247,4087,29923,20329,5418,1093,21234,9,0
2021-04-09T23:59:59+02:00,661,853,1182,2121,1366,3336,2062,4833,3152,4367,4523,4246,7136,8588,2586,4866,272,211,407,571,435,998,536,1554,725,1191,468,419,2486,3051,2199,3991,29240,18413,5414,1092,21224,9,0
2021-04-08T23:59:59+02:00,651,843,1168,2110,1350,3306,2001,4780,3006,4257,3469,3095,6895,8226,2575,4851,259,203,389,553,412,985,514,1525,693,1168,450,395,2478,3044,2196,3988,28442,18199,5366,1044,18775,9,0
2021-04-07T23:59:59+02:00,644,837,1155,2101,1331,3294,1891,4701,2688,4008,2865,2566,6784,8103,2551,4798,245,196,361,528,374,951,470,1491,657,1141,423,370,2418,2982,2191,3981,26265,17746,5347,1025,18705,8,0
2021-04-06T23:59:59+02:00,634,829,1117,2094,1308,3275,1773,4651,2411,3839,2413,2219,6707,8012,2529,4761,221,183,327,502,349,933,433,1468,621,1109,388,328,2364,2909,2185,3972,24667,17276,5331,1008,18574,8,0
2021-04-05T23:59:59+02:00,631,827,1107,2090,1302,3272,1764,4641,2396,3823,2124,1873,5594,6697,2527,4761,221,183,326,498,343,927,429,1466,617,1104,384,325,2362,2903,2185,3971,24636,17265,5321,972,15472,7,0
2021-04-04T23:59:59+02:00,630,827,1106,2090,1302,3272,1764,4641,2394,3821,2123,1870,5594,6693,2527,4761,221,183,326,498,343,927,428,1466,617,1104,384,325,2361,2903,2185,3971,24628,17263,5321,972,15466,7,0
2021-04-03T23:59:59+02:00,630,827,1106,2089,1302,3272,1763,4639,2390,3821,2122,1868,5593,6693,2527,4761,221,183,326,498,343,927,428,1466,616,1104,384,325,2361,2903,2185,3971,24622,17262,5317,972,15464,7,0
2021-04-02T23:59:59+02:00,630,826,1106,2089,1298,3271,1761,4634,2389,3818,2114,1859,5581,6678,2524,4748,221,182,326,496,343,927,427,1465,615,1096,382,325,2361,2902,2185,3971,24554,17245,5313,972,15459,7,0
2021-04-01T23:59:59+02:00,626,815,1083,2071,1201,3176,1671,4566,2130,3610,1388,1270,5373,6466,2514,4720,217,181,326,495,342,926,426,1463,615,1095,379,323,2361,2902,2185,3967,24445,17233,2813,963,15422,7,0
2021-03-31T23:59:59+02:00,624,814,1080,2067,1196,3168,1660,4561,2112,3597,1361,1238,5344,6412,2476,4621,216,181,326,494,341,926,426,1462,614,1094,378,320,2357,2901,2183,3966,24127,17221,2799,957,15405,7,0
2021-03-30T23:59:59+02:00,622,805,1074,2063,1190,3163,1650,4547,2104,3584,1315,1193,5260,6282,2431,4474,216,180,326,493,338,922,421,1459,607,1083,363,309,2255,2749,2063,3740,23605,16602,2777,915,15375,7,0
2021-03-29T23:59:59+02:00,620,803,1070,2055,1180,3157,1643,4534,2092,3572,1279,1163,5199,6189,2380,4345,215,179,324,491,336,920,419,1455,602,1078,356,304,2032,2484,1837,3363,23169,15475,2754,913,15358,7,0
2021-03-28T23:59:59+02:00,620,800,1068,2049,1177,3150,1638,4524,2088,3567,1263,1154,5191,6167,2369,4313,213,179,323,488,329,916,416,1448,599,1066,350,292,2027,2471,1836,3360,23064,15450,2736,859,15338,4,0
2021-03-27T23:59:59+01:00,568,739,988,1981,1095,3032,1520,4400,1986,3485,1194,1084,4588,5435,2369,4313,211,178,323,488,329,916,411,1446,598,1063,349,292,2026,2470,1836,3360,23049,15434,2732,859,12996,3,0
2021-03-26T23:59:59+01:00,565,734,980,1971,1093,3026,1510,4393,1970,3477,1150,1053,4558,5401,2368,4309,210,175,323,486,326,915,409,1445,594,1056,341,287,1629,1938,1413,2641,22855,13332,2722,853,12981,3,0
2021-03-25T23:59:59+01:00,563,728,967,1963,1090,3017,1502,4381,1955,3468,1140,1042,4550,5396,2368,4308,209,172,322,485,324,909,406,1439,590,1047,337,283,1536,1817,1376,2568,22808,12987,2713,830,12917,3,0
2021-03-24T23:59:59+01:00,561,723,957,1950,1078,3002,1473,4364,1942,3459,1105,1012,4523,5363,2363,4303,209,172,321,484,321,905,401,1432,581,1031,323,273,1208,1436,1223,2302,22668,11851,2687,768,12823,3,0
2021-03-23T23:59:59+01:00,559,718,952,1936,1074,2992,1466,4351,1932,3453,1092,1001,4503,5348,2363,4300,208,172,319,481,314,902,401,1432,575,1027,315,266,974,1172,1107,2125,22593,11040,2678,747,12769,3,0
2021-03-22T23:59:59+01:00,558,709,947,1924,1068,2983,1456,4335,1918,3445,1089,998,4498,5347,2363,4300,206,172,318,479,313,900,398,1429,572,1023,311,262,973,1169,1106,2122,22570,11023,2663,727,12705,3,0
2021-03-21T23:59:59+01:00,556,706,944,1915,1066,2979,1451,4323,1908,3438,1086,997,4498,5346,2363,4300,206,172,318,478,312,896,398,1424,566,1021,301,257,969,1164,1105,2122,22567,11022,2649,684,12660,3,0
2021-03-20T23:59:59+01:00,551,698,939,1899,1050,2963,1423,4305,1874,3410,1014,926,3914,4714,2313,4201,206,172,318,478,312,896,398,1424,566,1021,301,257,969,1164,1104,2121,20907,11020,2648,684,12639,3,0
2021-03-19T23:59:59+01:00,542,689,922,1874,1023,2944,1387,4280,1848,3381,927,861,3242,3879,2266,4102,204,172,316,478,311,893,396,1422,562,1014,298,256,956,1151,1073,2081,18932,10998,2637,582,12598,3,0
2021-03-18T23:59:59+01:00,528,677,905,1849,1000,2917,1349,4241,1803,3329,829,798,2731,3348,2243,4068,199,170,313,474,308,883,393,1416,560,1009,295,251,851,1055,964,1892,18858,10620,1239,410,12518,3,0
2021-03-17T23:59:59+01:00,526,666,896,1829,987,2900,1327,4220,1785,3313,801,773,2645,3257,2237,4064,197,169,311,472,305,882,386,1412,557,1005,292,246,611,781,662,1446,18553,9701,1202,33,12471,0,0
2021-03-16T23:59:59+01:00,524,657,887,1807,967,2885,1310,4208,1761,3297,772,763,2598,3177,2235,4060,197,169,309,472,304,880,383,1410,554,1000,286,242,365,544,474,1138,18347,8700,1163,27,12398,0,0
2021-03-15T23:59:59+01:00,524,646,883,1789,958,2864,1304,4202,1753,3288,766,759,2595,3176,2235,4060,196,169,308,471,303,880,383,1409,551,1000,286,242,365,543,473,1138,18334,8693,1140,24,12328,0,0
2021-03-14T23:59:59+01:00,523,640,877,1777,951,2859,1294,4189,1743,3276,761,755,2590,3173,2235,4060,196,169,307,471,302,878,381,1407,551,1000,286,242,365,543,473,1138,18329,8691,1113,18,12261,0,0
2021-03-13T23:59:59+01:00,501,589,782,1515,821,2478,1100,3627,1461,2851,680,666,2487,3047,2234,4059,196,169,307,471,302,878,381,1407,551,1000,286,242,365,543,473,1138,18325,8691,1113,18,9460,0,0
2021-03-12T23:59:59+01:00,486,504,718,1249,729,2084,930,2937,1215,2261,540,513,2443,3002,2234,4059,196,166,307,471,302,876,380,1407,551,998,286,241,352,522,424,1074,18303,8535,1112,18,6489,0,0
2021-03-11T23:59:59+01:00,463,468,685,1179,683,1979,872,2792,1135,2150,486,455,2430,2992,2233,4058,196,166,306,469,301,875,380,1404,550,998,286,240,339,505,378,1031,18119,8409,1064,15,5877,0,0
2021-03-10T23:59:59+01:00,449,458,651,1145,643,1945,828,2756,1102,2122,466,439,2416,2973,2232,4055,192,164,302,462,301,874,375,1397,545,991,282,234,218,406,152,766,17842,7652,1044,9,5794,0,0
2021-03-09T23:59:59+01:00,433,441,619,1116,624,1927,805,2730,1080,2098,445,419,2322,2831,2109,3825,192,164,300,460,300,873,374,1394,545,988,280,233,218,406,152,765,17082,7644,1028,0,5714,0,0
2021-03-08T23:59:59+01:00,420,420,597,1086,606,1905,789,2706,1058,2072,424,391,2093,2557,1879,3446,192,163,300,458,299,869,374,1388,545,986,279,231,218,405,152,765,15837,7624,1000,0,5612,0,0
2021-03-07T23:59:59+01:00,419,418,590,1069,594,1897,786,2693,1052,2061,423,390,2088,2549,1878,3444,192,163,300,457,299,868,374,1385,545,985,279,231,218,405,152,765,15811,7618,990,0,5550,0,0
2021-03-06T23:59:59+01:00,419,415,587,1056,591,1895,779,2686,1048,2054,422,390,2088,2549,1878,3444,192,163,300,457,299,868,374,1385,545,984,278,231,218,405,152,765,15803,7616,990,0,5508,0,0
2021-03-05T23:59:59+01:00,413,400,581,1045,585,1885,774,2677,1042,2046,409,382,1666,1986,1444,2690,189,158,296,457,296,867,372,1382,543,980,278,231,218,405,152,765,13575,7589,990,0,5460,0,0
2021-03-04T23:59:59+01:00,403,375,554,1006,566,1829,745,2624,1021,1996,405,378,1575,1869,1405,2616,180,151,286,449,295,859,370,1368,541,976,277,231,218,405,152,765,13224,7523,984,0,5159,0,0
2021-03-03T23:59:59+01:00,401,368,546,976,549,1797,720,2576,1004,1958,399,372,1250,1490,1249,2344,179,150,285,448,294,858,366,1361,538,969,275,229,217,404,150,760,12069,7483,977,0,4953,0,0
2021-03-02T23:59:59+01:00,397,363,538,942,535,1777,712,2552,993,1939,389,362,1007,1223,1129,2164,179,148,284,437,290,852,366,1352,538,963,275,229,217,404,150,760,11247,7444,941,0,4834,0,0
2021-03-01T23:59:59+01:00,395,355,529,920,517,1746,703,2528,982,1922,385,355,1006,1217,1128,2160,179,146,284,428,287,842,365,1337,535,957,273,227,216,403,150,760,11228,7389,906,0,4714,0,0
2021-02-28T23:59:59+01:00,392,352,526,912,512,1735,700,2518,977,1907,381,350,1006,1215,1128,2160,178,145,284,428,287,841,365,1337,534,957,273,227,216,403,150,760,11228,7385,879,0,4664,0,0
2021-02-27T23:59:59+01:00,391,350,521,905,510,1729,697,2509,974,1905,380,349,1006,1215,1127,2160,178,145,284,428,287,841,365,1337,533,957,273,227,216,403,150,760,11227,7384,879,0,4622,0,0
2021-02-26T23:59:59+01:00,343,303,452,731,434,1420,568,2091,804,1563,352,319,1006,1212,1127,2160,178,143,284,425,285,833,363,1329,531,954,273,227,216,403,150,760,11216,7354,868,0,2801,0,0
2021-02-25T23:59:59+01:00,323,295,442,708,422,1384,554,2043,786,1531,344,313,921,1122,1055,2036,127,129,264,421,275,822,352,1313,526,947,273,225,216,403,150,760,10815,7203,838,0,2626,0,0
2021-02-24T23:59:59+01:00,318,289,437,692,415,1348,538,1995,764,1487,336,300,713,890,871,1731,127,123,263,415,272,813,350,1300,519,940,271,223,214,403,150,758,9876,7141,797,0,2451,0,0
2021-02-23T23:59:59+01:00,316,277,429,678,404,1325,530,1959,747,1468,322,290,462,642,680,1428,127,122,262,413,270,808,350,1293,518,932,270,222,213,403,149,757,8872,7109,753,0,2332,0,0
2021-02-22T23:59:59+01:00,316,275,428,671,403,1320,526,1948,742,1464,322,287,461,640,680,1427,127,117,257,403,269,791,346,1269,513,924,266,221,213,403,149,757,8867,7025,741,0,2302,0,0
2021-02-21T23:59:59+01:00,313,274,426,665,400,1312,524,1940,736,1460,312,282,457,635,678,1427,127,117,256,402,269,789,342,1266,506,921,265,220,212,402,148,748,8863,6990,699,0,2279,0,0
2021-02-20T23:59:59+01:00,313,271,426,663,400,1304,523,1931,734,1456,312,282,457,635,678,1427,127,117,256,402,269,789,342,1266,505,921,265,220,212,402,148,748,8863,6989,699,0,2250,0,0
2021-02-19T23:59:59+01:00,267,244,394,587,366,1136,465,1717,626,1246,303,266,431,599,598,1319,127,117,256,402,268,789,342,1266,505,921,265,220,212,402,148,748,8642,6988,593,0,1329,0,0
2021-02-18T23:59:59+01:00,266,239,387,578,355,1115,452,1699,616,1239,303,264,377,551,495,1191,124,114,252,397,261,783,339,1257,502,920,263,218,212,402,148,748,8463,6940,418,0,1246,0,0
2021-02-17T23:59:59+01:00,260,235,375,564,348,1106,429,1683,608,1227,298,257,222,415,157,778,116,101,248,391,256,768,333,1241,496,909,259,215,211,402,148,748,7740,6842,31,0,1191,0,0
2021-02-16T23:59:59+01:00,258,233,364,562,339,1097,421,1669,603,1221,295,254,221,414,157,778,85,89,228,365,245,738,315,1201,464,874,238,200,204,384,147,741,7732,6518,27,0,1127,0,0
2021-02-15T23:59:59+01:00,256,232,362,558,338,1091,419,1657,599,1215,295,254,221,413,156,778,84,87,224,354,237,726,305,1174,449,851,225,193,193,361,141,685,7724,6289,24,0,1096,0,0
2021-02-14T23:59:59+01:00,255,230,356,555,334,1082,415,1651,596,1212,295,254,221,413,156,778,80,85,217,349,234,718,300,1161,445,836,224,191,193,350,141,676,7714,6200,19,0,1070,0,0
2021-02-13T23:59:59+01:00,255,230,356,555,334,1082,414,1651,596,1211,294,254,221,413,156,778,80,85,217,349,234,718,300,1161,445,836,224,191,193,350,141,676,7712,6200,19,0,1069,0,0
2021-02-12T23:59:59+01:00,197,169,307,477,307,888,381,1413,559,996,286,239,220,413,156,778,77,84,214,348,232,715,293,1157,442,831,222,190,193,349,141,676,7700,6164,19,0,67,0,0
2021-02-11T23:59:59+01:00,195,167,301,466,303,874,375,1393,549,988,286,239,220,413,156,778,76,81,202,322,222,671,273,1106,425,783,221,187,193,344,141,673,7659,5920,16,0,28,0,0
2021-02-10T23:59:59+01:00,192,160,297,462,300,870,369,1382,545,980,284,237,218,412,156,776,70,75,186,296,211,612,256,1021,400,731,212,173,179,315,129,626,7617,5492,10,0,13,0,0
2021-02-09T23:59:59+01:00,187,154,294,453,299,861,369,1372,543,971,281,236,218,412,156,775,61,60,147,232,182,508,218,829,344,596,191,147,159,280,119,560,7573,4633,2,0,6,0,0
2021-02-08T23:59:59+01:00,183,148,291,442,294,851,366,1352,536,964,277,232,217,411,154,771,34,47,102,142,133,281,159,452,250,389,161,121,132,226,96,463,7481,3188,2,0,6,0,0
2021-02-07T23:59:59+01:00,181,146,288,441,293,849,365,1351,535,963,276,231,217,411,154,771,18,40,83,120,129,260,150,418,234,362,152,117,122,216,91,427,7471,2939,1,0,0,0,0
2021-02-06T23:59:59+01:00,181,146,288,441,293,849,365,1351,535,963,276,231,217,411,154,771,18,37,81,118,119,245,139,402,203,341,137,113,121,211,90,416,7471,2791,1,0,0,0,0
2021-02-05T23:59:59+01:00,181,144,288,438,292,838,363,1343,531,960,276,230,217,411,154,770,17,32,77,113,112,232,134,375,189,322,132,108,118,206,83,400,7435,2650,1,0,0,0,0
2021-02-04T23:59:59+01:00,173,139,287,434,285,829,360,1332,522,951,275,228,216,411,154,768,10,21,51,76,83,176,111,285,157,265,114,96,107,191,75,360,7364,2178,0,0,0,0,0
2021-02-03T23:59:59+01:00,156,132,277,428,281,824,358,1321,522,949,275,228,215,411,154,767,10,19,43,66,74,141,87,255,134,217,95,81,92,164,67,318,7298,1863,0,0,0,0,0
2021-02-02T23:59:59+01:00,135,126,265,426,278,817,353,1314,521,942,274,228,214,411,153,766,10,16,34,61,62,118,72,210,103,167,63,57,67,105,43,201,7223,1389,0,0,0,0,0
2021-02-01T23:59:59+01:00,130,121,260,411,276,800,351,1290,515,929,269,226,214,411,153,766,4,10,20,34,33,65,44,116,59,69,28,28,28,45,25,100,7122,708,0,0,0,0,0
2021-01-31T23:59:59+01:00,129,118,258,409,274,797,349,1284,511,927,269,223,213,410,153,766,4,6,15,23,28,46,31,70,39,42,14,8,13,28,20,61,7090,448,0,0,0,0,0
2021-01-30T23:59:59+01:00,129,118,258,409,274,796,349,1283,510,927,269,223,213,410,153,766,4,6,13,20,25,39,26,62,36,40,14,8,13,28,20,61,7087,415,0,0,0,0,0
2021-01-29T23:59:59+01:00,129,118,258,409,273,796,349,1283,510,927,269,223,213,410,153,766,4,6,7,18,23,30,21,54,32,37,14,8,13,27,19,60,7086,373,0,0,0,0,0
2021-01-28T23:59:59+01:00,127,115,254,403,269,790,346,1276,506,926,269,223,213,410,153,766,1,3,2,8,15,12,11,25,12,22,11,4,6,14,6,25,7046,177,0,0,0,0,0
2021-01-27T23:59:59+01:00,119,105,252,399,266,782,341,1269,500,919,264,220,212,409,153,766,0,0,1,4,11,10,7,18,10,17,10,4,6,14,6,25,6976,143,0,0,0,0,0
2021-01-26T23:59:59+01:00,90,93,234,382,258,757,328,1231,475,888,244,208,205,393,153,758,0,0,1,4,11,10,7,18,10,17,10,4,6,14,6,25,6697,143,0,0,0,0,0
2021-01-25T23:59:59+01:00,87,88,232,362,245,738,314,1198,457,863,228,201,196,372,149,703,0,0,1,4,11,8,6,11,7,13,10,4,6,14,6,25,6433,126,0,0,0,0,0
2021-01-24T23:59:59+01:00,87,86,228,358,244,733,311,1185,455,848,227,199,196,361,149,693,0,0,1,4,11,8,6,11,7,13,10,4,6,14,6,25,6360,126,0,0,0,0,0
2021-01-23T23:59:59+01:00,87,86,228,358,244,733,311,1185,455,848,227,199,196,361,149,693,0,0,1,4,11,8,6,11,7,13,10,4,6,14,6,25,6360,126,0,0,0,0,0
2021-01-22T23:59:59+01:00,87,85,226,356,244,730,307,1181,451,845,225,198,196,360,149,693,0,0,1,4,11,8,6,11,7,13,10,4,6,14,6,25,6333,126,0,0,0,0,0
2021-01-21T23:59:59+01:00,87,82,211,327,234,686,282,1130,437,812,224,194,195,354,149,690,0,0,1,2,9,7,5,10,6,11,10,4,6,14,6,25,6094,116,0,0,0,0,0
2021-01-20T23:59:59+01:00,80,76,197,306,222,622,268,1037,408,753,215,183,180,325,138,643,0,0,1,2,9,7,5,10,6,11,10,4,6,14,6,25,5653,116,0,0,0,0,0
2021-01-19T23:59:59+01:00,72,66,157,256,202,559,242,914,367,644,196,157,158,285,125,565,0,0,1,2,3,6,5,9,4,9,7,3,6,14,6,25,4965,100,0,0,0,0,0
2021-01-18T23:59:59+01:00,60,58,134,213,180,455,215,757,327,551,180,138,134,236,105,481,0,0,0,1,2,3,2,4,2,7,6,3,6,14,6,23,4224,79,0,0,0,0,0
2021-01-17T23:59:59+01:00,36,46,109,182,167,392,198,666,301,492,170,131,121,218,91,426,0,0,0,0,2,3,1,4,2,5,4,3,6,14,5,23,3746,72,0,0,0,0,0
2021-01-16T23:59:59+01:00,29,43,109,180,157,375,183,646,270,470,155,126,120,213,90,415,0,0,0,0,0,0,0,0,0,0,0,0,0,0,0,0,3581,0,0,0,0,0,0
2021-01-15T23:59:59+01:00,27,39,105,175,146,362,177,616,253,448,150,117,117,207,82,399,0,0,0,0,0,0,0,0,0,0,0,0,0,0,0,0,3420,0,0,0,0,0,0
2021-01-14T23:59:59+01:00,9,24,51,77,84,167,113,281,150,260,122,100,104,191,72,359,0,0,0,0,0,0,0,0,0,0,0,0,0,0,0,0,2164,0,0,0,0,0,0
2021-01-13T23:59:59+01:00,8,20,41,67,76,133,91,252,125,223,93,78,85,154,56,289,0,0,0,0,0,0,0,0,0,0,0,0,0,0,0,0,1791,0,0,0,0,0,0
2021-01-12T23:59:59+01:00,8,15,37,63,63,109,76,203,96,170,60,52,57,92,32,167,0,0,0,0,0,0,0,0,0,0,0,0,0,0,0,0,1300,0,0,0,0,0,0
2021-01-11T23:59:59+01:00,1,10,27,46,39,78,55,134,59,83,30,26,23,36,16,73,0,0,0,0,0,0,0,0,0,0,0,0,0,0,0,0,736,0,0,0,0,0,0
2021-01-10T23:59:59+01:00,1,5,20,32,34,54,36,87,38,51,13,6,7,18,11,33,0,0,0,0,0,0,0,0,0,0,0,0,0,0,0,0,446,0,0,0,0,0,0
2021-01-09T23:59:59+01:00,1,5,18,28,33,50,31,77,36,50,13,6,7,18,11,33,0,0,0,0,0,0,0,0,0,0,0,0,0,0,0,0,417,0,0,0,0,0,0
2021-01-08T23:59:59+01:00,1,5,15,26,30,39,25,68,32,46,12,6,6,16,10,32,0,0,0,0,0,0,0,0,0,0,0,0,0,0,0,0,369,0,0,0,0,0,0
2021-01-07T23:59:59+01:00,1,3,2,10,15,12,12,26,14,24,11,5,6,15,8,26,0,0,0,0,0,0,0,0,0,0,0,0,0,0,0,0,190,0,0,0,0,0,0
2021-01-06T23:59:59+01:00,1,0,2,4,13,10,8,20,12,19,11,5,6,15,8,26,0,0,0,0,0,0,0,0,0,0,0,0,0,0,0,0,160,0,0,0,0,0,0
2021-01-05T23:59:59+01:00,0,0,1,4,12,10,7,18,11,19,10,5,6,15,8,26,0,0,0,0,0,0,0,0,0,0,0,0,0,0,0,0,152,0,0,0,0,0,0
2021-01-04T23:59:59+01:00,0,0,1,4,12,9,6,14,9,17,10,5,6,15,8,26,0,0,0,0,0,0,0,0,0,0,0,0,0,0,0,0,142,0,0,0,0,0,0
2021-01-03T23:59:59+01:00,0,0,1,4,11,8,6,11,7,14,10,5,6,15,8,26,0,0,0,0,0,0,0,0,0,0,0,0,0,0,0,0,132,0,0,0,0,0,0
2021-01-02T23:59:59+01:00,0,0,1,4,11,8,6,11,7,14,10,5,6,15,8,26,0,0,0,0,0,0,0,0,0,0,0,0,0,0,0,0,132,0,0,0,0,0,0
2021-01-01T23:59:59+01:00,0,0,1,4,11,8,6,11,7,14,10,5,6,15,8,26,0,0,0,0,0,0,0,0,0,0,0,0,0,0,0,0,132,0,0,0,0,0,0
2020-12-31T23:59:59+01:00,0,0,1,4,11,8,6,11,7,14,10,5,6,15,8,26,0,0,0,0,0,0,0,0,0,0,0,0,0,0,0,0,132,0,0,0,0,0,0
2020-12-30T23:59:59+01:00,0,0,1,4,11,8,6,11,7,14,10,5,6,15,8,26,0,0,0,0,0,0,0,0,0,0,0,0,0,0,0,0,132,0,0,0,0,0,0
2020-12-29T23:59:59+01:00,0,0,1,4,8,8,6,11,5,12,10,5,6,15,8,26,0,0,0,0,0,0,0,0,0,0,0,0,0,0,0,0,125,0,0,0,0,0,0
2020-12-28T23:59:59+01:00,0,0,1,1,5,6,6,5,3,9,10,5,6,15,8,26,0,0,0,0,0,0,0,0,0,0,0,0,0,0,0,0,106,0,0,0,0,0,0
2020-12-27T23:59:59+01:00,0,0,0,0,2,3,1,4,2,6,4,4,6,15,7,25,0,0,0,0,0,0,0,0,0,0,0,0,0,0,0,0,79,0,0,0,0,0,0
