Datum,<15_1_m,<15_1_w,15-24_1_m,15-24_1_w,25-34_1_m,25-34_1_w,35-44_1_m,35-44_1_w,45-54_1_m,45-54_1_w,55-64_1_m,55-64_1_w,65-74_1_m,65-74_1_w,75-84_1_m,75-84_1_w,>84_1_m,>84_1_w,<15_2_m,<15_2_w,15-24_2_m,15-24_2_w,25-34_2_m,25-34_2_w,35-44_2_m,35-44_2_w,45-54_2_m,45-54_2_w,55-64_2_m,55-64_2_w,65-74_2_m,65-74_2_w,75-84_2_m,75-84_2_w,>84_2_m,>84_2_w,bp_1,bp_2,mo_1,mo_2,az_1,az_2,ja,unb_1,unb_2
2021-11-18T23:59:59+01:00,2427,2357,11054,10250,11939,11233,14424,14784,18329,18605,21322,21238,16620,17334,9248,11272,2990,5764,1913,1849,9997,9427,11015,10304,13529,13903,17422,17780,20660,20536,16312,17004,9079,11041,2906,5599,160212,150750,20734,20026,27892,27132,12353,16,15
2021-11-17T23:59:59+01:00,2381,2316,10993,10208,11892,11190,14388,14732,18296,18568,21285,21206,16611,17314,9243,11265,2987,5757,1903,1834,9980,9406,10995,10279,13500,13880,17401,17751,20640,20518,16293,16988,9074,11035,2905,5597,159661,150459,20729,20022,27892,27132,12351,16,15
2021-11-16T23:59:59+01:00,2369,2296,10964,10183,11863,11154,14361,14709,18268,18540,21266,21180,16601,17304,9238,11255,2986,5755,1897,1831,9969,9397,10985,10263,13488,13870,17394,17743,20630,20511,16284,16982,9069,11030,2905,5596,159438,150348,20615,20001,27892,27132,12348,16,15
2021-11-15T23:59:59+01:00,2341,2278,10927,10152,11834,11117,14340,14672,18239,18509,21253,21162,16591,17300,9238,11250,2985,5748,1891,1815,9928,9375,10965,10244,13474,13846,17376,17725,20612,20499,16278,16973,9067,11025,2904,5594,159099,150102,20603,19999,27892,27132,12343,16,15
2021-11-14T23:59:59+01:00,2337,2273,10907,10138,11813,11104,14320,14660,18226,18496,21245,21151,16588,17296,9236,11249,2983,5748,1889,1811,9923,9366,10956,10236,13467,13840,17369,17720,20609,20496,16274,16973,9064,11022,2903,5593,158954,150031,20587,19995,27892,27132,12338,16,15
2021-11-13T23:59:59+01:00,2334,2272,10900,10132,11806,11101,14315,14658,18223,18488,21242,21149,16588,17295,9235,11249,2983,5748,1889,1811,9916,9363,10955,10234,13466,13839,17368,17716,20607,20494,16272,16971,9064,11021,2903,5593,158914,150010,20581,19993,27892,27132,12332,16,15
2021-11-12T23:59:59+01:00,2324,2270,10877,10107,11796,11085,14297,14653,18214,18479,21239,21143,16583,17294,9235,11249,2982,5748,1886,1810,9910,9360,10948,10227,13462,13836,17366,17712,20603,20490,16271,16971,9064,11020,2903,5593,158775,149967,20580,19990,27892,27132,12328,16,15
2021-11-11T23:59:59+01:00,2312,2254,10827,10071,11763,11054,14261,14623,18188,18460,21228,21127,16581,17293,9234,11243,2981,5748,1883,1802,9886,9340,10931,10217,13444,13828,17360,17700,20591,20480,16271,16969,9064,11019,2903,5593,158472,149847,20562,19965,27892,27132,12322,16,15
2021-11-10T23:59:59+01:00,2294,2241,10789,10035,11725,11022,14228,14591,18159,18440,21219,21116,16577,17289,9232,11237,2980,5747,1873,1788,9865,9324,10916,10196,13425,13814,17345,17685,20584,20474,16270,16964,9062,11016,2903,5592,158163,149706,20552,19932,27892,27129,12314,16,15
2021-11-09T23:59:59+01:00,2266,2210,10766,10015,11706,10991,14214,14575,18141,18425,21209,21104,16567,17280,9230,11233,2980,5743,1867,1783,9849,9311,10904,10181,13417,13803,17338,17673,20574,20464,16264,16955,9060,11014,2901,5590,157919,149605,20532,19887,27892,27129,12312,16,15
2021-11-08T23:59:59+01:00,2243,2180,10726,9967,11667,10953,14189,14553,18115,18412,21192,21090,16563,17274,9227,11229,2980,5740,1860,1778,9823,9292,10889,10160,13407,13791,17331,17659,20561,20453,16259,16946,9057,11010,2899,5589,157577,149469,20525,19846,27892,27128,12306,16,15
2021-11-07T23:59:59+01:00,2215,2160,10693,9953,11645,10934,14168,14542,18098,18400,21186,21082,16560,17272,9225,11225,2980,5738,1858,1772,9809,9286,10878,10150,13396,13780,17319,17643,20549,20446,16253,16940,9056,11006,2899,5589,157374,149405,20513,19785,27892,27127,12297,16,15
2021-11-06T23:59:59+01:00,2180,2128,10630,9899,11589,10864,14106,14492,18050,18367,21165,21057,16553,17263,9222,11222,2979,5737,1856,1770,9801,9280,10873,10146,13389,13775,17314,17637,20544,20444,16252,16937,9054,11006,2899,5588,156806,149345,20512,19785,27892,27127,12293,16,15
2021-11-05T23:59:59+01:00,2141,2088,10568,9845,11526,10814,14052,14435,17995,18313,21133,21030,16546,17251,9219,11218,2978,5737,1847,1756,9783,9266,10863,10134,13373,13764,17300,17623,20534,20434,16246,16929,9052,11002,2899,5588,156197,149179,20512,19784,27892,27127,12288,16,15
2021-11-04T23:59:59+01:00,2110,2050,10543,9828,11510,10801,14034,14419,17987,18303,21126,21022,16543,17247,9216,11215,2977,5734,1834,1741,9768,9242,10846,10112,13354,13745,17289,17605,20520,20417,16242,16923,9047,10994,2894,5581,155993,148952,20499,19779,27892,27127,12281,16,15
2021-11-03T23:59:59+01:00,2083,2025,10500,9794,11471,10762,13996,14397,17961,18277,21106,21002,16536,17242,9213,11213,2975,5731,1824,1730,9746,9227,10831,10098,13336,13724,17279,17591,20509,20408,16236,16916,9043,10992,2891,5575,155627,148761,20491,19779,27892,27127,12274,16,15
2021-11-02T23:59:59+01:00,2064,2012,10486,9781,11456,10744,13982,14385,17947,18267,21095,20991,16536,17239,9213,11208,2975,5729,1813,1716,9724,9207,10816,10080,13324,13709,17270,17580,20502,20401,16229,16909,9040,10989,2888,5571,155459,148581,20491,19777,27892,27127,12268,16,15
2021-11-01T23:59:59+01:00,2055,2000,10475,9760,11433,10730,13963,14378,17935,18258,21089,20987,16533,17238,9213,11208,2975,5728,1798,1697,9704,9186,10796,10064,13308,13691,17261,17574,20493,20392,16224,16903,9037,10987,2888,5568,155318,148398,20486,19769,27892,27127,12262,16,15
2021-10-31T23:59:59+01:00,2055,2000,10474,9759,11432,10729,13962,14377,17935,18258,21088,20987,16533,17237,9213,11207,2975,5728,1795,1695,9703,9186,10796,10063,13308,13691,17260,17573,20492,20392,16222,16901,9036,10986,2888,5568,155309,148382,20486,19769,27892,27127,12262,16,15
2021-10-30T23:59:59+02:00,2048,1991,10429,9738,11380,10695,13918,14339,17876,18224,21055,20965,16529,17232,9213,11205,2974,5727,1795,1695,9701,9183,10792,10060,13306,13690,17258,17569,20486,20388,16222,16900,9036,10986,2888,5568,154898,148350,20486,19769,27892,27127,12262,16,15
2021-10-29T23:59:59+02:00,2034,1972,10391,9717,11338,10658,13884,14298,17839,18191,21033,20946,16522,17226,9211,11204,2973,5726,1792,1695,9693,9179,10788,10054,13296,13682,17247,17564,20478,20381,16219,16899,9036,10984,2888,5567,154528,148276,20486,19767,27892,27127,12257,16,15
2021-10-28T23:59:59+02:00,2026,1964,10375,9706,11320,10648,13867,14291,17829,18179,21023,20943,16520,17225,9208,11201,2973,5724,1786,1694,9672,9166,10776,10042,13285,13674,17239,17558,20474,20376,16217,16897,9036,10981,2888,5566,154406,148178,20483,19765,27891,27127,12242,16,15
2021-10-27T23:59:59+02:00,2015,1954,10362,9698,11305,10640,13850,14280,17818,18172,21017,20939,16520,17219,9207,11197,2971,5720,1763,1665,9639,9127,10760,10006,13266,13644,17219,17542,20460,20366,16205,16894,9036,10980,2885,5564,154282,147883,20474,19759,27891,27127,12237,16,15
2021-10-26T23:59:59+02:00,2004,1938,10343,9681,11287,10630,13832,14265,17810,18159,21010,20933,16519,17218,9202,11191,2971,5718,1727,1629,9574,9062,10732,9968,13242,13610,17195,17512,20447,20354,16198,16883,9032,10974,2884,5562,154119,147459,20474,19758,27891,27126,12227,16,15
2021-10-25T23:59:59+02:00,2002,1935,10327,9674,11278,10624,13830,14260,17805,18156,21008,20930,16517,17217,9201,11190,2971,5718,1724,1623,9569,9059,10728,9966,13237,13609,17190,17509,20444,20354,16196,16882,9032,10971,2884,5560,154058,147416,20473,19758,27890,27126,12222,16,15
2021-10-24T23:59:59+02:00,1996,1931,10316,9668,11265,10619,13825,14256,17802,18154,21003,20926,16516,17217,9201,11187,2970,5717,1714,1617,9552,9046,10720,9957,13232,13602,17188,17506,20438,20354,16195,16880,9032,10970,2882,5560,153992,147330,20471,19758,27890,27126,12216,16,15
2021-10-23T23:59:59+02:00,1993,1928,10278,9640,11229,10594,13795,14227,17773,18132,20982,20911,16510,17208,9198,11182,2970,5715,1714,1616,9551,9045,10720,9954,13229,13599,17187,17506,20438,20354,16195,16879,9032,10969,2882,5560,153690,147317,20471,19758,27890,27126,12214,16,15
2021-10-22T23:59:59+02:00,1981,1915,10247,9619,11215,10563,13757,14210,17753,18113,20958,20894,16504,17208,9197,11180,2970,5715,1706,1607,9533,9035,10713,9943,13220,13587,17184,17498,20433,20351,16192,16874,9031,10968,2881,5557,153435,147210,20469,19758,27890,27125,12205,16,15
2021-10-21T23:59:59+02:00,1976,1912,10241,9613,11198,10552,13744,14207,17744,18108,20955,20893,16503,17207,9195,11180,2970,5714,1700,1598,9522,9028,10708,9932,13216,13574,17176,17491,20429,20344,16190,16873,9030,10966,2881,5557,153355,147120,20465,19753,27890,27125,12202,16,15
2021-10-20T23:59:59+02:00,1967,1903,10221,9603,11187,10533,13734,14199,17739,18098,20947,20888,16500,17203,9193,11177,2970,5714,1682,1579,9498,8993,10694,9911,13198,13554,17156,17474,20415,20331,16188,16867,9028,10963,2879,5557,153226,146879,20463,19751,27890,27125,12197,16,15
2021-10-19T23:59:59+02:00,1962,1897,10209,9596,11178,10523,13727,14194,17733,18094,20940,20884,16499,17201,9193,11177,2969,5713,1660,1559,9454,8949,10661,9880,13173,13528,17129,17451,20404,20320,16179,16854,9023,10960,2879,5556,153150,146541,20461,19750,27890,27125,12188,16,15
2021-10-18T23:59:59+02:00,1956,1880,10181,9578,11163,10507,13720,14181,17719,18087,20930,20876,16495,17196,9190,11171,2969,5710,1634,1539,9424,8910,10636,9854,13150,13499,17107,17435,20387,20306,16170,16846,9015,10950,2878,5553,152972,146218,20460,19748,27890,27125,12187,16,15
2021-10-17T23:59:59+02:00,1956,1879,10176,9577,11160,10503,13716,14179,17717,18083,20927,20875,16492,17196,9190,11171,2967,5708,1634,1536,9422,8906,10629,9852,13148,13498,17102,17430,20385,20305,16169,16845,9015,10949,2878,5553,152938,146185,20459,19746,27890,27125,12185,16,15
2021-10-16T23:59:59+02:00,1952,1875,10166,9571,11155,10503,13710,14168,17714,18081,20922,20873,16490,17192,9188,11170,2967,5707,1634,1536,9422,8905,10628,9852,13147,13497,17102,17428,20384,20305,16169,16845,9015,10949,2878,5553,152871,146179,20459,19746,27890,27125,12184,16,15
2021-10-15T23:59:59+02:00,1949,1871,10158,9558,11148,10497,13702,14156,17705,18070,20917,20861,16489,17191,9187,11169,2967,5706,1630,1529,9406,8891,10618,9845,13138,13490,17098,17423,20378,20300,16167,16845,9015,10949,2877,5553,152771,146086,20459,19745,27890,27125,12181,16,15
2021-10-14T23:59:59+02:00,1944,1863,10146,9547,11139,10482,13686,14148,17699,18060,20906,20850,16486,17188,9187,11166,2966,5704,1623,1526,9396,8878,10609,9834,13129,13482,17093,17418,20368,20292,16161,16839,9012,10948,2877,5553,152679,145992,20428,19736,27890,27125,12170,16,15
2021-10-13T23:59:59+02:00,1940,1852,10131,9528,11125,10475,13672,14138,17684,18049,20899,20842,16483,17180,9184,11160,2963,5702,1614,1519,9385,8859,10595,9821,13116,13469,17081,17407,20363,20282,16159,16833,9007,10939,2876,5550,152558,145913,20391,19655,27890,27124,12168,16,15
2021-10-12T23:59:59+02:00,1930,1843,10116,9515,11115,10458,13667,14133,17682,18043,20893,20839,16481,17177,9182,11159,2963,5702,1602,1509,9357,8836,10586,9806,13103,13453,17068,17397,20353,20274,16150,16824,9002,10931,2875,5542,152518,145789,20323,19573,27890,27124,12167,16,15
2021-10-11T23:59:59+02:00,1921,1834,10097,9499,11097,10449,13653,14124,17671,18027,20885,20829,16475,17175,9179,11155,2962,5700,1574,1482,9325,8796,10565,9775,13080,13424,17053,17382,20341,20265,16141,16820,8999,10927,2874,5538,152418,145640,20264,19422,27890,27124,12160,16,15
2021-10-10T23:59:59+02:00,1920,1829,10087,9492,11092,10442,13643,14117,17663,18019,20875,20823,16475,17175,9176,11151,2961,5700,1572,1481,9318,8792,10557,9771,13074,13419,17048,17379,20336,20265,16140,16820,8997,10924,2874,5536,152393,145596,20201,19412,27890,27124,12156,16,15
2021-10-09T23:59:59+02:00,1920,1829,10087,9492,11091,10442,13643,14117,17662,18019,20875,20823,16475,17175,9176,11151,2961,5700,1571,1481,9315,8788,10557,9769,13073,13418,17046,17379,20335,20264,16140,16820,8997,10924,2874,5536,152392,145583,20200,19409,27890,27124,12156,16,15
2021-10-08T23:59:59+02:00,1911,1820,10072,9484,11082,10436,13633,14106,17652,18011,20865,20818,16468,17169,9175,11148,2960,5699,1565,1474,9309,8779,10551,9763,13067,13411,17044,17376,20334,20263,16138,16819,8997,10923,2874,5536,152265,145527,20200,19403,27890,27124,12154,16,15
2021-10-07T23:59:59+02:00,1899,1806,10042,9451,11054,10408,13604,14088,17644,17998,20847,20805,16462,17164,9172,11144,2959,5697,1559,1466,9297,8760,10542,9747,13061,13400,17039,17367,20326,20258,16134,16815,8993,10920,2874,5535,152022,145416,20195,19401,27890,27124,12137,16,15
2021-10-06T23:59:59+02:00,1881,1782,10016,9431,11038,10393,13588,14068,17636,17986,20835,20796,16458,17159,9169,11142,2959,5696,1518,1410,9255,8697,10519,9710,13027,13362,17012,17340,20306,20239,16123,16806,8988,10916,2874,5531,151819,144965,20192,19400,27890,27124,12129,16,15
2021-10-05T23:59:59+02:00,1871,1770,10003,9409,11027,10376,13574,14052,17627,17977,20825,20791,16454,17153,9168,11142,2958,5696,1500,1387,9235,8672,10504,9689,13017,13350,17004,17324,20294,20230,16117,16802,8985,10910,2870,5527,151680,144770,20192,19400,27890,27124,12108,16,15
2021-10-04T23:59:59+02:00,1859,1760,9977,9395,11014,10360,13559,14039,17616,17963,20811,20778,16453,17148,9166,11140,2957,5696,1484,1373,9213,8651,10482,9666,13012,13339,16995,17304,20283,20210,16114,16797,8983,10908,2869,5527,151527,144588,20187,19400,27890,27123,12084,16,15
2021-10-03T23:59:59+02:00,1853,1755,9970,9389,11003,10349,13554,14032,17609,17958,20803,20774,16450,17143,9164,11139,2957,5696,1481,1368,9205,8642,10469,9659,13008,13334,16991,17297,20274,20205,16111,16795,8983,10906,2869,5527,151465,144533,20187,19400,27890,27123,12053,16,15
2021-10-02T23:59:59+02:00,1853,1755,9969,9386,11001,10348,13551,14032,17609,17958,20801,20772,16449,17142,9164,11139,2957,5696,1481,1368,9204,8640,10466,9655,13006,13332,16991,17297,20273,20203,16110,16793,8983,10906,2869,5527,151459,144525,20187,19398,27890,27123,12043,16,15
2021-10-01T23:59:59+02:00,1850,1751,9954,9371,10993,10333,13542,14024,17600,17951,20795,20768,16446,17138,9162,11138,2955,5694,1471,1354,9187,8622,10452,9644,13004,13321,16980,17290,20264,20196,16109,16793,8982,10901,2868,5525,151361,144401,20186,19398,27889,27123,12026,16,15
2021-09-30T23:59:59+02:00,1847,1747,9938,9363,10981,10323,13532,14007,17592,17938,20786,20761,16446,17137,9160,11136,2954,5693,1462,1350,9164,8614,10440,9634,12997,13309,16970,17286,20258,20192,16107,16793,8979,10901,2868,5525,151284,144335,20184,19395,27889,27123,11981,16,15
2021-09-29T23:59:59+02:00,1834,1713,9909,9327,10957,10297,13517,13987,17577,17926,20768,20750,16438,17129,9158,11133,2953,5690,1458,1336,9154,8599,10426,9619,12994,13295,16965,17273,20249,20184,16101,16784,8975,10898,2867,5524,151023,144205,20184,19394,27889,27123,11964,16,15
2021-09-28T23:59:59+02:00,1807,1688,9856,9273,10935,10261,13485,13960,17549,17896,20751,20730,16429,17116,9154,11123,2952,5687,1437,1320,9135,8571,10412,9597,12977,13282,16955,17261,20236,20173,16092,16775,8968,10891,2867,5523,150639,144003,20184,19393,27888,27123,11938,16,15
2021-09-27T23:59:59+02:00,1790,1675,9830,9255,10909,10239,13465,13933,17531,17876,20742,20723,16423,17111,9150,11120,2952,5686,1423,1308,9116,8549,10390,9577,12956,13256,16940,17244,20225,20164,16088,16772,8966,10888,2867,5522,150471,143854,20175,19388,27888,27121,11873,16,15
2021-09-26T23:59:59+02:00,1783,1669,9819,9245,10891,10226,13455,13926,17524,17870,20732,20722,16421,17107,9150,11119,2951,5686,1421,1307,9110,8541,10380,9573,12947,13250,16936,17239,20218,20162,16086,16770,8966,10888,2867,5522,150388,143818,20174,19387,27888,27120,11843,16,15
2021-09-25T23:59:59+02:00,1783,1668,9816,9244,10890,10226,13453,13925,17524,17870,20732,20722,16421,17106,9150,11119,2951,5686,1421,1307,9110,8538,10378,9573,12946,13248,16936,17239,20218,20162,16086,16769,8966,10888,2867,5522,150383,143814,20174,19387,27888,27120,11838,16,15
2021-09-24T23:59:59+02:00,1775,1652,9799,9232,10887,10216,13449,13914,17521,17866,20729,20718,16418,17105,9150,11119,2950,5686,1411,1301,9093,8525,10372,9562,12942,13244,16930,17233,20217,20158,16084,16767,8965,10888,2867,5522,150295,143731,20172,19387,27888,27120,11828,16,15
2021-09-23T23:59:59+02:00,1772,1650,9737,9188,10785,10151,13351,13840,17436,17800,20676,20671,16394,17087,9143,11108,2950,5683,1410,1298,9036,8486,10271,9502,12853,13183,16849,17171,20166,20114,16061,16746,8957,10876,2867,5519,150217,143703,20170,19384,27888,27120,11143,16,15
2021-09-22T23:59:59+02:00,1750,1633,9708,9155,10770,10122,13325,13809,17408,17777,20661,20649,16390,17079,9141,11101,2947,5682,1404,1281,9011,8471,10250,9485,12838,13168,16830,17161,20155,20109,16055,16744,8954,10870,2865,5516,149931,143533,20166,19381,27888,27120,11118,16,15
2021-09-21T23:59:59+02:00,1719,1603,9651,9089,10734,10087,13297,13767,17378,17754,20646,20638,16378,17065,9137,11099,2945,5676,1388,1250,8976,8437,10234,9467,12816,13141,16804,17131,20144,20098,16045,16737,8949,10867,2865,5514,149507,143248,20164,19379,27887,27120,11101,16,15
2021-09-20T23:59:59+02:00,1687,1579,9596,9037,10687,10036,13261,13726,17357,17735,20622,20620,16368,17058,9128,11087,2944,5672,1371,1223,8941,8410,10215,9444,12788,13118,16782,17113,20124,20078,16036,16728,8942,10859,2863,5512,149106,142994,20162,19378,27887,27119,11041,16,15
2021-09-19T23:59:59+02:00,1686,1578,9592,9029,10679,10031,13253,13724,17349,17729,20615,20616,16366,17055,9127,11085,2941,5669,1367,1222,8935,8404,10210,9442,12784,13116,16779,17111,20121,20074,16035,16728,8942,10859,2863,5511,149052,142972,20159,19376,27887,27118,11022,16,15
2021-09-18T23:59:59+02:00,1686,1578,9592,9028,10677,10027,13250,13720,17346,17729,20614,20616,16366,17055,9127,11085,2941,5669,1365,1222,8933,8401,10208,9440,12783,13113,16775,17110,20120,20074,16035,16728,8942,10859,2863,5511,149046,142963,20159,19376,27887,27118,11010,16,15
2021-09-17T23:59:59+02:00,1680,1568,9575,9005,10664,10011,13234,13706,17335,17718,20609,20605,16364,17053,9126,11083,2940,5668,1363,1220,8926,8395,10201,9434,12774,13107,16771,17105,20117,20065,16035,16726,8941,10858,2863,5511,148931,142939,20157,19376,27887,27117,10965,16,15
2021-09-16T23:59:59+02:00,1676,1567,9558,8989,10648,9994,13223,13694,17323,17710,20597,20594,16363,17049,9123,11080,2940,5666,1360,1220,8920,8389,10193,9427,12766,13101,16763,17100,20107,20060,16035,16725,8941,10855,2863,5509,148827,142910,20154,19373,27887,27114,10922,16,15
2021-09-15T23:59:59+02:00,1663,1552,9531,8962,10624,9974,13194,13666,17304,17686,20580,20576,16357,17042,9114,11072,2940,5662,1336,1186,8873,8349,10163,9386,12732,13061,16738,17080,20078,20040,16028,16713,8936,10852,2863,5507,148660,142573,20086,19360,27887,27111,10862,16,15
2021-09-14T23:59:59+02:00,1651,1542,9498,8932,10607,9954,13175,13643,17281,17668,20565,20562,16340,17029,9104,11061,2936,5650,1314,1174,8840,8317,10146,9369,12722,13038,16722,17061,20061,20020,16024,16706,8933,10845,2862,5503,148458,142332,20009,19359,27887,27111,10840,16,15
2021-09-13T23:59:59+02:00,1617,1506,9455,8877,10581,9920,13152,13600,17260,17649,20543,20549,16334,17023,9101,11055,2934,5644,1291,1159,8805,8289,10130,9346,12701,13006,16709,17044,20045,20004,16018,16692,8927,10843,2861,5499,148239,142077,19854,19351,27887,27110,10816,16,15
2021-09-12T23:59:59+02:00,1615,1503,9443,8870,10569,9914,13145,13590,17255,17645,20540,20544,16333,17020,9099,11054,2934,5641,1274,1143,8781,8268,10109,9335,12684,12992,16698,17037,20037,19995,16015,16688,8926,10837,2861,5498,148190,141919,19848,19350,27887,27109,10785,16,15
2021-09-11T23:59:59+02:00,1615,1503,9441,8865,10564,9910,13142,13588,17254,17642,20537,20542,16333,17018,9098,11054,2934,5641,1274,1143,8772,8265,10107,9334,12679,12991,16697,17034,20035,19994,16015,16687,8925,10837,2861,5498,148179,141913,19844,19345,27887,27109,10767,16,14
2021-09-10T23:59:59+02:00,1614,1502,9437,8861,10555,9903,13130,13583,17249,17635,20535,20538,16332,17017,9098,11054,2934,5641,1273,1142,8768,8262,10100,9326,12668,12985,16691,17029,20032,19990,16015,16686,8925,10836,2861,5498,148150,141891,19843,19339,27887,27109,10734,16,14
2021-09-09T23:59:59+02:00,1611,1497,9421,8855,10544,9890,13116,13566,17233,17626,20520,20526,16329,17016,9096,11050,2933,5638,1270,1138,8758,8256,10093,9316,12663,12971,16673,17022,20020,19980,16013,16684,8923,10829,2860,5496,148067,141837,19841,19339,27887,27108,10667,16,14
2021-09-08T23:59:59+02:00,1573,1449,9378,8796,10513,9851,13089,13529,17199,17600,20501,20506,16313,17002,9092,11044,2933,5636,1268,1131,8734,8240,10074,9300,12643,12954,16657,17013,20004,19972,16006,16678,8922,10825,2860,5496,147656,141705,19840,19334,27887,27108,10616,16,14
2021-09-07T23:59:59+02:00,1555,1424,9358,8774,10494,9832,13079,13519,17190,17588,20495,20501,16309,16999,9091,11039,2932,5634,1268,1129,8726,8233,10066,9298,12635,12952,16653,17004,20000,19969,16006,16676,8922,10822,2860,5496,147481,141663,19838,19332,27887,27104,10602,16,14
2021-09-06T23:59:59+02:00,1542,1412,9334,8750,10473,9811,13069,13505,17179,17574,20486,20485,16307,16996,9089,11039,2931,5634,1265,1129,8720,8223,10058,9291,12630,12944,16647,16999,19995,19962,16004,16676,8919,10819,2860,5495,147305,141606,19837,19329,27885,27103,10584,16,14
2021-09-05T23:59:59+02:00,1539,1409,9326,8740,10464,9806,13064,13499,17176,17567,20480,20482,16303,16993,9089,11038,2931,5634,1262,1121,8712,8217,10051,9281,12624,12938,16641,16993,19987,19960,16002,16674,8919,10818,2860,5495,147253,141552,19837,19329,27885,27100,10560,16,14
2021-09-04T23:59:59+02:00,1538,1409,9325,8738,10463,9806,13063,13498,17176,17567,20478,20480,16303,16993,9089,11038,2931,5634,1261,1121,8712,8217,10050,9279,12623,12938,16640,16992,19986,19960,16002,16674,8919,10818,2860,5495,147247,141546,19834,19329,27885,27100,10558,16,14
2021-09-03T23:59:59+02:00,1528,1395,9304,8720,10450,9795,13058,13488,17161,17555,20466,20470,16299,16987,9088,11033,2931,5631,1261,1120,8696,8205,10038,9271,12616,12931,16624,16982,19983,19952,15998,16667,8918,10814,2860,5492,147145,141494,19830,19327,27885,27100,10493,16,14
2021-09-02T23:59:59+02:00,1517,1386,9251,8689,10390,9744,12983,13430,17111,17518,20407,20426,16267,16960,9078,11022,2930,5626,1253,1115,8652,8180,9980,9227,12547,12881,16580,16949,19923,19911,15966,16644,8911,10806,2860,5487,147016,141437,19829,19323,27884,27098,10000,16,14
2021-09-01T23:59:59+02:00,1513,1369,9231,8675,10368,9732,12970,13417,17099,17504,20397,20421,16263,16954,9071,11018,2930,5625,1242,1107,8635,8160,9964,9210,12536,12870,16567,16938,19907,19900,15962,16639,8908,10800,2860,5486,146905,141304,19807,19321,27884,27097,9955,16,14
2021-08-31T23:59:59+02:00,1497,1351,9217,8649,10357,9720,12959,13410,17094,17492,20390,20413,16258,16950,9069,11013,2930,5625,1229,1093,8619,8142,9958,9198,12521,12859,16556,16933,19904,19893,15958,16637,8907,10797,2860,5486,146751,141177,19806,19318,27884,27094,9947,16,14
2021-08-30T23:59:59+02:00,1476,1334,9199,8627,10343,9704,12948,13395,17081,17472,20378,20404,16254,16947,9067,11011,2930,5624,1221,1082,8593,8128,9944,9186,12510,12839,16543,16916,19896,19886,15953,16631,8905,10792,2858,5484,146587,141041,19806,19314,27881,27085,9913,16,14
2021-08-29T23:59:59+02:00,1475,1333,9197,8621,10336,9695,12946,13390,17072,17467,20374,20399,16251,16942,9067,11011,2930,5623,1220,1079,8590,8122,9935,9174,12505,12833,16535,16911,19892,19883,15950,16624,8904,10792,2858,5483,146570,141019,19806,19313,27881,27079,9865,16,14
2021-08-28T23:59:59+02:00,1474,1333,9194,8617,10336,9694,12945,13389,17072,17466,20373,20398,16251,16942,9067,11011,2930,5623,1219,1077,8586,8122,9934,9174,12504,12832,16535,16910,19891,19882,15950,16624,8904,10792,2858,5483,146562,141014,19806,19311,27881,27079,9859,16,14
2021-08-27T23:59:59+02:00,1464,1322,9181,8610,10331,9687,12942,13387,17069,17460,20368,20393,16250,16940,9066,11011,2930,5623,1214,1071,8576,8115,9931,9169,12499,12829,16533,16903,19890,19881,15949,16623,8903,10791,2858,5483,146488,140968,19805,19309,27881,27074,9853,16,14
2021-08-26T23:59:59+02:00,1461,1321,9174,8606,10324,9681,12934,13386,17066,17458,20366,20388,16247,16937,9063,11006,2929,5623,1211,1069,8567,8104,9923,9163,12491,12826,16528,16901,19888,19876,15946,16619,8900,10788,2857,5483,146467,140937,19803,19309,27881,27068,9812,16,14
2021-08-25T23:59:59+02:00,1447,1296,9067,8550,10237,9609,12845,13313,16947,17375,20271,20332,16200,16900,9048,10985,2924,5612,1199,1061,8474,8050,9839,9101,12400,12761,16423,16828,19801,19822,15902,16581,8886,10768,2852,5470,146228,140790,19802,19308,27881,27066,9040,16,14
2021-08-24T23:59:59+02:00,1428,1271,9036,8520,10223,9589,12816,13284,16916,17339,20257,20316,16185,16890,9043,10979,2924,5609,1194,1052,8451,8037,9822,9089,12384,12750,16412,16813,19794,19812,15896,16577,8886,10766,2852,5469,145939,140672,19800,19306,27881,27066,8998,16,14
2021-08-23T23:59:59+02:00,1410,1246,8994,8483,10209,9570,12784,13264,16897,17321,20241,20291,16172,16878,9032,10972,2923,5603,1193,1046,8426,8021,9796,9070,12370,12744,16400,16804,19783,19796,15890,16569,8881,10761,2851,5466,145673,140574,19800,19304,27881,27046,8929,16,14
2021-08-22T23:59:59+02:00,1410,1246,8984,8478,10202,9563,12783,13260,16893,17315,20238,20288,16169,16874,9028,10972,2923,5602,1192,1045,8410,8015,9789,9059,12366,12739,16397,16797,19781,19792,15887,16564,8877,10759,2851,5465,145659,140545,19800,19302,27881,27043,8881,16,14
2021-08-21T23:59:59+02:00,1410,1245,8979,8478,10201,9561,12780,13259,16892,17315,20237,20287,16169,16874,9028,10972,2923,5602,1190,1043,8288,7934,9688,8965,12278,12629,16305,16727,19725,19749,15867,16549,8874,10748,2850,5463,145653,140540,19797,18402,27881,27042,8874,16,14
2021-08-20T23:59:59+02:00,1409,1243,8971,8476,10193,9553,12773,13249,16889,17313,20230,20282,16166,16874,9028,10970,2922,5601,1041,903,7931,7609,9536,8806,12134,12488,16182,16618,19618,19653,15828,16500,8862,10724,2848,5462,145618,138447,19797,18402,27881,27041,8839,16,14
2021-08-19T23:59:59+02:00,1404,1241,8960,8470,10186,9544,12764,13243,16884,17311,20225,20280,16165,16872,9028,10969,2922,5600,921,789,7670,7340,9407,8700,11990,12369,16088,16513,19521,19566,15786,16453,8851,10705,2847,5454,145576,136719,19794,18394,27880,27032,8811,16,14
2021-08-18T23:59:59+02:00,1380,1209,8914,8434,10159,9513,12736,13207,16854,17288,20199,20251,16152,16858,9022,10963,2918,5595,920,788,7657,7330,9395,8692,11976,12352,16074,16504,19513,19557,15780,16446,8847,10701,2844,5451,145269,136672,19781,18393,27877,27031,8717,16,14
2021-08-17T23:59:59+02:00,1355,1196,8878,8402,10144,9492,12720,13182,16839,17267,20176,20229,16144,16848,9019,10956,2916,5590,915,786,7644,7315,9378,8684,11965,12343,16067,16494,19502,19551,15773,16440,8846,10699,2843,5449,145024,136602,19778,18388,27876,27025,8667,16,12
2021-08-16T23:59:59+02:00,1332,1178,8840,8376,10125,9473,12696,13157,16829,17250,20156,20214,16139,16836,9015,10955,2915,5590,914,786,7635,7303,9362,8681,11955,12337,16064,16488,19493,19544,15770,16437,8846,10699,2843,5449,144790,136560,19776,18384,27876,27024,8626,16,12
2021-08-15T23:59:59+02:00,1314,1161,8821,8357,10112,9459,12680,13144,16817,17241,20142,20201,16133,16830,9015,10950,2915,5590,912,785,7623,7293,9345,8665,11941,12326,16056,16480,19487,19539,15761,16433,8845,10696,2843,5449,144643,136502,19775,18379,27874,27004,8582,16,12
2021-08-14T23:59:59+02:00,1313,1161,8821,8357,10111,9459,12679,13142,16817,17240,20141,20199,16133,16830,9015,10950,2915,5590,793,668,7305,7001,9200,8498,11768,12161,15938,16350,19393,19451,15735,16409,8836,10683,2843,5445,144637,134514,19775,18377,27874,26995,8579,16,12
2021-08-13T23:59:59+02:00,1308,1159,8809,8349,10101,9451,12666,13131,16801,17231,20133,20191,16130,16825,9013,10949,2914,5590,632,523,6919,6641,9030,8338,11560,11944,15718,16170,19252,19328,15701,16370,8824,10669,2841,5441,144608,132034,19775,18377,27874,26992,8486,16,12
2021-08-12T23:59:59+02:00,1307,1159,8808,8346,10094,9445,12663,13131,16795,17222,20129,20186,16129,16821,9011,10947,2914,5590,628,521,6912,6634,9016,8330,11548,11942,15707,16163,19248,19322,15699,16365,8822,10668,2841,5441,144591,131998,19774,18374,27874,26974,8449,16,12
2021-08-11T23:59:59+02:00,1304,1155,8804,8339,10085,9438,12656,13127,16789,17218,20123,20184,16127,16818,9010,10947,2914,5589,624,520,6905,6623,8998,8319,11537,11938,15703,16156,19240,19316,15695,16362,8821,10668,2841,5439,144542,131933,19770,18368,27874,26960,8432,16,12
2021-08-10T23:59:59+02:00,1303,1155,8802,8337,10081,9432,12653,13122,16787,17216,20122,20179,16125,16816,9010,10946,2914,5589,607,512,6860,6577,8964,8303,11518,11918,15677,16144,19233,19306,15693,16360,8821,10666,2841,5439,144513,131687,19770,18364,27874,26953,8423,16,12
2021-08-09T23:59:59+02:00,1303,1153,8796,8334,10077,9423,12651,13119,16780,17214,20116,20179,16123,16816,9009,10946,2914,5589,601,507,6840,6554,8943,8283,11505,11907,15661,16132,19227,19301,15690,16359,8819,10665,2841,5439,144485,131551,19770,18360,27872,26944,8407,15,12
2021-08-08T23:59:59+02:00,1303,1152,8793,8328,10075,9419,12642,13116,16775,17210,20114,20176,16121,16812,9008,10945,2913,5588,600,505,6837,6543,8929,8276,11488,11899,15654,16123,19225,19296,15687,16355,8818,10664,2840,5438,144473,131504,19769,18353,27872,26940,8368,15,12
2021-08-07T23:59:59+02:00,1303,1144,8785,8321,10066,9412,12639,13110,16768,17206,20107,20171,16117,16807,9006,10944,2912,5588,423,358,6185,5973,8658,8053,11217,11668,15455,15948,19139,19220,15667,16331,8811,10657,2837,5437,144427,128415,19768,18340,27872,26939,8331,15,12
2021-08-06T23:59:59+02:00,1297,1143,8776,8309,10052,9400,12619,13091,16750,17194,20090,20159,16110,16799,9006,10941,2912,5587,420,357,6172,5959,8642,8038,11193,11646,15433,15931,19122,19208,15660,16324,8811,10654,2837,5436,144389,128360,19765,18333,27872,26937,8201,15,12
2021-08-05T23:59:59+02:00,1294,1141,8768,8302,10043,9391,12606,13083,16744,17191,20082,20155,16109,16799,9006,10940,2912,5587,418,352,5888,5723,8292,7741,10829,11370,15108,15693,18873,19040,15640,16299,8801,10647,2836,5435,144341,128263,19761,15631,27868,26904,8175,15,12
2021-08-04T23:59:59+02:00,1293,1138,8762,8298,10038,9389,12600,13079,16739,17189,20080,20152,16109,16799,9005,10939,2912,5586,416,350,5874,5715,8263,7731,10808,11358,15091,15687,18868,19035,15639,16296,8800,10647,2836,5435,144309,128163,19760,15623,27867,26888,8163,15,12
2021-08-03T23:59:59+02:00,1286,1135,8758,8288,10033,9385,12595,13076,16734,17187,20075,20151,16107,16799,9004,10937,2912,5585,395,334,5762,5602,8168,7661,10691,11281,15042,15634,18839,19020,15635,16294,8799,10645,2834,5434,144266,127436,19758,15615,27867,26859,8148,15,12
2021-08-02T23:59:59+02:00,1280,1129,8745,8280,10026,9378,12590,13070,16728,17177,20068,20147,16105,16796,9002,10934,2911,5584,358,302,5592,5442,8040,7554,10566,11165,14970,15551,18807,18995,15627,16285,8793,10645,2834,5434,144184,126370,19752,15610,27866,26828,8140,15,12
2021-08-01T23:59:59+02:00,1278,1128,8738,8273,10019,9371,12584,13068,16723,17175,20063,20145,16105,16796,9001,10932,2911,5584,342,282,5532,5385,7990,7505,10504,11113,14933,15525,18794,18977,15624,16282,8791,10642,2834,5432,144140,125929,19750,15606,27865,26809,8131,15,12
2021-07-31T23:59:59+02:00,1278,1128,8737,8270,10019,9370,12581,13068,16722,17175,20062,20143,16105,16796,9001,10932,2911,5584,337,278,5506,5364,7974,7492,10485,11099,14920,15519,18789,18974,15623,16281,8791,10642,2834,5432,144138,125796,19749,15602,27865,26808,8122,15,12
2021-07-30T23:59:59+02:00,1146,1007,8509,8042,9926,9251,12501,12984,16642,17103,20002,20076,16073,16757,8995,10915,2910,5581,281,215,5213,5091,7836,7351,10297,10906,14784,15354,18721,18917,15599,16253,8778,10629,2830,5428,142684,123970,19747,15594,27865,26791,8116,15,12
2021-07-29T23:59:59+02:00,1139,999,8379,7953,9772,9154,12349,12883,16493,17008,19839,19966,15987,16689,8970,10896,2909,5574,234,182,4919,4859,7561,7160,10018,10705,14537,15179,18527,18797,15513,16179,8751,10608,2829,5418,142563,122868,19744,15553,27865,26765,6778,15,12
2021-07-28T23:59:59+02:00,1128,985,8350,7917,9758,9138,12327,12868,16475,16985,19821,19956,15980,16676,8963,10892,2909,5572,137,107,4497,4431,7244,6909,9698,10405,14301,14997,18470,18756,15498,16168,8746,10597,2829,5408,142321,120220,19742,15499,27863,26702,6765,15,12
2021-07-27T23:59:59+02:00,1118,977,8326,7903,9745,9131,12315,12859,16468,16979,19814,19943,15978,16670,8961,10889,2908,5570,111,91,4262,4184,7013,6710,9451,10126,14142,14836,18419,18691,15449,16122,8729,10581,2826,5401,142183,118200,19740,15496,27863,26677,6759,15,12
2021-07-26T23:59:59+02:00,1114,974,8313,7891,9738,9126,12309,12853,16461,16971,19807,19942,15975,16665,8959,10885,2907,5565,108,85,4155,4077,6910,6598,9324,10004,14058,14753,18372,18657,15438,16111,8719,10573,2823,5399,142104,117295,19737,15485,27852,26619,6753,15,12
2021-07-25T23:59:59+02:00,1113,973,8304,7888,9725,9122,12299,12850,16456,16964,19804,19941,15973,16665,8959,10885,2907,5565,106,83,4105,4027,6832,6549,9252,9948,14021,14721,18347,18643,15420,16098,8712,10567,2823,5397,142078,116854,19733,15468,27851,26596,6721,15,12
2021-07-24T23:59:59+02:00,1111,970,8218,7826,9652,9042,12232,12773,16388,16911,19763,19903,15952,16651,8956,10875,2907,5564,99,81,4061,3983,6771,6498,9173,9890,13955,14656,18315,18617,15409,16087,8704,10563,2823,5397,142058,116591,19076,15187,27851,26593,6699,15,12
2021-07-23T23:59:59+02:00,1085,945,8106,7736,9614,9007,12198,12744,16343,16877,19735,19884,15947,16644,8952,10871,2907,5564,85,67,3768,3701,6515,6293,8889,9604,13719,14477,18234,18556,15367,16044,8686,10544,2821,5391,141565,114342,19076,15163,27851,26587,6657,15,12
2021-07-22T23:59:59+02:00,992,858,7891,7506,9511,8918,12080,12648,16252,16793,19660,19799,15901,16604,8943,10856,2906,5558,67,50,3643,3574,6363,6199,8735,9475,13554,14334,18159,18488,15346,16018,8678,10534,2821,5390,140105,113191,19074,15090,27844,26492,6643,15,12
2021-07-21T23:59:59+02:00,972,844,7859,7466,9493,8907,12058,12625,16228,16777,19636,19778,15890,16597,8943,10851,2906,5558,54,37,3337,3310,6018,5940,8340,9092,13289,14099,18017,18363,15254,15937,8646,10504,2818,5378,139847,110386,19072,15019,27839,26396,6620,15,12
2021-07-20T23:59:59+02:00,972,843,7851,7461,9485,8904,12053,12623,16220,16776,19631,19773,15888,16594,8943,10850,2906,5558,50,30,3264,3258,5958,5884,8282,9034,13204,14055,17985,18348,15254,15937,8646,10502,2818,5378,139808,109999,19071,15004,27836,26264,6608,13,12
2021-07-19T23:59:59+02:00,971,843,7843,7459,9481,8896,12048,12621,16215,16770,19628,19773,15886,16591,8943,10848,2906,5557,48,29,3212,3223,5908,5844,8220,8989,13146,14028,17939,18335,15254,15934,8646,10500,2818,5377,139769,109718,19070,14987,27836,26137,6596,13,12
2021-07-18T23:59:59+02:00,970,842,7832,7451,9477,8892,12039,12616,16210,16764,19626,19771,15885,16589,8943,10848,2906,5557,47,29,3192,3205,5869,5811,8185,8959,13107,14013,17923,18330,15254,15933,8646,10500,2818,5376,139725,109528,19069,14953,27834,26122,6582,13,12
2021-07-17T23:59:59+02:00,855,723,7510,7161,9325,8722,11865,12454,16081,16625,19529,19676,15864,16568,8935,10835,2906,5554,32,22,3091,3098,5757,5719,8053,8798,12966,13885,17828,18252,15244,15915,8643,10493,2818,5376,137715,108346,19068,14948,27834,26118,6566,10,12
2021-07-16T23:59:59+02:00,698,572,7121,6834,9145,8565,11673,12243,15879,16450,19387,19551,15834,16532,8925,10821,2905,5552,25,19,3029,3037,5681,5655,7939,8690,12846,13748,17749,18177,15222,15899,8639,10491,2817,5376,135251,107443,19068,14943,27833,26111,6530,10,12
2021-07-15T23:59:59+02:00,696,572,7107,6825,9141,8562,11660,12239,15868,16443,19383,19545,15832,16529,8920,10819,2904,5543,24,19,2988,3001,5615,5612,7849,8640,12769,13707,17718,18149,15199,15882,8631,10484,2816,5367,135206,107204,19065,14789,27828,25982,6483,10,12
2021-07-14T23:59:59+02:00,693,571,7098,6816,9136,8560,11656,12234,15862,16440,19378,19540,15830,16526,8917,10816,2904,5539,24,19,2966,2988,5574,5580,7813,8619,12737,13691,17700,18138,15192,15879,8628,10480,2816,5363,135172,107052,19064,14755,27828,25942,6446,10,12
2021-07-13T23:59:59+02:00,688,569,7073,6799,9124,8543,11647,12219,15851,16421,19368,19534,15821,16522,8913,10806,2899,5531,22,18,2910,2937,5510,5514,7653,8481,12483,13472,17542,18009,15173,15868,8616,10467,2811,5352,135047,105831,19064,14702,27825,25907,6386,10,12
2021-07-12T23:59:59+02:00,682,561,7060,6784,9113,8532,11637,12209,15846,16408,19356,19530,15819,16518,8911,10806,2899,5528,21,16,2853,2883,5428,5439,7505,8366,12234,13259,17361,17862,15163,15863,8612,10460,2810,5352,134932,104590,19062,14649,27821,25858,6378,10,12
2021-07-11T23:59:59+02:00,681,560,7051,6782,9103,8524,11629,12201,15836,16405,19351,19525,15819,16515,8910,10804,2899,5528,20,15,2822,2848,5351,5366,7406,8279,12067,13102,17235,17729,15154,15852,8611,10457,2810,5352,134887,103699,19058,14600,27821,25814,6351,10,12
2021-07-10T23:59:59+02:00,507,402,6490,6232,8877,8338,11387,12009,15679,16272,19296,19476,15811,16505,8906,10799,2898,5527,18,11,2793,2814,5300,5320,7323,8199,11963,13002,17157,17661,15139,15836,8608,10446,2807,5350,132196,103002,19058,14598,27821,25805,6330,10,12
2021-07-09T23:59:59+02:00,496,395,6432,6204,8850,8301,11347,11981,15651,16259,19283,19460,15810,16502,8906,10796,2898,5527,16,11,2736,2747,5219,5251,7144,8022,11551,12703,16858,17452,15119,15808,8601,10441,2805,5348,132104,101974,18848,13736,27820,25790,6320,10,12
2021-07-08T23:59:59+02:00,490,393,6116,5946,8479,8013,10968,11675,15312,16012,19025,19287,15788,16478,8897,10789,2895,5526,15,10,2675,2696,5136,5174,7003,7931,11350,12561,16706,17328,15112,15800,8601,10439,2805,5347,132015,101108,15964,13566,27815,25714,6289,10,12
2021-07-07T23:59:59+02:00,488,389,6101,5934,8455,7998,10954,11658,15301,16002,19024,19282,15786,16474,8896,10787,2895,5524,15,10,2627,2644,5045,5113,6865,7837,11115,12379,16542,17194,15104,15793,8596,10433,2805,5347,131907,100085,15955,13439,27813,25665,6263,10,12
2021-07-06T23:59:59+02:00,461,369,6000,5842,8382,7932,10881,11589,15267,15962,19001,19266,15778,16464,8893,10785,2892,5522,12,9,2559,2574,4913,4999,6683,7704,10726,11967,16169,16817,15078,15760,8588,10426,2804,5343,131290,97924,15947,13358,27807,25605,6232,10,12
2021-07-05T23:59:59+02:00,420,335,5822,5672,8265,7840,10767,11474,15208,15892,18969,19235,15772,16456,8889,10780,2889,5521,8,7,2507,2496,4815,4901,6550,7567,10374,11649,15895,16511,15048,15730,8580,10411,2804,5338,130244,96127,15943,13294,27804,25553,6205,10,12
2021-07-04T23:59:59+02:00,400,305,5748,5593,8208,7783,10700,11416,15178,15861,18955,19216,15765,16452,8888,10778,2889,5519,7,7,2488,2467,4753,4854,6489,7517,10237,11539,15794,16439,15043,15723,8578,10410,2803,5338,129738,95563,15936,13225,27799,25515,6171,10,12
2021-07-03T23:59:59+02:00,394,303,5727,5581,8197,7774,10687,11412,15171,15855,18952,19213,15765,16452,8888,10778,2889,5519,6,7,2453,2437,4657,4825,6381,7491,10179,11493,15689,16353,14364,15016,8559,10385,2803,5338,129662,95447,15933,13223,27799,23601,6153,10,12
2021-07-02T23:59:59+02:00,348,264,5539,5433,8123,7703,10589,11315,15107,15798,18933,19206,15761,16448,8883,10776,2887,5516,6,7,2406,2389,4500,4747,6198,7417,10025,11336,15498,16150,13571,14096,8551,10370,2803,5337,128751,94884,15930,13179,27798,21192,6140,10,12
2021-07-01T23:59:59+02:00,286,209,5323,5251,7995,7591,10448,11189,14978,15703,18889,19181,15754,16440,8878,10770,2887,5515,5,6,2288,2269,4323,4574,5960,7163,9244,10651,14870,15678,13546,14067,8546,10365,2799,5335,127461,91384,15917,13083,27797,21108,6102,10,12
2021-06-30T23:59:59+02:00,156,119,4841,4780,7655,7313,10093,10851,14751,15526,18832,19137,15743,16429,8874,10762,2887,5512,5,6,2252,2223,4237,4503,5846,7066,9072,10526,14780,15601,13532,14059,8543,10362,2799,5333,124475,90781,15911,12910,27797,20974,6068,10,12
2021-06-29T23:59:59+02:00,119,97,4557,4500,7405,7093,9803,10551,14553,15336,18768,19077,15691,16379,8854,10747,2886,5507,4,5,2184,2142,4094,4366,5639,6885,8845,10297,14485,15376,13485,14011,8530,10338,2797,5320,122405,89325,15907,12758,27795,20902,5806,10,12
2021-06-28T23:59:59+02:00,103,77,4421,4359,7300,6982,9681,10426,14460,15228,18723,19034,15675,16363,8840,10736,2883,5505,2,4,2097,2015,3912,4160,5358,6543,8460,9784,13952,14839,13366,13922,8511,10314,2794,5306,121392,86111,15896,12677,27792,20835,5706,10,10
2021-06-27T23:59:59+02:00,98,75,4368,4313,7242,6927,9621,10371,14427,15194,18703,19017,15658,16351,8833,10729,2882,5500,2,3,2044,1981,3848,4114,5244,6429,8292,9655,13776,14726,13340,13903,8502,10305,2791,5304,121028,85318,15892,12642,27790,20700,5589,10,10
2021-06-26T23:59:59+02:00,85,73,4323,4283,7211,6899,9603,10350,14407,15178,18690,19004,15654,16345,8833,10729,2882,5500,2,3,1968,1889,3660,3956,5030,6172,7929,9198,13425,14430,13260,13844,8482,10277,2786,5295,120784,82682,15886,12642,27790,20693,5579,10,10
2021-06-25T23:59:59+02:00,72,60,4012,3961,6950,6663,9310,10057,14184,14989,18606,18947,15608,16300,8814,10710,2880,5494,2,3,1903,1805,3495,3834,4835,5940,7603,8783,13113,14094,13210,13788,8469,10252,2780,5289,118391,80325,15859,12610,27790,20688,5567,10,8
2021-06-24T23:59:59+02:00,65,53,3918,3871,6849,6577,9209,9967,14084,14903,18578,18914,15593,16283,8808,10703,2880,5493,2,3,1833,1732,3379,3736,4635,5797,7384,8583,12864,13892,12375,12856,8289,9989,2780,5288,117659,79102,15850,12504,27786,18360,5443,10,8
2021-06-23T23:59:59+02:00,51,48,3513,3500,6397,6230,8678,9460,13749,14601,18442,18778,15489,16191,8765,10667,2877,5479,2,3,1695,1561,3124,3532,4216,5467,6436,7872,12120,13192,12352,12844,8279,9982,2780,5284,114731,78464,15603,9174,27785,18309,4786,10,8
2021-06-22T23:59:59+02:00,42,40,3439,3427,6317,6171,8575,9382,13698,14554,18409,18761,15478,16184,8764,10662,2877,5476,2,3,1654,1508,3020,3429,4072,5317,6182,7687,11508,12480,12262,12750,8261,9949,2776,5276,114101,76121,15597,9092,27783,18150,4765,10,8
2021-06-21T23:59:59+02:00,36,37,3368,3366,6226,6109,8514,9310,13637,14508,18376,18741,15476,16183,8763,10661,2877,5475,1,3,1619,1457,2929,3332,3945,5167,5986,7459,10749,11563,11874,12294,7185,8717,2770,5269,113576,73466,15589,8990,27781,15148,4707,10,8
2021-06-20T23:59:59+02:00,36,36,3343,3344,6178,6078,8470,9278,13609,14490,18365,18737,15475,16183,8763,10661,2877,5475,0,3,1601,1440,2892,3304,3895,5129,5934,7434,10660,11487,11854,12275,7182,8710,2769,5269,113397,73148,15572,8912,27781,15132,4638,10,8
2021-06-19T23:59:59+02:00,34,34,3316,3320,6149,6055,8439,9259,13585,14484,18358,18732,15475,16182,8763,10661,2877,5475,0,3,1597,1428,2887,3295,3887,5124,5918,7429,10649,11479,11854,12275,7182,8709,2769,5269,113203,73067,15566,8912,27781,15129,4638,10,8
2021-06-18T23:59:59+02:00,30,29,3273,3277,6075,6016,8370,9204,13539,14452,18334,18721,15474,16180,8762,10660,2877,5475,0,3,1522,1334,2751,3119,3702,4847,5522,7056,9155,9911,11688,12107,7140,8659,2757,5251,112818,67886,15538,8911,27781,15118,4601,10,8
2021-06-17T23:59:59+02:00,27,25,3210,3225,6005,5977,8295,9149,13467,14407,18310,18710,15472,16175,8760,10657,2877,5472,0,3,1396,1241,2562,2906,3440,4554,5160,6660,8484,9180,11403,11864,7099,8601,2753,5248,112439,64174,15508,8796,27776,15089,4487,10,8
2021-06-16T23:59:59+02:00,27,22,3155,3163,5892,5910,8175,9055,13338,14322,18244,18673,15466,16166,8760,10654,2877,5472,0,3,1298,1185,2421,2800,3257,4393,4874,6386,7406,7889,11312,11756,7068,8563,2740,5230,111796,60408,15434,8750,27772,15056,4359,10,8
2021-06-15T23:59:59+02:00,22,21,3061,3076,5774,5821,7990,8877,13075,14102,18094,18545,15451,16154,8752,10648,2877,5470,0,3,1262,1152,2347,2745,3153,4318,4671,6261,7093,7637,10816,11197,7034,8529,2732,5217,110372,58160,15407,8718,27762,15023,4259,10,7
2021-06-14T23:59:59+02:00,21,19,2988,3006,5694,5763,7847,8757,12784,13865,17906,18369,15435,16140,8745,10643,2876,5469,0,3,1235,1124,2282,2688,3028,4223,4470,6122,6750,7331,10288,10585,7003,8492,2728,5207,108978,55786,15398,8611,27758,14973,4183,10,6
2021-06-13T23:59:59+02:00,21,19,2970,2975,5629,5724,7784,8691,12644,13731,17800,18247,15429,16131,8744,10640,2875,5469,0,3,1224,1111,2254,2672,2991,4212,4423,6102,6717,7314,10283,10578,7003,8491,2728,5207,108240,55643,15387,8602,27754,14930,4132,10,6
2021-06-12T23:59:59+02:00,19,19,2942,2957,5599,5697,7753,8672,12624,13712,17792,18244,15428,16129,8744,10640,2875,5469,0,3,1169,1049,2166,2596,2897,4075,4281,5969,6608,7229,10201,10500,6408,7764,2728,5207,108037,55527,15384,8601,27754,12586,4130,10,6
2021-06-11T23:59:59+02:00,19,16,2865,2883,5530,5632,7572,8486,12214,13405,17509,18038,15412,16104,8738,10632,2872,5467,0,3,1145,1033,2111,2555,2832,4026,4196,5907,6497,7138,10098,10388,6393,7757,2726,5201,107021,55001,14491,8334,27753,12546,4119,10,6
2021-06-10T23:59:59+02:00,15,14,2810,2841,5430,5579,7440,8405,12028,13266,17371,17921,15407,16100,8738,10631,2871,5466,0,3,1104,1008,2035,2488,2731,3948,4027,5776,6252,6925,9847,10119,6373,7729,2720,5195,106101,53433,14417,8330,27749,12455,4056,10,6
2021-06-09T23:59:59+02:00,14,13,2732,2773,5308,5484,7217,8234,11749,13023,17185,17772,15396,16086,8734,10622,2871,5463,0,3,1047,943,1904,2370,2526,3765,3701,5493,5630,6411,9023,9214,6316,7653,2707,5160,104893,49418,14265,8312,27740,12362,3768,10,6
2021-06-08T23:59:59+02:00,11,9,2635,2669,5173,5358,7020,8049,11319,12595,16808,17383,15377,16059,8723,10615,2870,5458,0,3,1010,914,1834,2305,2420,3692,3561,5426,5478,6279,8989,9195,6314,7641,2705,5156,102687,48904,14238,8261,27738,12293,3458,10,6
2021-06-07T23:59:59+02:00,9,8,2508,2571,4981,5229,6813,7884,10841,12236,16464,17086,15352,16031,8717,10598,2869,5454,0,3,941,877,1703,2250,2279,3608,3306,5336,5123,5994,8440,8569,6261,7582,2701,5146,100753,46686,14196,8245,27729,12219,2963,10,6
2021-06-06T23:59:59+02:00,9,6,2470,2546,4919,5172,6727,7826,10702,12126,16373,17021,15349,16028,8717,10598,2867,5453,0,3,925,867,1675,2229,2233,3580,3236,5312,5074,5970,8435,8567,6256,7574,2701,5145,100160,46522,14143,8234,27723,12147,2873,10,6
2021-06-05T23:59:59+02:00,8,5,2456,2524,4890,5147,6690,7795,10673,12099,16364,17014,15349,16028,8717,10598,2867,5453,0,3,909,852,1642,2199,2193,3524,3130,5229,4721,5638,7839,7861,6228,7520,2700,5143,99932,44127,14143,8228,27723,12101,2869,10,6
2021-06-04T23:59:59+02:00,7,4,2425,2495,4845,5103,6642,7742,10584,11994,16312,16950,15345,16021,8717,10597,2866,5452,0,3,897,834,1619,2178,2151,3487,3078,5170,4555,5448,7537,7493,6192,7478,2698,5137,99401,42836,14136,8226,27723,12056,2831,10,6
2021-06-03T23:59:59+02:00,7,4,2322,2367,4694,4929,6433,7494,9881,11359,15723,16498,15334,16011,8714,10591,2865,5451,0,3,880,804,1579,2119,2103,3406,2988,5060,4408,5281,7376,7303,6180,7451,2698,5133,96058,41785,14097,8215,27718,11972,2794,10,6
2021-06-02T23:59:59+02:00,7,4,2305,2343,4649,4897,6378,7457,9781,11271,15663,16445,15326,16007,8713,10587,2865,5450,0,2,869,792,1560,2096,2049,3368,2902,4974,4046,4892,6818,6663,6136,7394,2694,5122,95535,39444,14095,8210,27718,11927,2790,10,6
2021-06-01T23:59:59+02:00,6,3,2242,2303,4528,4804,6211,7338,9592,11123,15554,16368,15323,16003,8709,10583,2864,5445,0,1,835,765,1495,2046,1933,3305,2749,4880,3842,4763,6608,6431,6113,7375,2688,5113,94657,38354,14044,8188,27706,11812,2582,10,6
2021-05-31T23:59:59+02:00,2,3,2193,2244,4428,4709,6066,7213,9406,10974,15469,16312,15315,15996,8706,10583,2864,5445,0,1,811,731,1438,1987,1861,3256,2574,4824,3711,4709,6252,6016,6090,7354,2685,5105,93931,37173,13957,8181,27696,11711,2334,10,6
2021-05-30T23:59:59+02:00,2,3,2168,2222,4372,4648,5971,7153,9331,10911,15432,16292,15314,15993,8706,10583,2864,5445,0,1,799,720,1415,1963,1812,3228,2441,4789,3605,4691,6250,6014,6089,7354,2685,5105,93477,36854,13918,8158,27686,11624,2319,10,6
2021-05-29T23:59:59+02:00,2,3,2152,2207,4352,4636,5954,7136,9318,10898,15427,16288,15313,15993,8706,10583,2864,5445,0,1,781,669,1322,1704,1678,2866,2241,4241,3326,4261,6160,5920,5977,7222,2684,5105,93347,36801,13915,8153,27686,8879,2319,10,6
2021-05-28T23:59:59+02:00,2,3,2131,2184,4314,4590,5909,7091,9240,10828,15359,16235,15309,15991,8706,10583,2864,5444,0,1,764,579,1244,1452,1580,2465,2063,3553,3062,3667,5523,5180,5895,7131,2680,5092,92869,35502,13902,8153,27684,5952,2318,10,6
2021-05-27T23:59:59+02:00,2,3,2089,2146,4229,4521,5787,7017,9084,10728,15262,16151,15308,15990,8706,10583,2864,5444,0,1,734,544,1213,1369,1539,2328,1992,3412,2949,3547,5086,4699,5862,7091,2669,5063,92185,34377,13754,8144,27661,5268,2304,10,5
2021-05-26T23:59:59+02:00,2,3,2021,2028,4033,4374,5446,6753,8112,9984,14500,15448,15296,15983,8702,10577,2862,5441,0,1,723,529,1187,1308,1493,2269,1934,3297,2797,3404,3778,3313,5803,7017,2646,5004,91407,31094,10227,8127,27644,5001,2277,10,4
2021-05-25T23:59:59+02:00,2,3,1984,1991,3953,4308,5353,6687,7977,9877,14122,15012,15248,15946,8695,10562,2860,5437,0,1,718,522,1159,1274,1475,2244,1914,3269,2771,3378,3772,3303,5796,7014,2644,5003,90062,31005,10078,8117,27628,4892,2239,10,4
2021-05-24T23:59:59+02:00,2,3,1958,1947,3866,4232,5247,6605,7851,9753,13611,14396,15197,15879,8688,10549,2859,5432,0,1,712,514,1140,1262,1443,2229,1892,3250,2745,3356,3755,3285,5774,6990,2635,4988,88273,30872,9998,8066,27616,4852,2178,10,3
2021-05-23T23:59:59+02:00,2,3,1949,1935,3847,4210,5229,6592,7798,9722,13535,14334,15186,15875,8686,10548,2858,5432,0,1,705,504,1129,1249,1418,2205,1836,3214,2636,3258,3343,2852,5130,6180,2620,4943,88039,30699,9898,5512,27616,4831,2178,10,3
2021-05-22T23:59:59+02:00,2,3,1784,1892,3546,4161,4831,6549,7543,9664,13412,14257,15180,15874,8686,10547,2858,5432,0,1,545,472,837,1208,1045,2169,1598,3161,2524,3185,3340,2850,5130,6179,2620,4943,87888,30687,9897,5510,27614,4795,812,10,3
2021-05-21T23:59:59+02:00,2,3,1699,1785,3390,3969,4638,6253,7146,9299,12121,12928,15030,15726,8650,10500,2849,5421,0,1,540,460,827,1206,1043,2161,1563,3131,2446,3108,3165,2713,5103,6136,2617,4928,83126,30049,9856,5509,27608,4776,811,8,3
2021-05-20T23:59:59+02:00,2,3,1662,1751,3294,3919,4530,6169,6969,9217,11911,12699,15010,15708,8646,10493,2848,5420,0,1,519,445,786,1159,986,2096,1441,3059,2320,3011,2973,2542,5062,6060,2609,4913,82283,29298,9754,5494,27554,4534,653,7,3
2021-05-19T23:59:59+02:00,2,3,1641,1725,3236,3863,4436,6099,6852,9152,11678,12437,14999,15697,8643,10492,2848,5419,0,1,510,434,770,1121,970,2027,1331,2913,1993,2717,2409,2048,4957,5942,2587,4866,81459,27233,9615,5479,27527,4267,614,7,3
2021-05-18T23:59:59+02:00,2,3,1581,1692,3146,3775,4323,5995,6692,8994,11386,12180,14954,15650,8631,10469,2846,5409,0,1,507,422,754,1106,952,2009,1248,2849,1713,2493,1965,1704,4884,5858,2565,4822,80359,25687,9412,5469,27459,4202,491,7,3
2021-05-17T23:59:59+02:00,2,3,1532,1611,3016,3617,4119,5716,6343,8531,10835,11630,14845,15557,8612,10444,2841,5398,0,1,505,414,748,1099,933,2004,1224,2824,1686,2456,1949,1684,4877,5851,2562,4819,77454,25622,9375,5455,27435,4175,381,7,3
2021-05-16T23:59:59+02:00,2,3,1513,1589,2963,3575,4024,5629,6194,8395,10660,11496,14819,15535,8604,10436,2840,5396,0,1,498,408,726,1084,902,1988,1195,2796,1653,2432,1942,1675,4874,5847,2559,4817,76707,25590,9316,5437,27405,4129,238,7,3
2021-05-15T23:59:59+02:00,2,3,1427,1492,2755,3409,3796,5352,5835,7922,10307,11200,14734,15473,8585,10407,2834,5387,0,1,498,406,722,1082,902,1984,1190,2795,1647,2427,1930,1663,4867,5841,2559,4815,73962,25528,9316,5437,27398,4124,237,7,3
2021-05-14T23:59:59+02:00,2,3,1393,1429,2643,3312,3644,5195,5635,7633,10085,10945,14699,15435,8572,10384,2831,5383,0,1,449,368,651,917,829,1698,1062,2383,1465,2102,1896,1622,4864,5833,2558,4811,72311,25465,9297,5435,27375,2373,233,7,3
2021-05-13T23:59:59+02:00,2,3,1335,1362,2540,3228,3475,5058,5415,7428,9858,10765,14673,15406,8562,10381,2829,5380,0,1,442,356,624,889,727,1591,962,2298,1201,1886,1176,1041,4642,5599,2550,4778,71147,25344,8984,2889,27344,2309,218,7,3
2021-05-12T23:59:59+02:00,2,3,1327,1352,2523,3222,3457,5044,5394,7415,9843,10754,14671,15402,8560,10379,2828,5380,0,1,442,355,623,888,723,1590,957,2298,1197,1880,1157,1032,4629,5561,2516,4709,71030,25143,8960,2889,27342,2306,217,7,3
2021-05-11T23:59:59+02:00,2,2,1286,1309,2449,3140,3343,4918,5198,7268,9555,10445,14623,15344,8548,10359,2824,5371,0,1,437,342,605,873,701,1573,929,2274,1171,1853,1102,996,4565,5463,2473,4585,69689,24649,8836,2871,27257,2225,195,7,3
2021-05-10T23:59:59+02:00,2,2,1264,1282,2384,3062,3215,4792,5066,7111,9231,10064,14578,15305,8539,10340,2819,5369,0,1,436,340,592,864,688,1558,917,2259,1154,1839,1066,961,4503,5385,2432,4466,68331,24230,8713,2868,27187,2173,187,7,3
2021-05-09T23:59:59+02:00,2,2,1249,1265,2342,3046,3137,4756,5001,7078,9164,10019,14565,15289,8537,10335,2819,5367,0,1,428,338,578,859,666,1537,895,2239,1142,1825,1047,945,4490,5347,2416,4423,68089,24066,8637,2866,27138,2139,102,7,3
2021-05-08T23:59:59+02:00,1,2,1247,1261,2328,3034,3119,4744,4962,7063,9140,10011,14564,15289,8537,10334,2819,5367,0,1,428,338,577,859,665,1537,895,2238,1141,1824,1047,945,4489,5347,2416,4423,67946,24064,8631,2863,27136,2138,102,7,3
2021-05-07T23:59:59+02:00,1,2,1227,1240,2288,2993,3067,4696,4863,6971,8915,9764,14547,15266,8531,10328,2816,5363,0,1,379,312,545,790,628,1375,825,2030,1052,1635,1017,916,4468,5324,2414,4418,67035,23957,8624,2859,27110,1208,102,7,3
2021-05-06T23:59:59+02:00,1,2,1082,1149,2060,2750,2766,4388,4492,6570,8328,9160,14269,15029,8491,10272,2813,5362,0,1,378,308,532,771,611,1343,806,1995,1019,1607,989,882,4458,5310,2412,4414,63414,23824,8494,2808,26973,1105,96,7,3
2021-05-05T23:59:59+02:00,1,1,1017,1097,1949,2638,2606,4215,4196,6291,7312,7974,14183,14930,8456,10231,2800,5342,0,1,375,305,524,761,596,1333,773,1981,993,1587,916,819,4417,5238,2404,4398,59887,23503,8448,2787,26849,1080,48,7,3
2021-05-04T23:59:59+02:00,1,1,995,1077,1898,2599,2504,4147,3976,6176,7031,7756,13677,14363,8425,10198,2795,5333,0,1,371,304,519,757,584,1328,756,1962,977,1580,897,795,4395,5222,2401,4389,57827,23366,8389,2771,26689,1058,40,7,3
2021-05-03T23:59:59+02:00,1,1,964,1042,1836,2546,2398,4035,3775,6058,6671,7454,13142,13737,8388,10160,2788,5318,0,1,366,303,517,751,574,1321,747,1950,963,1567,871,771,4377,5204,2395,4376,55396,23253,8363,2761,26548,1037,0,7,3
2021-05-02T23:59:59+02:00,1,1,959,1041,1817,2540,2368,4025,3730,6048,6634,7445,13141,13736,8388,10159,2788,5318,0,1,366,303,514,751,573,1319,742,1950,962,1563,869,767,4375,5199,2395,4376,55255,23233,8356,2759,26521,1030,0,7,3
2021-05-01T23:59:59+02:00,1,1,959,1039,1809,2536,2356,4017,3715,6040,6620,7435,13140,13733,8388,10159,2788,5318,0,1,366,303,514,751,573,1319,741,1949,960,1563,869,767,4375,5199,2395,4376,55174,23233,8354,2755,26519,1030,0,7,3
2021-04-30T23:59:59+02:00,0,1,943,1034,1790,2520,2335,3982,3678,6007,6539,7381,13045,13629,8387,10154,2785,5306,0,1,317,248,473,675,544,1139,710,1726,926,1359,858,749,4371,5196,2395,4376,54675,23219,8353,2750,26481,91,0,7,3
2021-04-29T23:59:59+02:00,0,1,890,1010,1734,2470,2272,3923,3530,5881,6301,7158,12784,13354,8365,10125,2781,5299,0,1,310,246,463,668,541,1131,703,1715,915,1350,850,734,4362,5188,2395,4374,53077,23129,8338,2744,26456,70,0,7,3
2021-04-28T23:59:59+02:00,0,1,829,977,1654,2406,2128,3812,3246,5628,5697,6649,11946,12434,8306,10036,2757,5262,0,1,309,243,461,661,533,1118,692,1694,904,1343,835,717,4343,5161,2393,4374,49014,23004,8331,2725,26416,50,0,7,3
2021-04-27T23:59:59+02:00,0,1,820,972,1636,2385,2084,3793,3176,5602,5569,6524,11917,12417,8304,10034,2757,5260,0,1,308,241,455,659,525,1112,683,1682,894,1337,824,705,4339,5155,2392,4368,48533,22926,8326,2709,26385,42,0,7,3
2021-04-26T23:59:59+02:00,0,1,810,960,1610,2367,2024,3752,2998,5524,5237,6238,11351,11771,8249,9969,2752,5250,0,1,306,240,454,658,520,1106,672,1676,885,1326,814,695,4334,5149,2392,4364,46200,22875,8317,2678,26342,37,0,4,2
2021-04-25T23:59:59+02:00,0,1,800,958,1593,2360,1986,3735,2872,5501,5142,6233,11346,11767,8245,9963,2751,5249,0,1,305,239,454,658,520,1099,672,1674,882,1324,814,694,4334,5149,2392,4364,45869,22869,8311,2674,26318,30,0,4,2
2021-04-24T23:59:59+02:00,0,1,786,948,1571,2340,1946,3689,2776,5432,4799,5908,10733,11041,8214,9904,2750,5247,0,1,305,239,454,658,520,1098,671,1672,881,1324,809,690,4324,5133,2390,4363,43460,22832,8309,2669,26312,29,0,4,2
2021-04-23T23:59:59+02:00,0,1,781,940,1558,2330,1916,3662,2737,5379,4637,5721,10424,10659,8174,9862,2747,5238,0,1,305,238,454,658,520,1097,670,1672,879,1324,809,689,4321,5130,2390,4363,42158,22821,8308,2668,26296,29,0,4,2
2021-04-22T23:59:59+02:00,0,1,764,926,1531,2287,1867,3593,2649,5287,4483,5567,10279,10464,8160,9831,2745,5230,0,1,305,237,452,647,518,1091,664,1664,873,1315,803,685,4318,5128,2390,4361,41156,22785,8279,2644,26225,21,0,4,2
2021-04-21T23:59:59+02:00,0,1,753,914,1506,2274,1815,3548,2544,5199,4098,5147,9681,9779,8111,9767,2741,5219,0,1,303,237,450,646,518,1090,660,1661,868,1310,790,673,4308,5114,2390,4357,38634,22735,8263,2620,26196,19,0,4,2
2021-04-20T23:59:59+02:00,0,1,746,902,1485,2247,1784,3517,2494,5142,3961,5051,9484,9560,8093,9757,2737,5216,0,1,303,236,450,645,517,1088,659,1657,865,1304,784,668,4304,5109,2390,4357,37798,22703,8251,2614,26124,19,0,4,1
2021-04-19T23:59:59+02:00,0,1,739,893,1477,2239,1767,3499,2463,5115,3896,4992,9114,9143,8068,9732,2734,5210,0,1,303,234,449,640,515,1085,656,1654,861,1300,779,662,4295,5107,2390,4355,36771,22663,8239,2603,26068,19,0,4,1
2021-04-18T23:59:59+02:00,0,1,735,890,1472,2233,1749,3492,2445,5103,3887,4990,9104,9132,8068,9731,2734,5210,0,1,302,234,449,637,514,1081,654,1651,858,1300,778,660,4295,5105,2390,4355,36711,22655,8219,2589,26042,19,0,4,1
2021-04-17T23:59:59+02:00,0,1,716,884,1384,2223,1649,3480,2408,5073,3806,4911,8387,8410,8052,9718,2734,5210,0,1,302,234,447,635,513,1080,653,1651,857,1297,778,660,4294,5105,2390,4355,36702,22643,8219,2589,24121,19,0,4,1
2021-04-16T23:59:59+02:00,0,1,701,866,1255,2200,1498,3457,2322,5007,3644,4746,7045,6859,8017,9669,2721,5179,0,1,302,233,442,628,508,1076,643,1649,853,1288,768,654,4289,5091,2387,4353,35325,22568,8209,2584,21649,12,0,4,1
2021-04-15T23:59:59+02:00,0,1,680,856,1244,2187,1477,3438,2264,4970,3572,4695,6605,6358,7976,9603,2697,5105,0,1,295,227,427,617,491,1062,609,1622,817,1258,677,593,3791,4579,2363,4317,33996,22507,8154,1230,21574,8,0,4,1
2021-04-14T23:59:59+02:00,0,1,675,852,1225,2172,1444,3419,2220,4933,3439,4600,5265,4953,7925,9538,2675,5068,0,1,287,222,424,611,484,1059,602,1614,812,1255,662,577,3778,4569,2359,4311,30762,22418,8141,1201,21497,7,0,4,1
2021-04-13T23:59:59+02:00,0,1,671,852,1216,2167,1428,3417,2212,4922,3419,4584,5246,4936,7919,9535,2674,5066,0,1,287,221,422,609,481,1056,600,1610,801,1252,644,572,3776,4566,2359,4311,30678,22397,8120,1163,21463,7,0,4,1
2021-04-12T23:59:59+02:00,0,1,666,844,1203,2157,1412,3406,2178,4907,3388,4560,5221,4920,7906,9523,2671,5033,0,1,286,220,420,609,479,1050,598,1606,793,1244,639,569,3770,4564,2358,4311,30545,22369,8075,1140,21372,7,0,4,1
2021-04-11T23:59:59+02:00,0,1,658,840,1187,2145,1393,3391,2110,4882,3269,4476,4804,4480,7237,8701,2664,5028,0,1,286,220,418,609,477,1048,593,1603,789,1242,635,566,3766,4559,2358,4311,30514,22362,5468,1111,21280,7,0,4,1
2021-04-10T23:59:59+02:00,0,1,658,838,1186,2144,1391,3387,2108,4879,3266,4469,4760,4433,7233,8695,2664,5027,0,1,280,217,416,598,464,1032,566,1586,757,1217,563,496,3197,3941,2309,4216,30391,20737,5465,1111,21279,7,0,4,1
2021-04-09T23:59:59+02:00,0,1,654,837,1178,2141,1386,3382,2076,4856,3187,4388,4562,4267,7198,8646,2660,5011,0,1,270,210,406,584,445,1016,540,1567,736,1194,483,435,2540,3122,2260,4120,29699,18811,5461,1110,21266,7,0,4,1
2021-04-08T23:59:59+02:00,0,1,644,827,1161,2129,1369,3350,2014,4802,3037,4277,3508,3112,6959,8282,2649,4996,0,1,257,202,389,566,421,1002,518,1536,703,1172,461,408,2530,3113,2256,4117,28892,18581,5411,1063,18810,7,0,4,1
2021-04-07T23:59:59+02:00,0,1,637,821,1148,2120,1351,3337,1905,4722,2715,4027,2899,2582,6847,8158,2624,4943,0,1,243,195,362,542,383,968,475,1502,666,1144,433,384,2469,3047,2251,4108,26707,18124,5390,1043,18736,6,0,4,0
2021-04-06T23:59:59+02:00,0,1,627,812,1108,2113,1327,3319,1787,4672,2436,3860,2446,2233,6768,8066,2602,4905,0,1,220,182,328,515,358,949,438,1479,631,1112,398,342,2414,2972,2245,4097,25102,17650,5372,1025,18604,6,0,4,0
2021-04-05T23:59:59+02:00,0,1,624,810,1097,2108,1321,3316,1778,4662,2421,3843,2155,1889,5660,6763,2600,4904,0,1,220,182,327,511,352,943,434,1477,627,1108,395,339,2412,2966,2245,4095,25070,17640,5360,988,15519,6,0,3,0
2021-04-04T23:59:59+02:00,0,1,623,809,1097,2108,1321,3315,1778,4662,2419,3841,2153,1886,5660,6759,2600,4904,0,1,220,182,326,511,352,943,433,1477,627,1108,395,339,2411,2966,2245,4095,25061,17637,5360,988,15512,6,0,3,0
2021-04-03T23:59:59+02:00,0,1,623,809,1097,2107,1321,3315,1777,4660,2415,3841,2152,1882,5659,6759,2600,4904,0,1,220,182,326,511,352,943,433,1477,626,1108,395,339,2411,2966,2245,4095,25055,17636,5356,988,15508,6,0,3,0
2021-04-02T23:59:59+02:00,0,1,623,808,1097,2107,1317,3314,1774,4654,2413,3838,2144,1873,5647,6743,2596,4892,0,1,220,182,326,509,352,942,432,1476,625,1097,393,339,2411,2965,2245,4095,24984,17616,5351,988,15503,6,0,3,0
2021-04-01T23:59:59+02:00,0,1,619,797,1077,2088,1219,3219,1683,4585,2154,3630,1414,1287,5438,6530,2586,4862,0,1,216,181,326,508,351,941,431,1474,625,1096,390,337,2411,2965,2245,4091,24873,17604,2848,979,15465,6,0,3,0
2021-03-31T23:59:59+02:00,0,1,617,796,1073,2084,1214,3211,1672,4580,2135,3617,1386,1254,5410,6475,2545,4762,0,1,215,181,325,507,350,941,431,1473,624,1094,387,334,2407,2964,2243,4089,24546,17589,2834,971,15449,6,0,3,0
2021-03-30T23:59:59+02:00,0,1,615,789,1068,2080,1208,3206,1662,4566,2128,3602,1339,1209,5322,6343,2498,4607,0,1,215,180,325,506,347,937,426,1470,617,1083,372,323,2303,2811,2120,3863,24008,16965,2812,928,15421,6,0,2,0
2021-03-29T23:59:59+02:00,0,1,613,787,1065,2071,1199,3199,1655,4553,2114,3589,1301,1175,5258,6247,2445,4476,0,1,214,179,323,504,345,935,424,1465,611,1078,365,318,2077,2544,1892,3482,23561,15826,2784,925,15401,6,0,2,0
2021-03-28T23:59:59+02:00,0,1,613,784,1063,2065,1196,3192,1650,4542,2108,3584,1285,1166,5247,6224,2433,4443,0,1,212,179,322,501,336,931,421,1458,608,1066,358,306,2072,2530,1891,3479,23450,15798,2766,870,15378,3,0,2,0
2021-03-27T23:59:59+01:00,0,1,561,723,983,1997,1115,3072,1531,4417,2006,3501,1216,1096,4642,5491,2433,4443,0,1,210,178,322,500,336,931,417,1456,607,1063,357,306,2071,2529,1891,3479,23433,15782,2761,870,13033,2,0,1,0
2021-03-26T23:59:59+01:00,0,1,558,718,976,1987,1113,3066,1521,4410,1989,3493,1172,1065,4612,5457,2432,4439,0,1,209,175,322,498,333,930,415,1455,602,1057,349,301,1662,1990,1464,2749,23238,13646,2751,864,13019,2,0,1,0
2021-03-25T23:59:59+01:00,0,1,555,712,964,1979,1110,3057,1514,4398,1973,3483,1162,1055,4604,5452,2432,4437,0,1,208,172,320,497,331,925,411,1449,598,1048,345,297,1565,1867,1427,2673,23191,13291,2743,841,12953,2,0,1,0
2021-03-24T23:59:59+01:00,0,1,553,706,956,1969,1097,3041,1485,4379,1958,3475,1126,1025,4577,5417,2427,4432,0,1,207,172,319,496,327,921,407,1441,588,1030,332,287,1236,1483,1271,2403,23050,12138,2717,781,12856,2,0,1,0
2021-03-23T23:59:59+01:00,0,1,551,701,950,1956,1093,3031,1478,4365,1948,3467,1113,1014,4558,5403,2427,4428,0,1,206,172,317,493,318,918,406,1441,582,1026,324,280,998,1216,1155,2222,22975,11314,2708,759,12800,2,0,1,0
2021-03-22T23:59:59+01:00,0,1,550,692,945,1942,1087,3022,1469,4349,1934,3457,1110,1010,4553,5402,2427,4427,0,1,205,172,316,491,317,916,403,1438,579,1022,320,276,997,1212,1155,2218,22950,11297,2692,739,12734,2,0,1,0
2021-03-21T23:59:59+01:00,0,1,547,689,943,1934,1084,3018,1461,4336,1922,3450,1107,1009,4553,5400,2427,4427,0,1,204,172,316,490,315,912,403,1433,573,1020,310,271,993,1207,1154,2218,22946,11294,2679,696,12682,2,0,1,0
2021-03-20T23:59:59+01:00,0,1,542,682,939,1917,1067,3001,1433,4318,1888,3421,1035,939,3968,4761,2376,4327,0,1,204,172,316,490,315,912,403,1433,573,1020,310,271,993,1207,1153,2217,21275,11292,2678,696,12661,2,0,1,0
2021-03-19T23:59:59+01:00,0,1,533,673,921,1889,1039,2981,1397,4292,1862,3390,948,875,3288,3924,2324,4228,0,1,201,172,314,490,314,909,401,1431,569,1014,307,270,980,1194,1122,2177,19281,11270,2666,594,12617,2,0,1,0
2021-03-18T23:59:59+01:00,0,1,520,660,904,1863,1016,2955,1357,4251,1817,3338,849,811,2773,3392,2300,4194,0,1,196,170,311,486,311,899,397,1425,567,1009,304,263,874,1096,1010,1984,19199,10884,1264,417,12537,2,0,1,0
2021-03-17T23:59:59+01:00,0,1,518,651,895,1844,1003,2934,1334,4229,1799,3322,819,786,2685,3299,2294,4188,0,1,194,169,309,484,308,898,390,1421,564,1005,301,258,631,821,702,1534,18888,9955,1225,35,12488,0,0,0,0
2021-03-16T23:59:59+01:00,0,1,516,642,886,1823,983,2918,1317,4217,1775,3305,789,775,2637,3218,2292,4182,0,1,194,169,307,484,307,895,387,1419,561,1001,295,254,383,580,512,1223,18678,8943,1185,29,12413,0,0,0,0
2021-03-15T23:59:59+01:00,0,1,516,632,881,1804,972,2896,1312,4210,1767,3296,783,771,2634,3216,2291,4182,0,1,193,169,306,483,306,895,387,1418,558,1001,295,254,383,579,511,1223,18663,8936,1160,26,12341,0,0,0,0
2021-03-14T23:59:59+01:00,0,1,515,626,873,1792,965,2888,1302,4197,1757,3283,778,766,2628,3213,2291,4182,0,1,193,169,305,483,305,893,385,1416,557,1001,294,254,383,579,511,1223,18658,8932,1130,20,12269,0,0,0,0
2021-03-13T23:59:59+01:00,0,1,494,575,780,1529,834,2505,1107,3633,1475,2855,698,678,2525,3087,2290,4181,0,1,193,169,305,483,305,893,385,1416,557,1001,294,254,383,579,511,1223,18654,8932,1130,20,9463,0,0,0,0
2021-03-12T23:59:59+01:00,0,1,480,492,716,1260,743,2109,935,2946,1228,2261,556,527,2481,3043,2290,4181,0,0,193,167,305,483,305,891,384,1416,557,998,294,253,370,558,462,1157,18624,8773,1129,20,6496,0,0,0,0
2021-03-11T23:59:59+01:00,0,1,456,456,682,1189,696,2003,875,2800,1145,2149,499,467,2467,3031,2289,4179,0,0,193,167,304,481,304,890,384,1413,556,998,294,252,357,541,413,1112,18427,8642,1081,17,5876,0,0,0,0
2021-03-10T23:59:59+01:00,0,1,442,446,648,1156,655,1969,833,2764,1112,2120,480,451,2453,3011,2288,4175,0,0,189,165,300,474,304,889,379,1407,550,991,290,246,232,442,179,842,18150,7868,1061,11,5793,0,0,0,0
2021-03-09T23:59:59+01:00,0,1,427,429,617,1126,632,1949,810,2736,1090,2096,458,430,2359,2869,2162,3944,0,0,189,165,298,472,303,888,378,1404,550,988,288,245,232,442,178,841,17384,7860,1044,1,5707,0,0,0,0
2021-03-08T23:59:59+01:00,0,1,414,408,595,1096,614,1927,794,2711,1068,2070,436,402,2128,2595,1933,3562,0,0,189,164,298,470,302,883,378,1398,550,986,287,243,232,441,178,841,16135,7839,1015,1,5604,0,0,0,0
2021-03-07T23:59:59+01:00,0,1,413,407,588,1078,600,1919,791,2698,1063,2060,435,401,2123,2587,1932,3559,0,0,189,164,297,469,302,882,378,1395,550,985,287,243,232,441,178,841,16107,7832,1005,1,5543,0,0,0,0
2021-03-06T23:59:59+01:00,0,1,413,404,584,1065,597,1917,784,2691,1059,2053,434,401,2123,2587,1932,3559,0,0,189,164,297,469,302,882,378,1395,550,984,286,243,232,441,178,841,16098,7830,1005,1,5501,0,0,0,0
2021-03-05T23:59:59+01:00,0,1,407,389,578,1053,592,1908,779,2681,1052,2045,420,393,1702,2028,1501,2808,0,0,187,159,293,469,299,880,376,1392,548,980,286,243,232,441,178,841,13879,7803,1005,1,5453,0,0,0,0
2021-03-04T23:59:59+01:00,0,1,396,364,550,1014,573,1851,748,2627,1031,1995,416,389,1609,1908,1461,2731,0,0,176,151,282,456,298,872,374,1378,546,976,285,243,232,441,178,841,13519,7728,999,1,5146,0,0,0,0
2021-03-03T23:59:59+01:00,0,1,393,358,543,983,555,1819,724,2580,1013,1955,408,383,1282,1527,1302,2455,0,0,175,150,281,455,297,871,370,1371,543,969,283,241,231,440,176,836,12351,7688,990,1,4940,0,0,0,0
2021-03-02T23:59:59+01:00,0,1,389,353,535,949,541,1798,715,2556,1002,1936,397,373,1037,1260,1182,2271,0,0,175,148,280,445,293,865,370,1362,543,963,283,241,231,440,176,836,11522,7650,953,1,4820,0,0,0,0
2021-03-01T23:59:59+01:00,0,1,387,346,526,926,522,1767,706,2532,991,1919,393,366,1036,1253,1182,2266,0,0,175,146,280,436,290,855,367,1347,540,957,281,239,230,439,176,836,11500,7593,918,1,4701,0,0,0,0
2021-02-28T23:59:59+01:00,0,1,383,343,523,918,514,1756,702,2520,986,1904,388,361,1036,1251,1182,2266,0,0,173,145,280,435,290,854,367,1347,539,957,281,239,230,439,176,836,11494,7587,890,1,4650,0,0,0,0
2021-02-27T23:59:59+01:00,0,1,382,341,518,911,512,1750,699,2511,983,1902,387,360,1036,1251,1181,2266,0,0,173,145,280,435,290,854,367,1347,538,957,281,239,230,439,176,836,11493,7586,890,1,4608,0,0,0,0
2021-02-26T23:59:59+01:00,0,1,335,298,450,739,436,1442,572,2093,812,1562,359,330,1036,1248,1181,2266,0,0,173,143,280,431,288,846,365,1339,536,954,281,239,230,439,176,836,11483,7555,879,1,2798,0,0,0,0
2021-02-25T23:59:59+01:00,0,1,315,289,439,718,424,1406,557,2045,793,1530,351,322,950,1155,1108,2140,0,0,122,130,260,426,279,833,353,1323,531,947,281,237,230,439,176,836,11072,7403,848,0,2623,0,0,0,0
2021-02-24T23:59:59+01:00,0,1,310,283,434,702,417,1371,541,1997,771,1486,344,309,741,921,921,1831,0,0,122,124,258,420,276,823,351,1310,524,941,278,234,228,438,176,834,10124,7337,807,0,2449,0,0,0,0
2021-02-23T23:59:59+01:00,0,1,308,271,426,688,406,1346,533,1962,751,1467,330,299,488,672,730,1524,0,0,122,123,257,418,274,817,351,1304,523,933,277,233,227,438,174,833,9112,7304,762,0,2328,0,0,0,0
2021-02-22T23:59:59+01:00,0,1,308,270,425,681,405,1341,529,1951,746,1463,330,297,487,670,730,1523,0,0,122,118,252,408,273,800,347,1278,518,925,273,232,227,438,174,833,9107,7218,751,0,2299,0,0,0,0
2021-02-21T23:59:59+01:00,0,1,305,269,423,675,402,1332,526,1943,740,1459,319,292,483,665,728,1523,0,0,122,118,251,407,272,797,344,1275,510,921,272,231,226,437,173,822,9102,7178,709,0,2274,0,0,0,0
2021-02-20T23:59:59+01:00,0,1,305,266,423,673,402,1324,525,1934,738,1455,319,292,483,665,728,1523,0,0,122,118,251,407,272,797,344,1275,509,921,272,231,226,437,173,822,9102,7177,709,0,2245,0,0,0,0
2021-02-19T23:59:59+01:00,0,0,259,240,391,597,368,1155,467,1721,629,1245,310,276,457,629,646,1414,0,0,122,118,251,407,271,797,344,1275,509,921,272,231,226,437,173,822,8880,7176,602,0,1322,0,0,0,0
2021-02-18T23:59:59+01:00,0,0,258,235,383,588,357,1133,454,1703,619,1238,310,274,403,581,533,1283,0,0,119,115,247,401,264,790,341,1266,505,920,270,229,226,437,173,822,8691,7125,423,0,1238,0,0,0,0
2021-02-17T23:59:59+01:00,0,0,252,231,371,574,350,1124,431,1687,611,1226,305,267,242,445,187,866,0,0,111,102,244,395,259,774,335,1250,499,909,266,226,225,437,173,822,7953,7027,33,0,1183,0,0,0,0
2021-02-16T23:59:59+01:00,0,0,251,229,360,572,341,1115,423,1673,606,1219,302,264,241,444,187,866,0,0,83,89,224,369,248,744,318,1210,467,874,244,211,217,417,172,815,7945,6702,29,0,1119,0,0,0,0
2021-02-15T23:59:59+01:00,0,0,249,229,358,567,339,1109,421,1661,603,1213,302,264,241,443,186,866,0,0,82,87,220,358,241,732,308,1183,451,851,231,204,204,393,165,758,7938,6468,26,0,1087,0,0,0,0
2021-02-14T23:59:59+01:00,0,0,248,227,352,564,335,1100,417,1655,600,1210,302,264,241,443,186,866,0,0,78,85,213,353,238,724,303,1170,447,836,230,202,204,382,165,748,7928,6378,21,0,1061,0,0,0,0
2021-02-13T23:59:59+01:00,0,0,248,227,352,564,335,1100,415,1655,600,1209,301,264,241,443,186,866,0,0,78,85,213,352,238,724,303,1170,447,836,230,202,204,382,165,748,7926,6377,21,0,1059,0,0,0,0
2021-02-12T23:59:59+01:00,0,0,193,167,304,486,308,903,382,1418,563,996,293,249,240,443,186,866,0,0,75,84,210,351,236,721,297,1166,444,831,226,199,204,380,165,748,7913,6337,21,0,63,0,0,0,0
2021-02-11T23:59:59+01:00,0,0,191,166,298,473,304,889,376,1398,553,989,293,249,240,443,186,866,0,0,74,81,200,325,226,677,277,1115,426,781,225,196,204,375,165,745,7870,6092,18,0,26,0,0,0,0
2021-02-10T23:59:59+01:00,0,0,189,159,294,469,301,884,370,1387,549,981,291,247,238,442,186,864,0,0,69,76,183,297,215,617,260,1031,401,729,216,181,190,345,150,694,7827,5654,12,0,12,0,0,0,0
2021-02-09T23:59:59+01:00,0,0,184,153,290,461,300,875,370,1377,547,972,288,246,238,442,185,863,0,0,60,60,145,233,186,512,222,839,346,594,194,155,168,308,140,617,7783,4779,3,0,5,0,0,0,0
2021-02-08T23:59:59+01:00,0,0,178,147,286,449,295,865,366,1357,541,965,284,242,237,441,183,859,0,0,33,47,100,144,137,285,163,459,252,387,163,127,139,250,115,512,7687,3313,3,0,5,0,0,0,0
2021-02-07T23:59:59+01:00,0,0,176,145,284,448,294,863,365,1356,540,964,283,241,237,441,183,859,0,0,19,40,82,122,132,264,154,426,236,361,153,122,129,239,108,474,7677,3061,2,0,0,0,0,0,0
2021-02-06T23:59:59+01:00,0,0,176,145,284,448,294,863,365,1356,540,964,283,241,237,441,183,859,0,0,19,37,80,119,122,249,143,409,205,340,138,118,128,234,107,463,7677,2911,2,0,0,0,0,0,0
2021-02-05T23:59:59+01:00,0,0,176,143,284,444,293,852,363,1348,536,961,283,240,237,441,183,858,0,0,18,33,77,114,115,235,137,382,188,322,133,113,124,229,99,446,7640,2765,2,0,0,0,0,0,0
2021-02-04T23:59:59+01:00,0,0,168,138,283,440,286,843,359,1337,527,952,282,238,236,440,183,856,0,0,11,20,50,76,86,178,114,290,155,263,115,99,112,210,89,402,7567,2270,1,0,0,0,0,0,0
2021-02-03T23:59:59+01:00,0,0,150,131,273,434,283,836,357,1326,527,950,282,238,235,440,183,855,0,0,11,18,42,65,77,143,90,258,134,222,96,85,97,181,80,354,7499,1953,1,0,0,0,0,0,0
2021-02-02T23:59:59+01:00,0,0,130,126,261,432,280,828,352,1320,526,943,281,238,234,440,182,854,0,0,11,15,34,59,65,121,75,213,103,172,64,60,72,118,55,227,7426,1464,1,0,0,0,0,0,0
2021-02-01T23:59:59+01:00,0,0,125,121,256,417,278,811,350,1294,520,931,276,236,234,440,182,854,0,0,4,9,19,31,34,66,46,118,59,71,29,31,32,52,30,111,7324,742,1,0,0,0,0,0,0
2021-01-31T23:59:59+01:00,0,0,124,118,254,414,276,807,348,1288,515,929,276,233,233,439,182,854,0,0,4,6,14,22,29,47,32,72,39,43,15,11,16,32,24,65,7289,471,1,0,0,0,0,0,0
2021-01-30T23:59:59+01:00,0,0,124,118,254,414,276,806,348,1287,514,929,276,233,233,439,182,854,0,0,4,6,13,19,26,40,27,64,36,41,15,11,16,32,24,65,7286,439,1,0,0,0,0,0,0
2021-01-29T23:59:59+01:00,0,0,124,118,254,414,275,806,348,1287,514,929,276,233,233,439,182,854,0,0,4,6,7,18,24,32,22,56,32,38,15,11,16,31,23,64,7285,399,1,0,0,0,0,0,0
2021-01-28T23:59:59+01:00,0,0,122,115,250,407,271,799,345,1280,509,928,276,233,233,439,182,854,0,0,1,3,2,8,16,14,12,27,12,23,11,7,9,18,8,27,7242,198,1,0,0,0,0,0,0
2021-01-27T23:59:59+01:00,0,0,114,105,248,402,268,790,340,1273,503,921,271,230,232,438,182,854,0,0,0,0,1,4,12,12,8,20,10,17,10,7,9,18,8,27,7170,163,1,0,0,0,0,0,0
2021-01-26T23:59:59+01:00,0,0,88,93,230,385,260,765,328,1235,477,890,251,218,222,420,182,846,0,0,0,0,1,4,12,12,8,20,10,17,10,7,9,18,8,27,6889,163,1,0,0,0,0,0,0
2021-01-25T23:59:59+01:00,0,0,85,88,228,365,247,745,314,1202,459,865,234,211,211,398,177,790,0,0,0,0,1,4,12,10,7,13,7,13,10,7,9,18,8,27,6619,146,0,0,0,0,0,0,0
2021-01-24T23:59:59+01:00,0,0,85,86,224,361,246,740,311,1189,457,850,233,209,211,387,177,779,0,0,0,0,1,4,11,10,7,13,7,13,10,7,9,18,8,27,6545,145,0,0,0,0,0,0,0
2021-01-23T23:59:59+01:00,0,0,85,86,224,361,246,740,311,1189,457,850,233,209,211,387,177,779,0,0,0,0,1,4,11,10,7,13,7,13,10,7,9,18,8,27,6545,145,0,0,0,0,0,0,0
2021-01-22T23:59:59+01:00,0,0,85,85,222,358,246,737,308,1185,453,847,231,208,211,386,177,779,0,0,0,0,1,4,11,10,7,13,7,13,10,7,9,18,8,27,6518,145,0,0,0,0,0,0,0
2021-01-21T23:59:59+01:00,0,0,85,82,209,328,236,693,283,1136,438,813,230,204,210,380,176,776,0,0,0,0,1,2,9,9,6,12,6,11,10,7,9,18,8,27,6279,135,0,0,0,0,0,0,0
2021-01-20T23:59:59+01:00,0,0,79,77,194,305,224,627,269,1043,409,753,221,192,195,349,162,724,0,0,0,0,1,2,9,9,6,12,6,11,10,7,9,18,8,27,5823,135,0,0,0,0,0,0,0
2021-01-19T23:59:59+01:00,0,0,71,67,155,256,204,564,243,920,369,644,200,166,169,307,148,634,0,0,0,0,1,2,3,7,6,11,4,9,7,6,9,18,8,27,5117,118,0,0,0,0,0,0,0
2021-01-18T23:59:59+01:00,0,0,59,59,132,213,183,461,216,762,329,551,181,145,144,256,126,545,0,0,0,0,0,1,2,4,3,6,2,7,6,6,9,18,8,25,4362,97,0,0,0,0,0,0,0
2021-01-17T23:59:59+01:00,0,0,40,47,108,183,168,402,200,676,305,496,172,138,131,238,109,485,0,0,0,0,0,0,2,4,2,6,2,5,4,4,7,14,6,23,3898,79,0,0,0,0,0,0,0
2021-01-16T23:59:59+01:00,0,0,33,44,108,180,158,385,185,656,274,475,156,133,130,232,108,473,0,0,0,0,0,0,0,0,0,0,0,0,0,0,0,0,0,0,3730,0,0,0,0,0,0,0,0
2021-01-15T23:59:59+01:00,0,0,31,40,105,175,147,371,179,626,255,453,151,124,126,226,99,455,0,0,0,0,0,0,0,0,0,0,0,0,0,0,0,0,0,0,3563,0,0,0,0,0,0,0,0
2021-01-14T23:59:59+01:00,0,0,13,23,51,76,85,174,115,288,150,264,123,105,112,207,87,410,0,0,0,0,0,0,0,0,0,0,0,0,0,0,0,0,0,0,2283,0,0,0,0,0,0,0,0
2021-01-13T23:59:59+01:00,0,0,12,20,41,65,77,139,93,258,125,227,94,83,92,166,68,328,0,0,0,0,0,0,0,0,0,0,0,0,0,0,0,0,0,0,1888,0,0,0,0,0,0,0,0
2021-01-12T23:59:59+01:00,0,0,12,15,37,61,64,115,78,209,96,173,61,55,62,100,40,192,0,0,0,0,0,0,0,0,0,0,0,0,0,0,0,0,0,0,1370,0,0,0,0,0,0,0,0
2021-01-11T23:59:59+01:00,0,0,4,10,26,43,40,83,57,141,59,86,32,30,27,43,19,84,0,0,0,0,0,0,0,0,0,0,0,0,0,0,0,0,0,0,784,0,0,0,0,0,0,0,0
2021-01-10T23:59:59+01:00,0,0,3,6,19,31,35,58,38,94,38,54,15,10,10,22,13,37,0,0,0,0,0,0,0,0,0,0,0,0,0,0,0,0,0,0,483,0,0,0,0,0,0,0,0
2021-01-09T23:59:59+01:00,0,0,3,6,18,27,34,54,33,84,36,53,15,10,10,22,13,37,0,0,0,0,0,0,0,0,0,0,0,0,0,0,0,0,0,0,455,0,0,0,0,0,0,0,0
2021-01-08T23:59:59+01:00,0,0,3,6,15,26,30,44,27,75,32,49,14,10,9,20,12,36,0,0,0,0,0,0,0,0,0,0,0,0,0,0,0,0,0,0,408,0,0,0,0,0,0,0,0
2021-01-07T23:59:59+01:00,0,0,1,4,2,9,16,14,14,28,13,24,11,8,9,18,9,29,0,0,0,0,0,0,0,0,0,0,0,0,0,0,0,0,0,0,209,0,0,0,0,0,0,0,0
2021-01-06T23:59:59+01:00,0,0,1,0,2,4,14,12,9,22,11,19,11,8,9,18,9,29,0,0,0,0,0,0,0,0,0,0,0,0,0,0,0,0,0,0,178,0,0,0,0,0,0,0,0
2021-01-05T23:59:59+01:00,0,0,0,0,1,4,13,12,8,20,10,19,10,8,9,18,9,29,0,0,0,0,0,0,0,0,0,0,0,0,0,0,0,0,0,0,170,0,0,0,0,0,0,0,0
2021-01-04T23:59:59+01:00,0,0,0,0,1,4,13,11,7,16,8,17,10,8,9,18,9,29,0,0,0,0,0,0,0,0,0,0,0,0,0,0,0,0,0,0,160,0,0,0,0,0,0,0,0
2021-01-03T23:59:59+01:00,0,0,0,0,1,4,12,10,7,13,6,14,10,8,9,18,9,29,0,0,0,0,0,0,0,0,0,0,0,0,0,0,0,0,0,0,150,0,0,0,0,0,0,0,0
2021-01-02T23:59:59+01:00,0,0,0,0,1,4,12,10,7,13,6,14,10,8,9,18,9,29,0,0,0,0,0,0,0,0,0,0,0,0,0,0,0,0,0,0,150,0,0,0,0,0,0,0,0
2021-01-01T23:59:59+01:00,0,0,0,0,1,4,12,10,7,13,6,14,10,8,9,18,9,29,0,0,0,0,0,0,0,0,0,0,0,0,0,0,0,0,0,0,150,0,0,0,0,0,0,0,0
2020-12-31T23:59:59+01:00,0,0,0,0,1,4,12,10,7,13,6,14,10,8,9,18,9,29,0,0,0,0,0,0,0,0,0,0,0,0,0,0,0,0,0,0,150,0,0,0,0,0,0,0,0
2020-12-30T23:59:59+01:00,0,0,0,0,1,4,12,10,7,13,6,14,10,8,9,18,9,29,0,0,0,0,0,0,0,0,0,0,0,0,0,0,0,0,0,0,150,0,0,0,0,0,0,0,0
2020-12-29T23:59:59+01:00,0,0,0,0,1,4,8,9,7,13,4,12,10,8,9,18,9,29,0,0,0,0,0,0,0,0,0,0,0,0,0,0,0,0,0,0,141,0,0,0,0,0,0,0,0
2020-12-28T23:59:59+01:00,0,0,0,0,1,1,5,7,7,7,2,9,10,8,9,18,9,29,0,0,0,0,0,0,0,0,0,0,0,0,0,0,0,0,0,0,122,0,0,0,0,0,0,0,0
2020-12-27T23:59:59+01:00,0,0,0,0,0,0,2,4,2,6,1,6,4,6,8,15,8,26,0,0,0,0,0,0,0,0,0,0,0,0,0,0,0,0,0,0,88,0,0,0,0,0,0,0,0
