Datum,<15_m,<15_w,15-24_1_m,15-24_1_w,25-34_1_m,25-34_1_w,35-44_1_m,35-44_1_w,45-54_1_m,45-54_1_w,55-64_1_m,55-64_1_w,65-74_1_m,65-74_1_w,75-84_1_m,75-84_1_w,>84_1_m,>84_1_w,<24_2_m,<24_2_w,25-34_2_m,25-34_2_w,35-44_2_m,35-44_2_w,45-54_2_m,45-54_2_w,55-64_2_m,55-64_2_w,65-74_2_m,65-74_2_w,75-84_2_m,75-84_2_w,>84_2_m,>84_2_w,bp_1,bp_2,mo_1,mo_2,az_1,az_2,ja,unb_1,unb_2
2021-08-19T23:59:59+02:00,1389,1236,8996,8520,10207,9477,12691,13130,16809,17223,20097,20205,16110,16831,8942,10908,2817,5414,7664,7359,9377,8621,11885,12235,15981,16381,19349,19418,15701,16370,8739,10591,2760,5278,144624,135472,19709,18225,27861,26901,8798,10,7
2021-08-18T23:59:59+02:00,1364,1204,8953,8484,10181,9450,12666,13099,16783,17202,20073,20178,16099,16819,8936,10903,2814,5409,7653,7351,9366,8615,11873,12222,15970,16374,19344,19412,15697,16365,8735,10588,2758,5275,144318,135424,19696,18224,27858,26900,8735,10,7
2021-08-17T23:59:59+02:00,1339,1191,8916,8451,10166,9429,12653,13075,16769,17182,20052,20156,16091,16810,8934,10897,2812,5404,7639,7336,9349,8608,11864,12213,15963,16364,19333,19406,15692,16360,8734,10587,2757,5273,144083,135359,19693,18219,27857,26894,8684,10,7
2021-08-16T23:59:59+02:00,1316,1173,8879,8427,10146,9409,12629,13052,16759,17165,20032,20141,16086,16798,8930,10896,2812,5404,7632,7325,9334,8606,11854,12207,15961,16359,19324,19399,15689,16357,8734,10587,2757,5273,143852,135324,19691,18215,27857,26892,8644,10,7
2021-08-15T23:59:59+02:00,1298,1157,8858,8408,10134,9394,12613,13040,16747,17155,20019,20130,16080,16792,8930,10891,2812,5404,7620,7315,9320,8591,11842,12197,15954,16351,19318,19395,15682,16353,8733,10584,2757,5273,143705,135275,19691,18211,27856,26873,8600,10,7
2021-08-14T23:59:59+02:00,1297,1157,8858,8408,10133,9394,12612,13038,16747,17154,20018,20128,16080,16792,8930,10891,2812,5404,7303,7023,9177,8425,11666,12034,15837,16221,19224,19310,15656,16330,8724,10571,2757,5269,143700,133293,19691,18209,27856,26866,8596,10,7
2021-08-13T23:59:59+02:00,1292,1155,8845,8398,10122,9386,12600,13029,16732,17145,20010,20120,16076,16786,8928,10890,2811,5404,6924,6667,9006,8266,11462,11823,15623,16041,19086,19189,15623,16291,8713,10557,2755,5265,143670,130855,19691,18209,27856,26863,8502,10,7
2021-08-12T23:59:59+02:00,1292,1155,8844,8394,10115,9380,12596,13028,16726,17136,20006,20115,16075,16782,8926,10888,2811,5404,6918,6661,8993,8258,11451,11821,15612,16034,19082,19183,15621,16286,8711,10556,2755,5265,143653,130825,19690,18206,27856,26845,8464,10,7
2021-08-11T23:59:59+02:00,1289,1151,8841,8388,10105,9375,12588,13024,16723,17132,20001,20113,16073,16779,8925,10888,2811,5403,6912,6651,8978,8248,11440,11817,15608,16027,19074,19177,15617,16283,8710,10556,2755,5263,143609,130766,19687,18199,27856,26832,8447,10,7
2021-08-10T23:59:59+02:00,1288,1151,8837,8386,10100,9370,12586,13020,16722,17130,20000,20108,16072,16777,8925,10887,2811,5403,6867,6607,8947,8233,11421,11796,15583,16015,19067,19167,15615,16281,8710,10554,2755,5263,143583,130525,19687,18195,27856,26826,8437,10,7
2021-08-09T23:59:59+02:00,1288,1149,8830,8385,10095,9364,12585,13019,16715,17129,19995,20108,16070,16777,8924,10887,2811,5403,6849,6585,8927,8217,11409,11786,15567,16004,19061,19163,15612,16280,8708,10553,2755,5263,143561,130399,19687,18191,27854,26817,8422,10,7
2021-08-08T23:59:59+02:00,1288,1148,8827,8379,10093,9360,12576,13016,16710,17125,19993,20105,16068,16774,8923,10886,2810,5402,6846,6573,8910,8209,11393,11779,15560,15997,19059,19160,15609,16277,8707,10552,2754,5262,143550,130353,19686,18184,27854,26814,8383,10,7
2021-08-07T23:59:59+02:00,1288,1140,8818,8371,10082,9353,12574,13010,16703,17121,19987,20100,16064,16769,8921,10886,2809,5402,6196,6005,8639,7985,11125,11548,15361,15824,18975,19084,15589,16253,8700,10545,2751,5261,143503,127277,19685,18172,27854,26813,8346,10,7
2021-08-06T23:59:59+02:00,1282,1139,8808,8359,10068,9341,12554,12993,16685,17109,19970,20087,16057,16761,8921,10883,2809,5401,6183,5990,8624,7970,11101,11529,15339,15808,18958,19072,15582,16246,8700,10542,2751,5260,143465,127227,19683,18166,27854,26811,8215,10,7
2021-08-05T23:59:59+02:00,1279,1137,8801,8352,10059,9332,12543,12986,16679,17106,19963,20084,16056,16761,8921,10882,2809,5401,5900,5754,8279,7675,10741,11257,15020,15573,18709,18907,15563,16223,8690,10535,2750,5259,143422,127146,19679,15478,27850,26780,8190,10,7
2021-08-04T23:59:59+02:00,1278,1134,8795,8349,10054,9329,12536,12982,16674,17104,19961,20081,16055,16761,8920,10881,2809,5400,5886,5748,8251,7664,10722,11246,15004,15566,18704,18902,15561,16220,8689,10535,2749,5259,143391,127050,19678,15470,27849,26765,8175,10,7
2021-08-03T23:59:59+02:00,1271,1131,8791,8339,10049,9325,12531,12979,16669,17102,19956,20079,16053,16761,8919,10879,2809,5399,5774,5635,8158,7595,10605,11168,14956,15514,18675,18888,15557,16218,8688,10533,2747,5258,143347,126327,19676,15462,27849,26736,8160,10,7
2021-08-02T23:59:59+02:00,1265,1125,8778,8331,10041,9318,12526,12973,16664,17093,19949,20076,16051,16758,8917,10876,2808,5398,5606,5477,8027,7490,10481,11053,14886,15435,18643,18863,15549,16209,8682,10533,2747,5258,143268,125271,19670,15459,27848,26706,8151,10,7
2021-08-01T23:59:59+02:00,1264,1124,8771,8322,10034,9311,12520,12971,16660,17091,19944,20074,16051,16758,8916,10874,2808,5398,5546,5420,7976,7441,10419,11002,14852,15410,18630,18846,15547,16207,8680,10530,2747,5256,143224,124837,19667,15456,27847,26685,8143,10,7
2021-07-31T23:59:59+02:00,1264,1124,8770,8319,10034,9310,12518,12971,16659,17091,19943,20072,16051,16758,8916,10873,2808,5398,5521,5400,7960,7429,10403,10989,14839,15404,18627,18843,15546,16206,8680,10530,2747,5256,143221,124711,19666,15453,27847,26684,8135,10,7
2021-07-30T23:59:59+02:00,1133,1006,8542,8091,9941,9192,12437,12887,16581,17020,19884,20005,16019,16719,8910,10856,2807,5395,5230,5123,7822,7287,10216,10799,14702,15241,18564,18787,15521,16179,8667,10517,2743,5253,141775,122894,19664,15447,27847,26666,8129,10,7
2021-07-29T23:59:59+02:00,1126,998,8413,8002,9782,9095,12287,12786,16436,16927,19722,19895,15934,16652,8885,10837,2806,5388,4933,4892,7543,7094,9938,10597,14455,15069,18370,18670,15436,16106,8640,10496,2742,5243,141661,121792,19661,15405,27847,26640,6792,10,7
2021-07-28T23:59:59+02:00,1115,985,8384,7966,9768,9082,12266,12772,16419,16905,19702,19885,15927,16639,8878,10833,2806,5386,4513,4461,7225,6842,9621,10299,14220,14887,18313,18629,15421,16095,8635,10485,2742,5233,141424,119145,19659,15351,27845,26578,6780,10,7
2021-07-27T23:59:59+02:00,1105,977,8361,7951,9756,9075,12255,12763,16410,16900,19695,19872,15925,16633,8876,10830,2805,5384,4278,4213,6995,6643,9374,10023,14059,14727,18262,18566,15372,16049,8618,10469,2739,5227,141287,117130,19656,15350,27845,26555,6775,10,7
2021-07-26T23:59:59+02:00,1101,974,8347,7939,9749,9070,12249,12758,16403,16892,19688,19871,15922,16628,8874,10826,2804,5379,4170,4102,6893,6533,9249,9898,13978,14648,18217,18533,15361,16038,8608,10461,2736,5225,141209,116230,19652,15341,27834,26497,6769,10,7
2021-07-25T23:59:59+02:00,1100,973,8341,7935,9736,9066,12239,12755,16398,16886,19685,19870,15920,16628,8874,10826,2804,5379,4121,4049,6817,6482,9178,9844,13942,14615,18193,18519,15343,16025,8602,10455,2736,5223,141184,115787,19649,15325,27833,26476,6739,10,7
2021-07-24T23:59:59+02:00,1098,969,8252,7873,9662,8988,12172,12679,16332,16832,19645,19831,15899,16614,8871,10816,2804,5379,4078,4009,6759,6434,9101,9790,13880,14550,18161,18493,15332,16015,8594,10451,2736,5223,141165,115538,18991,15051,27833,26474,6717,10,7
2021-07-23T23:59:59+02:00,1071,944,8141,7785,9624,8954,12138,12650,16287,16798,19616,19812,15893,16608,8868,10812,2804,5379,3788,3724,6497,6223,8824,9507,13647,14379,18085,18437,15291,15972,8577,10432,2734,5217,140675,113310,18991,15027,27833,26468,6675,10,7
2021-07-22T23:59:59+02:00,981,858,7925,7556,9519,8865,12020,12555,16198,16711,19544,19728,15847,16568,8860,10797,2803,5373,3661,3597,6343,6132,8672,9378,13485,14238,18012,18370,15268,15948,8570,10423,2734,5216,139230,112168,18990,14954,27816,26375,6662,10,7
2021-07-21T23:59:59+02:00,961,844,7894,7516,9503,8854,11997,12532,16174,16695,19520,19707,15836,16561,8860,10792,2803,5373,3354,3327,6000,5875,8278,8996,13218,14004,17872,18244,15177,15867,8538,10393,2731,5204,138974,109366,18988,14883,27811,26276,6639,10,7
2021-07-20T23:59:59+02:00,960,843,7886,7511,9495,8851,11992,12530,16166,16694,19515,19703,15835,16560,8860,10791,2803,5373,3281,3274,5941,5821,8219,8935,13133,13960,17840,18230,15177,15867,8538,10391,2731,5204,138936,108978,18987,14868,27808,26144,6627,10,7
2021-07-19T23:59:59+02:00,959,843,7881,7511,9491,8845,11987,12528,16161,16688,19513,19703,15834,16557,8860,10789,2803,5372,3231,3239,5894,5782,8162,8891,13077,13934,17794,18218,15177,15865,8538,10389,2731,5203,138907,108712,18986,14852,27808,26019,6614,10,7
2021-07-18T23:59:59+02:00,958,842,7871,7502,9484,8839,11979,12524,16155,16683,19511,19702,15833,16555,8860,10789,2803,5372,3212,3223,5854,5750,8128,8863,13039,13918,17782,18215,15177,15864,8538,10389,2731,5202,138862,108527,18984,14819,27806,26010,6600,10,7
2021-07-17T23:59:59+02:00,842,723,7548,7211,9332,8670,11803,12363,16027,16544,19415,19607,15812,16534,8852,10776,2803,5369,3111,3115,5742,5657,7994,8708,12900,13794,17687,18139,15167,15845,8535,10382,2731,5202,136855,107355,18982,14815,27806,26005,6584,4,6
2021-07-16T23:59:59+02:00,685,571,7152,6886,9143,8513,11611,12153,15823,16368,19275,19480,15783,16497,8843,10762,2802,5367,3049,3056,5667,5593,7882,8606,12783,13660,17611,18065,15144,15830,8531,10380,2730,5202,134375,106472,18982,14810,27805,25999,6548,4,6
2021-07-15T23:59:59+02:00,683,571,7139,6878,9139,8512,11601,12149,15813,16361,19271,19474,15781,16495,8839,10760,2801,5358,3011,3021,5600,5552,7793,8555,12710,13620,17581,18044,15121,15816,8523,10373,2729,5193,134337,106244,18980,14655,27800,25878,6504,4,6
2021-07-14T23:59:59+02:00,681,570,7130,6870,9135,8510,11596,12145,15807,16358,19266,19469,15779,16492,8836,10757,2800,5354,2988,3009,5559,5521,7758,8533,12678,13604,17564,18033,15114,15813,8520,10369,2729,5189,134305,106093,18979,14622,27800,25838,6467,4,6
2021-07-13T23:59:59+02:00,676,567,7106,6853,9124,8494,11587,12131,15796,16340,19258,19462,15770,16488,8832,10747,2795,5346,2930,2958,5495,5453,7599,8399,12426,13387,17409,17906,15096,15802,8508,10356,2724,5178,134183,104881,18979,14569,27797,25803,6409,4,6
2021-07-12T23:59:59+02:00,670,560,7094,6838,9114,8483,11576,12122,15792,16329,19246,19458,15768,16484,8830,10747,2795,5343,2872,2905,5413,5378,7452,8285,12178,13176,17230,17762,15086,15797,8504,10349,2723,5178,134073,103648,18977,14518,27794,25754,6401,4,6
2021-07-11T23:59:59+02:00,669,559,7086,6835,9105,8474,11570,12114,15782,16326,19241,19453,15768,16481,8829,10745,2795,5343,2841,2870,5337,5302,7355,8198,12015,13021,17103,17630,15079,15786,8503,10346,2723,5178,134031,102765,18973,14468,27794,25713,6373,4,6
2021-07-10T23:59:59+02:00,496,402,6518,6288,8878,8290,11329,11920,15625,16195,19186,19404,15760,16471,8825,10740,2794,5342,2811,2837,5286,5260,7274,8117,11914,12922,17025,17563,15063,15771,8500,10336,2720,5176,131335,102074,18973,14466,27794,25704,6357,4,6
2021-07-09T23:59:59+02:00,485,395,6459,6260,8852,8253,11289,11891,15598,16182,19173,19388,15759,16468,8825,10737,2794,5342,2755,2771,5203,5192,7096,7941,11506,12624,16732,17358,15044,15744,8493,10331,2719,5174,131243,101058,18762,13611,27793,25690,6348,4,6
2021-07-08T23:59:59+02:00,480,393,6141,5997,8478,7962,10909,11582,15262,15936,18913,19215,15737,16444,8816,10730,2791,5341,2693,2721,5123,5118,6957,7851,11307,12482,16586,17235,15037,15736,8493,10329,2719,5173,131156,100202,15859,13447,27790,25616,6318,4,6
2021-07-07T23:59:59+02:00,478,389,6126,5984,8455,7946,10895,11566,15251,15926,18912,19210,15735,16441,8815,10728,2791,5339,2645,2666,5034,5060,6821,7758,11075,12301,16426,17103,15029,15730,8489,10324,2719,5173,131046,99182,15851,13328,27788,25568,6298,4,6
2021-07-06T23:59:59+02:00,452,368,6026,5891,8374,7880,10820,11497,15217,15886,18889,19194,15728,16431,8812,10726,2788,5337,2576,2596,4896,4947,6634,7625,10685,11891,16056,16730,15004,15697,8481,10317,2718,5169,130431,97034,15843,13245,27783,25508,6255,4,6
2021-07-05T23:59:59+02:00,411,334,5847,5719,8257,7784,10708,11382,15158,15819,18858,19162,15722,16423,8808,10721,2785,5336,2522,2521,4798,4850,6503,7489,10336,11576,15782,16426,14974,15667,8473,10302,2718,5164,129382,95251,15839,13181,27780,25454,6229,4,6
2021-07-04T23:59:59+02:00,391,304,5773,5641,8200,7729,10641,11326,15127,15788,18844,19143,15716,16420,8807,10719,2785,5334,2504,2490,4737,4804,6444,7439,10200,11467,15681,16354,14970,15661,8471,10301,2717,5164,128879,94687,15833,13114,27775,25419,6197,4,6
2021-07-03T23:59:59+02:00,386,302,5755,5633,8191,7720,10630,11323,15120,15782,18841,19141,15715,16420,8807,10719,2785,5334,2469,2459,4642,4775,6337,7414,10142,11423,15577,16268,14294,14954,8452,10276,2717,5164,128813,94574,15831,13112,27774,23507,6182,4,6
2021-07-02T23:59:59+02:00,342,264,5567,5482,8117,7645,10531,11226,15055,15726,18822,19135,15711,16416,8802,10717,2783,5331,2422,2411,4489,4697,6154,7340,9988,11269,15387,16065,13504,14036,8444,10261,2717,5163,127895,94013,15829,13069,27773,21106,6171,4,6
2021-07-01T23:59:59+02:00,281,210,5350,5302,7989,7534,10393,11101,14926,15630,18777,19110,15703,16409,8797,10711,2783,5330,2304,2290,4313,4525,5919,7091,9210,10588,14759,15595,13479,14008,8439,10257,2713,5161,126607,90531,15819,12974,27772,21022,6134,4,6
2021-06-30T23:59:59+02:00,151,121,4868,4826,7647,7259,10044,10763,14699,15452,18719,19066,15692,16398,8793,10703,2783,5327,2267,2244,4228,4456,5808,6995,9039,10466,14670,15519,13465,14000,8436,10254,2713,5159,123620,89937,15813,12800,27772,20890,6102,4,6
2021-06-29T23:59:59+02:00,115,100,4584,4544,7397,7041,9754,10464,14500,15262,18657,19005,15640,16348,8774,10688,2782,5322,2201,2162,4087,4319,5603,6817,8815,10240,14379,15297,13417,13951,8424,10230,2711,5146,121554,88502,15810,12648,27770,20818,5839,4,6
2021-06-28T23:59:59+02:00,99,79,4448,4399,7292,6930,9633,10335,14409,15155,18612,18963,15624,16332,8760,10677,2779,5320,2116,2036,3904,4114,5323,6475,8431,9732,13851,14762,13300,13862,8406,10206,2708,5134,120535,85309,15801,12566,27767,20753,5739,4,4
2021-06-27T23:59:59+02:00,94,77,4396,4350,7233,6874,9571,10281,14377,15122,18592,18946,15607,16320,8753,10670,2778,5315,2062,2001,3840,4068,5212,6362,8263,9604,13677,14652,13274,13843,8398,10197,2705,5132,120169,84522,15798,12532,27765,20622,5620,4,4
2021-06-26T23:59:59+02:00,81,75,4353,4322,7202,6847,9553,10260,14358,15107,18580,18933,15603,16313,8753,10670,2778,5315,1986,1909,3651,3909,4997,6105,7897,9149,13327,14355,13194,13786,8378,10169,2700,5123,119930,81882,15794,12532,27765,20617,5610,4,4
2021-06-25T23:59:59+02:00,69,62,4040,3995,6934,6608,9262,9967,14135,14920,18497,18877,15557,16267,8734,10651,2776,5308,1921,1825,3489,3791,4805,5875,7573,8735,13019,14020,13144,13730,8365,10144,2694,5117,117525,79541,15766,12501,27765,20612,5599,4,4
2021-06-24T23:59:59+02:00,62,55,3947,3903,6836,6522,9163,9875,14036,14835,18469,18843,15542,16251,8728,10644,2776,5307,1853,1749,3376,3695,4606,5733,7355,8540,12769,13822,12312,12804,8185,9880,2694,5116,116794,78334,15756,12396,27762,18287,5478,4,4
2021-06-23T23:59:59+02:00,49,50,3540,3525,6383,6173,8632,9365,13700,14533,18334,18707,15438,16159,8684,10608,2773,5293,1716,1574,3123,3494,4194,5408,6413,7831,12033,13123,12290,12792,8175,9873,2694,5112,113855,77712,15507,9081,27761,18239,4819,4,4
2021-06-22T23:59:59+02:00,40,42,3468,3454,6307,6114,8529,9288,13648,14488,18301,18690,15427,16152,8683,10603,2773,5290,1676,1520,3020,3393,4053,5258,6161,7648,11433,12421,12200,12700,8158,9840,2690,5104,113232,75401,15503,9000,27759,18081,4799,4,4
2021-06-21T23:59:59+02:00,34,39,3398,3393,6213,6060,8469,9216,13589,14444,18268,18669,15424,16150,8677,10600,2773,5289,1639,1469,2929,3296,3929,5108,5966,7423,10675,11501,11818,12247,7098,8620,2684,5098,112716,72749,15496,8899,27748,15116,4741,4,4
2021-06-20T23:59:59+02:00,34,38,3372,3371,6166,6028,8424,9186,13561,14429,18257,18665,15423,16150,8677,10600,2773,5289,1620,1452,2893,3270,3878,5071,5913,7400,10589,11428,11798,12228,7096,8613,2683,5098,112541,72437,15480,8823,27748,15104,4670,4,4
2021-06-19T23:59:59+02:00,32,36,3345,3348,6137,6008,8395,9167,13537,14423,18251,18660,15423,16149,8677,10600,2773,5289,1616,1440,2888,3261,3870,5066,5899,7395,10578,11421,11798,12228,7096,8612,2683,5098,112353,72358,15475,8823,27748,15102,4670,4,4
2021-06-18T23:59:59+02:00,28,31,3304,3306,6061,5969,8327,9113,13491,14392,18228,18649,15422,16147,8676,10599,2773,5289,1539,1345,2752,3086,3686,4788,5502,7020,9095,9861,11633,12060,7055,8562,2671,5080,111971,67188,15448,8822,27748,15091,4634,4,4
2021-06-17T23:59:59+02:00,26,28,3240,3255,5995,5931,8254,9060,13420,14347,18205,18638,15420,16142,8675,10596,2773,5286,1408,1252,2563,2874,3425,4500,5144,6629,8429,9134,11351,11819,7014,8505,2667,5077,111604,63502,15419,8706,27745,15064,4519,4,4
2021-06-16T23:59:59+02:00,26,25,3187,3194,5883,5866,8136,8966,13293,14261,18139,18603,15414,16133,8675,10593,2773,5286,1311,1196,2422,2766,3242,4343,4860,6358,7354,7845,11261,11712,6984,8468,2654,5059,110969,59749,15345,8660,27742,15033,4393,4,4
2021-06-15T23:59:59+02:00,21,24,3090,3112,5766,5777,7948,8789,13033,14041,17988,18477,15399,16122,8667,10587,2773,5284,1273,1164,2350,2710,3135,4269,4658,6233,7042,7594,10766,11152,6951,8433,2646,5046,109553,57505,15317,8628,27734,15000,4290,4,3
2021-06-14T23:59:59+02:00,20,22,3017,3041,5688,5720,7807,8670,12744,13805,17804,18305,15383,16108,8660,10582,2772,5283,1246,1136,2284,2654,3010,4173,4460,6094,6704,7293,10239,10543,6920,8396,2642,5037,108175,55144,15309,8523,27730,14953,4213,4,2
2021-06-13T23:59:59+02:00,20,22,2999,3009,5622,5682,7744,8604,12605,13669,17699,18183,15377,16099,8659,10579,2771,5283,1236,1124,2253,2640,2973,4162,4416,6074,6672,7277,10235,10536,6920,8395,2642,5037,107439,55003,15298,8517,27725,14914,4160,4,2
2021-06-12T23:59:59+02:00,18,22,2970,2991,5594,5657,7713,8586,12585,13651,17690,18180,15376,16098,8659,10579,2771,5283,1179,1062,2163,2565,2877,4027,4274,5943,6562,7192,10153,10458,6322,7668,2642,5037,107240,54888,15296,8517,27725,12563,4158,4,2
2021-06-11T23:59:59+02:00,18,19,2893,2915,5525,5592,7530,8400,12176,13345,17411,17976,15360,16073,8653,10571,2769,5281,1156,1045,2108,2525,2812,3979,4190,5881,6454,7104,10051,10345,6309,7662,2640,5031,106226,54365,14406,8255,27724,12527,4147,4,2
2021-06-10T23:59:59+02:00,14,17,2837,2873,5426,5541,7397,8318,11991,13206,17274,17859,15355,16069,8653,10570,2768,5280,1117,1019,2034,2459,2710,3902,4020,5752,6213,6892,9801,10078,6289,7634,2634,5025,105309,52807,14331,8252,27719,12437,4085,4,2
2021-06-09T23:59:59+02:00,13,15,2761,2804,5302,5447,7175,8146,11714,12964,17087,17712,15344,16055,8649,10561,2768,5277,1060,957,1903,2341,2506,3720,3692,5467,5596,6387,8981,9177,6232,7558,2620,4990,104106,48815,14180,8235,27710,12345,3794,4,2
2021-06-08T23:59:59+02:00,10,11,2664,2701,5169,5320,6979,7963,11280,12537,16710,17324,15325,16028,8638,10555,2767,5272,1023,929,1836,2277,2400,3647,3549,5401,5448,6258,8949,9158,6230,7548,2618,4986,101903,48310,14153,8186,27708,12278,3485,4,2
2021-06-07T23:59:59+02:00,8,10,2536,2603,4978,5191,6771,7800,10803,12178,16367,17030,15299,16000,8632,10538,2766,5268,952,892,1709,2223,2261,3565,3296,5312,5094,5974,8400,8534,6176,7489,2614,4977,99972,46099,14110,8172,27699,12206,2993,4,2
2021-06-06T23:59:59+02:00,8,8,2501,2579,4917,5132,6684,7744,10666,12068,16275,16966,15296,15996,8632,10538,2764,5267,936,882,1680,2204,2219,3538,3230,5288,5046,5950,8395,8533,6171,7482,2614,4976,99386,45945,14058,8163,27693,12138,2900,4,2
2021-06-05T23:59:59+02:00,7,7,2488,2557,4888,5105,6646,7717,10635,12041,16266,16960,15296,15996,8632,10538,2764,5267,920,867,1648,2177,2180,3486,3128,5206,4692,5624,7797,7831,6143,7429,2613,4974,99161,43567,14058,8158,27691,12096,2896,4,2
2021-06-04T23:59:59+02:00,6,6,2458,2529,4843,5060,6597,7666,10547,11938,16214,16897,15292,15989,8632,10537,2763,5266,908,849,1625,2158,2141,3450,3076,5147,4529,5436,7495,7464,6107,7387,2611,4968,98633,42288,14053,8156,27691,12050,2859,4,2
2021-06-03T23:59:59+02:00,6,6,2353,2398,4691,4889,6391,7418,9847,11304,15624,16449,15281,15980,8629,10532,2762,5265,891,819,1584,2098,2092,3371,2987,5038,4384,5271,7336,7275,6095,7360,2611,4964,95298,41242,14014,8146,27686,11967,2823,4,2
2021-06-02T23:59:59+02:00,6,6,2336,2373,4648,4856,6335,7379,9747,11215,15566,16396,15273,15976,8628,10528,2762,5264,878,807,1566,2075,2040,3335,2902,4952,4022,4882,6779,6639,6052,7304,2607,4954,94773,38910,14012,8142,27686,11924,2819,4,2
2021-06-01T23:59:59+02:00,6,5,2274,2332,4529,4767,6171,7268,9559,11068,15459,16320,15270,15972,8624,10524,2761,5259,846,781,1502,2025,1927,3273,2746,4861,3819,4755,6568,6409,6030,7286,2601,4947,93911,37828,13963,8120,27674,11812,2616,4,2
2021-05-31T23:59:59+02:00,2,5,2224,2273,4430,4674,6030,7142,9373,10924,15374,16266,15262,15965,8621,10524,2761,5259,823,745,1444,1966,1859,3225,2572,4808,3689,4702,6211,5994,6007,7265,2598,4939,93193,36652,13877,8114,27665,11711,2370,4,2
2021-05-30T23:59:59+02:00,2,5,2199,2251,4373,4613,5941,7082,9298,10862,15337,16247,15261,15963,8621,10524,2761,5259,811,734,1422,1945,1809,3201,2439,4773,3584,4684,6209,5992,6007,7265,2598,4939,92748,36337,13837,8092,27655,11628,2355,4,2
2021-05-29T23:59:59+02:00,2,5,2182,2236,4355,4602,5924,7066,9284,10849,15332,16244,15260,15963,8621,10524,2761,5259,793,681,1328,1687,1676,2841,2239,4225,3306,4257,6119,5898,5895,7132,2597,4939,92622,36288,13834,8087,27654,8883,2355,4,2
2021-05-28T23:59:59+02:00,2,5,2162,2213,4317,4557,5880,7021,9208,10779,15265,16192,15256,15961,8621,10524,2761,5258,774,591,1250,1436,1577,2440,2060,3535,3042,3661,5481,5158,5813,7041,2593,4926,92151,34990,13821,8087,27652,5947,2354,4,2
2021-05-27T23:59:59+02:00,2,5,2119,2175,4232,4490,5756,6947,9053,10679,15168,16109,15254,15960,8621,10523,2761,5258,745,556,1216,1355,1535,2302,1993,3393,2930,3541,5046,4673,5780,7002,2582,4897,91470,33867,13672,8078,27628,5263,2338,4,2
2021-05-26T23:59:59+02:00,2,5,2050,2057,4035,4345,5414,6685,8084,9937,14411,15404,15242,15954,8617,10517,2759,5256,734,540,1190,1297,1490,2247,1936,3282,2777,3395,3741,3296,5721,6929,2559,4840,90696,30600,10149,8063,27613,4999,2312,4,2
2021-05-25T23:59:59+02:00,2,5,2009,2018,3952,4278,5318,6619,7949,9830,14038,14971,15194,15917,8610,10502,2757,5252,725,530,1160,1262,1468,2224,1916,3255,2752,3369,3735,3286,5714,6926,2557,4839,89358,30513,10001,8054,27596,4889,2262,4,2
2021-05-24T23:59:59+02:00,2,5,1983,1972,3863,4204,5213,6537,7824,9706,13526,14357,15143,15849,8603,10488,2756,5247,719,522,1140,1251,1438,2210,1895,3237,2727,3347,3719,3268,5692,6902,2550,4823,87566,30386,9922,8003,27584,4850,2202,4,1
2021-05-23T23:59:59+02:00,2,5,1974,1959,3844,4181,5195,6524,7772,9675,13451,14294,15132,15845,8601,10487,2755,5247,712,510,1128,1238,1413,2184,1837,3201,2619,3247,3311,2835,5050,6092,2536,4778,87331,30215,9822,5446,27584,4829,2202,4,1
2021-05-22T23:59:59+02:00,2,5,1809,1917,3542,4131,4792,6480,7514,9619,13326,14215,15126,15844,8601,10486,2755,5247,552,479,835,1196,1035,2148,1596,3148,2505,3172,3307,2833,5050,6091,2536,4778,87181,30203,9822,5445,27582,4792,822,4,1
2021-05-21T23:59:59+02:00,2,4,1723,1808,3388,3939,4603,6185,7117,9253,12039,12874,14975,15696,8564,10439,2746,5236,548,467,825,1194,1033,2141,1561,3118,2428,3095,3134,2696,5024,6048,2533,4763,82409,29569,9782,5445,27576,4774,820,4,1
2021-05-20T23:59:59+02:00,2,4,1685,1772,3297,3888,4496,6104,6941,9174,11828,12647,14955,15678,8561,10432,2745,5235,528,454,785,1148,977,2077,1443,3047,2301,2998,2946,2527,4983,5972,2525,4748,81579,28827,9679,5430,27520,4539,663,3,1
2021-05-19T23:59:59+02:00,2,4,1662,1746,3240,3832,4402,6039,6826,9112,11596,12388,14943,15668,8559,10431,2745,5234,520,442,769,1111,959,2008,1332,2900,1974,2705,2384,2030,4878,5855,2504,4701,80769,26758,9539,5414,27493,4275,625,3,1
2021-05-18T23:59:59+02:00,2,4,1600,1712,3152,3742,4290,5936,6667,8953,11309,12134,14898,15620,8547,10408,2743,5224,517,430,754,1096,941,1991,1248,2834,1694,2483,1942,1684,4806,5772,2483,4658,79676,25216,9337,5404,27424,4212,501,3,1
2021-05-17T23:59:59+02:00,2,4,1551,1631,3022,3585,4084,5657,6319,8496,10763,11583,14790,15529,8528,10383,2738,5214,515,422,748,1089,923,1986,1224,2810,1666,2444,1925,1665,4799,5765,2480,4655,76787,25151,9302,5390,27399,4187,388,3,1
2021-05-16T23:59:59+02:00,2,4,1532,1609,2969,3545,3988,5570,6170,8360,10587,11450,14764,15507,8521,10375,2737,5212,508,416,725,1074,893,1970,1196,2782,1633,2420,1918,1656,4797,5761,2477,4653,76043,25122,9245,5372,27368,4142,243,3,1
2021-05-15T23:59:59+02:00,2,4,1445,1512,2758,3378,3759,5292,5809,7888,10235,11153,14679,15445,8502,10346,2731,5203,508,414,721,1072,893,1966,1191,2781,1628,2416,1906,1644,4791,5755,2477,4651,73290,25063,9245,5372,27361,4137,242,3,1
2021-05-14T23:59:59+02:00,2,4,1411,1449,2646,3282,3607,5135,5611,7599,10016,10901,14644,15407,8489,10323,2728,5199,459,373,649,906,821,1680,1061,2371,1447,2090,1872,1604,4788,5747,2476,4646,71651,24999,9224,5370,27337,2383,238,3,1
2021-05-13T23:59:59+02:00,2,4,1353,1382,2543,3198,3440,4999,5393,7392,9789,10722,14618,15379,8481,10320,2726,5196,452,360,621,878,720,1573,962,2288,1184,1878,1159,1024,4568,5514,2468,4614,70490,24881,8915,2840,27306,2319,223,3,1
2021-05-12T23:59:59+02:00,2,4,1346,1373,2527,3193,3422,4987,5373,7379,9775,10710,14616,15375,8479,10318,2725,5196,452,359,620,877,717,1570,957,2285,1180,1872,1140,1015,4555,5478,2436,4545,70380,24680,8891,2840,27304,2316,222,3,1
2021-05-11T23:59:59+02:00,2,3,1304,1331,2453,3109,3310,4860,5179,7234,9489,10402,14569,15318,8467,10298,2721,5187,446,346,602,863,696,1553,929,2261,1154,1845,1086,979,4492,5381,2394,4421,69046,24191,8768,2822,27219,2235,200,3,1
2021-05-10T23:59:59+02:00,2,3,1280,1304,2389,3032,3183,4736,5049,7077,9166,10022,14523,15279,8458,10279,2716,5185,445,344,589,853,682,1538,918,2246,1136,1831,1052,945,4432,5305,2355,4306,67694,23785,8648,2819,27148,2183,190,3,1
2021-05-09T23:59:59+02:00,2,3,1265,1287,2346,3019,3106,4701,4987,7043,9101,9978,14510,15264,8456,10274,2716,5183,437,342,575,848,659,1518,896,2225,1124,1817,1033,929,4420,5267,2340,4264,67457,23625,8574,2817,27104,2149,103,3,1
2021-05-08T23:59:59+02:00,1,3,1263,1283,2331,3007,3089,4691,4947,7029,9077,9970,14509,15264,8456,10273,2716,5183,437,342,575,848,658,1518,896,2224,1123,1816,1033,929,4419,5267,2340,4264,67316,23624,8568,2814,27102,2148,103,3,1
2021-05-07T23:59:59+02:00,1,3,1244,1262,2292,2966,3038,4642,4847,6937,8853,9723,14494,15242,8450,10267,2713,5179,387,314,543,779,621,1356,826,2017,1035,1629,1003,900,4399,5244,2338,4259,66410,23520,8562,2811,27075,1216,103,3,1
2021-05-06T23:59:59+02:00,1,3,1094,1171,2064,2723,2739,4333,4476,6537,8266,9118,14216,15003,8410,10210,2710,5178,386,310,531,760,604,1324,807,1982,1002,1601,976,869,4389,5230,2336,4255,62780,23391,8434,2761,26939,1114,96,3,1
2021-05-05T23:59:59+02:00,1,2,1029,1120,1954,2610,2580,4162,4181,6259,7254,7936,14131,14905,8375,10169,2697,5158,383,307,524,750,589,1315,773,1968,979,1580,901,807,4348,5160,2328,4239,59264,23070,8389,2742,26817,1089,50,3,1
2021-05-04T23:59:59+02:00,1,2,1007,1100,1903,2571,2478,4095,3961,6146,6973,7721,13624,14337,8345,10134,2692,5149,380,306,519,746,578,1310,756,1949,963,1573,882,783,4328,5144,2325,4230,57206,22936,8331,2727,26657,1067,42,3,1
2021-05-03T23:59:59+02:00,1,2,975,1062,1842,2518,2375,3985,3762,6029,6616,7421,13087,13713,8308,10096,2685,5134,374,305,517,742,568,1304,747,1938,949,1560,857,759,4311,5126,2319,4217,54784,22826,8305,2718,26518,1048,1,3,1
2021-05-02T23:59:59+02:00,1,2,970,1061,1823,2512,2350,3978,3720,6019,6582,7413,13086,13713,8308,10095,2685,5134,374,305,514,742,567,1302,742,1938,948,1557,855,755,4310,5122,2319,4217,54652,22809,8301,2716,26495,1041,1,3,1
2021-05-01T23:59:59+02:00,1,2,970,1059,1815,2510,2339,3973,3708,6011,6571,7404,13085,13711,8308,10095,2685,5134,374,305,514,742,567,1302,741,1937,946,1557,855,755,4310,5122,2319,4217,54583,22809,8301,2712,26493,1041,1,3,1
2021-04-30T23:59:59+02:00,0,2,954,1054,1794,2496,2318,3938,3671,5978,6493,7350,12990,13607,8307,10091,2682,5122,322,250,472,666,538,1123,711,1713,912,1353,843,738,4306,5120,2319,4217,54088,22795,8300,2708,26455,99,1,3,1
2021-04-29T23:59:59+02:00,0,2,899,1029,1737,2445,2255,3879,3525,5855,6256,7127,12731,13334,8285,10062,2678,5115,315,248,463,659,535,1116,704,1703,902,1343,835,723,4297,5112,2319,4215,52495,22709,8285,2702,26430,77,1,3,1
2021-04-28T23:59:59+02:00,0,2,838,995,1657,2383,2111,3769,3239,5602,5652,6623,11894,12417,8227,9973,2655,5078,314,245,461,652,527,1102,693,1683,891,1336,822,707,4278,5085,2317,4215,48444,22588,8278,2683,26389,56,1,3,1
2021-04-27T23:59:59+02:00,0,2,828,990,1639,2363,2066,3751,3168,5577,5526,6501,11865,12400,8225,9971,2655,5076,313,243,455,650,519,1096,684,1671,882,1330,810,696,4274,5079,2316,4209,47965,22510,8275,2668,26359,48,1,3,1
2021-04-26T23:59:59+02:00,0,2,818,977,1613,2345,2006,3710,2992,5500,5195,6216,11300,11755,8170,9906,2651,5067,311,242,454,649,513,1090,673,1665,873,1320,801,687,4269,5074,2316,4205,45638,22458,8266,2640,26316,43,1,2,1
2021-04-25T23:59:59+02:00,0,2,808,975,1599,2339,1968,3693,2866,5477,5103,6211,11296,11751,8167,9900,2650,5066,310,242,454,649,513,1083,673,1663,870,1318,801,686,4269,5074,2316,4205,45312,22453,8260,2636,26296,36,1,2,1
2021-04-24T23:59:59+02:00,0,2,794,965,1577,2319,1928,3648,2769,5409,4758,5892,10679,11025,8137,9842,2649,5064,310,242,454,649,513,1082,672,1662,869,1318,796,682,4260,5058,2314,4204,42905,22417,8259,2632,26290,35,1,2,1
2021-04-23T23:59:59+02:00,0,2,789,957,1564,2309,1899,3622,2729,5359,4597,5706,10370,10644,8097,9800,2646,5055,310,241,454,649,513,1081,671,1662,867,1318,796,681,4257,5055,2314,4204,41607,22406,8259,2631,26276,35,1,2,1
2021-04-22T23:59:59+02:00,0,2,773,942,1536,2266,1848,3554,2644,5269,4444,5552,10225,10450,8083,9769,2644,5047,310,240,452,638,511,1075,665,1654,861,1309,790,676,4254,5053,2314,4202,40606,22370,8233,2606,26206,27,1,2,1
2021-04-21T23:59:59+02:00,0,2,762,929,1512,2255,1795,3509,2540,5182,4060,5132,9628,9767,8034,9707,2640,5036,308,240,449,636,511,1074,661,1651,856,1304,778,664,4244,5039,2314,4198,38092,22319,8216,2582,26179,25,1,2,1
2021-04-20T23:59:59+02:00,0,2,755,918,1490,2228,1764,3480,2488,5124,3923,5036,9432,9548,8017,9697,2636,5033,308,238,449,635,510,1072,660,1646,853,1299,772,660,4240,5035,2314,4198,37257,22288,8205,2576,26106,25,1,2,0
2021-04-19T23:59:59+02:00,0,2,748,908,1481,2221,1747,3463,2456,5098,3859,4978,9063,9130,7992,9672,2633,5027,308,236,448,632,508,1069,656,1644,849,1295,766,654,4231,5033,2314,4196,36232,22249,8193,2565,26050,25,1,2,0
2021-04-18T23:59:59+02:00,0,2,744,906,1476,2215,1729,3456,2437,5086,3851,4976,9054,9119,7992,9671,2633,5027,307,236,448,628,507,1066,654,1641,846,1295,765,652,4231,5031,2314,4196,36172,22241,8173,2551,26026,25,1,2,0
2021-04-17T23:59:59+02:00,0,2,727,900,1388,2205,1629,3444,2400,5056,3771,4898,8342,8396,7976,9658,2633,5027,307,236,446,626,506,1066,653,1641,845,1292,765,652,4230,5031,2314,4196,36164,22230,8173,2551,24112,25,1,2,0
2021-04-16T23:59:59+02:00,0,2,711,882,1259,2183,1477,3422,2314,4991,3610,4733,7007,6845,7941,9609,2622,4996,307,235,441,620,502,1062,643,1639,841,1283,755,646,4222,5016,2311,4194,34793,22156,8163,2547,21645,14,1,2,0
2021-04-15T23:59:59+02:00,0,2,690,871,1249,2170,1457,3404,2257,4953,3539,4680,6569,6344,7901,9548,2600,4925,300,229,427,609,485,1048,609,1612,806,1253,665,585,3728,4506,2289,4159,33478,22099,8107,1201,21571,10,1,2,0
2021-04-14T23:59:59+02:00,0,2,685,867,1228,2157,1426,3385,2212,4918,3407,4586,5230,4941,7851,9482,2579,4888,292,224,424,602,478,1045,603,1604,800,1250,650,568,3717,4497,2285,4154,30253,22011,8096,1173,21492,9,1,2,0
2021-04-13T23:59:59+02:00,0,2,682,867,1219,2152,1411,3383,2204,4907,3387,4571,5211,4922,7845,9479,2578,4886,292,223,422,600,475,1042,601,1600,789,1248,632,563,3715,4494,2285,4154,30173,21991,8075,1135,21455,9,1,2,0
2021-04-12T23:59:59+02:00,0,2,676,859,1206,2143,1395,3372,2170,4893,3356,4547,5188,4907,7832,9468,2575,4853,291,222,420,599,474,1036,599,1596,781,1241,627,561,3710,4493,2285,4154,30045,21965,8030,1115,21364,9,1,2,0
2021-04-11T23:59:59+02:00,0,2,668,855,1190,2131,1377,3357,2103,4869,3238,4464,4768,4466,7165,8642,2568,4848,291,222,419,599,471,1035,593,1593,777,1240,623,558,3706,4488,2285,4154,30015,21957,5417,1088,21276,9,1,2,0
2021-04-10T23:59:59+02:00,0,2,668,853,1189,2130,1375,3353,2101,4866,3235,4457,4724,4419,7161,8636,2568,4847,285,219,417,588,458,1019,566,1576,745,1216,551,488,3137,3871,2236,4062,29892,20337,5414,1088,21275,9,1,2,0
2021-04-09T23:59:59+02:00,0,2,664,852,1181,2127,1371,3348,2070,4844,3157,4378,4528,4254,7126,8587,2564,4831,275,212,407,574,439,1003,541,1558,724,1193,470,426,2488,3051,2188,3968,29208,18421,5410,1087,21263,9,1,2,0
2021-04-08T23:59:59+02:00,0,2,654,842,1167,2116,1355,3318,2009,4791,3011,4267,3474,3103,6884,8224,2553,4816,262,204,390,556,416,989,519,1529,691,1170,451,400,2479,3042,2185,3965,28411,18200,5362,1039,18810,9,1,2,0
2021-04-07T23:59:59+02:00,0,2,647,836,1154,2107,1336,3306,1899,4712,2694,4018,2869,2575,6773,8101,2530,4763,248,197,362,532,378,954,475,1495,655,1143,424,375,2419,2980,2180,3958,26237,17747,5343,1020,18739,8,1,2,0
2021-04-06T23:59:59+02:00,0,2,637,828,1116,2100,1312,3287,1781,4662,2418,3849,2416,2228,6697,8010,2509,4726,224,184,328,506,353,936,438,1472,619,1111,389,333,2363,2906,2174,3949,24640,17274,5327,1003,18608,8,1,2,0
2021-04-05T23:59:59+02:00,0,2,634,826,1105,2096,1306,3284,1772,4652,2403,3833,2127,1881,5580,6694,2507,4726,224,184,327,502,347,930,434,1470,615,1106,385,330,2361,2900,2174,3948,24608,17263,5317,967,15500,7,1,2,0
2021-04-04T23:59:59+02:00,0,2,633,826,1105,2096,1306,3283,1772,4652,2401,3831,2126,1878,5580,6690,2507,4726,224,184,326,502,347,930,433,1470,615,1106,385,330,2360,2900,2174,3948,24600,17260,5317,967,15494,7,1,2,0
2021-04-03T23:59:59+02:00,0,2,633,826,1105,2095,1306,3283,1771,4650,2397,3831,2125,1875,5579,6690,2507,4726,224,184,326,502,347,930,433,1470,614,1106,385,330,2360,2900,2174,3948,24594,17259,5313,967,15491,7,1,2,0
2021-04-02T23:59:59+02:00,0,2,633,825,1105,2095,1302,3282,1769,4645,2396,3828,2117,1866,5567,6675,2504,4713,224,183,326,500,347,930,432,1469,613,1097,383,330,2360,2899,2174,3948,24526,17241,5309,967,15486,7,1,2,0
2021-04-01T23:59:59+02:00,0,2,629,814,1082,2077,1206,3186,1679,4577,2136,3620,1393,1279,5358,6465,2494,4686,220,182,326,499,346,929,431,1467,613,1096,380,328,2360,2899,2174,3944,24420,17229,2811,958,15449,7,1,2,0
2021-03-31T23:59:59+02:00,0,2,627,813,1078,2073,1201,3178,1668,4572,2118,3607,1366,1246,5329,6410,2457,4587,219,182,326,498,345,929,431,1466,612,1095,379,325,2356,2898,2172,3943,24101,17217,2797,952,15432,7,1,1,0
2021-03-30T23:59:59+02:00,0,2,625,804,1072,2069,1195,3173,1658,4558,2110,3593,1320,1201,5245,6281,2413,4441,219,181,326,497,342,925,426,1463,605,1085,364,314,2254,2746,2052,3718,23582,16599,2775,911,15402,7,1,0,0
2021-03-29T23:59:59+02:00,0,2,623,802,1069,2061,1185,3167,1651,4545,2098,3581,1284,1170,5185,6188,2364,4312,218,180,324,495,340,923,424,1458,600,1080,357,309,2031,2481,1825,3343,23150,15473,2751,908,15385,7,1,0,0
2021-03-28T23:59:59+02:00,0,2,623,799,1067,2055,1182,3160,1645,4535,2094,3576,1268,1161,5177,6166,2353,4280,216,180,323,492,333,919,421,1451,597,1068,351,297,2026,2467,1824,3340,23045,15447,2733,854,15364,4,1,0,0
2021-03-27T23:59:59+01:00,0,2,570,738,987,1987,1100,3042,1527,4411,1992,3494,1199,1091,4574,5434,2353,4280,214,179,323,492,333,919,416,1449,596,1065,350,297,2025,2466,1824,3340,23029,15431,2729,854,13022,3,1,0,0
2021-03-26T23:59:59+01:00,0,2,567,733,980,1977,1098,3036,1517,4404,1976,3486,1155,1060,4544,5400,2352,4276,213,176,323,490,330,918,414,1448,592,1058,342,292,1624,1935,1402,2620,22835,13326,2719,848,13008,3,1,0,0
2021-03-25T23:59:59+01:00,0,2,565,727,967,1969,1095,3027,1510,4392,1961,3476,1145,1049,4536,5395,2352,4275,212,173,322,489,328,912,411,1442,588,1049,338,288,1529,1814,1365,2548,22788,12980,2710,825,12944,3,1,0,0
2021-03-24T23:59:59+01:00,0,2,563,721,957,1956,1082,3012,1481,4374,1947,3467,1110,1019,4509,5362,2347,4270,212,173,321,488,325,908,406,1435,579,1033,324,278,1203,1433,1215,2282,22646,11849,2684,763,12848,3,1,0,0
2021-03-23T23:59:59+01:00,0,2,561,716,952,1942,1078,3002,1474,4360,1937,3460,1097,1008,4490,5347,2347,4267,211,173,319,485,318,905,405,1435,573,1029,316,271,968,1168,1101,2106,22572,11038,2675,742,12792,3,1,0,0
2021-03-22T23:59:59+01:00,0,2,560,707,947,1930,1072,2993,1464,4344,1923,3451,1094,1005,4485,5346,2347,4267,209,173,318,483,317,903,402,1432,570,1025,312,267,967,1164,1101,2103,22548,11021,2660,722,12728,3,1,0,0
2021-03-21T23:59:59+01:00,0,2,558,704,944,1921,1070,2989,1458,4331,1911,3444,1091,1004,4485,5345,2347,4267,209,173,318,482,316,899,402,1427,564,1023,302,262,963,1160,1100,2103,22544,11020,2646,680,12680,3,1,0,0
2021-03-20T23:59:59+01:00,0,2,553,696,939,1905,1053,2973,1430,4313,1877,3416,1019,933,3903,4711,2297,4170,209,173,318,482,316,899,402,1427,564,1023,302,262,963,1160,1099,2102,20885,11018,2645,680,12659,3,1,0,0
2021-03-19T23:59:59+01:00,0,2,544,687,922,1879,1026,2954,1394,4288,1851,3386,932,868,3233,3875,2250,4073,206,173,316,482,315,896,400,1425,560,1016,299,261,950,1147,1068,2062,18911,10995,2634,578,12618,3,1,0,0
2021-03-18T23:59:59+01:00,0,2,531,674,905,1853,1003,2927,1355,4248,1806,3334,834,804,2719,3342,2228,4039,201,171,313,478,312,886,396,1419,558,1011,296,255,847,1053,960,1873,18833,10617,1232,409,12538,3,1,0,0
2021-03-17T23:59:59+01:00,0,2,529,664,896,1833,990,2908,1333,4227,1787,3318,805,779,2634,3251,2222,4035,199,170,311,476,309,885,389,1415,555,1007,293,250,606,779,659,1428,18525,9698,1196,33,12491,0,1,0,0
2021-03-16T23:59:59+01:00,0,2,527,655,887,1811,969,2893,1316,4215,1763,3302,776,768,2586,3171,2220,4031,199,170,309,476,307,883,386,1413,552,1002,287,246,361,543,471,1121,18318,8700,1156,27,12418,0,0,0,0
2021-03-15T23:59:59+01:00,0,2,527,644,883,1793,960,2872,1310,4209,1755,3293,770,765,2583,3170,2220,4031,198,170,308,475,306,883,386,1413,549,1002,287,246,361,542,470,1121,18305,8694,1134,24,12348,0,0,0,0
2021-03-14T23:59:59+01:00,0,2,526,638,877,1781,953,2867,1300,4196,1745,3281,765,761,2578,3167,2220,4031,198,170,307,475,305,881,384,1411,549,1002,286,246,361,542,470,1121,18300,8691,1107,18,12281,0,0,0,0
2021-03-13T23:59:59+01:00,0,2,504,587,782,1519,823,2486,1106,3632,1463,2852,684,672,2475,3041,2219,4030,198,170,307,475,305,881,384,1411,549,1002,286,246,361,542,470,1121,18296,8691,1107,18,9474,0,0,0,0
2021-03-12T23:59:59+01:00,0,2,489,502,718,1253,731,2091,935,2942,1216,2261,544,519,2431,2996,2219,4030,198,168,307,475,305,879,383,1411,549,1000,286,245,348,521,422,1058,18273,8537,1106,18,6500,0,0,0,0
2021-03-11T23:59:59+01:00,0,2,466,466,685,1182,685,1986,876,2797,1136,2150,489,460,2418,2985,2218,4029,198,168,306,473,304,878,383,1408,548,1000,286,244,335,504,376,1015,18086,8411,1058,15,5886,0,0,0,0
2021-03-10T23:59:59+01:00,0,2,452,456,651,1149,645,1952,832,2761,1103,2122,469,444,2404,2966,2217,4026,194,166,302,466,304,877,378,1401,543,993,282,238,215,405,151,753,17810,7659,1038,9,5803,0,0,0,0
2021-03-09T23:59:59+01:00,0,2,436,439,619,1120,626,1934,809,2735,1081,2098,447,423,2311,2824,2094,3797,194,166,300,464,303,876,377,1398,543,990,280,237,215,405,151,752,17050,7651,1022,0,5723,0,0,0,0
2021-03-08T23:59:59+01:00,0,2,423,418,596,1090,608,1912,793,2710,1059,2072,425,395,2082,2550,1865,3420,194,165,300,462,302,872,377,1392,543,988,279,235,215,404,151,752,15807,7631,994,0,5619,0,0,0,0
2021-03-07T23:59:59+01:00,0,2,422,416,589,1073,596,1904,790,2697,1053,2061,424,394,2077,2542,1864,3418,194,165,300,461,302,871,377,1389,543,987,279,235,215,404,151,752,15781,7625,984,0,5557,0,0,0,0
2021-03-06T23:59:59+01:00,0,2,422,413,586,1059,593,1902,783,2690,1049,2054,423,394,2077,2542,1864,3418,194,165,300,461,302,871,377,1389,543,986,278,235,215,404,151,752,15773,7623,984,0,5514,0,0,0,0
2021-03-05T23:59:59+01:00,0,2,416,398,580,1047,587,1892,778,2681,1043,2046,410,386,1656,1980,1432,2666,191,160,296,461,299,870,375,1386,541,982,278,235,215,404,151,752,13551,7596,984,0,5465,0,0,0,0
2021-03-04T23:59:59+01:00,0,2,406,373,554,1008,568,1836,749,2628,1022,1996,406,382,1564,1863,1393,2593,180,152,285,451,298,862,373,1372,539,978,277,235,215,404,151,752,13201,7524,978,0,5164,0,0,0,0
2021-03-03T23:59:59+01:00,0,2,404,366,546,978,551,1804,724,2580,1005,1958,400,376,1242,1484,1240,2321,179,151,284,450,297,861,369,1365,536,971,275,233,214,403,149,747,12052,7484,971,0,4958,0,0,0,0
2021-03-02T23:59:59+01:00,0,2,400,361,538,944,537,1784,715,2556,994,1940,390,366,999,1217,1122,2143,179,149,283,439,293,855,369,1356,536,965,275,233,214,403,149,747,11233,7445,936,0,4839,0,0,0,0
2021-03-01T23:59:59+01:00,0,2,398,353,529,922,519,1753,706,2532,983,1923,386,359,998,1210,1122,2139,179,147,283,430,290,845,366,1341,533,959,273,231,213,402,149,747,11214,7388,901,0,4719,0,0,0,0
2021-02-28T23:59:59+01:00,0,2,395,350,526,914,514,1742,703,2522,978,1908,382,354,998,1208,1122,2139,177,146,283,430,290,844,366,1341,532,959,273,231,213,402,149,747,11214,7383,874,0,4669,0,0,0,0
2021-02-27T23:59:59+01:00,0,2,394,348,521,907,512,1736,700,2513,975,1906,381,353,998,1208,1121,2139,177,146,283,430,290,844,366,1341,531,959,273,231,213,402,149,747,11213,7382,874,0,4627,0,0,0,0
2021-02-26T23:59:59+01:00,0,2,346,301,452,734,436,1428,571,2095,804,1563,353,323,998,1205,1121,2139,177,144,283,427,288,836,364,1333,529,956,273,231,213,402,149,747,11202,7352,863,0,2806,0,0,0,0
2021-02-25T23:59:59+01:00,0,2,326,293,442,712,424,1392,556,2047,786,1531,345,316,914,1116,1049,2015,126,130,263,423,277,824,353,1317,524,949,273,229,213,402,149,747,10801,7199,833,0,2632,0,0,0,0
2021-02-24T23:59:59+01:00,0,2,321,287,437,696,417,1356,540,1999,764,1487,337,303,706,884,865,1710,126,124,262,417,274,815,351,1304,517,942,271,227,211,402,149,745,9862,7137,792,0,2457,0,0,0,0
2021-02-23T23:59:59+01:00,0,2,319,275,429,682,406,1333,532,1963,746,1468,323,293,457,638,674,1409,126,123,261,415,272,810,351,1297,516,934,270,226,210,402,148,744,8864,7105,748,0,2337,0,0,0,0
2021-02-22T23:59:59+01:00,0,2,319,273,428,675,405,1328,528,1953,741,1464,323,290,456,636,674,1408,126,118,256,405,271,793,347,1273,511,926,266,225,210,402,148,744,8860,7021,736,0,2307,0,0,0,0
2021-02-21T23:59:59+01:00,0,2,316,272,426,669,402,1320,526,1945,735,1460,312,285,452,632,672,1408,126,118,255,404,271,791,344,1270,504,923,265,224,209,401,147,735,8855,6987,695,0,2284,0,0,0,0
2021-02-20T23:59:59+01:00,0,2,316,269,426,667,402,1312,525,1936,733,1456,312,285,452,632,672,1408,126,118,255,404,271,791,344,1270,503,923,265,224,209,401,147,735,8855,6986,695,0,2255,0,0,0,0
2021-02-19T23:59:59+01:00,0,1,270,243,394,591,368,1143,467,1721,626,1246,303,269,426,596,593,1301,126,118,255,404,270,791,344,1270,503,923,265,224,209,401,147,735,8638,6985,589,0,1331,0,0,0,0
2021-02-18T23:59:59+01:00,0,1,269,238,387,582,357,1122,454,1703,616,1239,303,267,373,549,491,1173,123,115,251,399,263,785,341,1261,500,922,263,222,209,401,147,735,8459,6937,417,0,1248,0,0,0,0
2021-02-17T23:59:59+01:00,0,1,263,234,375,568,350,1113,431,1687,608,1227,298,260,218,413,156,764,115,102,247,393,258,770,335,1245,494,911,259,219,208,401,147,735,7742,6839,31,0,1193,0,0,0,0
2021-02-16T23:59:59+01:00,0,1,261,232,364,566,340,1104,423,1673,603,1221,295,257,218,412,156,764,84,90,227,367,247,740,317,1205,462,876,238,204,201,383,146,728,7735,6515,27,0,1128,0,0,0,0
2021-02-15T23:59:59+01:00,0,1,259,232,362,562,339,1098,421,1661,599,1215,295,257,218,411,155,764,83,88,223,356,239,728,307,1177,447,853,225,197,190,361,140,672,7727,6286,24,0,1098,0,0,0,0
2021-02-14T23:59:59+01:00,0,1,258,230,356,559,335,1088,417,1655,596,1212,295,257,218,411,155,764,79,86,216,351,236,720,302,1164,443,838,224,195,190,350,140,663,7717,6197,19,0,1071,0,0,0,0
2021-02-13T23:59:59+01:00,0,1,258,230,356,559,335,1088,416,1655,596,1211,294,257,218,411,155,764,79,86,216,351,236,720,302,1164,443,838,224,195,190,350,140,663,7715,6197,19,0,1070,0,0,0,0
2021-02-12T23:59:59+01:00,0,1,200,169,307,481,308,893,383,1417,559,996,286,242,217,411,155,764,76,85,213,350,234,717,295,1160,440,833,220,193,190,348,140,663,7703,6157,19,0,67,0,0,0,0
2021-02-11T23:59:59+01:00,0,0,198,168,301,470,304,879,377,1397,549,988,286,242,217,411,155,764,75,82,202,324,224,673,275,1109,423,785,219,190,190,343,140,660,7662,5914,16,0,28,0,0,0,0
2021-02-10T23:59:59+01:00,0,0,195,161,297,466,301,875,371,1386,545,980,284,240,215,410,155,762,70,76,186,298,213,614,258,1024,398,733,210,176,176,314,128,613,7620,5487,10,0,13,0,0,0,0
2021-02-09T23:59:59+01:00,0,0,190,155,294,457,300,866,371,1376,543,971,281,239,215,410,155,761,61,60,147,234,184,510,220,832,342,598,189,150,156,279,118,547,7576,4627,2,0,6,0,0,0,0
2021-02-08T23:59:59+01:00,0,0,183,148,290,444,295,856,367,1356,536,964,277,235,214,409,153,757,34,47,102,144,135,282,161,455,248,391,160,124,129,224,95,452,7476,3183,2,0,6,0,0,0,0
2021-02-07T23:59:59+01:00,0,0,181,146,287,443,294,854,366,1355,535,963,276,234,214,409,153,757,19,40,83,122,130,261,152,421,232,364,152,120,119,214,90,417,7466,2936,1,0,0,0,0,0,0
2021-02-06T23:59:59+01:00,0,0,181,146,287,443,294,854,366,1355,535,963,276,234,214,409,153,757,19,37,81,119,120,246,141,405,201,343,137,116,118,209,89,407,7466,2788,1,0,0,0,0,0,0
2021-02-05T23:59:59+01:00,0,0,181,144,287,440,293,843,364,1347,531,960,276,233,214,409,153,756,18,32,77,114,113,233,136,378,187,324,132,111,115,204,82,391,7430,2647,1,0,0,0,0,0,0
2021-02-04T23:59:59+01:00,0,0,173,139,286,436,286,834,361,1336,522,951,275,231,213,409,153,754,11,21,51,77,84,177,113,288,155,267,114,96,103,190,74,351,7359,2172,0,0,0,0,0,0,0
2021-02-03T23:59:59+01:00,0,0,155,132,276,430,282,828,359,1325,522,949,275,231,212,409,153,753,11,19,43,67,75,142,89,257,134,221,95,81,88,162,67,311,7291,1862,0,0,0,0,0,0,0
2021-02-02T23:59:59+01:00,0,0,134,126,264,428,279,821,354,1318,521,942,274,231,211,409,152,752,11,16,34,61,63,119,74,212,103,171,63,57,63,104,43,196,7216,1390,0,0,0,0,0,0,0
2021-02-01T23:59:59+01:00,0,0,129,121,259,413,277,805,352,1294,515,930,269,229,211,409,152,752,4,10,20,34,33,66,46,119,59,71,28,28,27,44,25,97,7117,711,0,0,0,0,0,0,0
2021-01-31T23:59:59+01:00,0,0,128,118,257,411,275,801,350,1288,511,928,269,226,210,408,152,752,4,6,15,23,28,47,32,73,39,43,14,8,13,28,20,59,7084,452,0,0,0,0,0,0,0
2021-01-30T23:59:59+01:00,0,0,128,118,257,411,275,800,350,1287,510,928,269,226,210,408,152,752,4,6,13,20,25,40,27,65,36,41,14,8,13,28,20,59,7081,419,0,0,0,0,0,0,0
2021-01-29T23:59:59+01:00,0,0,128,118,257,411,274,800,350,1287,510,928,269,226,210,408,152,752,4,6,7,18,23,31,22,57,32,38,14,8,13,27,19,58,7080,377,0,0,0,0,0,0,0
2021-01-28T23:59:59+01:00,0,0,126,115,253,405,270,794,347,1280,506,927,269,226,210,408,152,752,1,3,2,8,15,14,12,28,12,23,11,4,6,14,6,23,7040,182,0,0,0,0,0,0,0
2021-01-27T23:59:59+01:00,0,0,118,105,251,401,267,786,342,1273,500,920,264,223,209,407,152,752,0,0,1,4,11,12,8,21,10,17,10,4,6,14,6,23,6970,147,0,0,0,0,0,0,0
2021-01-26T23:59:59+01:00,0,0,89,93,233,384,259,761,329,1235,475,889,244,211,202,391,152,744,0,0,1,4,11,12,8,21,10,17,10,4,6,14,6,23,6691,147,0,0,0,0,0,0,0
2021-01-25T23:59:59+01:00,0,0,86,88,231,364,246,742,315,1201,457,864,228,204,193,371,148,689,0,0,1,4,11,10,7,14,7,13,10,4,6,14,6,23,6427,130,0,0,0,0,0,0,0
2021-01-24T23:59:59+01:00,0,0,86,86,227,360,245,737,312,1188,455,849,227,202,193,360,148,679,0,0,1,4,11,10,7,14,7,13,10,4,6,14,6,23,6354,130,0,0,0,0,0,0,0
2021-01-23T23:59:59+01:00,0,0,86,86,227,360,245,737,312,1188,455,849,227,202,193,360,148,679,0,0,1,4,11,10,7,14,7,13,10,4,6,14,6,23,6354,130,0,0,0,0,0,0,0
2021-01-22T23:59:59+01:00,0,0,86,85,225,358,245,734,308,1184,451,846,225,201,193,359,148,679,0,0,1,4,11,10,7,14,7,13,10,4,6,14,6,23,6327,130,0,0,0,0,0,0,0
2021-01-21T23:59:59+01:00,0,0,86,82,211,329,235,690,283,1133,437,813,224,197,192,353,148,676,0,0,1,2,9,9,6,13,6,11,10,4,6,14,6,23,6089,120,0,0,0,0,0,0,0
2021-01-20T23:59:59+01:00,0,0,80,76,197,308,223,625,269,1040,408,754,215,186,177,324,137,629,0,0,1,2,9,9,6,13,6,11,10,4,6,14,6,23,5648,120,0,0,0,0,0,0,0
2021-01-19T23:59:59+01:00,0,0,72,66,157,258,203,562,243,917,367,645,196,160,155,284,124,552,0,0,1,2,3,7,6,12,4,9,7,3,6,14,6,23,4961,103,0,0,0,0,0,0,0
2021-01-18T23:59:59+01:00,0,0,60,58,134,215,181,458,216,760,327,552,179,140,131,234,104,470,0,0,0,1,2,4,3,7,2,7,6,3,6,14,6,22,4219,83,0,0,0,0,0,0,0
2021-01-17T23:59:59+01:00,0,0,37,46,109,184,167,397,199,669,301,494,171,134,118,217,90,416,0,0,0,0,2,4,2,7,2,5,4,3,6,14,5,22,3749,76,0,0,0,0,0,0,0
2021-01-16T23:59:59+01:00,0,0,30,43,109,181,157,380,184,649,270,472,155,129,117,211,89,406,0,0,0,0,0,0,0,0,0,0,0,0,0,0,0,0,3582,0,0,0,0,0,0,0,0
2021-01-15T23:59:59+01:00,0,0,28,39,105,176,146,367,178,619,253,450,150,120,114,205,81,390,0,0,0,0,0,0,0,0,0,0,0,0,0,0,0,0,3421,0,0,0,0,0,0,0,0
2021-01-14T23:59:59+01:00,0,0,10,24,51,77,84,171,114,284,150,262,123,101,100,190,71,350,0,0,0,0,0,0,0,0,0,0,0,0,0,0,0,0,2162,0,0,0,0,0,0,0,0
2021-01-13T23:59:59+01:00,0,0,9,20,41,67,76,136,92,254,125,225,94,79,81,153,56,282,0,0,0,0,0,0,0,0,0,0,0,0,0,0,0,0,1790,0,0,0,0,0,0,0,0
2021-01-12T23:59:59+01:00,0,0,9,15,37,63,63,112,77,206,96,171,61,53,54,92,32,162,0,0,0,0,0,0,0,0,0,0,0,0,0,0,0,0,1303,0,0,0,0,0,0,0,0
2021-01-11T23:59:59+01:00,0,0,1,10,27,46,39,81,56,137,59,84,31,27,22,36,16,70,0,0,0,0,0,0,0,0,0,0,0,0,0,0,0,0,742,0,0,0,0,0,0,0,0
2021-01-10T23:59:59+01:00,0,0,1,5,20,32,34,57,37,90,38,52,14,7,7,19,11,31,0,0,0,0,0,0,0,0,0,0,0,0,0,0,0,0,455,0,0,0,0,0,0,0,0
2021-01-09T23:59:59+01:00,0,0,1,5,18,28,33,53,32,80,36,51,14,7,7,19,11,31,0,0,0,0,0,0,0,0,0,0,0,0,0,0,0,0,426,0,0,0,0,0,0,0,0
2021-01-08T23:59:59+01:00,0,0,1,5,15,26,30,42,26,71,32,47,13,7,6,17,10,30,0,0,0,0,0,0,0,0,0,0,0,0,0,0,0,0,378,0,0,0,0,0,0,0,0
2021-01-07T23:59:59+01:00,0,0,1,3,2,10,15,13,13,29,14,24,11,5,6,15,8,24,0,0,0,0,0,0,0,0,0,0,0,0,0,0,0,0,193,0,0,0,0,0,0,0,0
2021-01-06T23:59:59+01:00,0,0,1,0,2,4,13,11,9,23,12,19,11,5,6,15,8,24,0,0,0,0,0,0,0,0,0,0,0,0,0,0,0,0,163,0,0,0,0,0,0,0,0
2021-01-05T23:59:59+01:00,0,0,0,0,1,4,12,11,8,21,11,19,10,5,6,15,8,24,0,0,0,0,0,0,0,0,0,0,0,0,0,0,0,0,155,0,0,0,0,0,0,0,0
2021-01-04T23:59:59+01:00,0,0,0,0,1,4,12,10,7,17,9,17,10,5,6,15,8,24,0,0,0,0,0,0,0,0,0,0,0,0,0,0,0,0,145,0,0,0,0,0,0,0,0
2021-01-03T23:59:59+01:00,0,0,0,0,1,4,11,9,7,14,7,14,10,5,6,15,8,24,0,0,0,0,0,0,0,0,0,0,0,0,0,0,0,0,135,0,0,0,0,0,0,0,0
2021-01-02T23:59:59+01:00,0,0,0,0,1,4,11,9,7,14,7,14,10,5,6,15,8,24,0,0,0,0,0,0,0,0,0,0,0,0,0,0,0,0,135,0,0,0,0,0,0,0,0
2021-01-01T23:59:59+01:00,0,0,0,0,1,4,11,9,7,14,7,14,10,5,6,15,8,24,0,0,0,0,0,0,0,0,0,0,0,0,0,0,0,0,135,0,0,0,0,0,0,0,0
2020-12-31T23:59:59+01:00,0,0,0,0,1,4,11,9,7,14,7,14,10,5,6,15,8,24,0,0,0,0,0,0,0,0,0,0,0,0,0,0,0,0,135,0,0,0,0,0,0,0,0
2020-12-30T23:59:59+01:00,0,0,0,0,1,4,11,9,7,14,7,14,10,5,6,15,8,24,0,0,0,0,0,0,0,0,0,0,0,0,0,0,0,0,135,0,0,0,0,0,0,0,0
2020-12-29T23:59:59+01:00,0,0,0,0,1,4,8,9,7,14,5,12,10,5,6,15,8,24,0,0,0,0,0,0,0,0,0,0,0,0,0,0,0,0,128,0,0,0,0,0,0,0,0
2020-12-28T23:59:59+01:00,0,0,0,0,1,1,5,7,7,8,3,9,10,5,6,15,8,24,0,0,0,0,0,0,0,0,0,0,0,0,0,0,0,0,109,0,0,0,0,0,0,0,0
2020-12-27T23:59:59+01:00,0,0,0,0,0,0,2,4,2,7,2,6,4,4,6,15,7,23,0,0,0,0,0,0,0,0,0,0,0,0,0,0,0,0,82,0,0,0,0,0,0,0,0
