Datum,<24_1_m,<24_1_w,25-34_1_m,25-34_1_w,35-44_1_m,35-44_1_w,45-54_1_m,45-54_1_w,55-64_1_m,55-64_1_w,65-74_1_m,65-74_1_w,75-84_1_m,75-84_1_w,>84_1_m,>84_1_w,<24_2_m,<24_2_w,25-34_2_m,25-34_2_w,35-44_2_m,35-44_2_w,45-54_2_m,45-54_2_w,55-64_2_m,55-64_2_w,65-74_2_m,65-74_2_w,75-84_2_m,75-84_2_w,>84_2_m,>84_2_w,bp_1,bp_2,mo_1,mo_2,az_1,az_2,ja
2021-06-17T23:59:59+02:00,3715,3782,6157,5987,8369,9404,14182,14897,18071,18554,14573,15310,8284,10425,2246,4498,1583,1496,2598,2880,3469,4648,5291,6794,8952,9497,10337,10819,6995,8712,2146,4310,111064,62685,15336,8484,27602,14906,4452
2021-06-16T23:59:59+02:00,3653,3715,6039,5929,8254,9317,14063,14821,18018,18521,14567,15303,8284,10422,2246,4498,1473,1436,2469,2781,3289,4495,5003,6533,7948,8269,10273,10754,6968,8681,2138,4298,110459,59165,15263,8438,27599,14876,4329
2021-06-15T23:59:59+02:00,3549,3633,5932,5842,8059,9135,13797,14608,17898,18420,14560,15296,8278,10416,2246,4497,1427,1400,2406,2730,3175,4420,4796,6403,7489,7860,9952,10374,6939,8647,2131,4288,109110,56957,15236,8406,27591,14845,4229
2021-06-14T23:59:59+02:00,3470,3558,5848,5783,7913,9007,13497,14355,17744,18280,14546,15286,8272,10411,2245,4496,1399,1366,2338,2675,3045,4323,4580,6257,7065,7426,9555,9923,6913,8614,2129,4280,107741,54631,15229,8301,27587,14802,4154
2021-06-13T23:59:59+02:00,3442,3520,5792,5752,7841,8932,13354,14205,17658,18185,14540,15278,8271,10408,2244,4496,1387,1349,2309,2665,3010,4311,4537,6238,7039,7411,9552,9916,6913,8613,2129,4280,107013,54492,15218,8295,27582,14767,4105
2021-06-12T23:59:59+02:00,3410,3501,5762,5728,7811,8914,13335,14188,17652,18183,14540,15277,8271,10408,2244,4496,1322,1277,2220,2582,2910,4179,4395,6117,6932,7329,9470,9833,6330,7897,2129,4280,106817,54379,15217,8295,27582,12424,4104
2021-06-11T23:59:59+02:00,3325,3416,5691,5663,7612,8708,12908,13883,17417,18002,14527,15252,8264,10401,2243,4494,1294,1256,2173,2541,2842,4130,4310,6053,6805,7219,9400,9755,6318,7892,2127,4274,105804,53857,14329,8050,27580,12389,4093
2021-06-10T23:59:59+02:00,3260,3372,5592,5614,7486,8626,12726,13749,17310,17905,14524,15249,8263,10401,2243,4493,1249,1222,2101,2479,2732,4051,4146,5916,6522,6967,9203,9547,6303,7866,2121,4269,104951,52313,14254,8047,27575,12301,4033
2021-06-09T23:59:59+02:00,3168,3296,5466,5520,7272,8448,12426,13504,17158,17777,14515,15235,8259,10392,2243,4492,1185,1153,1958,2359,2527,3856,3782,5629,5811,6346,8549,8782,6252,7799,2110,4241,103755,48356,14108,8030,27566,12211,3742
2021-06-08T23:59:59+02:00,3058,3176,5333,5401,7079,8254,11950,13060,16840,17432,14501,15210,8249,10385,2242,4489,1143,1116,1887,2306,2430,3779,3639,5568,5673,6219,8523,8767,6250,7788,2108,4238,101571,47865,14081,7982,27564,12144,3443
2021-06-07T23:59:59+02:00,2913,3063,5141,5278,6867,8085,11428,12680,16565,17171,14480,15186,8244,10371,2241,4485,1065,1072,1755,2253,2286,3696,3369,5477,5314,5909,8008,8178,6208,7736,2105,4230,99652,45668,14038,7968,27555,12072,2953
2021-06-06T23:59:59+02:00,2874,3034,5079,5225,6783,8033,11297,12566,16482,17113,14478,15184,8244,10371,2239,4484,1046,1063,1728,2237,2249,3670,3308,5453,5270,5887,8005,8175,6203,7731,2105,4229,99070,45513,13987,7959,27547,12005,2882
2021-06-05T23:59:59+02:00,2860,3009,5052,5196,6743,8010,11267,12538,16474,17107,14478,15184,8244,10371,2239,4484,1027,1046,1698,2211,2205,3613,3195,5367,4895,5541,7447,7508,6177,7688,2104,4228,98851,43149,13987,7954,27540,11969,2878
2021-06-04T23:59:59+02:00,2825,2973,5005,5153,6698,7957,11177,12436,16428,17052,14475,15178,8244,10370,2238,4483,1011,1031,1678,2188,2165,3576,3143,5308,4709,5317,7172,7182,6146,7649,2102,4224,98329,41885,13982,7952,27540,11923,2841
2021-06-03T23:59:59+02:00,2703,2825,4853,4982,6493,7708,10372,11736,15963,16695,14467,15170,8242,10365,2237,4482,993,993,1633,2131,2116,3493,3046,5197,4546,5137,7052,7023,6135,7621,2102,4222,95008,40853,13945,7942,27535,11840,2805
2021-06-02T23:59:59+02:00,2680,2798,4814,4949,6436,7669,10266,11645,15914,16649,14461,15166,8241,10361,2237,4481,982,980,1611,2111,2067,3456,2947,5105,4146,4694,6572,6466,6095,7572,2099,4214,94485,38580,13945,7938,27535,11797,2802
2021-06-01T23:59:59+02:00,2607,2750,4691,4852,6276,7557,10075,11508,15824,16584,14458,15164,8238,10355,2236,4478,944,948,1543,2062,1955,3393,2778,5008,3949,4557,6380,6259,6071,7557,2097,4208,93637,37504,13895,7918,27522,11688,2599
2021-05-31T23:59:59+02:00,2545,2684,4590,4754,6135,7423,9878,11375,15752,16539,14453,15156,8235,10355,2236,4478,919,905,1488,2008,1884,3347,2648,4960,3850,4490,6034,5864,6050,7535,2095,4202,92914,36426,13809,7913,27513,11588,2352
2021-05-30T23:59:59+02:00,2516,2658,4531,4690,6044,7362,9805,11319,15723,16521,14452,15154,8235,10355,2236,4478,904,889,1467,1990,1829,3318,2506,4928,3762,4477,6033,5862,6050,7535,2095,4202,92469,36113,13770,7891,27503,11506,2337
2021-05-29T23:59:59+02:00,2497,2642,4514,4677,6025,7349,9794,11306,15719,16518,14451,15154,8235,10355,2236,4478,882,813,1357,1735,1701,2939,2297,4374,3487,4089,5958,5769,5946,7417,2094,4202,92343,36064,13768,7886,27502,8773,2337
2021-05-28T23:59:59+02:00,2471,2616,4476,4630,5983,7309,9713,11232,15659,16474,14449,15152,8235,10355,2236,4477,861,706,1276,1481,1600,2510,2111,3688,3160,3484,5400,5112,5873,7341,2091,4191,91877,34770,13755,7886,27499,5893,2336
2021-05-27T23:59:59+02:00,2420,2575,4387,4566,5857,7232,9560,11130,15580,16399,14447,15151,8235,10354,2236,4477,831,662,1240,1403,1556,2376,2045,3536,3016,3349,5003,4667,5842,7303,2083,4165,91204,33658,13606,7877,27475,5221,2321
2021-05-26T23:59:59+02:00,2338,2447,4178,4418,5508,6960,8485,10298,14968,15815,14438,15145,8231,10349,2235,4475,819,641,1211,1345,1512,2319,1983,3413,2815,3182,3758,3338,5788,7233,2063,4115,90434,30418,10097,7863,27461,4958,2296
2021-05-25T23:59:59+02:00,2289,2405,4091,4348,5413,6897,8347,10189,14601,15383,14399,15113,8225,10337,2234,4472,805,629,1184,1307,1489,2296,1961,3390,2791,3156,3754,3330,5781,7231,2061,4114,89104,30333,9952,7854,27444,4849,2243
2021-05-24T23:59:59+02:00,2254,2354,4004,4275,5306,6815,8212,10051,14097,14767,14360,15066,8220,10325,2233,4468,798,620,1163,1295,1454,2285,1945,3372,2768,3136,3731,3307,5764,7212,2053,4099,87317,30205,9873,7803,27433,4810,2184
2021-05-23T23:59:59+02:00,2244,2340,3983,4251,5289,6803,8157,10015,14027,14710,14350,15061,8219,10325,2232,4468,790,610,1152,1283,1430,2263,1894,3336,2656,3032,3242,2781,5285,6586,2040,4057,87084,30033,9773,5431,27433,4789,2184
2021-05-22T23:59:59+02:00,2063,2297,3657,4200,4891,6759,7924,9950,13923,14645,14344,15061,8219,10324,2232,4468,615,575,838,1242,1054,2226,1679,3273,2561,2970,3238,2780,5285,6585,2040,4057,86937,30021,9773,5431,27433,4752,814
2021-05-21T23:59:59+02:00,1970,2173,3494,3999,4702,6463,7500,9569,12658,13319,14226,14949,8183,10280,2226,4461,612,561,829,1241,1052,2218,1632,3238,2473,2895,3084,2646,5264,6543,2037,4045,82198,29392,9733,5431,27428,4734,813
2021-05-20T23:59:59+02:00,1929,2131,3394,3943,4594,6385,7327,9490,12454,13098,14214,14938,8181,10274,2225,4460,592,543,785,1197,992,2152,1507,3157,2349,2802,2903,2481,5232,6471,2030,4032,81375,28651,9632,5416,27373,4501,657
2021-05-19T23:59:59+02:00,1901,2097,3333,3890,4495,6322,7223,9428,12224,12845,14206,14933,8179,10273,2225,4459,584,522,766,1166,974,2078,1366,2977,1991,2511,2396,2020,5136,6353,2010,3995,80574,26589,9493,5400,27347,4237,619
2021-05-18T23:59:59+02:00,1830,2058,3244,3798,4381,6216,7061,9269,11958,12603,14164,14889,8169,10249,2223,4452,581,507,749,1152,958,2061,1261,2898,1679,2265,2011,1721,5062,6265,1995,3961,79497,25065,9292,5390,27278,4174,497
2021-05-17T23:59:59+02:00,1771,1967,3103,3631,4173,5913,6695,8803,11443,12095,14073,14814,8154,10224,2218,4445,579,499,742,1145,939,2054,1236,2874,1652,2225,1996,1706,5056,6259,1992,3958,76628,25003,9257,5376,27253,4149,384
2021-05-16T23:59:59+02:00,1748,1943,3047,3591,4069,5812,6545,8672,11277,11974,14057,14794,8146,10216,2218,4444,569,492,718,1131,910,2037,1207,2848,1621,2201,1991,1698,5054,6255,1989,3956,75891,24975,9201,5358,27222,4105,239
2021-05-15T23:59:59+02:00,1646,1830,2827,3415,3841,5524,6157,8183,10972,11725,13976,14737,8131,10187,2214,4438,568,491,715,1128,910,2035,1203,2847,1616,2194,1976,1689,5052,6249,1989,3954,73149,24920,9201,5358,27215,4100,238
2021-05-14T23:59:59+02:00,1600,1763,2719,3323,3693,5349,5954,7893,10765,11503,13944,14700,8119,10169,2212,4433,516,444,637,952,841,1725,1067,2426,1432,1906,1961,1672,5050,6241,1988,3949,71519,24859,9195,5356,27191,2358,234
2021-05-13T23:59:59+02:00,1531,1691,2620,3242,3524,5212,5726,7675,10572,11349,13918,14675,8113,10168,2210,4430,509,427,608,927,727,1606,977,2353,1171,1699,1214,1055,4868,6049,1981,3918,70371,24744,8904,2831,27162,2295,219
2021-05-12T23:59:59+02:00,1524,1682,2604,3237,3507,5200,5706,7662,10558,11337,13918,14672,8112,10166,2209,4430,509,426,607,925,724,1606,972,2352,1166,1693,1201,1046,4854,6007,1951,3859,70266,24557,8880,2831,27160,2292,218
2021-05-11T23:59:59+02:00,1476,1633,2528,3152,3388,5075,5509,7507,10286,11042,13876,14623,8101,10148,2205,4423,502,410,589,913,702,1591,945,2326,1140,1669,1146,1007,4794,5906,1914,3747,68944,24078,8756,2814,27074,2211,198
2021-05-10T23:59:59+02:00,1447,1599,2456,3078,3264,4952,5371,7332,9976,10684,13838,14588,8092,10130,2202,4421,499,407,577,901,690,1578,933,2307,1124,1655,1110,976,4733,5817,1875,3647,67599,23670,8638,2811,27004,2159,189
2021-05-09T23:59:59+02:00,1425,1577,2418,3068,3186,4919,5298,7296,9922,10640,13828,14575,8091,10126,2202,4419,487,404,568,894,668,1560,907,2288,1114,1642,1093,959,4718,5780,1862,3607,67364,23513,8564,2809,26960,2127,102
2021-05-08T23:59:59+02:00,1420,1572,2403,3057,3170,4909,5260,7282,9898,10634,13828,14574,8091,10126,2202,4419,487,404,568,894,667,1560,907,2287,1113,1641,1093,959,4717,5780,1862,3607,67225,23512,8559,2806,26959,2126,102
2021-05-07T23:59:59+02:00,1400,1549,2361,3016,3113,4852,5163,7193,9681,10391,13818,14558,8085,10121,2199,4416,436,373,535,815,628,1397,830,2072,1027,1472,1071,940,4701,5758,1860,3602,66329,23413,8553,2803,26932,1199,102
2021-05-06T23:59:59+02:00,1235,1429,2128,2763,2804,4539,4763,6757,9120,9802,13561,14334,8053,10081,2197,4415,432,368,524,792,611,1365,808,2036,997,1447,1047,903,4693,5749,1858,3598,62664,23282,8425,2753,26797,1098,95
2021-05-05T23:59:59+02:00,1165,1368,2015,2649,2633,4354,4451,6487,8137,8605,13496,14271,8015,10040,2187,4400,430,364,515,783,593,1356,775,2021,974,1427,971,839,4660,5684,1850,3585,59168,22971,8380,2734,26676,1073,49
2021-05-04T23:59:59+02:00,1141,1345,1960,2611,2525,4283,4215,6367,7704,8221,13168,13885,7988,10007,2182,4393,427,362,509,780,582,1347,756,2005,959,1419,951,817,4646,5670,1847,3576,57116,22842,8322,2719,26516,1051,41
2021-05-03T23:59:59+02:00,1107,1303,1899,2556,2410,4170,3996,6238,7251,7782,12761,13415,7955,9974,2177,4379,421,360,507,776,569,1339,750,1995,944,1408,928,793,4630,5654,1842,3563,54699,22736,8296,2710,26378,1033,0
2021-05-02T23:59:59+02:00,1098,1302,1882,2550,2384,4162,3951,6227,7223,7775,12760,13414,7955,9974,2177,4379,421,360,504,776,568,1337,746,1995,943,1404,926,789,4629,5651,1842,3563,54566,22720,8292,2708,26355,1026,0
2021-05-01T23:59:59+02:00,1098,1300,1874,2548,2374,4156,3940,6218,7212,7767,12759,13413,7955,9974,2177,4379,421,360,504,776,568,1337,745,1994,941,1404,926,789,4629,5651,1842,3563,54499,22720,8292,2704,26353,1026,0
2021-04-30T23:59:59+02:00,1080,1292,1853,2533,2349,4123,3905,6182,7106,7684,12696,13344,7953,9971,2175,4367,358,302,471,690,536,1153,717,1767,908,1213,914,783,4627,5649,1842,3563,54006,22706,8291,2700,26316,87,0
2021-04-29T23:59:59+02:00,1021,1266,1804,2495,2280,4062,3768,6061,6824,7427,12488,13131,7936,9945,2171,4361,353,300,463,685,533,1145,708,1758,902,1206,906,773,4618,5641,1842,3562,52472,22635,8276,2694,26292,66,0
2021-04-28T23:59:59+02:00,951,1229,1728,2431,2129,3939,3446,5801,6117,6805,11812,12350,7883,9862,2148,4333,352,297,461,679,524,1129,696,1740,893,1200,891,756,4601,5616,1840,3562,48443,22515,8270,2676,26251,46,0
2021-04-27T23:59:59+02:00,937,1222,1711,2410,2082,3920,3372,5772,5996,6688,11789,12335,7881,9860,2148,4331,350,295,455,677,516,1124,686,1727,885,1193,878,745,4599,5612,1839,3556,47964,22438,8267,2661,26223,38,0
2021-04-26T23:59:59+02:00,928,1208,1680,2392,2016,3876,3182,5693,5648,6368,11256,11727,7836,9802,2144,4322,348,294,454,675,510,1119,672,1719,879,1186,869,738,4595,5606,1839,3553,45641,22389,8258,2634,26179,33,0
2021-04-25T23:59:59+02:00,917,1206,1665,2386,1975,3855,3046,5674,5571,6363,11252,11724,7833,9796,2143,4321,347,294,454,675,510,1112,672,1716,876,1185,869,737,4595,5606,1839,3553,45316,22384,8252,2630,26159,26,0
2021-04-24T23:59:59+02:00,900,1194,1643,2366,1932,3805,2936,5600,5205,6014,10674,11030,7805,9748,2142,4320,347,294,454,675,510,1111,671,1715,874,1184,865,731,4586,5593,1837,3552,42908,22348,8252,2626,26154,25,0
2021-04-23T23:59:59+02:00,891,1186,1632,2356,1902,3775,2893,5549,5012,5783,10398,10693,7770,9710,2139,4313,347,293,454,675,510,1110,670,1715,872,1184,865,729,4583,5591,1837,3552,41609,22337,8252,2625,26141,25,0
2021-04-22T23:59:59+02:00,874,1163,1599,2317,1851,3702,2800,5459,4841,5612,10285,10521,7757,9680,2137,4307,347,291,452,665,508,1104,661,1705,869,1176,859,725,4581,5588,1837,3551,40608,22302,8226,2600,26071,17,0
2021-04-21T23:59:59+02:00,862,1148,1574,2306,1795,3655,2681,5364,4407,5124,9758,9913,7710,9625,2135,4297,346,291,448,663,508,1103,657,1703,863,1170,848,715,4571,5575,1837,3547,38100,22253,8209,2577,26045,15,0
2021-04-20T23:59:59+02:00,853,1132,1554,2282,1763,3624,2623,5300,4260,5020,9577,9711,7690,9616,2134,4295,346,289,448,662,507,1101,657,1698,860,1166,842,711,4568,5571,1837,3547,37264,22223,8198,2572,25972,15,0
2021-04-19T23:59:59+02:00,846,1120,1544,2275,1744,3607,2591,5268,4189,4949,9218,9311,7667,9593,2132,4290,346,287,447,659,505,1098,653,1696,854,1162,838,704,4559,5570,1837,3545,36241,22184,8186,2561,25917,15,0
2021-04-18T23:59:59+02:00,842,1117,1539,2270,1726,3600,2572,5256,4180,4946,9212,9301,7667,9592,2132,4290,345,286,447,656,503,1095,652,1693,851,1162,837,701,4559,5569,1837,3545,36181,22176,8166,2547,25895,15,0
2021-04-17T23:59:59+02:00,824,1108,1434,2263,1641,3587,2531,5219,4056,4823,8552,8631,7654,9584,2132,4290,344,286,446,654,502,1095,651,1692,850,1160,837,701,4558,5569,1837,3545,36173,22165,8166,2547,23990,15,0
2021-04-16T23:59:59+02:00,805,1088,1290,2241,1502,3562,2439,5145,3826,4577,7301,7169,7619,9542,2120,4262,343,284,442,648,497,1092,642,1689,843,1153,830,694,4552,5561,1835,3543,34800,22092,8156,2543,21532,13,0
2021-04-15T23:59:59+02:00,783,1077,1279,2227,1480,3541,2381,5106,3735,4501,6884,6689,7577,9478,2103,4198,334,276,428,639,480,1079,609,1663,808,1125,715,605,4085,5073,1815,3516,33482,22037,8098,1204,21459,9,0
2021-04-14T23:59:59+02:00,777,1070,1254,2217,1451,3522,2333,5065,3544,4367,5601,5328,7532,9413,2084,4167,326,271,425,633,473,1075,604,1655,802,1121,697,590,4075,5063,1812,3512,30257,21951,8087,1175,21381,8,0
2021-04-13T23:59:59+02:00,773,1070,1246,2212,1437,3519,2319,5052,3524,4352,5587,5312,7527,9410,2083,4165,326,269,423,632,470,1072,601,1650,788,1119,683,585,4073,5062,1812,3512,30177,21931,8066,1138,21345,8,0
2021-04-12T23:59:59+02:00,767,1059,1232,2204,1419,3509,2287,5037,3493,4328,5564,5297,7518,9398,2080,4134,325,268,421,631,469,1066,599,1646,779,1111,678,583,4070,5061,1812,3512,30049,21906,8021,1117,21256,8,0
2021-04-11T23:59:59+02:00,757,1055,1217,2192,1400,3490,2214,5012,3362,4228,5021,4722,6997,8730,2073,4130,325,268,419,631,467,1065,594,1643,776,1110,674,580,4066,5056,1812,3512,30019,21900,5413,1090,21168,8,0
2021-04-10T23:59:59+02:00,757,1054,1216,2191,1398,3487,2213,5009,3359,4219,4978,4676,6994,8725,2073,4129,320,262,416,622,455,1050,568,1625,740,1083,566,483,3529,4453,1770,3437,29901,20281,5410,1090,21167,8,0
2021-04-09T23:59:59+02:00,754,1053,1208,2187,1393,3484,2172,4981,3267,4136,4802,4518,6964,8677,2069,4116,309,256,402,604,441,1039,542,1607,719,1054,445,396,2914,3643,1728,3363,29218,18365,5406,1089,21157,8,0
2021-04-08T23:59:59+02:00,743,1042,1193,2172,1376,3456,2094,4918,3119,4025,3717,3336,6779,8366,2061,4103,294,246,385,587,416,1022,521,1579,689,1032,426,375,2907,3636,1725,3360,28422,18151,5358,1041,18720,8,0
2021-04-07T23:59:59+02:00,736,1036,1179,2163,1355,3440,1955,4808,2765,3768,3167,2842,6680,8243,2039,4060,279,237,352,559,379,990,480,1543,654,1007,398,351,2848,3575,1722,3354,26247,17699,5339,1022,18650,7,0
2021-04-06T23:59:59+02:00,719,1026,1148,2154,1330,3421,1816,4746,2462,3568,2761,2539,6604,8151,2021,4028,250,221,319,534,355,972,443,1520,620,973,364,313,2793,3501,1717,3346,24650,17229,5323,1005,18521,7,0
2021-04-05T23:59:59+02:00,715,1024,1137,2150,1326,3418,1802,4735,2452,3551,2117,1847,5858,7206,2019,4028,250,221,318,530,349,965,439,1519,615,969,361,308,2792,3497,1717,3345,24619,17219,5313,969,15453,7,0
2021-04-04T23:59:59+02:00,714,1024,1136,2150,1326,3418,1802,4734,2449,3550,2117,1843,5858,7203,2019,4028,250,221,318,530,349,965,438,1519,615,969,361,308,2791,3497,1717,3345,24611,17217,5313,969,15447,7,0
2021-04-03T23:59:59+02:00,714,1024,1136,2149,1326,3418,1800,4732,2446,3550,2116,1841,5857,7203,2019,4028,250,221,318,530,349,965,438,1519,614,969,361,308,2791,3497,1717,3345,24605,17216,5309,969,15445,7,0
2021-04-02T23:59:59+02:00,714,1023,1136,2149,1322,3417,1798,4726,2444,3547,2105,1832,5849,7187,2016,4017,250,220,318,528,349,965,437,1517,613,962,359,308,2791,3496,1717,3345,24537,17199,5305,969,15440,7,0
2021-04-01T23:59:59+02:00,710,1011,1111,2129,1209,3310,1722,4672,2183,3342,1344,1207,5680,7008,2008,3993,246,219,318,527,348,964,436,1515,612,961,357,306,2791,3496,1717,3341,24429,17187,2806,960,15404,7,0
2021-03-31T23:59:59+02:00,708,1010,1108,2125,1204,3302,1710,4666,2165,3329,1318,1172,5651,6953,1971,3900,245,219,318,526,347,964,436,1514,611,959,356,304,2787,3495,1716,3340,24113,17176,2792,954,15387,7,0
2021-03-30T23:59:59+02:00,706,1001,1102,2120,1197,3297,1701,4651,2155,3315,1265,1124,5571,6813,1931,3770,245,218,318,525,344,960,431,1512,604,948,341,293,2661,3309,1621,3150,23592,16560,2770,913,15357,7,0
2021-03-29T23:59:59+02:00,704,999,1097,2112,1188,3290,1693,4637,2141,3303,1229,1089,5510,6715,1883,3653,243,216,317,524,341,958,428,1508,601,943,331,286,2380,2965,1456,2854,23156,15433,2747,911,15340,7,0
2021-03-28T23:59:59+02:00,704,995,1095,2107,1184,3282,1689,4627,2137,3299,1213,1077,5501,6694,1873,3623,241,216,315,520,334,955,426,1500,597,929,326,277,2375,2951,1455,2852,23051,15408,2729,857,15320,4,0
2021-03-27T23:59:59+01:00,644,923,1018,2034,1098,3165,1567,4511,2041,3221,1145,1003,4905,5969,1873,3623,239,215,315,520,334,955,421,1497,595,927,326,277,2374,2950,1455,2852,23036,15392,2725,857,12979,3,0
2021-03-26T23:59:59+01:00,639,916,1012,2025,1097,3160,1556,4503,2021,3213,1100,973,4881,5936,1872,3619,238,212,314,518,332,954,419,1496,591,920,316,272,1867,2258,1145,2293,22843,13291,2716,851,12964,3,0
2021-03-25T23:59:59+01:00,636,910,999,2014,1095,3154,1547,4491,2007,3203,1090,962,4874,5932,1872,3618,237,209,313,517,330,947,416,1491,587,910,311,268,1765,2122,1118,2236,22797,12946,2707,828,12900,3,0
2021-03-24T23:59:59+01:00,634,905,985,1999,1084,3141,1517,4475,1996,3192,1055,931,4849,5902,1867,3613,237,209,312,515,326,943,412,1484,577,893,296,257,1403,1691,1001,2023,22657,11810,2682,766,12806,3,0
2021-03-23T23:59:59+01:00,631,896,981,1988,1078,3130,1512,4462,1986,3187,1041,921,4831,5886,1867,3611,236,209,310,512,319,940,411,1484,571,889,289,250,1137,1388,918,1885,22582,11000,2674,745,12752,3,0
2021-03-22T23:59:59+01:00,630,884,977,1979,1072,3119,1501,4448,1973,3179,1038,918,4826,5885,1867,3611,234,209,309,510,318,939,408,1481,568,885,285,246,1135,1385,918,1883,22560,10984,2659,726,12688,3,0
2021-03-21T23:59:59+01:00,628,878,974,1973,1069,3113,1496,4438,1965,3172,1035,917,4826,5884,1867,3611,234,209,309,508,317,935,408,1476,561,883,276,242,1130,1380,918,1883,22557,10983,2645,683,12644,3,0
2021-03-20T23:59:59+01:00,623,867,968,1959,1053,3098,1469,4419,1927,3141,925,817,4277,5265,1824,3532,234,209,309,508,317,935,408,1476,561,883,276,242,1130,1380,917,1882,20897,10981,2644,683,12623,3,0
2021-03-19T23:59:59+01:00,613,858,947,1929,1030,3082,1433,4396,1900,3105,797,726,3641,4439,1784,3456,231,209,308,508,316,932,406,1474,556,876,274,241,1109,1360,894,1849,18921,10959,2633,581,12582,3,0
2021-03-18T23:59:59+01:00,598,838,930,1910,1007,3056,1397,4353,1855,3057,672,635,3155,3930,1764,3429,226,207,304,503,314,923,403,1468,554,870,270,237,990,1239,801,1685,18847,10581,1236,410,12503,3,0
2021-03-17T23:59:59+01:00,596,826,919,1890,996,3040,1374,4331,1837,3041,643,611,3070,3839,1759,3425,224,206,302,501,311,922,396,1463,551,865,267,233,696,908,553,1297,18542,9662,1199,33,12456,0,0
2021-03-16T23:59:59+01:00,593,811,907,1873,980,3026,1356,4317,1810,3026,618,597,3022,3764,1758,3421,223,206,301,501,310,920,393,1461,547,860,262,229,424,637,392,1023,18336,8662,1160,27,12383,0,0
2021-03-15T23:59:59+01:00,593,797,903,1857,971,3005,1350,4312,1800,3015,612,595,3021,3763,1758,3421,222,206,300,500,309,920,392,1460,545,860,262,229,424,636,391,1023,18323,8655,1137,24,12313,0,0
2021-03-14T23:59:59+01:00,592,791,896,1844,965,3001,1340,4298,1788,3004,609,591,3016,3760,1758,3421,222,206,299,500,308,918,390,1458,545,860,262,229,424,636,391,1023,18318,8653,1110,18,12246,0,0
2021-03-13T23:59:59+01:00,566,719,787,1579,839,2606,1134,3728,1512,2615,543,507,2918,3645,1757,3420,222,206,299,500,308,918,390,1458,545,860,262,229,424,636,391,1023,18314,8653,1110,18,9451,0,0
2021-03-12T23:59:59+01:00,547,611,720,1308,744,2178,953,3026,1215,2015,469,433,2881,3605,1757,3420,222,205,299,500,308,916,389,1457,545,859,262,228,400,605,353,969,18292,8499,1109,18,6481,0,0
2021-03-11T23:59:59+01:00,522,569,687,1238,695,2066,895,2873,1117,1908,437,390,2869,3597,1756,3420,222,205,298,498,307,915,389,1454,544,859,262,227,381,582,313,932,18108,8373,1061,15,5870,0,0
2021-03-10T23:59:59+01:00,507,556,648,1201,656,2035,855,2835,1082,1881,420,377,2856,3579,1755,3417,217,202,295,491,307,915,384,1446,539,853,258,221,214,441,133,709,17832,7616,1041,9,5787,0,0
2021-03-09T23:59:59+01:00,487,538,618,1173,637,2015,832,2807,1061,1858,399,360,2738,3403,1657,3221,217,202,293,489,306,914,383,1443,539,850,256,220,214,440,133,709,17072,7608,1025,0,5707,0,0
2021-03-08T23:59:59+01:00,471,511,597,1145,618,1995,816,2786,1042,1829,374,332,2451,3050,1489,2924,217,201,293,487,305,909,383,1438,539,848,255,218,214,439,133,709,15827,7588,997,0,5606,0,0
2021-03-07T23:59:59+01:00,469,506,589,1128,607,1987,813,2772,1038,1822,373,330,2446,3042,1488,2923,217,201,293,486,305,907,383,1435,539,848,255,218,214,439,133,709,15801,7582,987,0,5545,0,0
2021-03-06T23:59:59+01:00,469,501,585,1116,604,1986,807,2763,1033,1817,373,330,2446,3042,1488,2923,217,201,293,486,305,907,383,1435,539,847,254,218,214,439,133,709,15793,7580,987,0,5503,0,0
2021-03-05T23:59:59+01:00,463,484,578,1103,599,1979,802,2755,1026,1809,359,321,1908,2316,1172,2333,214,196,289,486,302,906,381,1432,537,843,254,218,214,439,133,709,13565,7553,987,0,5455,0,0
2021-03-04T23:59:59+01:00,452,451,550,1072,580,1916,775,2700,1005,1768,355,316,1806,2183,1144,2276,204,189,281,477,301,899,379,1418,535,839,253,218,214,439,133,709,13214,7488,981,0,5154,0,0
2021-03-03T23:59:59+01:00,449,441,541,1042,562,1879,751,2652,989,1736,349,311,1446,1751,1024,2058,203,188,280,476,299,898,375,1410,533,833,251,216,213,436,131,706,12059,7448,974,0,4948,0,0
2021-03-02T23:59:59+01:00,444,432,534,1011,548,1857,742,2629,979,1719,340,301,1169,1443,938,1919,203,186,279,464,295,893,375,1400,533,828,251,216,213,436,131,706,11237,7409,939,0,4829,0,0
2021-03-01T23:59:59+01:00,442,424,524,984,529,1831,730,2601,973,1704,336,296,1167,1437,938,1916,203,183,279,455,292,882,373,1385,531,824,249,214,212,435,131,706,11219,7354,904,0,4709,0,0
2021-02-28T23:59:59+01:00,439,420,520,975,525,1820,727,2591,967,1690,333,292,1167,1435,938,1916,202,182,279,455,292,881,373,1385,530,824,249,214,212,435,131,706,11219,7350,877,0,4659,0,0
2021-02-27T23:59:59+01:00,438,416,515,969,523,1815,724,2582,964,1688,332,291,1167,1435,937,1916,202,182,279,455,292,881,372,1385,530,824,249,214,212,435,131,706,11218,7349,877,0,4617,0,0
2021-02-26T23:59:59+01:00,387,362,438,785,451,1474,586,2154,793,1387,321,281,1167,1432,937,1916,202,180,279,452,290,870,370,1380,528,821,249,214,212,435,131,706,11206,7319,866,0,2799,0,0
2021-02-25T23:59:59+01:00,367,351,426,762,439,1437,572,2110,776,1353,312,275,1074,1332,875,1804,148,166,262,446,281,858,360,1365,523,817,249,212,212,435,131,706,10805,7171,836,0,2624,0,0
2021-02-24T23:59:59+01:00,362,343,420,745,433,1399,555,2057,754,1316,304,264,843,1073,716,1527,148,160,261,440,277,849,359,1351,516,811,246,210,211,435,131,704,9867,7109,795,0,2449,0,0
2021-02-23T23:59:59+01:00,359,329,412,730,423,1377,545,2020,737,1300,292,254,565,790,552,1259,148,159,260,438,275,842,359,1342,515,807,245,209,210,435,130,703,8863,7077,751,0,2330,0,0
2021-02-22T23:59:59+01:00,359,326,411,723,422,1371,540,2011,733,1296,292,251,564,788,552,1258,148,153,255,428,272,824,356,1318,510,801,242,208,210,435,130,703,8858,6993,739,0,2300,0,0
2021-02-21T23:59:59+01:00,356,325,408,717,420,1364,538,2001,726,1293,283,247,559,783,551,1258,148,152,254,428,271,822,353,1315,503,798,241,207,209,434,129,694,8854,6958,698,0,2277,0,0
2021-02-20T23:59:59+01:00,356,322,408,715,420,1355,537,1992,724,1290,283,247,559,783,551,1258,148,152,254,428,271,822,352,1315,503,798,241,207,209,434,129,694,8854,6957,698,0,2248,0,0
2021-02-19T23:59:59+01:00,309,291,375,630,383,1182,474,1771,616,1096,280,241,514,730,490,1167,148,152,254,428,270,822,352,1315,503,798,241,207,209,434,129,694,8628,6956,592,0,1329,0,0
2021-02-18T23:59:59+01:00,308,285,367,619,371,1162,461,1754,608,1090,280,239,445,661,403,1060,145,148,249,423,264,816,349,1306,500,797,239,206,209,434,129,694,8449,6908,418,0,1246,0,0
2021-02-17T23:59:59+01:00,301,279,356,606,362,1152,439,1737,601,1081,275,232,217,453,138,719,136,133,246,419,259,798,343,1290,494,788,235,204,208,434,129,694,7726,6810,31,0,1191,0,0
2021-02-16T23:59:59+01:00,297,277,346,603,353,1143,431,1724,597,1075,272,229,216,452,138,719,102,117,228,394,248,770,327,1249,462,752,215,189,201,419,128,687,7718,6488,27,0,1127,0,0
2021-02-15T23:59:59+01:00,295,276,344,599,351,1135,430,1713,593,1070,272,229,216,451,137,719,101,115,223,383,239,756,318,1220,445,731,205,182,190,391,122,638,7710,6259,24,0,1096,0,0
2021-02-14T23:59:59+01:00,293,272,339,598,347,1126,426,1707,590,1067,272,229,216,451,137,719,97,113,216,377,236,748,312,1204,442,720,204,179,190,380,122,630,7700,6170,19,0,1070,0,0
2021-02-13T23:59:59+01:00,293,272,339,598,347,1126,425,1707,590,1066,271,229,216,451,137,719,97,113,216,377,236,748,312,1204,442,720,204,179,190,380,122,630,7698,6170,19,0,1069,0,0
2021-02-12T23:59:59+01:00,223,207,300,507,317,930,394,1464,554,863,264,226,216,451,137,719,94,112,213,376,233,745,306,1199,439,715,202,178,190,380,122,630,7686,6134,19,0,67,0,0
2021-02-11T23:59:59+01:00,220,205,295,495,311,915,388,1446,546,855,264,226,216,451,137,719,93,106,200,346,222,706,286,1141,424,677,201,175,190,375,122,627,7645,5891,16,0,28,0,0
2021-02-10T23:59:59+01:00,217,198,291,490,307,912,381,1435,544,847,262,224,214,449,137,718,86,99,185,316,209,645,269,1054,401,633,191,161,175,343,112,584,7603,5463,10,0,13,0,0
2021-02-09T23:59:59+01:00,211,191,289,479,306,905,381,1423,542,840,259,223,214,448,137,718,75,79,146,250,177,539,235,849,341,518,174,133,155,308,103,522,7558,4604,2,0,6,0,0
2021-02-08T23:59:59+01:00,207,184,286,468,301,893,377,1405,536,834,255,219,213,446,135,715,43,58,104,157,129,291,169,465,246,345,152,109,126,255,83,427,7466,3159,2,0,6,0,0
2021-02-07T23:59:59+01:00,205,182,283,467,300,891,376,1403,535,834,254,218,213,446,135,715,25,48,87,136,124,270,158,432,231,319,144,103,116,243,79,395,7456,2910,1,0,0,0,0
2021-02-06T23:59:59+01:00,205,182,283,467,300,891,376,1403,535,834,254,218,213,446,135,715,25,45,84,133,113,256,149,414,198,296,131,103,115,238,78,384,7456,2762,1,0,0,0,0
2021-02-05T23:59:59+01:00,205,180,283,464,299,877,373,1398,532,831,254,217,213,446,135,714,24,40,79,126,107,242,142,388,186,278,125,99,112,232,72,369,7420,2621,1,0,0,0,0
2021-02-04T23:59:59+01:00,196,175,283,460,292,866,370,1386,523,825,253,215,212,446,135,712,14,25,52,86,81,185,116,297,154,228,110,89,101,215,65,331,7349,2149,0,0,0,0,0
2021-02-03T23:59:59+01:00,178,169,276,454,288,862,368,1375,523,824,252,215,212,446,135,711,14,23,45,72,74,150,92,270,135,191,90,75,87,184,59,293,7288,1854,0,0,0,0,0
2021-02-02T23:59:59+01:00,155,163,266,451,284,855,364,1365,522,821,251,215,211,446,134,710,13,20,36,66,63,127,74,221,106,144,59,55,61,117,37,186,7213,1385,0,0,0,0,0
2021-02-01T23:59:59+01:00,150,156,260,437,281,837,363,1340,516,811,247,213,211,446,134,710,7,13,18,36,38,73,42,112,59,63,24,28,27,47,21,96,7112,704,0,0,0,0,0
2021-01-31T23:59:59+01:00,149,153,257,435,280,833,361,1335,512,809,247,210,210,445,134,710,5,9,15,23,31,53,29,63,38,40,12,9,12,29,17,59,7080,444,0,0,0,0,0
2021-01-30T23:59:59+01:00,149,153,257,435,280,831,360,1335,512,809,247,210,210,445,134,710,5,9,13,19,28,47,24,54,35,39,12,9,12,29,17,59,7077,411,0,0,0,0,0
2021-01-29T23:59:59+01:00,149,153,257,435,279,831,360,1335,512,809,247,210,210,445,134,710,4,8,8,18,26,38,19,46,31,36,12,9,11,27,17,59,7076,369,0,0,0,0,0
2021-01-28T23:59:59+01:00,147,150,253,427,274,827,358,1328,508,808,247,210,210,445,134,710,1,3,2,8,15,16,11,23,13,20,8,5,5,15,4,23,7036,172,0,0,0,0,0
2021-01-27T23:59:59+01:00,138,140,252,423,270,818,354,1320,502,802,242,208,209,444,134,710,0,0,1,4,11,12,8,18,11,15,7,5,5,15,4,23,6966,139,0,0,0,0,0
2021-01-26T23:59:59+01:00,106,124,236,410,262,790,342,1283,477,771,222,196,202,430,134,702,0,0,1,4,11,12,8,18,11,15,7,5,5,15,4,23,6687,139,0,0,0,0,0
2021-01-25T23:59:59+01:00,103,117,233,390,247,770,330,1248,456,750,210,187,193,405,130,654,0,0,1,4,11,9,7,12,8,11,7,5,5,15,4,23,6423,122,0,0,0,0,0
2021-01-24T23:59:59+01:00,103,115,229,384,246,766,327,1232,454,739,209,184,193,394,130,645,0,0,1,4,11,9,7,12,8,11,7,5,5,15,4,23,6350,122,0,0,0,0,0
2021-01-23T23:59:59+01:00,103,115,229,384,246,766,327,1232,454,739,209,184,193,394,130,645,0,0,1,4,11,9,7,12,8,11,7,5,5,15,4,23,6350,122,0,0,0,0,0
2021-01-22T23:59:59+01:00,103,114,227,382,246,763,323,1228,450,735,207,183,193,394,130,645,0,0,1,4,11,9,7,12,8,11,7,5,5,15,4,23,6323,122,0,0,0,0,0
2021-01-21T23:59:59+01:00,103,108,210,350,236,723,299,1171,437,710,206,179,192,388,130,642,0,0,1,2,9,8,6,10,7,10,7,5,5,15,4,23,6084,112,0,0,0,0,0
2021-01-20T23:59:59+01:00,95,102,197,325,223,656,284,1074,410,661,196,168,176,356,121,599,0,0,1,2,9,8,6,10,7,10,7,5,5,15,4,23,5643,112,0,0,0,0,0
2021-01-19T23:59:59+01:00,85,88,158,276,201,592,260,940,366,564,180,139,155,315,108,528,0,0,1,2,3,7,5,9,4,8,6,4,5,15,4,23,4955,96,0,0,0,0,0
2021-01-18T23:59:59+01:00,72,77,134,231,181,480,228,780,329,484,165,121,131,266,89,447,0,0,0,1,2,3,2,4,2,7,5,4,5,15,4,21,4215,75,0,0,0,0,0
2021-01-17T23:59:59+01:00,46,59,110,202,168,415,210,688,302,430,155,114,119,248,76,392,0,0,0,0,2,3,1,4,2,5,5,4,5,15,4,21,3734,71,0,0,0,0,0
2021-01-16T23:59:59+01:00,39,56,109,199,156,399,198,665,269,406,142,114,118,243,75,381,0,0,0,0,0,0,0,0,0,0,0,0,0,0,0,0,3569,0,0,0,0,0,0
2021-01-15T23:59:59+01:00,37,52,104,192,145,385,191,635,254,386,136,106,114,236,69,366,0,0,0,0,0,0,0,0,0,0,0,0,0,0,0,0,3408,0,0,0,0,0,0
2021-01-14T23:59:59+01:00,13,29,53,85,84,179,119,296,152,227,116,92,100,218,61,328,0,0,0,0,0,0,0,0,0,0,0,0,0,0,0,0,2152,0,0,0,0,0,0
2021-01-13T23:59:59+01:00,12,25,42,71,77,144,96,270,125,191,87,73,79,176,50,263,0,0,0,0,0,0,0,0,0,0,0,0,0,0,0,0,1781,0,0,0,0,0,0
2021-01-12T23:59:59+01:00,12,20,38,65,65,120,78,217,98,141,54,50,52,102,26,153,0,0,0,0,0,0,0,0,0,0,0,0,0,0,0,0,1291,0,0,0,0,0,0
2021-01-11T23:59:59+01:00,5,15,26,45,43,86,52,135,59,70,24,26,23,39,12,67,0,0,0,0,0,0,0,0,0,0,0,0,0,0,0,0,727,0,0,0,0,0,0
2021-01-10T23:59:59+01:00,2,10,22,29,36,62,33,84,37,42,9,7,7,20,8,29,0,0,0,0,0,0,0,0,0,0,0,0,0,0,0,0,437,0,0,0,0,0,0
2021-01-09T23:59:59+01:00,2,9,20,26,34,58,29,74,35,41,9,7,7,20,8,29,0,0,0,0,0,0,0,0,0,0,0,0,0,0,0,0,408,0,0,0,0,0,0
2021-01-08T23:59:59+01:00,1,8,18,24,31,48,23,63,31,39,8,7,5,17,8,29,0,0,0,0,0,0,0,0,0,0,0,0,0,0,0,0,360,0,0,0,0,0,0
2021-01-07T23:59:59+01:00,1,3,2,10,16,16,12,24,15,21,8,6,5,16,6,24,0,0,0,0,0,0,0,0,0,0,0,0,0,0,0,0,185,0,0,0,0,0,0
2021-01-06T23:59:59+01:00,1,0,2,4,14,13,8,19,13,16,8,6,5,16,6,24,0,0,0,0,0,0,0,0,0,0,0,0,0,0,0,0,155,0,0,0,0,0,0
2021-01-05T23:59:59+01:00,0,0,1,4,12,12,8,18,12,16,7,6,5,16,6,24,0,0,0,0,0,0,0,0,0,0,0,0,0,0,0,0,147,0,0,0,0,0,0
2021-01-04T23:59:59+01:00,0,0,1,4,12,11,7,14,10,14,7,6,5,16,6,24,0,0,0,0,0,0,0,0,0,0,0,0,0,0,0,0,137,0,0,0,0,0,0
2021-01-03T23:59:59+01:00,0,0,1,4,11,9,7,12,8,11,7,6,5,16,6,24,0,0,0,0,0,0,0,0,0,0,0,0,0,0,0,0,127,0,0,0,0,0,0
2021-01-02T23:59:59+01:00,0,0,1,4,11,9,7,12,8,11,7,6,5,16,6,24,0,0,0,0,0,0,0,0,0,0,0,0,0,0,0,0,127,0,0,0,0,0,0
2021-01-01T23:59:59+01:00,0,0,1,4,11,9,7,12,8,11,7,6,5,16,6,24,0,0,0,0,0,0,0,0,0,0,0,0,0,0,0,0,127,0,0,0,0,0,0
2020-12-31T23:59:59+01:00,0,0,1,4,11,9,7,12,8,11,7,6,5,16,6,24,0,0,0,0,0,0,0,0,0,0,0,0,0,0,0,0,127,0,0,0,0,0,0
2020-12-30T23:59:59+01:00,0,0,1,4,11,9,7,12,8,11,7,6,5,16,6,24,0,0,0,0,0,0,0,0,0,0,0,0,0,0,0,0,127,0,0,0,0,0,0
2020-12-29T23:59:59+01:00,0,0,1,4,8,9,6,12,7,9,7,6,5,16,6,24,0,0,0,0,0,0,0,0,0,0,0,0,0,0,0,0,120,0,0,0,0,0,0
2020-12-28T23:59:59+01:00,0,0,1,1,5,6,6,5,5,8,7,6,5,16,6,24,0,0,0,0,0,0,0,0,0,0,0,0,0,0,0,0,101,0,0,0,0,0,0
2020-12-27T23:59:59+01:00,0,0,0,0,2,3,1,4,2,6,5,5,5,15,6,24,0,0,0,0,0,0,0,0,0,0,0,0,0,0,0,0,78,0,0,0,0,0,0
