Datum,<24_1_m,<24_1_w,25-34_1_m,25-34_1_w,35-44_1_m,35-44_1_w,45-54_1_m,45-54_1_w,55-64_1_m,55-64_1_w,65-74_1_m,65-74_1_w,75-84_1_m,75-84_1_w,>84_1_m,>84_1_w,<24_2_m,<24_2_w,25-34_2_m,25-34_2_w,35-44_2_m,35-44_2_w,45-54_2_m,45-54_2_w,55-64_2_m,55-64_2_w,65-74_2_m,65-74_2_w,75-84_2_m,75-84_2_w,>84_2_m,>84_2_w,bp_1,bp_2,mo_1,mo_2,az_1,az_2,ja
2021-05-18T23:59:59+02:00,1814,2038,3205,3767,4326,6155,6995,9212,11829,12485,14129,14831,8184,10259,2255,4491,575,497,734,1140,924,2026,1236,2857,1642,2213,1992,1705,5061,6242,2018,3967,79104,24932,9254,5361,27169,4088,448
2021-05-17T23:59:59+02:00,1758,1947,3066,3602,4124,5858,6633,8757,11326,11990,14038,14756,8169,10234,2250,4484,574,491,729,1136,911,2020,1218,2840,1624,2189,1977,1691,5055,6238,2015,3964,76247,24875,9224,5354,27147,4069,374
2021-05-16T23:59:59+02:00,1737,1926,3014,3563,4023,5760,6484,8626,11161,11873,14022,14735,8161,10226,2250,4483,564,484,708,1123,885,2007,1189,2815,1593,2167,1973,1685,5053,6236,2014,3963,75516,24853,9169,5341,27121,4027,238
2021-05-15T23:59:59+02:00,1635,1813,2793,3387,3795,5473,6096,8138,10857,11626,13941,14678,8146,10198,2246,4477,563,483,705,1120,885,2005,1185,2814,1588,2160,1958,1676,5051,6230,2014,3961,72779,24798,9169,5341,27114,4022,237
2021-05-14T23:59:59+02:00,1589,1746,2686,3296,3647,5299,5894,7849,10651,11405,13909,14641,8134,10180,2244,4472,512,436,627,944,817,1695,1049,2396,1406,1872,1943,1660,5049,6223,2013,3956,71156,24744,9163,5340,27090,2281,233
2021-05-13T23:59:59+02:00,1522,1674,2592,3217,3479,5167,5668,7633,10464,11253,13884,14616,8129,10179,2242,4469,506,422,599,919,705,1583,962,2328,1147,1671,1198,1044,4868,6034,2006,3926,70023,24634,8886,2823,27061,2243,218
2021-05-12T23:59:59+02:00,1515,1665,2576,3212,3462,5156,5649,7623,10450,11242,13884,14613,8128,10177,2241,4469,506,421,599,917,702,1583,956,2326,1142,1666,1187,1035,4854,5997,1975,3873,69924,24459,8862,2823,27059,2240,217
2021-05-11T23:59:59+02:00,1468,1616,2500,3129,3346,5031,5454,7469,10179,10948,13841,14564,8117,10160,2237,4463,500,407,581,905,681,1569,929,2301,1117,1643,1132,997,4798,5898,1937,3773,68614,24001,8738,2805,26973,2165,197
2021-05-10T23:59:59+02:00,1438,1582,2428,3055,3223,4908,5316,7296,9869,10590,13803,14529,8108,10143,2234,4461,497,404,569,893,670,1556,917,2283,1101,1631,1097,966,4737,5808,1899,3671,67273,23594,8620,2803,26902,2114,188
2021-05-09T23:59:59+02:00,1416,1560,2390,3045,3148,4876,5243,7260,9815,10546,13793,14516,8107,10140,2234,4459,485,401,559,886,649,1538,893,2264,1091,1618,1080,949,4721,5771,1886,3632,67039,23438,8547,2801,26861,2083,101
2021-05-08T23:59:59+02:00,1411,1555,2375,3034,3133,4866,5205,7246,9791,10541,13793,14515,8107,10140,2234,4459,485,401,559,886,648,1538,893,2263,1090,1617,1080,949,4720,5771,1886,3632,66902,23437,8542,2798,26860,2082,101
2021-05-07T23:59:59+02:00,1391,1532,2333,2995,3076,4810,5110,7159,9577,10300,13782,14499,8101,10135,2231,4456,434,370,526,807,609,1376,817,2050,1006,1448,1058,931,4703,5750,1884,3627,66017,23340,8536,2795,26833,1160,101
2021-05-06T23:59:59+02:00,1226,1414,2105,2747,2768,4501,4711,6724,9019,9711,13524,14277,8069,10095,2229,4455,431,365,516,788,596,1351,799,2023,979,1427,1035,894,4695,5741,1882,3623,62370,23212,8408,2745,26703,1094,94
2021-05-05T23:59:59+02:00,1156,1353,1995,2634,2601,4318,4400,6452,8038,8515,13459,14215,8031,10054,2219,4440,429,362,507,780,579,1344,766,2008,958,1408,960,833,4662,5677,1875,3610,58888,22914,8362,2726,26582,1070,48
2021-05-04T23:59:59+02:00,1132,1330,1940,2596,2496,4248,4169,6334,7612,8134,13133,13831,8004,10021,2214,4433,426,360,502,777,569,1336,747,1992,942,1401,941,811,4648,5664,1872,3601,56860,22786,8304,2714,26422,1048,41
2021-05-03T23:59:59+02:00,1099,1289,1881,2542,2381,4135,3952,6207,7163,7697,12729,13361,7971,9988,2209,4419,420,358,500,773,558,1328,741,1982,928,1392,921,787,4633,5648,1867,3588,54459,22689,8280,2705,26284,1030,0
2021-05-02T23:59:59+02:00,1090,1288,1864,2536,2355,4127,3908,6197,7135,7690,12728,13360,7971,9988,2209,4419,420,358,497,773,557,1326,737,1982,927,1388,919,783,4632,5645,1867,3588,54327,22673,8276,2703,26262,1023,0
2021-05-01T23:59:59+02:00,1090,1286,1857,2534,2345,4121,3897,6188,7124,7682,12727,13359,7971,9988,2209,4419,420,358,497,773,557,1326,736,1981,925,1388,919,783,4632,5645,1867,3588,54261,22673,8276,2699,26260,1023,0
2021-04-30T23:59:59+02:00,1073,1278,1836,2521,2320,4088,3864,6154,7019,7599,12665,13290,7969,9985,2207,4407,356,300,465,687,524,1142,708,1755,892,1197,907,777,4630,5643,1867,3588,53777,22659,8275,2695,26223,84,0
2021-04-29T23:59:59+02:00,1018,1254,1789,2484,2255,4032,3728,6035,6741,7347,12459,13079,7952,9959,2203,4401,351,298,457,683,521,1134,699,1748,887,1191,899,767,4621,5635,1867,3587,52277,22593,8260,2689,26199,63,0
2021-04-28T23:59:59+02:00,946,1218,1713,2421,2103,3909,3406,5775,6035,6726,11781,12300,7899,9876,2180,4374,350,295,455,676,512,1119,687,1730,880,1185,884,750,4604,5610,1865,3587,48250,22475,8254,2671,26158,43,0
2021-04-27T23:59:59+02:00,932,1211,1696,2400,2057,3891,3332,5746,5916,6609,11758,12285,7897,9874,2180,4372,348,293,449,674,504,1115,677,1717,872,1178,872,739,4602,5606,1864,3581,47774,22400,8251,2656,26131,35,0
2021-04-26T23:59:59+02:00,923,1198,1664,2383,1991,3848,3145,5667,5570,6291,11227,11678,7853,9816,2176,4363,346,292,448,672,499,1110,663,1709,867,1171,863,732,4598,5600,1864,3578,45463,22353,8242,2629,26088,30,0
2021-04-25T23:59:59+02:00,912,1196,1649,2376,1950,3827,3009,5649,5493,6286,11223,11675,7849,9810,2175,4362,345,292,448,672,499,1103,663,1707,864,1170,863,731,4598,5600,1864,3578,45137,22349,8236,2625,26068,23,0
2021-04-24T23:59:59+02:00,895,1185,1628,2356,1909,3777,2899,5574,5129,5941,10646,10984,7821,9762,2174,4361,345,292,448,672,499,1102,662,1706,862,1169,859,725,4589,5588,1862,3577,42742,22314,8236,2621,26063,22,0
2021-04-23T23:59:59+02:00,886,1177,1617,2346,1880,3748,2858,5523,4937,5711,10370,10652,7786,9724,2171,4354,345,291,448,672,499,1101,661,1706,860,1169,859,723,4586,5586,1862,3577,41454,22303,8236,2620,26050,22,0
2021-04-22T23:59:59+02:00,869,1154,1584,2307,1829,3675,2767,5433,4769,5541,10258,10482,7773,9695,2169,4348,345,289,446,662,497,1095,653,1696,857,1161,853,719,4583,5583,1862,3576,40461,22269,8210,2594,25982,14,0
2021-04-21T23:59:59+02:00,857,1140,1559,2296,1775,3628,2650,5339,4337,5056,9732,9881,7727,9640,2167,4338,344,289,442,661,497,1094,651,1694,852,1155,843,709,4574,5571,1862,3572,37973,22224,8193,2574,25956,12,0
2021-04-20T23:59:59+02:00,848,1124,1540,2273,1743,3597,2593,5275,4192,4952,9553,9679,7707,9631,2166,4336,344,288,442,660,496,1093,651,1689,849,1151,837,705,4571,5567,1862,3572,37144,22196,8182,2569,25883,12,0
2021-04-19T23:59:59+02:00,843,1112,1529,2266,1724,3581,2561,5243,4121,4881,9195,9279,7684,9608,2164,4331,344,286,441,657,494,1091,647,1687,843,1148,833,700,4563,5566,1862,3571,36122,22163,8170,2558,25830,12,0
2021-04-18T23:59:59+02:00,839,1109,1524,2261,1706,3574,2543,5231,4112,4878,9189,9269,7684,9607,2164,4331,343,285,441,654,493,1089,646,1684,841,1148,832,697,4563,5565,1862,3571,36063,22156,8150,2546,25808,12,0
2021-04-17T23:59:59+02:00,821,1100,1419,2253,1621,3561,2503,5194,3988,4755,8529,8600,7671,9599,2164,4331,342,285,440,652,492,1089,645,1683,840,1146,832,697,4562,5565,1862,3571,36055,22145,8150,2546,23904,12,0
2021-04-16T23:59:59+02:00,803,1080,1276,2231,1481,3536,2418,5122,3758,4509,7278,7138,7636,9556,2152,4303,341,283,436,646,487,1086,636,1680,833,1139,826,690,4556,5557,1860,3569,34684,22073,8148,2542,21445,10,0
2021-04-15T23:59:59+02:00,781,1069,1265,2217,1459,3516,2360,5083,3668,4437,6861,6660,7594,9492,2133,4239,332,275,422,637,470,1073,603,1654,798,1111,712,603,4090,5069,1839,3542,33370,22019,8090,1205,21374,6,0
2021-04-14T23:59:59+02:00,777,1062,1242,2209,1432,3497,2313,5041,3477,4305,5584,5305,7548,9427,2114,4208,324,270,419,632,463,1069,599,1646,792,1107,695,588,4079,5062,1836,3539,30162,21940,8080,1175,21299,5,0
2021-04-13T23:59:59+02:00,773,1062,1234,2204,1418,3494,2299,5028,3459,4292,5570,5289,7543,9423,2113,4206,324,268,417,631,460,1066,596,1641,778,1105,681,583,4077,5061,1836,3539,30083,21920,8060,1138,21264,5,0
2021-04-12T23:59:59+02:00,767,1051,1221,2196,1401,3484,2268,5013,3431,4268,5548,5275,7534,9410,2110,4175,323,267,415,631,460,1060,594,1637,769,1097,676,581,4074,5060,1836,3539,29957,21896,8015,1118,21180,5,0
2021-04-11T23:59:59+02:00,757,1047,1206,2184,1383,3465,2197,4988,3300,4168,5006,4705,7012,8745,2103,4171,323,267,413,631,459,1059,589,1634,766,1096,672,578,4070,5055,1836,3539,29929,21891,5414,1091,21094,5,0
2021-04-10T23:59:59+02:00,757,1046,1205,2183,1381,3462,2196,4985,3297,4159,4963,4659,7009,8740,2103,4170,318,261,410,622,447,1044,563,1616,730,1069,564,481,3533,4450,1793,3463,29811,20268,5411,1091,21093,5,0
2021-04-09T23:59:59+02:00,754,1045,1197,2180,1376,3459,2154,4958,3206,4078,4790,4502,6979,8692,2099,4157,307,254,396,604,433,1033,537,1598,709,1040,443,394,2916,3642,1750,3389,29135,18350,5407,1090,21084,5,0
2021-04-08T23:59:59+02:00,743,1034,1182,2166,1359,3431,2077,4894,3058,3970,3706,3321,6794,8380,2091,4144,292,244,379,587,408,1016,516,1569,679,1018,426,373,2909,3636,1747,3386,28346,18137,5359,1043,18645,5,0
2021-04-07T23:59:59+02:00,736,1029,1168,2156,1339,3415,1939,4785,2707,3713,3157,2833,6695,8255,2069,4101,277,235,346,559,371,984,476,1533,644,993,398,349,2850,3577,1744,3379,26182,17687,5340,1024,18575,4,0
2021-04-06T23:59:59+02:00,719,1020,1137,2147,1315,3398,1800,4723,2407,3515,2758,2534,6619,8165,2051,4069,248,219,312,534,347,967,439,1510,610,959,364,311,2795,3504,1739,3371,24615,17218,5326,1007,18436,4,0
2021-04-05T23:59:59+02:00,715,1018,1126,2143,1312,3395,1786,4712,2398,3498,2112,1842,5873,7218,2049,4069,248,219,311,530,342,960,436,1509,605,955,361,307,2794,3500,1739,3369,24586,17209,5316,972,15364,4,0
2021-04-04T23:59:59+02:00,714,1018,1125,2143,1312,3395,1786,4711,2395,3497,2112,1838,5873,7215,2049,4069,248,219,311,530,342,960,435,1509,605,955,361,307,2793,3500,1739,3369,24578,17207,5316,972,15358,4,0
2021-04-03T23:59:59+02:00,714,1018,1125,2142,1312,3395,1784,4709,2392,3497,2111,1836,5872,7215,2049,4069,248,219,311,530,342,960,435,1509,604,955,361,307,2793,3500,1739,3369,24572,17206,5312,972,15356,4,0
2021-04-02T23:59:59+02:00,714,1017,1125,2142,1308,3394,1782,4703,2390,3495,2100,1826,5864,7199,2045,4058,248,218,311,528,342,960,434,1507,603,948,359,307,2793,3499,1739,3369,24504,17189,5308,972,15350,4,0
2021-04-01T23:59:59+02:00,710,1005,1100,2122,1195,3288,1705,4649,2130,3290,1339,1199,5695,7020,2037,4034,244,217,311,527,341,958,433,1505,602,947,357,305,2793,3499,1739,3365,24398,17177,2807,962,15313,4,0
2021-03-31T23:59:59+02:00,708,1004,1097,2118,1190,3280,1693,4643,2111,3277,1314,1164,5667,6965,1997,3941,243,217,311,526,340,958,433,1504,601,945,354,303,2789,3498,1738,3364,24080,17166,2793,954,15296,4,0
2021-03-30T23:59:59+02:00,705,996,1092,2113,1184,3275,1684,4629,2101,3263,1262,1117,5585,6823,1957,3806,243,216,311,525,337,954,428,1502,595,934,340,292,2662,3312,1644,3173,23553,16551,2771,913,15268,4,0
2021-03-29T23:59:59+02:00,703,994,1087,2105,1175,3268,1677,4615,2087,3251,1225,1082,5522,6722,1907,3689,243,215,310,524,334,952,425,1498,592,929,331,285,2381,2969,1479,2876,23109,15428,2748,911,15252,4,0
2021-03-28T23:59:59+02:00,703,990,1085,2100,1171,3260,1674,4606,2084,3247,1209,1070,5512,6701,1897,3659,241,215,308,520,328,950,423,1490,588,915,326,276,2376,2957,1478,2874,23003,15402,2730,859,15235,4,0
2021-03-27T23:59:59+01:00,644,918,1008,2027,1085,3145,1552,4492,1990,3170,1141,997,4917,5979,1897,3659,239,214,308,520,328,950,418,1487,586,913,326,276,2375,2956,1478,2874,22988,15386,2726,859,12907,3,0
2021-03-26T23:59:59+01:00,639,911,1002,2018,1084,3140,1541,4484,1970,3162,1096,967,4893,5946,1896,3655,238,211,307,518,326,949,416,1486,582,906,316,271,1868,2262,1170,2314,22795,13284,2717,853,12892,3,0
2021-03-25T23:59:59+01:00,636,905,989,2006,1082,3135,1534,4473,1957,3152,1086,956,4886,5942,1896,3654,237,208,306,517,324,942,413,1481,578,896,311,267,1765,2128,1142,2255,22749,12937,2708,830,12832,3,0
2021-03-24T23:59:59+01:00,634,900,975,1991,1071,3123,1505,4457,1948,3142,1052,925,4861,5911,1891,3649,237,208,305,515,321,938,409,1474,569,880,296,256,1403,1695,1023,2041,22612,11799,2683,768,12740,3,0
2021-03-23T23:59:59+01:00,631,891,971,1981,1065,3112,1500,4444,1938,3138,1040,915,4843,5895,1891,3647,236,208,303,513,314,935,408,1474,564,876,289,249,1135,1393,940,1902,22539,10989,2674,747,12689,3,0
2021-03-22T23:59:59+01:00,630,880,968,1973,1061,3102,1492,4431,1927,3131,1037,912,4838,5894,1891,3647,234,208,302,511,313,934,405,1471,561,872,285,245,1133,1390,940,1900,22518,10973,2662,728,12634,3,0
2021-03-21T23:59:59+01:00,628,874,965,1967,1059,3096,1487,4421,1920,3124,1034,911,4838,5893,1891,3647,234,208,302,509,312,930,405,1466,554,870,276,241,1128,1385,940,1900,22516,10972,2649,685,12590,3,0
2021-03-20T23:59:59+01:00,623,863,959,1953,1044,3081,1460,4402,1883,3093,924,811,4289,5271,1847,3567,234,208,302,509,312,930,405,1466,554,870,276,241,1128,1385,939,1899,20851,10970,2649,685,12570,3,0
2021-03-19T23:59:59+01:00,613,853,939,1923,1021,3066,1424,4379,1856,3057,796,720,3650,4445,1806,3491,231,208,301,509,311,927,403,1464,549,864,274,240,1107,1365,916,1866,18870,10949,2638,583,12531,3,0
2021-03-18T23:59:59+01:00,598,833,923,1904,998,3040,1388,4336,1811,3009,671,629,3163,3936,1786,3464,226,206,297,504,309,919,400,1458,547,859,270,235,989,1244,821,1701,18795,10573,1240,409,12454,3,0
2021-03-17T23:59:59+01:00,596,821,912,1884,987,3024,1365,4314,1793,2993,642,605,3078,3846,1781,3459,224,205,295,502,306,918,393,1453,544,854,267,231,695,913,571,1314,18491,9652,1202,33,12407,0,0
2021-03-16T23:59:59+01:00,593,806,899,1868,971,3010,1347,4300,1766,2978,617,591,3030,3772,1780,3455,224,205,294,502,306,917,390,1451,540,849,262,227,423,643,408,1039,18286,8653,1163,27,12334,0,0
2021-03-15T23:59:59+01:00,593,792,895,1852,963,2989,1341,4295,1756,2967,611,589,3029,3771,1780,3455,223,205,293,501,305,917,389,1450,538,849,262,227,423,642,407,1039,18273,8646,1141,24,12264,0,0
2021-03-14T23:59:59+01:00,592,786,888,1839,957,2985,1331,4281,1744,2957,608,585,3024,3768,1780,3455,223,205,292,501,304,915,387,1448,538,849,262,227,423,642,407,1039,18269,8644,1114,18,12197,0,0
2021-03-13T23:59:59+01:00,566,713,780,1574,831,2592,1125,3717,1470,2572,542,501,2926,3654,1779,3454,223,205,292,501,304,915,387,1448,538,849,262,227,423,642,407,1039,18265,8644,1114,18,9417,0,0
2021-03-12T23:59:59+01:00,547,607,713,1304,736,2166,945,3018,1174,1975,468,427,2889,3614,1779,3454,223,204,292,501,304,913,386,1447,538,849,262,226,399,611,368,985,18243,8490,1113,18,6460,0,0
2021-03-11T23:59:59+01:00,522,565,680,1234,688,2056,887,2865,1076,1868,436,384,2877,3606,1778,3454,223,204,291,499,303,912,386,1445,537,849,262,225,380,588,326,947,18059,8362,1065,15,5852,0,0
2021-03-10T23:59:59+01:00,507,552,641,1197,649,2025,847,2826,1041,1842,419,371,2864,3588,1777,3450,218,201,288,492,303,912,381,1437,532,843,258,219,212,447,144,723,17782,7601,1045,9,5769,0,0
2021-03-09T23:59:59+01:00,487,534,612,1169,630,2005,825,2798,1021,1819,400,354,2745,3412,1680,3253,218,201,286,490,302,911,380,1434,532,840,256,218,212,446,144,723,17023,7593,1030,0,5691,0,0
2021-03-08T23:59:59+01:00,472,507,592,1141,611,1985,809,2777,1002,1790,376,327,2457,3059,1512,2955,218,200,286,488,301,906,380,1429,532,838,255,216,212,445,144,723,15779,7573,1002,0,5591,0,0
2021-03-07T23:59:59+01:00,470,502,584,1126,601,1978,806,2763,998,1783,375,325,2452,3051,1511,2954,218,200,286,487,301,904,380,1426,532,838,255,216,212,445,144,723,15753,7567,993,0,5533,0,0
2021-03-06T23:59:59+01:00,470,497,580,1115,598,1977,800,2754,993,1778,375,325,2452,3051,1511,2954,218,200,286,487,301,904,380,1426,532,837,254,216,212,445,144,723,15745,7565,993,0,5492,0,0
2021-03-05T23:59:59+01:00,464,480,573,1102,593,1970,795,2746,986,1770,360,316,1913,2322,1196,2361,215,195,282,487,298,903,378,1423,530,833,254,216,212,445,144,723,13510,7538,993,0,5444,0,0
2021-03-04T23:59:59+01:00,453,448,545,1071,574,1908,769,2691,965,1729,356,311,1810,2190,1167,2302,204,188,274,478,297,896,376,1409,528,830,253,216,212,445,144,723,13157,7473,987,0,5145,0,0
2021-03-03T23:59:59+01:00,450,438,535,1041,557,1872,745,2643,949,1698,348,306,1450,1756,1045,2083,203,187,273,477,296,895,372,1401,527,824,251,214,211,442,142,720,11999,7435,978,0,4939,0,0
2021-03-02T23:59:59+01:00,446,429,528,1011,543,1850,736,2620,939,1681,339,296,1171,1449,959,1943,203,185,272,465,293,890,372,1391,527,819,251,214,211,442,142,720,11176,7397,943,0,4821,0,0
2021-03-01T23:59:59+01:00,444,421,518,984,524,1824,724,2592,932,1666,335,291,1169,1443,959,1940,202,182,272,456,290,879,370,1376,525,815,249,212,210,441,142,720,11158,7341,907,0,4701,0,0
2021-02-28T23:59:59+01:00,441,417,514,975,520,1813,721,2582,926,1652,332,287,1169,1441,959,1940,201,181,272,456,290,878,370,1376,524,815,249,212,210,441,142,720,11158,7337,880,0,4651,0,0
2021-02-27T23:59:59+01:00,440,413,509,969,518,1808,718,2573,923,1650,331,286,1169,1441,958,1940,201,181,272,456,290,878,369,1376,524,815,249,212,210,441,142,720,11157,7336,880,0,4609,0,0
2021-02-26T23:59:59+01:00,390,359,432,785,446,1468,580,2145,752,1350,320,276,1169,1438,958,1940,201,179,272,453,288,867,367,1371,522,812,249,212,210,441,142,720,11146,7306,869,0,2793,0,0
2021-02-25T23:59:59+01:00,370,348,420,762,434,1432,566,2101,735,1316,311,269,1076,1338,896,1828,147,166,255,447,279,855,357,1357,517,808,249,210,210,441,142,720,10744,7160,839,0,2619,0,0
2021-02-24T23:59:59+01:00,365,340,414,745,428,1394,549,2048,713,1281,303,258,844,1079,735,1551,147,160,254,441,275,846,356,1343,510,802,246,208,209,440,141,718,9805,7096,797,0,2445,0,0
2021-02-23T23:59:59+01:00,362,327,406,730,419,1373,539,2011,696,1265,291,249,565,796,569,1281,147,159,253,439,273,839,356,1334,509,798,245,207,208,440,139,717,8798,7063,753,0,2328,0,0
2021-02-22T23:59:59+01:00,362,324,405,723,418,1366,534,2002,692,1261,291,246,564,794,569,1280,147,153,248,429,270,821,353,1310,504,792,242,206,208,440,139,717,8793,6979,741,0,2297,0,0
2021-02-21T23:59:59+01:00,359,323,402,718,416,1359,532,1992,685,1258,282,242,559,789,568,1280,147,152,247,429,269,819,350,1307,497,789,241,205,207,439,138,708,8789,6944,700,0,2275,0,0
2021-02-20T23:59:59+01:00,359,320,402,716,416,1350,531,1983,683,1255,282,242,559,789,568,1280,147,152,247,429,269,819,349,1307,497,789,241,205,207,439,138,708,8789,6943,700,0,2246,0,0
2021-02-19T23:59:59+01:00,312,289,369,632,380,1179,470,1763,608,1087,280,238,514,736,506,1189,147,152,247,429,268,819,349,1307,497,789,241,205,207,439,138,708,8628,6942,594,0,1330,0,0
2021-02-18T23:59:59+01:00,310,283,361,621,368,1160,457,1747,600,1081,280,236,445,667,414,1080,144,148,242,424,262,813,346,1298,494,788,239,204,207,439,138,708,8447,6894,417,0,1246,0,0
2021-02-17T23:59:59+01:00,303,277,350,608,359,1150,436,1730,593,1072,275,229,216,459,148,739,135,133,239,420,257,795,340,1282,488,781,235,202,206,439,138,708,7721,6798,31,0,1192,0,0
2021-02-16T23:59:59+01:00,299,275,340,605,350,1141,428,1717,589,1066,272,226,215,458,148,739,101,117,221,395,246,767,324,1241,456,745,215,187,198,424,137,701,7713,6475,27,0,1128,0,0
2021-02-15T23:59:59+01:00,297,274,338,601,348,1133,427,1707,585,1061,272,226,215,457,147,739,100,115,217,384,237,753,315,1212,439,724,204,180,186,395,130,652,7705,6243,24,0,1098,0,0
2021-02-14T23:59:59+01:00,295,270,333,600,344,1124,423,1701,583,1058,272,226,215,457,147,739,96,114,210,378,234,745,309,1196,436,714,203,177,186,384,130,643,7696,6155,19,0,1072,0,0
2021-02-13T23:59:59+01:00,295,270,333,600,344,1124,422,1701,583,1057,271,226,215,457,147,739,96,114,210,378,234,745,309,1196,436,714,203,177,186,384,130,643,7694,6155,19,0,1071,0,0
2021-02-12T23:59:59+01:00,224,205,294,509,313,928,391,1458,547,854,264,223,215,457,147,739,93,113,207,377,231,742,303,1191,433,710,201,176,186,384,130,643,7682,6120,19,0,67,0,0
2021-02-11T23:59:59+01:00,221,203,289,497,307,913,385,1440,539,847,264,223,215,457,147,739,92,107,194,347,220,703,283,1133,418,672,200,173,186,379,130,640,7642,5877,16,0,28,0,0
2021-02-10T23:59:59+01:00,218,196,285,492,303,910,378,1429,537,839,262,221,213,455,147,738,85,100,179,317,207,642,267,1046,395,628,190,158,171,347,118,597,7600,5447,10,0,13,0,0
2021-02-09T23:59:59+01:00,211,189,283,481,302,903,378,1417,535,832,259,220,213,454,147,738,74,80,140,251,175,536,233,842,336,514,173,130,151,311,109,531,7554,4586,2,0,6,0,0
2021-02-08T23:59:59+01:00,206,182,280,470,298,891,374,1399,530,826,255,216,212,452,145,735,42,59,100,157,127,289,168,459,241,341,151,106,122,258,88,434,7463,3142,2,0,6,0,0
2021-02-07T23:59:59+01:00,204,180,277,469,297,889,373,1397,529,826,254,215,212,452,145,735,24,49,83,136,122,268,157,426,226,315,143,101,114,246,83,401,7453,2894,1,0,0,0,0
2021-02-06T23:59:59+01:00,204,180,277,469,297,889,373,1397,529,826,254,215,212,452,145,735,24,46,80,133,111,254,148,408,193,292,130,101,113,241,82,390,7453,2746,1,0,0,0,0
2021-02-05T23:59:59+01:00,204,178,277,466,296,875,370,1392,526,823,254,214,212,452,145,734,23,41,76,125,105,240,141,382,181,274,123,97,110,235,75,374,7417,2602,1,0,0,0,0
2021-02-04T23:59:59+01:00,195,173,277,462,290,864,367,1380,517,817,253,212,211,451,145,732,14,26,51,85,81,183,116,292,152,226,110,89,101,217,67,335,7346,2145,0,0,0,0,0
2021-02-03T23:59:59+01:00,177,167,270,456,286,860,365,1369,517,816,252,212,211,451,145,731,14,24,44,71,74,148,92,265,133,190,89,75,87,185,61,294,7285,1846,0,0,0,0,0
2021-02-02T23:59:59+01:00,154,161,260,453,282,852,361,1359,516,813,251,212,210,451,144,730,13,21,35,65,63,126,75,217,105,144,59,55,62,119,40,190,7209,1389,0,0,0,0,0
2021-02-01T23:59:59+01:00,149,154,254,439,279,834,360,1334,510,803,247,210,210,451,144,730,7,14,17,35,38,72,43,108,58,62,24,29,28,48,22,98,7108,703,0,0,0,0,0
2021-01-31T23:59:59+01:00,148,152,251,437,278,830,358,1329,506,801,247,208,209,450,144,730,5,9,14,22,31,52,29,59,37,38,12,9,13,29,17,59,7078,435,0,0,0,0,0
2021-01-30T23:59:59+01:00,148,152,251,437,278,828,357,1329,506,801,247,208,209,450,144,730,5,9,12,18,28,46,24,50,34,37,12,9,13,29,17,59,7075,402,0,0,0,0,0
2021-01-29T23:59:59+01:00,148,152,251,437,277,828,357,1329,506,801,247,208,209,450,144,730,4,8,8,17,26,37,19,42,30,34,12,9,12,27,17,59,7074,361,0,0,0,0,0
2021-01-28T23:59:59+01:00,146,149,247,429,272,824,355,1321,502,800,247,208,209,450,144,730,1,3,2,7,15,15,11,20,12,18,8,5,6,15,4,23,7033,165,0,0,0,0,0
2021-01-27T23:59:59+01:00,137,139,246,424,268,815,351,1313,496,795,242,206,208,449,144,730,0,0,1,3,11,11,8,15,10,13,7,5,6,15,4,23,6963,132,0,0,0,0,0
2021-01-26T23:59:59+01:00,105,123,230,411,260,787,339,1276,471,764,222,194,200,435,144,722,0,0,1,3,11,11,8,15,10,13,7,5,6,15,4,23,6683,132,0,0,0,0,0
2021-01-25T23:59:59+01:00,102,116,227,391,245,767,327,1241,450,743,209,185,190,409,139,674,0,0,1,3,11,8,7,9,7,9,7,5,6,15,4,23,6415,115,0,0,0,0,0
2021-01-24T23:59:59+01:00,102,115,223,385,244,763,324,1225,448,732,208,182,190,398,139,664,0,0,1,3,11,8,7,9,7,9,7,5,6,15,4,23,6342,115,0,0,0,0,0
2021-01-23T23:59:59+01:00,102,115,223,385,244,763,324,1225,448,732,208,182,190,398,139,664,0,0,1,3,11,8,7,9,7,9,7,5,6,15,4,23,6342,115,0,0,0,0,0
2021-01-22T23:59:59+01:00,102,114,221,383,244,760,320,1221,444,728,206,181,190,398,139,664,0,0,1,3,11,8,7,9,7,9,7,5,6,15,4,23,6315,115,0,0,0,0,0
2021-01-21T23:59:59+01:00,102,108,205,351,234,720,296,1164,431,703,205,177,189,392,138,661,0,0,1,1,9,7,6,7,6,8,7,5,6,15,4,23,6076,105,0,0,0,0,0
2021-01-20T23:59:59+01:00,94,102,192,326,221,653,282,1068,404,654,195,165,173,360,127,618,0,0,1,1,9,7,6,7,6,8,7,5,6,15,4,23,5634,105,0,0,0,0,0
2021-01-19T23:59:59+01:00,84,88,154,277,199,589,258,934,361,558,179,137,153,317,114,543,0,0,1,1,3,7,5,6,4,6,6,4,6,15,4,23,4945,91,0,0,0,0,0
2021-01-18T23:59:59+01:00,71,78,130,230,179,478,226,775,324,478,164,119,129,268,94,461,0,0,0,1,2,3,2,1,2,5,5,4,6,15,4,21,4204,71,0,0,0,0,0
2021-01-17T23:59:59+01:00,45,60,107,201,166,413,208,683,297,425,154,111,117,250,80,405,0,0,0,0,2,3,1,1,2,4,5,4,6,15,4,21,3722,68,0,0,0,0,0
2021-01-16T23:59:59+01:00,38,57,106,198,154,397,196,660,264,402,141,111,116,245,79,394,0,0,0,0,0,0,0,0,0,0,0,0,0,0,0,0,3558,0,0,0,0,0,0
2021-01-15T23:59:59+01:00,36,53,102,190,143,383,189,630,249,382,134,103,112,238,72,378,0,0,0,0,0,0,0,0,0,0,0,0,0,0,0,0,3394,0,0,0,0,0,0
2021-01-14T23:59:59+01:00,13,30,52,83,84,177,118,292,149,224,116,91,100,219,63,339,0,0,0,0,0,0,0,0,0,0,0,0,0,0,0,0,2150,0,0,0,0,0,0
2021-01-13T23:59:59+01:00,12,26,41,69,77,142,95,266,123,189,86,72,79,176,52,270,0,0,0,0,0,0,0,0,0,0,0,0,0,0,0,0,1775,0,0,0,0,0,0
2021-01-12T23:59:59+01:00,12,21,37,63,65,118,78,213,96,138,54,49,52,103,28,157,0,0,0,0,0,0,0,0,0,0,0,0,0,0,0,0,1284,0,0,0,0,0,0
2021-01-11T23:59:59+01:00,5,16,25,43,43,84,52,131,57,67,24,26,23,39,13,69,0,0,0,0,0,0,0,0,0,0,0,0,0,0,0,0,717,0,0,0,0,0,0
2021-01-10T23:59:59+01:00,2,10,21,27,36,60,33,80,35,39,9,6,7,19,8,29,0,0,0,0,0,0,0,0,0,0,0,0,0,0,0,0,421,0,0,0,0,0,0
2021-01-09T23:59:59+01:00,2,9,19,24,34,56,29,70,33,38,9,6,7,19,8,29,0,0,0,0,0,0,0,0,0,0,0,0,0,0,0,0,392,0,0,0,0,0,0
2021-01-08T23:59:59+01:00,1,8,17,22,31,47,23,59,29,36,8,6,6,17,8,29,0,0,0,0,0,0,0,0,0,0,0,0,0,0,0,0,347,0,0,0,0,0,0
2021-01-07T23:59:59+01:00,1,3,2,8,16,15,12,20,13,18,8,6,6,16,6,24,0,0,0,0,0,0,0,0,0,0,0,0,0,0,0,0,174,0,0,0,0,0,0
2021-01-06T23:59:59+01:00,1,0,2,3,14,12,8,15,11,13,8,6,6,16,6,24,0,0,0,0,0,0,0,0,0,0,0,0,0,0,0,0,145,0,0,0,0,0,0
2021-01-05T23:59:59+01:00,0,0,1,3,12,11,8,15,10,13,7,6,6,16,6,24,0,0,0,0,0,0,0,0,0,0,0,0,0,0,0,0,138,0,0,0,0,0,0
2021-01-04T23:59:59+01:00,0,0,1,3,12,10,7,11,8,11,7,6,6,16,6,24,0,0,0,0,0,0,0,0,0,0,0,0,0,0,0,0,128,0,0,0,0,0,0
2021-01-03T23:59:59+01:00,0,0,1,3,11,8,7,9,7,9,7,6,6,16,6,24,0,0,0,0,0,0,0,0,0,0,0,0,0,0,0,0,120,0,0,0,0,0,0
2021-01-02T23:59:59+01:00,0,0,1,3,11,8,7,9,7,9,7,6,6,16,6,24,0,0,0,0,0,0,0,0,0,0,0,0,0,0,0,0,120,0,0,0,0,0,0
2021-01-01T23:59:59+01:00,0,0,1,3,11,8,7,9,7,9,7,6,6,16,6,24,0,0,0,0,0,0,0,0,0,0,0,0,0,0,0,0,120,0,0,0,0,0,0
2020-12-31T23:59:59+01:00,0,0,1,3,11,8,7,9,7,9,7,6,6,16,6,24,0,0,0,0,0,0,0,0,0,0,0,0,0,0,0,0,120,0,0,0,0,0,0
2020-12-30T23:59:59+01:00,0,0,1,3,11,8,7,9,7,9,7,6,6,16,6,24,0,0,0,0,0,0,0,0,0,0,0,0,0,0,0,0,120,0,0,0,0,0,0
2020-12-29T23:59:59+01:00,0,0,1,3,8,8,6,9,6,7,7,6,6,16,6,24,0,0,0,0,0,0,0,0,0,0,0,0,0,0,0,0,113,0,0,0,0,0,0
2020-12-28T23:59:59+01:00,0,0,1,1,5,5,6,2,4,6,7,6,6,16,6,24,0,0,0,0,0,0,0,0,0,0,0,0,0,0,0,0,95,0,0,0,0,0,0
2020-12-27T23:59:59+01:00,0,0,0,0,2,3,1,1,2,4,5,5,6,15,6,24,0,0,0,0,0,0,0,0,0,0,0,0,0,0,0,0,74,0,0,0,0,0,0
