Datum,<15_1_m,<15_1_w,15-24_1_m,15-24_1_w,25-34_1_m,25-34_1_w,35-44_1_m,35-44_1_w,45-54_1_m,45-54_1_w,55-64_1_m,55-64_1_w,65-74_1_m,65-74_1_w,75-84_1_m,75-84_1_w,>84_1_m,>84_1_w,<15_2_m,<15_2_w,15-24_2_m,15-24_2_w,25-34_2_m,25-34_2_w,35-44_2_m,35-44_2_w,45-54_2_m,45-54_2_w,55-64_2_m,55-64_2_w,65-74_2_m,65-74_2_w,75-84_2_m,75-84_2_w,>84_2_m,>84_2_w,bp_1,bp_2,mo_1,mo_2,az_1,az_2,ja,unb_1,unb_2
2021-12-06T23:59:59+01:00,3419,3256,11403,10560,12249,11649,14780,15183,18609,18953,21632,21518,16770,17509,9307,11402,3024,5840,2128,2082,10400,9746,11424,10668,13923,14278,17802,18147,20968,20807,16422,17112,9120,11122,2924,5638,165671,154916,21065,20214,27948,27186,12380,16,15
2021-12-05T23:59:59+01:00,3388,3235,11399,10552,12246,11640,14778,15172,18600,18940,21622,21506,16766,17502,9307,11395,3021,5830,2122,2078,10388,9735,11412,10655,13915,14269,17790,18131,20962,20800,16418,17110,9119,11119,2924,5635,165520,154790,21055,20212,27948,27186,12379,14,15
2021-12-04T23:59:59+01:00,3373,3229,11391,10547,12239,11629,14773,15169,18592,18933,21614,21498,16764,17496,9307,11395,3020,5828,2110,2070,10375,9716,11396,10639,13894,14254,17777,18119,20959,20792,16415,17107,9117,11119,2924,5635,165431,154645,21042,20193,27948,27186,12379,14,15
2021-12-03T23:59:59+01:00,3298,3160,11373,10530,12223,11607,14761,15154,18578,18912,21595,21477,16755,17487,9304,11381,3018,5823,2085,2047,10341,9690,11375,10609,13871,14234,17753,18087,20934,20777,16412,17093,9113,11113,2924,5635,165090,154329,21022,20184,27948,27186,12379,14,15
2021-12-02T23:59:59+01:00,3258,3117,11365,10523,12209,11589,14754,15146,18572,18905,21585,21466,16748,17480,9302,11376,3016,5817,2066,2027,10308,9655,11351,10579,13849,14202,17721,18067,20918,20769,16409,17092,9111,11108,2922,5634,164896,154038,21008,20170,27948,27186,12379,14,15
2021-12-01T23:59:59+01:00,3186,3062,11349,10506,12198,11559,14735,15118,18554,18887,21563,21448,16736,17469,9293,11360,3014,5813,2031,2000,10269,9626,11319,10545,13824,14175,17689,18042,20890,20754,16397,17086,9108,11102,2919,5631,164537,153665,20990,20163,27948,27186,12378,14,15
2021-11-30T23:59:59+01:00,3138,3014,11335,10497,12188,11541,14723,15106,18547,18876,21546,21433,16725,17460,9291,11351,3010,5809,2013,1982,10253,9616,11294,10526,13807,14153,17674,18027,20875,20738,16390,17080,9107,11092,2917,5626,164326,153438,20942,20154,27948,27186,12377,14,15
2021-11-29T23:59:59+01:00,2808,2720,11323,10488,12180,11525,14714,15099,18538,18859,21540,21422,16721,17450,9288,11342,3008,5799,2001,1962,10236,9597,11265,10514,13789,14139,17648,18001,20859,20724,16381,17074,9105,11088,2917,5624,163570,153197,20934,20151,27948,27186,12375,14,15
2021-11-28T23:59:59+01:00,2769,2688,11320,10481,12172,11519,14710,15093,18532,18849,21534,21414,16719,17446,9287,11338,3008,5797,1994,1959,10227,9594,11249,10507,13781,14131,17640,17997,20856,20716,16379,17072,9104,11087,2917,5624,163434,153112,20922,20146,27948,27186,12375,14,15
2021-11-27T23:59:59+01:00,2743,2669,11316,10475,12162,11510,14699,15082,18528,18841,21531,21408,16718,17440,9283,11337,3006,5796,1990,1954,10212,9577,11224,10492,13759,14120,17618,17974,20844,20711,16379,17072,9104,11086,2916,5624,163328,152953,20896,20127,27948,27186,12375,14,15
2021-11-26T23:59:59+01:00,2706,2633,11301,10453,12148,11490,14690,15059,18516,18824,21512,21395,16707,17431,9281,11337,3005,5793,1974,1941,10195,9562,11199,10475,13737,14097,17596,17955,20828,20690,16373,17066,9103,11086,2916,5623,163070,152722,20891,20118,27948,27186,12375,14,15
2021-11-25T23:59:59+01:00,2654,2592,11280,10434,12133,11475,14678,15042,18500,18802,21491,21380,16697,17424,9279,11329,3003,5789,1963,1924,10163,9543,11175,10457,13716,14074,17572,17930,20808,20672,16372,17063,9100,11085,2916,5622,162780,152463,20882,20116,27948,27186,12375,14,15
2021-11-24T23:59:59+01:00,2620,2545,11257,10406,12120,11442,14658,15026,18486,18772,21473,21366,16684,17406,9274,11316,3003,5784,1955,1909,10139,9524,11143,10434,13690,14059,17550,17912,20787,20656,16364,17052,9097,11079,2915,5620,162446,152206,20874,20105,27948,27186,12373,14,15
2021-11-23T23:59:59+01:00,2581,2504,11240,10391,12105,11425,14633,15011,18467,18757,21459,21348,16674,17396,9269,11308,3001,5781,1943,1900,10130,9510,11122,10417,13671,14042,17539,17887,20772,20645,16360,17046,9096,11076,2914,5616,162194,152019,20839,20094,27948,27186,12372,14,15
2021-11-22T23:59:59+01:00,2551,2479,11220,10380,12085,11402,14607,14989,18455,18745,21446,21334,16667,17386,9264,11301,2999,5775,1937,1896,10121,9502,11113,10403,13658,14032,17533,17878,20762,20638,16357,17043,9094,11073,2914,5615,161938,151911,20831,20087,27948,27185,12371,14,15
2021-11-21T23:59:59+01:00,2531,2458,11217,10376,12077,11386,14602,14977,18447,18737,21434,21322,16663,17382,9264,11296,2997,5771,1937,1892,10115,9496,11101,10396,13655,14027,17521,17871,20758,20633,16354,17039,9093,11071,2913,5613,161793,151829,20828,20085,27948,27185,12371,14,15
2021-11-20T23:59:59+01:00,2517,2442,11187,10364,12047,11359,14566,14947,18419,18712,21416,21303,16654,17374,9263,11295,2997,5770,1935,1889,10088,9480,11073,10374,13634,14009,17490,17853,20742,20620,16349,17031,9092,11069,2912,5612,161541,151604,20776,20078,27948,27185,12370,14,15
2021-11-19T23:59:59+01:00,2473,2397,11116,10293,11997,11302,14510,14886,18374,18669,21384,21276,16640,17353,9256,11290,2996,5768,1919,1869,10043,9452,11042,10338,13588,13970,17457,17825,20711,20590,16338,17024,9088,11062,2912,5608,160893,151195,20772,20071,27948,27185,12370,14,15
2021-11-18T23:59:59+01:00,2427,2366,11072,10255,11951,11260,14473,14835,18342,18637,21365,21267,16635,17345,9251,11285,2996,5767,1913,1853,10015,9438,11020,10320,13567,13948,17440,17810,20698,20576,16335,17020,9084,11059,2911,5607,160458,150977,20758,20069,27948,27185,12368,14,15
2021-11-17T23:59:59+01:00,2380,2325,11006,10212,11902,11215,14436,14783,18309,18599,21327,21236,16626,17324,9246,11277,2992,5759,1903,1838,9997,9416,11000,10295,13537,13924,17418,17781,20678,20555,16316,17002,9079,11053,2909,5605,159889,150675,20754,20065,27948,27185,12366,14,15
2021-11-16T23:59:59+01:00,2368,2304,10978,10188,11874,11179,14406,14760,18280,18570,21308,21209,16616,17314,9241,11267,2991,5757,1897,1835,9986,9406,10990,10278,13525,13912,17411,17771,20667,20547,16307,16997,9074,11048,2909,5604,159666,150560,20637,20042,27948,27185,12362,14,15
2021-11-15T23:59:59+01:00,2340,2284,10941,10158,11845,11144,14386,14724,18251,18539,21295,21189,16607,17309,9241,11262,2989,5750,1891,1819,9945,9384,10970,10259,13511,13888,17392,17753,20649,20535,16300,16988,9072,11044,2908,5602,159327,150313,20625,20040,27948,27185,12357,14,15
2021-11-14T23:59:59+01:00,2336,2279,10922,10144,11823,11131,14366,14712,18238,18526,21287,21178,16604,17305,9239,11261,2987,5750,1888,1815,9940,9375,10961,10251,13504,13882,17384,17749,20646,20532,16296,16988,9068,11041,2907,5601,159182,150240,20609,20036,27948,27185,12352,14,15
2021-11-13T23:59:59+01:00,2333,2278,10915,10138,11815,11127,14360,14710,18235,18518,21283,21176,16604,17304,9238,11261,2987,5750,1888,1815,9934,9372,10960,10250,13503,13881,17383,17745,20644,20530,16294,16986,9068,11040,2907,5601,159138,150221,20603,20034,27948,27185,12346,14,15
2021-11-12T23:59:59+01:00,2323,2276,10893,10113,11805,11111,14343,14705,18226,18509,21280,21170,16599,17303,9238,11261,2986,5750,1884,1814,9927,9369,10953,10244,13499,13878,17381,17741,20638,20526,16293,16986,9068,11040,2907,5601,159001,150175,20602,20032,27948,27185,12342,14,15
2021-11-11T23:59:59+01:00,2312,2260,10842,10077,11772,11080,14306,14674,18199,18488,21266,21154,16597,17302,9237,11255,2985,5750,1881,1806,9903,9349,10936,10234,13482,13870,17375,17728,20626,20516,16293,16984,9068,11039,2907,5600,158697,150055,20578,20006,27947,27185,12336,14,15
2021-11-10T23:59:59+01:00,2294,2247,10804,10042,11734,11048,14273,14642,18170,18468,21257,21143,16593,17298,9235,11249,2984,5749,1871,1792,9882,9333,10921,10213,13463,13856,17360,17713,20619,20510,16292,16979,9066,11036,2907,5599,158389,149914,20568,19973,27947,27182,12328,14,15
2021-11-09T23:59:59+01:00,2266,2214,10780,10022,11714,11016,14258,14626,18152,18453,21246,21131,16583,17289,9233,11245,2984,5745,1865,1787,9866,9321,10909,10198,13455,13845,17353,17701,20609,20500,16286,16970,9064,11034,2905,5597,158140,149814,20546,19928,27947,27182,12326,14,15
2021-11-08T23:59:59+01:00,2243,2183,10741,9974,11674,10977,14233,14604,18126,18441,21229,21117,16579,17283,9230,11241,2984,5742,1859,1781,9835,9301,10892,10176,13445,13833,17346,17687,20595,20488,16281,16961,9061,11030,2903,5596,157797,149679,20539,19875,27947,27181,12320,14,15
2021-11-07T23:59:59+01:00,2215,2163,10707,9960,11652,10958,14213,14593,18109,18429,21223,21109,16576,17281,9228,11237,2984,5740,1856,1775,9821,9295,10881,10167,13434,13822,17334,17671,20583,20481,16275,16956,9059,11026,2903,5596,157594,149614,20527,19815,27947,27180,12311,14,15
2021-11-06T23:59:59+01:00,2180,2131,10644,9906,11596,10888,14151,14544,18061,18396,21202,21084,16569,17272,9225,11234,2983,5739,1854,1773,9813,9289,10876,10163,13427,13817,17329,17665,20578,20479,16274,16953,9057,11026,2903,5595,157027,149554,20526,19815,27947,27180,12307,14,15
2021-11-05T23:59:59+01:00,2140,2092,10582,9851,11531,10837,14096,14484,18006,18343,21170,21057,16562,17260,9222,11230,2982,5739,1845,1759,9795,9275,10866,10151,13411,13806,17315,17651,20568,20469,16268,16945,9055,11022,2903,5595,156411,149388,20526,19814,27947,27180,12302,14,15
2021-11-04T23:59:59+01:00,2109,2053,10557,9833,11514,10823,14077,14467,17998,18332,21163,21049,16559,17257,9220,11228,2982,5738,1832,1744,9780,9251,10849,10129,13392,13787,17304,17632,20554,20452,16264,16939,9050,11014,2898,5588,156200,149160,20519,19809,27947,27180,12295,14,15
2021-11-03T23:59:59+01:00,2082,2030,10514,9799,11474,10784,14038,14443,17972,18306,21142,21029,16552,17252,9217,11226,2980,5735,1822,1732,9758,9236,10834,10116,13374,13766,17294,17618,20542,20443,16258,16932,9046,11012,2895,5582,155831,148968,20511,19809,27947,27180,12288,14,15
2021-11-02T23:59:59+01:00,2062,2015,10500,9787,11459,10767,14024,14431,17958,18295,21130,21018,16552,17249,9217,11221,2980,5733,1811,1718,9736,9216,10819,10098,13362,13751,17285,17607,20535,20436,16251,16925,9043,11009,2892,5578,155660,148788,20511,19807,27947,27180,12282,14,15
2021-11-01T23:59:59+01:00,2053,2003,10489,9766,11436,10753,14005,14423,17946,18285,21124,21014,16549,17248,9217,11221,2980,5732,1796,1699,9714,9195,10800,10082,13346,13733,17276,17601,20526,20427,16246,16919,9040,11007,2892,5575,155518,148604,20505,19799,27947,27180,12276,14,15
2021-10-31T23:59:59+01:00,2053,2003,10488,9765,11435,10752,14004,14422,17946,18285,21123,21014,16549,17247,9217,11220,2980,5732,1793,1697,9713,9195,10800,10081,13346,13733,17275,17600,20525,20427,16244,16917,9039,11006,2892,5575,155509,148588,20505,19799,27947,27180,12276,14,15
2021-10-30T23:59:59+02:00,2045,1994,10442,9744,11383,10718,13960,14382,17887,18251,21091,20992,16545,17242,9217,11218,2979,5731,1793,1697,9711,9192,10796,10078,13344,13732,17273,17596,20519,20423,16244,16916,9039,11006,2892,5575,155095,148556,20505,19799,27947,27180,12276,14,15
2021-10-29T23:59:59+02:00,2031,1974,10404,9723,11341,10681,13926,14341,17850,18218,21069,20972,16538,17236,9215,11217,2978,5730,1790,1697,9703,9188,10792,10071,13334,13724,17262,17591,20511,20416,16241,16915,9039,11004,2892,5574,154723,148481,20505,19797,27947,27180,12271,14,15
2021-10-28T23:59:59+02:00,2023,1966,10388,9712,11323,10671,13910,14335,17840,18206,21059,20969,16536,17235,9212,11214,2978,5728,1784,1696,9682,9174,10780,10059,13323,13716,17254,17585,20507,20411,16239,16913,9039,11001,2892,5573,154603,148382,20502,19795,27946,27180,12256,14,15
2021-10-27T23:59:59+02:00,2012,1955,10375,9703,11308,10662,13893,14324,17829,18199,21053,20965,16536,17229,9211,11210,2976,5725,1760,1667,9649,9135,10763,10023,13303,13685,17234,17569,20493,20401,16227,16910,9039,11000,2889,5571,154477,148084,20493,19789,27946,27179,12251,14,15
2021-10-26T23:59:59+02:00,2001,1939,10356,9686,11289,10652,13875,14309,17821,18186,21046,20959,16535,17228,9206,11204,2976,5723,1724,1631,9583,9070,10736,9985,13279,13651,17210,17539,20480,20389,16220,16899,9035,10994,2888,5569,154313,147660,20493,19788,27946,27178,12241,14,15
2021-10-25T23:59:59+02:00,1999,1936,10339,9679,11280,10646,13873,14304,17816,18183,21044,20956,16533,17227,9205,11203,2976,5723,1721,1625,9578,9067,10732,9982,13274,13650,17205,17536,20477,20389,16218,16898,9035,10991,2888,5567,154251,147616,20492,19788,27945,27178,12236,14,15
2021-10-24T23:59:59+02:00,1993,1932,10328,9673,11267,10639,13868,14300,17813,18181,21040,20952,16532,17227,9205,11200,2975,5722,1711,1619,9560,9054,10724,9973,13269,13643,17203,17533,20471,20389,16217,16896,9035,10990,2886,5567,154184,147529,20490,19788,27945,27178,12230,14,15
2021-10-23T23:59:59+02:00,1990,1929,10288,9645,11232,10614,13838,14270,17784,18159,21019,20937,16526,17218,9202,11195,2975,5720,1711,1618,9559,9053,10723,9970,13266,13640,17202,17533,20471,20389,16217,16895,9035,10989,2886,5567,153880,147515,20490,19788,27945,27178,12228,14,15
2021-10-22T23:59:59+02:00,1979,1916,10258,9624,11218,10583,13800,14252,17764,18140,20994,20920,16520,17218,9201,11193,2975,5720,1703,1609,9540,9043,10716,9959,13257,13628,17198,17525,20466,20386,16214,16890,9034,10988,2885,5564,153625,147406,20488,19788,27945,27177,12219,14,15
2021-10-21T23:59:59+02:00,1974,1913,10252,9618,11201,10573,13788,14249,17754,18135,20991,20919,16519,17217,9199,11193,2975,5719,1697,1600,9529,9036,10711,9948,13253,13615,17190,17518,20462,20379,16212,16889,9033,10986,2885,5564,153546,147316,20484,19783,27945,27177,12216,14,15
2021-10-20T23:59:59+02:00,1965,1904,10232,9608,11190,10554,13778,14241,17749,18125,20983,20914,16516,17213,9197,11190,2975,5719,1679,1581,9505,9001,10696,9927,13234,13595,17171,17502,20448,20365,16210,16883,9031,10983,2883,5564,153417,147074,20482,19781,27945,27177,12211,14,15
2021-10-19T23:59:59+02:00,1959,1898,10220,9602,11180,10544,13770,14236,17743,18121,20976,20910,16515,17211,9197,11190,2974,5718,1657,1561,9461,8956,10662,9897,13207,13569,17144,17479,20437,20354,16201,16870,9026,10980,2883,5563,153341,146734,20480,19781,27945,27177,12200,14,15
2021-10-18T23:59:59+02:00,1952,1880,10191,9584,11164,10528,13760,14221,17729,18114,20964,20902,16511,17206,9194,11184,2974,5715,1631,1540,9430,8918,10637,9871,13183,13539,17122,17463,20420,20340,16192,16862,9018,10970,2882,5560,153152,146408,20479,19779,27945,27177,12199,14,15
2021-10-17T23:59:59+02:00,1952,1879,10186,9583,11161,10523,13756,14219,17727,18110,20961,20901,16508,17206,9194,11184,2972,5713,1631,1537,9428,8914,10630,9869,13181,13538,17117,17458,20418,20339,16191,16861,9018,10969,2882,5560,153117,146375,20478,19777,27945,27177,12197,14,15
2021-10-16T23:59:59+02:00,1948,1875,10176,9577,11156,10523,13750,14208,17724,18108,20956,20899,16506,17202,9192,11183,2972,5712,1631,1537,9428,8913,10629,9869,13180,13537,17117,17456,20417,20339,16191,16861,9018,10969,2882,5560,153050,146369,20478,19777,27945,27177,12196,14,15
2021-10-15T23:59:59+02:00,1945,1871,10168,9564,11149,10517,13742,14196,17715,18097,20951,20888,16505,17201,9191,11183,2972,5711,1627,1530,9412,8899,10618,9862,13171,13530,17113,17451,20411,20334,16189,16861,9018,10969,2881,5560,152952,146275,20478,19776,27945,27177,12193,14,15
2021-10-14T23:59:59+02:00,1940,1863,10156,9553,11140,10502,13726,14188,17709,18087,20940,20877,16502,17198,9191,11180,2971,5709,1620,1527,9402,8886,10609,9851,13162,13522,17107,17446,20401,20326,16183,16855,9015,10968,2881,5559,152860,146180,20447,19767,27945,27177,12181,14,15
2021-10-13T23:59:59+02:00,1936,1852,10141,9534,11127,10495,13712,14178,17694,18077,20933,20869,16499,17190,9188,11174,2969,5708,1611,1520,9391,8867,10595,9838,13149,13509,17095,17435,20396,20316,16181,16849,9010,10959,2880,5556,152742,146101,20411,19686,27945,27176,12179,14,15
2021-10-12T23:59:59+02:00,1926,1843,10125,9521,11117,10478,13707,14173,17692,18071,20927,20866,16497,17187,9186,11173,2969,5708,1599,1510,9362,8844,10586,9823,13136,13493,17082,17425,20386,20307,16172,16840,9005,10951,2879,5548,152701,145975,20343,19604,27945,27176,12178,14,15
2021-10-11T23:59:59+02:00,1917,1834,10106,9505,11099,10468,13693,14165,17682,18056,20919,20856,16492,17185,9184,11169,2968,5706,1571,1483,9330,8804,10565,9793,13113,13465,17068,17410,20375,20298,16163,16836,9002,10947,2878,5544,152600,145826,20287,19455,27945,27176,12173,14,15
2021-10-10T23:59:59+02:00,1916,1829,10096,9498,11094,10461,13683,14158,17674,18048,20909,20850,16492,17185,9181,11165,2967,5706,1569,1482,9323,8800,10557,9789,13107,13460,17063,17407,20370,20298,16162,16836,9001,10944,2878,5542,152575,145782,20224,19446,27945,27176,12169,14,15
2021-10-09T23:59:59+02:00,1916,1829,10096,9498,11093,10461,13683,14158,17673,18048,20909,20850,16492,17185,9181,11165,2967,5706,1568,1482,9320,8796,10557,9787,13106,13459,17061,17407,20369,20297,16162,16836,9001,10944,2878,5542,152574,145769,20223,19443,27945,27176,12169,14,15
2021-10-08T23:59:59+02:00,1907,1820,10081,9490,11084,10455,13673,14147,17663,18040,20899,20845,16485,17179,9180,11162,2966,5705,1562,1475,9314,8787,10551,9781,13100,13452,17059,17404,20368,20296,16160,16835,9001,10943,2878,5542,152447,145713,20223,19437,27945,27176,12167,14,15
2021-10-07T23:59:59+02:00,1895,1806,10051,9457,11056,10428,13644,14129,17655,18027,20881,20832,16479,17174,9177,11158,2965,5703,1556,1467,9302,8768,10542,9766,13094,13441,17054,17395,20360,20291,16156,16831,8997,10940,2878,5541,152205,145603,20218,19435,27945,27176,12150,14,15
2021-10-06T23:59:59+02:00,1877,1782,10025,9437,11040,10413,13628,14109,17647,18015,20869,20823,16475,17169,9174,11156,2965,5702,1515,1411,9260,8705,10519,9730,13060,13403,17027,17369,20339,20272,16145,16822,8992,10936,2878,5537,152002,145153,20215,19434,27945,27176,12142,14,15
2021-10-05T23:59:59+02:00,1867,1770,10012,9415,11029,10396,13613,14093,17638,18006,20859,20818,16471,17163,9173,11156,2964,5702,1497,1388,9240,8680,10504,9709,13050,13391,17019,17353,20327,20263,16138,16818,8989,10930,2874,5533,151862,144957,20215,19434,27945,27176,12121,14,15
2021-10-04T23:59:59+02:00,1855,1759,9985,9400,11016,10380,13598,14078,17627,17992,20845,20805,16470,17158,9171,11154,2963,5702,1481,1374,9218,8660,10482,9686,13045,13380,17010,17333,20316,20244,16135,16813,8987,10928,2873,5533,151704,144777,20210,19434,27945,27175,12097,14,15
2021-10-03T23:59:59+02:00,1849,1754,9977,9393,11005,10370,13593,14071,17620,17987,20837,20801,16467,17153,9169,11153,2963,5702,1478,1369,9210,8651,10469,9678,13041,13375,17006,17326,20307,20239,16132,16811,8987,10926,2873,5533,151641,144721,20210,19434,27945,27175,12066,14,15
2021-10-02T23:59:59+02:00,1849,1754,9976,9390,11002,10369,13590,14071,17620,17987,20835,20799,16466,17152,9169,11153,2963,5702,1478,1369,9209,8649,10466,9674,13039,13373,17006,17326,20306,20237,16131,16809,8987,10926,2873,5533,151634,144713,20210,19432,27945,27175,12056,14,15
2021-10-01T23:59:59+02:00,1846,1750,9961,9375,10994,10354,13581,14063,17610,17980,20829,20795,16463,17148,9167,11152,2961,5700,1468,1355,9192,8631,10452,9663,13037,13362,16995,17319,20297,20230,16130,16809,8986,10921,2872,5531,151535,144589,20209,19432,27944,27175,12039,14,15
2021-09-30T23:59:59+02:00,1843,1747,9945,9367,10982,10344,13571,14046,17602,17967,20819,20788,16463,17147,9165,11150,2960,5699,1459,1351,9169,8622,10440,9653,13030,13351,16985,17315,20291,20226,16128,16809,8983,10921,2872,5531,151458,144523,20207,19429,27944,27175,11994,14,15
2021-09-29T23:59:59+02:00,1830,1713,9916,9332,10959,10318,13556,14026,17587,17955,20801,20777,16455,17139,9163,11147,2959,5696,1455,1337,9159,8607,10426,9638,13027,13337,16979,17302,20282,20218,16122,16800,8979,10919,2871,5530,151199,144393,20207,19428,27944,27175,11977,14,15
2021-09-28T23:59:59+02:00,1804,1688,9863,9278,10937,10282,13523,13999,17559,17924,20784,20757,16446,17126,9159,11137,2958,5693,1434,1321,9140,8579,10412,9616,13010,13324,16969,17290,20269,20207,16113,16791,8972,10912,2871,5529,150814,144191,20207,19427,27943,27175,11951,14,15
2021-09-27T23:59:59+02:00,1787,1675,9837,9260,10910,10260,13504,13972,17541,17904,20775,20750,16440,17121,9155,11134,2958,5692,1420,1309,9121,8558,10389,9596,12990,13297,16954,17273,20258,20198,16109,16788,8971,10910,2871,5528,150645,144044,20199,19422,27943,27173,11886,14,15
2021-09-26T23:59:59+02:00,1780,1669,9826,9250,10892,10246,13494,13965,17534,17898,20765,20749,16438,17117,9155,11133,2957,5692,1418,1308,9115,8550,10380,9591,12981,13291,16950,17268,20251,20196,16107,16786,8971,10910,2871,5528,150562,144009,20198,19421,27943,27172,11855,14,15
2021-09-25T23:59:59+02:00,1780,1668,9823,9249,10890,10245,13492,13964,17534,17898,20765,20749,16438,17116,9155,11133,2957,5692,1418,1308,9115,8547,10378,9591,12980,13289,16949,17268,20251,20196,16107,16785,8971,10910,2871,5528,150555,144004,20198,19421,27943,27172,11850,14,15
2021-09-24T23:59:59+02:00,1772,1652,9806,9237,10886,10235,13488,13953,17531,17894,20762,20745,16435,17115,9155,11133,2956,5692,1408,1302,9097,8534,10371,9580,12976,13285,16943,17262,20250,20192,16105,16783,8970,10910,2871,5528,150467,143920,20196,19421,27943,27172,11839,14,15
2021-09-23T23:59:59+02:00,1769,1650,9745,9193,10784,10169,13390,13879,17445,17827,20709,20698,16411,17097,9148,11122,2956,5688,1407,1299,9040,8495,10270,9520,12887,13224,16861,17198,20199,20148,16082,16762,8962,10898,2871,5525,150389,143891,20193,19418,27943,27172,11152,14,15
2021-09-22T23:59:59+02:00,1746,1633,9716,9160,10767,10140,13364,13848,17417,17804,20695,20676,16407,17089,9146,11115,2953,5687,1401,1282,9015,8480,10250,9503,12873,13208,16842,17188,20189,20143,16076,16760,8959,10892,2869,5522,150101,143722,20189,19415,27942,27172,11128,14,15
2021-09-21T23:59:59+02:00,1715,1603,9659,9093,10731,10105,13336,13806,17387,17781,20680,20665,16395,17075,9142,11113,2951,5681,1385,1251,8978,8446,10234,9485,12851,13181,16816,17158,20178,20132,16066,16753,8955,10889,2869,5520,149677,143437,20187,19413,27941,27172,11110,14,15
2021-09-20T23:59:59+02:00,1683,1579,9603,9042,10684,10054,13300,13765,17366,17762,20656,20647,16385,17068,9133,11101,2950,5677,1369,1224,8943,8419,10215,9462,12823,13158,16795,17140,20158,20112,16057,16744,8948,10881,2867,5518,149276,143185,20185,19412,27941,27171,11050,14,15
2021-09-19T23:59:59+02:00,1682,1578,9599,9034,10676,10048,13292,13763,17358,17756,20649,20643,16383,17065,9132,11099,2947,5674,1366,1223,8937,8413,10210,9459,12819,13156,16792,17138,20155,20108,16056,16744,8948,10881,2867,5517,149222,143164,20182,19410,27941,27170,11030,14,15
2021-09-18T23:59:59+02:00,1682,1578,9599,9033,10674,10044,13289,13759,17355,17756,20648,20643,16383,17065,9132,11099,2947,5674,1364,1223,8935,8410,10208,9457,12818,13153,16788,17137,20154,20108,16056,16744,8948,10881,2867,5517,149216,143155,20182,19410,27941,27170,11018,14,15
2021-09-17T23:59:59+02:00,1676,1568,9582,9010,10661,10028,13273,13745,17344,17745,20643,20632,16381,17063,9131,11097,2946,5673,1362,1221,8928,8404,10201,9451,12809,13147,16784,17132,20151,20099,16056,16742,8947,10880,2867,5517,149101,143131,20180,19410,27941,27169,10973,14,15
2021-09-16T23:59:59+02:00,1672,1567,9564,8994,10642,10011,13261,13733,17332,17737,20631,20621,16380,17059,9128,11094,2946,5671,1359,1221,8921,8398,10190,9444,12800,13141,16776,17127,20141,20094,16056,16741,8947,10877,2867,5515,148997,143102,20177,19407,27941,27166,10925,14,15
2021-09-15T23:59:59+02:00,1659,1552,9537,8967,10618,9993,13231,13705,17313,17713,20613,20603,16374,17052,9119,11086,2946,5667,1335,1187,8874,8358,10160,9403,12766,13101,16751,17106,20112,20074,16049,16729,8942,10874,2867,5513,148829,142763,20109,19394,27941,27163,10866,14,15
2021-09-14T23:59:59+02:00,1647,1542,9504,8937,10601,9973,13212,13682,17290,17695,20598,20588,16357,17039,9109,11075,2942,5655,1313,1175,8841,8326,10142,9386,12756,13078,16735,17087,20095,20054,16045,16722,8939,10867,2866,5509,148626,142522,20032,19392,27941,27163,10844,14,15
2021-09-13T23:59:59+02:00,1613,1506,9460,8883,10574,9940,13189,13639,17269,17677,20576,20575,16351,17033,9106,11069,2940,5649,1290,1160,8807,8298,10125,9363,12735,13046,16722,17070,20079,20038,16039,16708,8933,10865,2865,5505,148409,142268,19877,19384,27941,27162,10819,14,15
2021-09-12T23:59:59+02:00,1611,1503,9448,8876,10562,9934,13183,13629,17264,17673,20573,20570,16350,17030,9104,11068,2940,5646,1273,1144,8783,8276,10104,9352,12719,13032,16711,17063,20071,20029,16036,16704,8932,10859,2865,5504,148360,142109,19871,19383,27941,27161,10789,14,15
2021-09-11T23:59:59+02:00,1611,1503,9446,8871,10557,9930,13180,13627,17263,17670,20570,20568,16350,17028,9103,11068,2940,5646,1273,1144,8774,8273,10102,9351,12714,13030,16710,17060,20069,20028,16036,16703,8931,10859,2865,5504,148349,142103,19867,19377,27941,27161,10771,14,14
2021-09-10T23:59:59+02:00,1610,1502,9442,8867,10548,9921,13167,13622,17258,17663,20568,20564,16349,17027,9103,11068,2940,5646,1272,1143,8770,8270,10095,9342,12702,13024,16704,17055,20066,20024,16036,16702,8931,10858,2865,5504,148319,142081,19866,19371,27941,27161,10736,14,14
2021-09-09T23:59:59+02:00,1607,1497,9426,8860,10537,9908,13153,13605,17242,17654,20553,20552,16346,17026,9101,11064,2939,5643,1269,1139,8760,8264,10088,9332,12696,13010,16686,17048,20054,20014,16034,16700,8929,10851,2864,5502,148235,142026,19864,19371,27941,27160,10669,14,14
2021-09-08T23:59:59+02:00,1569,1449,9382,8801,10506,9869,13125,13567,17208,17628,20534,20532,16330,17012,9097,11058,2939,5641,1267,1132,8736,8247,10069,9316,12676,12993,16670,17039,20038,20006,16027,16694,8928,10847,2864,5502,147821,141893,19863,19366,27941,27160,10618,14,14
2021-09-07T23:59:59+02:00,1551,1424,9362,8779,10487,9850,13115,13557,17199,17616,20529,20527,16325,17009,9096,11053,2938,5639,1267,1130,8728,8240,10061,9314,12668,12991,16666,17030,20034,20003,16027,16692,8928,10844,2864,5502,147646,141851,19861,19364,27941,27156,10604,14,14
2021-09-06T23:59:59+02:00,1538,1412,9338,8755,10466,9829,13105,13543,17188,17602,20520,20511,16323,17006,9094,11053,2937,5639,1264,1130,8722,8230,10053,9307,12663,12982,16659,17025,20029,19996,16025,16692,8925,10841,2864,5501,147470,141792,19860,19361,27939,27155,10586,14,14
2021-09-05T23:59:59+02:00,1535,1409,9330,8745,10458,9824,13100,13537,17185,17595,20514,20508,16319,17003,9094,11052,2937,5639,1262,1122,8714,8224,10046,9297,12657,12976,16653,17019,20021,19994,16023,16690,8925,10840,2864,5501,147419,141739,19860,19361,27939,27152,10562,14,14
2021-09-04T23:59:59+02:00,1534,1409,9329,8743,10457,9824,13099,13536,17185,17595,20512,20506,16319,17003,9094,11052,2937,5639,1261,1122,8714,8224,10045,9295,12656,12976,16652,17018,20020,19994,16023,16690,8925,10840,2864,5501,147413,141733,19857,19361,27939,27152,10560,14,14
2021-09-03T23:59:59+02:00,1524,1395,9307,8725,10444,9813,13094,13526,17170,17583,20500,20496,16315,16997,9093,11047,2937,5636,1261,1121,8698,8212,10033,9287,12649,12969,16636,17008,20017,19986,16019,16683,8924,10836,2864,5498,147310,141681,19853,19359,27939,27152,10495,14,14
2021-09-02T23:59:59+02:00,1513,1386,9254,8694,10384,9762,13019,13468,17120,17546,20441,20453,16283,16970,9083,11036,2936,5631,1253,1116,8654,8187,9974,9243,12580,12919,16592,16975,19957,19945,15987,16660,8917,10828,2864,5493,147182,141623,19852,19355,27938,27150,10002,14,14
2021-09-01T23:59:59+02:00,1509,1369,9234,8680,10365,9750,13007,13455,17108,17532,20431,20449,16279,16964,9076,11032,2936,5629,1242,1108,8637,8167,9959,9226,12570,12908,16579,16964,19941,19935,15982,16655,8914,10822,2864,5491,147071,141489,19832,19353,27938,27149,9959,14,14
2021-08-31T23:59:59+02:00,1493,1351,9220,8654,10354,9738,12996,13448,17103,17520,20424,20441,16274,16960,9074,11027,2936,5629,1229,1094,8621,8149,9953,9214,12555,12897,16568,16959,19939,19928,15978,16653,8913,10819,2864,5491,146917,141363,19831,19350,27938,27146,9951,14,14
2021-08-30T23:59:59+02:00,1472,1335,9203,8633,10340,9722,12985,13433,17090,17500,20412,20432,16270,16957,9072,11025,2936,5628,1221,1082,8597,8135,9939,9202,12544,12877,16555,16942,19931,19921,15973,16647,8911,10814,2862,5489,146755,141227,19831,19346,27935,27137,9918,14,14
2021-08-29T23:59:59+02:00,1471,1334,9201,8627,10333,9713,12983,13429,17081,17495,20407,20426,16267,16952,9072,11025,2936,5627,1220,1079,8594,8129,9930,9190,12539,12871,16547,16937,19927,19918,15970,16640,8910,10814,2862,5488,146737,141205,19831,19345,27935,27131,9870,14,14
2021-08-28T23:59:59+02:00,1470,1334,9198,8623,10333,9712,12982,13428,17081,17494,20406,20425,16267,16952,9072,11025,2936,5627,1219,1077,8590,8129,9929,9190,12538,12870,16547,16936,19926,19917,15970,16640,8910,10814,2862,5488,146729,141200,19831,19343,27935,27131,9864,14,14
2021-08-27T23:59:59+02:00,1460,1323,9185,8616,10328,9706,12978,13426,17078,17488,20401,20420,16266,16950,9071,11025,2936,5627,1214,1071,8581,8122,9926,9185,12532,12867,16545,16929,19925,19916,15969,16639,8909,10813,2862,5488,146655,141155,19831,19341,27935,27126,9857,14,14
2021-08-26T23:59:59+02:00,1457,1322,9178,8612,10321,9700,12970,13425,17075,17486,20399,20415,16263,16947,9068,11020,2935,5627,1211,1069,8572,8111,9918,9179,12524,12864,16540,16927,19923,19911,15966,16635,8906,10810,2861,5488,146634,141124,19829,19341,27935,27120,9816,14,14
2021-08-25T23:59:59+02:00,1443,1297,9071,8556,10235,9627,12882,13352,16957,17403,20303,20358,16216,16910,9053,10999,2930,5616,1199,1061,8479,8057,9835,9117,12433,12799,16435,16854,19835,19856,15922,16597,8892,10790,2856,5475,146396,140977,19828,19340,27935,27118,9043,14,14
2021-08-24T23:59:59+02:00,1424,1272,9039,8526,10221,9606,12853,13323,16926,17368,20289,20342,16201,16900,9048,10993,2930,5613,1194,1052,8456,8044,9818,9105,12417,12788,16424,16839,19828,19846,15916,16593,8892,10788,2856,5474,146106,140859,19826,19338,27935,27118,9001,14,14
2021-08-23T23:59:59+02:00,1407,1247,8997,8488,10206,9587,12821,13302,16907,17350,20272,20317,16188,16888,9037,10986,2929,5607,1193,1046,8431,8027,9792,9086,12402,12782,16412,16830,19817,19830,15910,16585,8888,10783,2855,5471,145838,140760,19826,19337,27935,27098,8931,14,14
2021-08-22T23:59:59+02:00,1407,1247,8987,8483,10199,9580,12820,13298,16902,17344,20269,20314,16185,16884,9033,10986,2929,5606,1192,1045,8415,8021,9784,9075,12398,12777,16409,16823,19815,19826,15907,16580,8884,10781,2855,5470,145823,140731,19826,19334,27935,27095,8883,14,14
2021-08-21T23:59:59+02:00,1407,1246,8982,8483,10197,9578,12817,13296,16901,17344,20268,20313,16185,16884,9033,10986,2929,5606,1190,1042,8294,7940,9684,8980,12311,12668,16317,16753,19759,19783,15887,16565,8881,10770,2854,5468,145817,140725,19821,18437,27935,27094,8876,14,14
2021-08-20T23:59:59+02:00,1406,1244,8974,8481,10189,9570,12810,13286,16898,17342,20261,20308,16183,16884,9033,10984,2928,5605,1041,901,7937,7614,9533,8820,12167,12527,16194,16644,19651,19687,15848,16516,8869,10746,2852,5467,145783,138629,19821,18437,27935,27093,8841,14,14
2021-08-19T23:59:59+02:00,1401,1242,8963,8475,10182,9561,12801,13280,16893,17340,20256,20306,16182,16882,9033,10983,2928,5604,922,788,7676,7345,9405,8714,12023,12408,16100,16539,19554,19600,15806,16468,8858,10727,2851,5459,145741,136903,19818,18429,27934,27084,8813,14,14
2021-08-18T23:59:59+02:00,1377,1210,8917,8439,10156,9530,12773,13244,16862,17316,20230,20277,16169,16868,9027,10977,2924,5599,921,787,7663,7335,9394,8706,12009,12392,16086,16530,19546,19591,15800,16461,8854,10723,2848,5456,145432,136857,19805,18428,27931,27083,8720,14,14
2021-08-17T23:59:59+02:00,1352,1197,8881,8407,10141,9509,12757,13220,16847,17294,20207,20255,16161,16858,9025,10970,2922,5594,916,785,7650,7320,9377,8698,11998,12384,16079,16520,19535,19585,15793,16455,8853,10721,2847,5454,145187,136787,19802,18423,27930,27077,8671,14,12
2021-08-16T23:59:59+02:00,1329,1179,8844,8381,10122,9490,12733,13194,16837,17277,20187,20240,16156,16846,9021,10969,2921,5594,915,785,7641,7308,9361,8695,11988,12378,16076,16513,19526,19578,15790,16452,8853,10721,2847,5454,144953,136744,19800,18419,27930,27076,8630,14,12
2021-08-15T23:59:59+02:00,1313,1162,8825,8361,10109,9476,12717,13181,16825,17268,20173,20227,16150,16840,9021,10964,2921,5594,913,784,7629,7298,9344,8679,11974,12367,16068,16505,19520,19573,15781,16448,8852,10718,2847,5454,144807,136686,19799,18414,27928,27056,8586,14,12
2021-08-14T23:59:59+02:00,1312,1162,8825,8361,10108,9476,12716,13179,16825,17267,20172,20225,16150,16840,9021,10964,2921,5594,794,668,7312,7008,9200,8512,11801,12202,15950,16375,19426,19486,15755,16424,8843,10705,2847,5450,144801,134704,19799,18412,27928,27047,8583,14,12
2021-08-13T23:59:59+02:00,1307,1160,8813,8353,10098,9468,12703,13168,16809,17258,20164,20217,16147,16835,9019,10963,2920,5594,633,523,6925,6648,9030,8354,11593,11985,15731,16195,19285,19363,15721,16385,8832,10691,2845,5446,144772,132227,19799,18412,27928,27044,8490,14,12
2021-08-12T23:59:59+02:00,1306,1160,8812,8350,10091,9462,12699,13168,16803,17248,20160,20212,16146,16831,9017,10961,2920,5594,629,521,6919,6640,9014,8346,11581,11982,15720,16188,19281,19357,15719,16380,8830,10690,2845,5446,144753,132189,19798,18408,27928,27026,8453,14,12
2021-08-11T23:59:59+02:00,1303,1156,8808,8343,10081,9455,12693,13164,16797,17244,20154,20210,16144,16828,9016,10961,2920,5593,625,520,6912,6629,8996,8335,11570,11978,15716,16181,19273,19351,15715,16376,8829,10690,2845,5444,144703,132123,19794,18401,27928,27012,8437,14,12
2021-08-10T23:59:59+02:00,1302,1156,8806,8341,10076,9448,12690,13159,16795,17242,20153,20205,16142,16826,9016,10960,2920,5593,607,512,6868,6581,8962,8318,11550,11956,15690,16169,19266,19341,15713,16374,8829,10688,2845,5444,144674,131872,19794,18398,27928,27005,8426,14,12
2021-08-09T23:59:59+02:00,1302,1154,8800,8338,10072,9439,12688,13156,16788,17240,20147,20205,16140,16826,9015,10960,2920,5593,601,508,6847,6558,8939,8298,11538,11945,15674,16157,19260,19337,15710,16373,8827,10687,2845,5444,144646,131735,19794,18395,27926,26996,8410,13,12
2021-08-08T23:59:59+02:00,1302,1153,8797,8332,10070,9435,12679,13153,16782,17236,20145,20202,16138,16822,9014,10958,2919,5592,600,506,6844,6547,8925,8291,11522,11936,15668,16148,19258,19332,15707,16369,8826,10685,2844,5443,144633,131690,19793,18387,27926,26992,8370,13,12
2021-08-07T23:59:59+02:00,1302,1145,8789,8325,10061,9428,12676,13147,16775,17232,20138,20197,16134,16817,9012,10957,2918,5592,423,359,6193,5978,8655,8069,11251,11704,15469,15974,19172,19256,15687,16345,8819,10678,2841,5442,144587,128605,19792,18374,27926,26991,8333,13,12
2021-08-06T23:59:59+02:00,1296,1144,8780,8313,10047,9416,12656,13128,16757,17220,20121,20186,16127,16809,9012,10954,2918,5591,420,358,6180,5963,8639,8055,11227,11682,15447,15957,19155,19245,15680,16338,8819,10675,2841,5441,144549,128550,19789,18367,27926,26989,8204,13,12
2021-08-05T23:59:59+02:00,1293,1142,8773,8305,10038,9407,12643,13120,16751,17217,20113,20182,16126,16809,9012,10953,2918,5591,418,353,5895,5727,8288,7757,10864,11406,15122,15719,18906,19076,15660,16313,8809,10668,2840,5440,144501,128453,19785,15661,27922,26957,8178,13,12
2021-08-04T23:59:59+02:00,1292,1139,8767,8301,10033,9405,12637,13116,16746,17215,20111,20179,16126,16809,9011,10952,2918,5590,416,351,5881,5720,8260,7747,10843,11394,15105,15713,18901,19071,15659,16310,8808,10668,2840,5440,144469,128353,19784,15654,27921,26942,8166,13,12
2021-08-03T23:59:59+02:00,1285,1136,8763,8291,10028,9401,12632,13113,16741,17213,20106,20178,16124,16809,9010,10950,2918,5589,395,335,5769,5606,8165,7677,10725,11317,15055,15660,18872,19056,15655,16308,8807,10666,2838,5439,144426,127623,19782,15646,27921,26913,8151,13,12
2021-08-02T23:59:59+02:00,1279,1130,8750,8283,10022,9394,12626,13106,16735,17202,20099,20174,16122,16806,9008,10947,2917,5588,358,303,5599,5447,8038,7571,10598,11201,14983,15577,18840,19030,15647,16299,8801,10666,2838,5439,144342,126557,19776,15641,27920,26882,8143,13,12
2021-08-01T23:59:59+02:00,1277,1129,8743,8276,10015,9387,12619,13104,16730,17200,20094,20172,16122,16806,9007,10945,2917,5588,342,283,5538,5390,7988,7521,10534,11149,14946,15551,18827,19012,15644,16296,8799,10663,2838,5437,144297,126112,19774,15637,27919,26863,8134,13,12
2021-07-31T23:59:59+02:00,1277,1129,8742,8273,10015,9386,12616,13104,16729,17200,20093,20170,16122,16806,9007,10945,2917,5588,337,279,5511,5369,7971,7507,10514,11135,14933,15545,18822,19009,15642,16295,8799,10663,2838,5437,144295,125974,19773,15633,27919,26862,8125,13,12
2021-07-30T23:59:59+02:00,1145,1008,8514,8045,9923,9266,12536,13020,16648,17128,20033,20103,16090,16767,9001,10928,2916,5585,281,216,5218,5097,7833,7367,10326,10942,14794,15380,18754,18953,15618,16267,8786,10650,2834,5433,142841,124149,19771,15625,27919,26845,8118,13,12
2021-07-29T23:59:59+02:00,1138,999,8384,7957,9769,9169,12384,12919,16499,17032,19870,19993,16005,16698,8976,10909,2915,5578,234,183,4924,4865,7558,7177,10048,10741,14546,15203,18561,18834,15533,16193,8759,10629,2833,5423,142718,123048,19768,15584,27919,26819,6781,13,12
2021-07-28T23:59:59+02:00,1127,985,8355,7921,9755,9153,12362,12904,16481,17009,19852,19983,15998,16685,8969,10905,2915,5576,137,108,4503,4437,7240,6926,9728,10441,14310,15021,18504,18793,15518,16182,8754,10618,2833,5413,142476,120399,19766,15531,27917,26756,6768,13,12
2021-07-27T23:59:59+02:00,1117,977,8331,7907,9742,9146,12350,12895,16474,17002,19845,19970,15996,16679,8967,10902,2914,5574,111,92,4267,4190,7012,6728,9479,10162,14153,14860,18452,18728,15469,16136,8737,10601,2830,5406,142337,118379,19764,15529,27917,26731,6762,13,12
2021-07-26T23:59:59+02:00,1113,974,8318,7895,9735,9141,12344,12889,16467,16994,19838,19969,15993,16674,8965,10898,2913,5569,108,86,4160,4082,6910,6615,9351,10040,14068,14777,18403,18692,15458,16125,8727,10593,2827,5404,142258,117467,19761,15518,27906,26673,6756,13,12
2021-07-25T23:59:59+02:00,1112,973,8309,7893,9722,9137,12334,12886,16462,16987,19835,19968,15991,16674,8965,10898,2913,5569,106,84,4110,4032,6832,6566,9279,9984,14031,14745,18378,18678,15440,16112,8720,10587,2827,5402,142233,117026,19757,15501,27905,26650,6724,13,12
2021-07-24T23:59:59+02:00,1110,970,8223,7831,9648,9057,12268,12809,16394,16934,19794,19930,15970,16660,8962,10888,2913,5568,99,82,4066,3988,6769,6514,9200,9926,13964,14680,18345,18652,15429,16101,8712,10583,2827,5402,142213,116760,19101,15219,27905,26647,6701,13,12
2021-07-23T23:59:59+02:00,1084,944,8111,7741,9610,9022,12234,12780,16349,16900,19765,19911,15965,16653,8958,10884,2913,5568,85,68,3773,3706,6513,6308,8916,9640,13725,14500,18263,18591,15386,16058,8694,10564,2825,5396,141719,114505,19101,15195,27905,26641,6658,13,12
2021-07-22T23:59:59+02:00,992,858,7896,7511,9508,8933,12116,12684,16258,16816,19690,19826,15919,16613,8949,10869,2912,5562,67,50,3648,3579,6360,6214,8760,9509,13560,14356,18188,18523,15365,16031,8686,10554,2825,5394,140263,113346,19098,15122,27898,26545,6644,13,12
2021-07-21T23:59:59+02:00,972,844,7865,7471,9490,8922,12093,12661,16234,16800,19666,19805,15908,16606,8949,10864,2912,5562,54,37,3345,3316,6014,5954,8364,9125,13295,14119,18045,18399,15273,15950,8654,10524,2822,5382,140005,110540,19096,15050,27893,26449,6621,13,12
2021-07-20T23:59:59+02:00,972,843,7857,7466,9483,8919,12087,12659,16226,16799,19661,19800,15906,16603,8949,10863,2912,5562,50,30,3272,3263,5956,5898,8305,9067,13211,14075,18013,18383,15273,15950,8654,10522,2822,5382,139965,110154,19095,15034,27890,26316,6610,11,12
2021-07-19T23:59:59+02:00,971,843,7850,7464,9480,8911,12082,12657,16221,16793,19658,19800,15904,16600,8949,10861,2912,5561,48,29,3220,3227,5906,5858,8242,9021,13153,14048,17967,18370,15273,15947,8654,10520,2822,5381,139928,109870,19094,15017,27890,26189,6598,11,12
2021-07-18T23:59:59+02:00,970,842,7839,7456,9476,8907,12074,12652,16216,16787,19656,19798,15903,16598,8949,10861,2912,5561,47,29,3200,3209,5866,5824,8206,8991,13115,14033,17951,18364,15273,15946,8654,10520,2822,5380,139885,109678,19093,14982,27888,26174,6584,11,12
2021-07-17T23:59:59+02:00,855,723,7518,7168,9326,8736,11900,12490,16087,16648,19559,19704,15882,16577,8941,10848,2912,5558,32,22,3099,3101,5753,5731,8074,8831,12973,13905,17855,18285,15263,15928,8651,10513,2822,5380,137880,108491,19091,14977,27888,26170,6568,9,12
2021-07-16T23:59:59+02:00,698,572,7128,6839,9145,8582,11708,12279,15885,16473,19417,19580,15852,16541,8932,10834,2911,5556,25,19,3037,3040,5677,5667,7959,8723,12853,13768,17776,18209,15241,15912,8647,10511,2821,5380,135418,107587,19091,14972,27887,26163,6531,9,12
2021-07-15T23:59:59+02:00,696,572,7114,6830,9141,8579,11695,12275,15874,16466,19413,19574,15850,16538,8927,10832,2910,5547,24,19,2996,3004,5611,5624,7869,8673,12776,13727,17745,18181,15218,15895,8639,10504,2820,5371,135373,107348,19088,14818,27882,26034,6484,9,12
2021-07-14T23:59:59+02:00,693,571,7105,6821,9136,8577,11691,12270,15868,16463,19408,19569,15848,16535,8924,10829,2910,5543,24,19,2974,2990,5570,5592,7833,8652,12744,13711,17728,18169,15211,15892,8636,10500,2820,5367,135339,107195,19087,14783,27882,25995,6447,9,12
2021-07-13T23:59:59+02:00,688,569,7080,6804,9124,8560,11682,12256,15857,16444,19398,19563,15839,16531,8920,10819,2905,5535,22,18,2918,2939,5505,5526,7672,8515,12490,13492,17569,18039,15192,15881,8624,10487,2815,5356,135214,105970,19087,14730,27879,25960,6388,9,12
2021-07-12T23:59:59+02:00,682,561,7067,6790,9113,8549,11672,12246,15852,16431,19386,19559,15837,16527,8918,10819,2905,5532,21,16,2860,2884,5424,5450,7523,8400,12243,13279,17388,17892,15182,15876,8620,10480,2814,5356,135100,104729,19085,14677,27875,25910,6380,9,12
2021-07-11T23:59:59+02:00,681,560,7059,6788,9104,8541,11664,12238,15842,16428,19381,19554,15837,16524,8917,10817,2905,5532,20,15,2829,2850,5348,5379,7422,8313,12075,13122,17261,17759,15173,15865,8619,10477,2814,5356,135056,103839,19082,14629,27875,25864,6353,9,12
2021-07-10T23:59:59+02:00,507,402,6499,6239,8878,8355,11422,12045,15685,16296,19326,19505,15829,16514,8913,10812,2904,5531,18,11,2800,2816,5297,5335,7339,8234,11971,13022,17182,17691,15158,15849,8616,10466,2811,5354,132367,103144,19082,14627,27875,25855,6332,9,12
2021-07-09T23:59:59+02:00,496,395,6441,6209,8850,8318,11382,12017,15657,16283,19313,19489,15828,16511,8913,10809,2904,5531,16,11,2743,2750,5216,5266,7160,8056,11559,12723,16883,17482,15138,15821,8609,10461,2809,5352,132273,102116,18871,13766,27874,25839,6322,9,12
2021-07-08T23:59:59+02:00,490,393,6124,5950,8481,8029,11003,11711,15319,16036,19056,19317,15806,16487,8904,10802,2901,5530,15,10,2680,2699,5136,5188,7019,7964,11359,12582,16728,17357,15131,15813,8609,10459,2809,5351,132184,101247,15989,13596,27869,25763,6291,9,12
2021-07-07T23:59:59+02:00,488,389,6109,5937,8457,8014,10989,11695,15308,16026,19055,19312,15804,16482,8903,10800,2901,5528,15,10,2632,2646,5045,5126,6881,7869,11125,12399,16564,17223,15123,15805,8604,10453,2809,5351,132077,100222,15979,13468,27867,25713,6265,9,12
2021-07-06T23:59:59+02:00,461,369,6008,5845,8384,7948,10916,11626,15274,15986,19032,19296,15796,16471,8900,10798,2898,5526,12,9,2563,2577,4912,5012,6699,7735,10735,11988,16191,16845,15097,15772,8596,10446,2808,5347,131459,98060,15971,13386,27861,25652,6234,9,12
2021-07-05T23:59:59+02:00,420,335,5830,5675,8268,7858,10803,11512,15215,15916,19000,19265,15790,16463,8896,10793,2895,5525,8,7,2512,2499,4816,4914,6566,7598,10383,11670,15917,16541,15067,15741,8588,10431,2808,5342,130417,96267,15968,13322,27858,25600,6207,9,12
2021-07-04T23:59:59+02:00,400,305,5755,5596,8211,7801,10735,11454,15185,15885,18986,19247,15783,16459,8894,10791,2895,5523,7,7,2492,2469,4754,4867,6505,7546,10246,11560,15816,16468,15062,15734,8586,10430,2807,5342,129910,95700,15961,13252,27853,25562,6172,9,12
2021-07-03T23:59:59+02:00,394,303,5734,5584,8200,7792,10722,11449,15178,15878,18983,19244,15783,16459,8894,10791,2895,5523,6,7,2457,2439,4658,4838,6397,7520,10189,11514,15711,16382,14381,15027,8567,10405,2807,5342,129832,95585,15958,13250,27853,23646,6154,9,12
2021-07-02T23:59:59+02:00,348,264,5546,5436,8126,7722,10624,11352,15113,15821,18964,19237,15779,16455,8889,10789,2893,5520,6,7,2411,2391,4500,4760,6213,7446,10036,11356,15520,16179,13587,14107,8559,10390,2807,5341,128921,95022,15955,13205,27852,21236,6141,9,12
2021-07-01T23:59:59+02:00,286,209,5329,5252,7996,7610,10483,11225,14983,15725,18920,19212,15772,16447,8884,10783,2893,5519,5,6,2292,2272,4324,4586,5975,7190,9256,10671,14893,15705,13560,14077,8554,10385,2803,5339,127623,91519,15942,13108,27851,21151,6103,9,12
2021-06-30T23:59:59+02:00,156,119,4846,4781,7658,7332,10128,10887,14757,15548,18862,19168,15761,16436,8880,10775,2893,5516,5,6,2254,2224,4239,4515,5861,7093,9085,10546,14803,15627,13546,14068,8551,10382,2803,5337,124639,90916,15937,12935,27851,21015,6067,9,12
2021-06-29T23:59:59+02:00,118,97,4564,4500,7409,7112,9837,10585,14561,15358,18798,19108,15709,16386,8860,10760,2892,5511,4,5,2187,2143,4096,4378,5653,6912,8858,10317,14508,15402,13499,14020,8538,10357,2801,5324,122569,89459,15932,12782,27849,20943,5806,9,12
2021-06-28T23:59:59+02:00,102,78,4427,4360,7303,7001,9715,10460,14468,15250,18753,19066,15693,16370,8846,10749,2889,5509,2,4,2100,2016,3914,4173,5372,6570,8473,9804,13976,14864,13380,13931,8519,10333,2798,5310,121556,86245,15921,12703,27847,20875,5706,9,10
2021-06-27T23:59:59+02:00,97,76,4374,4314,7246,6947,9654,10405,14435,15216,18733,19049,15676,16358,8839,10742,2888,5504,2,3,2047,1981,3851,4128,5257,6455,8305,9675,13800,14749,13354,13912,8510,10324,2795,5308,121191,85448,15917,12668,27845,20739,5591,9,10
2021-06-26T23:59:59+02:00,84,74,4329,4284,7216,6920,9636,10384,14415,15200,18720,19036,15672,16352,8839,10742,2888,5504,2,3,1971,1890,3663,3969,5043,6195,7941,9217,13449,14454,13274,13853,8490,10296,2790,5299,120949,82808,15911,12668,27845,20732,5581,9,10
2021-06-25T23:59:59+02:00,71,61,4017,3963,6955,6684,9342,10091,14190,15011,18636,18979,15626,16307,8820,10723,2886,5498,2,3,1906,1807,3498,3847,4848,5959,7613,8802,13137,14118,13224,13797,8477,10271,2784,5293,118553,80448,15884,12636,27845,20725,5569,9,8
2021-06-24T23:59:59+02:00,64,53,3923,3873,6853,6598,9242,10000,14090,14924,18608,18946,15611,16290,8814,10716,2886,5496,2,3,1836,1734,3381,3749,4648,5815,7393,8602,12888,13916,12389,12865,8296,10008,2784,5292,117817,79222,15875,12530,27841,18396,5445,9,8
2021-06-23T23:59:59+02:00,50,48,3521,3504,6399,6251,8712,9493,13756,14623,18472,18811,15507,16198,8771,10680,2883,5482,2,3,1698,1564,3126,3545,4228,5481,6444,7891,12145,13215,12364,12852,8286,10001,2784,5288,114894,78580,15628,9198,27840,18341,4790,9,8
2021-06-22T23:59:59+02:00,41,40,3447,3430,6321,6192,8608,9415,13704,14576,18438,18794,15496,16191,8770,10675,2883,5479,2,3,1657,1511,3023,3443,4083,5332,6190,7707,11532,12502,12274,12758,8268,9968,2780,5280,114260,76237,15623,9116,27838,18182,4770,9,8
2021-06-21T23:59:59+02:00,35,37,3376,3370,6231,6129,8546,9343,13643,14530,18405,18772,15494,16190,8769,10674,2883,5478,1,3,1622,1460,2932,3345,3956,5179,5994,7480,10773,11587,11885,12302,7190,8735,2774,5273,113733,73584,15615,9012,27836,15175,4712,9,8
2021-06-20T23:59:59+02:00,35,36,3351,3348,6183,6098,8500,9311,13616,14512,18394,18768,15493,16190,8769,10674,2883,5478,0,3,1604,1443,2893,3317,3905,5141,5942,7454,10684,11511,11865,12283,7187,8727,2773,5273,113554,73263,15597,8932,27836,15159,4643,9,8
2021-06-19T23:59:59+02:00,33,34,3323,3324,6152,6075,8468,9292,13591,14506,18387,18763,15492,16189,8769,10674,2883,5478,0,3,1600,1431,2888,3308,3897,5136,5926,7449,10673,11503,11865,12283,7187,8726,2773,5273,113354,73182,15591,8932,27836,15156,4643,9,8
2021-06-18T23:59:59+02:00,29,29,3280,3281,6078,6035,8399,9237,13545,14474,18363,18752,15491,16187,8768,10673,2883,5478,0,3,1525,1338,2751,3132,3712,4858,5530,7075,9178,9932,11699,12113,7145,8676,2761,5255,112968,67994,15563,8931,27836,15144,4606,9,8
2021-06-17T23:59:59+02:00,26,25,3216,3229,6008,5996,8324,9182,13473,14428,18339,18741,15489,16181,8766,10670,2883,5475,0,3,1399,1244,2563,2921,3451,4567,5165,6678,8505,9199,11413,11870,7104,8618,2757,5252,112586,64280,15533,8816,27831,15113,4492,9,8
2021-06-16T23:59:59+02:00,26,22,3162,3167,5895,5929,8203,9087,13344,14343,18273,18703,15483,16172,8766,10668,2883,5475,0,3,1300,1188,2424,2817,3268,4406,4879,6402,7421,7908,11322,11762,7073,8580,2744,5234,111939,60508,15460,8770,27827,15079,4366,9,8
2021-06-15T23:59:59+02:00,21,21,3067,3080,5777,5840,8017,8909,13081,14124,18122,18575,15468,16160,8758,10661,2883,5473,0,3,1264,1155,2350,2761,3163,4330,4676,6277,7108,7656,10826,11204,7039,8546,2736,5221,110513,58261,15433,8738,27817,15044,4265,9,7
2021-06-14T23:59:59+02:00,20,19,2993,3009,5698,5781,7874,8789,12791,13889,17933,18398,15451,16146,8751,10656,2882,5472,0,3,1236,1126,2285,2704,3038,4235,4475,6139,6766,7350,10298,10591,7008,8509,2732,5211,109119,55888,15424,8631,27813,14994,4187,9,6
2021-06-13T23:59:59+02:00,20,19,2975,2978,5633,5742,7809,8723,12652,13755,17827,18276,15445,16137,8750,10653,2881,5472,0,3,1225,1112,2256,2686,3000,4224,4429,6119,6732,7333,10293,10584,7008,8508,2732,5211,108380,55740,15413,8622,27809,14951,4136,9,6
2021-06-12T23:59:59+02:00,18,19,2947,2960,5603,5715,7778,8703,12632,13736,17818,18273,15444,16135,8750,10653,2881,5472,0,3,1170,1050,2169,2610,2907,4086,4287,5986,6623,7248,10211,10506,6414,7782,2732,5211,108176,55625,15410,8621,27809,12610,4133,9,6
2021-06-11T23:59:59+02:00,18,16,2870,2886,5533,5649,7596,8517,12223,13429,17536,18067,15428,16110,8744,10645,2878,5470,0,3,1146,1033,2114,2569,2842,4037,4201,5924,6510,7157,10108,10395,6399,7775,2730,5205,107157,55098,14519,8353,27808,12569,4122,9,6
2021-06-10T23:59:59+02:00,14,14,2815,2844,5433,5596,7463,8436,12038,13291,17398,17950,15423,16106,8744,10644,2877,5469,0,3,1105,1008,2038,2502,2742,3959,4032,5793,6265,6943,9856,10124,6379,7747,2724,5199,106238,53528,14445,8348,27804,12478,4059,9,6
2021-06-09T23:59:59+02:00,13,13,2737,2776,5311,5500,7239,8264,11758,13047,17211,17800,15412,16092,8740,10635,2877,5466,0,3,1048,942,1906,2385,2537,3776,3705,5508,5642,6427,9029,9218,6322,7671,2711,5164,105025,49506,14291,8330,27795,12381,3771,9,6
2021-06-08T23:59:59+02:00,10,9,2640,2672,5177,5373,7041,8078,11328,12619,16834,17411,15393,16065,8729,10628,2876,5461,0,3,1010,912,1836,2320,2430,3701,3566,5441,5489,6293,8995,9199,6320,7659,2709,5160,102817,48988,14264,8279,27793,12309,3461,9,6
2021-06-07T23:59:59+02:00,8,8,2513,2573,4985,5242,6834,7912,10849,12260,16491,17116,15368,16037,8723,10611,2875,5457,0,3,941,876,1704,2263,2288,3615,3311,5351,5134,6009,8444,8573,6267,7599,2705,5150,100882,46767,14222,8263,27784,12232,2965,9,6
2021-06-06T23:59:59+02:00,8,6,2475,2549,4923,5185,6748,7854,10710,12149,16400,17050,15365,16034,8723,10611,2873,5456,0,3,925,866,1675,2239,2242,3587,3243,5326,5085,5985,8438,8571,6262,7591,2705,5149,100288,46603,14170,8252,27778,12157,2874,9,6
2021-06-05T23:59:59+02:00,7,5,2461,2527,4893,5159,6711,7824,10681,12122,16391,17043,15365,16034,8723,10611,2873,5456,0,3,909,851,1642,2209,2202,3531,3136,5242,4730,5652,7841,7866,6234,7537,2704,5147,100059,44203,14170,8246,27778,12111,2870,9,6
2021-06-04T23:59:59+02:00,6,4,2430,2498,4848,5115,6663,7771,10592,12017,16339,16980,15361,16027,8723,10610,2872,5455,0,3,897,833,1619,2188,2159,3494,3084,5183,4564,5460,7539,7497,6198,7495,2702,5141,99530,42908,14162,8244,27778,12066,2832,9,6
2021-06-03T23:59:59+02:00,6,4,2327,2371,4699,4942,6455,7523,9888,11383,15749,16527,15350,16017,8720,10604,2871,5454,0,3,880,803,1579,2129,2111,3413,2993,5072,4416,5293,7378,7307,6186,7468,2702,5137,96190,41853,14123,8233,27773,11983,2795,9,6
2021-06-02T23:59:59+02:00,6,4,2310,2347,4654,4911,6399,7486,9788,11295,15689,16474,15342,16013,8719,10600,2871,5453,0,2,869,791,1560,2108,2057,3375,2907,4985,4056,4904,6821,6666,6142,7411,2698,5126,95668,39514,14121,8228,27773,11940,2790,9,6
2021-06-01T23:59:59+02:00,5,3,2247,2307,4533,4818,6232,7366,9599,11147,15579,16397,15339,16009,8715,10596,2870,5448,0,1,835,764,1493,2058,1941,3311,2754,4892,3852,4773,6611,6434,6119,7392,2692,5117,94788,38421,14070,8206,27761,11824,2582,9,6
2021-05-31T23:59:59+02:00,1,3,2198,2248,4434,4724,6086,7241,9413,10997,15493,16341,15331,16002,8712,10596,2870,5448,0,1,811,731,1435,2000,1868,3262,2577,4836,3721,4719,6255,6019,6096,7371,2689,5109,94061,37240,13983,8199,27751,11721,2334,9,6
2021-05-30T23:59:59+02:00,1,3,2173,2225,4380,4665,5991,7180,9338,10933,15456,16320,15330,15999,8712,10596,2870,5448,0,1,799,720,1412,1975,1819,3234,2444,4799,3615,4701,6253,6017,6095,7371,2689,5109,93608,36920,13943,8176,27741,11632,2319,9,6
2021-05-29T23:59:59+02:00,1,3,2156,2209,4360,4653,5974,7164,9326,10920,15451,16316,15329,15999,8712,10596,2870,5448,0,1,780,669,1319,1716,1684,2872,2244,4251,3336,4270,6163,5923,5984,7239,2688,5109,93479,36865,13939,8171,27741,8887,2319,9,6
2021-05-28T23:59:59+02:00,1,3,2136,2186,4322,4607,5929,7118,9247,10850,15383,16263,15325,15997,8712,10596,2870,5447,0,1,763,579,1241,1462,1585,2471,2066,3562,3071,3676,5527,5184,5902,7148,2684,5096,93000,35567,13926,8171,27739,5956,2318,9,6
2021-05-27T23:59:59+02:00,1,3,2094,2148,4238,4537,5807,7043,9091,10750,15285,16178,15324,15996,8712,10596,2870,5447,0,1,733,544,1210,1378,1544,2334,1995,3421,2958,3555,5090,4703,5869,7108,2673,5067,92313,34439,13778,8161,27716,5274,2304,9,5
2021-05-26T23:59:59+02:00,1,3,2026,2029,4042,4390,5464,6777,8120,10005,14524,15476,15312,15989,8708,10590,2868,5444,0,1,722,529,1184,1316,1498,2275,1937,3306,2805,3412,3783,3318,5810,7033,2650,5008,91533,31157,10250,8143,27699,5006,2277,9,4
2021-05-25T23:59:59+02:00,1,3,1990,1990,3963,4325,5371,6712,7985,9898,14146,15040,15264,15952,8701,10575,2866,5440,0,1,718,522,1157,1283,1480,2249,1917,3278,2779,3386,3777,3307,5803,7030,2648,5007,90187,31068,10101,8132,27683,4896,2242,9,4
2021-05-24T23:59:59+02:00,1,3,1964,1946,3876,4250,5265,6628,7859,9774,13635,14424,15213,15885,8694,10562,2865,5435,0,1,712,514,1137,1272,1448,2234,1895,3258,2751,3363,3760,3289,5781,7006,2639,4991,88397,30930,10020,8081,27671,4855,2182,9,3
2021-05-23T23:59:59+02:00,1,3,1955,1934,3857,4229,5247,6614,7806,9743,13559,14361,15202,15881,8692,10561,2864,5435,0,1,705,504,1126,1259,1422,2210,1840,3222,2641,3266,3348,2858,5135,6196,2624,4946,88163,30758,9919,5526,27671,4834,2182,9,3
2021-05-22T23:59:59+02:00,1,3,1788,1891,3557,4180,4849,6570,7551,9684,13436,14283,15196,15880,8692,10560,2864,5435,0,1,543,472,835,1218,1049,2174,1602,3168,2529,3192,3345,2856,5135,6195,2624,4946,88010,30745,9918,5524,27669,4798,814,9,3
2021-05-21T23:59:59+02:00,1,3,1704,1786,3401,3986,4654,6273,7153,9318,12146,12952,15046,15732,8656,10513,2855,5424,0,1,538,460,825,1215,1046,2166,1567,3137,2451,3114,3169,2719,5108,6152,2621,4931,83244,30104,9876,5523,27663,4777,813,7,3
2021-05-20T23:59:59+02:00,1,3,1666,1751,3305,3933,4546,6186,6976,9235,11936,12722,15025,15714,8652,10506,2854,5423,0,1,517,445,784,1167,989,2101,1444,3065,2324,3016,2977,2548,5067,6075,2613,4916,82391,29350,9774,5508,27609,4534,654,6,3
2021-05-19T23:59:59+02:00,1,3,1644,1725,3246,3879,4451,6114,6861,9169,11703,12459,15014,15703,8649,10505,2854,5422,0,1,508,434,768,1129,973,2032,1333,2919,1997,2722,2413,2052,4961,5957,2591,4869,81563,27281,9635,5493,27583,4267,615,6,3
2021-05-18T23:59:59+02:00,1,3,1585,1693,3157,3790,4338,6011,6701,9011,11412,12202,14969,15656,8637,10482,2852,5412,0,1,505,422,753,1114,955,2014,1250,2856,1716,2498,1966,1708,4888,5873,2569,4825,80465,25731,9432,5483,27516,4203,493,6,3
2021-05-17T23:59:59+02:00,1,3,1536,1612,3027,3633,4134,5731,6352,8548,10861,11651,14860,15563,8618,10457,2847,5401,0,1,503,414,747,1107,934,2009,1226,2830,1689,2462,1950,1688,4881,5866,2566,4822,77559,25664,9395,5469,27492,4176,383,6,3
2021-05-16T23:59:59+02:00,1,3,1517,1590,2973,3591,4039,5644,6203,8412,10684,11516,14834,15541,8610,10449,2846,5399,0,1,496,407,725,1092,903,1993,1198,2802,1655,2438,1943,1679,4878,5862,2564,4820,76810,25632,9335,5451,27462,4131,239,6,3
2021-05-15T23:59:59+02:00,1,3,1431,1494,2765,3424,3811,5366,5844,7939,10331,11221,14749,15479,8591,10420,2840,5390,0,1,496,405,720,1089,903,1989,1193,2800,1649,2433,1931,1667,4871,5856,2564,4818,74065,25568,9335,5450,27455,4126,238,6,3
2021-05-14T23:59:59+02:00,1,3,1397,1432,2653,3326,3659,5209,5644,7650,10107,10966,14714,15440,8578,10397,2837,5386,0,1,448,367,649,922,828,1703,1065,2388,1466,2107,1897,1626,4868,5848,2564,4814,72412,25505,9316,5448,27432,2372,233,6,3
2021-05-13T23:59:59+02:00,1,3,1339,1365,2550,3242,3490,5072,5424,7444,9880,10784,14688,15411,8568,10394,2835,5383,0,1,441,354,622,894,726,1596,965,2302,1203,1891,1179,1045,4646,5612,2556,4782,71245,25383,9002,2903,27402,2308,218,6,3
2021-05-12T23:59:59+02:00,1,3,1331,1355,2534,3236,3472,5058,5403,7431,9864,10774,14685,15406,8566,10392,2834,5383,0,1,441,353,621,893,722,1595,960,2302,1199,1885,1160,1036,4634,5574,2522,4713,71129,25183,8978,2903,27398,2305,217,6,3
2021-05-11T23:59:59+02:00,1,2,1291,1312,2460,3155,3358,4932,5207,7286,9575,10464,14637,15348,8554,10372,2830,5374,0,1,436,341,603,879,700,1577,932,2279,1173,1857,1105,1000,4569,5476,2478,4588,69789,24686,8854,2885,27312,2223,197,6,3
2021-05-10T23:59:59+02:00,1,2,1268,1284,2395,3077,3230,4805,5075,7130,9252,10084,14592,15309,8545,10353,2825,5372,0,1,435,339,590,869,688,1562,920,2264,1155,1843,1069,965,4507,5398,2437,4469,68432,24267,8731,2881,27241,2171,189,6,3
2021-05-09T23:59:59+02:00,1,2,1253,1267,2350,3060,3150,4768,5011,7097,9185,10039,14579,15293,8543,10347,2825,5370,0,1,427,337,576,864,665,1541,898,2244,1143,1829,1050,949,4494,5360,2421,4426,68185,24103,8654,2879,27192,2137,103,6,3
2021-05-08T23:59:59+02:00,1,2,1251,1263,2336,3048,3133,4756,4972,7082,9160,10031,14578,15293,8543,10346,2825,5370,0,1,427,337,575,864,664,1541,898,2243,1142,1828,1050,949,4493,5360,2421,4426,68043,24101,8648,2876,27190,2136,103,6,3
2021-05-07T23:59:59+02:00,1,2,1231,1242,2295,3007,3080,4707,4872,6989,8934,9784,14561,15270,8537,10340,2822,5366,0,1,378,311,543,795,627,1378,828,2035,1052,1639,1020,920,4472,5337,2419,4421,67126,23994,8641,2871,27164,1205,103,6,3
2021-05-06T23:59:59+02:00,1,2,1085,1150,2068,2765,2778,4401,4499,6587,8344,9179,14283,15033,8497,10284,2819,5365,0,1,377,307,530,775,610,1346,809,2000,1020,1611,992,886,4462,5323,2417,4417,63500,23861,8510,2820,27027,1102,97,6,3
2021-05-05T23:59:59+02:00,1,1,1020,1097,1956,2655,2619,4228,4203,6308,7324,7992,14197,14934,8462,10243,2806,5345,0,1,373,304,522,765,595,1336,776,1986,994,1591,919,823,4421,5251,2409,4401,59969,23540,8464,2798,26903,1077,49,6,3
2021-05-04T23:59:59+02:00,1,1,997,1077,1905,2616,2517,4160,3983,6193,7042,7773,13691,14368,8431,10210,2801,5336,0,1,369,303,517,761,583,1331,759,1967,978,1584,900,799,4398,5235,2406,4392,57907,23402,8405,2782,26743,1055,41,6,3
2021-05-03T23:59:59+02:00,1,1,965,1042,1842,2563,2410,4048,3782,6076,6683,7471,13156,13742,8394,10172,2794,5321,0,1,364,302,515,754,573,1324,750,1955,964,1571,874,775,4380,5217,2400,4379,55477,23288,8377,2772,26602,1034,1,6,3
2021-05-02T23:59:59+02:00,1,1,960,1041,1823,2555,2380,4038,3738,6066,6646,7462,13155,13741,8394,10171,2794,5321,0,1,364,302,512,754,572,1322,745,1955,963,1567,872,771,4378,5212,2399,4379,55336,23267,8370,2770,26574,1027,1,6,3
2021-05-01T23:59:59+02:00,1,1,960,1039,1815,2551,2368,4030,3723,6058,6632,7452,13154,13738,8394,10171,2794,5321,0,1,364,302,512,754,572,1321,744,1954,961,1567,872,771,4378,5212,2399,4379,55255,23266,8368,2766,26572,1027,1,6,3
2021-04-30T23:59:59+02:00,0,1,944,1034,1795,2535,2346,3995,3686,6025,6550,7397,13058,13635,8393,10166,2791,5309,0,1,317,248,471,677,543,1142,713,1731,927,1363,861,753,4374,5209,2399,4379,54752,23252,8367,2760,26534,92,1,6,3
2021-04-29T23:59:59+02:00,0,1,891,1010,1739,2485,2283,3936,3536,5898,6312,7173,12797,13360,8371,10137,2787,5302,0,1,310,246,461,670,540,1134,706,1720,917,1355,853,737,4365,5201,2399,4377,53150,23163,8352,2754,26509,71,1,6,3
2021-04-28T23:59:59+02:00,0,1,830,978,1659,2422,2140,3824,3252,5643,5707,6663,11958,12438,8312,10047,2763,5265,0,1,309,243,459,663,532,1121,695,1699,906,1348,837,720,4346,5174,2397,4377,49082,23038,8345,2734,26468,51,1,6,3
2021-04-27T23:59:59+02:00,0,1,821,973,1640,2401,2095,3805,3182,5617,5579,6536,11928,12421,8310,10045,2763,5263,0,1,308,241,453,661,524,1114,686,1687,897,1342,826,707,4342,5167,2396,4370,48598,22957,8340,2718,26435,43,1,6,3
2021-04-26T23:59:59+02:00,0,1,811,962,1614,2383,2034,3766,3004,5538,5247,6251,11360,11775,8255,9980,2758,5253,0,1,306,240,452,660,519,1108,675,1681,888,1331,815,697,4337,5161,2396,4366,46264,22905,8331,2687,26392,38,1,4,2
2021-04-25T23:59:59+02:00,0,1,801,959,1597,2376,1996,3749,2878,5514,5151,6246,11355,11771,8251,9974,2757,5252,0,1,305,239,452,660,519,1101,675,1679,884,1329,815,696,4337,5161,2396,4366,45930,22898,8325,2683,26368,31,1,4,2
2021-04-24T23:59:59+02:00,0,1,786,949,1575,2356,1956,3703,2781,5443,4807,5919,10742,11045,8220,9915,2756,5250,0,1,305,239,452,660,519,1100,674,1677,883,1329,810,692,4327,5145,2394,4365,43514,22861,8323,2678,26362,30,1,4,2
2021-04-23T23:59:59+02:00,0,1,781,941,1562,2346,1926,3676,2742,5390,4645,5731,10433,10662,8180,9873,2753,5241,0,1,305,238,452,660,519,1099,673,1677,881,1329,810,691,4325,5142,2394,4365,42211,22851,8322,2677,26345,30,1,4,2
2021-04-22T23:59:59+02:00,0,1,764,927,1535,2302,1877,3607,2654,5297,4489,5576,10288,10467,8166,9842,2751,5233,0,1,305,237,450,649,517,1093,667,1669,875,1320,804,687,4322,5140,2394,4363,41205,22815,8292,2653,26274,22,1,4,2
2021-04-21T23:59:59+02:00,0,1,753,915,1510,2289,1825,3562,2549,5209,4106,5156,9690,9781,8116,9778,2747,5222,0,1,303,237,448,648,517,1092,663,1666,870,1315,791,675,4312,5125,2394,4359,38684,22764,8276,2629,26244,20,1,4,2
2021-04-20T23:59:59+02:00,0,1,746,903,1489,2262,1794,3530,2499,5152,3968,5060,9493,9561,8098,9768,2743,5219,0,1,303,236,448,647,516,1090,662,1662,867,1309,785,670,4308,5120,2394,4359,37846,22732,8263,2623,26172,20,1,4,1
2021-04-19T23:59:59+02:00,0,1,739,894,1480,2254,1777,3512,2468,5125,3902,5000,9123,9143,8073,9743,2740,5213,0,1,303,234,447,642,514,1087,659,1659,863,1305,780,664,4299,5118,2394,4357,36816,22692,8251,2612,26115,20,1,4,1
2021-04-18T23:59:59+02:00,0,1,735,891,1475,2248,1758,3505,2449,5113,3894,4998,9113,9132,8073,9742,2740,5213,0,1,302,234,447,639,513,1083,657,1656,860,1305,779,662,4299,5116,2394,4357,36757,22684,8231,2598,26087,20,1,4,1
2021-04-17T23:59:59+02:00,0,1,716,885,1387,2237,1658,3493,2412,5082,3813,4919,8394,8410,8057,9729,2740,5213,0,1,302,234,445,637,512,1082,656,1656,859,1302,779,662,4298,5116,2394,4357,36747,22672,8230,2598,24164,20,1,4,1
2021-04-16T23:59:59+02:00,0,1,701,867,1258,2214,1506,3468,2326,5016,3651,4755,7053,6860,8022,9680,2727,5181,0,1,302,233,440,630,507,1078,646,1654,855,1293,769,656,4293,5102,2391,4355,35371,22598,8220,2593,21690,12,1,4,1
2021-04-15T23:59:59+02:00,0,1,680,857,1247,2201,1485,3449,2268,4979,3578,4702,6613,6360,7981,9614,2703,5106,0,1,295,227,425,618,490,1064,612,1627,819,1264,678,595,3795,4587,2367,4319,34040,22536,8165,1237,21614,8,1,4,1
2021-04-14T23:59:59+02:00,0,1,675,853,1228,2186,1452,3430,2223,4942,3445,4607,5273,4956,7930,9548,2681,5069,0,1,287,222,422,612,483,1061,604,1618,814,1260,663,579,3782,4577,2363,4313,30805,22444,8152,1208,21537,7,1,4,1
2021-04-13T23:59:59+02:00,0,1,671,853,1219,2181,1436,3428,2215,4931,3425,4591,5253,4939,7924,9545,2680,5067,0,1,287,221,420,609,480,1057,602,1614,803,1257,645,573,3780,4574,2363,4313,30722,22420,8130,1170,21502,7,1,4,1
2021-04-12T23:59:59+02:00,0,1,666,846,1206,2171,1419,3417,2181,4916,3393,4568,5228,4923,7911,9533,2677,5034,0,1,286,220,418,609,478,1051,600,1610,795,1249,640,570,3774,4572,2362,4313,30589,22392,8085,1147,21411,7,1,4,1
2021-04-11T23:59:59+02:00,0,1,658,842,1189,2159,1399,3402,2113,4891,3274,4484,4811,4484,7240,8711,2670,5029,0,1,286,220,416,609,476,1049,594,1607,791,1247,636,567,3770,4567,2362,4313,30558,22385,5476,1117,21318,7,1,4,1
2021-04-10T23:59:59+02:00,0,1,658,840,1188,2158,1397,3397,2111,4888,3271,4477,4767,4437,7236,8705,2670,5028,0,1,280,217,414,598,463,1033,567,1590,759,1222,564,497,3202,3949,2313,4218,30434,20761,5473,1117,21317,7,1,4,1
2021-04-09T23:59:59+02:00,0,1,654,839,1180,2153,1391,3392,2079,4864,3192,4396,4568,4271,7201,8656,2666,5012,0,1,270,210,404,584,444,1017,540,1571,738,1199,484,436,2544,3127,2263,4122,29738,18829,5469,1116,21303,7,1,4,1
2021-04-08T23:59:59+02:00,0,1,644,829,1163,2141,1374,3360,2018,4810,3043,4286,3514,3117,6962,8292,2655,4997,0,1,257,202,387,566,420,1003,518,1540,705,1177,461,409,2533,3118,2259,4119,28933,18599,5419,1067,18849,7,1,4,1
2021-04-07T23:59:59+02:00,0,1,637,823,1150,2132,1355,3347,1909,4730,2721,4036,2903,2585,6850,8168,2630,4944,0,1,243,195,360,543,382,969,475,1506,668,1149,433,384,2472,3052,2254,4110,26749,18142,5398,1047,18769,6,1,4,0
2021-04-06T23:59:59+02:00,0,1,627,814,1110,2125,1331,3328,1791,4680,2441,3870,2451,2235,6771,8076,2607,4906,0,1,219,182,325,516,356,950,438,1483,632,1116,398,342,2417,2977,2248,4098,25143,17663,5379,1028,18637,6,1,4,0
2021-04-05T23:59:59+02:00,0,1,624,812,1099,2120,1325,3325,1782,4670,2426,3852,2158,1891,5662,6773,2605,4905,0,1,219,182,324,512,350,944,434,1481,628,1112,395,339,2415,2971,2248,4096,25110,17653,5367,991,15549,6,1,3,0
2021-04-04T23:59:59+02:00,0,1,623,811,1099,2120,1325,3324,1782,4670,2423,3850,2156,1888,5662,6769,2605,4905,0,1,219,182,323,512,350,944,433,1481,628,1112,395,339,2414,2971,2248,4096,25100,17650,5367,991,15542,6,1,3,0
2021-04-03T23:59:59+02:00,0,1,623,811,1099,2119,1325,3324,1781,4668,2419,3850,2155,1884,5661,6769,2605,4905,0,1,219,182,323,512,350,944,433,1481,627,1112,395,339,2414,2971,2248,4096,25094,17649,5363,991,15538,6,1,3,0
2021-04-02T23:59:59+02:00,0,1,623,810,1099,2118,1320,3323,1778,4662,2417,3847,2147,1875,5650,6753,2602,4893,0,1,219,182,323,510,350,943,432,1480,626,1101,393,339,2414,2970,2248,4096,25025,17629,5357,991,15532,6,1,3,0
2021-04-01T23:59:59+02:00,0,1,619,799,1078,2099,1222,3228,1687,4593,2158,3639,1419,1290,5442,6539,2592,4863,0,1,215,181,323,509,349,942,431,1477,626,1100,390,337,2414,2970,2248,4092,24915,17616,2856,982,15493,6,1,3,0
2021-03-31T23:59:59+02:00,0,1,617,797,1074,2095,1217,3220,1676,4588,2139,3626,1390,1257,5414,6484,2551,4763,0,1,214,181,322,508,348,942,431,1476,625,1098,387,334,2410,2969,2246,4090,24588,17601,2840,974,15477,6,1,3,0
2021-03-30T23:59:59+02:00,0,1,614,790,1069,2091,1211,3215,1666,4574,2132,3611,1343,1212,5326,6351,2504,4610,0,1,214,180,322,507,345,938,426,1473,618,1087,372,323,2306,2816,2122,3864,24051,16976,2817,931,15449,6,1,2,0
2021-03-29T23:59:59+02:00,0,1,612,788,1066,2082,1202,3208,1659,4561,2118,3598,1305,1178,5261,6254,2450,4477,0,1,214,179,320,505,343,936,424,1468,612,1082,365,318,2079,2548,1893,3483,23599,15835,2789,928,15429,6,1,2,0
2021-03-28T23:59:59+02:00,0,1,612,785,1064,2076,1199,3201,1654,4550,2112,3593,1289,1169,5250,6231,2438,4444,0,1,212,179,319,502,334,932,421,1461,609,1070,358,306,2074,2534,1892,3480,23488,15807,2771,873,15406,3,1,2,0
2021-03-27T23:59:59+01:00,0,1,560,724,985,2008,1118,3081,1535,4425,2010,3510,1220,1099,4646,5499,2438,4444,0,1,210,178,319,501,334,932,417,1459,608,1067,357,306,2073,2533,1892,3480,23471,15791,2766,873,13064,2,1,1,0
2021-03-26T23:59:59+01:00,0,1,557,719,977,1999,1116,3075,1525,4418,1993,3502,1176,1068,4616,5465,2437,4440,0,1,209,175,319,499,331,931,415,1458,603,1060,349,301,1663,1994,1466,2751,23276,13655,2756,867,13050,2,1,1,0
2021-03-25T23:59:59+01:00,0,1,554,713,965,1991,1113,3066,1518,4406,1977,3492,1165,1057,4608,5460,2437,4438,0,1,208,172,317,498,329,926,411,1452,599,1051,345,297,1566,1871,1429,2675,23228,13300,2748,844,12983,2,1,1,0
2021-03-24T23:59:59+01:00,0,1,552,707,957,1981,1100,3050,1489,4385,1962,3483,1129,1027,4581,5425,2432,4433,0,1,207,172,316,497,325,922,407,1444,589,1033,333,287,1236,1488,1273,2405,23085,12148,2722,784,12885,2,1,1,0
2021-03-23T23:59:59+01:00,0,1,550,701,951,1966,1095,3038,1481,4371,1952,3475,1116,1014,4561,5411,2432,4429,0,1,206,172,314,493,316,919,406,1444,583,1029,325,280,997,1221,1157,2224,23005,11322,2713,762,12824,2,1,1,0
2021-03-22T23:59:59+01:00,0,1,549,692,946,1952,1089,3029,1472,4355,1938,3465,1113,1010,4556,5409,2432,4428,0,1,205,172,313,491,315,917,403,1441,580,1025,321,276,996,1217,1157,2220,22980,11305,2697,742,12757,2,1,1,0
2021-03-21T23:59:59+01:00,0,1,546,689,944,1943,1086,3025,1464,4342,1926,3458,1109,1009,4556,5407,2431,4428,0,1,204,172,313,490,313,913,403,1436,574,1023,311,271,992,1211,1156,2220,22975,11301,2684,699,12703,2,1,1,0
2021-03-20T23:59:59+01:00,0,1,541,682,940,1926,1069,3008,1435,4324,1891,3428,1037,939,3972,4768,2380,4328,0,1,204,172,313,490,313,913,403,1436,574,1023,311,271,992,1211,1155,2219,21305,11299,2683,699,12679,2,1,1,0
2021-03-19T23:59:59+01:00,0,1,532,672,922,1899,1041,2988,1399,4298,1865,3397,950,875,3292,3929,2328,4229,0,1,201,172,311,490,312,910,401,1434,570,1017,308,270,979,1198,1124,2179,19309,11277,2671,597,12635,2,1,1,0
2021-03-18T23:59:59+01:00,0,1,519,659,905,1873,1018,2962,1359,4257,1820,3345,851,811,2777,3395,2304,4196,0,1,196,170,308,486,310,900,397,1427,568,1012,305,263,873,1100,1011,1985,19227,10890,1268,419,12555,2,1,1,0
2021-03-17T23:59:59+01:00,0,1,517,650,896,1854,1005,2941,1336,4235,1802,3329,821,786,2689,3302,2298,4190,0,1,194,169,306,484,307,899,390,1423,565,1008,302,258,630,824,703,1534,18916,9961,1229,35,12506,0,1,0,0
2021-03-16T23:59:59+01:00,0,1,515,641,887,1833,984,2924,1319,4223,1778,3312,791,775,2641,3221,2296,4183,0,1,194,169,304,484,305,896,387,1421,562,1004,296,254,383,581,513,1223,18705,8948,1189,29,12430,0,0,0,0
2021-03-15T23:59:59+01:00,0,1,515,631,882,1814,973,2902,1313,4216,1770,3302,785,771,2638,3219,2295,4183,0,1,193,169,303,483,304,896,387,1420,559,1004,296,254,383,580,512,1223,18690,8941,1164,26,12356,0,0,0,0
2021-03-14T23:59:59+01:00,0,1,513,625,874,1801,966,2894,1303,4201,1760,3289,780,766,2632,3216,2295,4183,0,1,193,169,302,483,303,894,385,1418,558,1004,295,254,383,580,512,1223,18684,8937,1134,20,12281,0,0,0,0
2021-03-13T23:59:59+01:00,0,1,492,574,781,1538,835,2511,1108,3637,1478,2861,700,678,2529,3090,2294,4182,0,1,193,169,302,483,303,894,385,1418,558,1004,295,254,383,580,512,1223,18680,8937,1134,20,9475,0,0,0,0
2021-03-12T23:59:59+01:00,0,1,478,491,717,1268,744,2114,936,2951,1231,2267,557,527,2485,3046,2294,4182,0,0,193,167,302,483,303,892,384,1418,558,1001,295,253,370,559,463,1157,18650,8778,1133,20,6506,0,0,0,0
2021-03-11T23:59:59+01:00,0,1,454,455,683,1197,697,2008,876,2804,1149,2156,500,467,2470,3034,2293,4180,0,0,193,167,301,481,302,891,384,1415,557,1001,295,252,357,542,414,1112,18452,8647,1084,17,5888,0,0,0,0
2021-03-10T23:59:59+01:00,0,1,440,445,649,1166,657,1974,833,2768,1116,2127,481,451,2456,3014,2292,4176,0,0,189,165,297,474,302,890,379,1409,551,994,291,246,232,443,180,842,18175,7873,1064,11,5807,0,0,0,0
2021-03-09T23:59:59+01:00,0,1,425,428,617,1136,633,1953,810,2740,1093,2102,459,430,2362,2872,2165,3945,0,0,189,165,295,472,301,889,378,1406,551,991,289,245,232,443,179,841,17407,7865,1046,1,5718,0,0,0,0
2021-03-08T23:59:59+01:00,0,1,413,408,594,1105,615,1930,794,2715,1071,2076,437,402,2131,2597,1935,3564,0,0,189,164,295,470,300,884,378,1400,551,989,288,243,232,442,179,841,16158,7844,1017,1,5613,0,0,0,0
2021-03-07T23:59:59+01:00,0,1,412,407,587,1087,601,1922,791,2702,1066,2066,436,401,2126,2589,1934,3561,0,0,189,164,294,469,300,883,378,1397,551,988,288,243,232,442,179,841,16130,7837,1007,1,5552,0,0,0,0
2021-03-06T23:59:59+01:00,0,1,412,404,583,1073,597,1920,784,2695,1062,2059,435,401,2126,2589,1934,3561,0,0,189,164,294,469,300,883,378,1397,551,987,287,243,232,442,179,841,16120,7835,1007,1,5509,0,0,0,0
2021-03-05T23:59:59+01:00,0,1,406,389,577,1060,591,1911,779,2685,1055,2050,421,393,1705,2031,1503,2810,0,0,187,159,290,469,298,881,376,1394,549,983,287,243,232,442,178,840,13901,7807,1007,1,5459,0,0,0,0
2021-03-04T23:59:59+01:00,0,1,395,364,549,1021,572,1854,748,2631,1034,2000,417,389,1612,1911,1463,2733,0,0,176,151,280,456,297,873,374,1380,547,979,286,243,232,442,178,840,13541,7733,1001,1,5152,0,0,0,0
2021-03-03T23:59:59+01:00,0,1,392,358,542,989,554,1822,724,2584,1016,1960,409,383,1285,1530,1304,2457,0,0,175,150,279,455,296,872,370,1373,544,972,284,241,231,441,176,835,12373,7693,992,1,4945,0,0,0,0
2021-03-02T23:59:59+01:00,0,1,388,353,534,954,540,1801,715,2559,1005,1941,398,373,1038,1263,1184,2273,0,0,175,148,278,445,292,866,370,1364,544,966,284,241,231,441,176,835,11541,7655,955,1,4824,0,0,0,0
2021-03-01T23:59:59+01:00,0,1,386,346,525,931,521,1770,706,2535,995,1924,394,366,1037,1256,1184,2268,0,0,175,146,278,436,289,856,367,1349,540,960,282,239,230,440,176,835,11519,7597,920,1,4706,0,0,0,0
2021-02-28T23:59:59+01:00,0,1,382,343,522,923,513,1759,702,2523,990,1909,389,361,1037,1253,1184,2268,0,0,173,144,278,435,289,855,367,1349,539,960,282,239,230,440,176,835,11512,7590,892,1,4655,0,0,0,0
2021-02-27T23:59:59+01:00,0,1,381,341,517,916,511,1753,699,2514,987,1907,388,360,1037,1253,1183,2268,0,0,173,144,278,435,289,855,367,1349,538,960,282,239,230,440,176,835,11511,7589,892,1,4613,0,0,0,0
2021-02-26T23:59:59+01:00,0,1,335,298,449,743,434,1445,572,2096,816,1564,360,330,1037,1250,1183,2268,0,0,173,142,278,431,287,847,365,1341,536,957,282,239,230,440,176,835,11501,7558,881,1,2799,0,0,0,0
2021-02-25T23:59:59+01:00,0,1,315,289,438,722,422,1409,557,2047,796,1532,352,322,951,1157,1109,2142,0,0,122,129,258,425,278,834,353,1325,531,950,282,237,230,440,176,835,11088,7405,850,0,2623,0,0,0,0
2021-02-24T23:59:59+01:00,0,1,310,283,433,706,416,1374,541,1999,774,1489,345,309,741,923,922,1833,0,0,122,123,256,420,275,823,351,1312,524,944,279,234,228,439,176,833,10140,7339,809,0,2450,0,0,0,0
2021-02-23T23:59:59+01:00,0,1,308,271,425,691,405,1348,533,1966,754,1470,331,299,488,673,731,1526,0,0,122,122,255,418,273,817,351,1306,523,936,278,233,227,439,174,832,9127,7306,764,0,2329,0,0,0,0
2021-02-22T23:59:59+01:00,0,1,308,270,424,684,404,1343,529,1955,749,1466,331,297,487,671,731,1525,0,0,122,117,250,408,272,800,347,1280,518,928,274,232,227,439,174,832,9122,7220,753,0,2300,0,0,0,0
2021-02-21T23:59:59+01:00,0,1,305,269,422,677,401,1334,526,1947,743,1462,320,292,483,666,729,1525,0,0,122,117,249,407,271,797,344,1277,511,924,273,231,226,438,173,821,9117,7181,711,0,2274,0,0,0,0
2021-02-20T23:59:59+01:00,0,1,305,266,422,675,401,1326,525,1938,741,1458,320,292,483,666,729,1525,0,0,122,117,249,407,271,797,344,1277,510,924,273,231,226,438,173,821,9117,7180,711,0,2245,0,0,0,0
2021-02-19T23:59:59+01:00,0,0,259,240,390,599,367,1156,467,1725,632,1248,311,276,457,630,647,1416,0,0,122,117,249,407,270,797,344,1277,510,924,273,231,226,438,173,821,8895,7179,604,0,1321,0,0,0,0
2021-02-18T23:59:59+01:00,0,0,258,235,382,589,356,1134,454,1707,622,1241,311,274,403,582,534,1284,0,0,119,114,245,401,263,790,341,1268,506,923,271,229,226,438,173,821,8706,7128,424,0,1236,0,0,0,0
2021-02-17T23:59:59+01:00,0,0,252,231,370,575,349,1125,431,1691,614,1229,306,267,242,446,188,866,0,0,111,101,242,395,258,774,335,1252,500,912,267,226,225,438,173,821,7968,7030,33,0,1181,0,0,0,0
2021-02-16T23:59:59+01:00,0,0,251,229,359,573,339,1116,423,1677,609,1222,303,264,241,445,188,866,0,0,83,88,222,369,247,744,318,1212,468,877,245,211,217,418,172,814,7959,6705,29,0,1117,0,0,0,0
2021-02-15T23:59:59+01:00,0,0,247,228,356,568,337,1110,421,1665,604,1216,303,264,241,444,187,866,0,0,82,86,218,358,240,732,308,1185,452,854,232,204,204,394,165,758,7946,6472,26,0,1085,0,0,0,0
2021-02-14T23:59:59+01:00,0,0,246,226,350,565,334,1101,417,1659,601,1213,303,264,241,444,187,866,0,0,78,84,211,354,237,724,303,1172,448,839,231,202,204,383,165,748,7937,6383,21,0,1059,0,0,0,0
2021-02-13T23:59:59+01:00,0,0,246,226,350,565,334,1101,415,1659,601,1212,302,264,241,444,187,866,0,0,78,84,211,353,237,724,303,1172,448,839,231,202,204,383,165,748,7935,6382,21,0,1057,0,0,0,0
2021-02-12T23:59:59+01:00,0,0,193,167,302,486,307,904,382,1422,564,999,294,249,240,444,187,866,0,0,75,83,208,352,235,721,297,1168,445,834,227,199,204,381,165,748,7922,6342,21,0,63,0,0,0,0
2021-02-11T23:59:59+01:00,0,0,191,166,296,473,303,890,376,1402,554,992,294,249,240,444,187,866,0,0,74,80,198,326,225,676,277,1117,427,784,226,196,204,376,165,745,7879,6096,18,0,26,0,0,0,0
2021-02-10T23:59:59+01:00,0,0,189,159,293,469,300,885,370,1391,550,984,292,247,238,443,187,864,0,0,69,75,181,298,214,616,260,1033,402,732,217,181,190,346,150,694,7837,5658,12,0,12,0,0,0,0
2021-02-09T23:59:59+01:00,0,0,184,152,289,461,299,876,370,1381,548,975,289,246,238,443,186,863,0,0,60,60,143,234,185,512,222,840,346,595,195,155,168,309,140,617,7792,4781,3,0,5,0,0,0,0
2021-02-08T23:59:59+01:00,0,0,178,146,285,449,294,866,366,1361,542,968,285,242,237,442,184,859,0,0,33,47,98,145,136,285,163,460,252,388,164,127,139,251,115,512,7696,3315,3,0,5,0,0,0,0
2021-02-07T23:59:59+01:00,0,0,176,144,283,448,293,864,365,1360,541,967,284,241,237,442,184,859,0,0,19,40,80,123,131,264,154,426,236,362,154,122,129,240,108,474,7686,3062,2,0,0,0,0,0,0
2021-02-06T23:59:59+01:00,0,0,176,144,283,448,293,864,365,1360,541,967,284,241,237,442,184,859,0,0,19,37,78,120,121,249,143,409,205,341,139,118,128,235,107,463,7686,2912,2,0,0,0,0,0,0
2021-02-05T23:59:59+01:00,0,0,176,142,283,444,292,853,363,1352,537,964,284,240,237,442,184,858,0,0,18,33,75,115,114,235,137,382,188,323,134,113,124,230,99,446,7649,2766,2,0,0,0,0,0,0
2021-02-04T23:59:59+01:00,0,0,168,137,282,439,285,844,359,1341,528,955,283,238,236,441,184,856,0,0,11,20,48,76,85,178,114,290,155,265,116,99,112,210,89,402,7575,2270,1,0,0,0,0,0,0
2021-02-03T23:59:59+01:00,0,0,150,130,272,434,282,837,357,1330,528,953,283,238,235,441,184,855,0,0,11,18,41,64,76,143,90,259,134,223,97,85,97,181,80,354,7508,1953,1,0,0,0,0,0,0
2021-02-02T23:59:59+01:00,0,0,130,125,260,432,279,829,352,1324,527,946,282,238,234,441,183,854,0,0,11,15,33,58,64,121,75,214,103,173,65,60,72,118,55,227,7435,1464,1,0,0,0,0,0,0
2021-02-01T23:59:59+01:00,0,0,125,120,255,417,277,812,350,1298,521,934,277,236,234,441,183,854,0,0,4,9,18,30,33,66,46,119,59,72,30,31,32,52,30,111,7333,742,1,0,0,0,0,0,0
2021-01-31T23:59:59+01:00,0,0,124,117,253,414,275,808,348,1292,516,932,277,233,233,440,183,854,0,0,4,6,13,21,28,47,32,73,39,44,16,11,16,32,24,65,7298,471,1,0,0,0,0,0,0
2021-01-30T23:59:59+01:00,0,0,124,117,253,414,275,807,348,1291,515,932,277,233,233,440,183,854,0,0,4,6,13,18,25,40,27,65,36,42,16,11,16,32,24,65,7295,440,1,0,0,0,0,0,0
2021-01-29T23:59:59+01:00,0,0,124,117,253,414,274,807,348,1291,515,932,277,233,233,440,183,854,0,0,4,6,6,17,23,32,22,56,32,39,16,11,16,31,23,64,7294,398,1,0,0,0,0,0,0
2021-01-28T23:59:59+01:00,0,0,122,114,249,407,270,800,345,1284,510,931,277,233,233,440,183,854,0,0,1,3,2,7,15,14,12,27,12,23,12,7,9,18,8,27,7251,197,1,0,0,0,0,0,0
2021-01-27T23:59:59+01:00,0,0,114,104,247,402,267,791,340,1277,504,924,272,230,232,439,183,854,0,0,0,0,1,4,12,12,8,20,10,17,11,7,9,18,8,27,7179,164,1,0,0,0,0,0,0
2021-01-26T23:59:59+01:00,0,0,88,92,229,385,259,766,328,1239,478,893,252,218,222,421,183,846,0,0,0,0,1,4,12,12,8,20,10,17,11,7,9,18,8,27,6898,164,1,0,0,0,0,0,0
2021-01-25T23:59:59+01:00,0,0,85,87,227,365,246,746,314,1206,460,868,235,211,211,399,178,791,0,0,0,0,1,4,12,10,7,13,7,13,11,7,9,18,8,27,6629,147,0,0,0,0,0,0,0
2021-01-24T23:59:59+01:00,0,0,85,85,223,362,245,741,311,1193,458,853,234,209,211,388,178,780,0,0,0,0,1,4,11,10,7,13,7,13,11,7,9,18,8,27,6556,146,0,0,0,0,0,0,0
2021-01-23T23:59:59+01:00,0,0,85,85,223,362,245,741,311,1193,458,853,234,209,211,388,178,780,0,0,0,0,1,4,11,10,7,13,7,13,11,7,9,18,8,27,6556,146,0,0,0,0,0,0,0
2021-01-22T23:59:59+01:00,0,0,85,84,221,359,245,738,308,1189,454,850,232,208,211,387,178,780,0,0,0,0,1,4,11,10,7,13,7,13,11,7,9,18,8,27,6529,146,0,0,0,0,0,0,0
2021-01-21T23:59:59+01:00,0,0,85,81,208,329,235,693,283,1139,439,816,231,204,210,381,177,777,0,0,0,0,1,2,9,9,6,12,6,11,11,7,9,18,8,27,6288,136,0,0,0,0,0,0,0
2021-01-20T23:59:59+01:00,0,0,79,76,193,306,223,626,269,1046,410,756,222,192,195,350,163,725,0,0,0,0,1,2,9,9,6,12,6,11,11,7,9,18,8,27,5831,136,0,0,0,0,0,0,0
2021-01-19T23:59:59+01:00,0,0,71,66,154,257,203,564,243,923,369,646,201,166,169,308,149,635,0,0,0,0,1,2,3,7,6,11,4,9,8,6,9,18,8,27,5124,119,0,0,0,0,0,0,0
2021-01-18T23:59:59+01:00,0,0,59,59,131,213,182,460,216,764,329,553,182,145,144,257,127,546,0,0,0,0,0,1,2,4,3,6,2,7,7,6,9,18,8,25,4367,98,0,0,0,0,0,0,0
2021-01-17T23:59:59+01:00,0,0,40,47,107,183,167,402,200,681,305,498,174,138,131,240,110,486,0,0,0,0,0,0,2,4,2,6,2,5,4,4,7,14,6,23,3909,79,0,0,0,0,0,0,0
2021-01-16T23:59:59+01:00,0,0,33,44,107,180,157,385,185,661,274,477,158,133,130,234,109,474,0,0,0,0,0,0,0,0,0,0,0,0,0,0,0,0,0,0,3741,0,0,0,0,0,0,0,0
2021-01-15T23:59:59+01:00,0,0,31,40,104,175,146,371,179,631,255,455,153,124,126,228,100,456,0,0,0,0,0,0,0,0,0,0,0,0,0,0,0,0,0,0,3574,0,0,0,0,0,0,0,0
2021-01-14T23:59:59+01:00,0,0,13,23,50,76,84,174,115,293,150,266,125,105,112,208,88,411,0,0,0,0,0,0,0,0,0,0,0,0,0,0,0,0,0,0,2293,0,0,0,0,0,0,0,0
2021-01-13T23:59:59+01:00,0,0,12,20,40,64,76,139,93,264,125,228,96,83,92,167,69,329,0,0,0,0,0,0,0,0,0,0,0,0,0,0,0,0,0,0,1897,0,0,0,0,0,0,0,0
2021-01-12T23:59:59+01:00,0,0,12,15,36,60,63,115,78,215,96,174,63,55,62,101,40,192,0,0,0,0,0,0,0,0,0,0,0,0,0,0,0,0,0,0,1377,0,0,0,0,0,0,0,0
2021-01-11T23:59:59+01:00,0,0,4,10,25,42,39,83,57,145,59,87,34,30,27,44,19,84,0,0,0,0,0,0,0,0,0,0,0,0,0,0,0,0,0,0,789,0,0,0,0,0,0,0,0
2021-01-10T23:59:59+01:00,0,0,3,6,18,30,34,58,38,98,38,55,17,10,10,23,13,37,0,0,0,0,0,0,0,0,0,0,0,0,0,0,0,0,0,0,488,0,0,0,0,0,0,0,0
2021-01-09T23:59:59+01:00,0,0,3,6,16,26,33,54,33,88,36,54,17,10,10,23,13,37,0,0,0,0,0,0,0,0,0,0,0,0,0,0,0,0,0,0,459,0,0,0,0,0,0,0,0
2021-01-08T23:59:59+01:00,0,0,3,6,13,25,29,44,27,78,32,50,16,10,9,21,12,36,0,0,0,0,0,0,0,0,0,0,0,0,0,0,0,0,0,0,411,0,0,0,0,0,0,0,0
2021-01-07T23:59:59+01:00,0,0,1,4,2,8,15,14,14,28,13,25,12,8,9,18,9,29,0,0,0,0,0,0,0,0,0,0,0,0,0,0,0,0,0,0,209,0,0,0,0,0,0,0,0
2021-01-06T23:59:59+01:00,0,0,1,0,2,4,14,12,9,22,11,20,12,8,9,18,9,29,0,0,0,0,0,0,0,0,0,0,0,0,0,0,0,0,0,0,180,0,0,0,0,0,0,0,0
2021-01-05T23:59:59+01:00,0,0,0,0,1,4,13,12,8,20,10,20,11,8,9,18,9,29,0,0,0,0,0,0,0,0,0,0,0,0,0,0,0,0,0,0,172,0,0,0,0,0,0,0,0
2021-01-04T23:59:59+01:00,0,0,0,0,1,4,13,11,7,16,8,18,11,8,9,18,9,29,0,0,0,0,0,0,0,0,0,0,0,0,0,0,0,0,0,0,162,0,0,0,0,0,0,0,0
2021-01-03T23:59:59+01:00,0,0,0,0,1,4,12,10,7,13,6,15,11,8,9,18,9,29,0,0,0,0,0,0,0,0,0,0,0,0,0,0,0,0,0,0,152,0,0,0,0,0,0,0,0
2021-01-02T23:59:59+01:00,0,0,0,0,1,4,12,10,7,13,6,15,11,8,9,18,9,29,0,0,0,0,0,0,0,0,0,0,0,0,0,0,0,0,0,0,152,0,0,0,0,0,0,0,0
2021-01-01T23:59:59+01:00,0,0,0,0,1,4,12,10,7,13,6,15,11,8,9,18,9,29,0,0,0,0,0,0,0,0,0,0,0,0,0,0,0,0,0,0,152,0,0,0,0,0,0,0,0
2020-12-31T23:59:59+01:00,0,0,0,0,1,4,12,10,7,13,6,15,11,8,9,18,9,29,0,0,0,0,0,0,0,0,0,0,0,0,0,0,0,0,0,0,152,0,0,0,0,0,0,0,0
2020-12-30T23:59:59+01:00,0,0,0,0,1,4,12,10,7,13,6,15,11,8,9,18,9,29,0,0,0,0,0,0,0,0,0,0,0,0,0,0,0,0,0,0,152,0,0,0,0,0,0,0,0
2020-12-29T23:59:59+01:00,0,0,0,0,1,4,8,9,7,13,4,13,11,8,9,18,9,29,0,0,0,0,0,0,0,0,0,0,0,0,0,0,0,0,0,0,143,0,0,0,0,0,0,0,0
2020-12-28T23:59:59+01:00,0,0,0,0,1,1,5,7,7,7,2,10,11,8,9,18,9,29,0,0,0,0,0,0,0,0,0,0,0,0,0,0,0,0,0,0,124,0,0,0,0,0,0,0,0
2020-12-27T23:59:59+01:00,0,0,0,0,0,0,2,4,2,6,1,7,5,6,8,15,8,26,0,0,0,0,0,0,0,0,0,0,0,0,0,0,0,0,0,0,90,0,0,0,0,0,0,0,0
