Datum,<24_1_m,<24_1_w,25-34_1_m,25-34_1_w,35-44_1_m,35-44_1_w,45-54_1_m,45-54_1_w,55-64_1_m,55-64_1_w,65-74_1_m,65-74_1_w,75-84_1_m,75-84_1_w,>84_1_m,>84_1_w,<24_2_m,<24_2_w,25-34_2_m,25-34_2_w,35-44_2_m,35-44_2_w,45-54_2_m,45-54_2_w,55-64_2_m,55-64_2_w,65-74_2_m,65-74_2_w,75-84_2_m,75-84_2_w,>84_2_m,>84_2_w,bp_1,bp_2,mo_1,mo_2,az_1,az_2,ja
2021-06-23T23:59:59+02:00,4072,4104,6534,6235,8741,9712,14446,15073,18208,18633,14601,15337,8304,10451,2247,4509,1925,1862,3175,3512,4270,5589,6648,8098,12546,13493,11536,12026,7808,9748,2171,4348,113339,77054,15428,8853,27667,18075,4773
2021-06-22T23:59:59+02:00,3997,4030,6462,6181,8652,9643,14405,15033,18178,18618,14592,15332,8303,10448,2247,4506,1880,1804,3074,3417,4122,5443,6399,7905,11964,12806,11464,11946,7793,9721,2168,4342,112782,74798,15424,8773,27665,17921,4756
2021-06-21T23:59:59+02:00,3908,3962,6379,6130,8587,9573,14353,14993,18147,18599,14586,15330,8296,10444,2247,4505,1835,1747,2982,3319,3998,5291,6195,7656,11210,11893,10766,11212,7078,8822,2164,4337,112274,72147,15418,8680,27649,14980,4698
2021-06-20T23:59:59+02:00,3877,3935,6338,6105,8547,9546,14330,14979,18137,18595,14586,15330,8296,10444,2247,4505,1814,1729,2948,3296,3949,5255,6143,7629,11130,11820,10749,11193,7077,8817,2163,4337,112107,71838,15402,8604,27649,14968,4639
2021-06-19T23:59:59+02:00,3846,3907,6309,6083,8520,9530,14307,14972,18132,18590,14586,15330,8296,10444,2247,4505,1810,1717,2942,3291,3943,5250,6128,7624,11120,11813,10749,11192,7077,8817,2163,4337,111919,71764,15397,8604,27649,14966,4639
2021-06-18T23:59:59+02:00,3793,3858,6234,6040,8458,9480,14265,14948,18113,18580,14585,15328,8295,10443,2247,4505,1735,1614,2798,3107,3758,4962,5703,7229,9662,10280,10624,11065,7035,8769,2154,4323,111547,66657,15372,8603,27649,14954,4604
2021-06-17T23:59:59+02:00,3725,3797,6168,6003,8389,9424,14200,14910,18092,18572,14583,15323,8295,10441,2247,4502,1590,1503,2608,2894,3494,4676,5330,6820,9014,9583,10367,10847,7003,8725,2151,4320,111188,63014,15343,8489,27646,14928,4494
2021-06-16T23:59:59+02:00,3663,3725,6049,5941,8273,9329,14081,14832,18037,18539,14577,15316,8295,10438,2247,4502,1478,1440,2472,2791,3306,4514,5026,6546,7971,8297,10300,10780,6972,8690,2141,4305,110561,59317,15269,8443,27643,14898,4371
2021-06-15T23:59:59+02:00,3559,3643,5941,5854,8078,9147,13813,14617,17917,18438,14570,15309,8289,10432,2247,4501,1432,1402,2408,2738,3190,4436,4813,6414,7509,7887,9979,10400,6943,8656,2134,4295,109210,57090,15242,8411,27635,14867,4268
2021-06-14T23:59:59+02:00,3480,3568,5856,5795,7931,9019,13513,14363,17763,18298,14556,15299,8283,10427,2246,4500,1404,1368,2341,2683,3060,4339,4598,6268,7085,7453,9580,9949,6917,8623,2132,4287,107839,54763,15234,8306,27631,14825,4193
2021-06-13T23:59:59+02:00,3451,3529,5800,5763,7858,8943,13369,14214,17676,18203,14550,15291,8282,10424,2245,4500,1391,1351,2312,2673,3022,4326,4554,6248,7058,7438,9577,9942,6917,8622,2132,4287,107112,54624,15223,8300,27625,14788,4138
2021-06-12T23:59:59+02:00,3419,3510,5770,5739,7828,8925,13350,14197,17670,18201,14550,15290,8282,10424,2245,4500,1326,1279,2224,2590,2921,4194,4411,6127,6952,7356,9495,9859,6334,7906,2132,4287,106916,54511,15222,8300,27625,12445,4137
2021-06-11T23:59:59+02:00,3333,3425,5700,5674,7629,8719,12923,13892,17435,18020,14537,15265,8275,10417,2244,4498,1298,1258,2177,2549,2853,4145,4326,6063,6825,7245,9425,9781,6322,7901,2130,4281,105903,53988,14334,8055,27623,12410,4126
2021-06-10T23:59:59+02:00,3268,3381,5601,5625,7502,8637,12741,13758,17328,17923,14534,15262,8274,10417,2244,4497,1253,1224,2105,2487,2742,4066,4161,5925,6543,6993,9227,9573,6307,7875,2124,4276,105049,52442,14259,8052,27618,12321,4066
2021-06-09T23:59:59+02:00,3176,3305,5475,5531,7288,8459,12441,13513,17176,17794,14526,15248,8270,10408,2244,4496,1189,1155,1962,2366,2539,3871,3797,5638,5831,6372,8571,8808,6256,7808,2113,4248,103853,48483,14113,8035,27609,12231,3775
2021-06-08T23:59:59+02:00,3064,3185,5341,5410,7094,8263,11963,13070,16858,17449,14512,15223,8260,10401,2243,4493,1146,1118,1890,2311,2441,3793,3653,5577,5692,6245,8545,8793,6254,7797,2111,4245,101667,47990,14086,7987,27607,12165,3469
2021-06-07T23:59:59+02:00,2919,3072,5149,5287,6882,8094,11441,12690,16583,17188,14491,15199,8255,10387,2242,4489,1068,1074,1758,2258,2298,3710,3383,5486,5333,5935,8030,8203,6212,7745,2108,4237,99748,45793,14043,7973,27598,12093,2979
2021-06-06T23:59:59+02:00,2880,3041,5084,5230,6793,8039,11306,12575,16499,17130,14489,15197,8255,10387,2240,4488,1049,1063,1728,2240,2256,3681,3317,5461,5289,5913,8027,8200,6207,7740,2108,4236,99167,45639,13991,7964,27590,12027,2885
2021-06-05T23:59:59+02:00,2866,3016,5057,5202,6753,8017,11276,12548,16491,17124,14489,15197,8255,10387,2240,4488,1030,1046,1698,2213,2212,3623,3204,5374,4914,5565,7469,7532,6181,7697,2107,4234,98948,43271,13991,7959,27586,11988,2881
2021-06-04T23:59:59+02:00,2831,2979,5010,5159,6708,7964,11186,12446,16445,17069,14486,15191,8255,10386,2239,4487,1014,1031,1678,2190,2172,3586,3152,5315,4728,5341,7194,7206,6150,7658,2105,4230,98425,42007,13986,7957,27586,11942,2844
2021-06-03T23:59:59+02:00,2709,2831,4858,4988,6503,7715,10381,11746,15980,16712,14478,15183,8253,10381,2238,4486,996,993,1633,2133,2123,3503,3054,5204,4565,5161,7074,7047,6139,7630,2105,4228,95104,40974,13949,7947,27581,11859,2808
2021-06-02T23:59:59+02:00,2686,2804,4819,4955,6445,7676,10275,11655,15931,16666,14472,15179,8252,10377,2238,4485,984,979,1611,2112,2072,3464,2952,5110,4158,4712,6587,6482,6098,7581,2102,4219,94581,38660,13949,7943,27581,11816,2804
2021-06-01T23:59:59+02:00,2613,2756,4696,4858,6285,7564,10084,11517,15841,16601,14469,15177,8249,10371,2237,4482,946,947,1544,2063,1959,3400,2783,5012,3961,4575,6394,6275,6074,7566,2100,4213,93732,37584,13899,7923,27568,11704,2601
2021-05-31T23:59:59+02:00,2551,2690,4595,4760,6144,7430,9887,11384,15769,16556,14464,15169,8246,10371,2237,4482,921,903,1489,2008,1888,3354,2653,4964,3862,4508,6048,5880,6053,7544,2098,4207,93009,36505,13813,7918,27559,11603,2354
2021-05-30T23:59:59+02:00,2522,2664,4536,4696,6052,7369,9814,11327,15740,16538,14463,15167,8246,10371,2237,4482,906,889,1468,1991,1833,3325,2511,4932,3774,4495,6047,5878,6053,7544,2098,4207,92562,36192,13774,7896,27549,11524,2339
2021-05-29T23:59:59+02:00,2503,2648,4519,4683,6033,7356,9803,11314,15736,16535,14462,15167,8246,10371,2237,4482,884,813,1358,1736,1705,2946,2302,4378,3499,4107,5972,5785,5949,7426,2097,4207,92436,36143,13772,7891,27548,8791,2339
2021-05-28T23:59:59+02:00,2477,2622,4481,4636,5991,7316,9722,11240,15676,16491,14460,15165,8246,10371,2237,4481,863,706,1277,1482,1604,2517,2116,3692,3172,3501,5414,5128,5876,7350,2094,4196,91970,34849,13759,7891,27545,5910,2338
2021-05-27T23:59:59+02:00,2426,2581,4391,4572,5864,7239,9569,11138,15597,16416,14458,15164,8246,10370,2237,4481,833,662,1241,1404,1559,2381,2050,3540,3028,3366,5017,4683,5845,7312,2086,4170,91295,33737,13610,7882,27521,5235,2323
2021-05-26T23:59:59+02:00,2344,2453,4182,4424,5515,6967,8494,10305,14984,15832,14449,15158,8242,10365,2236,4479,821,642,1212,1346,1515,2324,1988,3417,2823,3193,3772,3353,5791,7242,2066,4120,90523,30487,10101,7868,27507,4972,2298
2021-05-25T23:59:59+02:00,2293,2410,4095,4354,5420,6904,8356,10195,14616,15400,14410,15126,8236,10353,2235,4476,807,630,1185,1308,1492,2301,1966,3394,2799,3167,3768,3345,5784,7240,2064,4119,89188,30402,9956,7859,27490,4863,2245
2021-05-24T23:59:59+02:00,2258,2359,4008,4281,5313,6822,8221,10056,14110,14784,14371,15079,8231,10341,2234,4472,800,621,1164,1296,1457,2290,1950,3376,2776,3146,3745,3322,5767,7221,2056,4104,87398,30273,9877,7808,27479,4824,2186
2021-05-23T23:59:59+02:00,2248,2345,3987,4257,5295,6810,8166,10020,14040,14727,14361,15074,8230,10341,2233,4472,792,611,1153,1284,1433,2268,1899,3340,2663,3043,3256,2794,5288,6595,2043,4062,87164,30101,9777,5434,27479,4803,2186
2021-05-22T23:59:59+02:00,2067,2302,3661,4206,4896,6766,7932,9955,13936,14662,14355,15074,8230,10340,2233,4472,617,576,839,1243,1056,2231,1683,3277,2568,2981,3252,2793,5288,6594,2043,4062,87017,30089,9777,5434,27479,4766,814
2021-05-21T23:59:59+02:00,1974,2177,3498,4005,4706,6470,7506,9572,12665,13330,14237,14962,8193,10295,2227,4465,614,562,830,1242,1054,2223,1635,3242,2480,2906,3098,2659,5267,6552,2040,4050,82258,29459,9737,5434,27474,4748,813
2021-05-20T23:59:59+02:00,1933,2135,3398,3948,4598,6392,7331,9493,12461,13108,14225,14951,8191,10289,2226,4464,594,544,786,1198,994,2157,1510,3161,2356,2813,2917,2494,5235,6480,2033,4037,81433,28718,9634,5419,27419,4515,657
2021-05-19T23:59:59+02:00,1905,2101,3337,3895,4499,6329,7227,9431,12230,12853,14217,14946,8189,10288,2226,4463,586,523,767,1167,976,2083,1368,2981,1998,2521,2410,2033,5139,6362,2013,4000,80629,26654,9495,5403,27393,4251,619
2021-05-18T23:59:59+02:00,1834,2062,3248,3803,4385,6223,7065,9272,11964,12611,14175,14902,8179,10264,2224,4456,583,508,750,1153,960,2066,1263,2902,1685,2274,2024,1733,5066,6274,1998,3964,79552,25125,9294,5393,27324,4188,497
2021-05-17T23:59:59+02:00,1775,1971,3107,3636,4177,5920,6699,8806,11448,12103,14084,14827,8164,10239,2219,4449,581,500,743,1146,941,2059,1238,2878,1658,2234,2009,1718,5060,6268,1994,3961,76682,25062,9259,5379,27299,4163,384
2021-05-16T23:59:59+02:00,1752,1947,3051,3596,4073,5819,6549,8675,11282,11982,14068,14807,8156,10231,2219,4448,571,493,719,1131,912,2042,1209,2852,1627,2210,2004,1710,5058,6264,1991,3959,75945,25033,9203,5361,27268,4119,239
2021-05-15T23:59:59+02:00,1650,1834,2831,3420,3845,5531,6160,8186,10977,11733,13987,14750,8141,10202,2215,4442,570,492,716,1128,912,2040,1205,2851,1622,2203,1989,1701,5056,6258,1991,3957,73202,24978,9203,5361,27261,4114,238
2021-05-14T23:59:59+02:00,1604,1767,2723,3328,3697,5356,5957,7896,10770,11511,13955,14713,8129,10184,2213,4437,518,445,638,952,843,1729,1069,2430,1438,1915,1974,1684,5054,6250,1990,3952,71572,24917,9197,5359,27237,2371,234
2021-05-13T23:59:59+02:00,1535,1694,2624,3247,3525,5218,5729,7678,10578,11358,13929,14688,8123,10183,2211,4434,511,427,609,927,729,1610,979,2357,1177,1708,1227,1066,4872,6058,1983,3921,70420,24801,8907,2833,27208,2308,219
2021-05-12T23:59:59+02:00,1528,1685,2608,3242,3508,5206,5709,7665,10563,11346,13929,14685,8122,10181,2210,4434,511,426,608,925,726,1610,974,2356,1172,1702,1212,1055,4857,6016,1953,3862,70314,24609,8883,2833,27206,2305,218
2021-05-11T23:59:59+02:00,1479,1636,2532,3156,3389,5081,5512,7509,10289,11049,13887,14636,8110,10163,2206,4427,504,410,590,913,704,1594,946,2330,1146,1677,1157,1016,4797,5913,1915,3750,68984,24124,8759,2816,27120,2224,198
2021-05-10T23:59:59+02:00,1450,1602,2460,3081,3265,4957,5374,7334,9977,10691,13849,14601,8101,10145,2203,4425,501,407,578,901,692,1581,934,2311,1130,1663,1121,985,4736,5824,1876,3650,67635,23716,8641,2813,27050,2172,189
2021-05-09T23:59:59+02:00,1428,1580,2422,3070,3187,4924,5301,7298,9923,10647,13839,14587,8100,10141,2203,4423,489,404,569,894,670,1563,908,2292,1120,1650,1104,968,4721,5787,1863,3610,67398,23559,8567,2811,27006,2140,102
2021-05-08T23:59:59+02:00,1423,1575,2407,3059,3171,4914,5263,7284,9898,10640,13839,14586,8100,10141,2203,4423,489,404,569,894,669,1563,908,2291,1119,1649,1104,968,4720,5787,1863,3610,67258,23558,8561,2808,27005,2139,102
2021-05-07T23:59:59+02:00,1403,1552,2365,3018,3114,4857,5165,7195,9680,10396,13829,14570,8094,10136,2200,4419,438,373,536,815,630,1400,831,2075,1033,1480,1080,948,4703,5764,1861,3605,66358,23454,8555,2805,26978,1211,102
2021-05-06T23:59:59+02:00,1239,1438,2135,2771,2808,4549,4771,6772,9119,9811,13570,14344,8062,10095,2198,4418,435,368,525,793,613,1368,809,2040,1002,1455,1056,914,4694,5754,1859,3601,62735,23327,8427,2755,26843,1109,95
2021-05-05T23:59:59+02:00,1169,1376,2022,2657,2637,4364,4458,6502,8136,8614,13505,14281,8024,10054,2188,4403,432,364,516,784,595,1359,776,2025,979,1435,980,850,4661,5689,1851,3588,59237,23015,8382,2736,26722,1084,49
2021-05-04T23:59:59+02:00,1145,1353,1967,2619,2529,4293,4222,6382,7703,8230,13177,13895,7997,10021,2183,4396,429,362,510,781,584,1350,757,2009,964,1427,960,828,4647,5675,1848,3579,57185,22886,8324,2721,26562,1062,41
2021-05-03T23:59:59+02:00,1111,1311,1906,2564,2414,4180,4003,6253,7250,7791,12768,13425,7964,9988,2178,4382,423,360,508,777,571,1342,751,1999,949,1416,936,803,4631,5658,1843,3566,54766,22777,8298,2712,26424,1044,0
2021-05-02T23:59:59+02:00,1102,1310,1889,2558,2388,4172,3958,6242,7221,7784,12767,13424,7964,9988,2178,4382,423,360,505,777,570,1340,747,1999,948,1412,934,799,4630,5655,1843,3566,54633,22761,8294,2710,26400,1037,0
2021-05-01T23:59:59+02:00,1102,1308,1881,2556,2378,4166,3947,6233,7210,7776,12766,13423,7964,9988,2178,4382,423,360,505,777,570,1340,746,1998,946,1412,934,799,4630,5655,1843,3566,54566,22761,8294,2706,26398,1037,0
2021-04-30T23:59:59+02:00,1084,1300,1860,2541,2353,4133,3912,6197,7104,7692,12703,13354,7962,9985,2176,4370,360,302,472,691,538,1156,718,1771,913,1221,922,793,4628,5653,1843,3566,54072,22747,8293,2702,26361,98,0
2021-04-29T23:59:59+02:00,1023,1267,1808,2496,2281,4067,3768,6064,6821,7429,12495,13141,7945,9959,2172,4364,354,300,464,685,535,1148,709,1761,907,1214,913,778,4619,5645,1843,3565,52485,22667,8278,2696,26337,77,0
2021-04-28T23:59:59+02:00,953,1230,1731,2432,2130,3944,3446,5804,6114,6807,11817,12359,7892,9876,2149,4336,353,297,462,679,526,1132,697,1743,898,1208,898,761,4602,5620,1841,3565,48452,22547,8272,2678,26296,57,0
2021-04-27T23:59:59+02:00,939,1223,1714,2411,2083,3925,3372,5775,5993,6690,11794,12344,7890,9874,2149,4334,351,295,456,677,518,1127,687,1730,890,1201,885,750,4600,5616,1840,3559,47973,22470,8269,2663,26268,49,0
2021-04-26T23:59:59+02:00,930,1209,1683,2393,2017,3881,3182,5696,5646,6370,11261,11735,7845,9816,2145,4325,349,294,455,675,512,1122,673,1722,884,1194,876,743,4596,5610,1840,3556,45650,22421,8260,2636,26224,44,0
2021-04-25T23:59:59+02:00,919,1207,1668,2387,1976,3860,3046,5677,5569,6365,11257,11732,7842,9810,2144,4324,348,294,455,675,512,1115,673,1719,881,1193,876,742,4596,5610,1840,3556,45325,22416,8254,2632,26204,37,0
2021-04-24T23:59:59+02:00,902,1195,1646,2367,1933,3810,2936,5603,5203,6016,10679,11038,7814,9762,2143,4322,348,294,455,675,512,1114,672,1718,879,1192,872,736,4587,5597,1838,3555,42916,22380,8254,2628,26199,36,0
2021-04-23T23:59:59+02:00,893,1187,1635,2357,1903,3780,2893,5552,5010,5785,10403,10701,7779,9724,2140,4315,348,293,455,675,512,1113,671,1718,877,1192,872,734,4584,5595,1838,3555,41617,22369,8254,2627,26186,36,0
2021-04-22T23:59:59+02:00,876,1164,1602,2318,1852,3707,2800,5462,4839,5614,10290,10529,7766,9694,2138,4309,348,291,453,665,510,1107,662,1708,874,1184,866,730,4582,5592,1838,3554,40616,22334,8228,2602,26116,28,0
2021-04-21T23:59:59+02:00,864,1150,1577,2307,1796,3660,2681,5367,4405,5126,9763,9921,7718,9639,2136,4299,347,291,449,663,510,1106,658,1706,868,1178,855,720,4572,5579,1838,3550,38108,22285,8211,2579,26090,26,0
2021-04-20T23:59:59+02:00,855,1134,1557,2283,1764,3629,2623,5303,4258,5022,9582,9719,7698,9630,2135,4297,347,289,449,662,509,1104,658,1701,865,1174,849,716,4569,5575,1838,3550,37272,22255,8200,2574,26017,26,0
2021-04-19T23:59:59+02:00,848,1122,1547,2276,1745,3612,2591,5271,4187,4951,9223,9319,7675,9607,2133,4292,347,287,448,659,507,1101,654,1699,859,1170,845,709,4560,5574,1838,3548,36249,22216,8188,2563,25962,26,0
2021-04-18T23:59:59+02:00,844,1119,1542,2271,1727,3605,2572,5259,4178,4948,9217,9309,7675,9606,2133,4292,346,286,448,656,505,1098,653,1696,856,1170,844,706,4560,5573,1838,3548,36189,22208,8168,2549,25940,26,0
2021-04-17T23:59:59+02:00,826,1110,1437,2264,1642,3592,2531,5222,4054,4825,8556,8639,7662,9598,2133,4292,345,286,447,654,504,1098,652,1695,855,1168,844,706,4559,5573,1838,3548,36181,22197,8168,2549,24034,26,0
2021-04-16T23:59:59+02:00,807,1090,1293,2242,1503,3567,2439,5148,3823,4579,7305,7177,7627,9556,2121,4264,344,284,443,648,499,1095,643,1692,848,1161,833,695,4553,5563,1836,3546,34808,22124,8158,2545,21575,14,0
2021-04-15T23:59:59+02:00,785,1079,1282,2228,1481,3546,2381,5109,3732,4503,6888,6697,7585,9492,2104,4200,335,276,429,639,482,1082,610,1666,813,1133,718,606,4085,5075,1816,3519,33490,22069,8100,1205,21502,10,0
2021-04-14T23:59:59+02:00,778,1072,1257,2218,1452,3527,2333,5068,3541,4369,5605,5336,7540,9427,2085,4169,327,271,426,633,475,1078,605,1658,807,1129,700,591,4075,5065,1813,3515,30264,21983,8089,1176,21424,9,0
2021-04-13T23:59:59+02:00,774,1072,1249,2213,1438,3524,2319,5055,3521,4354,5591,5320,7535,9424,2084,4167,327,269,424,632,472,1075,602,1653,793,1127,686,586,4073,5064,1813,3515,30184,21963,8068,1139,21388,9,0
2021-04-12T23:59:59+02:00,768,1061,1235,2205,1420,3514,2287,5040,3490,4330,5568,5305,7526,9412,2081,4136,326,268,422,631,471,1069,600,1649,784,1119,681,584,4070,5063,1813,3515,30056,21938,8023,1118,21299,9,0
2021-04-11T23:59:59+02:00,758,1057,1220,2193,1401,3495,2214,5015,3359,4230,5025,4730,7005,8744,2074,4132,326,268,420,631,469,1068,595,1646,781,1118,677,581,4066,5058,1813,3515,30026,21932,5415,1091,21211,9,0
2021-04-10T23:59:59+02:00,758,1056,1219,2192,1399,3492,2213,5012,3356,4221,4982,4684,7002,8739,2074,4131,321,262,417,622,457,1053,569,1628,745,1091,569,484,3529,4455,1771,3440,29908,20313,5412,1091,21210,9,0
2021-04-09T23:59:59+02:00,755,1055,1211,2188,1394,3489,2172,4984,3264,4138,4806,4526,6972,8691,2070,4118,310,256,403,604,443,1042,543,1610,724,1062,448,397,2914,3645,1729,3366,29225,18397,5408,1090,21200,9,0
2021-04-08T23:59:59+02:00,744,1044,1196,2173,1377,3461,2094,4921,3116,4027,3721,3344,6787,8380,2062,4105,296,246,386,587,418,1025,522,1582,694,1040,429,376,2907,3638,1726,3363,28429,18184,5360,1042,18763,9,0
2021-04-07T23:59:59+02:00,737,1038,1182,2164,1356,3445,1955,4811,2762,3770,3171,2850,6688,8257,2040,4062,281,237,353,559,381,993,481,1546,659,1015,401,352,2848,3577,1723,3357,26254,17732,5341,1023,18693,8,0
2021-04-06T23:59:59+02:00,720,1028,1150,2155,1330,3426,1816,4749,2459,3570,2765,2547,6613,8165,2022,4029,252,221,320,534,357,975,444,1523,625,981,367,314,2793,3503,1718,3349,24657,17262,5325,1006,18562,8,0
2021-04-05T23:59:59+02:00,716,1026,1139,2151,1326,3423,1802,4738,2449,3551,2118,1848,5859,7207,2020,4029,252,221,319,530,351,968,440,1522,620,977,363,309,2792,3499,1718,3348,24626,17252,5315,970,15461,7,0
2021-04-04T23:59:59+02:00,715,1026,1138,2151,1326,3423,1802,4737,2446,3550,2118,1844,5859,7204,2020,4029,252,221,319,530,351,968,439,1522,620,977,363,309,2791,3499,1718,3348,24618,17250,5315,970,15455,7,0
2021-04-03T23:59:59+02:00,715,1026,1138,2150,1326,3423,1800,4735,2443,3550,2117,1842,5858,7204,2020,4029,252,221,319,530,351,968,439,1522,619,977,363,309,2791,3499,1718,3348,24612,17249,5311,970,15453,7,0
2021-04-02T23:59:59+02:00,715,1025,1138,2150,1322,3422,1798,4729,2441,3547,2106,1833,5850,7188,2017,4018,252,220,319,528,351,968,438,1520,618,970,361,309,2791,3498,1718,3348,24544,17232,5307,970,15448,7,0
2021-04-01T23:59:59+02:00,711,1013,1113,2130,1209,3314,1722,4675,2180,3341,1345,1208,5682,7009,2009,3994,248,219,319,527,350,967,437,1518,617,969,359,307,2791,3498,1718,3344,24435,17220,2808,961,15412,7,0
2021-03-31T23:59:59+02:00,709,1012,1110,2126,1204,3306,1710,4669,2162,3328,1318,1172,5653,6954,1972,3901,247,219,319,526,349,967,437,1517,616,967,358,305,2787,3497,1717,3343,24117,17209,2794,955,15395,7,0
2021-03-30T23:59:59+02:00,707,1003,1104,2121,1197,3301,1701,4654,2152,3314,1265,1124,5573,6813,1932,3771,247,218,319,525,346,962,432,1515,609,956,343,294,2661,3310,1622,3152,23595,16590,2772,914,15365,7,0
2021-03-29T23:59:59+02:00,705,1001,1099,2113,1188,3294,1693,4640,2138,3302,1229,1089,5512,6715,1884,3654,245,216,318,524,343,960,429,1511,606,951,333,287,2380,2966,1457,2856,23159,15463,2749,912,15348,7,0
2021-03-28T23:59:59+02:00,705,997,1097,2108,1184,3286,1689,4630,2134,3298,1213,1077,5503,6694,1874,3624,243,216,316,520,336,957,427,1503,602,937,328,278,2375,2952,1456,2854,23054,15438,2731,858,15328,4,0
2021-03-27T23:59:59+01:00,645,925,1020,2035,1098,3169,1567,4514,2038,3220,1145,1003,4907,5969,1874,3624,241,215,316,520,336,957,422,1500,600,935,328,278,2374,2951,1456,2854,23039,15422,2727,858,12987,3,0
2021-03-26T23:59:59+01:00,640,918,1014,2026,1097,3164,1556,4506,2018,3212,1100,973,4883,5936,1873,3620,240,212,315,518,334,956,420,1499,596,928,318,273,1867,2259,1146,2295,22846,13321,2718,852,12972,3,0
2021-03-25T23:59:59+01:00,637,912,1001,2015,1095,3158,1547,4494,2004,3202,1090,962,4875,5932,1873,3619,239,209,314,517,332,949,417,1494,592,918,313,269,1765,2123,1119,2238,22799,12976,2709,829,12908,3,0
2021-03-24T23:59:59+01:00,635,907,987,2000,1084,3145,1517,4478,1993,3191,1055,931,4850,5902,1868,3614,239,209,313,515,328,945,413,1487,582,901,298,258,1403,1692,1002,2025,22659,11840,2684,767,12814,3,0
2021-03-23T23:59:59+01:00,632,898,983,1989,1078,3134,1512,4465,1983,3186,1041,921,4832,5886,1868,3612,238,209,311,512,321,942,412,1487,576,897,291,251,1137,1389,919,1887,22584,11030,2676,746,12760,3,0
2021-03-22T23:59:59+01:00,631,886,979,1980,1072,3123,1501,4451,1970,3178,1038,918,4827,5885,1868,3612,236,209,310,510,320,941,409,1484,573,893,287,247,1135,1386,919,1884,22562,11013,2661,727,12696,3,0
2021-03-21T23:59:59+01:00,629,880,976,1974,1069,3117,1496,4441,1962,3171,1035,917,4827,5884,1868,3612,236,209,310,508,319,937,409,1479,566,891,278,243,1130,1381,919,1884,22559,11012,2647,684,12652,3,0
2021-03-20T23:59:59+01:00,624,869,970,1960,1053,3102,1469,4422,1924,3140,925,817,4278,5265,1825,3533,236,209,310,508,319,937,409,1479,566,891,278,243,1130,1381,918,1883,20899,11010,2646,684,12631,3,0
2021-03-19T23:59:59+01:00,614,860,949,1930,1030,3086,1433,4399,1897,3104,797,726,3642,4439,1785,3457,233,209,309,508,318,934,407,1477,561,884,276,242,1109,1361,895,1850,18923,10988,2635,582,12590,3,0
2021-03-18T23:59:59+01:00,599,840,932,1911,1006,3060,1397,4356,1852,3056,672,635,3155,3930,1765,3430,228,207,305,503,316,925,404,1471,559,878,272,238,990,1240,801,1686,18849,10610,1237,410,12510,3,0
2021-03-17T23:59:59+01:00,597,828,921,1891,995,3044,1374,4334,1834,3040,643,611,3070,3839,1760,3426,226,206,303,501,313,924,397,1466,556,873,269,234,696,909,553,1298,18544,9691,1200,33,12463,0,0
2021-03-16T23:59:59+01:00,594,813,909,1874,979,3030,1356,4320,1807,3025,618,597,3022,3764,1759,3422,225,206,302,501,312,922,394,1464,552,868,264,230,424,638,392,1024,18338,8691,1161,27,12390,0,0
2021-03-15T23:59:59+01:00,594,799,905,1858,970,3009,1350,4315,1797,3014,612,595,3021,3763,1759,3422,224,206,301,500,311,922,393,1463,550,868,264,230,424,637,391,1024,18325,8684,1138,24,12320,0,0
2021-03-14T23:59:59+01:00,593,793,898,1845,964,3005,1340,4301,1785,3003,609,591,3016,3760,1759,3422,224,206,300,500,310,920,391,1461,550,868,264,230,424,637,391,1024,18320,8682,1111,18,12253,0,0
2021-03-13T23:59:59+01:00,567,721,789,1579,838,2609,1134,3730,1509,2614,543,507,2918,3645,1758,3421,224,206,300,500,310,920,391,1461,550,868,264,230,424,637,391,1024,18316,8682,1111,18,9455,0,0
2021-03-12T23:59:59+01:00,548,613,722,1308,743,2181,953,3028,1212,2014,469,433,2881,3605,1758,3421,224,205,300,500,310,918,390,1460,550,867,264,229,400,606,353,970,18294,8528,1110,18,6485,0,0
2021-03-11T23:59:59+01:00,523,571,689,1238,694,2068,895,2876,1114,1907,437,390,2869,3597,1757,3421,224,205,299,498,309,917,390,1457,549,867,264,228,381,583,313,933,18110,8402,1062,15,5874,0,0
2021-03-10T23:59:59+01:00,508,558,650,1201,655,2037,855,2838,1079,1880,420,377,2856,3579,1756,3418,219,202,296,491,309,917,385,1449,544,861,260,222,214,442,133,710,17834,7645,1042,9,5791,0,0
2021-03-09T23:59:59+01:00,488,540,620,1173,636,2017,832,2810,1058,1857,399,360,2738,3403,1658,3222,219,202,294,489,308,916,384,1446,544,858,258,221,214,441,133,710,17074,7637,1026,0,5711,0,0
2021-03-08T23:59:59+01:00,472,512,599,1145,617,1997,816,2789,1039,1828,374,332,2451,3050,1490,2925,219,201,294,487,307,911,384,1441,544,856,257,219,214,440,133,710,15829,7617,998,0,5609,0,0
2021-03-07T23:59:59+01:00,470,507,591,1128,606,1989,813,2775,1035,1821,373,330,2446,3042,1489,2924,219,201,294,486,307,909,384,1438,544,856,257,219,214,440,133,710,15803,7611,988,0,5548,0,0
2021-03-06T23:59:59+01:00,470,502,587,1116,603,1988,807,2766,1030,1816,373,330,2446,3042,1489,2924,219,201,294,486,307,909,384,1438,544,855,256,219,214,440,133,710,15795,7609,988,0,5506,0,0
2021-03-05T23:59:59+01:00,464,485,580,1103,598,1981,802,2758,1023,1808,359,321,1908,2316,1173,2334,216,196,290,486,304,908,382,1435,542,851,256,219,214,440,133,710,13567,7582,988,0,5458,0,0
2021-03-04T23:59:59+01:00,453,452,552,1072,579,1918,775,2703,1002,1767,355,316,1806,2183,1145,2277,205,189,282,477,303,901,380,1421,540,847,255,219,214,440,133,710,13216,7516,982,0,5157,0,0
2021-03-03T23:59:59+01:00,450,442,543,1042,561,1881,751,2655,986,1735,349,311,1446,1751,1025,2059,204,188,281,476,301,900,376,1413,538,841,253,217,213,437,131,707,12061,7476,975,0,4951,0,0
2021-03-02T23:59:59+01:00,445,433,536,1011,547,1859,742,2632,976,1718,340,301,1169,1443,939,1920,204,186,280,464,297,895,376,1403,538,836,253,217,213,437,131,707,11239,7437,940,0,4832,0,0
2021-03-01T23:59:59+01:00,443,425,526,984,528,1833,730,2604,970,1703,336,296,1167,1437,939,1916,204,183,280,455,294,884,374,1388,536,832,251,215,212,436,131,707,11220,7382,905,0,4712,0,0
2021-02-28T23:59:59+01:00,440,421,522,975,524,1822,727,2594,964,1689,333,292,1167,1435,939,1916,203,182,280,455,294,883,374,1388,535,832,251,215,212,436,131,707,11220,7378,878,0,4662,0,0
2021-02-27T23:59:59+01:00,439,417,517,969,522,1817,724,2585,961,1687,332,291,1167,1435,938,1916,203,182,280,455,294,883,373,1388,535,832,251,215,212,436,131,707,11219,7377,878,0,4620,0,0
2021-02-26T23:59:59+01:00,388,363,440,785,450,1475,586,2157,790,1386,321,281,1167,1432,938,1916,203,180,280,452,292,872,371,1383,533,829,251,215,212,436,131,707,11208,7347,867,0,2800,0,0
2021-02-25T23:59:59+01:00,368,352,428,762,438,1438,572,2113,773,1352,312,275,1074,1332,876,1804,149,166,263,446,283,860,361,1368,528,825,251,213,212,436,131,707,10807,7199,837,0,2625,0,0
2021-02-24T23:59:59+01:00,363,344,422,745,432,1400,555,2060,751,1315,304,264,843,1073,717,1527,149,160,262,440,279,851,360,1354,521,819,248,211,211,436,131,705,9869,7137,796,0,2450,0,0
2021-02-23T23:59:59+01:00,360,330,414,730,422,1378,545,2023,734,1299,292,254,565,790,553,1259,149,159,261,438,277,844,360,1345,520,815,247,210,210,436,130,704,8865,7105,752,0,2331,0,0
2021-02-22T23:59:59+01:00,360,327,413,723,421,1372,540,2014,730,1295,292,251,564,788,553,1258,149,153,256,428,274,826,357,1321,515,809,244,209,210,436,130,704,8860,7021,740,0,2301,0,0
2021-02-21T23:59:59+01:00,357,326,410,717,419,1365,538,2004,723,1292,283,247,559,783,552,1258,149,152,255,428,273,824,354,1318,508,806,243,208,209,435,129,695,8856,6986,699,0,2278,0,0
2021-02-20T23:59:59+01:00,357,323,410,715,419,1356,537,1995,721,1289,283,247,559,783,552,1258,149,152,255,428,273,824,353,1318,508,806,243,208,209,435,129,695,8856,6985,699,0,2249,0,0
2021-02-19T23:59:59+01:00,310,292,377,630,383,1183,474,1773,616,1096,280,241,514,730,491,1167,149,152,255,428,272,824,353,1318,508,806,243,208,209,435,129,695,8635,6984,593,0,1329,0,0
2021-02-18T23:59:59+01:00,309,286,369,619,371,1163,461,1756,608,1090,280,239,445,661,403,1060,146,148,250,423,266,818,350,1309,505,805,241,207,209,435,129,695,8456,6936,418,0,1246,0,0
2021-02-17T23:59:59+01:00,302,280,358,606,362,1153,439,1739,601,1081,275,232,217,453,138,719,137,133,247,419,261,800,344,1293,499,796,237,205,208,435,129,695,7733,6838,31,0,1191,0,0
2021-02-16T23:59:59+01:00,298,278,348,603,353,1144,431,1726,597,1075,272,229,216,452,138,719,103,117,229,394,250,772,328,1252,466,760,217,190,201,420,128,688,7725,6515,27,0,1127,0,0
2021-02-15T23:59:59+01:00,296,277,346,599,351,1136,430,1715,593,1070,272,229,216,451,137,719,102,115,224,383,241,758,319,1223,449,739,207,183,190,392,122,639,7717,6286,24,0,1096,0,0
2021-02-14T23:59:59+01:00,294,273,341,598,347,1127,426,1709,590,1067,272,229,216,451,137,719,98,113,217,377,238,750,313,1207,446,728,206,180,190,381,122,631,7707,6197,19,0,1070,0,0
2021-02-13T23:59:59+01:00,294,273,341,598,347,1127,425,1709,590,1066,271,229,216,451,137,719,98,113,217,377,238,750,313,1207,446,728,206,180,190,381,122,631,7705,6197,19,0,1069,0,0
2021-02-12T23:59:59+01:00,224,208,302,507,317,931,394,1466,554,863,264,226,216,451,137,719,95,112,214,376,235,747,307,1202,443,723,204,179,190,381,122,631,7693,6161,19,0,67,0,0
2021-02-11T23:59:59+01:00,221,206,297,495,311,916,388,1448,546,855,264,226,216,451,137,719,94,106,201,346,224,708,287,1143,428,685,203,176,190,376,122,628,7652,5917,16,0,28,0,0
2021-02-10T23:59:59+01:00,218,199,293,490,307,913,381,1437,544,847,262,224,214,449,137,718,87,99,186,316,211,647,270,1056,405,641,193,162,175,344,112,585,7610,5489,10,0,13,0,0
2021-02-09T23:59:59+01:00,212,192,291,479,306,906,381,1425,542,840,259,223,214,448,137,718,76,79,147,250,179,541,236,851,345,526,176,134,155,309,103,523,7565,4630,2,0,6,0,0
2021-02-08T23:59:59+01:00,208,185,288,468,301,894,377,1407,536,834,255,219,213,446,135,715,44,58,105,157,131,293,170,467,250,353,154,110,126,256,83,428,7473,3185,2,0,6,0,0
2021-02-07T23:59:59+01:00,206,183,285,467,300,892,376,1405,535,834,254,218,213,446,135,715,26,48,88,136,126,272,159,434,235,327,146,104,116,244,79,396,7463,2936,1,0,0,0,0
2021-02-06T23:59:59+01:00,206,183,285,467,300,892,376,1405,535,834,254,218,213,446,135,715,26,45,85,133,115,258,150,416,202,304,133,104,115,239,78,385,7463,2788,1,0,0,0,0
2021-02-05T23:59:59+01:00,206,181,285,464,299,878,373,1400,532,831,254,217,213,446,135,714,25,40,80,126,109,244,143,390,190,286,127,100,112,233,72,370,7427,2647,1,0,0,0,0
2021-02-04T23:59:59+01:00,197,176,285,460,292,867,370,1388,523,825,253,215,212,446,135,712,15,25,53,86,83,187,117,299,158,236,112,90,101,216,65,332,7356,2175,0,0,0,0,0
2021-02-03T23:59:59+01:00,179,169,276,454,288,863,368,1376,523,824,252,215,212,446,135,711,14,23,45,72,74,150,92,271,135,191,91,75,87,185,59,294,7291,1858,0,0,0,0,0
2021-02-02T23:59:59+01:00,156,163,266,451,284,856,364,1366,522,821,251,215,211,446,134,710,13,20,36,66,63,127,74,221,106,144,59,55,61,117,37,186,7216,1385,0,0,0,0,0
2021-02-01T23:59:59+01:00,151,156,260,437,281,838,363,1341,516,811,247,213,211,446,134,710,7,13,18,36,38,73,42,112,59,63,24,28,27,47,21,96,7115,704,0,0,0,0,0
2021-01-31T23:59:59+01:00,150,153,257,435,280,834,361,1336,512,809,247,210,210,445,134,710,5,9,15,23,31,53,29,63,38,40,12,9,12,29,17,59,7083,444,0,0,0,0,0
2021-01-30T23:59:59+01:00,150,153,257,435,280,832,360,1336,512,809,247,210,210,445,134,710,5,9,13,19,28,47,24,54,35,39,12,9,12,29,17,59,7080,411,0,0,0,0,0
2021-01-29T23:59:59+01:00,150,153,257,435,279,832,360,1336,512,809,247,210,210,445,134,710,4,8,8,18,26,38,19,46,31,36,12,9,11,27,17,59,7079,369,0,0,0,0,0
2021-01-28T23:59:59+01:00,148,150,253,427,274,828,358,1329,508,808,247,210,210,445,134,710,1,3,2,8,15,16,11,23,13,20,8,5,5,15,4,23,7039,172,0,0,0,0,0
2021-01-27T23:59:59+01:00,139,140,252,423,270,819,354,1321,502,802,242,208,209,444,134,710,0,0,1,4,11,12,8,18,11,15,7,5,5,15,4,23,6969,139,0,0,0,0,0
2021-01-26T23:59:59+01:00,107,124,236,410,262,791,342,1284,477,771,222,196,202,430,134,702,0,0,1,4,11,12,8,18,11,15,7,5,5,15,4,23,6690,139,0,0,0,0,0
2021-01-25T23:59:59+01:00,104,117,233,390,247,771,330,1249,456,750,210,187,193,405,130,654,0,0,1,4,11,9,7,12,8,11,7,5,5,15,4,23,6426,122,0,0,0,0,0
2021-01-24T23:59:59+01:00,104,115,229,384,246,767,327,1233,454,739,209,184,193,394,130,645,0,0,1,4,11,9,7,12,8,11,7,5,5,15,4,23,6353,122,0,0,0,0,0
2021-01-23T23:59:59+01:00,104,115,229,384,246,767,327,1233,454,739,209,184,193,394,130,645,0,0,1,4,11,9,7,12,8,11,7,5,5,15,4,23,6353,122,0,0,0,0,0
2021-01-22T23:59:59+01:00,104,114,227,382,246,764,323,1229,450,735,207,183,193,394,130,645,0,0,1,4,11,9,7,12,8,11,7,5,5,15,4,23,6326,122,0,0,0,0,0
2021-01-21T23:59:59+01:00,104,108,210,350,236,724,299,1172,437,710,206,179,192,388,130,642,0,0,1,2,9,8,6,10,7,10,7,5,5,15,4,23,6087,112,0,0,0,0,0
2021-01-20T23:59:59+01:00,96,102,197,325,223,657,284,1075,410,661,196,168,176,356,121,599,0,0,1,2,9,8,6,10,7,10,7,5,5,15,4,23,5646,112,0,0,0,0,0
2021-01-19T23:59:59+01:00,86,88,158,276,201,593,260,941,366,564,180,139,155,315,108,528,0,0,1,2,3,7,5,9,4,8,6,4,5,15,4,23,4958,96,0,0,0,0,0
2021-01-18T23:59:59+01:00,73,77,134,231,181,481,228,781,329,484,165,121,131,266,89,447,0,0,0,1,2,3,2,4,2,7,5,4,5,15,4,21,4218,75,0,0,0,0,0
2021-01-17T23:59:59+01:00,47,59,110,202,168,416,210,689,303,431,155,114,119,248,76,392,0,0,0,0,2,3,1,4,2,5,5,4,5,15,4,21,3739,71,0,0,0,0,0
2021-01-16T23:59:59+01:00,40,56,109,199,156,400,198,666,270,407,142,114,118,243,75,381,0,0,0,0,0,0,0,0,0,0,0,0,0,0,0,0,3574,0,0,0,0,0,0
2021-01-15T23:59:59+01:00,38,52,104,192,145,386,191,636,255,387,136,106,114,236,69,366,0,0,0,0,0,0,0,0,0,0,0,0,0,0,0,0,3413,0,0,0,0,0,0
2021-01-14T23:59:59+01:00,14,29,53,85,84,180,119,297,153,228,116,92,100,218,61,328,0,0,0,0,0,0,0,0,0,0,0,0,0,0,0,0,2157,0,0,0,0,0,0
2021-01-13T23:59:59+01:00,13,25,42,71,77,144,96,270,126,192,87,73,79,176,50,263,0,0,0,0,0,0,0,0,0,0,0,0,0,0,0,0,1784,0,0,0,0,0,0
2021-01-12T23:59:59+01:00,12,20,38,65,65,120,78,217,99,142,54,50,52,102,26,153,0,0,0,0,0,0,0,0,0,0,0,0,0,0,0,0,1293,0,0,0,0,0,0
2021-01-11T23:59:59+01:00,5,15,26,45,43,86,52,135,60,71,24,26,23,39,12,67,0,0,0,0,0,0,0,0,0,0,0,0,0,0,0,0,729,0,0,0,0,0,0
2021-01-10T23:59:59+01:00,2,10,22,29,36,62,33,84,38,43,9,7,7,20,8,29,0,0,0,0,0,0,0,0,0,0,0,0,0,0,0,0,439,0,0,0,0,0,0
2021-01-09T23:59:59+01:00,2,9,20,26,34,58,29,74,36,42,9,7,7,20,8,29,0,0,0,0,0,0,0,0,0,0,0,0,0,0,0,0,410,0,0,0,0,0,0
2021-01-08T23:59:59+01:00,1,8,18,24,31,48,23,63,32,40,8,7,5,17,8,29,0,0,0,0,0,0,0,0,0,0,0,0,0,0,0,0,362,0,0,0,0,0,0
2021-01-07T23:59:59+01:00,1,3,2,10,16,16,12,24,15,21,8,6,5,16,6,24,0,0,0,0,0,0,0,0,0,0,0,0,0,0,0,0,185,0,0,0,0,0,0
2021-01-06T23:59:59+01:00,1,0,2,4,14,13,8,19,13,16,8,6,5,16,6,24,0,0,0,0,0,0,0,0,0,0,0,0,0,0,0,0,155,0,0,0,0,0,0
2021-01-05T23:59:59+01:00,0,0,1,4,12,12,8,18,12,16,7,6,5,16,6,24,0,0,0,0,0,0,0,0,0,0,0,0,0,0,0,0,147,0,0,0,0,0,0
2021-01-04T23:59:59+01:00,0,0,1,4,12,11,7,14,10,14,7,6,5,16,6,24,0,0,0,0,0,0,0,0,0,0,0,0,0,0,0,0,137,0,0,0,0,0,0
2021-01-03T23:59:59+01:00,0,0,1,4,11,9,7,12,8,11,7,6,5,16,6,24,0,0,0,0,0,0,0,0,0,0,0,0,0,0,0,0,127,0,0,0,0,0,0
2021-01-02T23:59:59+01:00,0,0,1,4,11,9,7,12,8,11,7,6,5,16,6,24,0,0,0,0,0,0,0,0,0,0,0,0,0,0,0,0,127,0,0,0,0,0,0
2021-01-01T23:59:59+01:00,0,0,1,4,11,9,7,12,8,11,7,6,5,16,6,24,0,0,0,0,0,0,0,0,0,0,0,0,0,0,0,0,127,0,0,0,0,0,0
2020-12-31T23:59:59+01:00,0,0,1,4,11,9,7,12,8,11,7,6,5,16,6,24,0,0,0,0,0,0,0,0,0,0,0,0,0,0,0,0,127,0,0,0,0,0,0
2020-12-30T23:59:59+01:00,0,0,1,4,11,9,7,12,8,11,7,6,5,16,6,24,0,0,0,0,0,0,0,0,0,0,0,0,0,0,0,0,127,0,0,0,0,0,0
2020-12-29T23:59:59+01:00,0,0,1,4,8,9,6,12,7,9,7,6,5,16,6,24,0,0,0,0,0,0,0,0,0,0,0,0,0,0,0,0,120,0,0,0,0,0,0
2020-12-28T23:59:59+01:00,0,0,1,1,5,6,6,5,5,8,7,6,5,16,6,24,0,0,0,0,0,0,0,0,0,0,0,0,0,0,0,0,101,0,0,0,0,0,0
2020-12-27T23:59:59+01:00,0,0,0,0,2,3,1,4,2,6,5,5,5,15,6,24,0,0,0,0,0,0,0,0,0,0,0,0,0,0,0,0,78,0,0,0,0,0,0
