Datum,<15_m,<15_w,15-24_1_m,15-24_1_w,25-34_1_m,25-34_1_w,35-44_1_m,35-44_1_w,45-54_1_m,45-54_1_w,55-64_1_m,55-64_1_w,65-74_1_m,65-74_1_w,75-84_1_m,75-84_1_w,>84_1_m,>84_1_w,<24_2_m,<24_2_w,25-34_2_m,25-34_2_w,35-44_2_m,35-44_2_w,45-54_2_m,45-54_2_w,55-64_2_m,55-64_2_w,65-74_2_m,65-74_2_w,75-84_2_m,75-84_2_w,>84_2_m,>84_2_w,bp_1,bp_2,mo_1,mo_2,az_1,az_2,ja,unb_1,unb_2
2021-08-16T23:59:59+02:00,1314,1174,8874,8424,10140,9407,12626,13048,16755,17161,20024,20138,16084,16796,8931,10895,2812,5404,7624,7319,9332,8598,11847,12200,15951,16349,19311,19397,15685,16354,8730,10585,2757,5273,143832,135278,19689,18210,27857,26882,8620,9,6
2021-08-15T23:59:59+02:00,1296,1158,8853,8405,10128,9392,12610,13036,16743,17151,20011,20127,16078,16790,8931,10890,2812,5404,7612,7309,9318,8583,11835,12190,15944,16341,19305,19393,15678,16350,8729,10582,2757,5273,143685,135229,19689,18206,27856,26863,8576,9,6
2021-08-14T23:59:59+02:00,1295,1158,8853,8405,10128,9392,12610,13034,16743,17151,20011,20127,16078,16790,8931,10890,2812,5404,7297,7018,9175,8417,11660,12028,15827,16212,19212,19309,15652,16327,8720,10569,2757,5269,143682,133249,19689,18206,27856,26856,8576,9,6
2021-08-13T23:59:59+02:00,1292,1155,8842,8395,10117,9386,12600,13025,16729,17144,20004,20120,16074,16785,8929,10889,2811,5404,6921,6665,9004,8264,11459,11819,15617,16034,19076,19189,15619,16289,8710,10555,2755,5265,143653,130826,19689,18206,27856,26854,8494,9,6
2021-08-12T23:59:59+02:00,1292,1155,8841,8391,10110,9380,12596,13024,16723,17135,20000,20115,16073,16781,8927,10887,2811,5404,6915,6659,8991,8256,11449,11817,15606,16027,19072,19183,15617,16284,8708,10554,2755,5265,143636,130796,19688,18203,27856,26837,8456,9,6
2021-08-11T23:59:59+02:00,1289,1151,8838,8385,10101,9375,12588,13020,16720,17131,19995,20113,16071,16778,8926,10887,2811,5403,6909,6649,8978,8246,11439,11813,15602,16021,19065,19177,15613,16281,8707,10554,2755,5263,143592,130738,19686,18196,27856,26828,8439,9,6
2021-08-10T23:59:59+02:00,1288,1151,8834,8383,10096,9370,12586,13016,16719,17129,19995,20108,16070,16776,8926,10886,2811,5403,6864,6605,8947,8231,11420,11792,15577,16009,19059,19167,15611,16279,8707,10552,2755,5263,143566,130497,19686,18192,27856,26822,8430,9,6
2021-08-09T23:59:59+02:00,1288,1149,8827,8382,10091,9364,12585,13015,16714,17128,19990,20108,16069,16776,8925,10886,2811,5403,6846,6583,8927,8215,11408,11782,15563,15998,19053,19163,15609,16278,8705,10551,2755,5263,143544,130371,19686,18188,27854,26813,8418,9,6
2021-08-08T23:59:59+02:00,1288,1148,8824,8376,10089,9360,12576,13012,16709,17124,19988,20105,16067,16773,8924,10885,2810,5402,6843,6571,8910,8207,11392,11775,15556,15991,19051,19160,15606,16275,8704,10550,2754,5262,143533,130325,19685,18181,27854,26810,8379,9,6
2021-08-07T23:59:59+02:00,1288,1140,8815,8368,10078,9353,12574,13006,16702,17120,19982,20100,16063,16768,8922,10885,2809,5402,6193,6004,8639,7983,11124,11544,15358,15818,18967,19084,15586,16251,8697,10543,2751,5261,143486,127251,19684,18169,27854,26809,8342,9,6
2021-08-06T23:59:59+02:00,1282,1139,8806,8356,10064,9341,12554,12989,16685,17108,19965,20087,16056,16760,8922,10882,2809,5401,6181,5989,8624,7968,11100,11525,15337,15802,18950,19072,15579,16244,8697,10540,2751,5260,143448,127201,19682,18163,27854,26807,8213,9,6
2021-08-05T23:59:59+02:00,1279,1137,8800,8349,10055,9332,12543,12982,16679,17105,19958,20084,16055,16760,8922,10881,2809,5401,5898,5753,8279,7673,10740,11253,15019,15567,18701,18907,15560,16221,8687,10533,2750,5259,143406,127120,19678,15476,27850,26776,8188,9,6
2021-08-04T23:59:59+02:00,1278,1134,8794,8346,10050,9329,12536,12978,16674,17103,19956,20081,16054,16760,8921,10880,2809,5400,5885,5747,8251,7662,10721,11242,15003,15560,18696,18902,15558,16218,8686,10533,2749,5259,143375,127025,19677,15468,27849,26761,8173,9,6
2021-08-03T23:59:59+02:00,1271,1131,8790,8336,10045,9325,12531,12975,16669,17101,19951,20079,16052,16760,8920,10878,2809,5399,5773,5634,8158,7593,10604,11164,14955,15508,18667,18888,15554,16216,8685,10531,2747,5258,143331,126302,19675,15460,27849,26732,8158,9,6
2021-08-02T23:59:59+02:00,1265,1125,8777,8328,10037,9318,12526,12969,16664,17092,19944,20076,16050,16757,8918,10875,2808,5398,5605,5476,8027,7488,10480,11049,14885,15429,18635,18863,15546,16207,8679,10531,2747,5258,143252,125246,19669,15457,27848,26702,8149,9,6
2021-08-01T23:59:59+02:00,1264,1124,8770,8319,10030,9311,12520,12967,16660,17090,19939,20074,16050,16757,8917,10873,2808,5398,5545,5419,7976,7439,10418,10998,14851,15404,18622,18846,15544,16205,8677,10528,2747,5256,143208,124812,19666,15454,27847,26681,8141,9,6
2021-07-31T23:59:59+02:00,1264,1124,8769,8316,10030,9310,12518,12967,16659,17090,19938,20072,16050,16757,8917,10872,2808,5398,5520,5399,7960,7427,10403,10985,14838,15398,18619,18843,15543,16204,8677,10528,2747,5256,143205,124687,19665,15451,27847,26680,8133,9,6
2021-07-30T23:59:59+02:00,1133,1006,8541,8088,9937,9192,12437,12883,16581,17019,19879,20005,16018,16718,8911,10855,2807,5395,5229,5122,7822,7285,10216,10795,14701,15235,18556,18787,15518,16177,8664,10515,2743,5253,141759,122870,19663,15445,27847,26662,8127,9,6
2021-07-29T23:59:59+02:00,1126,998,8412,7999,9778,9095,12287,12782,16436,16926,19717,19895,15933,16651,8886,10836,2806,5388,4932,4891,7542,7092,9938,10593,14454,15063,18362,18670,15433,16104,8637,10494,2742,5243,141645,121767,19660,15403,27847,26636,6790,9,6
2021-07-28T23:59:59+02:00,1115,985,8383,7963,9764,9082,12266,12768,16419,16904,19698,19885,15926,16638,8879,10832,2806,5386,4512,4460,7224,6840,9621,10295,14219,14881,18305,18629,15418,16093,8632,10483,2742,5233,141409,119120,19658,15349,27845,26574,6778,9,6
2021-07-27T23:59:59+02:00,1105,977,8360,7948,9752,9075,12255,12759,16410,16899,19691,19872,15924,16632,8877,10829,2805,5384,4277,4212,6994,6641,9374,10019,14058,14721,18254,18566,15369,16047,8615,10467,2739,5227,141272,117105,19655,15348,27845,26551,6773,9,6
2021-07-26T23:59:59+02:00,1101,974,8346,7936,9745,9070,12249,12754,16403,16892,19684,19871,15921,16627,8875,10825,2804,5379,4169,4101,6892,6532,9249,9894,13977,14642,18209,18533,15358,16036,8605,10459,2736,5225,141194,116206,19651,15339,27835,26493,6767,9,6
2021-07-25T23:59:59+02:00,1100,973,8340,7932,9732,9066,12239,12751,16398,16886,19681,19870,15919,16627,8875,10825,2804,5379,4120,4048,6816,6481,9178,9840,13941,14609,18185,18519,15340,16023,8599,10453,2736,5223,141169,115763,19648,15323,27834,26472,6737,9,6
2021-07-24T23:59:59+02:00,1098,969,8251,7870,9658,8988,12172,12675,16332,16832,19641,19831,15898,16613,8872,10815,2804,5379,4077,4008,6758,6433,9101,9786,13879,14544,18153,18493,15329,16013,8591,10449,2736,5223,141150,115514,18990,15049,27834,26470,6715,9,6
2021-07-23T23:59:59+02:00,1071,944,8140,7782,9620,8954,12138,12646,16287,16798,19612,19812,15892,16607,8869,10811,2804,5379,3787,3723,6496,6222,8824,9503,13646,14373,18077,18437,15288,15970,8574,10430,2734,5217,140660,113286,18990,15025,27834,26464,6673,9,6
2021-07-22T23:59:59+02:00,981,858,7924,7553,9517,8865,12020,12551,16198,16711,19540,19728,15846,16567,8861,10796,2803,5373,3660,3596,6342,6131,8671,9374,13484,14232,18004,18370,15265,15946,8567,10421,2734,5216,139218,112143,18989,14952,27816,26371,6660,9,6
2021-07-21T23:59:59+02:00,961,844,7893,7513,9501,8854,11997,12528,16174,16695,19516,19707,15835,16560,8861,10791,2803,5373,3353,3326,5999,5874,8277,8992,13217,13998,17864,18244,15174,15865,8535,10391,2731,5204,138962,109341,18987,14881,27811,26272,6637,9,6
2021-07-20T23:59:59+02:00,960,843,7885,7508,9493,8851,11992,12526,16166,16694,19511,19703,15834,16559,8861,10790,2803,5373,3280,3273,5940,5820,8218,8931,13132,13954,17832,18230,15174,15865,8535,10389,2731,5204,138924,108953,18986,14866,27808,26140,6625,9,6
2021-07-19T23:59:59+02:00,959,843,7880,7508,9489,8845,11987,12524,16161,16688,19509,19703,15833,16556,8861,10788,2803,5372,3230,3238,5893,5781,8161,8887,13076,13928,17786,18218,15174,15863,8535,10387,2731,5203,138895,108687,18985,14850,27808,26015,6612,9,6
2021-07-18T23:59:59+02:00,958,842,7870,7499,9482,8839,11979,12520,16155,16683,19507,19702,15832,16554,8861,10788,2803,5372,3211,3222,5853,5749,8127,8859,13038,13912,17774,18215,15174,15862,8535,10387,2731,5202,138850,108502,18983,14817,27806,26006,6598,9,6
2021-07-17T23:59:59+02:00,842,723,7547,7208,9330,8670,11803,12359,16027,16544,19411,19607,15811,16533,8853,10775,2803,5369,3110,3114,5741,5656,7993,8704,12899,13788,17679,18139,15164,15843,8532,10380,2731,5202,136843,107330,18981,14813,27806,26001,6582,3,5
2021-07-16T23:59:59+02:00,685,571,7151,6883,9141,8513,11611,12149,15823,16368,19271,19480,15782,16496,8844,10761,2802,5367,3048,3055,5666,5592,7881,8601,12782,13654,17604,18065,15141,15828,8528,10378,2730,5202,134363,106447,18981,14808,27805,25995,6546,3,5
2021-07-15T23:59:59+02:00,683,571,7138,6875,9137,8512,11601,12145,15813,16361,19267,19474,15780,16494,8840,10759,2801,5358,3010,3020,5599,5551,7792,8550,12709,13614,17574,18044,15118,15814,8520,10371,2729,5193,134325,106219,18979,14653,27800,25874,6502,3,5
2021-07-14T23:59:59+02:00,681,570,7129,6867,9133,8510,11596,12141,15807,16358,19262,19469,15778,16491,8837,10756,2800,5354,2987,3008,5558,5520,7757,8528,12677,13598,17557,18033,15111,15811,8517,10367,2729,5189,134293,106068,18978,14620,27800,25834,6465,3,5
2021-07-13T23:59:59+02:00,676,567,7105,6850,9122,8494,11587,12127,15796,16340,19254,19462,15769,16487,8833,10746,2795,5346,2929,2957,5494,5453,7598,8394,12425,13381,17402,17906,15093,15800,8505,10354,2724,5178,134171,104856,18978,14568,27797,25799,6407,3,5
2021-07-12T23:59:59+02:00,670,560,7093,6835,9113,8483,11576,12118,15792,16329,19242,19458,15767,16483,8831,10746,2795,5343,2871,2904,5412,5378,7451,8280,12177,13170,17223,17762,15083,15795,8501,10347,2723,5178,134062,103623,18976,14517,27794,25750,6399,3,5
2021-07-11T23:59:59+02:00,669,559,7085,6832,9104,8474,11570,12110,15782,16326,19237,19453,15767,16480,8830,10744,2795,5343,2840,2869,5336,5302,7354,8193,12014,13015,17096,17630,15076,15784,8500,10344,2723,5178,134020,102740,18972,14467,27794,25709,6371,3,5
2021-07-10T23:59:59+02:00,496,402,6517,6286,8877,8290,11330,11916,15625,16195,19182,19404,15759,16470,8826,10739,2794,5342,2810,2836,5285,5260,7273,8112,11913,12916,17018,17563,15060,15769,8497,10334,2720,5176,131326,102049,18972,14465,27794,25700,6355,3,5
2021-07-09T23:59:59+02:00,485,395,6458,6258,8851,8253,11290,11887,15598,16182,19169,19388,15758,16467,8826,10736,2794,5342,2754,2770,5202,5192,7095,7936,11505,12618,16725,17358,15041,15742,8490,10329,2719,5174,131234,101033,18761,13610,27793,25686,6346,3,5
2021-07-08T23:59:59+02:00,480,393,6140,5995,8477,7962,10910,11578,15262,15936,18909,19215,15736,16443,8817,10729,2791,5341,2692,2720,5122,5118,6956,7846,11307,12476,16579,17235,15034,15734,8490,10327,2719,5173,131147,100178,15858,13446,27790,25612,6316,3,5
2021-07-07T23:59:59+02:00,478,389,6125,5982,8454,7946,10896,11562,15251,15926,18908,19210,15734,16440,8816,10727,2791,5339,2644,2665,5033,5060,6820,7753,11075,12295,16419,17103,15026,15728,8486,10322,2719,5173,131037,99158,15850,13327,27788,25564,6296,3,5
2021-07-06T23:59:59+02:00,452,368,6025,5889,8373,7880,10821,11493,15217,15886,18885,19194,15727,16430,8813,10725,2788,5337,2575,2595,4894,4947,6633,7620,10685,11885,16049,16730,15001,15695,8478,10315,2718,5169,130422,97009,15842,13244,27783,25504,6253,3,5
2021-07-05T23:59:59+02:00,411,334,5846,5717,8256,7784,10709,11378,15157,15819,18854,19162,15721,16422,8809,10720,2785,5336,2521,2520,4796,4850,6502,7484,10336,11570,15775,16426,14971,15665,8470,10300,2718,5164,129372,95226,15838,13180,27780,25450,6227,3,5
2021-07-04T23:59:59+02:00,391,304,5772,5639,8199,7729,10642,11322,15126,15787,18840,19143,15715,16419,8808,10718,2785,5334,2503,2489,4735,4804,6443,7434,10200,11461,15673,16354,14967,15659,8468,10299,2717,5164,128869,94661,15831,13113,27775,25415,6195,3,5
2021-07-03T23:59:59+02:00,386,302,5754,5631,8190,7720,10631,11319,15119,15781,18837,19141,15714,16419,8808,10718,2785,5334,2468,2458,4640,4775,6336,7409,10142,11417,15569,16268,14291,14952,8449,10274,2717,5164,128803,94548,15829,13111,27774,23503,6180,3,5
2021-07-02T23:59:59+02:00,342,264,5566,5480,8116,7645,10531,11222,15054,15725,18818,19135,15710,16415,8803,10716,2783,5331,2421,2410,4487,4697,6153,7335,9989,11263,15379,16065,13503,14035,8441,10259,2717,5163,127884,93988,15827,13068,27773,21105,6169,3,5
2021-07-01T23:59:59+02:00,281,210,5349,5300,7988,7534,10393,11097,14925,15629,18774,19110,15702,16408,8798,10710,2783,5330,2303,2289,4311,4525,5918,7086,9211,10582,14751,15595,13478,14007,8436,10255,2713,5161,126597,90506,15817,12973,27772,21021,6132,3,5
2021-06-30T23:59:59+02:00,151,121,4867,4824,7646,7259,10044,10759,14698,15451,18716,19066,15691,16397,8794,10702,2783,5327,2266,2243,4226,4456,5807,6991,9040,10461,14662,15519,13464,13999,8433,10252,2713,5159,123610,89914,15811,12799,27772,20889,6100,3,5
2021-06-29T23:59:59+02:00,115,100,4583,4542,7396,7041,9754,10460,14499,15261,18654,19005,15639,16347,8775,10687,2782,5322,2200,2161,4086,4319,5602,6813,8816,10235,14371,15297,13416,13950,8421,10228,2711,5146,121544,88480,15808,12647,27770,20817,5837,3,5
2021-06-28T23:59:59+02:00,99,79,4447,4397,7291,6930,9633,10331,14408,15154,18609,18963,15623,16331,8761,10676,2779,5320,2115,2035,3903,4114,5322,6471,8433,9727,13844,14762,13299,13861,8403,10204,2708,5134,120525,85289,15799,12565,27767,20752,5737,3,3
2021-06-27T23:59:59+02:00,94,77,4395,4348,7232,6874,9571,10277,14376,15121,18589,18946,15606,16319,8754,10669,2778,5315,2061,2000,3839,4068,5211,6358,8265,9599,13670,14652,13273,13842,8395,10195,2705,5132,120159,84502,15796,12531,27765,20621,5618,3,3
2021-06-26T23:59:59+02:00,81,75,4352,4320,7201,6847,9553,10256,14357,15106,18577,18933,15602,16312,8754,10669,2778,5315,1985,1908,3650,3909,4997,6101,7899,9144,13320,14355,13193,13785,8375,10167,2700,5123,119920,81863,15792,12531,27765,20616,5608,3,3
2021-06-25T23:59:59+02:00,69,62,4039,3993,6933,6608,9262,9963,14134,14919,18494,18877,15556,16266,8735,10650,2776,5308,1920,1824,3488,3791,4805,5871,7575,8730,13012,14020,13143,13729,8362,10143,2694,5117,117515,79523,15764,12500,27765,20611,5597,3,3
2021-06-24T23:59:59+02:00,62,55,3946,3901,6835,6522,9163,9871,14035,14834,18465,18843,15541,16250,8729,10643,2776,5307,1852,1748,3375,3695,4606,5729,7357,8536,12762,13822,12311,12803,8182,9878,2694,5116,116783,78317,15754,12395,27762,18285,5476,3,3
2021-06-23T23:59:59+02:00,49,50,3539,3523,6382,6173,8632,9361,13699,14532,18330,18707,15437,16158,8685,10607,2773,5293,1715,1573,3122,3494,4194,5405,6415,7828,12026,13123,12289,12791,8172,9871,2694,5112,113844,77697,15505,9080,27761,18237,4817,3,3
2021-06-22T23:59:59+02:00,40,42,3467,3452,6306,6114,8529,9284,13647,14487,18297,18690,15426,16151,8684,10602,2773,5290,1675,1519,3019,3393,4053,5255,6163,7645,11426,12421,12199,12699,8155,9838,2690,5104,113221,75386,15501,8999,27759,18079,4797,3,3
2021-06-21T23:59:59+02:00,34,39,3397,3391,6212,6060,8469,9212,13588,14443,18264,18669,15423,16149,8678,10599,2773,5289,1638,1468,2928,3296,3929,5105,5968,7420,10668,11501,11817,12247,7095,8618,2684,5098,112705,72734,15494,8898,27748,15115,4739,3,3
2021-06-20T23:59:59+02:00,34,38,3371,3369,6165,6028,8424,9182,13560,14428,18253,18665,15422,16149,8678,10599,2773,5289,1619,1451,2892,3270,3878,5068,5915,7397,10583,11428,11797,12228,7093,8611,2683,5098,112530,72423,15478,8822,27748,15103,4668,3,3
2021-06-19T23:59:59+02:00,32,36,3344,3346,6136,6008,8395,9163,13536,14422,18247,18660,15422,16148,8678,10599,2773,5289,1615,1439,2887,3261,3870,5063,5901,7392,10572,11421,11797,12228,7093,8610,2683,5098,112342,72344,15473,8822,27748,15101,4668,3,3
2021-06-18T23:59:59+02:00,28,31,3303,3304,6060,5969,8327,9109,13490,14391,18224,18649,15421,16146,8677,10598,2773,5289,1538,1343,2751,3086,3686,4785,5502,7017,9090,9861,11632,12060,7052,8560,2671,5080,111960,67172,15446,8821,27748,15090,4632,3,3
2021-06-17T23:59:59+02:00,26,28,3239,3253,5994,5931,8254,9056,13419,14346,18201,18638,15419,16141,8676,10595,2773,5286,1407,1250,2562,2874,3425,4497,5144,6628,8424,9134,11350,11819,7011,8503,2667,5077,111593,63488,15417,8705,27745,15063,4517,3,3
2021-06-16T23:59:59+02:00,26,25,3186,3192,5882,5866,8136,8962,13292,14260,18135,18603,15413,16132,8676,10592,2773,5286,1310,1194,2421,2766,3242,4340,4860,6357,7349,7845,11260,11712,6982,8466,2654,5059,110958,59736,15343,8659,27742,15032,4391,3,3
2021-06-15T23:59:59+02:00,21,24,3089,3110,5765,5777,7948,8785,13032,14040,17984,18477,15398,16121,8668,10586,2773,5284,1272,1162,2349,2710,3135,4266,4658,6232,7037,7594,10765,11152,6949,8431,2646,5046,109542,57492,15315,8627,27734,14999,4288,3,2
2021-06-14T23:59:59+02:00,20,22,3016,3039,5687,5720,7807,8666,12743,13804,17800,18305,15382,16107,8661,10581,2772,5283,1245,1134,2283,2654,3010,4170,4460,6093,6700,7293,10238,10543,6918,8394,2642,5037,108164,55132,15307,8522,27730,14952,4211,3,1
2021-06-13T23:59:59+02:00,20,22,2998,3007,5621,5682,7744,8600,12604,13668,17695,18183,15376,16098,8660,10578,2771,5283,1235,1122,2252,2640,2973,4159,4416,6073,6668,7277,10234,10536,6918,8393,2642,5037,107428,54991,15296,8516,27725,14913,4158,3,1
2021-06-12T23:59:59+02:00,18,22,2969,2989,5593,5657,7713,8582,12584,13650,17686,18180,15375,16097,8660,10578,2771,5283,1178,1060,2162,2565,2877,4024,4274,5942,6558,7192,10152,10458,6320,7667,2642,5037,107229,54876,15294,8516,27725,12563,4156,3,1
2021-06-11T23:59:59+02:00,18,19,2892,2913,5524,5592,7530,8396,12174,13344,17407,17976,15359,16072,8654,10570,2769,5281,1155,1043,2107,2525,2812,3976,4191,5880,6450,7104,10050,10345,6307,7661,2640,5031,106214,54354,14404,8254,27724,12527,4145,3,1
2021-06-10T23:59:59+02:00,14,17,2836,2871,5425,5541,7397,8314,11989,13205,17270,17859,15354,16068,8654,10569,2768,5280,1116,1017,2033,2459,2710,3899,4021,5751,6209,6892,9800,10078,6287,7633,2634,5025,105297,52796,14329,8251,27719,12437,4083,3,1
2021-06-09T23:59:59+02:00,13,15,2760,2802,5301,5447,7175,8142,11712,12963,17083,17712,15343,16054,8650,10560,2768,5277,1059,955,1902,2341,2506,3717,3693,5466,5592,6387,8980,9177,6230,7557,2620,4990,104094,48804,14178,8234,27710,12345,3792,3,1
2021-06-08T23:59:59+02:00,10,11,2663,2699,5168,5320,6979,7959,11278,12536,16706,17324,15324,16027,8639,10554,2767,5272,1022,927,1835,2277,2400,3644,3550,5400,5444,6258,8948,9158,6228,7547,2618,4986,101891,48299,14151,8185,27708,12278,3483,3,1
2021-06-07T23:59:59+02:00,8,10,2535,2601,4977,5191,6771,7796,10801,12177,16363,17030,15298,15999,8633,10537,2766,5268,951,890,1708,2223,2261,3562,3297,5311,5090,5974,8399,8534,6174,7488,2614,4977,99960,46088,14108,8171,27699,12206,2991,3,1
2021-06-06T23:59:59+02:00,8,8,2500,2577,4916,5132,6684,7740,10664,12067,16271,16966,15295,15995,8633,10537,2764,5267,935,880,1679,2204,2219,3535,3231,5287,5042,5950,8394,8533,6169,7481,2614,4976,99374,45934,14056,8162,27693,12138,2898,3,1
2021-06-05T23:59:59+02:00,7,7,2487,2555,4887,5105,6646,7713,10633,12040,16262,16960,15295,15995,8633,10537,2764,5267,919,865,1647,2177,2180,3483,3129,5205,4688,5624,7796,7831,6141,7428,2613,4974,99149,43556,14056,8157,27691,12096,2894,3,1
2021-06-04T23:59:59+02:00,6,6,2457,2527,4842,5060,6597,7662,10545,11937,16210,16897,15291,15988,8633,10536,2763,5266,907,848,1625,2158,2141,3447,3077,5146,4525,5436,7494,7464,6105,7386,2611,4968,98621,42279,14051,8155,27691,12050,2857,3,1
2021-06-03T23:59:59+02:00,6,6,2352,2396,4690,4889,6391,7414,9845,11303,15620,16449,15280,15979,8630,10531,2762,5265,890,818,1584,2098,2092,3368,2988,5037,4381,5271,7335,7275,6093,7359,2611,4964,95286,41234,14012,8145,27686,11967,2821,3,1
2021-06-02T23:59:59+02:00,6,6,2335,2371,4647,4856,6335,7375,9745,11214,15562,16396,15272,15975,8629,10527,2762,5264,877,806,1566,2075,2040,3332,2903,4951,4020,4882,6778,6639,6050,7303,2607,4954,94761,38903,14010,8141,27686,11924,2817,3,1
2021-06-01T23:59:59+02:00,6,5,2273,2330,4528,4767,6171,7264,9557,11067,15455,16320,15269,15971,8625,10523,2761,5259,845,780,1502,2025,1927,3270,2747,4860,3817,4755,6567,6409,6028,7285,2601,4947,93899,37821,13961,8119,27674,11812,2614,3,1
2021-05-31T23:59:59+02:00,2,5,2223,2271,4429,4674,6030,7138,9371,10923,15370,16266,15261,15964,8622,10523,2761,5259,822,744,1444,1966,1859,3222,2573,4807,3687,4702,6210,5994,6005,7264,2598,4939,93181,36645,13875,8113,27665,11711,2368,3,1
2021-05-30T23:59:59+02:00,2,5,2198,2249,4372,4613,5941,7078,9296,10861,15333,16247,15260,15962,8622,10523,2761,5259,810,733,1422,1945,1809,3198,2440,4772,3582,4684,6208,5992,6005,7264,2598,4939,92736,36330,13835,8091,27655,11628,2353,3,1
2021-05-29T23:59:59+02:00,2,5,2181,2234,4354,4602,5924,7062,9282,10848,15328,16244,15259,15962,8622,10523,2761,5259,792,680,1328,1687,1676,2838,2240,4224,3304,4257,6118,5898,5893,7131,2597,4939,92610,36281,13832,8086,27654,8883,2353,3,1
2021-05-28T23:59:59+02:00,2,5,2161,2211,4316,4557,5880,7017,9206,10778,15261,16192,15255,15960,8622,10523,2761,5258,773,590,1250,1436,1577,2437,2061,3534,3040,3661,5480,5158,5811,7040,2593,4926,92139,34983,13819,8086,27652,5947,2352,3,1
2021-05-27T23:59:59+02:00,2,5,2118,2173,4231,4490,5756,6943,9051,10678,15164,16109,15253,15959,8622,10522,2761,5258,744,555,1216,1355,1535,2299,1994,3392,2928,3541,5045,4673,5778,7001,2582,4897,91458,33860,13670,8077,27628,5263,2336,3,1
2021-05-26T23:59:59+02:00,2,5,2049,2055,4034,4345,5414,6681,8082,9936,14407,15404,15241,15953,8618,10516,2759,5256,733,539,1190,1297,1490,2244,1937,3281,2775,3395,3740,3296,5719,6928,2559,4840,90684,30593,10147,8062,27613,4999,2310,3,1
2021-05-25T23:59:59+02:00,2,5,2008,2016,3951,4278,5318,6615,7947,9829,14034,14971,15193,15916,8611,10501,2757,5252,724,529,1160,1262,1468,2221,1917,3254,2750,3369,3734,3286,5712,6925,2557,4839,89346,30506,9999,8053,27596,4889,2260,3,1
2021-05-24T23:59:59+02:00,2,5,1982,1971,3862,4204,5213,6533,7822,9705,13522,14357,15142,15848,8604,10487,2756,5247,718,522,1140,1251,1438,2208,1896,3236,2725,3347,3718,3268,5690,6901,2550,4823,87554,30379,9920,8002,27584,4850,2201,3,1
2021-05-23T23:59:59+02:00,2,5,1973,1958,3843,4181,5195,6520,7770,9674,13448,14294,15131,15844,8602,10486,2755,5247,711,510,1128,1238,1413,2182,1837,3200,2617,3247,3310,2835,5048,6091,2536,4778,87320,30208,9820,5444,27584,4829,2201,3,1
2021-05-22T23:59:59+02:00,2,5,1808,1916,3541,4131,4792,6476,7512,9618,13323,14215,15125,15843,8602,10485,2755,5247,551,479,835,1196,1035,2146,1596,3147,2503,3172,3306,2833,5048,6090,2536,4778,87170,30196,9820,5443,27582,4792,821,3,1
2021-05-21T23:59:59+02:00,2,4,1722,1807,3387,3939,4603,6181,7115,9252,12036,12874,14974,15695,8565,10438,2746,5236,548,467,825,1194,1033,2139,1561,3117,2426,3095,3133,2696,5022,6047,2533,4763,82398,29563,9780,5443,27576,4774,819,3,1
2021-05-20T23:59:59+02:00,2,4,1684,1771,3296,3888,4496,6100,6939,9173,11825,12647,14954,15677,8562,10431,2745,5235,528,454,785,1148,977,2075,1443,3046,2299,2998,2945,2527,4981,5971,2525,4748,81568,28821,9677,5428,27520,4539,662,2,1
2021-05-19T23:59:59+02:00,2,4,1661,1745,3239,3832,4402,6036,6824,9111,11593,12388,14942,15667,8560,10430,2745,5234,520,442,769,1111,959,2006,1332,2899,1972,2705,2383,2030,4876,5854,2504,4701,80759,26752,9537,5412,27493,4275,624,2,1
2021-05-18T23:59:59+02:00,2,4,1599,1711,3151,3742,4290,5933,6665,8952,11306,12134,14897,15619,8548,10407,2743,5224,517,430,754,1096,941,1989,1248,2833,1692,2483,1941,1684,4804,5771,2483,4658,79666,25210,9335,5402,27424,4212,500,2,1
2021-05-17T23:59:59+02:00,2,4,1550,1630,3021,3585,4084,5654,6318,8495,10760,11583,14789,15528,8529,10382,2738,5214,515,422,748,1089,923,1984,1224,2809,1664,2444,1924,1665,4797,5764,2480,4655,76778,25145,9300,5388,27399,4187,387,2,1
2021-05-16T23:59:59+02:00,2,4,1531,1608,2968,3545,3988,5567,6169,8359,10584,11450,14763,15506,8522,10374,2737,5212,508,416,725,1074,893,1968,1196,2781,1631,2420,1917,1656,4795,5760,2477,4653,76034,25116,9243,5370,27368,4142,242,2,1
2021-05-15T23:59:59+02:00,2,4,1444,1511,2757,3378,3759,5289,5808,7887,10232,11153,14678,15444,8503,10345,2731,5203,508,414,721,1072,893,1964,1191,2780,1626,2416,1905,1644,4789,5754,2477,4651,73281,25057,9243,5370,27361,4137,241,2,1
2021-05-14T23:59:59+02:00,2,4,1410,1449,2646,3282,3607,5132,5610,7598,10013,10901,14643,15406,8490,10322,2728,5199,459,373,649,906,821,1678,1061,2370,1445,2090,1871,1604,4786,5746,2476,4646,71644,24993,9222,5368,27337,2383,237,2,1
2021-05-13T23:59:59+02:00,2,4,1352,1382,2543,3198,3440,4996,5392,7391,9786,10722,14617,15378,8482,10319,2726,5196,452,360,621,878,720,1572,962,2287,1182,1878,1158,1024,4566,5513,2468,4614,70483,24875,8913,2839,27306,2319,222,2,1
2021-05-12T23:59:59+02:00,2,4,1345,1373,2527,3193,3422,4984,5372,7378,9772,10710,14615,15374,8480,10317,2725,5196,452,359,620,877,717,1569,957,2284,1178,1872,1140,1015,4553,5477,2436,4545,70373,24675,8889,2839,27304,2316,221,2,1
2021-05-11T23:59:59+02:00,2,3,1303,1331,2453,3109,3310,4857,5178,7233,9487,10402,14568,15317,8468,10297,2721,5187,446,346,602,863,696,1552,929,2260,1153,1845,1086,979,4491,5380,2394,4421,69039,24187,8766,2821,27219,2235,200,2,1
2021-05-10T23:59:59+02:00,2,3,1279,1304,2389,3032,3183,4733,5048,7076,9164,10022,14522,15278,8459,10278,2716,5185,445,344,589,853,682,1537,918,2245,1135,1831,1052,945,4431,5304,2355,4306,67687,23781,8646,2818,27148,2183,190,2,1
2021-05-09T23:59:59+02:00,2,3,1264,1287,2346,3019,3106,4698,4986,7042,9099,9978,14509,15263,8457,10273,2716,5183,437,342,575,848,659,1517,896,2224,1123,1817,1033,929,4419,5266,2340,4264,67450,23621,8572,2816,27104,2149,103,2,1
2021-05-08T23:59:59+02:00,1,3,1262,1283,2331,3007,3089,4688,4946,7028,9075,9970,14508,15263,8457,10272,2716,5183,437,342,575,848,658,1517,896,2223,1122,1816,1033,929,4418,5266,2340,4264,67309,23620,8566,2813,27102,2148,103,2,1
2021-05-07T23:59:59+02:00,1,3,1243,1262,2292,2966,3038,4639,4847,6936,8851,9723,14493,15241,8451,10266,2713,5179,387,314,543,779,621,1355,826,2016,1034,1629,1003,900,4398,5243,2338,4259,66404,23516,8560,2810,27075,1216,103,2,1
2021-05-06T23:59:59+02:00,1,3,1093,1171,2064,2723,2739,4330,4476,6536,8264,9118,14215,15002,8411,10209,2710,5178,386,310,531,760,604,1323,807,1981,1001,1601,976,869,4388,5229,2336,4255,62774,23387,8432,2760,26939,1114,96,2,1
2021-05-05T23:59:59+02:00,1,2,1028,1120,1954,2610,2580,4159,4181,6258,7252,7936,14130,14904,8376,10168,2697,5158,383,307,524,750,589,1314,773,1967,978,1580,901,807,4347,5159,2328,4239,59258,23066,8387,2741,26817,1089,50,2,1
2021-05-04T23:59:59+02:00,1,2,1006,1100,1903,2571,2478,4092,3961,6145,6971,7721,13623,14336,8346,10133,2692,5149,380,306,519,746,578,1309,756,1948,962,1573,882,783,4326,5143,2325,4230,57200,22931,8329,2726,26657,1067,42,2,1
2021-05-03T23:59:59+02:00,1,2,974,1062,1842,2518,2375,3982,3762,6028,6615,7421,13086,13712,8309,10095,2685,5134,374,305,517,742,568,1303,747,1937,948,1560,857,759,4309,5125,2319,4217,54779,22821,8303,2717,26518,1048,1,2,1
2021-05-02T23:59:59+02:00,1,2,969,1061,1823,2512,2350,3975,3720,6018,6581,7413,13085,13712,8309,10094,2685,5134,374,305,514,742,567,1301,742,1937,947,1557,855,755,4308,5121,2319,4217,54647,22804,8299,2715,26495,1041,1,2,1
2021-05-01T23:59:59+02:00,1,2,969,1059,1815,2510,2339,3970,3708,6010,6570,7404,13084,13710,8309,10094,2685,5134,374,305,514,742,567,1301,741,1936,945,1557,855,755,4308,5121,2319,4217,54578,22804,8299,2711,26493,1041,1,2,1
2021-04-30T23:59:59+02:00,0,2,953,1054,1794,2496,2318,3935,3671,5977,6492,7350,12989,13606,8308,10090,2682,5122,322,250,472,666,538,1122,711,1712,911,1353,843,738,4304,5119,2319,4217,54083,22790,8298,2707,26455,99,1,2,1
2021-04-29T23:59:59+02:00,0,2,898,1029,1737,2445,2255,3876,3525,5854,6255,7127,12730,13333,8286,10061,2678,5115,315,248,463,659,535,1115,704,1702,901,1343,835,723,4295,5111,2319,4215,52490,22704,8283,2701,26430,77,1,2,1
2021-04-28T23:59:59+02:00,0,2,837,995,1657,2383,2111,3766,3239,5601,5651,6623,11893,12416,8228,9972,2655,5078,314,245,461,652,527,1101,693,1682,890,1336,822,707,4276,5084,2317,4215,48439,22583,8276,2682,26389,56,1,2,1
2021-04-27T23:59:59+02:00,0,2,827,990,1639,2363,2066,3748,3168,5576,5525,6501,11864,12399,8226,9970,2655,5076,313,243,455,650,519,1095,684,1670,881,1330,810,696,4272,5078,2316,4209,47960,22505,8273,2667,26359,48,1,2,1
2021-04-26T23:59:59+02:00,0,2,817,977,1613,2345,2006,3708,2992,5499,5194,6216,11299,11754,8171,9905,2651,5067,311,242,454,649,513,1089,673,1664,872,1320,801,687,4267,5073,2316,4205,45633,22453,8264,2639,26316,43,1,2,1
2021-04-25T23:59:59+02:00,0,2,807,975,1599,2339,1968,3691,2866,5476,5102,6211,11295,11750,8168,9899,2650,5066,310,242,454,649,513,1082,673,1662,869,1318,801,686,4267,5073,2316,4205,45307,22448,8258,2635,26296,36,1,2,1
2021-04-24T23:59:59+02:00,0,2,793,965,1577,2319,1928,3646,2769,5408,4757,5892,10678,11024,8138,9841,2649,5064,310,242,454,649,513,1081,672,1661,868,1318,796,682,4258,5057,2314,4204,42900,22412,8257,2631,26290,35,1,2,1
2021-04-23T23:59:59+02:00,0,2,788,957,1564,2309,1899,3620,2729,5358,4596,5706,10369,10643,8098,9799,2646,5055,310,241,454,649,513,1080,671,1661,866,1318,796,681,4255,5054,2314,4204,41602,22401,8257,2630,26276,35,1,2,1
2021-04-22T23:59:59+02:00,0,2,772,942,1536,2266,1848,3552,2644,5268,4443,5552,10224,10449,8084,9768,2644,5047,310,240,452,638,511,1074,665,1653,860,1309,790,676,4252,5052,2314,4202,40601,22365,8231,2605,26206,27,1,2,1
2021-04-21T23:59:59+02:00,0,2,761,929,1512,2255,1795,3507,2540,5181,4059,5132,9627,9766,8035,9706,2640,5036,308,240,449,636,511,1073,661,1650,855,1304,778,664,4242,5038,2314,4198,38087,22314,8214,2581,26179,25,1,2,1
2021-04-20T23:59:59+02:00,0,2,754,918,1490,2228,1764,3478,2488,5123,3922,5036,9431,9547,8018,9696,2636,5033,308,238,449,635,510,1071,660,1645,852,1299,772,660,4238,5034,2314,4198,37252,22283,8203,2575,26106,25,1,2,0
2021-04-19T23:59:59+02:00,0,2,747,908,1481,2221,1747,3461,2456,5097,3858,4978,9062,9129,7993,9671,2633,5027,308,236,448,632,508,1068,656,1643,848,1295,766,654,4229,5032,2314,4196,36227,22244,8191,2564,26050,25,1,2,0
2021-04-18T23:59:59+02:00,0,2,743,906,1476,2215,1729,3454,2437,5085,3850,4976,9053,9118,7993,9670,2633,5027,307,236,448,628,507,1065,654,1640,845,1295,765,652,4229,5030,2314,4196,36167,22236,8171,2550,26026,25,1,2,0
2021-04-17T23:59:59+02:00,0,2,726,900,1388,2205,1629,3442,2400,5055,3770,4898,8341,8395,7977,9657,2633,5027,307,236,446,626,506,1065,653,1640,844,1292,765,652,4228,5030,2314,4196,36159,22225,8171,2550,24112,25,1,2,0
2021-04-16T23:59:59+02:00,0,2,710,882,1259,2183,1477,3420,2314,4990,3609,4733,7006,6844,7942,9608,2622,4996,307,235,441,620,502,1061,643,1638,840,1283,755,646,4220,5015,2311,4194,34788,22151,8161,2546,21645,14,1,2,0
2021-04-15T23:59:59+02:00,0,2,689,871,1249,2170,1457,3402,2257,4952,3538,4680,6568,6343,7902,9547,2600,4925,300,229,427,609,485,1047,609,1611,805,1253,665,585,3726,4506,2289,4159,33473,22094,8105,1201,21571,10,1,2,0
2021-04-14T23:59:59+02:00,0,2,684,867,1228,2157,1426,3383,2212,4917,3406,4586,5229,4940,7852,9481,2579,4888,292,224,424,602,478,1044,603,1603,799,1250,650,568,3715,4497,2285,4154,30248,22006,8094,1173,21492,9,1,2,0
2021-04-13T23:59:59+02:00,0,2,681,867,1219,2152,1411,3381,2204,4906,3386,4571,5210,4921,7846,9478,2578,4886,292,223,422,600,475,1041,601,1599,788,1248,632,563,3713,4494,2285,4154,30168,21986,8073,1135,21455,9,1,2,0
2021-04-12T23:59:59+02:00,0,2,675,859,1206,2143,1395,3370,2170,4892,3355,4547,5187,4906,7833,9467,2575,4853,291,222,420,599,474,1035,599,1595,780,1241,627,561,3708,4493,2285,4154,30040,21960,8028,1115,21364,9,1,2,0
2021-04-11T23:59:59+02:00,0,2,667,855,1190,2131,1377,3355,2103,4868,3237,4464,4767,4465,7166,8641,2568,4848,291,222,419,599,471,1034,593,1592,776,1240,623,558,3704,4488,2285,4154,30010,21952,5415,1088,21276,9,1,2,0
2021-04-10T23:59:59+02:00,0,2,667,853,1189,2130,1375,3351,2101,4865,3234,4457,4723,4418,7162,8635,2568,4847,285,219,417,588,458,1018,566,1575,744,1216,551,488,3135,3871,2236,4062,29887,20332,5412,1088,21275,9,1,2,0
2021-04-09T23:59:59+02:00,0,2,664,852,1181,2127,1371,3346,2070,4843,3156,4378,4527,4253,7127,8586,2564,4831,275,212,407,574,439,1002,541,1557,723,1193,470,426,2486,3051,2188,3968,29204,18416,5408,1087,21263,9,1,2,0
2021-04-08T23:59:59+02:00,0,2,654,842,1167,2116,1355,3316,2009,4790,3010,4267,3473,3102,6885,8223,2553,4816,262,204,390,556,416,989,519,1528,691,1170,451,400,2477,3042,2185,3965,28407,18197,5360,1039,18810,9,1,2,0
2021-04-07T23:59:59+02:00,0,2,647,836,1154,2107,1336,3304,1899,4711,2693,4018,2868,2574,6774,8100,2530,4763,248,197,362,532,378,954,475,1494,655,1143,424,375,2417,2980,2180,3958,26233,17744,5341,1020,18739,8,1,2,0
2021-04-06T23:59:59+02:00,0,2,637,828,1116,2100,1312,3285,1781,4661,2417,3849,2415,2227,6698,8009,2509,4726,224,184,328,506,353,936,438,1471,619,1111,389,333,2361,2906,2174,3949,24636,17271,5325,1003,18608,8,1,2,0
2021-04-05T23:59:59+02:00,0,2,634,826,1105,2096,1306,3282,1772,4651,2402,3833,2126,1880,5581,6693,2507,4726,224,184,327,502,347,930,434,1469,615,1106,385,330,2359,2900,2174,3948,24604,17260,5315,967,15500,7,1,2,0
2021-04-04T23:59:59+02:00,0,2,633,826,1105,2096,1306,3281,1772,4651,2400,3831,2125,1877,5581,6689,2507,4726,224,184,326,502,347,930,433,1469,615,1106,385,330,2358,2900,2174,3948,24596,17257,5315,967,15494,7,1,2,0
2021-04-03T23:59:59+02:00,0,2,633,826,1105,2095,1306,3281,1771,4649,2396,3831,2124,1874,5580,6689,2507,4726,224,184,326,502,347,930,433,1469,614,1106,385,330,2358,2900,2174,3948,24590,17256,5311,967,15491,7,1,2,0
2021-04-02T23:59:59+02:00,0,2,633,825,1105,2095,1302,3280,1769,4644,2395,3828,2116,1865,5568,6674,2504,4713,224,183,326,500,347,930,432,1468,613,1097,383,330,2358,2899,2174,3948,24522,17238,5307,967,15486,7,1,2,0
2021-04-01T23:59:59+02:00,0,2,629,814,1082,2077,1206,3185,1679,4576,2135,3620,1392,1278,5359,6464,2494,4686,220,182,326,499,346,929,431,1466,613,1096,380,328,2358,2899,2174,3944,24416,17226,2810,958,15449,7,1,2,0
2021-03-31T23:59:59+02:00,0,2,627,813,1078,2073,1201,3177,1668,4571,2117,3607,1365,1245,5330,6409,2457,4587,219,182,326,498,345,929,431,1465,612,1095,379,325,2354,2898,2172,3943,24097,17214,2796,952,15432,7,1,1,0
2021-03-30T23:59:59+02:00,0,2,625,804,1072,2069,1195,3172,1658,4557,2109,3593,1319,1200,5246,6280,2413,4441,219,181,326,497,342,925,426,1462,605,1085,364,314,2252,2746,2052,3718,23578,16596,2774,911,15402,7,1,0,0
2021-03-29T23:59:59+02:00,0,2,623,802,1069,2061,1185,3166,1651,4544,2097,3581,1283,1169,5186,6187,2364,4312,218,180,324,495,340,923,424,1457,600,1080,357,309,2029,2481,1825,3343,23146,15470,2750,908,15385,7,1,0,0
2021-03-28T23:59:59+02:00,0,2,623,799,1067,2055,1182,3159,1645,4534,2093,3576,1267,1160,5178,6165,2353,4280,216,180,323,492,333,919,421,1450,597,1068,351,297,2024,2467,1824,3340,23041,15444,2732,854,15364,4,1,0,0
2021-03-27T23:59:59+01:00,0,2,570,738,987,1987,1100,3041,1527,4410,1991,3494,1198,1090,4575,5433,2353,4280,214,179,323,492,333,919,416,1448,596,1065,350,297,2023,2466,1824,3340,23025,15428,2728,854,13022,3,1,0,0
2021-03-26T23:59:59+01:00,0,2,567,733,980,1977,1098,3035,1517,4403,1975,3486,1154,1059,4545,5399,2352,4276,213,176,323,490,330,918,414,1447,592,1058,342,292,1624,1935,1402,2620,22831,13325,2718,848,13008,3,1,0,0
2021-03-25T23:59:59+01:00,0,2,565,727,967,1969,1095,3026,1510,4391,1960,3476,1144,1048,4537,5394,2352,4275,212,173,322,489,328,912,411,1441,588,1049,338,288,1529,1814,1365,2548,22784,12979,2709,825,12944,3,1,0,0
2021-03-24T23:59:59+01:00,0,2,563,721,957,1956,1082,3011,1481,4373,1946,3467,1109,1018,4510,5361,2347,4270,212,173,321,488,325,908,406,1434,579,1033,324,278,1203,1433,1215,2282,22642,11848,2683,763,12848,3,1,0,0
2021-03-23T23:59:59+01:00,0,2,561,716,952,1942,1078,3001,1474,4359,1936,3460,1096,1007,4490,5346,2347,4267,211,173,319,485,318,905,405,1434,573,1029,316,271,968,1168,1101,2106,22567,11037,2674,742,12792,3,1,0,0
2021-03-22T23:59:59+01:00,0,2,560,707,947,1930,1072,2992,1464,4343,1922,3451,1093,1004,4485,5345,2347,4267,209,173,318,483,317,903,402,1431,570,1025,312,267,967,1164,1101,2103,22543,11020,2659,722,12728,3,1,0,0
2021-03-21T23:59:59+01:00,0,2,558,704,944,1921,1070,2988,1458,4330,1910,3444,1090,1003,4485,5344,2347,4267,209,173,318,482,316,899,402,1426,564,1023,302,262,963,1160,1100,2103,22539,11019,2645,680,12680,3,1,0,0
2021-03-20T23:59:59+01:00,0,2,553,696,939,1905,1053,2972,1430,4312,1876,3416,1018,932,3903,4710,2297,4170,209,173,318,482,316,899,402,1426,564,1023,302,262,963,1160,1099,2102,20880,11017,2644,680,12659,3,1,0,0
2021-03-19T23:59:59+01:00,0,2,544,687,922,1879,1026,2953,1394,4287,1850,3386,931,867,3233,3874,2250,4073,206,173,316,482,315,896,400,1424,560,1016,299,261,950,1147,1068,2062,18906,10994,2633,578,12618,3,1,0,0
2021-03-18T23:59:59+01:00,0,2,531,674,905,1853,1003,2926,1355,4247,1805,3334,833,803,2719,3342,2228,4039,201,171,313,478,312,886,396,1418,558,1011,296,255,847,1053,960,1873,18828,10616,1232,409,12538,3,1,0,0
2021-03-17T23:59:59+01:00,0,2,529,664,896,1833,990,2908,1333,4226,1787,3318,804,778,2634,3251,2222,4035,199,170,311,476,309,885,389,1414,555,1007,293,250,606,779,659,1428,18522,9697,1196,33,12491,0,1,0,0
2021-03-16T23:59:59+01:00,0,2,527,655,887,1811,969,2893,1316,4214,1763,3302,775,767,2586,3171,2220,4031,199,170,309,476,307,883,386,1412,552,1002,287,246,361,543,471,1121,18315,8699,1156,27,12418,0,0,0,0
2021-03-15T23:59:59+01:00,0,2,527,644,883,1793,960,2872,1310,4208,1755,3293,769,764,2583,3170,2220,4031,198,170,308,475,306,883,386,1412,549,1002,287,246,361,542,470,1121,18302,8693,1134,24,12348,0,0,0,0
2021-03-14T23:59:59+01:00,0,2,526,638,877,1781,953,2867,1300,4195,1745,3281,764,760,2578,3167,2220,4031,198,170,307,475,305,881,384,1410,549,1002,286,246,361,542,470,1121,18297,8690,1107,18,12281,0,0,0,0
2021-03-13T23:59:59+01:00,0,2,504,587,782,1519,823,2486,1106,3631,1463,2852,683,671,2475,3041,2219,4030,198,170,307,475,305,881,384,1410,549,1002,286,246,361,542,470,1121,18293,8690,1107,18,9474,0,0,0,0
2021-03-12T23:59:59+01:00,0,2,489,502,718,1253,731,2091,935,2941,1216,2261,543,518,2431,2996,2219,4030,198,168,307,475,305,879,383,1410,549,1000,286,245,348,521,422,1058,18270,8536,1106,18,6500,0,0,0,0
2021-03-11T23:59:59+01:00,0,2,466,466,685,1182,685,1986,876,2796,1136,2150,488,459,2418,2985,2218,4029,198,168,306,473,304,878,383,1407,548,1000,286,244,335,504,376,1015,18083,8410,1058,15,5886,0,0,0,0
2021-03-10T23:59:59+01:00,0,2,452,456,651,1149,645,1952,832,2760,1103,2122,468,443,2404,2966,2217,4026,194,166,302,466,304,877,378,1400,543,993,282,238,215,405,151,753,17807,7658,1038,9,5803,0,0,0,0
2021-03-09T23:59:59+01:00,0,2,436,439,619,1120,626,1934,809,2734,1081,2098,447,423,2311,2824,2094,3797,194,166,300,464,303,876,377,1397,543,990,280,237,215,405,151,752,17049,7650,1022,0,5723,0,0,0,0
2021-03-08T23:59:59+01:00,0,2,423,418,596,1090,608,1912,793,2709,1059,2072,425,395,2082,2550,1865,3420,194,165,300,462,302,872,377,1391,543,988,279,235,215,404,151,752,15806,7630,994,0,5619,0,0,0,0
2021-03-07T23:59:59+01:00,0,2,422,416,589,1073,596,1904,790,2696,1053,2061,424,394,2077,2542,1864,3418,194,165,300,461,302,871,377,1388,543,987,279,235,215,404,151,752,15780,7624,984,0,5557,0,0,0,0
2021-03-06T23:59:59+01:00,0,2,422,413,586,1059,593,1902,783,2689,1049,2054,423,394,2077,2542,1864,3418,194,165,300,461,302,871,377,1388,543,986,278,235,215,404,151,752,15772,7622,984,0,5514,0,0,0,0
2021-03-05T23:59:59+01:00,0,2,416,398,580,1047,587,1892,778,2680,1043,2046,410,386,1656,1980,1432,2666,191,160,296,461,299,870,375,1385,541,982,278,235,215,404,151,752,13550,7595,984,0,5465,0,0,0,0
2021-03-04T23:59:59+01:00,0,2,406,373,554,1008,568,1836,749,2627,1022,1996,406,382,1564,1863,1393,2593,180,152,285,451,298,862,373,1371,539,978,277,235,215,404,151,752,13200,7523,978,0,5164,0,0,0,0
2021-03-03T23:59:59+01:00,0,2,404,366,546,978,551,1804,724,2579,1005,1958,400,376,1242,1484,1240,2321,179,151,284,450,297,861,369,1364,536,971,275,233,214,403,149,747,12051,7483,971,0,4958,0,0,0,0
2021-03-02T23:59:59+01:00,0,2,400,361,538,944,537,1784,715,2555,994,1940,390,366,999,1217,1122,2143,179,149,283,439,293,855,369,1355,536,965,275,233,214,403,149,747,11232,7444,936,0,4839,0,0,0,0
2021-03-01T23:59:59+01:00,0,2,398,353,529,922,519,1753,706,2531,983,1923,386,359,998,1210,1122,2139,179,147,283,430,290,845,366,1340,533,959,273,231,213,402,149,747,11213,7387,901,0,4719,0,0,0,0
2021-02-28T23:59:59+01:00,0,2,395,350,526,914,514,1742,703,2521,978,1908,382,354,998,1208,1122,2139,177,146,283,430,290,844,366,1340,532,959,273,231,213,402,149,747,11213,7382,874,0,4669,0,0,0,0
2021-02-27T23:59:59+01:00,0,2,394,348,521,907,512,1736,700,2512,975,1906,381,353,998,1208,1121,2139,177,146,283,430,290,844,366,1340,531,959,273,231,213,402,149,747,11212,7381,874,0,4627,0,0,0,0
2021-02-26T23:59:59+01:00,0,2,346,301,452,734,436,1428,571,2094,804,1563,353,323,998,1205,1121,2139,177,144,283,427,288,836,364,1332,529,956,273,231,213,402,149,747,11201,7351,863,0,2806,0,0,0,0
2021-02-25T23:59:59+01:00,0,2,326,293,442,712,424,1392,556,2046,786,1531,345,316,914,1116,1049,2015,126,130,263,423,277,824,353,1316,524,949,273,229,213,402,149,747,10800,7198,833,0,2632,0,0,0,0
2021-02-24T23:59:59+01:00,0,2,321,287,437,696,417,1356,540,1998,764,1487,337,303,706,884,865,1710,126,124,262,417,274,815,351,1303,517,942,271,227,211,402,149,745,9861,7136,792,0,2457,0,0,0,0
2021-02-23T23:59:59+01:00,0,2,319,275,429,682,406,1333,532,1962,746,1468,323,293,457,638,674,1409,126,123,261,415,272,810,351,1296,516,934,270,226,210,402,148,744,8863,7104,748,0,2337,0,0,0,0
2021-02-22T23:59:59+01:00,0,2,319,273,428,675,405,1328,528,1952,741,1464,323,290,456,636,674,1408,126,118,256,405,271,793,347,1272,511,926,266,225,210,402,148,744,8859,7020,736,0,2307,0,0,0,0
2021-02-21T23:59:59+01:00,0,2,316,272,426,669,402,1320,526,1944,735,1460,312,285,452,632,672,1408,126,118,255,404,271,791,344,1269,504,923,265,224,209,401,147,735,8854,6986,695,0,2284,0,0,0,0
2021-02-20T23:59:59+01:00,0,2,316,269,426,667,402,1312,525,1935,733,1456,312,285,452,632,672,1408,126,118,255,404,271,791,344,1269,503,923,265,224,209,401,147,735,8854,6985,695,0,2255,0,0,0,0
2021-02-19T23:59:59+01:00,0,1,270,243,394,591,368,1143,467,1720,626,1246,303,269,426,596,593,1301,126,118,255,404,270,791,344,1269,503,923,265,224,209,401,147,735,8637,6984,589,0,1331,0,0,0,0
2021-02-18T23:59:59+01:00,0,1,269,238,387,582,357,1122,454,1702,616,1239,303,267,373,549,491,1173,123,115,251,399,263,785,341,1260,500,922,263,222,209,401,147,735,8458,6936,417,0,1248,0,0,0,0
2021-02-17T23:59:59+01:00,0,1,263,234,375,568,350,1113,431,1686,608,1227,298,260,218,413,156,764,115,102,247,393,258,770,335,1244,494,911,259,219,208,401,147,735,7741,6838,31,0,1193,0,0,0,0
2021-02-16T23:59:59+01:00,0,1,261,232,364,566,340,1104,423,1672,603,1221,295,257,218,412,156,764,84,90,227,367,247,740,317,1204,462,876,238,204,201,383,146,728,7734,6514,27,0,1128,0,0,0,0
2021-02-15T23:59:59+01:00,0,1,259,232,362,562,339,1098,421,1660,599,1215,295,257,218,411,155,764,83,88,223,356,239,728,307,1176,447,853,225,197,190,361,140,672,7726,6285,24,0,1098,0,0,0,0
2021-02-14T23:59:59+01:00,0,1,258,230,356,559,335,1088,417,1654,596,1212,295,257,218,411,155,764,79,86,216,351,236,720,302,1163,443,838,224,195,190,350,140,663,7716,6196,19,0,1071,0,0,0,0
2021-02-13T23:59:59+01:00,0,1,258,230,356,559,335,1088,416,1654,596,1211,294,257,218,411,155,764,79,86,216,351,236,720,302,1163,443,838,224,195,190,350,140,663,7714,6196,19,0,1070,0,0,0,0
2021-02-12T23:59:59+01:00,0,1,200,169,307,481,308,893,383,1416,559,996,286,242,217,411,155,764,76,85,213,350,234,717,295,1159,440,833,220,193,190,348,140,663,7702,6156,19,0,67,0,0,0,0
2021-02-11T23:59:59+01:00,0,0,198,168,301,470,304,879,377,1396,549,988,286,242,217,411,155,764,75,82,202,324,224,673,275,1108,423,785,219,190,190,343,140,660,7661,5913,16,0,28,0,0,0,0
2021-02-10T23:59:59+01:00,0,0,195,161,297,466,301,875,371,1385,545,980,284,240,215,410,155,762,70,76,186,298,213,614,258,1023,398,733,210,176,176,314,128,613,7619,5486,10,0,13,0,0,0,0
2021-02-09T23:59:59+01:00,0,0,190,155,294,457,300,866,371,1375,543,971,281,239,215,410,155,761,61,60,147,234,184,510,220,831,342,598,189,150,156,279,118,547,7575,4626,2,0,6,0,0,0,0
2021-02-08T23:59:59+01:00,0,0,183,148,290,444,295,856,367,1355,536,964,277,235,214,409,153,757,34,47,102,144,135,282,161,454,248,391,160,124,129,224,95,452,7475,3182,2,0,6,0,0,0,0
2021-02-07T23:59:59+01:00,0,0,181,146,287,443,294,854,366,1354,535,963,276,234,214,409,153,757,19,40,83,122,130,261,152,420,232,364,152,120,119,214,90,417,7465,2935,1,0,0,0,0,0,0
2021-02-06T23:59:59+01:00,0,0,181,146,287,443,294,854,366,1354,535,963,276,234,214,409,153,757,19,37,81,119,120,246,141,404,201,343,137,116,118,209,89,407,7465,2787,1,0,0,0,0,0,0
2021-02-05T23:59:59+01:00,0,0,181,144,287,440,293,843,364,1346,531,960,276,233,214,409,153,756,18,32,77,114,113,233,136,377,187,324,132,111,115,204,82,391,7429,2646,1,0,0,0,0,0,0
2021-02-04T23:59:59+01:00,0,0,173,139,286,436,286,834,361,1335,522,951,275,231,213,409,153,754,11,21,51,77,84,177,113,287,155,267,114,96,103,190,74,351,7358,2171,0,0,0,0,0,0,0
2021-02-03T23:59:59+01:00,0,0,155,132,276,430,282,828,359,1324,522,949,275,231,212,409,153,753,11,19,43,67,75,142,89,257,134,221,95,81,88,162,67,311,7290,1862,0,0,0,0,0,0,0
2021-02-02T23:59:59+01:00,0,0,134,126,264,428,279,821,354,1317,521,942,274,231,211,409,152,752,11,16,34,61,63,119,74,212,103,171,63,57,63,104,43,196,7215,1390,0,0,0,0,0,0,0
2021-02-01T23:59:59+01:00,0,0,129,121,259,413,277,804,352,1293,515,930,269,229,211,409,152,752,4,10,20,34,33,66,46,119,59,71,28,28,27,44,25,97,7115,711,0,0,0,0,0,0,0
2021-01-31T23:59:59+01:00,0,0,128,118,257,411,275,800,350,1287,511,928,269,226,210,408,152,752,4,6,15,23,28,47,32,73,39,43,14,8,13,28,20,59,7082,452,0,0,0,0,0,0,0
2021-01-30T23:59:59+01:00,0,0,128,118,257,411,275,799,350,1286,510,928,269,226,210,408,152,752,4,6,13,20,25,40,27,65,36,41,14,8,13,28,20,59,7079,419,0,0,0,0,0,0,0
2021-01-29T23:59:59+01:00,0,0,128,118,257,411,274,799,350,1286,510,928,269,226,210,408,152,752,4,6,7,18,23,31,22,57,32,38,14,8,13,27,19,58,7078,377,0,0,0,0,0,0,0
2021-01-28T23:59:59+01:00,0,0,126,115,253,405,270,793,347,1279,506,927,269,226,210,408,152,752,1,3,2,8,15,13,12,28,12,23,11,4,6,14,6,23,7038,181,0,0,0,0,0,0,0
2021-01-27T23:59:59+01:00,0,0,118,105,251,401,267,785,342,1272,500,920,264,223,209,407,152,752,0,0,1,4,11,11,8,21,10,17,10,4,6,14,6,23,6968,146,0,0,0,0,0,0,0
2021-01-26T23:59:59+01:00,0,0,89,93,233,384,259,760,329,1234,475,889,244,211,202,391,152,744,0,0,1,4,11,11,8,21,10,17,10,4,6,14,6,23,6689,146,0,0,0,0,0,0,0
2021-01-25T23:59:59+01:00,0,0,86,88,231,364,246,741,315,1200,457,864,228,204,193,371,148,689,0,0,1,4,11,9,7,14,7,13,10,4,6,14,6,23,6425,129,0,0,0,0,0,0,0
2021-01-24T23:59:59+01:00,0,0,86,86,227,360,245,736,312,1187,455,849,227,202,193,360,148,679,0,0,1,4,11,9,7,14,7,13,10,4,6,14,6,23,6352,129,0,0,0,0,0,0,0
2021-01-23T23:59:59+01:00,0,0,86,86,227,360,245,736,312,1187,455,849,227,202,193,360,148,679,0,0,1,4,11,9,7,14,7,13,10,4,6,14,6,23,6352,129,0,0,0,0,0,0,0
2021-01-22T23:59:59+01:00,0,0,86,85,225,358,245,733,308,1183,451,846,225,201,193,359,148,679,0,0,1,4,11,9,7,14,7,13,10,4,6,14,6,23,6325,129,0,0,0,0,0,0,0
2021-01-21T23:59:59+01:00,0,0,86,82,211,329,235,689,283,1132,437,813,224,197,192,353,148,676,0,0,1,2,9,8,6,13,6,11,10,4,6,14,6,23,6087,119,0,0,0,0,0,0,0
2021-01-20T23:59:59+01:00,0,0,80,76,197,308,223,625,269,1039,408,754,215,186,177,324,137,629,0,0,1,2,9,8,6,13,6,11,10,4,6,14,6,23,5647,119,0,0,0,0,0,0,0
2021-01-19T23:59:59+01:00,0,0,72,66,157,258,203,562,243,916,367,645,196,160,155,284,124,552,0,0,1,2,3,7,6,12,4,9,7,3,6,14,6,23,4960,103,0,0,0,0,0,0,0
2021-01-18T23:59:59+01:00,0,0,60,58,134,215,181,458,216,759,327,552,179,140,131,234,104,470,0,0,0,1,2,4,3,7,2,7,6,3,6,14,6,22,4218,83,0,0,0,0,0,0,0
2021-01-17T23:59:59+01:00,0,0,37,46,109,184,167,395,199,668,301,494,171,134,118,217,90,416,0,0,0,0,2,4,2,7,2,5,4,3,6,14,5,22,3746,76,0,0,0,0,0,0,0
2021-01-16T23:59:59+01:00,0,0,30,43,109,181,157,378,184,648,270,472,155,129,117,211,89,406,0,0,0,0,0,0,0,0,0,0,0,0,0,0,0,0,3579,0,0,0,0,0,0,0,0
2021-01-15T23:59:59+01:00,0,0,28,39,105,176,146,365,178,618,253,450,150,120,114,205,81,390,0,0,0,0,0,0,0,0,0,0,0,0,0,0,0,0,3418,0,0,0,0,0,0,0,0
2021-01-14T23:59:59+01:00,0,0,10,24,51,77,84,169,114,283,150,262,123,101,100,190,71,350,0,0,0,0,0,0,0,0,0,0,0,0,0,0,0,0,2159,0,0,0,0,0,0,0,0
2021-01-13T23:59:59+01:00,0,0,9,20,41,67,76,134,92,254,125,225,94,79,81,153,56,282,0,0,0,0,0,0,0,0,0,0,0,0,0,0,0,0,1788,0,0,0,0,0,0,0,0
2021-01-12T23:59:59+01:00,0,0,9,15,37,63,63,110,77,206,96,171,61,53,54,92,32,162,0,0,0,0,0,0,0,0,0,0,0,0,0,0,0,0,1301,0,0,0,0,0,0,0,0
2021-01-11T23:59:59+01:00,0,0,1,10,27,46,39,79,56,137,59,84,31,27,22,36,16,70,0,0,0,0,0,0,0,0,0,0,0,0,0,0,0,0,740,0,0,0,0,0,0,0,0
2021-01-10T23:59:59+01:00,0,0,1,5,20,32,34,55,37,90,38,52,14,7,7,19,11,31,0,0,0,0,0,0,0,0,0,0,0,0,0,0,0,0,453,0,0,0,0,0,0,0,0
2021-01-09T23:59:59+01:00,0,0,1,5,18,28,33,51,32,80,36,51,14,7,7,19,11,31,0,0,0,0,0,0,0,0,0,0,0,0,0,0,0,0,424,0,0,0,0,0,0,0,0
2021-01-08T23:59:59+01:00,0,0,1,5,15,26,30,40,26,71,32,47,13,7,6,17,10,30,0,0,0,0,0,0,0,0,0,0,0,0,0,0,0,0,376,0,0,0,0,0,0,0,0
2021-01-07T23:59:59+01:00,0,0,1,3,2,10,15,13,13,29,14,24,11,5,6,15,8,24,0,0,0,0,0,0,0,0,0,0,0,0,0,0,0,0,193,0,0,0,0,0,0,0,0
2021-01-06T23:59:59+01:00,0,0,1,0,2,4,13,11,9,23,12,19,11,5,6,15,8,24,0,0,0,0,0,0,0,0,0,0,0,0,0,0,0,0,163,0,0,0,0,0,0,0,0
2021-01-05T23:59:59+01:00,0,0,0,0,1,4,12,11,8,21,11,19,10,5,6,15,8,24,0,0,0,0,0,0,0,0,0,0,0,0,0,0,0,0,155,0,0,0,0,0,0,0,0
2021-01-04T23:59:59+01:00,0,0,0,0,1,4,12,10,7,17,9,17,10,5,6,15,8,24,0,0,0,0,0,0,0,0,0,0,0,0,0,0,0,0,145,0,0,0,0,0,0,0,0
2021-01-03T23:59:59+01:00,0,0,0,0,1,4,11,9,7,14,7,14,10,5,6,15,8,24,0,0,0,0,0,0,0,0,0,0,0,0,0,0,0,0,135,0,0,0,0,0,0,0,0
2021-01-02T23:59:59+01:00,0,0,0,0,1,4,11,9,7,14,7,14,10,5,6,15,8,24,0,0,0,0,0,0,0,0,0,0,0,0,0,0,0,0,135,0,0,0,0,0,0,0,0
2021-01-01T23:59:59+01:00,0,0,0,0,1,4,11,9,7,14,7,14,10,5,6,15,8,24,0,0,0,0,0,0,0,0,0,0,0,0,0,0,0,0,135,0,0,0,0,0,0,0,0
2020-12-31T23:59:59+01:00,0,0,0,0,1,4,11,9,7,14,7,14,10,5,6,15,8,24,0,0,0,0,0,0,0,0,0,0,0,0,0,0,0,0,135,0,0,0,0,0,0,0,0
2020-12-30T23:59:59+01:00,0,0,0,0,1,4,11,9,7,14,7,14,10,5,6,15,8,24,0,0,0,0,0,0,0,0,0,0,0,0,0,0,0,0,135,0,0,0,0,0,0,0,0
2020-12-29T23:59:59+01:00,0,0,0,0,1,4,8,9,7,14,5,12,10,5,6,15,8,24,0,0,0,0,0,0,0,0,0,0,0,0,0,0,0,0,128,0,0,0,0,0,0,0,0
2020-12-28T23:59:59+01:00,0,0,0,0,1,1,5,7,7,8,3,9,10,5,6,15,8,24,0,0,0,0,0,0,0,0,0,0,0,0,0,0,0,0,109,0,0,0,0,0,0,0,0
2020-12-27T23:59:59+01:00,0,0,0,0,0,0,2,4,2,7,2,6,4,4,6,15,7,23,0,0,0,0,0,0,0,0,0,0,0,0,0,0,0,0,82,0,0,0,0,0,0,0,0
