Datum,<15_m,<15_w,15-24_1_m,15-24_1_w,25-34_1_m,25-34_1_w,35-44_1_m,35-44_1_w,45-54_1_m,45-54_1_w,55-64_1_m,55-64_1_w,65-74_1_m,65-74_1_w,75-84_1_m,75-84_1_w,>84_1_m,>84_1_w,<24_2_m,<24_2_w,25-34_2_m,25-34_2_w,35-44_2_m,35-44_2_w,45-54_2_m,45-54_2_w,55-64_2_m,55-64_2_w,65-74_2_m,65-74_2_w,75-84_2_m,75-84_2_w,>84_2_m,>84_2_w,bp_1,bp_2,mo_1,mo_2,az_1,az_2,ja,unb_1,unb_2
2021-09-06T23:59:59+02:00,1532,1403,9381,8819,10482,9752,12999,13405,17112,17497,20376,20410,16249,16959,9006,10979,2827,5448,8734,8257,10044,9225,12543,12827,16574,16906,19871,19848,15943,16608,8818,10715,2774,5319,146447,140599,19754,19199,27863,27011,10565,7,6
2021-09-05T23:59:59+02:00,1528,1400,9373,8807,10473,9747,12994,13399,17109,17491,20371,20408,16246,16956,9006,10978,2827,5448,8728,8251,10037,9215,12538,12821,16568,16901,19863,19845,15941,16606,8818,10714,2774,5319,146396,140548,19753,19199,27863,27008,10542,7,6
2021-09-04T23:59:59+02:00,1527,1400,9372,8805,10472,9747,12993,13398,17109,17491,20369,20406,16246,16956,9006,10978,2827,5448,8728,8251,10036,9214,12537,12821,16567,16900,19862,19845,15941,16606,8818,10714,2774,5319,146390,140543,19750,19199,27863,27008,10540,7,6
2021-09-03T23:59:59+02:00,1517,1388,9351,8787,10459,9737,12989,13388,17094,17480,20357,20396,16242,16951,9005,10973,2827,5445,8712,8241,10025,9208,12530,12814,16551,16890,19859,19837,15937,16600,8817,10710,2774,5316,146292,140494,19747,19198,27863,27008,10477,7,6
2021-09-02T23:59:59+02:00,1506,1379,9298,8757,10402,9686,12918,13332,17046,17442,20297,20355,16210,16924,8995,10962,2826,5440,8667,8219,9967,9163,12462,12765,16508,16857,19798,19797,15905,16577,8810,10702,2774,5312,146174,140440,19745,19194,27862,27006,9987,7,6
2021-09-01T23:59:59+02:00,1502,1363,9279,8744,10385,9677,12906,13320,17036,17429,20289,20353,16207,16919,8988,10959,2826,5439,8649,8198,9953,9147,12451,12754,16497,16846,19784,19788,15902,16573,8808,10698,2774,5311,146070,140313,19734,19192,27862,27005,9948,7,6
2021-08-31T23:59:59+02:00,1485,1345,9263,8714,10375,9664,12896,13313,17031,17417,20282,20345,16202,16915,8986,10954,2826,5439,8633,8182,9947,9135,12436,12742,16486,16841,19782,19782,15898,16571,8807,10695,2774,5311,145912,140192,19733,19189,27862,27002,9938,7,6
2021-08-30T23:59:59+02:00,1464,1328,9242,8691,10361,9648,12884,13298,17019,17399,20270,20337,16199,16912,8984,10952,2826,5438,8604,8169,9933,9124,12424,12726,16473,16826,19773,19776,15895,16565,8805,10690,2772,5309,145747,140061,19733,19184,27859,26993,9906,7,6
2021-08-29T23:59:59+02:00,1463,1327,9239,8685,10355,9639,12881,13293,17010,17394,20266,20332,16196,16908,8984,10952,2826,5437,8601,8162,9924,9114,12419,12720,16465,16822,19769,19773,15892,16559,8804,10690,2772,5308,145728,140042,19733,19182,27859,26987,9860,7,6
2021-08-28T23:59:59+02:00,1462,1327,9236,8681,10355,9638,12880,13292,17010,17393,20266,20331,16196,16908,8984,10952,2826,5437,8597,8162,9922,9114,12418,12719,16465,16821,19769,19772,15892,16559,8804,10690,2772,5308,145720,140036,19733,19180,27859,26987,9855,7,6
2021-08-27T23:59:59+02:00,1452,1316,9224,8673,10350,9632,12877,13290,17007,17387,20261,20326,16195,16906,8983,10952,2826,5437,8589,8155,9919,9108,12412,12717,16462,16814,19768,19771,15891,16558,8803,10689,2772,5308,145645,139989,19733,19178,27859,26982,9850,7,6
2021-08-26T23:59:59+02:00,1449,1315,9216,8669,10345,9626,12868,13289,17004,17385,20259,20321,16192,16903,8980,10947,2825,5437,8579,8143,9913,9103,12404,12714,16457,16812,19766,19766,15888,16554,8800,10686,2771,5308,145623,139959,19731,19178,27859,26976,9810,7,6
2021-08-25T23:59:59+02:00,1436,1291,9118,8613,10263,9556,12782,13215,16886,17301,20166,20267,16147,16865,8965,10927,2820,5426,8497,8090,9835,9043,12316,12650,16354,16739,19680,19714,15844,16515,8786,10667,2766,5295,145388,139820,19730,19177,27859,26974,9060,7,6
2021-08-24T23:59:59+02:00,1417,1266,9086,8583,10250,9537,12754,13186,16856,17265,20152,20251,16132,16855,8960,10921,2820,5423,8473,8076,9819,9031,12301,12639,16342,16724,19672,19704,15838,16512,8786,10665,2766,5294,145102,139702,19728,19174,27859,26974,9018,7,6
2021-08-23T23:59:59+02:00,1399,1241,9047,8545,10237,9519,12723,13166,16837,17247,20139,20227,16123,16843,8949,10915,2819,5418,8449,8060,9794,9013,12288,12633,16329,16715,19662,19688,15834,16505,8783,10660,2765,5291,144848,139611,19728,19173,27859,26953,8952,7,6
2021-08-22T23:59:59+02:00,1399,1241,9037,8540,10230,9513,12722,13162,16834,17241,20136,20224,16120,16840,8945,10915,2819,5417,8433,8053,9787,9001,12284,12628,16326,16708,19660,19684,15831,16501,8779,10658,2765,5290,144835,139580,19728,19170,27859,26950,8906,7,6
2021-08-21T23:59:59+02:00,1399,1240,9032,8540,10229,9510,12719,13161,16833,17241,20135,20223,16120,16840,8945,10915,2819,5417,8310,7972,9683,8908,12196,12518,16237,16637,19605,19641,15811,16487,8777,10647,2764,5288,144829,139576,19725,18272,27859,26949,8898,7,6
2021-08-20T23:59:59+02:00,1398,1238,9024,8538,10222,9502,12712,13151,16830,17239,20128,20219,16119,16840,8945,10913,2818,5416,7951,7648,9532,8747,12051,12379,16116,16529,19497,19545,15772,16438,8765,10623,2762,5287,144798,137485,19725,18272,27859,26948,8863,7,6
2021-08-19T23:59:59+02:00,1393,1236,9013,8532,10215,9492,12703,13146,16825,17238,20123,20217,16118,16838,8945,10912,2818,5415,7694,7382,9401,8642,11909,12261,16025,16423,19401,19458,15730,16391,8755,10605,2761,5279,144757,135771,19722,18266,27858,26939,8835,7,6
2021-08-18T23:59:59+02:00,1368,1204,8967,8494,10188,9463,12677,13112,16796,17215,20096,20188,16105,16824,8939,10906,2814,5410,7680,7372,9389,8634,11896,12245,16011,16414,19393,19450,15724,16384,8751,10601,2758,5276,144451,135723,19709,18265,27855,26938,8744,7,6
2021-08-17T23:59:59+02:00,1343,1191,8930,8461,10173,9442,12664,13088,16782,17195,20075,20166,16097,16815,8937,10899,2812,5405,7665,7357,9372,8627,11887,12236,16004,16403,19382,19444,15719,16379,8750,10599,2757,5274,144216,135656,19706,18260,27854,26932,8692,7,6
2021-08-16T23:59:59+02:00,1320,1173,8893,8436,10153,9422,12640,13064,16772,17178,20055,20151,16092,16803,8933,10898,2812,5405,7658,7346,9356,8625,11877,12230,16002,16398,19373,19437,15716,16376,8750,10599,2757,5274,143983,135620,19704,18256,27854,26930,8652,7,6
2021-08-15T23:59:59+02:00,1302,1157,8872,8417,10141,9406,12624,13052,16760,17168,20041,20140,16086,16797,8933,10893,2812,5405,7646,7336,9341,8610,11864,12220,15995,16390,19367,19433,15709,16372,8749,10596,2757,5274,143834,135569,19704,18252,27853,26911,8608,7,6
2021-08-14T23:59:59+02:00,1301,1157,8872,8417,10140,9406,12623,13050,16760,17167,20040,20138,16086,16797,8933,10893,2812,5405,7329,7044,9197,8444,11689,12057,15877,16260,19273,19347,15683,16349,8740,10583,2757,5270,143828,133584,19704,18250,27853,26904,8605,7,6
2021-08-13T23:59:59+02:00,1296,1155,8859,8407,10129,9398,12611,13041,16745,17158,20032,20130,16082,16791,8931,10892,2811,5405,6945,6687,9025,8285,11484,11844,15661,16080,19133,19225,15650,16310,8729,10569,2755,5266,143798,131124,19704,18250,27853,26901,8511,7,6
2021-08-12T23:59:59+02:00,1296,1155,8858,8403,10122,9392,12607,13040,16739,17149,20028,20125,16081,16787,8929,10890,2811,5405,6939,6680,9012,8277,11473,11842,15650,16073,19129,19219,15648,16305,8727,10568,2755,5266,143781,131093,19703,18247,27853,26883,8473,7,6
2021-08-11T23:59:59+02:00,1293,1151,8855,8397,10112,9387,12599,13036,16736,17145,20023,20123,16079,16784,8928,10890,2811,5404,6933,6670,8997,8267,11462,11838,15646,16066,19121,19213,15644,16302,8726,10568,2755,5264,143737,131034,19700,18240,27853,26870,8456,7,6
2021-08-10T23:59:59+02:00,1292,1151,8851,8395,10107,9382,12597,13032,16735,17143,20022,20118,16078,16782,8928,10889,2811,5404,6888,6626,8966,8252,11443,11817,15621,16054,19114,19203,15642,16300,8726,10566,2755,5264,143711,130793,19700,18236,27853,26864,8446,7,6
2021-08-09T23:59:59+02:00,1292,1149,8844,8394,10102,9375,12596,13030,16728,17141,20016,20118,16076,16782,8927,10889,2811,5404,6869,6604,8946,8236,11431,11807,15605,16043,19108,19199,15639,16299,8724,10565,2755,5264,143685,130666,19700,18232,27851,26855,8431,7,6
2021-08-08T23:59:59+02:00,1292,1148,8841,8388,10100,9371,12587,13027,16723,17137,20014,20115,16074,16779,8926,10888,2810,5403,6866,6592,8929,8228,11415,11800,15598,16035,19106,19196,15636,16296,8723,10564,2754,5263,143674,130619,19699,18225,27851,26852,8392,7,6
2021-08-07T23:59:59+02:00,1292,1140,8832,8380,10089,9364,12585,13021,16716,17133,20008,20110,16070,16774,8924,10888,2809,5403,6214,6023,8657,8004,11145,11568,15399,15862,19022,19120,15616,16272,8716,10557,2751,5262,143627,127534,19698,18213,27851,26851,8355,7,6
2021-08-06T23:59:59+02:00,1286,1139,8822,8368,10075,9352,12565,13003,16698,17121,19991,20097,16063,16766,8924,10885,2809,5402,6200,6008,8642,7989,11121,11548,15377,15846,19005,19108,15609,16265,8716,10554,2751,5261,143589,127483,19696,18207,27851,26849,8223,7,6
2021-08-05T23:59:59+02:00,1283,1137,8815,8361,10066,9343,12553,12995,16692,17118,19984,20094,16062,16766,8924,10884,2809,5402,5915,5772,8293,7693,10760,11275,15057,15610,18756,18941,15590,16242,8706,10547,2750,5260,143544,127399,19692,15511,27847,26816,8198,7,6
2021-08-04T23:59:59+02:00,1282,1134,8809,8358,10061,9340,12546,12991,16687,17116,19982,20091,16061,16766,8923,10883,2809,5401,5901,5765,8265,7682,10741,11264,15041,15603,18751,18936,15588,16239,8705,10547,2749,5260,143513,127302,19691,15503,27846,26801,8183,7,6
2021-08-03T23:59:59+02:00,1275,1131,8805,8348,10056,9335,12541,12988,16682,17114,19977,20089,16059,16766,8922,10881,2809,5400,5788,5651,8172,7613,10624,11186,14992,15551,18722,18921,15584,16237,8704,10545,2747,5259,143468,126575,19689,15495,27846,26772,8168,7,6
2021-08-02T23:59:59+02:00,1269,1125,8792,8340,10048,9328,12536,12982,16677,17105,19970,20085,16057,16763,8920,10878,2808,5399,5619,5492,8040,7508,10500,11071,14922,15472,18690,18896,15576,16228,8698,10545,2747,5259,143388,125517,19683,15492,27845,26741,8159,7,6
2021-08-01T23:59:59+02:00,1267,1124,8785,8331,10041,9321,12530,12980,16672,17103,19965,20083,16057,16763,8919,10876,2808,5399,5559,5435,7989,7459,10438,11020,14887,15447,18677,18879,15574,16226,8696,10542,2747,5257,143343,125083,19680,15489,27844,26720,8150,7,6
2021-07-31T23:59:59+02:00,1267,1124,8784,8328,10041,9320,12528,12980,16671,17103,19964,20081,16057,16763,8919,10875,2808,5399,5534,5415,7973,7447,10422,11007,14874,15441,18674,18876,15573,16225,8696,10542,2747,5257,143340,124957,19679,15486,27844,26719,8142,7,6
2021-07-30T23:59:59+02:00,1136,1006,8555,8099,9948,9202,12447,12896,16592,17032,19905,20014,16025,16724,8913,10858,2807,5396,5243,5138,7835,7305,10234,10817,14737,15278,18611,18820,15548,16198,8683,10529,2743,5254,141891,123139,19677,15480,27844,26701,8136,7,6
2021-07-29T23:59:59+02:00,1129,998,8426,8010,9789,9104,12297,12795,16447,16938,19742,19904,15940,16657,8888,10839,2806,5389,4946,4905,7556,7111,9956,10615,14490,15106,18416,18703,15463,16125,8656,10508,2742,5244,141776,122035,19674,15438,27844,26675,6797,7,6
2021-07-28T23:59:59+02:00,1118,985,8396,7973,9775,9090,12276,12781,16430,16916,19722,19894,15933,16644,8881,10835,2806,5387,4525,4474,7237,6859,9639,10317,14255,14924,18359,18662,15448,16114,8651,10497,2742,5234,141537,119386,19672,15384,27842,26613,6784,7,6
2021-07-27T23:59:59+02:00,1108,977,8373,7958,9763,9083,12265,12772,16421,16911,19715,19881,15931,16638,8879,10832,2805,5385,4290,4226,7007,6660,9392,10041,14094,14764,18308,18599,15399,16068,8634,10481,2739,5228,141400,117371,19669,15383,27842,26590,6779,7,6
2021-07-26T23:59:59+02:00,1104,974,8359,7946,9756,9078,12259,12767,16414,16903,19708,19880,15928,16633,8877,10828,2804,5380,4182,4115,6905,6550,9267,9916,14013,14685,18263,18566,15388,16057,8624,10473,2736,5226,141322,116471,19665,15374,27831,26532,6773,7,6
2021-07-25T23:59:59+02:00,1103,973,8352,7942,9743,9074,12249,12764,16409,16898,19705,19879,15926,16633,8877,10828,2804,5380,4133,4062,6829,6499,9196,9862,13977,14652,18239,18552,15370,16044,8618,10467,2736,5224,141297,116028,19662,15358,27830,26511,6743,7,6
2021-07-24T23:59:59+02:00,1101,969,8263,7880,9669,8995,12182,12687,16342,16844,19665,19840,15905,16619,8874,10818,2804,5379,4090,4022,6771,6449,9118,9808,13913,14586,18207,18526,15359,16034,8610,10463,2736,5224,141278,115778,19000,15079,27830,26509,6721,7,6
2021-07-23T23:59:59+02:00,1074,944,8151,7791,9631,8960,12148,12658,16297,16809,19635,19821,15899,16613,8870,10814,2804,5379,3796,3735,6509,6238,8837,9522,13677,14410,18128,18469,15317,15990,8592,10444,2734,5218,140782,113522,19000,15055,27830,26503,6679,7,6
2021-07-22T23:59:59+02:00,983,858,7935,7562,9526,8870,12030,12563,16208,16722,19562,19736,15853,16573,8862,10799,2803,5373,3669,3608,6355,6146,8685,9392,13515,14269,18055,18402,15295,15966,8585,10435,2734,5217,139322,112378,18999,14983,27824,26410,6666,7,6
2021-07-21T23:59:59+02:00,963,844,7904,7522,9510,8859,12007,12540,16184,16706,19538,19715,15842,16566,8862,10794,2803,5373,3361,3338,6010,5889,8290,9009,13248,14035,17915,18276,15204,15885,8553,10405,2731,5205,139066,109571,18997,14912,27819,26311,6643,7,6
2021-07-20T23:59:59+02:00,962,843,7896,7517,9501,8856,12002,12538,16176,16705,19533,19711,15841,16565,8862,10793,2803,5373,3288,3285,5951,5835,8231,8948,13163,13991,17883,18262,15204,15885,8553,10403,2731,5205,139027,109183,18996,14897,27816,26179,6631,7,6
2021-07-19T23:59:59+02:00,961,843,7890,7517,9497,8850,11997,12536,16171,16699,19531,19711,15840,16562,8862,10791,2803,5372,3238,3250,5904,5796,8174,8904,13106,13964,17837,18250,15204,15883,8553,10401,2731,5204,138997,108915,18995,14881,27816,26054,6618,7,6
2021-07-18T23:59:59+02:00,960,842,7880,7508,9490,8844,11989,12532,16165,16694,19529,19710,15839,16560,8862,10791,2803,5372,3219,3233,5864,5765,8140,8876,13067,13948,17824,18247,15204,15882,8553,10401,2731,5203,138952,108728,18993,14848,27814,26045,6604,7,6
2021-07-17T23:59:59+02:00,844,723,7557,7217,9338,8675,11813,12371,16036,16555,19433,19615,15818,16539,8854,10778,2803,5369,3118,3124,5752,5672,8006,8721,12927,13823,17729,18171,15194,15864,8550,10394,2731,5203,136941,107552,18991,14844,27814,26041,6588,4,6
2021-07-16T23:59:59+02:00,687,571,7161,6892,9148,8518,11621,12161,15832,16379,19293,19488,15789,16502,8845,10764,2802,5367,3056,3063,5676,5608,7894,8617,12810,13689,17652,18097,15172,15848,8546,10392,2730,5203,134460,106663,18991,14839,27813,26035,6552,4,6
2021-07-15T23:59:59+02:00,685,571,7148,6884,9144,8517,11611,12157,15822,16372,19289,19482,15787,16500,8841,10762,2801,5358,3018,3028,5609,5567,7805,8565,12737,13649,17622,18076,15149,15834,8538,10385,2729,5194,134422,106434,18989,14684,27808,25914,6508,4,6
2021-07-14T23:59:59+02:00,683,570,7139,6876,9140,8515,11606,12153,15816,16369,19284,19477,15785,16497,8838,10759,2800,5354,2995,3016,5568,5536,7770,8543,12705,13633,17605,18065,15142,15831,8535,10381,2729,5190,134390,106283,18988,14651,27808,25874,6471,4,6
2021-07-13T23:59:59+02:00,678,567,7115,6859,9129,8499,11597,12139,15805,16349,19275,19470,15776,16493,8834,10749,2795,5346,2937,2965,5503,5468,7611,8409,12452,13415,17449,17936,15124,15820,8523,10368,2724,5179,134265,105066,18988,14598,27805,25838,6413,4,6
2021-07-12T23:59:59+02:00,672,560,7103,6844,9119,8488,11586,12130,15801,16337,19263,19466,15774,16489,8832,10749,2795,5343,2879,2912,5421,5393,7464,8295,12204,13204,17270,17792,15114,15815,8519,10361,2723,5179,134155,103833,18986,14547,27801,25789,6405,4,6
2021-07-11T23:59:59+02:00,671,559,7095,6841,9110,8479,11580,12122,15791,16334,19258,19461,15774,16486,8831,10747,2795,5343,2848,2877,5345,5317,7367,8207,12039,13049,17143,17660,15107,15804,8518,10358,2723,5179,134113,102947,18982,14497,27801,25748,6377,4,6
2021-07-10T23:59:59+02:00,498,402,6527,6292,8883,8295,11339,11928,15634,16203,19203,19412,15766,16476,8827,10742,2794,5342,2818,2843,5294,5274,7286,8126,11938,12949,17065,17593,15092,15789,8515,10348,2720,5177,131416,102254,18982,14495,27801,25740,6360,4,6
2021-07-09T23:59:59+02:00,487,395,6468,6264,8857,8258,11299,11899,15608,16190,19190,19396,15765,16473,8827,10739,2794,5342,2761,2776,5211,5206,7108,7950,11528,12650,16770,17387,15073,15762,8508,10343,2719,5175,131325,101234,18771,13636,27800,25726,6351,4,6
2021-07-08T23:59:59+02:00,482,393,6149,6001,8483,7967,10919,11590,15271,15944,18931,19223,15742,16449,8818,10732,2791,5341,2699,2726,5130,5132,6969,7859,11329,12508,16622,17264,15066,15754,8508,10341,2719,5174,131238,100376,15867,13470,27796,25652,6321,4,6
2021-07-07T23:59:59+02:00,480,389,6134,5988,8460,7951,10905,11573,15260,15934,18930,19218,15740,16446,8817,10730,2791,5339,2651,2671,5041,5074,6833,7766,11097,12328,16462,17131,15058,15748,8504,10336,2719,5174,131127,99356,15859,13351,27794,25604,6301,4,6
2021-07-06T23:59:59+02:00,453,368,6032,5895,8379,7885,10829,11504,15226,15894,18907,19202,15733,16436,8814,10728,2788,5337,2582,2601,4903,4960,6646,7633,10707,11916,16092,16756,15032,15715,8496,10329,2718,5170,130508,97202,15851,13268,27789,25544,6258,4,6
2021-07-05T23:59:59+02:00,412,334,5853,5723,8262,7789,10716,11389,15167,15827,18876,19170,15727,16428,8810,10723,2785,5336,2528,2526,4805,4863,6515,7497,10357,11600,15817,16452,15002,15685,8488,10314,2718,5165,129458,95416,15847,13204,27786,25490,6232,4,6
2021-07-04T23:59:59+02:00,392,304,5779,5645,8205,7734,10649,11333,15136,15796,18862,19151,15721,16425,8809,10721,2785,5334,2509,2495,4744,4817,6456,7447,10220,11491,15716,16380,14998,15679,8486,10313,2717,5165,128955,94851,15841,13137,27781,25454,6200,4,6
2021-07-03T23:59:59+02:00,387,302,5761,5637,8196,7725,10638,11330,15129,15790,18859,19149,15720,16425,8809,10721,2785,5334,2474,2464,4649,4788,6348,7422,10162,11446,15612,16294,14321,14970,8467,10288,2717,5165,128889,94737,15839,13135,27780,23538,6185,4,6
2021-07-02T23:59:59+02:00,343,264,5573,5486,8122,7650,10539,11233,15064,15734,18840,19143,15716,16421,8804,10719,2783,5331,2426,2416,4494,4709,6165,7348,10008,11290,15422,16091,13530,14052,8459,10273,2717,5164,127971,94174,15837,13091,27779,21133,6174,4,6
2021-07-01T23:59:59+02:00,282,210,5356,5306,7994,7539,10401,11108,14935,15639,18795,19118,15708,16414,8799,10713,2783,5330,2308,2295,4318,4536,5929,7099,9228,10607,14793,15621,13505,14024,8454,10268,2713,5162,126684,90684,15827,12996,27778,21049,6137,4,6
2021-06-30T23:59:59+02:00,152,121,4874,4830,7652,7264,10052,10770,14707,15461,18737,19074,15697,16403,8795,10705,2783,5327,2271,2249,4233,4467,5818,7003,9057,10485,14704,15544,13491,14016,8451,10265,2713,5160,123696,90089,15821,12822,27778,20917,6105,4,6
2021-06-29T23:59:59+02:00,116,100,4590,4548,7402,7046,9762,10471,14508,15271,18675,19013,15645,16353,8776,10690,2782,5322,2205,2167,4090,4330,5612,6824,8832,10259,14412,15322,13443,13967,8439,10241,2711,5147,121630,88648,15818,12670,27776,20845,5842,4,6
2021-06-28T23:59:59+02:00,100,79,4453,4403,7297,6935,9641,10342,14417,15164,18630,18971,15629,16337,8762,10679,2779,5320,2120,2040,3907,4124,5332,6482,8448,9748,13880,14786,13326,13877,8421,10217,2708,5135,120610,85444,15809,12588,27773,20780,5742,4,4
2021-06-27T23:59:59+02:00,95,77,4401,4354,7238,6879,9579,10288,14385,15131,18610,18954,15612,16325,8755,10672,2778,5315,2066,2005,3843,4078,5221,6369,8280,9621,13705,14674,13300,13858,8413,10208,2705,5133,120244,84655,15806,12554,27771,20649,5623,4,4
2021-06-26T23:59:59+02:00,82,75,4358,4326,7207,6852,9561,10267,14366,15116,18598,18941,15608,16318,8755,10672,2778,5315,1989,1913,3654,3919,5006,6112,7914,9166,13355,14377,13220,13801,8393,10180,2700,5124,120005,82015,15802,12554,27771,20643,5613,4,4
2021-06-25T23:59:59+02:00,70,62,4045,3999,6939,6613,9270,9974,14143,14928,18516,18885,15562,16272,8736,10653,2776,5308,1924,1829,3490,3800,4814,5881,7589,8752,13046,14042,13170,13745,8380,10155,2694,5118,117600,79668,15774,12523,27771,20638,5602,4,4
2021-06-24T23:59:59+02:00,63,55,3952,3907,6841,6527,9171,9882,14044,14843,18488,18852,15547,16256,8730,10646,2776,5307,1855,1753,3377,3704,4616,5739,7369,8556,12795,13843,12335,12817,8200,9891,2694,5117,116870,78455,15764,12418,27768,18309,5481,4,4
2021-06-23T23:59:59+02:00,49,50,3545,3529,6388,6178,8640,9372,13709,14541,18353,18716,15443,16164,8687,10610,2773,5293,1718,1578,3124,3502,4203,5411,6424,7846,12058,13142,12313,12805,8190,9884,2694,5113,113931,77830,15516,9094,27767,18261,4822,4,4
2021-06-22T23:59:59+02:00,40,42,3473,3458,6312,6119,8537,9295,13657,14495,18320,18699,15432,16157,8686,10605,2773,5290,1678,1524,3021,3400,4062,5261,6172,7662,11453,12440,12223,12713,8173,9851,2690,5105,113307,75512,15512,9013,27765,18103,4802,4,4
2021-06-21T23:59:59+02:00,34,39,3403,3397,6218,6065,8477,9223,13597,14451,18287,18678,15429,16155,8682,10602,2773,5289,1641,1473,2930,3303,3938,5111,5976,7436,10695,11514,11839,12258,7107,8629,2684,5099,112790,72851,15505,8912,27756,15127,4744,4,4
2021-06-20T23:59:59+02:00,34,38,3377,3375,6171,6033,8432,9193,13569,14436,18276,18674,15428,16155,8682,10602,2773,5289,1622,1456,2894,3277,3887,5074,5923,7413,10609,11440,11819,12239,7105,8622,2683,5099,112615,72538,15489,8836,27756,15115,4673,4,4
2021-06-19T23:59:59+02:00,32,36,3350,3351,6142,6012,8403,9174,13545,14430,18270,18669,15428,16154,8682,10602,2773,5289,1618,1444,2889,3268,3879,5069,5909,7408,10598,11433,11819,12239,7105,8621,2683,5099,112426,72459,15483,8836,27756,15113,4673,4,4
2021-06-18T23:59:59+02:00,28,31,3309,3309,6066,5973,8335,9120,13500,14399,18247,18658,15427,16152,8681,10601,2773,5289,1543,1349,2753,3093,3695,4793,5511,7033,9111,9868,11653,12070,7064,8571,2671,5081,112045,67285,15456,8835,27756,15102,4637,4,4
2021-06-17T23:59:59+02:00,26,28,3245,3258,6000,5935,8262,9067,13428,14354,18224,18647,15425,16147,8680,10598,2773,5286,1411,1255,2564,2878,3433,4504,5151,6639,8441,9138,11370,11829,7023,8514,2667,5078,111677,63579,15427,8719,27753,15075,4522,4,4
2021-06-16T23:59:59+02:00,26,25,3192,3197,5888,5869,8144,8973,13301,14268,18158,18612,15419,16138,8680,10595,2773,5286,1314,1199,2423,2770,3250,4347,4867,6368,7363,7848,11279,11722,6992,8477,2654,5060,111041,59820,15353,8673,27750,15044,4396,4,4
2021-06-15T23:59:59+02:00,21,24,3095,3114,5771,5780,7956,8796,13041,14049,18007,18485,15404,16127,8672,10589,2773,5284,1276,1166,2351,2714,3143,4273,4665,6243,7051,7597,10784,11162,6959,8442,2646,5047,109624,57575,15325,8641,27742,15011,4293,4,3
2021-06-14T23:59:59+02:00,20,22,3022,3043,5693,5723,7815,8677,12752,13813,17823,18313,15388,16113,8665,10584,2772,5283,1249,1138,2285,2658,3018,4177,4467,6104,6713,7296,10256,10552,6928,8405,2642,5038,108246,55212,15317,8536,27738,14964,4216,4,2
2021-06-13T23:59:59+02:00,20,22,3004,3011,5627,5685,7752,8611,12612,13677,17718,18191,15382,16104,8664,10581,2771,5283,1239,1126,2254,2644,2981,4166,4423,6084,6681,7280,10252,10545,6928,8404,2642,5038,107509,55071,15306,8530,27733,14925,4163,4,2
2021-06-12T23:59:59+02:00,18,22,2975,2993,5599,5660,7721,8593,12592,13659,17709,18188,15381,16103,8664,10581,2771,5283,1182,1064,2164,2569,2885,4031,4281,5953,6571,7195,10170,10467,6330,7677,2642,5038,107310,54956,15304,8530,27733,12574,4161,4,2
2021-06-11T23:59:59+02:00,18,19,2898,2917,5530,5595,7538,8407,12182,13352,17429,17984,15365,16078,8658,10573,2769,5281,1159,1047,2109,2529,2820,3983,4196,5891,6462,7105,10068,10354,6316,7671,2640,5032,106294,54433,14413,8263,27732,12538,4150,4,2
2021-06-10T23:59:59+02:00,14,17,2842,2875,5431,5544,7405,8324,11997,13214,17292,17867,15360,16074,8658,10572,2768,5280,1120,1022,2034,2463,2718,3906,4026,5761,6220,6893,9817,10086,6296,7643,2634,5026,105376,52872,14339,8259,27727,12448,4088,4,2
2021-06-09T23:59:59+02:00,13,15,2766,2806,5307,5450,7183,8152,11720,12972,17105,17719,15349,16060,8654,10563,2768,5277,1063,960,1903,2345,2514,3725,3698,5476,5600,6387,8996,9185,6239,7567,2620,4991,104172,48876,14188,8242,27718,12356,3797,4,2
2021-06-08T23:59:59+02:00,10,11,2668,2702,5174,5323,6987,7969,11287,12545,16728,17331,15330,16033,8643,10557,2767,5272,1026,931,1836,2281,2408,3652,3555,5410,5452,6258,8963,9166,6237,7557,2618,4987,101969,48370,14161,8193,27716,12289,3487,4,2
2021-06-07T23:59:59+02:00,8,10,2540,2604,4983,5194,6779,7806,10810,12186,16385,17036,15304,16005,8637,10540,2766,5268,955,894,1709,2227,2269,3570,3302,5321,5097,5974,8414,8542,6183,7498,2614,4978,100037,46158,14118,8179,27707,12217,2995,4,2
2021-06-06T23:59:59+02:00,8,8,2505,2580,4922,5135,6692,7750,10673,12076,16293,16972,15301,16001,8637,10540,2764,5267,939,884,1680,2208,2227,3543,3236,5297,5049,5950,8409,8541,6178,7491,2614,4977,99451,46004,14066,8170,27701,12149,2902,4,2
2021-06-05T23:59:59+02:00,7,7,2492,2558,4893,5108,6654,7723,10642,12049,16284,16966,15301,16001,8637,10540,2764,5267,923,869,1648,2181,2188,3491,3134,5215,4694,5622,7811,7839,6150,7438,2613,4975,99226,43623,14066,8165,27699,12107,2898,4,2
2021-06-04T23:59:59+02:00,6,6,2462,2530,4848,5063,6606,7672,10553,11946,16232,16903,15297,15994,8637,10539,2763,5266,911,851,1625,2162,2147,3454,3082,5156,4531,5434,7509,7471,6114,7396,2611,4969,98698,42340,14061,8163,27699,12061,2861,4,2
2021-06-03T23:59:59+02:00,6,6,2357,2399,4695,4892,6399,7422,9851,11312,15642,16454,15286,15984,8634,10533,2762,5265,894,820,1584,2102,2098,3374,2993,5047,4386,5268,7350,7282,6102,7369,2611,4965,95355,41291,14022,8153,27693,11978,2825,4,2
2021-06-02T23:59:59+02:00,6,6,2340,2374,4652,4859,6343,7383,9751,11223,15584,16401,15278,15980,8633,10529,2762,5264,881,808,1566,2079,2046,3338,2908,4961,4024,4879,6793,6644,6059,7313,2607,4955,94830,38957,14020,8149,27693,11935,2821,4,2
2021-06-01T23:59:59+02:00,6,5,2278,2333,4532,4769,6179,7271,9563,11076,15477,16325,15275,15976,8629,10525,2761,5259,849,782,1501,2029,1933,3276,2752,4870,3821,4752,6582,6414,6037,7295,2601,4948,93966,37875,13971,8127,27681,11823,2617,4,2
2021-05-31T23:59:59+02:00,2,5,2228,2274,4433,4676,6038,7145,9378,10931,15392,16271,15267,15969,8626,10525,2761,5259,826,746,1443,1970,1865,3228,2577,4817,3691,4699,6225,5999,6014,7274,2598,4940,93248,36698,13885,8121,27672,11722,2371,4,2
2021-05-30T23:59:59+02:00,2,5,2203,2252,4376,4615,5949,7085,9303,10869,15355,16252,15266,15967,8626,10525,2761,5259,814,735,1421,1949,1815,3204,2444,4782,3586,4681,6223,5997,6014,7274,2598,4940,92803,36383,13845,8099,27662,11639,2356,4,2
2021-05-29T23:59:59+02:00,2,5,2186,2237,4358,4604,5932,7069,9289,10856,15350,16249,15265,15967,8626,10525,2761,5259,796,682,1327,1690,1682,2843,2244,4233,3308,4252,6133,5903,5902,7141,2597,4940,92677,36334,13842,8094,27661,8889,2356,4,2
2021-05-28T23:59:59+02:00,2,5,2165,2214,4320,4559,5888,7024,9213,10786,15283,16197,15261,15965,8626,10525,2761,5258,777,592,1249,1439,1583,2442,2065,3543,3044,3656,5495,5163,5820,7050,2593,4927,92205,35036,13829,8094,27659,5953,2355,4,2
2021-05-27T23:59:59+02:00,2,5,2122,2176,4235,4492,5764,6950,9058,10686,15185,16113,15260,15964,8626,10525,2761,5258,748,556,1215,1357,1541,2304,1997,3401,2932,3536,5058,4678,5787,7011,2582,4898,91524,33909,13680,8085,27635,5268,2339,4,2
2021-05-26T23:59:59+02:00,2,5,2053,2058,4038,4347,5422,6687,8089,9944,14425,15408,15248,15958,8622,10519,2759,5256,737,540,1189,1299,1496,2249,1940,3289,2782,3391,3752,3299,5728,6938,2559,4841,90749,30642,10154,8070,27620,5004,2313,4,2
2021-05-25T23:59:59+02:00,2,5,2012,2019,3955,4280,5326,6621,7954,9837,14050,14975,15200,15921,8615,10504,2757,5252,728,530,1159,1264,1474,2226,1920,3262,2757,3365,3746,3289,5721,6935,2557,4840,89409,30555,10006,8061,27603,4894,2263,4,2
2021-05-24T23:59:59+02:00,2,5,1986,1973,3866,4206,5221,6539,7829,9713,13539,14361,15149,15853,8608,10490,2756,5247,722,522,1139,1252,1444,2212,1899,3244,2732,3342,3730,3271,5699,6911,2550,4824,87618,30427,9927,8010,27591,4854,2203,4,1
2021-05-23T23:59:59+02:00,2,5,1977,1960,3847,4183,5203,6526,7777,9682,13464,14298,15138,15849,8606,10489,2755,5247,715,510,1129,1239,1419,2187,1840,3208,2624,3244,3320,2838,5057,6101,2536,4779,87383,30255,9827,5456,27591,4833,2203,4,1
2021-05-22T23:59:59+02:00,2,5,1811,1918,3545,4133,4800,6482,7519,9626,13339,14219,15132,15848,8606,10488,2755,5247,554,479,836,1197,1041,2151,1599,3155,2510,3169,3316,2836,5057,6100,2536,4779,87233,30243,9827,5455,27589,4796,822,4,1
2021-05-21T23:59:59+02:00,2,4,1725,1809,3391,3941,4611,6187,7122,9260,12049,12879,14981,15700,8569,10441,2746,5236,550,467,826,1195,1039,2144,1564,3125,2433,3092,3142,2699,5031,6057,2533,4764,82459,29608,9787,5455,27583,4778,820,4,1
2021-05-20T23:59:59+02:00,2,4,1687,1773,3299,3890,4504,6106,6945,9180,11838,12652,14961,15682,8566,10434,2745,5235,530,454,785,1149,983,2080,1445,3054,2306,2995,2953,2530,4990,5981,2525,4749,81626,28864,9684,5440,27527,4542,663,3,1
2021-05-19T23:59:59+02:00,2,4,1664,1747,3242,3834,4410,6040,6830,9117,11606,12392,14949,15672,8564,10433,2745,5234,522,442,769,1112,965,2011,1334,2906,1979,2702,2390,2032,4885,5864,2504,4702,80813,26793,9544,5424,27500,4277,625,3,1
2021-05-18T23:59:59+02:00,2,4,1602,1713,3153,3744,4298,5937,6671,8958,11319,12138,14904,15624,8552,10410,2743,5224,519,430,754,1097,947,1994,1250,2840,1699,2480,1948,1686,4813,5781,2483,4659,79719,25251,9342,5414,27431,4214,501,3,1
2021-05-17T23:59:59+02:00,2,4,1553,1632,3023,3586,4092,5658,6323,8500,10771,11587,14796,15533,8533,10385,2738,5214,517,422,748,1090,929,1989,1226,2816,1671,2441,1931,1667,4806,5774,2480,4656,76826,25186,9307,5400,27406,4189,388,3,1
2021-05-16T23:59:59+02:00,2,4,1534,1610,2970,3546,3997,5571,6174,8364,10595,11454,14770,15511,8526,10377,2737,5212,510,416,725,1075,899,1973,1198,2788,1638,2417,1924,1658,4804,5770,2477,4654,76082,25157,9250,5382,27376,4144,243,3,1
2021-05-15T23:59:59+02:00,2,4,1447,1513,2759,3379,3768,5293,5813,7892,10243,11157,14685,15449,8507,10348,2731,5203,510,414,721,1073,899,1969,1193,2787,1632,2413,1912,1646,4798,5764,2477,4652,73329,25097,9250,5382,27369,4139,242,3,1
2021-05-14T23:59:59+02:00,2,4,1413,1450,2647,3283,3616,5136,5616,7603,10024,10905,14650,15411,8494,10325,2728,5199,461,373,649,907,827,1683,1063,2377,1451,2087,1878,1606,4795,5756,2476,4647,71690,25033,9230,5380,27345,2385,238,3,1
2021-05-13T23:59:59+02:00,2,4,1355,1383,2544,3199,3449,5000,5396,7397,9797,10725,14624,15383,8485,10322,2726,5196,454,360,622,879,725,1575,962,2292,1185,1875,1163,1026,4575,5522,2468,4615,70529,24913,8918,2841,27314,2321,223,3,1
2021-05-12T23:59:59+02:00,2,4,1348,1374,2528,3194,3431,4988,5375,7384,9783,10713,14622,15379,8483,10320,2725,5196,454,359,621,878,722,1572,957,2290,1181,1869,1144,1017,4562,5486,2436,4546,70418,24713,8894,2841,27312,2318,222,3,1
2021-05-11T23:59:59+02:00,2,3,1306,1332,2454,3111,3318,4861,5181,7239,9495,10405,14575,15322,8471,10300,2721,5187,448,346,603,864,701,1555,929,2266,1155,1842,1089,981,4499,5389,2394,4422,69082,24223,8771,2823,27227,2237,200,3,1
2021-05-10T23:59:59+02:00,2,3,1282,1305,2390,3034,3191,4737,5051,7082,9171,10024,14529,15283,8462,10281,2716,5185,447,344,590,854,687,1540,918,2250,1137,1828,1054,947,4438,5313,2355,4307,67728,23814,8651,2820,27156,2185,190,3,1
2021-05-09T23:59:59+02:00,2,3,1267,1288,2347,3021,3113,4701,4989,7048,9106,9980,14516,15268,8460,10276,2716,5183,439,342,576,849,664,1520,896,2229,1125,1814,1035,931,4426,5275,2340,4265,67491,23654,8577,2818,27110,2151,103,3,1
2021-05-08T23:59:59+02:00,1,3,1265,1284,2332,3009,3096,4690,4949,7034,9082,9972,14515,15268,8460,10275,2716,5183,439,342,576,849,663,1520,896,2228,1124,1813,1035,931,4425,5275,2340,4265,67349,23653,8571,2815,27108,2150,103,3,1
2021-05-07T23:59:59+02:00,1,3,1246,1263,2293,2968,3044,4641,4849,6942,8858,9725,14500,15246,8454,10269,2713,5179,389,314,544,780,626,1358,826,2021,1036,1626,1005,902,4405,5252,2338,4260,66442,23549,8565,2812,27081,1218,103,3,1
2021-05-06T23:59:59+02:00,1,3,1096,1171,2065,2724,2745,4332,4479,6542,8271,9120,14222,15007,8414,10212,2710,5178,388,310,532,761,609,1326,807,1986,1003,1598,978,871,4395,5238,2336,4256,62811,23420,8437,2762,26945,1116,96,3,1
2021-05-05T23:59:59+02:00,1,2,1031,1120,1955,2611,2586,4161,4184,6263,7258,7938,14137,14909,8379,10171,2697,5158,385,307,525,751,594,1317,773,1972,980,1577,903,809,4354,5166,2328,4240,59293,23097,8392,2743,26823,1091,50,3,1
2021-05-04T23:59:59+02:00,1,2,1009,1100,1904,2572,2484,4094,3964,6150,6977,7723,13630,14341,8349,10137,2692,5149,382,306,520,747,583,1312,756,1953,964,1570,884,785,4334,5150,2325,4231,57236,22963,8334,2728,26663,1069,42,3,1
2021-05-03T23:59:59+02:00,1,2,977,1062,1843,2519,2381,3984,3765,6033,6620,7423,13092,13716,8312,10099,2685,5134,376,305,518,743,573,1306,747,1942,950,1557,859,761,4317,5132,2319,4218,54812,22853,8308,2719,26524,1050,1,3,1
2021-05-02T23:59:59+02:00,1,2,972,1061,1824,2513,2356,3977,3723,6023,6586,7415,13091,13716,8312,10098,2685,5134,376,305,515,743,572,1304,742,1942,949,1554,857,757,4316,5128,2319,4218,54680,22836,8304,2717,26501,1043,1,3,1
2021-05-01T23:59:59+02:00,1,2,972,1059,1816,2511,2345,3972,3711,6015,6575,7406,13090,13714,8312,10098,2685,5134,376,305,515,743,572,1304,741,1941,947,1554,857,757,4316,5128,2319,4218,54611,22836,8304,2713,26499,1043,1,3,1
2021-04-30T23:59:59+02:00,0,2,956,1054,1795,2497,2324,3937,3674,5982,6497,7352,12995,13610,8311,10094,2682,5122,324,250,473,667,543,1125,711,1717,913,1350,845,739,4312,5126,2319,4218,54116,22822,8303,2709,26461,100,1,3,1
2021-04-29T23:59:59+02:00,0,2,901,1029,1738,2446,2261,3878,3527,5859,6260,7129,12736,13337,8289,10065,2678,5115,317,248,464,660,540,1118,704,1707,903,1340,837,724,4303,5118,2319,4216,52522,22736,8288,2703,26436,78,1,3,1
2021-04-28T23:59:59+02:00,0,2,840,995,1658,2384,2117,3768,3241,5606,5656,6625,11899,12420,8231,9976,2655,5078,316,245,462,653,532,1104,693,1687,892,1333,824,708,4284,5091,2317,4216,48471,22615,8281,2684,26395,57,1,3,1
2021-04-27T23:59:59+02:00,0,2,830,990,1640,2364,2072,3750,3170,5581,5530,6503,11870,12403,8229,9974,2655,5076,315,243,456,651,524,1098,684,1675,883,1327,812,697,4280,5085,2316,4210,47992,22537,8278,2669,26365,49,1,3,1
2021-04-26T23:59:59+02:00,0,2,820,977,1614,2346,2012,3709,2993,5503,5198,6218,11305,11758,8174,9909,2651,5067,313,242,455,650,518,1092,673,1669,874,1317,803,688,4275,5080,2316,4206,45663,22485,8269,2641,26321,44,1,2,1
2021-04-25T23:59:59+02:00,0,2,810,975,1600,2340,1974,3692,2867,5480,5106,6213,11301,11754,8171,9903,2650,5066,312,242,455,650,518,1085,673,1667,871,1315,803,687,4275,5080,2316,4206,45337,22480,8263,2637,26301,37,1,2,1
2021-04-24T23:59:59+02:00,0,2,796,965,1578,2320,1934,3647,2770,5412,4761,5893,10684,11028,8141,9845,2649,5064,312,242,455,650,518,1084,672,1666,870,1315,798,683,4265,5064,2314,4205,42929,22443,8262,2633,26295,36,1,2,1
2021-04-23T23:59:59+02:00,0,2,791,957,1565,2310,1905,3621,2730,5362,4600,5707,10375,10647,8101,9803,2646,5055,312,241,455,650,518,1083,671,1666,868,1315,798,682,4262,5061,2314,4205,41631,22432,8262,2632,26281,36,1,2,1
2021-04-22T23:59:59+02:00,0,2,775,942,1537,2267,1854,3553,2645,5272,4447,5553,10231,10453,8087,9772,2644,5047,312,240,453,639,516,1077,665,1658,862,1306,792,677,4259,5059,2314,4203,40631,22396,8236,2607,26211,28,1,2,1
2021-04-21T23:59:59+02:00,0,2,764,929,1513,2256,1801,3508,2541,5185,4063,5133,9634,9769,8038,9710,2640,5036,310,240,450,637,516,1076,661,1655,857,1301,780,665,4249,5045,2314,4199,38116,22345,8219,2583,26184,26,1,2,1
2021-04-20T23:59:59+02:00,0,2,757,918,1491,2229,1770,3479,2489,5127,3926,5037,9438,9550,8021,9700,2636,5033,310,238,450,636,515,1074,660,1650,854,1296,774,661,4245,5041,2314,4199,37281,22314,8208,2577,26111,26,1,2,0
2021-04-19T23:59:59+02:00,0,2,750,908,1482,2222,1753,3462,2457,5101,3862,4979,9069,9132,7996,9675,2633,5027,310,236,449,633,513,1071,656,1648,850,1292,768,655,4236,5039,2314,4197,36256,22275,8196,2566,26055,26,1,2,0
2021-04-18T23:59:59+02:00,0,2,746,906,1477,2216,1735,3455,2438,5089,3854,4977,9060,9121,7996,9674,2633,5027,309,236,449,629,512,1068,654,1645,847,1292,767,653,4236,5037,2314,4197,36196,22267,8176,2552,26031,26,1,2,0
2021-04-17T23:59:59+02:00,0,2,729,900,1389,2206,1635,3443,2401,5059,3774,4899,8347,8397,7980,9661,2633,5027,309,236,447,627,511,1068,653,1645,846,1289,767,653,4235,5037,2314,4197,36188,22256,8176,2552,24115,26,1,2,0
2021-04-16T23:59:59+02:00,0,2,713,882,1260,2183,1483,3421,2315,4994,3613,4734,7012,6846,7945,9612,2622,4996,309,235,442,621,507,1064,643,1643,842,1280,757,647,4227,5022,2311,4195,34817,22182,8166,2548,21647,15,1,2,0
2021-04-15T23:59:59+02:00,0,2,692,871,1250,2170,1463,3403,2257,4956,3542,4681,6574,6345,7905,9551,2600,4925,302,229,428,610,490,1050,609,1616,806,1250,667,586,3733,4512,2289,4160,33502,22125,8110,1201,21572,11,1,2,0
2021-04-14T23:59:59+02:00,0,2,687,867,1229,2157,1432,3384,2212,4921,3410,4587,5235,4941,7855,9485,2579,4888,294,224,425,603,483,1047,603,1608,800,1247,652,569,3722,4503,2285,4155,30276,22037,8099,1173,21493,10,1,2,0
2021-04-13T23:59:59+02:00,0,2,684,867,1220,2152,1417,3382,2204,4910,3390,4572,5216,4923,7849,9482,2578,4886,294,223,423,601,480,1044,601,1604,789,1245,634,564,3720,4500,2285,4155,30196,22017,8078,1135,21457,10,1,2,0
2021-04-12T23:59:59+02:00,0,2,678,859,1207,2143,1401,3371,2170,4896,3359,4548,5193,4908,7836,9471,2575,4853,293,222,421,600,479,1038,599,1600,781,1238,629,562,3715,4499,2285,4155,30068,21991,8033,1115,21366,10,1,2,0
2021-04-11T23:59:59+02:00,0,2,670,855,1191,2131,1383,3356,2103,4872,3241,4465,4773,4467,7169,8645,2568,4848,293,222,420,600,476,1037,593,1597,777,1237,625,559,3711,4494,2285,4155,30038,21983,5420,1088,21278,10,1,2,0
2021-04-10T23:59:59+02:00,0,2,670,853,1190,2130,1381,3352,2101,4869,3238,4458,4729,4420,7165,8639,2568,4847,287,219,418,589,463,1021,566,1580,745,1212,553,489,3142,3877,2236,4063,29915,20362,5417,1088,21277,10,1,2,0
2021-04-09T23:59:59+02:00,0,2,666,852,1182,2127,1377,3347,2070,4847,3160,4379,4532,4255,7130,8590,2564,4831,277,212,408,575,444,1005,541,1562,724,1189,472,427,2493,3057,2188,3969,29230,18446,5413,1087,21265,10,1,2,0
2021-04-08T23:59:59+02:00,0,2,656,842,1168,2116,1361,3317,2009,4794,3013,4268,3478,3103,6888,8227,2553,4816,264,204,391,557,421,991,519,1533,691,1166,451,400,2484,3048,2185,3966,28433,18222,5365,1039,18810,10,1,2,0
2021-04-07T23:59:59+02:00,0,2,649,836,1155,2107,1342,3305,1899,4715,2696,4019,2873,2575,6777,8104,2530,4763,250,197,363,533,383,956,475,1499,655,1139,424,375,2424,2986,2180,3959,26259,17769,5346,1020,18739,9,1,2,0
2021-04-06T23:59:59+02:00,0,2,639,828,1117,2100,1318,3286,1781,4664,2419,3850,2420,2228,6701,8013,2509,4726,226,184,329,507,358,938,438,1476,619,1107,389,333,2368,2911,2174,3950,24661,17295,5330,1003,18607,9,1,2,0
2021-04-05T23:59:59+02:00,0,2,636,826,1106,2096,1312,3283,1772,4654,2404,3834,2131,1882,5581,6697,2507,4726,226,184,328,503,352,932,434,1474,615,1102,385,330,2366,2905,2174,3949,24629,17284,5320,967,15497,8,1,2,0
2021-04-04T23:59:59+02:00,0,2,635,826,1106,2096,1312,3282,1772,4654,2402,3832,2130,1879,5581,6694,2507,4726,226,184,327,503,352,932,433,1474,615,1102,385,330,2365,2905,2174,3949,24622,17281,5320,967,15491,8,1,2,0
2021-04-03T23:59:59+02:00,0,2,635,826,1106,2095,1312,3282,1771,4652,2398,3832,2129,1876,5580,6694,2507,4726,226,184,327,503,352,932,433,1474,614,1102,385,330,2365,2905,2174,3949,24616,17280,5316,967,15488,8,1,2,0
2021-04-02T23:59:59+02:00,0,2,635,825,1106,2095,1308,3281,1769,4647,2397,3829,2121,1867,5568,6679,2504,4713,226,183,327,501,352,932,432,1473,613,1093,383,330,2365,2904,2174,3949,24548,17262,5312,967,15483,8,1,2,0
2021-04-01T23:59:59+02:00,0,2,631,814,1084,2077,1211,3185,1679,4578,2137,3621,1396,1280,5359,6469,2494,4686,222,182,327,500,351,931,431,1471,613,1092,380,328,2365,2904,2174,3945,24443,17250,2811,958,15446,8,1,2,0
2021-03-31T23:59:59+02:00,0,2,629,813,1080,2073,1206,3177,1668,4573,2119,3608,1369,1247,5330,6414,2457,4587,221,182,327,499,350,931,431,1470,612,1091,379,325,2361,2903,2172,3944,24124,17238,2797,952,15429,8,1,1,0
2021-03-30T23:59:59+02:00,0,2,627,804,1074,2069,1200,3172,1658,4559,2111,3594,1322,1202,5245,6285,2413,4441,221,181,327,498,347,927,426,1467,605,1081,364,314,2259,2751,2052,3719,23603,16620,2775,911,15399,8,1,0,0
2021-03-29T23:59:59+02:00,0,2,625,802,1071,2061,1190,3166,1651,4546,2099,3582,1286,1171,5185,6193,2364,4312,220,180,325,496,345,925,424,1462,600,1076,357,309,2036,2485,1825,3344,23172,15493,2751,908,15382,8,1,0,0
2021-03-28T23:59:59+02:00,0,2,625,799,1069,2055,1187,3159,1645,4536,2095,3577,1270,1162,5177,6171,2353,4280,218,180,324,493,336,921,421,1455,597,1064,351,297,2031,2471,1824,3341,23067,15465,2733,854,15361,5,1,0,0
2021-03-27T23:59:59+01:00,0,2,572,738,989,1987,1105,3041,1527,4412,1993,3495,1201,1092,4574,5439,2353,4280,216,179,324,493,336,921,416,1453,596,1061,350,297,2030,2470,1824,3341,23051,15449,2729,854,13019,4,1,0,0
2021-03-26T23:59:59+01:00,0,2,569,733,982,1977,1103,3035,1517,4405,1976,3487,1157,1061,4544,5405,2352,4276,215,176,324,491,333,920,414,1452,592,1054,342,292,1626,1938,1402,2620,22856,13339,2719,848,13005,4,1,0,0
2021-03-25T23:59:59+01:00,0,2,567,727,969,1969,1100,3026,1510,4393,1961,3477,1147,1050,4536,5400,2352,4275,214,173,323,490,331,914,411,1446,588,1045,338,288,1530,1817,1365,2548,22809,12992,2710,825,12941,4,1,0,0
2021-03-24T23:59:59+01:00,0,2,565,721,959,1956,1087,3011,1481,4375,1947,3468,1112,1020,4509,5367,2347,4270,213,173,322,489,328,910,406,1438,579,1029,324,278,1204,1436,1215,2282,22667,11859,2684,763,12845,4,1,0,0
2021-03-23T23:59:59+01:00,0,2,563,716,954,1942,1083,3001,1474,4361,1937,3461,1099,1009,4490,5352,2347,4267,212,173,320,486,320,907,405,1438,573,1025,316,271,969,1171,1101,2106,22593,11047,2675,742,12789,4,1,0,0
2021-03-22T23:59:59+01:00,0,2,562,707,949,1930,1077,2992,1464,4345,1923,3452,1096,1006,4485,5351,2347,4267,210,173,319,484,319,905,402,1435,570,1021,312,267,968,1167,1101,2103,22569,11030,2660,722,12725,4,1,0,0
2021-03-21T23:59:59+01:00,0,2,560,704,946,1921,1075,2988,1458,4332,1911,3445,1093,1005,4485,5350,2347,4267,209,173,319,483,317,901,402,1430,564,1019,302,262,964,1163,1100,2103,22565,11027,2646,680,12677,4,1,0,0
2021-03-20T23:59:59+01:00,0,2,555,696,941,1905,1058,2972,1430,4314,1877,3416,1021,934,3903,4716,2297,4170,209,173,319,483,317,901,402,1430,564,1019,302,262,964,1163,1099,2102,20905,11025,2645,680,12656,4,1,0,0
2021-03-19T23:59:59+01:00,0,2,546,687,924,1879,1031,2953,1394,4289,1851,3386,934,869,3233,3880,2250,4073,206,173,317,483,316,898,400,1428,560,1012,299,261,951,1150,1068,2062,18931,11002,2634,578,12615,4,1,0,0
2021-03-18T23:59:59+01:00,0,2,533,674,907,1853,1008,2927,1355,4249,1806,3334,836,805,2720,3347,2228,4039,201,171,314,479,313,887,396,1422,558,1007,296,255,848,1056,960,1873,18853,10624,1233,409,12536,3,1,0,0
2021-03-17T23:59:59+01:00,0,2,531,664,898,1833,995,2908,1333,4228,1787,3318,807,780,2634,3256,2222,4035,199,170,312,477,310,886,389,1418,555,1003,293,250,607,782,659,1428,18545,9705,1196,33,12489,0,1,0,0
2021-03-16T23:59:59+01:00,0,2,529,655,889,1811,974,2893,1316,4216,1763,3302,778,769,2586,3175,2220,4031,199,170,310,477,308,884,386,1416,552,998,287,246,361,545,471,1121,18337,8705,1156,27,12416,0,0,0,0
2021-03-15T23:59:59+01:00,0,2,529,644,885,1793,965,2872,1310,4210,1755,3293,772,766,2583,3174,2220,4031,198,170,309,476,307,884,386,1416,549,998,287,246,361,544,470,1121,18324,8699,1134,24,12346,0,0,0,0
2021-03-14T23:59:59+01:00,0,2,528,638,879,1781,958,2867,1300,4197,1745,3281,767,762,2578,3171,2220,4031,198,170,308,476,306,882,384,1414,549,998,286,246,361,544,470,1121,18319,8696,1107,18,12279,0,0,0,0
2021-03-13T23:59:59+01:00,0,2,506,587,784,1519,828,2486,1106,3633,1463,2852,686,673,2475,3045,2219,4030,198,170,308,476,306,882,384,1414,549,998,286,246,361,544,470,1121,18315,8696,1107,18,9472,0,0,0,0
2021-03-12T23:59:59+01:00,0,2,491,502,720,1253,736,2091,935,2944,1216,2261,546,520,2431,3000,2219,4030,198,168,308,476,306,880,383,1414,549,996,286,245,348,523,422,1058,18292,8542,1106,18,6499,0,0,0,0
2021-03-11T23:59:59+01:00,0,2,468,466,687,1182,690,1986,876,2799,1136,2150,488,460,2418,2988,2218,4029,198,168,307,474,305,879,383,1411,548,996,286,244,335,506,376,1015,18099,8416,1058,15,5886,0,0,0,0
2021-03-10T23:59:59+01:00,0,2,454,456,653,1149,650,1952,832,2763,1103,2122,469,444,2404,2969,2217,4026,194,166,303,467,305,878,378,1404,543,989,282,238,215,407,151,753,17824,7664,1038,9,5803,0,0,0,0
2021-03-09T23:59:59+01:00,0,2,438,439,620,1120,631,1934,809,2737,1081,2098,447,423,2311,2827,2094,3797,194,166,301,465,304,877,377,1401,543,986,280,237,215,407,151,752,17063,7656,1022,0,5723,0,0,0,0
2021-03-08T23:59:59+01:00,0,2,425,418,597,1090,613,1912,793,2712,1059,2072,425,395,2082,2552,1865,3420,194,165,301,463,303,872,377,1395,543,984,279,235,215,406,151,752,15819,7635,994,0,5619,0,0,0,0
2021-03-07T23:59:59+01:00,0,2,424,416,590,1073,599,1904,790,2699,1053,2061,424,394,2077,2544,1864,3418,194,165,301,462,303,871,377,1392,543,983,279,235,215,406,151,752,15791,7629,984,0,5557,0,0,0,0
2021-03-06T23:59:59+01:00,0,2,424,413,587,1059,596,1902,783,2692,1049,2054,423,394,2077,2544,1864,3418,194,165,301,462,303,871,377,1392,543,982,278,235,215,406,151,752,15783,7627,984,0,5514,0,0,0,0
2021-03-05T23:59:59+01:00,0,2,418,398,581,1047,590,1892,778,2683,1043,2046,410,386,1656,1982,1432,2666,191,160,297,462,300,870,375,1389,541,978,278,235,215,406,151,752,13561,7600,984,0,5465,0,0,0,0
2021-03-04T23:59:59+01:00,0,2,408,373,555,1008,571,1836,749,2630,1022,1996,406,382,1564,1864,1393,2593,180,152,286,452,299,862,373,1375,539,974,277,235,215,406,151,752,13210,7528,978,0,5164,0,0,0,0
2021-03-03T23:59:59+01:00,0,2,406,366,547,978,554,1804,724,2582,1005,1958,400,376,1242,1485,1240,2321,179,151,285,451,298,861,369,1368,536,967,275,233,214,405,149,747,12061,7488,971,0,4958,0,0,0,0
2021-03-02T23:59:59+01:00,0,2,402,361,539,944,540,1784,715,2558,994,1940,390,366,999,1218,1122,2143,179,149,284,440,294,855,369,1359,536,961,275,233,214,405,149,747,11242,7449,936,0,4839,0,0,0,0
2021-03-01T23:59:59+01:00,0,2,400,353,530,922,522,1753,706,2534,983,1923,386,359,998,1211,1122,2139,179,147,284,431,291,845,366,1344,533,955,273,231,213,404,149,747,11223,7392,901,0,4719,0,0,0,0
2021-02-28T23:59:59+01:00,0,2,395,350,527,914,515,1742,703,2523,978,1908,382,354,998,1209,1122,2139,177,146,284,430,291,844,366,1344,532,955,273,231,213,404,149,747,11218,7386,874,0,4669,0,0,0,0
2021-02-27T23:59:59+01:00,0,2,394,348,522,907,513,1736,700,2514,975,1906,381,353,998,1209,1121,2139,177,146,284,430,291,844,366,1344,531,955,273,231,213,404,149,747,11217,7385,874,0,4627,0,0,0,0
2021-02-26T23:59:59+01:00,0,2,346,301,453,734,437,1428,571,2096,804,1563,353,323,998,1206,1121,2139,177,144,284,427,289,836,364,1336,529,952,273,231,213,404,149,747,11206,7355,863,0,2806,0,0,0,0
2021-02-25T23:59:59+01:00,0,2,326,293,443,712,425,1392,556,2048,786,1531,345,316,914,1117,1049,2015,126,130,264,423,278,824,353,1320,524,945,273,229,213,404,149,747,10805,7202,833,0,2632,0,0,0,0
2021-02-24T23:59:59+01:00,0,2,321,287,438,696,418,1356,540,2000,764,1487,337,303,706,885,865,1710,126,124,263,417,275,815,351,1307,517,938,271,227,211,404,149,745,9866,7140,792,0,2457,0,0,0,0
2021-02-23T23:59:59+01:00,0,2,319,275,430,682,407,1333,532,1964,746,1468,323,293,457,639,674,1409,126,123,262,415,273,810,351,1300,516,930,270,226,210,404,148,744,8868,7108,748,0,2337,0,0,0,0
2021-02-22T23:59:59+01:00,0,2,319,273,429,675,406,1328,528,1954,741,1464,323,290,456,637,674,1408,126,118,257,405,272,793,347,1276,511,922,266,225,210,404,148,744,8864,7024,736,0,2307,0,0,0,0
2021-02-21T23:59:59+01:00,0,2,316,272,427,669,403,1320,526,1946,735,1460,312,285,452,633,672,1408,126,118,256,404,272,791,344,1273,504,919,265,224,209,403,147,735,8859,6990,695,0,2284,0,0,0,0
2021-02-20T23:59:59+01:00,0,2,316,269,427,667,403,1312,525,1937,733,1456,312,285,452,633,672,1408,126,118,256,404,272,791,344,1273,503,919,265,224,209,403,147,735,8859,6989,695,0,2255,0,0,0,0
2021-02-19T23:59:59+01:00,0,1,270,243,395,591,369,1143,467,1722,626,1246,303,269,426,597,593,1301,126,118,256,404,271,791,344,1273,503,919,265,224,209,403,147,735,8642,6988,589,0,1331,0,0,0,0
2021-02-18T23:59:59+01:00,0,1,269,238,388,582,358,1122,454,1704,616,1239,303,267,373,550,491,1173,123,115,252,399,264,785,341,1264,500,918,263,222,209,403,147,735,8463,6940,417,0,1248,0,0,0,0
2021-02-17T23:59:59+01:00,0,1,263,234,376,568,351,1113,431,1688,608,1227,298,260,218,414,156,764,115,102,248,393,259,770,335,1248,494,907,259,219,208,403,147,735,7746,6842,31,0,1193,0,0,0,0
2021-02-16T23:59:59+01:00,0,1,261,232,365,566,341,1104,423,1674,603,1221,295,257,218,413,156,764,84,90,228,367,248,740,317,1208,462,872,238,204,201,385,146,728,7739,6518,27,0,1128,0,0,0,0
2021-02-15T23:59:59+01:00,0,1,259,232,363,562,340,1098,421,1662,599,1215,295,257,218,412,155,764,83,88,224,356,240,728,307,1180,447,849,225,197,190,363,140,672,7731,6289,24,0,1098,0,0,0,0
2021-02-14T23:59:59+01:00,0,1,258,230,357,559,336,1088,417,1656,596,1212,295,257,218,412,155,764,79,86,217,351,237,720,302,1167,443,834,224,195,190,352,140,663,7721,6200,19,0,1071,0,0,0,0
2021-02-13T23:59:59+01:00,0,1,258,230,357,559,336,1088,416,1656,596,1211,294,257,218,412,155,764,79,86,217,351,237,720,302,1167,443,834,224,195,190,352,140,663,7719,6200,19,0,1070,0,0,0,0
2021-02-12T23:59:59+01:00,0,1,200,169,308,481,309,893,383,1418,559,996,286,242,217,412,155,764,76,85,214,350,235,717,295,1163,440,829,220,193,190,350,140,663,7707,6160,19,0,67,0,0,0,0
2021-02-11T23:59:59+01:00,0,0,198,168,302,470,305,879,377,1398,549,988,286,242,217,412,155,764,75,82,203,324,225,673,275,1111,423,781,219,190,190,345,140,660,7666,5916,16,0,28,0,0,0,0
2021-02-10T23:59:59+01:00,0,0,195,161,298,466,302,875,371,1387,545,980,284,240,215,411,155,762,70,76,187,298,214,614,258,1026,398,729,210,176,176,316,128,613,7624,5489,10,0,13,0,0,0,0
2021-02-09T23:59:59+01:00,0,0,190,155,295,457,301,866,371,1377,543,971,281,239,215,411,155,761,61,60,148,234,185,510,220,834,342,594,189,150,156,281,118,547,7580,4629,2,0,6,0,0,0,0
2021-02-08T23:59:59+01:00,0,0,183,148,291,444,296,856,367,1357,536,964,277,235,214,410,153,757,34,47,103,144,136,282,161,456,248,387,160,124,129,226,95,452,7480,3184,2,0,6,0,0,0,0
2021-02-07T23:59:59+01:00,0,0,181,146,288,443,295,854,366,1356,535,963,276,234,214,410,153,757,19,40,84,122,130,261,152,422,232,360,152,120,119,216,90,417,7470,2936,1,0,0,0,0,0,0
2021-02-06T23:59:59+01:00,0,0,181,146,288,443,295,854,366,1356,535,963,276,234,214,410,153,757,19,37,82,119,120,246,141,405,201,339,137,116,118,211,89,407,7470,2787,1,0,0,0,0,0,0
2021-02-05T23:59:59+01:00,0,0,181,144,288,440,294,843,364,1348,531,960,276,233,214,410,153,756,18,32,78,114,113,233,136,378,187,320,132,111,115,206,82,391,7434,2646,1,0,0,0,0,0,0
2021-02-04T23:59:59+01:00,0,0,173,139,287,436,287,834,361,1337,522,951,275,231,213,410,153,754,11,21,52,77,84,177,113,288,155,263,114,96,103,192,74,351,7363,2171,0,0,0,0,0,0,0
2021-02-03T23:59:59+01:00,0,0,155,132,277,430,283,828,359,1326,522,949,275,231,212,410,153,753,11,19,44,67,75,142,89,257,134,221,95,81,88,164,67,311,7295,1865,0,0,0,0,0,0,0
2021-02-02T23:59:59+01:00,0,0,134,126,265,428,280,821,354,1319,521,942,274,231,211,410,152,752,11,16,35,61,63,119,74,212,103,171,63,57,63,104,43,196,7220,1391,0,0,0,0,0,0,0
2021-02-01T23:59:59+01:00,0,0,129,121,260,413,278,805,352,1295,515,930,269,229,211,410,152,752,4,10,20,34,33,66,46,119,59,71,28,28,27,44,25,97,7121,711,0,0,0,0,0,0,0
2021-01-31T23:59:59+01:00,0,0,128,118,258,411,276,801,350,1289,511,928,269,226,210,409,152,752,4,6,15,23,28,47,32,73,39,43,14,8,13,28,20,59,7088,452,0,0,0,0,0,0,0
2021-01-30T23:59:59+01:00,0,0,128,118,258,411,276,800,350,1288,510,928,269,226,210,409,152,752,4,6,13,20,25,40,27,65,36,41,14,8,13,28,20,59,7085,419,0,0,0,0,0,0,0
2021-01-29T23:59:59+01:00,0,0,128,118,258,411,275,800,350,1288,510,928,269,226,210,409,152,752,4,6,7,18,23,31,22,57,32,38,14,8,13,27,19,58,7084,377,0,0,0,0,0,0,0
2021-01-28T23:59:59+01:00,0,0,126,115,254,405,271,794,347,1281,506,927,269,226,210,409,152,752,1,3,2,8,15,13,12,28,12,23,11,4,6,14,6,23,7044,181,0,0,0,0,0,0,0
2021-01-27T23:59:59+01:00,0,0,118,105,252,401,268,786,342,1274,500,920,264,223,209,408,152,752,0,0,1,4,11,11,8,21,10,17,10,4,6,14,6,23,6974,146,0,0,0,0,0,0,0
2021-01-26T23:59:59+01:00,0,0,89,93,234,384,260,761,329,1236,475,889,244,211,202,392,152,744,0,0,1,4,11,11,8,21,10,17,10,4,6,14,6,23,6695,146,0,0,0,0,0,0,0
2021-01-25T23:59:59+01:00,0,0,86,88,232,364,247,742,315,1202,457,864,228,204,193,372,148,689,0,0,1,4,11,9,7,14,7,13,10,4,6,14,6,23,6431,129,0,0,0,0,0,0,0
2021-01-24T23:59:59+01:00,0,0,86,86,228,360,246,737,312,1189,455,849,227,202,193,361,148,679,0,0,1,4,11,9,7,14,7,13,10,4,6,14,6,23,6358,129,0,0,0,0,0,0,0
2021-01-23T23:59:59+01:00,0,0,86,86,228,360,246,737,312,1189,455,849,227,202,193,361,148,679,0,0,1,4,11,9,7,14,7,13,10,4,6,14,6,23,6358,129,0,0,0,0,0,0,0
2021-01-22T23:59:59+01:00,0,0,86,85,226,358,246,734,308,1185,451,846,225,201,193,360,148,679,0,0,1,4,11,9,7,14,7,13,10,4,6,14,6,23,6331,129,0,0,0,0,0,0,0
2021-01-21T23:59:59+01:00,0,0,86,82,212,329,236,690,283,1134,437,813,224,197,192,354,148,676,0,0,1,2,9,8,6,13,6,11,10,4,6,14,6,23,6093,119,0,0,0,0,0,0,0
2021-01-20T23:59:59+01:00,0,0,80,76,198,308,224,625,269,1041,408,754,215,186,177,325,137,629,0,0,1,2,9,8,6,13,6,11,10,4,6,14,6,23,5652,119,0,0,0,0,0,0,0
2021-01-19T23:59:59+01:00,0,0,72,66,158,258,204,562,243,918,367,645,196,160,155,285,124,552,0,0,1,2,3,7,6,12,4,9,7,3,6,14,6,23,4965,103,0,0,0,0,0,0,0
2021-01-18T23:59:59+01:00,0,0,60,58,135,215,182,458,216,761,327,552,179,140,131,235,104,470,0,0,0,1,2,4,3,7,2,7,6,3,6,14,6,22,4223,83,0,0,0,0,0,0,0
2021-01-17T23:59:59+01:00,0,0,40,46,110,185,167,397,199,673,301,495,171,134,118,218,90,416,0,0,0,0,2,4,2,7,2,5,4,3,6,14,5,22,3760,76,0,0,0,0,0,0,0
2021-01-16T23:59:59+01:00,0,0,33,43,110,182,157,380,184,653,270,473,155,129,117,212,89,406,0,0,0,0,0,0,0,0,0,0,0,0,0,0,0,0,3593,0,0,0,0,0,0,0,0
2021-01-15T23:59:59+01:00,0,0,31,39,106,177,146,367,178,623,253,451,150,120,114,206,81,390,0,0,0,0,0,0,0,0,0,0,0,0,0,0,0,0,3432,0,0,0,0,0,0,0,0
2021-01-14T23:59:59+01:00,0,0,13,24,52,78,84,171,114,287,150,263,123,101,100,191,71,350,0,0,0,0,0,0,0,0,0,0,0,0,0,0,0,0,2172,0,0,0,0,0,0,0,0
2021-01-13T23:59:59+01:00,0,0,12,20,42,68,76,136,92,257,125,226,94,79,81,154,56,282,0,0,0,0,0,0,0,0,0,0,0,0,0,0,0,0,1800,0,0,0,0,0,0,0,0
2021-01-12T23:59:59+01:00,0,0,12,15,38,64,63,112,77,209,96,172,61,53,54,92,32,162,0,0,0,0,0,0,0,0,0,0,0,0,0,0,0,0,1312,0,0,0,0,0,0,0,0
2021-01-11T23:59:59+01:00,0,0,4,10,27,47,39,81,56,140,59,85,31,27,22,36,16,70,0,0,0,0,0,0,0,0,0,0,0,0,0,0,0,0,750,0,0,0,0,0,0,0,0
2021-01-10T23:59:59+01:00,0,0,3,5,20,33,34,57,37,93,38,53,14,7,7,19,11,31,0,0,0,0,0,0,0,0,0,0,0,0,0,0,0,0,462,0,0,0,0,0,0,0,0
2021-01-09T23:59:59+01:00,0,0,3,5,18,29,33,53,32,83,36,52,14,7,7,19,11,31,0,0,0,0,0,0,0,0,0,0,0,0,0,0,0,0,433,0,0,0,0,0,0,0,0
2021-01-08T23:59:59+01:00,0,0,3,5,15,27,30,42,26,74,32,48,13,7,6,17,10,30,0,0,0,0,0,0,0,0,0,0,0,0,0,0,0,0,385,0,0,0,0,0,0,0,0
2021-01-07T23:59:59+01:00,0,0,1,3,2,10,15,13,13,29,14,24,11,5,6,15,8,24,0,0,0,0,0,0,0,0,0,0,0,0,0,0,0,0,193,0,0,0,0,0,0,0,0
2021-01-06T23:59:59+01:00,0,0,1,0,2,4,13,11,9,23,12,19,11,5,6,15,8,24,0,0,0,0,0,0,0,0,0,0,0,0,0,0,0,0,163,0,0,0,0,0,0,0,0
2021-01-05T23:59:59+01:00,0,0,0,0,1,4,12,11,8,21,11,19,10,5,6,15,8,24,0,0,0,0,0,0,0,0,0,0,0,0,0,0,0,0,155,0,0,0,0,0,0,0,0
2021-01-04T23:59:59+01:00,0,0,0,0,1,4,12,10,7,17,9,17,10,5,6,15,8,24,0,0,0,0,0,0,0,0,0,0,0,0,0,0,0,0,145,0,0,0,0,0,0,0,0
2021-01-03T23:59:59+01:00,0,0,0,0,1,4,11,9,7,14,7,14,10,5,6,15,8,24,0,0,0,0,0,0,0,0,0,0,0,0,0,0,0,0,135,0,0,0,0,0,0,0,0
2021-01-02T23:59:59+01:00,0,0,0,0,1,4,11,9,7,14,7,14,10,5,6,15,8,24,0,0,0,0,0,0,0,0,0,0,0,0,0,0,0,0,135,0,0,0,0,0,0,0,0
2021-01-01T23:59:59+01:00,0,0,0,0,1,4,11,9,7,14,7,14,10,5,6,15,8,24,0,0,0,0,0,0,0,0,0,0,0,0,0,0,0,0,135,0,0,0,0,0,0,0,0
2020-12-31T23:59:59+01:00,0,0,0,0,1,4,11,9,7,14,7,14,10,5,6,15,8,24,0,0,0,0,0,0,0,0,0,0,0,0,0,0,0,0,135,0,0,0,0,0,0,0,0
2020-12-30T23:59:59+01:00,0,0,0,0,1,4,11,9,7,14,7,14,10,5,6,15,8,24,0,0,0,0,0,0,0,0,0,0,0,0,0,0,0,0,135,0,0,0,0,0,0,0,0
2020-12-29T23:59:59+01:00,0,0,0,0,1,4,8,9,7,14,5,12,10,5,6,15,8,24,0,0,0,0,0,0,0,0,0,0,0,0,0,0,0,0,128,0,0,0,0,0,0,0,0
2020-12-28T23:59:59+01:00,0,0,0,0,1,1,5,7,7,8,3,9,10,5,6,15,8,24,0,0,0,0,0,0,0,0,0,0,0,0,0,0,0,0,109,0,0,0,0,0,0,0,0
2020-12-27T23:59:59+01:00,0,0,0,0,0,0,2,4,2,7,2,6,4,4,6,15,7,23,0,0,0,0,0,0,0,0,0,0,0,0,0,0,0,0,82,0,0,0,0,0,0,0,0
