Datum,<15_m,<15_w,15-24_1_m,15-24_1_w,25-34_1_m,25-34_1_w,35-44_1_m,35-44_1_w,45-54_1_m,45-54_1_w,55-64_1_m,55-64_1_w,65-74_1_m,65-74_1_w,75-84_1_m,75-84_1_w,>84_1_m,>84_1_w,<24_2_m,<24_2_w,25-34_2_m,25-34_2_w,35-44_2_m,35-44_2_w,45-54_2_m,45-54_2_w,55-64_2_m,55-64_2_w,65-74_2_m,65-74_2_w,75-84_2_m,75-84_2_w,>84_2_m,>84_2_w,bp_1,bp_2,mo_1,mo_2,az_1,az_2,ja,unb_1,unb_2
2021-10-14T23:59:59+02:00,1941,1864,10165,9575,11148,10466,13672,14122,17686,18048,20876,20836,16485,17185,9213,11189,2969,5705,9407,8896,10608,9819,13116,13450,17072,17396,20338,20261,16135,16809,9003,10921,2870,5534,152563,145766,20479,19714,27929,27116,12179,9,8
2021-10-13T23:59:59+02:00,1937,1853,10150,9557,11134,10458,13656,14112,17671,18036,20869,20828,16479,17176,9200,11163,2958,5693,9396,8877,10594,9807,13102,13436,17060,17387,20333,20251,16133,16803,8998,10912,2869,5531,152443,145688,20387,19634,27929,27115,12176,9,8
2021-10-12T23:59:59+02:00,1927,1844,10135,9544,11124,10441,13650,14107,17670,18029,20861,20822,16476,17173,9198,11162,2958,5692,9367,8854,10585,9792,13089,13420,17047,17377,20323,20243,16124,16794,8993,10904,2868,5523,152396,145562,20318,19553,27929,27115,12175,9,8
2021-10-11T23:59:59+02:00,1918,1835,10115,9529,11105,10432,13637,14098,17660,18013,20853,20812,16470,17171,9195,11158,2957,5690,9334,8814,10563,9761,13066,13392,17033,17362,20311,20234,16115,16790,8990,10900,2867,5519,152295,145412,20259,19401,27929,27115,12170,9,8
2021-10-10T23:59:59+02:00,1917,1830,10107,9523,11101,10427,13630,14092,17653,18007,20846,20809,16470,17171,9193,11155,2957,5690,9328,8810,10555,9757,13060,13388,17028,17359,20306,20234,16114,16790,8988,10897,2867,5517,152270,145369,20218,19392,27929,27115,12166,9,8
2021-10-09T23:59:59+02:00,1917,1830,10107,9523,11100,10427,13630,14092,17652,18007,20846,20809,16470,17171,9193,11155,2957,5690,9325,8806,10555,9755,13059,13387,17026,17359,20305,20233,16114,16790,8988,10897,2867,5517,152269,145356,20217,19389,27929,27115,12166,9,8
2021-10-08T23:59:59+02:00,1908,1821,10092,9516,11091,10421,13620,14081,17642,18000,20837,20804,16463,17165,9192,11152,2956,5689,9319,8796,10550,9749,13054,13380,17024,17357,20304,20232,16112,16789,8988,10896,2867,5517,152145,145300,20217,19385,27929,27115,12164,9,8
2021-10-07T23:59:59+02:00,1896,1807,10062,9482,11063,10393,13591,14063,17634,17986,20819,20791,16458,17160,9189,11148,2955,5687,9306,8778,10542,9732,13048,13369,17019,17348,20296,20227,16109,16786,8984,10893,2867,5516,151899,145189,20212,19383,27929,27115,12149,9,8
2021-10-06T23:59:59+02:00,1878,1783,10037,9462,11047,10377,13576,14043,17627,17974,20807,20782,16454,17155,9186,11147,2955,5686,9264,8715,10519,9695,13014,13331,16994,17321,20276,20208,16098,16777,8979,10889,2867,5512,151700,144738,20208,19383,27929,27115,12141,9,8
2021-10-05T23:59:59+02:00,1868,1771,10024,9440,11037,10360,13561,14027,17618,17965,20797,20777,16450,17149,9185,11147,2954,5686,9244,8690,10504,9674,13004,13319,16986,17305,20265,20199,16092,16773,8976,10883,2863,5508,151561,144544,20208,19383,27929,27115,12120,9,8
2021-10-04T23:59:59+02:00,1856,1761,9999,9426,11026,10344,13547,14015,17607,17951,20785,20764,16449,17146,9183,11145,2953,5686,9222,8669,10484,9651,13000,13309,16977,17286,20256,20179,16090,16769,8974,10881,2862,5508,151410,144364,20203,19383,27929,27114,12103,9,8
2021-10-03T23:59:59+02:00,1850,1756,9992,9420,11015,10334,13542,14009,17600,17946,20777,20760,16446,17141,9181,11144,2953,5686,9214,8660,10471,9644,12996,13304,16973,17279,20247,20175,16088,16767,8974,10880,2862,5508,151350,144312,20203,19383,27929,27114,12072,9,8
2021-10-02T23:59:59+02:00,1850,1756,9990,9417,11013,10332,13539,14009,17600,17946,20775,20758,16445,17140,9181,11144,2953,5686,9213,8658,10468,9641,12994,13302,16973,17279,20246,20173,16087,16765,8974,10880,2862,5508,151342,144304,20203,19382,27929,27114,12062,9,8
2021-10-01T23:59:59+02:00,1847,1752,9976,9402,11004,10317,13530,14001,17591,17939,20770,20754,16441,17136,9179,11143,2951,5684,9196,8640,10454,9630,12992,13291,16962,17272,20237,20166,16086,16765,8973,10875,2861,5506,151243,144180,20202,19382,27929,27114,12045,9,8
2021-09-30T23:59:59+02:00,1844,1749,9961,9394,10992,10307,13520,13985,17584,17929,20763,20748,16441,17135,9177,11141,2950,5683,9173,8632,10442,9619,12985,13279,16952,17268,20231,20162,16084,16765,8970,10875,2861,5506,151176,144113,20200,19379,27929,27114,12000,9,8
2021-09-29T23:59:59+02:00,1831,1715,9933,9358,10968,10283,13506,13965,17569,17917,20744,20738,16433,17127,9175,11138,2949,5680,9163,8617,10429,9604,12982,13265,16947,17255,20221,20154,16078,16756,8967,10872,2860,5505,150920,143985,20200,19378,27929,27114,11982,9,8
2021-09-28T23:59:59+02:00,1804,1691,9880,9305,10947,10247,13475,13939,17541,17887,20727,20718,16423,17114,9171,11129,2948,5677,9144,8587,10416,9582,12964,13252,16937,17243,20208,20142,16069,16747,8961,10865,2860,5504,150541,143780,20200,19377,27928,27114,11956,9,8
2021-09-27T23:59:59+02:00,1787,1678,9855,9287,10922,10225,13456,13912,17523,17868,20718,20711,16417,17109,9167,11126,2948,5675,9125,8565,10394,9562,12944,13226,16922,17226,20197,20133,16066,16744,8959,10862,2860,5503,150373,143631,20192,19372,27928,27112,11893,9,8
2021-09-26T23:59:59+02:00,1780,1672,9844,9278,10906,10213,13446,13904,17517,17862,20708,20710,16415,17105,9167,11125,2947,5675,9120,8557,10386,9558,12935,13221,16918,17221,20190,20131,16064,16742,8959,10862,2860,5503,150293,143597,20191,19372,27928,27111,11864,9,8
2021-09-25T23:59:59+02:00,1780,1671,9841,9277,10905,10213,13444,13903,17517,17862,20708,20710,16415,17104,9167,11125,2947,5675,9120,8554,10384,9558,12934,13219,16918,17221,20190,20131,16064,16741,8959,10862,2860,5503,150288,143593,20191,19372,27928,27111,11859,9,8
2021-09-24T23:59:59+02:00,1772,1655,9824,9265,10901,10203,13440,13892,17514,17858,20705,20706,16412,17103,9167,11125,2946,5675,9103,8541,10378,9547,12930,13215,16912,17215,20189,20127,16062,16739,8958,10862,2860,5503,150199,143510,20189,19372,27928,27111,11849,9,8
2021-09-23T23:59:59+02:00,1769,1653,9761,9223,10792,10139,13342,13818,17429,17792,20652,20659,16388,17085,9160,11114,2946,5672,9045,8503,10270,9488,12840,13154,16831,17153,20138,20083,16039,16718,8950,10850,2860,5500,150122,143481,20187,19369,27928,27111,11158,9,8
2021-09-22T23:59:59+02:00,1747,1636,9732,9190,10777,10111,13316,13787,17401,17769,20637,20637,16384,17077,9158,11107,2943,5671,9020,8488,10249,9471,12825,13138,16812,17142,20127,20078,16033,16716,8947,10844,2858,5497,149837,143309,20183,19366,27928,27111,11133,9,8
2021-09-21T23:59:59+02:00,1716,1605,9676,9124,10743,10076,13289,13746,17371,17746,20623,20627,16371,17063,9154,11105,2941,5666,8986,8456,10233,9452,12803,13111,16786,17112,20117,20068,16023,16709,8942,10841,2858,5495,149417,143026,20181,19364,27927,27111,11118,9,8
2021-09-20T23:59:59+02:00,1684,1581,9621,9071,10695,10026,13253,13705,17350,17727,20599,20609,16361,17056,9145,11093,2940,5662,8951,8429,10214,9430,12776,13088,16765,17094,20100,20049,16015,16700,8935,10834,2856,5494,149015,142783,20179,19363,27927,27110,11058,9,8
2021-09-19T23:59:59+02:00,1683,1580,9617,9063,10688,10021,13245,13702,17342,17721,20592,20605,16359,17053,9144,11091,2937,5659,8945,8423,10210,9428,12772,13086,16762,17092,20097,20045,16014,16700,8935,10834,2856,5493,148960,142761,20176,19361,27927,27109,11040,9,8
2021-09-18T23:59:59+02:00,1683,1580,9617,9062,10686,10017,13242,13698,17339,17721,20591,20605,16359,17053,9144,11091,2937,5659,8943,8420,10208,9426,12771,13083,16758,17091,20096,20045,16014,16700,8935,10834,2856,5493,148954,142752,20176,19361,27927,27109,11028,9,8
2021-09-17T23:59:59+02:00,1677,1572,9600,9039,10674,10001,13226,13685,17328,17710,20587,20595,16357,17051,9143,11089,2936,5658,8936,8414,10202,9420,12762,13078,16754,17086,20093,20037,16014,16698,8934,10833,2856,5493,148841,142728,20175,19361,27927,27108,10986,9,8
2021-09-16T23:59:59+02:00,1673,1571,9584,9023,10658,9985,13215,13672,17316,17701,20575,20584,16356,17047,9140,11086,2936,5656,8930,8408,10194,9413,12754,13072,16746,17081,20083,20032,16014,16697,8934,10830,2856,5491,148738,142699,20172,19358,27926,27105,10943,9,8
2021-09-15T23:59:59+02:00,1660,1556,9557,8996,10634,9965,13186,13644,17297,17677,20558,20566,16350,17040,9131,11078,2936,5652,8883,8369,10163,9373,12721,13032,16721,17061,20054,20012,16007,16685,8929,10827,2856,5489,148571,142364,20104,19346,27926,27102,10883,9,8
2021-09-14T23:59:59+02:00,1647,1546,9523,8965,10618,9945,13168,13621,17274,17659,20544,20552,16333,17027,9121,11067,2932,5640,8849,8336,10147,9356,12712,13009,16705,17042,20037,19992,16003,16678,8926,10820,2855,5485,148370,142123,20026,19345,27926,27102,10861,9,8
2021-09-13T23:59:59+02:00,1614,1510,9479,8910,10592,9911,13145,13578,17253,17640,20522,20539,16327,17021,9118,11061,2930,5634,8814,8308,10131,9334,12691,12977,16692,17025,20021,19976,15997,16664,8920,10818,2854,5481,148151,141869,19872,19337,27926,27101,10837,8,8
2021-09-12T23:59:59+02:00,1612,1507,9466,8903,10579,9905,13138,13568,17248,17636,20519,20534,16326,17018,9116,11060,2930,5631,8790,8286,10110,9323,12674,12963,16681,17017,20013,19967,15994,16660,8919,10812,2854,5480,148100,141709,19866,19336,27926,27100,10806,8,8
2021-09-11T23:59:59+02:00,1612,1507,9464,8898,10575,9902,13135,13566,17247,17633,20516,20532,16326,17016,9115,11060,2930,5631,8781,8284,10108,9322,12669,12962,16680,17014,20011,19966,15994,16659,8918,10812,2854,5480,148089,141703,19864,19331,27926,27100,10788,8,8
2021-09-10T23:59:59+02:00,1611,1506,9460,8894,10566,9895,13123,13561,17242,17626,20514,20528,16325,17015,9115,11060,2930,5631,8777,8281,10101,9314,12659,12956,16674,17009,20008,19962,15994,16658,8918,10811,2854,5480,148060,141682,19863,19325,27926,27100,10755,8,8
2021-09-09T23:59:59+02:00,1608,1501,9444,8888,10555,9882,13109,13544,17226,17617,20499,20517,16323,17014,9113,11056,2929,5628,8767,8276,10094,9304,12654,12943,16656,17002,19996,19953,15992,16656,8916,10804,2853,5478,147978,141630,19861,19325,27926,27099,10689,8,8
2021-09-08T23:59:59+02:00,1570,1452,9400,8829,10523,9844,13082,13507,17194,17591,20480,20497,16307,17000,9109,11050,2929,5626,8743,8260,10075,9288,12634,12927,16641,16993,19980,19946,15985,16650,8915,10800,2853,5478,147566,141500,19860,19320,27926,27099,10639,8,8
2021-09-07T23:59:59+02:00,1552,1427,9380,8805,10505,9824,13072,13497,17185,17579,20474,20492,16303,16997,9108,11045,2928,5624,8735,8252,10067,9286,12626,12925,16637,16985,19976,19943,15985,16648,8915,10797,2853,5478,147390,141459,19858,19318,27926,27095,10624,8,8
2021-09-06T23:59:59+02:00,1539,1415,9356,8780,10485,9803,13062,13483,17174,17565,20465,20476,16301,16994,9106,11045,2927,5624,8729,8243,10059,9279,12621,12916,16631,16980,19971,19936,15983,16647,8911,10794,2853,5477,147214,141400,19857,19315,27924,27094,10606,8,8
2021-09-05T23:59:59+02:00,1536,1412,9348,8769,10477,9798,13057,13477,17171,17558,20459,20474,16298,16991,9106,11044,2927,5624,8721,8237,10052,9269,12614,12910,16625,16974,19963,19934,15981,16645,8911,10793,2853,5477,147164,141345,19857,19315,27924,27091,10582,8,8
2021-09-04T23:59:59+02:00,1535,1412,9347,8767,10476,9798,13056,13476,17171,17558,20457,20472,16298,16991,9106,11044,2927,5624,8721,8237,10051,9267,12613,12910,16624,16973,19962,19934,15981,16645,8911,10793,2853,5477,147158,141339,19854,19315,27924,27091,10580,8,8
2021-09-03T23:59:59+02:00,1525,1398,9326,8749,10463,9787,13052,13466,17156,17547,20445,20462,16294,16985,9105,11039,2927,5621,8705,8225,10039,9260,12606,12903,16608,16963,19959,19926,15977,16638,8910,10789,2853,5474,147057,141288,19851,19313,27924,27091,10515,8,8
2021-09-02T23:59:59+02:00,1514,1389,9272,8717,10403,9736,12977,13408,17106,17510,20387,20419,16262,16958,9095,11028,2926,5616,8660,8200,9980,9216,12537,12853,16564,16930,19899,19885,15945,16615,8903,10781,2853,5469,146930,141231,19850,19309,27923,27089,10020,8,8
2021-09-01T23:59:59+02:00,1510,1372,9252,8703,10380,9724,12964,13395,17094,17496,20377,20415,16258,16952,9088,11024,2926,5615,8642,8179,9964,9199,12526,12842,16551,16919,19883,19874,15941,16610,8900,10775,2853,5468,146821,141096,19826,19307,27923,27088,9975,8,8
2021-08-31T23:59:59+02:00,1493,1354,9237,8676,10369,9711,12953,13387,17089,17485,20370,20407,16253,16948,9086,11019,2926,5615,8625,8162,9958,9187,12511,12831,16540,16914,19880,19867,15937,16608,8899,10772,2853,5468,146665,140971,19825,19304,27923,27085,9965,8,8
2021-08-30T23:59:59+02:00,1472,1337,9219,8653,10355,9695,12942,13372,17076,17465,20358,20398,16249,16945,9084,11017,2926,5614,8598,8148,9944,9175,12500,12812,16527,16897,19871,19860,15931,16602,8897,10767,2851,5466,146500,140833,19825,19300,27920,27076,9931,8,8
2021-08-29T23:59:59+02:00,1471,1336,9217,8647,10348,9686,12940,13367,17067,17460,20354,20393,16246,16940,9084,11017,2926,5613,8595,8142,9935,9164,12496,12806,16519,16892,19867,19857,15928,16595,8896,10767,2851,5465,146482,140813,19825,19299,27920,27070,9884,8,8
2021-08-28T23:59:59+02:00,1470,1336,9214,8643,10348,9685,12939,13366,17067,17459,20354,20392,16246,16940,9084,11017,2926,5613,8591,8142,9933,9164,12495,12805,16519,16891,19867,19856,15928,16595,8896,10767,2851,5465,146474,140807,19825,19297,27920,27070,9879,8,8
2021-08-27T23:59:59+02:00,1460,1325,9201,8636,10343,9679,12936,13364,17064,17453,20349,20387,16245,16938,9083,11017,2926,5613,8581,8135,9930,9158,12488,12803,16516,16884,19866,19855,15927,16594,8895,10766,2851,5465,146400,140758,19825,19295,27920,27065,9873,8,8
2021-08-26T23:59:59+02:00,1457,1324,9194,8632,10338,9673,12928,13363,17061,17451,20347,20382,16242,16935,9080,11012,2925,5613,8572,8124,9924,9152,12480,12800,16511,16882,19864,19850,15924,16590,8892,10763,2850,5465,146379,140727,19823,19295,27920,27059,9834,8,8
2021-08-25T23:59:59+02:00,1443,1299,9088,8576,10252,9601,12839,13289,16942,17367,20252,20326,16195,16897,9065,10991,2920,5602,8480,8070,9841,9090,12389,12735,16407,16809,19777,19796,15880,16551,8878,10743,2845,5452,146138,140581,19822,19294,27920,27057,9063,8,8
2021-08-24T23:59:59+02:00,1424,1274,9057,8546,10238,9581,12810,13260,16911,17331,20238,20310,16180,16887,9060,10985,2920,5599,8457,8057,9824,9078,12373,12724,16396,16794,19770,19786,15874,16547,8878,10741,2845,5451,145849,140463,19820,19292,27920,27057,9021,8,8
2021-08-23T23:59:59+02:00,1406,1249,9015,8509,10224,9563,12779,13240,16892,17313,20225,20286,16168,16875,9049,10979,2919,5594,8432,8041,9797,9059,12359,12718,16383,16785,19759,19770,15868,16540,8874,10736,2844,5448,145593,140367,19820,19290,27920,27036,8951,8,8
2021-08-22T23:59:59+02:00,1406,1249,9005,8504,10217,9557,12778,13236,16888,17307,20222,20283,16165,16871,9045,10979,2919,5593,8416,8035,9790,9048,12355,12713,16380,16778,19757,19766,15865,16535,8870,10734,2844,5447,145580,140338,19820,19288,27920,27033,8903,8,8
2021-08-21T23:59:59+02:00,1406,1248,9000,8504,10216,9555,12775,13235,16887,17307,20221,20282,16165,16871,9045,10979,2919,5593,8294,7955,9689,8954,12267,12603,16289,16707,19701,19722,15845,16520,8867,10723,2843,5445,145574,140334,19817,18387,27920,27032,8896,8,8
2021-08-20T23:59:59+02:00,1405,1246,8992,8502,10209,9547,12769,13225,16884,17305,20214,20277,16162,16871,9045,10977,2918,5592,7936,7629,9536,8794,12124,12463,16166,16597,19593,19626,15806,16471,8855,10699,2841,5444,145540,138236,19817,18387,27920,27031,8862,8,8
2021-08-19T23:59:59+02:00,1400,1244,8981,8496,10202,9538,12760,13219,16879,17303,20209,20275,16161,16869,9045,10976,2918,5591,7676,7361,9406,8689,11981,12344,16072,16492,19496,19539,15764,16424,8844,10680,2840,5436,145498,136511,19814,18379,27919,27022,8834,8,8
2021-08-18T23:59:59+02:00,1376,1212,8935,8460,10174,9507,12733,13184,16849,17280,20183,20246,16148,16855,9039,10970,2914,5586,7663,7351,9394,8681,11967,12327,16058,16483,19488,19530,15758,16417,8840,10676,2837,5433,145192,136464,19801,18378,27916,27021,8740,8,8
2021-08-17T23:59:59+02:00,1351,1199,8899,8428,10159,9486,12718,13159,16834,17259,20160,20224,16140,16845,9036,10963,2912,5581,7650,7336,9376,8673,11956,12318,16051,16473,19477,19524,15752,16412,8839,10674,2836,5431,144948,136393,19798,18373,27915,27015,8690,8,8
2021-08-16T23:59:59+02:00,1328,1181,8861,8402,10140,9467,12694,13135,16824,17242,20140,20209,16135,16833,9032,10962,2911,5581,7641,7324,9360,8670,11946,12312,16049,16468,19468,19517,15749,16409,8839,10674,2836,5431,144715,136353,19796,18369,27915,27014,8649,8,8
2021-08-15T23:59:59+02:00,1310,1164,8842,8383,10127,9453,12678,13122,16811,17232,20126,20197,16129,16827,9032,10957,2911,5581,7629,7313,9344,8654,11932,12301,16042,16460,19462,19513,15741,16405,8838,10671,2836,5431,144567,136296,19795,18364,27912,26995,8606,8,8
2021-08-14T23:59:59+02:00,1309,1164,8842,8383,10126,9453,12677,13120,16811,17231,20125,20195,16129,16827,9032,10957,2911,5581,7313,7020,9199,8486,11758,12136,15924,16330,19368,19425,15715,16381,8829,10658,2836,5427,144561,134307,19795,18362,27912,26986,8603,8,8
2021-08-13T23:59:59+02:00,1304,1162,8830,8374,10115,9445,12665,13110,16795,17222,20117,20187,16125,16822,9030,10956,2910,5581,6924,6659,9028,8325,11550,11920,15706,16149,19227,19303,15680,16343,8817,10644,2834,5423,144533,131826,19795,18362,27912,26983,8508,8,8
2021-08-12T23:59:59+02:00,1304,1162,8829,8371,10108,9440,12662,13110,16789,17213,20113,20182,16124,16818,9028,10954,2910,5581,6917,6652,9014,8318,11539,11918,15695,16142,19223,19297,15678,16338,8815,10643,2834,5423,144518,131792,19794,18359,27912,26965,8471,8,8
2021-08-11T23:59:59+02:00,1301,1158,8825,8364,10099,9433,12654,13106,16783,17209,20107,20180,16122,16815,9027,10954,2910,5580,6910,6642,8998,8307,11528,11914,15691,16135,19215,19291,15674,16335,8814,10643,2834,5421,144468,131730,19790,18353,27912,26951,8454,8,8
2021-08-10T23:59:59+02:00,1300,1158,8823,8363,10095,9428,12651,13101,16781,17208,20106,20175,16120,16813,9027,10953,2910,5580,6866,6597,8965,8292,11509,11894,15665,16124,19208,19281,15672,16333,8814,10641,2834,5421,144441,131487,19790,18349,27912,26944,8446,8,8
2021-08-09T23:59:59+02:00,1300,1156,8817,8362,10091,9420,12649,13098,16774,17206,20100,20175,16118,16813,9026,10953,2910,5580,6847,6573,8944,8275,11496,11883,15649,16112,19202,19276,15669,16332,8812,10640,2834,5421,144415,131353,19790,18345,27910,26935,8430,8,8
2021-08-08T23:59:59+02:00,1300,1155,8814,8356,10089,9416,12640,13095,16769,17202,20098,20172,16116,16809,9025,10952,2909,5579,6844,6562,8928,8267,11479,11875,15642,16103,19200,19271,15666,16328,8811,10639,2833,5420,144403,131304,19789,18337,27910,26931,8391,8,8
2021-08-07T23:59:59+02:00,1300,1147,8805,8349,10078,9409,12637,13088,16762,17198,20092,20167,16112,16804,9023,10951,2908,5579,6192,5991,8657,8044,11209,11645,15443,15929,19115,19195,15646,16304,8804,10632,2830,5419,144353,128216,19788,18325,27910,26930,8355,8,8
2021-08-06T23:59:59+02:00,1294,1146,8796,8337,10064,9397,12617,13069,16744,17186,20075,20155,16105,16796,9023,10948,2908,5578,6179,5977,8642,8029,11185,11624,15421,15912,19098,19183,15639,16297,8804,10629,2830,5418,144315,128163,19785,18319,27910,26928,8225,8,8
2021-08-05T23:59:59+02:00,1291,1144,8789,8330,10055,9388,12603,13061,16738,17183,20067,20151,16104,16796,9023,10947,2908,5578,5895,5740,8293,7733,10819,11348,15097,15673,18848,19015,15619,16273,8794,10622,2829,5417,144266,128068,19781,15613,27906,26895,8200,8,8
2021-08-04T23:59:59+02:00,1290,1141,8783,8326,10050,9386,12597,13057,16733,17181,20065,20148,16103,16796,9022,10946,2908,5577,5881,5732,8264,7723,10799,11336,15080,15667,18843,19010,15617,16270,8793,10622,2829,5417,144234,127969,19780,15605,27905,26879,8187,8,8
2021-08-03T23:59:59+02:00,1283,1138,8779,8316,10045,9381,12592,13054,16728,17179,20060,20146,16101,16796,9021,10944,2908,5576,5769,5618,8171,7653,10682,11259,15031,15614,18814,18995,15613,16268,8792,10620,2827,5416,144189,127243,19778,15597,27905,26850,8172,8,8
2021-08-02T23:59:59+02:00,1277,1132,8766,8308,10038,9374,12587,13048,16723,17169,20053,20142,16099,16793,9019,10941,2907,5575,5598,5458,8042,7546,10558,11144,14959,15531,18782,18970,15605,16259,8786,10620,2827,5416,144108,126177,19772,15592,27904,26819,8164,8,8
2021-08-01T23:59:59+02:00,1275,1131,8759,8301,10031,9367,12581,13046,16718,17167,20048,20140,16099,16793,9018,10939,2907,5575,5538,5401,7991,7497,10495,11092,14923,15506,18769,18952,15602,16256,8784,10617,2827,5414,144064,125738,19770,15588,27903,26798,8155,8,8
2021-07-31T23:59:59+02:00,1275,1131,8758,8298,10031,9366,12579,13046,16717,17167,20047,20138,16099,16793,9018,10939,2907,5575,5512,5380,7975,7484,10478,11078,14910,15500,18765,18949,15601,16255,8784,10617,2827,5414,144062,125607,19769,15584,27903,26797,8147,8,8
2021-07-30T23:59:59+02:00,1143,1010,8530,8069,9937,9248,12499,12962,16637,17095,19987,20071,16067,16754,9012,10922,2906,5572,5218,5105,7837,7341,10290,10885,14774,15334,18697,18892,15577,16227,8771,10604,2823,5410,142607,123775,19767,15576,27903,26780,8141,8,8
2021-07-29T23:59:59+02:00,1136,1002,8399,7979,9778,9150,12345,12861,16488,17000,19823,19961,15981,16685,8987,10903,2905,5565,4923,4871,7559,7148,10009,10685,14527,15160,18502,18774,15491,16152,8744,10583,2822,5400,142486,122675,19764,15535,27903,26755,6792,8,8
2021-07-28T23:59:59+02:00,1125,988,8370,7942,9764,9134,12323,12847,16471,16977,19804,19951,15974,16672,8980,10899,2905,5563,4501,4441,7241,6897,9691,10385,14291,14978,18446,18733,15476,16141,8738,10572,2822,5390,142244,120025,19762,15481,27901,26692,6779,8,8
2021-07-27T23:59:59+02:00,1115,980,8347,7927,9751,9127,12311,12838,16463,16971,19797,19938,15972,16666,8978,10896,2904,5561,4267,4195,7010,6698,9444,10106,14131,14817,18395,18666,15427,16095,8721,10556,2819,5383,142105,118005,19760,15478,27901,26667,6773,8,8
2021-07-26T23:59:59+02:00,1111,977,8334,7915,9744,9122,12305,12832,16456,16963,19790,19937,15969,16661,8976,10892,2903,5556,4161,4087,6907,6587,9318,9984,14048,14734,18348,18632,15416,16084,8711,10548,2816,5381,142026,117102,19757,15468,27890,26609,6767,8,8
2021-07-25T23:59:59+02:00,1110,976,8325,7912,9731,9118,12295,12829,16451,16956,19787,19936,15967,16661,8975,10892,2903,5556,4110,4037,6830,6538,9246,9928,14012,14702,18324,18618,15398,16071,8704,10542,2816,5379,142000,116661,19753,15452,27889,26587,6735,8,8
2021-07-24T23:59:59+02:00,1108,972,8237,7850,9657,9037,12228,12752,16382,16903,19746,19897,15946,16647,8972,10882,2903,5555,4067,3995,6773,6488,9168,9871,13947,14636,18292,18592,15386,16060,8696,10538,2816,5379,141981,116407,19088,15170,27889,26585,6713,8,8
2021-07-23T23:59:59+02:00,1082,947,8125,7761,9619,9002,12194,12723,16337,16868,19717,19878,15940,16641,8968,10878,2903,5555,3776,3710,6516,6283,8885,9585,13711,14458,18212,18531,15344,16017,8678,10519,2814,5373,141487,114159,19088,15146,27889,26579,6671,8,8
2021-07-22T23:59:59+02:00,989,860,7909,7531,9515,8913,12076,12627,16246,16784,19642,19793,15894,16601,8959,10863,2902,5549,3651,3583,6362,6190,8731,9456,13547,14315,18137,18463,15323,15991,8670,10509,2814,5372,140025,113007,19086,15074,27882,26484,6657,8,8
2021-07-21T23:59:59+02:00,969,846,7877,7491,9499,8902,12054,12604,16222,16768,19618,19772,15883,16594,8959,10858,2902,5549,3346,3317,6015,5931,8336,9073,13280,14079,17995,18338,15231,15910,8638,10479,2811,5360,139769,110198,19084,15002,27877,26387,6634,8,8
2021-07-20T23:59:59+02:00,968,845,7869,7486,9492,8899,12049,12602,16214,16767,19613,19767,15882,16593,8959,10857,2902,5549,3273,3266,5955,5875,8278,9014,13196,14035,17963,18323,15231,15910,8638,10477,2811,5360,139731,109812,19083,14987,27874,26255,6622,8,8
2021-07-19T23:59:59+02:00,967,845,7862,7484,9489,8891,12044,12600,16209,16760,19610,19767,15880,16590,8959,10855,2902,5548,3221,3231,5904,5833,8217,8969,13139,14008,17917,18310,15231,15907,8638,10475,2811,5359,139694,109531,19082,14970,27874,26128,6609,8,8
2021-07-18T23:59:59+02:00,966,844,7851,7475,9484,8886,12035,12595,16204,16754,19608,19765,15879,16588,8959,10855,2902,5548,3201,3213,5865,5802,8182,8940,13100,13992,17902,18306,15231,15906,8638,10475,2811,5358,139647,109343,19081,14936,27872,26115,6595,8,8
2021-07-17T23:59:59+02:00,851,725,7529,7185,9332,8715,11860,12433,16075,16615,19511,19669,15858,16567,8951,10842,2902,5545,3100,3105,5754,5710,8049,8780,12959,13864,17807,18228,15221,15888,8635,10468,2811,5358,137634,108161,19080,14931,27872,26111,6579,5,8
2021-07-16T23:59:59+02:00,695,574,7133,6857,9148,8555,11668,12222,15872,16438,19369,19541,15828,16530,8941,10828,2901,5543,3038,3044,5678,5647,7936,8673,12839,13728,17728,18153,15199,15872,8631,10466,2810,5358,135149,107262,19080,14926,27871,26104,6543,5,8
2021-07-15T23:59:59+02:00,693,574,7119,6849,9145,8553,11656,12218,15862,16431,19365,19535,15826,16527,8937,10826,2900,5534,2999,3009,5612,5604,7846,8623,12764,13687,17698,18129,15176,15856,8623,10459,2809,5349,135109,107030,19078,14772,27866,25979,6496,5,8
2021-07-14T23:59:59+02:00,691,573,7110,6840,9140,8551,11652,12213,15856,16428,19360,19530,15824,16524,8934,10823,2900,5530,2976,2996,5571,5572,7810,8602,12731,13671,17680,18118,15169,15853,8620,10455,2809,5345,135076,106877,19077,14738,27866,25938,6459,5,8
2021-07-13T23:59:59+02:00,686,571,7085,6823,9126,8534,11643,12198,15845,16409,19350,19524,15815,16520,8930,10813,2895,5522,2919,2945,5507,5506,7650,8467,12477,13453,17524,17990,15150,15842,8608,10442,2804,5334,134949,105662,19077,14685,27863,25903,6399,5,8
2021-07-12T23:59:59+02:00,680,563,7071,6808,9115,8523,11633,12188,15840,16396,19338,19520,15813,16516,8928,10813,2895,5519,2863,2891,5424,5431,7502,8352,12230,13240,17343,17843,15140,15837,8604,10435,2803,5334,134833,104424,19075,14632,27859,25853,6391,5,8
2021-07-11T23:59:59+02:00,679,562,7062,6806,9105,8515,11626,12180,15830,16393,19333,19515,15813,16513,8927,10811,2895,5519,2832,2856,5347,5358,7404,8265,12063,13083,17217,17710,15132,15826,8603,10432,2803,5334,134789,103535,19071,14583,27859,25810,6364,5,8
2021-07-10T23:59:59+02:00,505,404,6498,6255,8880,8329,11383,11988,15673,16260,19278,19466,15805,16503,8923,10806,2894,5518,2803,2822,5295,5312,7321,8185,11960,12983,17139,17643,15117,15810,8600,10421,2800,5332,132093,102837,19071,14581,27859,25802,6344,5,8
2021-07-09T23:59:59+02:00,494,397,6439,6227,8853,8292,11343,11960,15646,16247,19265,19450,15804,16500,8923,10803,2894,5518,2746,2755,5213,5243,7142,8008,11548,12684,16841,17436,15096,15782,8593,10416,2798,5330,132001,101809,18861,13720,27858,25787,6334,5,8
2021-07-08T23:59:59+02:00,488,395,6123,5968,8480,8004,10961,11654,15309,16000,19006,19276,15782,16476,8914,10796,2891,5517,2685,2704,5131,5167,7002,7917,11347,12542,16689,17312,15089,15774,8593,10414,2798,5329,131914,100945,15969,13550,27853,25712,6303,5,8
2021-07-07T23:59:59+02:00,486,391,6108,5956,8456,7989,10946,11637,15298,15990,19005,19271,15780,16472,8913,10794,2891,5515,2636,2652,5040,5108,6863,7823,11112,12360,16525,17178,15081,15767,8588,10408,2798,5329,131806,99922,15960,13424,27851,25663,6276,5,8
2021-07-06T23:59:59+02:00,459,371,6007,5863,8383,7923,10873,11568,15265,15950,18982,19255,15772,16462,8910,10792,2888,5513,2568,2582,4907,4993,6680,7690,10723,11948,16153,16802,15055,15734,8580,10401,2797,5325,131189,97764,15952,13342,27846,25602,6244,5,8
2021-07-05T23:59:59+02:00,418,337,5829,5692,8265,7830,10759,11454,15206,15880,18950,19224,15766,16454,8906,10787,2885,5512,2515,2506,4808,4895,6547,7555,10371,11629,15879,16496,15025,15704,8572,10386,2797,5320,130140,95968,15948,13278,27843,25549,6218,5,8
2021-07-04T23:59:59+02:00,398,307,5755,5612,8208,7773,10692,11396,15176,15849,18936,19205,15759,16450,8905,10785,2885,5510,2496,2476,4746,4848,6486,7505,10234,11520,15778,16424,15020,15697,8570,10385,2796,5320,129634,95404,15941,13210,27838,25511,6183,5,8
2021-07-03T23:59:59+02:00,392,305,5736,5602,8198,7764,10680,11392,15169,15843,18933,19202,15759,16450,8905,10785,2885,5510,2461,2444,4650,4820,6379,7479,10176,11474,15673,16338,14341,14990,8551,10360,2796,5320,129562,95289,15939,13208,27838,23595,6166,5,8
2021-07-02T23:59:59+02:00,346,266,5547,5453,8126,7692,10582,11295,15104,15786,18914,19195,15755,16446,8900,10783,2883,5507,2414,2396,4494,4742,6195,7405,10022,11317,15483,16135,13550,14071,8543,10345,2796,5319,128648,94726,15937,13164,27837,21190,6153,5,8
2021-07-01T23:59:59+02:00,284,211,5330,5270,7997,7580,10442,11169,14976,15691,18870,19170,15748,16439,8895,10777,2883,5506,2297,2276,4318,4569,5958,7151,9241,10632,14854,15665,13525,14042,8538,10340,2792,5317,127356,91229,15925,13068,27836,21106,6116,5,8
2021-06-30T23:59:59+02:00,154,121,4848,4797,7656,7303,10089,10831,14749,15514,18813,19126,15737,16428,8891,10769,2883,5503,2261,2229,4233,4497,5847,7054,9070,10509,14764,15587,13511,14034,8535,10337,2792,5315,124370,90629,15919,12895,27836,20973,6082,5,8
2021-06-29T23:59:59+02:00,117,99,4564,4517,7404,7086,9799,10531,14550,15324,18750,19065,15685,16378,8871,10754,2882,5498,2194,2149,4090,4361,5640,6873,8844,10280,14469,15362,13464,13986,8522,10313,2790,5302,122299,89177,15915,12742,27834,20901,5821,5,8
2021-06-28T23:59:59+02:00,101,78,4429,4374,7299,6976,9677,10406,14458,15217,18705,19022,15669,16362,8857,10743,2879,5496,2107,2022,3909,4155,5359,6531,8460,9770,13936,14826,13345,13897,8503,10289,2787,5288,121286,85968,15904,12661,27831,20834,5722,5,6
2021-06-27T23:59:59+02:00,96,76,4375,4327,7240,6921,9615,10351,14425,15183,18685,19005,15652,16350,8850,10736,2878,5491,2053,1988,3845,4111,5245,6417,8291,9641,13760,14713,13319,13877,8493,10280,2784,5286,120920,85179,15900,12626,27828,20695,5603,5,6
2021-06-26T23:59:59+02:00,83,74,4331,4297,7209,6893,9597,10329,14405,15167,18672,18992,15648,16344,8850,10736,2878,5491,1977,1895,3656,3953,5030,6160,7928,9186,13409,14417,13239,13819,8473,10252,2779,5277,120676,82542,15894,12626,27828,20689,5593,5,6
2021-06-25T23:59:59+02:00,70,61,4020,3971,6946,6656,9303,10036,14182,14978,18589,18935,15602,16299,8831,10717,2876,5484,1912,1811,3490,3831,4836,5929,7603,8771,13098,14082,13189,13763,8460,10227,2773,5271,118275,80186,15867,12595,27828,20684,5581,5,6
2021-06-24T23:59:59+02:00,63,54,3927,3881,6848,6571,9203,9946,14082,14893,18561,18902,15587,16282,8825,10710,2876,5483,1845,1737,3376,3734,4637,5787,7383,8572,12849,13881,12356,12833,8280,9964,2773,5270,117544,78969,15858,12489,27824,18356,5463,5,6
2021-06-23T23:59:59+02:00,49,49,3522,3508,6394,6224,8671,9439,13745,14590,18425,18766,15483,16190,8782,10674,2873,5469,1707,1565,3125,3530,4218,5458,6435,7861,12106,13183,12333,12821,8270,9957,2773,5266,114608,78335,15610,9159,27823,18307,4807,5,6
2021-06-22T23:59:59+02:00,40,41,3449,3435,6315,6165,8568,9361,13694,14542,18392,18749,15472,16183,8781,10669,2873,5466,1666,1512,3021,3427,4074,5308,6181,7677,11495,12473,12243,12727,8252,9924,2769,5258,113979,75996,15604,9077,27821,18148,4786,5,6
2021-06-21T23:59:59+02:00,34,38,3378,3374,6223,6106,8508,9290,13633,14496,18359,18729,15470,16181,8778,10666,2873,5465,1630,1461,2930,3330,3948,5158,5985,7451,10737,11554,11856,12271,7173,8696,2763,5251,113458,73342,15597,8976,27814,15148,4727,5,6
2021-06-20T23:59:59+02:00,34,37,3353,3352,6175,6075,8464,9258,13604,14479,18348,18725,15469,16181,8778,10666,2873,5465,1612,1444,2893,3302,3897,5120,5932,7427,10649,11478,11836,12252,7170,8689,2762,5251,113281,73025,15580,8899,27814,15132,4656,5,6
2021-06-19T23:59:59+02:00,32,35,3326,3327,6146,6052,8434,9239,13580,14473,18342,18720,15469,16180,8778,10666,2873,5465,1608,1432,2888,3293,3889,5115,5917,7422,10638,11471,11836,12252,7170,8688,2762,5251,113088,72945,15574,8899,27814,15130,4656,5,6
2021-06-18T23:59:59+02:00,28,30,3284,3284,6072,6012,8365,9184,13534,14441,18319,18709,15468,16178,8777,10665,2873,5465,1533,1338,2751,3117,3706,4839,5520,7049,9145,9902,11669,12084,7129,8638,2750,5233,112704,67765,15546,8898,27814,15119,4619,5,6
2021-06-17T23:59:59+02:00,26,26,3220,3232,6004,5972,8290,9130,13461,14396,18295,18698,15466,16173,8775,10662,2873,5462,1404,1245,2562,2902,3443,4547,5158,6653,8472,9170,11385,11841,7088,8581,2746,5230,112327,64048,15517,8783,27809,15091,4503,5,6
2021-06-16T23:59:59+02:00,26,23,3167,3171,5892,5904,8170,9037,13333,14310,18229,18662,15460,16164,8775,10659,2873,5462,1307,1189,2421,2794,3260,4387,4873,6380,7395,7879,11294,11733,7057,8543,2733,5212,111688,60283,15442,8737,27805,15058,4377,5,6
2021-06-15T23:59:59+02:00,21,22,3071,3085,5774,5814,7985,8858,13070,14091,18080,18535,15445,16152,8767,10653,2873,5460,1270,1156,2348,2738,3156,4312,4670,6255,7083,7628,10799,11174,7023,8509,2725,5199,110267,58038,15414,8705,27795,15026,4275,5,5
2021-06-14T23:59:59+02:00,20,20,2997,3015,5693,5756,7842,8739,12781,13853,17892,18359,15429,16138,8760,10648,2872,5459,1243,1128,2282,2682,3031,4216,4470,6116,6740,7323,10273,10563,6992,8472,2721,5189,108874,55667,15405,8598,27791,14978,4198,5,4
2021-06-13T23:59:59+02:00,20,20,2979,2985,5627,5718,7779,8673,12641,13718,17786,18237,15423,16129,8759,10645,2871,5459,1232,1115,2253,2666,2994,4205,4424,6096,6707,7306,10268,10557,6992,8471,2721,5189,108137,55525,15394,8590,27787,14935,4146,5,4
2021-06-12T23:59:59+02:00,18,20,2950,2967,5599,5693,7748,8654,12622,13699,17778,18234,15422,16127,8759,10645,2871,5459,1176,1053,2164,2590,2900,4069,4282,5964,6597,7221,10186,10479,6396,7745,2721,5189,107938,55410,15391,8590,27787,12588,4144,5,4
2021-06-11T23:59:59+02:00,18,17,2874,2893,5530,5629,7567,8468,12212,13393,17496,18029,15406,16102,8753,10637,2868,5457,1152,1036,2109,2549,2835,4020,4197,5902,6486,7130,10083,10366,6382,7738,2719,5183,106926,54884,14499,8321,27786,12549,4133,5,4
2021-06-10T23:59:59+02:00,14,15,2820,2852,5430,5576,7435,8387,12025,13254,17358,17911,15401,16098,8753,10636,2867,5456,1111,1011,2034,2483,2734,3942,4027,5772,6241,6917,9832,10098,6362,7710,2713,5177,106005,53319,14426,8317,27781,12457,4071,5,4
2021-06-09T23:59:59+02:00,13,14,2742,2783,5308,5481,7214,8218,11746,13012,17171,17762,15390,16084,8749,10627,2867,5453,1054,946,1903,2365,2530,3760,3701,5488,5619,6405,9009,9195,6305,7634,2700,5142,104798,49309,14274,8299,27772,12363,3785,5,4
2021-06-08T23:59:59+02:00,10,10,2644,2681,5173,5353,7017,8033,11316,12585,16794,17373,15371,16057,8738,10620,2866,5448,1017,917,1833,2300,2424,3686,3561,5422,5468,6273,8975,9176,6303,7622,2698,5138,102594,48797,14247,8248,27770,12295,3473,5,4
2021-06-07T23:59:59+02:00,8,9,2517,2583,4982,5222,6810,7868,10838,12224,16451,17077,15346,16029,8732,10603,2865,5444,948,880,1705,2244,2283,3602,3306,5332,5113,5988,8425,8551,6250,7563,2694,5129,100658,46579,14204,8232,27761,12222,2980,5,4
2021-06-06T23:59:59+02:00,8,7,2480,2558,4921,5165,6724,7811,10699,12113,16360,17012,15343,16025,8732,10603,2863,5443,932,870,1677,2224,2239,3574,3235,5307,5065,5964,8420,8550,6245,7555,2694,5128,100067,46418,14153,8222,27754,12151,2888,5,4
2021-06-05T23:59:59+02:00,7,6,2466,2536,4893,5140,6687,7781,10669,12086,16351,17005,15343,16025,8732,10603,2863,5443,916,855,1644,2195,2199,3518,3132,5225,4712,5635,7825,7845,6217,7501,2693,5126,99842,44031,14153,8216,27752,12107,2884,5,4
2021-06-04T23:59:59+02:00,6,5,2435,2507,4848,5096,6639,7728,10580,11982,16299,16941,15339,16018,8732,10602,2862,5442,904,837,1621,2175,2157,3481,3080,5167,4548,5446,7524,7477,6181,7459,2691,5120,99311,42744,14146,8214,27752,12063,2847,5,4
2021-06-03T23:59:59+02:00,6,5,2332,2379,4697,4922,6430,7480,9878,11348,15709,16491,15328,16008,8729,10596,2861,5441,887,807,1581,2116,2108,3401,2990,5057,4402,5279,7365,7288,6169,7432,2691,5116,95971,41696,14107,8204,27747,11979,2810,5,4
2021-06-02T23:59:59+02:00,6,5,2315,2354,4652,4889,6375,7443,9778,11260,15649,16438,15320,16004,8728,10592,2861,5440,875,795,1562,2092,2055,3364,2904,4971,4041,4890,6808,6649,6125,7376,2687,5105,95446,39357,14105,8199,27747,11936,2806,5,4
2021-06-01T23:59:59+02:00,6,4,2252,2314,4531,4796,6210,7326,9589,11112,15541,16361,15317,16000,8724,10588,2860,5435,841,768,1497,2043,1939,3301,2750,4878,3837,4762,6598,6417,6102,7357,2681,5096,94572,38268,14055,8177,27735,11821,2599,5,4
2021-05-31T23:59:59+02:00,2,4,2202,2255,4433,4704,6066,7201,9403,10963,15456,16305,15309,15993,8721,10588,2860,5435,818,734,1440,1984,1867,3252,2575,4822,3706,4708,6241,6003,6079,7336,2678,5088,93850,37088,13968,8170,27725,11719,2352,5,4
2021-05-30T23:59:59+02:00,2,4,2177,2234,4377,4643,5972,7141,9328,10901,15419,16285,15308,15990,8721,10588,2860,5435,806,723,1417,1961,1818,3226,2442,4787,3601,4690,6239,6001,6079,7336,2678,5088,93399,36771,13929,8148,27715,11634,2337,5,4
2021-05-29T23:59:59+02:00,2,4,2161,2219,4357,4631,5955,7124,9315,10888,15414,16282,15307,15990,8721,10588,2860,5435,788,671,1324,1702,1684,2864,2242,4239,3322,4260,6149,5907,5967,7204,2677,5088,93270,36718,13926,8142,27715,8889,2337,5,4
2021-05-28T23:59:59+02:00,2,4,2140,2196,4318,4585,5910,7079,9237,10818,15346,16230,15303,15988,8721,10588,2860,5434,769,581,1246,1449,1586,2461,2064,3550,3058,3665,5510,5166,5885,7113,2673,5075,92792,35417,13913,8142,27713,5954,2336,5,4
2021-05-27T23:59:59+02:00,2,4,2098,2158,4231,4518,5787,7005,9081,10718,15248,16146,15302,15987,8721,10588,2860,5434,739,547,1214,1366,1544,2323,1994,3408,2945,3546,5074,4685,5852,7074,2662,5046,92109,34293,13763,8133,27690,5270,2321,5,4
2021-05-26T23:59:59+02:00,2,4,2030,2039,4036,4373,5446,6740,8110,9974,14485,15443,15290,15981,8717,10582,2858,5431,728,532,1188,1305,1497,2264,1936,3293,2793,3402,3766,3304,5793,7001,2639,4988,91332,31013,10235,8116,27674,5003,2295,5,4
2021-05-25T23:59:59+02:00,2,4,1993,2002,3957,4306,5351,6674,7975,9867,14107,15007,15242,15944,8710,10567,2856,5427,723,525,1161,1270,1477,2239,1916,3265,2767,3376,3760,3294,5786,6998,2637,4987,89987,30924,10086,8106,27658,4894,2255,5,4
2021-05-24T23:59:59+02:00,2,4,1967,1958,3870,4230,5245,6592,7850,9743,13597,14392,15191,15877,8703,10554,2855,5422,717,517,1142,1258,1445,2224,1894,3246,2741,3354,3743,3276,5764,6974,2628,4971,88199,30790,10007,8055,27647,4854,2194,5,3
2021-05-23T23:59:59+02:00,2,4,1958,1946,3851,4208,5227,6579,7798,9712,13521,14329,15180,15873,8701,10553,2854,5422,710,507,1131,1245,1420,2200,1836,3210,2633,3256,3331,2843,5119,6164,2613,4926,87966,30616,9906,5500,27647,4833,2194,5,3
2021-05-22T23:59:59+02:00,2,4,1791,1904,3549,4159,4827,6536,7541,9655,13396,14250,15174,15872,8701,10552,2854,5422,548,476,838,1204,1045,2165,1596,3157,2519,3181,3328,2841,5119,6163,2613,4926,87815,30604,9906,5499,27645,4797,818,5,3
2021-05-21T23:59:59+02:00,2,3,1706,1796,3392,3967,4637,6241,7144,9289,12103,12916,15023,15724,8664,10505,2845,5411,544,464,828,1202,1043,2157,1561,3127,2441,3105,3153,2704,5093,6120,2610,4911,83042,29969,9866,5498,27639,4778,816,5,3
2021-05-20T23:59:59+02:00,2,3,1668,1762,3297,3917,4530,6158,6968,9206,11892,12686,15002,15706,8660,10498,2844,5410,523,449,786,1156,986,2093,1440,3055,2315,3009,2964,2533,5052,6044,2602,4896,82200,29221,9763,5483,27583,4538,659,4,3
2021-05-19T23:59:59+02:00,2,3,1647,1736,3239,3861,4435,6091,6851,9141,11659,12425,14991,15695,8657,10497,2844,5409,514,437,770,1119,969,2024,1330,2907,1989,2715,2401,2038,4947,5926,2580,4849,81379,27155,9624,5468,27556,4270,620,4,3
2021-05-18T23:59:59+02:00,2,3,1586,1703,3150,3771,4322,5987,6691,8982,11367,12168,14946,15647,8645,10474,2842,5399,511,425,754,1103,951,2007,1247,2842,1709,2492,1959,1694,4874,5843,2559,4806,80277,25615,9422,5458,27487,4206,495,4,3
2021-05-17T23:59:59+02:00,2,3,1537,1622,3020,3613,4118,5708,6343,8523,10817,11619,14837,15554,8626,10449,2837,5388,509,417,748,1096,932,2002,1223,2818,1682,2455,1943,1674,4867,5836,2556,4804,77378,25551,9385,5444,27463,4179,386,4,3
2021-05-16T23:59:59+02:00,2,3,1518,1600,2967,3572,4023,5621,6194,8387,10641,11485,14811,15532,8618,10441,2836,5386,502,411,726,1081,902,1986,1194,2790,1649,2431,1936,1665,4864,5832,2553,4802,76632,25521,9326,5426,27433,4133,242,4,3
2021-05-15T23:59:59+02:00,2,3,1432,1502,2757,3406,3794,5344,5835,7915,10288,11190,14726,15470,8599,10412,2830,5377,502,409,722,1079,902,1982,1189,2789,1643,2426,1924,1653,4857,5826,2553,4800,73885,25459,9326,5426,27426,4128,241,4,3
2021-05-14T23:59:59+02:00,2,3,1398,1439,2646,3309,3642,5187,5636,7626,10068,10937,14691,15432,8586,10389,2827,5373,453,368,651,913,829,1696,1061,2379,1461,2101,1890,1613,4854,5818,2552,4796,72240,25396,9307,5424,27403,2376,237,4,3
2021-05-13T23:59:59+02:00,2,3,1341,1371,2544,3225,3473,5050,5417,7420,9841,10758,14665,15403,8576,10386,2825,5370,446,356,624,885,727,1589,961,2294,1197,1887,1171,1033,4633,5583,2544,4763,71077,25276,8994,2881,27373,2312,222,4,3
2021-05-12T23:59:59+02:00,2,3,1334,1361,2527,3219,3455,5036,5396,7407,9826,10747,14663,15399,8574,10384,2824,5370,446,355,623,884,723,1588,956,2294,1193,1881,1152,1024,4620,5545,2510,4694,70961,25075,8970,2881,27371,2309,221,4,3
2021-05-11T23:59:59+02:00,2,2,1292,1319,2454,3137,3341,4909,5200,7260,9539,10439,14615,15341,8562,10364,2820,5361,440,342,605,870,700,1571,928,2270,1167,1855,1097,988,4557,5447,2467,4570,69621,24583,8847,2863,27286,2227,199,4,3
2021-05-10T23:59:59+02:00,2,2,1270,1292,2390,3060,3214,4783,5068,7103,9215,10059,14569,15302,8553,10345,2815,5359,439,340,592,861,686,1556,916,2255,1150,1841,1061,954,4495,5371,2426,4452,68264,24167,8725,2860,27217,2175,191,4,3
2021-05-09T23:59:59+02:00,2,2,1255,1275,2348,3045,3135,4747,5004,7070,9149,10014,14556,15287,8551,10340,2815,5357,431,338,578,856,663,1536,894,2235,1138,1827,1042,938,4482,5333,2410,4409,68025,24004,8649,2858,27169,2141,105,4,3
2021-05-08T23:59:59+02:00,1,2,1253,1271,2334,3033,3117,4736,4964,7055,9125,10006,14555,15287,8551,10339,2815,5357,431,338,577,856,662,1536,894,2234,1137,1826,1042,938,4481,5333,2410,4409,67882,24002,8643,2855,27167,2140,105,4,3
2021-05-07T23:59:59+02:00,1,2,1233,1250,2294,2992,3065,4688,4865,6963,8900,9759,14538,15264,8545,10333,2812,5353,382,312,545,788,625,1374,824,2027,1047,1637,1012,909,4460,5311,2408,4404,66971,23897,8636,2851,27141,1210,105,4,3
2021-05-06T23:59:59+02:00,1,2,1086,1158,2066,2748,2766,4377,4494,6562,8309,9152,14258,15025,8505,10276,2809,5352,381,308,532,769,608,1342,805,1992,1014,1609,985,877,4450,5297,2406,4400,63331,23767,8508,2800,27005,1108,98,4,3
2021-05-05T23:59:59+02:00,1,1,1021,1106,1955,2635,2606,4204,4198,6283,7292,7966,14172,14926,8470,10235,2796,5332,378,305,524,759,593,1332,771,1978,988,1589,912,814,4409,5225,2398,4384,59802,23445,8462,2779,26881,1083,50,4,3
2021-05-04T23:59:59+02:00,1,1,999,1086,1903,2596,2504,4136,3978,6169,7011,7748,13666,14359,8439,10202,2791,5323,375,304,519,755,581,1327,754,1959,972,1582,894,790,4388,5209,2395,4375,57743,23310,8403,2764,26720,1061,42,4,3
2021-05-03T23:59:59+02:00,1,1,967,1049,1841,2543,2398,4025,3777,6051,6651,7446,13130,13733,8402,10164,2784,5308,369,303,517,749,570,1320,745,1948,958,1569,868,766,4370,5191,2389,4362,55312,23198,8377,2753,26577,1040,1,4,3
2021-05-02T23:59:59+02:00,1,1,962,1048,1822,2537,2369,4016,3732,6041,6615,7437,13129,13732,8402,10163,2784,5308,369,303,514,749,569,1318,740,1948,957,1565,866,762,4368,5187,2389,4362,55173,23179,8371,2751,26550,1033,1,4,3
2021-05-01T23:59:59+02:00,1,1,962,1046,1814,2533,2357,4008,3719,6033,6601,7428,13128,13729,8402,10163,2784,5308,369,303,514,749,569,1318,739,1947,955,1565,866,762,4368,5187,2389,4362,55095,23179,8369,2747,26548,1033,1,4,3
2021-04-30T23:59:59+02:00,0,1,946,1041,1794,2517,2336,3973,3682,6000,6522,7374,13033,13625,8401,10158,2781,5296,319,248,473,673,540,1138,708,1724,921,1361,855,744,4364,5184,2389,4362,54597,23165,8368,2742,26510,93,1,4,3
2021-04-29T23:59:59+02:00,0,1,892,1016,1738,2467,2272,3914,3534,5876,6284,7151,12772,13351,8379,10129,2777,5289,312,246,463,666,537,1130,701,1713,910,1351,847,729,4355,5176,2389,4360,53000,23075,8352,2736,26485,71,1,4,3
2021-04-28T23:59:59+02:00,0,1,831,982,1658,2404,2128,3803,3250,5623,5681,6643,11935,12432,8320,10040,2753,5252,311,243,461,659,529,1117,690,1692,900,1344,832,713,4336,5149,2387,4360,48941,22952,8345,2717,26445,51,1,4,3
2021-04-27T23:59:59+02:00,0,1,822,977,1640,2383,2083,3784,3179,5598,5554,6519,11906,12415,8318,10038,2753,5250,310,241,455,657,521,1111,681,1680,890,1338,821,701,4332,5143,2386,4354,48461,22874,8340,2701,26414,43,1,4,3
2021-04-26T23:59:59+02:00,0,1,812,965,1614,2365,2023,3743,3001,5520,5222,6233,11341,11770,8263,9973,2748,5240,308,240,454,656,516,1105,670,1674,881,1327,811,692,4327,5138,2386,4350,46128,22823,8331,2672,26371,38,1,3,2
2021-04-25T23:59:59+02:00,0,1,802,963,1597,2359,1985,3726,2875,5497,5128,6228,11337,11766,8259,9967,2747,5239,307,239,454,656,516,1098,670,1672,878,1325,811,691,4327,5138,2386,4350,45799,22817,8325,2668,26348,31,1,3,2
2021-04-24T23:59:59+02:00,0,1,788,953,1575,2339,1945,3681,2778,5428,4785,5904,10723,11041,8228,9908,2746,5237,307,239,454,656,516,1097,669,1670,877,1325,806,687,4317,5122,2384,4349,43390,22780,8324,2663,26342,30,1,3,2
2021-04-23T23:59:59+02:00,0,1,783,945,1562,2329,1915,3654,2739,5375,4624,5718,10414,10659,8188,9866,2743,5228,307,238,454,656,516,1096,668,1670,875,1325,806,686,4314,5119,2384,4349,42089,22769,8323,2662,26327,30,1,3,2
2021-04-22T23:59:59+02:00,0,1,766,931,1534,2286,1865,3585,2652,5284,4471,5564,10270,10465,8174,9835,2741,5220,307,237,452,645,514,1090,662,1662,869,1316,800,682,4311,5117,2384,4347,41088,22733,8295,2638,26257,22,1,3,2
2021-04-21T23:59:59+02:00,0,1,755,919,1509,2274,1813,3540,2547,5196,4086,5144,9673,9781,8125,9771,2737,5209,305,237,450,644,514,1089,658,1659,864,1311,787,670,4301,5103,2384,4343,38569,22683,8279,2614,26228,20,1,3,2
2021-04-20T23:59:59+02:00,0,1,748,907,1488,2247,1782,3509,2497,5138,3949,5049,9476,9561,8108,9761,2733,5206,305,236,450,643,513,1087,657,1655,861,1305,781,665,4297,5098,2384,4343,37734,22651,8267,2608,26155,20,1,3,1
2021-04-19T23:59:59+02:00,0,1,741,898,1480,2239,1763,3491,2465,5111,3884,4990,9105,9144,8083,9736,2730,5200,305,234,449,639,511,1084,654,1653,857,1301,776,659,4288,5096,2384,4341,36704,22613,8255,2597,26098,20,1,3,1
2021-04-18T23:59:59+02:00,0,1,737,895,1475,2233,1745,3484,2446,5099,3876,4988,9095,9133,8083,9735,2730,5200,304,234,449,636,510,1080,652,1650,854,1301,775,657,4288,5094,2384,4341,36644,22605,8235,2583,26072,20,1,3,1
2021-04-17T23:59:59+02:00,0,1,720,889,1387,2223,1645,3472,2409,5069,3795,4910,8380,8411,8067,9722,2730,5200,304,234,447,634,509,1079,651,1650,853,1298,775,657,4287,5094,2384,4341,36636,22593,8235,2583,24155,20,1,3,1
2021-04-16T23:59:59+02:00,0,1,705,871,1258,2200,1493,3449,2323,5003,3633,4745,7040,6860,8032,9673,2717,5168,304,233,442,626,505,1075,641,1648,849,1288,765,651,4281,5080,2381,4339,35257,22516,8225,2579,21685,12,1,3,1
2021-04-15T23:59:59+02:00,0,1,684,861,1247,2187,1472,3431,2265,4966,3561,4693,6602,6361,7991,9608,2693,5093,297,227,428,615,488,1061,607,1621,814,1258,674,590,3783,4568,2357,4303,33932,22457,8170,1225,21610,8,1,3,1
2021-04-14T23:59:59+02:00,0,1,679,857,1228,2173,1440,3412,2220,4929,3429,4599,5262,4956,7940,9543,2671,5056,289,222,425,609,481,1058,600,1613,809,1255,659,574,3770,4558,2353,4298,30700,22369,8158,1196,21533,7,1,3,1
2021-04-13T23:59:59+02:00,0,1,676,857,1219,2168,1424,3410,2212,4918,3409,4584,5243,4939,7934,9540,2670,5054,289,221,423,607,478,1055,598,1609,798,1252,641,569,3768,4555,2353,4298,30619,22348,8137,1158,21498,7,1,3,1
2021-04-12T23:59:59+02:00,0,1,671,849,1206,2158,1408,3399,2177,4903,3378,4560,5218,4924,7921,9528,2667,5021,288,220,421,607,476,1049,596,1605,790,1244,636,566,3762,4554,2353,4298,30486,22320,8092,1137,21407,7,1,3,1
2021-04-11T23:59:59+02:00,0,1,663,845,1190,2146,1390,3384,2109,4878,3259,4476,4799,4482,7247,8702,2660,5016,288,220,419,607,474,1047,591,1602,786,1242,632,563,3758,4549,2353,4298,30456,22313,5472,1108,21315,7,1,3,1
2021-04-10T23:59:59+02:00,0,1,663,843,1189,2145,1388,3380,2107,4875,3256,4469,4755,4435,7243,8696,2660,5015,283,217,417,596,461,1031,564,1585,754,1217,560,493,3190,3929,2303,4203,30333,20687,5469,1108,21314,7,1,3,1
2021-04-09T23:59:59+02:00,0,1,659,842,1181,2142,1384,3375,2075,4853,3177,4388,4557,4269,7208,8647,2656,4999,273,210,407,582,442,1015,538,1566,733,1194,480,432,2533,3108,2254,4107,29643,18759,5465,1107,21301,7,1,3,1
2021-04-08T23:59:59+02:00,0,1,649,832,1164,2130,1367,3343,2013,4799,3027,4277,3502,3112,6967,8283,2645,4984,260,202,390,564,418,1001,516,1535,700,1172,459,405,2523,3099,2251,4104,28835,18531,5415,1060,18841,7,1,3,1
2021-04-07T23:59:59+02:00,0,1,642,826,1151,2121,1348,3330,1904,4719,2705,4027,2893,2583,6855,8159,2620,4931,246,195,363,540,380,967,473,1501,664,1144,431,381,2462,3035,2246,4096,26650,18077,5394,1041,18767,6,1,3,0
2021-04-06T23:59:59+02:00,0,1,632,817,1112,2114,1324,3312,1786,4668,2426,3859,2440,2234,6777,8068,2598,4893,222,182,329,513,355,948,436,1478,629,1113,396,339,2407,2960,2240,4086,25046,17604,5377,1023,18634,6,1,3,0
2021-04-05T23:59:59+02:00,0,1,629,815,1101,2109,1318,3309,1777,4658,2411,3842,2147,1888,5653,6749,2596,4892,222,182,328,509,349,942,432,1476,625,1109,393,336,2405,2954,2240,4084,25014,17594,5365,986,15513,6,1,2,0
2021-04-04T23:59:59+02:00,0,1,628,814,1101,2109,1318,3308,1777,4658,2409,3840,2146,1885,5653,6745,2596,4892,222,182,327,509,349,942,431,1476,625,1109,393,336,2404,2954,2240,4084,25005,17591,5365,986,15507,6,1,2,0
2021-04-03T23:59:59+02:00,0,1,628,814,1101,2108,1318,3308,1776,4656,2405,3840,2145,1882,5652,6745,2596,4892,222,182,327,509,349,942,431,1476,624,1109,393,336,2404,2954,2240,4084,24999,17590,5361,986,15504,6,1,2,0
2021-04-02T23:59:59+02:00,0,1,628,813,1101,2108,1314,3307,1773,4651,2404,3837,2137,1873,5640,6729,2592,4880,222,182,327,507,349,941,430,1475,623,1098,391,336,2404,2953,2240,4084,24930,17570,5356,986,15499,6,1,2,0
2021-04-01T23:59:59+02:00,0,1,624,802,1079,2089,1216,3212,1682,4582,2145,3629,1404,1284,5430,6516,2582,4850,218,181,327,506,348,940,429,1473,623,1097,388,334,2404,2953,2240,4080,24819,17558,2844,977,15461,6,1,2,0
2021-03-31T23:59:59+02:00,0,1,622,801,1075,2085,1211,3204,1671,4577,2127,3616,1376,1251,5401,6461,2541,4750,217,181,326,505,347,940,429,1472,622,1095,385,331,2400,2952,2238,4078,24493,17543,2830,969,15444,6,1,2,0
2021-03-30T23:59:59+02:00,0,1,620,794,1070,2081,1205,3199,1661,4563,2120,3601,1329,1205,5314,6330,2494,4595,217,180,326,504,344,936,424,1469,615,1084,370,320,2296,2799,2115,3851,23956,16918,2808,926,15416,6,1,1,0
2021-03-29T23:59:59+02:00,0,1,618,792,1067,2073,1195,3193,1654,4551,2107,3588,1292,1174,5250,6235,2440,4461,216,179,324,502,342,934,422,1464,610,1079,363,315,2071,2532,1888,3471,23510,15783,2781,923,15398,6,1,1,0
2021-03-28T23:59:59+02:00,0,1,618,789,1065,2067,1192,3186,1649,4540,2101,3583,1276,1165,5239,6213,2428,4428,214,179,323,499,333,930,419,1457,607,1067,356,303,2066,2518,1887,3468,23400,15755,2763,868,15375,3,1,1,0
2021-03-27T23:59:59+01:00,0,1,565,728,985,1999,1111,3067,1531,4415,1999,3501,1207,1095,4636,5479,2428,4428,212,178,323,499,333,930,415,1455,606,1064,355,303,2065,2517,1887,3468,23383,15739,2758,868,13032,3,1,1,0
2021-03-26T23:59:59+01:00,0,1,562,723,978,1988,1109,3061,1521,4408,1982,3493,1163,1064,4606,5445,2427,4424,211,175,323,497,330,929,413,1454,601,1057,347,298,1659,1980,1461,2741,23187,13611,2748,862,13018,3,1,1,0
2021-03-25T23:59:59+01:00,0,1,559,717,965,1980,1106,3052,1514,4396,1967,3483,1153,1054,4598,5440,2427,4422,210,172,321,496,328,924,410,1448,597,1048,343,294,1562,1858,1424,2665,23141,13258,2740,839,12951,3,1,1,0
2021-03-24T23:59:59+01:00,0,1,557,711,957,1969,1093,3036,1485,4377,1953,3475,1118,1024,4571,5405,2422,4417,209,172,320,495,324,920,406,1440,587,1030,330,284,1234,1475,1268,2396,23000,12108,2714,779,12855,3,1,1,0
2021-03-23T23:59:59+01:00,0,1,555,706,952,1956,1089,3026,1478,4363,1943,3467,1105,1013,4552,5391,2422,4413,208,172,318,492,315,917,405,1440,581,1026,322,277,995,1209,1152,2216,22925,11285,2705,757,12800,3,1,1,0
2021-03-22T23:59:59+01:00,0,1,554,697,947,1942,1083,3017,1469,4347,1929,3457,1102,1009,4547,5390,2422,4413,207,172,317,490,314,915,402,1437,578,1022,318,273,994,1205,1152,2213,22900,11269,2689,737,12735,3,1,1,0
2021-03-21T23:59:59+01:00,0,1,551,694,944,1934,1080,3013,1461,4334,1917,3450,1099,1008,4547,5388,2422,4413,206,172,317,489,312,911,402,1432,572,1020,308,268,990,1200,1151,2213,22896,11266,2676,694,12682,3,1,1,0
2021-03-20T23:59:59+01:00,0,1,546,687,939,1917,1063,2996,1433,4316,1883,3421,1028,937,3962,4749,2370,4314,206,172,317,489,312,911,402,1432,572,1020,308,268,990,1200,1150,2212,21225,11264,2675,694,12660,3,1,1,0
2021-03-19T23:59:59+01:00,0,1,537,678,921,1889,1037,2976,1397,4291,1857,3390,942,873,3282,3912,2319,4215,203,172,315,489,311,908,400,1430,568,1013,305,267,977,1187,1119,2172,19235,11241,2664,592,12616,3,1,1,0
2021-03-18T23:59:59+01:00,0,1,524,666,904,1863,1014,2950,1357,4250,1813,3337,844,809,2766,3383,2296,4181,198,170,312,485,308,898,396,1424,566,1008,302,260,871,1090,1006,1979,19156,10855,1263,415,12537,3,1,1,0
2021-03-17T23:59:59+01:00,0,1,522,656,895,1843,1001,2929,1334,4228,1795,3321,814,784,2680,3293,2290,4176,196,169,310,483,305,897,389,1420,563,1004,299,255,628,815,700,1528,18850,9927,1224,34,12487,0,1,0,0
2021-03-16T23:59:59+01:00,0,1,520,647,886,1822,980,2913,1317,4216,1771,3305,785,773,2632,3212,2288,4171,196,169,308,483,303,894,386,1418,560,999,293,251,380,574,509,1217,18642,8913,1184,28,12413,0,0,0,0
2021-03-15T23:59:59+01:00,0,1,520,637,881,1802,969,2891,1312,4209,1763,3296,779,769,2629,3211,2288,4171,195,169,307,482,302,894,386,1417,557,999,293,251,380,573,508,1217,18627,8906,1161,25,12340,0,0,0,0
2021-03-14T23:59:59+01:00,0,1,519,631,874,1790,962,2884,1302,4196,1753,3283,774,765,2624,3208,2288,4171,195,169,306,482,301,892,384,1415,557,999,292,251,380,573,508,1217,18622,8903,1131,19,12272,0,0,0,0
2021-03-13T23:59:59+01:00,0,1,498,580,781,1528,831,2501,1108,3632,1471,2855,695,677,2521,3082,2287,4170,195,169,306,482,301,892,384,1415,557,999,292,251,380,573,508,1217,18618,8903,1131,19,9469,0,0,0,0
2021-03-12T23:59:59+01:00,0,1,483,497,717,1259,740,2104,936,2944,1224,2261,554,525,2477,3037,2287,4170,195,167,306,482,301,890,383,1415,557,996,292,250,367,552,459,1151,18589,8744,1130,19,6497,0,0,0,0
2021-03-11T23:59:59+01:00,0,1,459,461,683,1188,693,1998,876,2798,1142,2149,498,465,2463,3025,2286,4168,195,167,305,480,300,889,383,1412,556,996,292,249,354,535,410,1106,18392,8613,1082,16,5879,0,0,0,0
2021-03-10T23:59:59+01:00,0,1,445,451,649,1154,653,1965,834,2762,1109,2120,479,449,2449,3005,2285,4164,191,165,301,473,300,888,378,1406,550,989,288,243,229,436,177,837,18115,7841,1062,10,5797,0,0,0,0
2021-03-09T23:59:59+01:00,0,1,429,434,618,1124,630,1945,811,2734,1087,2096,457,428,2355,2862,2159,3932,191,165,299,471,299,887,377,1403,550,986,286,242,229,436,176,836,17346,7833,1045,0,5711,0,0,0,0
2021-03-08T23:59:59+01:00,0,1,416,413,596,1094,612,1923,795,2709,1065,2070,435,400,2124,2587,1930,3550,191,164,299,469,298,882,377,1397,550,984,285,240,229,435,176,836,16096,7812,1016,0,5608,0,0,0,0
2021-03-07T23:59:59+01:00,0,1,415,412,589,1076,598,1915,792,2696,1060,2060,434,399,2119,2579,1929,3547,191,164,298,468,298,881,377,1394,550,983,285,240,229,435,176,836,16068,7805,1006,0,5547,0,0,0,0
2021-03-06T23:59:59+01:00,0,1,415,409,586,1063,595,1913,785,2689,1056,2053,433,399,2119,2579,1929,3547,191,164,298,468,298,881,377,1394,550,982,284,240,229,435,176,836,16060,7803,1006,0,5505,0,0,0,0
2021-03-05T23:59:59+01:00,0,1,409,394,580,1051,590,1904,780,2679,1049,2045,419,391,1695,2016,1496,2796,188,159,294,468,295,879,375,1391,548,978,284,240,229,435,176,836,13832,7775,1006,0,5457,0,0,0,0
2021-03-04T23:59:59+01:00,0,1,399,369,552,1012,571,1847,750,2625,1028,1996,415,387,1602,1898,1456,2719,177,151,283,457,294,871,373,1377,546,974,283,240,229,435,176,836,13475,7702,1000,0,5152,0,0,0,0
2021-03-03T23:59:59+01:00,0,1,396,363,545,981,553,1815,726,2577,1010,1956,407,381,1278,1520,1297,2445,176,150,282,456,293,870,369,1370,543,967,281,238,228,434,174,831,12315,7662,991,0,4945,0,0,0,0
2021-03-02T23:59:59+01:00,0,1,392,358,537,947,539,1795,717,2553,999,1937,396,371,1031,1251,1177,2262,176,148,281,446,289,864,369,1361,543,961,281,238,228,434,174,831,11483,7624,954,0,4826,0,0,0,0
2021-03-01T23:59:59+01:00,0,1,390,351,528,924,520,1764,708,2529,989,1920,392,364,1030,1244,1177,2258,176,146,281,437,286,854,366,1346,540,955,279,236,227,433,174,831,11463,7567,919,0,4707,0,0,0,0
2021-02-28T23:59:59+01:00,0,1,385,348,525,916,512,1753,704,2517,984,1905,387,359,1030,1242,1177,2258,174,145,281,436,286,853,366,1346,539,955,279,236,227,433,174,831,11457,7561,891,0,4655,0,0,0,0
2021-02-27T23:59:59+01:00,0,1,384,346,520,909,510,1747,701,2508,981,1903,386,358,1030,1242,1176,2258,174,145,281,436,286,853,366,1346,538,955,279,236,227,433,174,831,11456,7560,891,0,4613,0,0,0,0
2021-02-26T23:59:59+01:00,0,1,337,300,452,737,434,1439,574,2091,810,1562,358,328,1030,1239,1176,2258,174,143,281,432,284,845,364,1338,536,952,279,236,227,433,174,831,11445,7529,880,0,2801,0,0,0,0
2021-02-25T23:59:59+01:00,0,1,317,291,441,716,422,1403,559,2043,791,1530,350,320,944,1147,1102,2132,123,130,261,427,275,833,352,1322,531,945,279,234,227,433,174,831,11034,7377,849,0,2626,0,0,0,0
2021-02-24T23:59:59+01:00,0,1,312,285,436,700,415,1368,543,1995,769,1486,343,307,735,913,915,1824,123,124,259,421,272,823,350,1309,524,939,277,232,225,432,174,829,10087,7313,808,0,2452,0,0,0,0
2021-02-23T23:59:59+01:00,0,1,310,273,428,687,404,1344,535,1961,750,1467,329,297,484,667,722,1518,123,123,258,419,270,817,350,1303,523,931,276,231,224,432,172,828,9080,7280,763,0,2334,0,0,0,0
2021-02-22T23:59:59+01:00,0,1,310,272,427,680,403,1339,531,1950,745,1463,329,295,483,665,722,1517,123,118,253,409,269,800,346,1278,518,923,272,230,224,432,172,828,9075,7195,752,0,2305,0,0,0,0
2021-02-21T23:59:59+01:00,0,1,307,271,425,674,400,1330,528,1942,739,1459,318,290,479,660,720,1517,123,118,252,408,269,797,343,1275,510,920,271,229,223,431,171,817,9070,7157,710,0,2280,0,0,0,0
2021-02-20T23:59:59+01:00,0,1,307,268,425,672,400,1322,527,1933,737,1455,318,290,479,660,720,1517,123,118,252,408,269,797,343,1275,509,920,271,229,223,431,171,817,9070,7156,710,0,2251,0,0,0,0
2021-02-19T23:59:59+01:00,0,0,261,243,393,596,366,1153,469,1720,628,1245,309,274,453,624,640,1409,123,118,252,408,268,797,343,1275,509,920,271,229,223,431,171,817,8851,7155,603,0,1329,0,0,0,0
2021-02-18T23:59:59+01:00,0,0,260,238,385,587,355,1131,456,1702,618,1238,309,272,400,577,530,1278,120,115,248,402,261,790,340,1266,506,919,269,227,223,431,171,817,8669,7105,422,0,1245,0,0,0,0
2021-02-17T23:59:59+01:00,0,0,254,234,373,573,348,1122,433,1686,610,1226,304,265,240,441,186,860,112,102,245,396,256,774,334,1250,500,908,265,224,222,431,171,817,7933,7007,32,0,1190,0,0,0,0
2021-02-16T23:59:59+01:00,0,0,252,232,362,571,339,1113,425,1672,605,1219,301,262,239,440,186,860,83,89,225,370,245,744,316,1210,468,873,243,209,214,411,170,810,7925,6680,28,0,1125,0,0,0,0
2021-02-15T23:59:59+01:00,0,0,250,232,360,566,337,1107,423,1660,602,1213,301,262,239,439,185,860,82,87,221,359,238,732,306,1183,452,850,230,202,201,387,163,753,7918,6446,25,0,1093,0,0,0,0
2021-02-14T23:59:59+01:00,0,0,249,230,354,563,333,1098,419,1654,599,1210,301,262,239,439,185,860,78,85,214,354,235,724,301,1170,448,835,229,200,201,376,163,743,7908,6356,20,0,1067,0,0,0,0
2021-02-13T23:59:59+01:00,0,0,249,230,354,563,333,1098,417,1654,599,1209,300,262,239,439,185,860,78,85,214,354,235,724,301,1170,448,835,229,200,201,376,163,743,7906,6356,20,0,1065,0,0,0,0
2021-02-12T23:59:59+01:00,0,0,193,169,306,485,306,901,384,1416,562,995,292,247,238,439,185,860,75,84,211,353,233,721,295,1166,445,830,225,197,201,374,163,743,7893,6316,20,0,65,0,0,0,0
2021-02-11T23:59:59+01:00,0,0,191,168,300,474,302,887,378,1397,552,987,292,247,238,439,185,860,74,81,200,327,223,677,275,1115,427,780,224,194,201,369,163,740,7853,6070,17,0,27,0,0,0,0
2021-02-10T23:59:59+01:00,0,0,189,161,296,470,299,882,372,1386,548,979,290,245,236,438,185,858,69,75,183,299,212,617,258,1030,402,727,215,179,187,339,148,689,7810,5629,11,0,13,0,0,0,0
2021-02-09T23:59:59+01:00,0,0,184,154,292,462,298,873,372,1376,546,970,287,244,236,438,184,857,60,60,145,236,183,512,220,838,346,592,194,153,165,303,138,612,7765,4757,2,0,6,0,0,0,0
2021-02-08T23:59:59+01:00,0,0,178,147,288,450,293,863,368,1356,539,963,283,240,235,437,182,853,33,47,100,146,134,285,161,458,252,386,163,125,136,245,113,508,7667,3292,2,0,6,0,0,0,0
2021-02-07T23:59:59+01:00,0,0,176,145,285,449,292,861,367,1355,538,962,282,239,235,437,182,853,19,40,82,124,129,264,152,424,236,360,153,120,126,234,106,470,7657,3039,1,0,0,0,0,0,0
2021-02-06T23:59:59+01:00,0,0,176,145,285,449,292,861,367,1355,538,962,282,239,235,437,182,853,19,37,80,121,119,249,141,407,205,339,138,116,125,229,105,459,7657,2889,1,0,0,0,0,0,0
2021-02-05T23:59:59+01:00,0,0,176,143,285,445,291,850,365,1347,534,959,282,238,235,437,182,852,18,33,76,116,112,235,135,380,188,321,133,111,121,224,97,442,7620,2742,1,0,0,0,0,0,0
2021-02-04T23:59:59+01:00,0,0,168,138,284,441,284,841,361,1336,525,950,281,236,234,436,182,850,11,20,50,78,83,178,113,289,155,263,115,97,109,206,87,398,7547,2252,0,0,0,0,0,0,0
2021-02-03T23:59:59+01:00,0,0,150,131,274,435,281,834,359,1325,525,948,281,236,233,436,182,849,11,18,42,67,74,143,89,257,134,222,96,83,94,177,79,350,7479,1936,0,0,0,0,0,0,0
2021-02-02T23:59:59+01:00,0,0,130,126,262,433,278,826,354,1319,524,941,280,236,232,436,181,848,11,15,34,61,62,121,74,212,103,172,64,58,69,114,54,225,7406,1449,0,0,0,0,0,0,0
2021-02-01T23:59:59+01:00,0,0,125,121,257,418,276,809,352,1294,518,929,275,234,232,436,181,848,4,9,19,33,31,66,45,118,59,71,29,29,29,48,29,109,7305,728,0,0,0,0,0,0,0
2021-01-31T23:59:59+01:00,0,0,124,118,255,415,275,805,349,1288,513,927,275,231,231,435,181,848,4,6,14,23,26,47,32,72,39,43,15,9,14,28,23,63,7270,458,0,0,0,0,0,0,0
2021-01-30T23:59:59+01:00,0,0,124,118,255,415,275,804,349,1287,512,927,275,231,231,435,181,848,4,6,13,20,23,40,27,64,36,41,15,9,14,28,23,63,7267,426,0,0,0,0,0,0,0
2021-01-29T23:59:59+01:00,0,0,124,118,255,415,274,804,349,1287,512,927,275,231,231,435,181,848,4,6,7,18,21,31,22,56,32,38,15,9,14,27,22,62,7266,384,0,0,0,0,0,0,0
2021-01-28T23:59:59+01:00,0,0,122,115,251,408,270,797,346,1280,508,926,275,231,231,435,181,848,1,3,2,8,13,13,12,27,12,23,11,5,7,14,7,25,7224,183,0,0,0,0,0,0,0
2021-01-27T23:59:59+01:00,0,0,114,105,249,403,267,788,341,1273,502,919,270,228,230,434,181,848,0,0,1,4,9,11,8,20,10,17,10,5,7,14,7,25,7152,148,0,0,0,0,0,0,0
2021-01-26T23:59:59+01:00,0,0,87,93,231,386,259,763,328,1235,476,888,250,216,220,416,181,840,0,0,1,4,9,11,8,20,10,17,10,5,7,14,7,25,6869,148,0,0,0,0,0,0,0
2021-01-25T23:59:59+01:00,0,0,84,88,229,366,246,744,314,1202,458,863,233,209,209,394,176,784,0,0,1,4,9,9,7,13,7,13,10,5,7,14,7,25,6599,131,0,0,0,0,0,0,0
2021-01-24T23:59:59+01:00,0,0,84,86,225,362,245,739,311,1189,456,848,232,207,209,383,176,773,0,0,1,4,9,9,7,13,7,13,10,5,7,14,7,25,6525,131,0,0,0,0,0,0,0
2021-01-23T23:59:59+01:00,0,0,84,86,225,362,245,739,311,1189,456,848,232,207,209,383,176,773,0,0,1,4,9,9,7,13,7,13,10,5,7,14,7,25,6525,131,0,0,0,0,0,0,0
2021-01-22T23:59:59+01:00,0,0,84,85,223,360,245,736,308,1185,452,845,231,206,209,382,176,773,0,0,1,4,9,9,7,13,7,13,10,5,7,14,7,25,6500,131,0,0,0,0,0,0,0
2021-01-21T23:59:59+01:00,0,0,84,82,209,331,235,692,283,1136,437,811,230,202,208,376,175,770,0,0,1,2,7,8,6,12,6,11,10,5,7,14,7,25,6261,121,0,0,0,0,0,0,0
2021-01-20T23:59:59+01:00,0,0,78,76,194,308,223,626,269,1043,408,750,221,190,193,345,161,718,0,0,1,2,7,8,6,12,6,11,10,5,7,14,7,25,5803,121,0,0,0,0,0,0,0
2021-01-19T23:59:59+01:00,0,0,70,66,155,259,203,563,243,920,367,641,200,164,167,303,147,628,0,0,1,2,3,7,6,11,4,9,7,4,7,14,7,25,5096,107,0,0,0,0,0,0,0
2021-01-18T23:59:59+01:00,0,0,58,59,132,216,182,460,216,762,327,548,181,143,142,252,125,539,0,0,0,1,2,4,3,6,2,7,6,4,7,14,7,23,4342,86,0,0,0,0,0,0,0
2021-01-17T23:59:59+01:00,0,0,39,47,108,186,167,401,199,676,302,493,172,136,129,235,108,479,0,0,0,0,2,4,2,6,2,5,4,4,7,14,6,23,3877,79,0,0,0,0,0,0,0
2021-01-16T23:59:59+01:00,0,0,32,44,108,183,157,385,184,656,271,471,156,131,128,229,107,467,0,0,0,0,0,0,0,0,0,0,0,0,0,0,0,0,3709,0,0,0,0,0,0,0,0
2021-01-15T23:59:59+01:00,0,0,30,40,104,178,146,371,178,626,252,449,151,122,124,223,98,449,0,0,0,0,0,0,0,0,0,0,0,0,0,0,0,0,3541,0,0,0,0,0,0,0,0
2021-01-14T23:59:59+01:00,0,0,13,23,51,78,84,174,114,289,147,260,123,103,110,204,86,404,0,0,0,0,0,0,0,0,0,0,0,0,0,0,0,0,2263,0,0,0,0,0,0,0,0
2021-01-13T23:59:59+01:00,0,0,12,20,41,67,76,139,92,259,122,223,94,81,90,163,68,323,0,0,0,0,0,0,0,0,0,0,0,0,0,0,0,0,1870,0,0,0,0,0,0,0,0
2021-01-12T23:59:59+01:00,0,0,12,15,37,63,63,115,77,210,93,169,61,53,60,97,40,188,0,0,0,0,0,0,0,0,0,0,0,0,0,0,0,0,1353,0,0,0,0,0,0,0,0
2021-01-11T23:59:59+01:00,0,0,4,10,26,45,39,83,56,141,58,85,32,28,25,40,19,81,0,0,0,0,0,0,0,0,0,0,0,0,0,0,0,0,772,0,0,0,0,0,0,0,0
2021-01-10T23:59:59+01:00,0,0,3,6,19,32,34,58,38,94,37,53,15,8,8,19,13,34,0,0,0,0,0,0,0,0,0,0,0,0,0,0,0,0,471,0,0,0,0,0,0,0,0
2021-01-09T23:59:59+01:00,0,0,3,6,18,28,33,54,33,84,35,52,15,8,8,19,13,34,0,0,0,0,0,0,0,0,0,0,0,0,0,0,0,0,443,0,0,0,0,0,0,0,0
2021-01-08T23:59:59+01:00,0,0,3,6,15,26,29,43,27,75,31,48,14,8,7,17,12,33,0,0,0,0,0,0,0,0,0,0,0,0,0,0,0,0,394,0,0,0,0,0,0,0,0
2021-01-07T23:59:59+01:00,0,0,1,4,2,9,15,13,14,28,13,24,11,6,7,15,9,26,0,0,0,0,0,0,0,0,0,0,0,0,0,0,0,0,197,0,0,0,0,0,0,0,0
2021-01-06T23:59:59+01:00,0,0,1,0,2,4,13,11,9,22,11,19,11,6,7,15,9,26,0,0,0,0,0,0,0,0,0,0,0,0,0,0,0,0,166,0,0,0,0,0,0,0,0
2021-01-05T23:59:59+01:00,0,0,0,0,1,4,12,11,8,20,10,19,10,6,7,15,9,26,0,0,0,0,0,0,0,0,0,0,0,0,0,0,0,0,158,0,0,0,0,0,0,0,0
2021-01-04T23:59:59+01:00,0,0,0,0,1,4,12,10,7,16,8,17,10,6,7,15,9,26,0,0,0,0,0,0,0,0,0,0,0,0,0,0,0,0,148,0,0,0,0,0,0,0,0
2021-01-03T23:59:59+01:00,0,0,0,0,1,4,11,9,7,13,6,14,10,6,7,15,9,26,0,0,0,0,0,0,0,0,0,0,0,0,0,0,0,0,138,0,0,0,0,0,0,0,0
2021-01-02T23:59:59+01:00,0,0,0,0,1,4,11,9,7,13,6,14,10,6,7,15,9,26,0,0,0,0,0,0,0,0,0,0,0,0,0,0,0,0,138,0,0,0,0,0,0,0,0
2021-01-01T23:59:59+01:00,0,0,0,0,1,4,11,9,7,13,6,14,10,6,7,15,9,26,0,0,0,0,0,0,0,0,0,0,0,0,0,0,0,0,138,0,0,0,0,0,0,0,0
2020-12-31T23:59:59+01:00,0,0,0,0,1,4,11,9,7,13,6,14,10,6,7,15,9,26,0,0,0,0,0,0,0,0,0,0,0,0,0,0,0,0,138,0,0,0,0,0,0,0,0
2020-12-30T23:59:59+01:00,0,0,0,0,1,4,11,9,7,13,6,14,10,6,7,15,9,26,0,0,0,0,0,0,0,0,0,0,0,0,0,0,0,0,138,0,0,0,0,0,0,0,0
2020-12-29T23:59:59+01:00,0,0,0,0,1,4,8,9,7,13,4,12,10,6,7,15,9,26,0,0,0,0,0,0,0,0,0,0,0,0,0,0,0,0,131,0,0,0,0,0,0,0,0
2020-12-28T23:59:59+01:00,0,0,0,0,1,1,5,7,7,7,2,9,10,6,7,15,9,26,0,0,0,0,0,0,0,0,0,0,0,0,0,0,0,0,112,0,0,0,0,0,0,0,0
2020-12-27T23:59:59+01:00,0,0,0,0,0,0,2,4,2,6,1,6,4,5,7,15,8,25,0,0,0,0,0,0,0,0,0,0,0,0,0,0,0,0,85,0,0,0,0,0,0,0,0
