Datum,<15_m,<15_w,15-24_1_m,15-24_1_w,25-34_1_m,25-34_1_w,35-44_1_m,35-44_1_w,45-54_1_m,45-54_1_w,55-64_1_m,55-64_1_w,65-74_1_m,65-74_1_w,75-84_1_m,75-84_1_w,>84_1_m,>84_1_w,<24_2_m,<24_2_w,25-34_2_m,25-34_2_w,35-44_2_m,35-44_2_w,45-54_2_m,45-54_2_w,55-64_2_m,55-64_2_w,65-74_2_m,65-74_2_w,75-84_2_m,75-84_2_w,>84_2_m,>84_2_w,bp_1,bp_2,mo_1,mo_2,az_1,az_2,ja,unb_1,unb_2
2021-10-23T23:59:59+02:00,1988,1929,10285,9668,11230,10573,13780,14199,17758,18122,20948,20884,16495,17189,9192,11171,2970,5708,9561,9069,10719,9939,13211,13570,17166,17488,20407,20322,16174,16847,9020,10946,2876,5544,153573,147131,20459,19742,27875,27120,12188,9,9
2021-10-22T23:59:59+02:00,1976,1916,10252,9644,11213,10542,13740,14179,17736,18099,20923,20864,16488,17187,9191,11169,2970,5708,9543,9059,10712,9928,13202,13558,17163,17480,20403,20319,16171,16842,9019,10946,2875,5541,153292,147025,20457,19742,27875,27120,12179,9,9
2021-10-21T23:59:59+02:00,1971,1913,10246,9638,11198,10533,13727,14176,17728,18094,20920,20863,16487,17186,9189,11169,2970,5707,9532,9052,10707,9917,13198,13545,17156,17473,20399,20312,16169,16841,9018,10944,2875,5541,153217,146936,20453,19737,27875,27120,12176,9,9
2021-10-20T23:59:59+02:00,1963,1904,10227,9629,11187,10515,13716,14168,17723,18086,20912,20859,16484,17183,9187,11166,2970,5707,9507,9017,10693,9897,13180,13525,17136,17456,20385,20299,16167,16835,9016,10940,2873,5541,153094,146693,20452,19735,27875,27120,12171,9,9
2021-10-19T23:59:59+02:00,1959,1898,10219,9622,11179,10505,13709,14163,17717,18082,20905,20855,16483,17181,9187,11166,2969,5706,9466,8973,10663,9868,13158,13499,17109,17433,20374,20288,16158,16822,9010,10937,2873,5540,153019,146359,20450,19735,27875,27120,12167,9,9
2021-10-18T23:59:59+02:00,1953,1881,10193,9604,11164,10489,13701,14150,17703,18074,20895,20847,16477,17176,9183,11160,2967,5700,9436,8934,10638,9842,13135,13470,17087,17418,20357,20274,16149,16814,9002,10927,2872,5536,152833,146037,20449,19733,27875,27120,12166,9,9
2021-10-17T23:59:59+02:00,1953,1880,10187,9603,11162,10485,13698,14148,17701,18070,20892,20846,16474,17176,9182,11160,2965,5698,9434,8929,10631,9840,13133,13469,17082,17413,20355,20273,16148,16813,9002,10926,2872,5536,152799,146003,20448,19731,27875,27120,12164,9,9
2021-10-16T23:59:59+02:00,1949,1876,10179,9597,11157,10485,13692,14136,17698,18068,20887,20844,16472,17172,9180,11159,2965,5697,9434,8928,10630,9840,13132,13468,17082,17411,20354,20273,16148,16813,9002,10926,2872,5536,152733,145997,20448,19731,27875,27120,12163,9,9
2021-10-15T23:59:59+02:00,1946,1872,10172,9584,11150,10478,13684,14124,17689,18055,20882,20832,16471,17171,9179,11158,2965,5696,9418,8914,10620,9833,13123,13461,17078,17406,20349,20268,16145,16813,9002,10926,2871,5536,152631,145904,20448,19730,27875,27120,12160,9,9
2021-10-14T23:59:59+02:00,1941,1865,10161,9573,11142,10464,13667,14118,17683,18045,20871,20824,16468,17168,9179,11155,2964,5694,9408,8901,10612,9822,13114,13453,17073,17401,20339,20260,16139,16807,8999,10925,2871,5536,152543,145811,20421,19721,27875,27120,12149,9,9
2021-10-13T23:59:59+02:00,1937,1854,10147,9554,11128,10457,13653,14108,17668,18034,20864,20816,16465,17160,9173,11147,2961,5692,9397,8882,10598,9809,13101,13439,17061,17390,20334,20250,16137,16801,8994,10916,2870,5533,152423,145731,20379,19640,27875,27119,12147,9,9
2021-10-12T23:59:59+02:00,1927,1845,10132,9541,11118,10440,13647,14103,17666,18028,20858,20813,16462,17157,9171,11146,2961,5692,9368,8859,10589,9794,13088,13423,17048,17380,20324,20242,16128,16792,8989,10908,2869,5525,152382,145605,20310,19559,27875,27119,12146,9,9
2021-10-11T23:59:59+02:00,1918,1836,10112,9526,11099,10431,13634,14095,17656,18012,20850,20803,16456,17155,9168,11142,2960,5690,9335,8819,10567,9763,13065,13395,17034,17365,20312,20233,16119,16788,8986,10904,2868,5521,152281,145455,20252,19407,27875,27119,12141,9,9
2021-10-10T23:59:59+02:00,1917,1831,10102,9519,11095,10424,13624,14088,17648,18004,20840,20798,16456,17155,9165,11139,2960,5690,9328,8815,10559,9759,13059,13390,17029,17362,20307,20233,16118,16788,8984,10901,2868,5519,152256,145411,20193,19397,27875,27119,12137,9,9
2021-10-09T23:59:59+02:00,1917,1831,10102,9519,11094,10424,13624,14088,17647,18004,20840,20798,16456,17155,9165,11139,2960,5690,9325,8811,10559,9757,13058,13389,17027,17362,20306,20232,16118,16788,8984,10901,2868,5519,152255,145398,20192,19394,27875,27119,12137,9,9
2021-10-08T23:59:59+02:00,1908,1822,10087,9512,11085,10418,13614,14077,17637,17997,20831,20793,16449,17149,9164,11136,2959,5689,9319,8801,10554,9751,13053,13382,17025,17360,20305,20231,16116,16787,8984,10900,2868,5519,152131,145342,20192,19390,27875,27119,12135,9,9
2021-10-07T23:59:59+02:00,1896,1808,10057,9479,11057,10391,13585,14059,17629,17984,20813,20780,16443,17144,9161,11132,2958,5687,9306,8782,10546,9735,13047,13371,17020,17351,20297,20226,16112,16784,8980,10897,2868,5518,151888,145231,20187,19388,27875,27119,12119,9,9
2021-10-06T23:59:59+02:00,1878,1784,10032,9459,11041,10375,13570,14039,17622,17972,20801,20771,16439,17139,9158,11131,2958,5686,9264,8719,10523,9698,13013,13333,16994,17324,20277,20207,16101,16775,8975,10893,2868,5514,151689,144780,20183,19387,27875,27119,12111,9,9
2021-10-05T23:59:59+02:00,1868,1772,10019,9437,11031,10358,13556,14023,17613,17963,20791,20766,16435,17133,9157,11131,2957,5686,9244,8694,10508,9677,13003,13321,16986,17308,20265,20198,16095,16771,8972,10887,2864,5510,151551,144585,20183,19387,27875,27119,12090,9,9
2021-10-04T23:59:59+02:00,1856,1762,9994,9423,11020,10342,13542,14011,17602,17949,20779,20753,16434,17130,9155,11129,2956,5686,9222,8673,10488,9654,12999,13311,16977,17289,20256,20178,16093,16767,8970,10885,2863,5510,151400,144405,20178,19387,27875,27118,12073,9,9
2021-10-03T23:59:59+02:00,1850,1757,9987,9417,11009,10332,13537,14005,17595,17944,20771,20749,16431,17125,9153,11128,2956,5686,9214,8664,10475,9647,12995,13306,16973,17282,20247,20174,16091,16765,8970,10884,2863,5510,151340,144353,20178,19387,27875,27118,12042,9,9
2021-10-02T23:59:59+02:00,1850,1757,9985,9414,11007,10330,13534,14005,17595,17944,20769,20747,16430,17124,9153,11128,2956,5686,9213,8662,10472,9644,12993,13304,16973,17282,20246,20172,16090,16763,8970,10884,2863,5510,151332,144345,20178,19386,27875,27118,12032,9,9
2021-10-01T23:59:59+02:00,1847,1753,9971,9399,10998,10315,13525,13997,17586,17937,20764,20743,16426,17120,9151,11127,2954,5684,9196,8644,10458,9633,12991,13293,16962,17275,20237,20165,16089,16763,8969,10879,2862,5508,151233,144221,20177,19386,27875,27118,12015,9,9
2021-09-30T23:59:59+02:00,1844,1750,9955,9391,10986,10305,13515,13980,17578,17925,20756,20737,16426,17119,9149,11125,2953,5683,9173,8636,10446,9622,12984,13281,16952,17271,20231,20161,16087,16763,8966,10879,2862,5508,151160,144154,20175,19383,27875,27118,11970,9,9
2021-09-29T23:59:59+02:00,1831,1716,9927,9355,10962,10280,13501,13960,17563,17913,20737,20727,16419,17111,9147,11122,2952,5680,9163,8621,10433,9607,12981,13267,16947,17258,20221,20153,16081,16754,8963,10876,2861,5507,150904,144026,20175,19382,27875,27118,11952,9,9
2021-09-28T23:59:59+02:00,1804,1692,9874,9302,10941,10244,13471,13933,17535,17883,20720,20707,16410,17098,9143,11113,2951,5677,9144,8591,10420,9585,12963,13254,16937,17246,20208,20141,16072,16745,8957,10869,2861,5506,150526,143821,20175,19381,27874,27118,11926,9,9
2021-09-27T23:59:59+02:00,1787,1679,9849,9284,10916,10222,13452,13906,17517,17863,20711,20700,16404,17093,9139,11110,2951,5675,9125,8569,10398,9565,12943,13228,16922,17229,20197,20132,16068,16742,8955,10866,2861,5505,150357,143671,20167,19376,27874,27116,11863,9,9
2021-09-26T23:59:59+02:00,1780,1673,9838,9275,10900,10210,13442,13898,17511,17857,20701,20699,16402,17089,9139,11109,2950,5675,9120,8561,10390,9561,12934,13223,16918,17224,20190,20130,16066,16740,8955,10866,2861,5505,150277,143637,20166,19376,27874,27115,11834,9,9
2021-09-25T23:59:59+02:00,1780,1672,9835,9274,10899,10210,13440,13897,17511,17857,20701,20699,16402,17088,9139,11109,2950,5675,9120,8558,10388,9561,12933,13221,16918,17224,20190,20130,16066,16739,8955,10866,2861,5505,150272,143633,20166,19376,27874,27115,11829,9,9
2021-09-24T23:59:59+02:00,1772,1656,9818,9262,10895,10200,13436,13886,17508,17853,20698,20695,16399,17087,9139,11109,2949,5675,9103,8545,10382,9550,12929,13217,16912,17218,20189,20126,16064,16737,8954,10866,2861,5505,150183,143550,20164,19376,27874,27115,11819,9,9
2021-09-23T23:59:59+02:00,1769,1654,9755,9220,10785,10136,13337,13812,17423,17787,20645,20648,16375,17069,9132,11098,2949,5672,9045,8507,10273,9491,12838,13156,16831,17156,20138,20082,16041,16716,8946,10854,2861,5502,150106,143521,20162,19373,27874,27115,11126,9,9
2021-09-22T23:59:59+02:00,1747,1637,9726,9187,10770,10107,13311,13781,17395,17764,20630,20626,16371,17061,9130,11091,2946,5671,9020,8492,10252,9474,12823,13141,16812,17146,20127,20077,16035,16714,8943,10848,2859,5499,149820,143351,20158,19370,27874,27115,11101,9,9
2021-09-21T23:59:59+02:00,1716,1606,9670,9121,10735,10072,13284,13739,17365,17741,20616,20616,16359,17047,9126,11089,2944,5666,8986,8460,10236,9456,12801,13114,16786,17116,20117,20067,16025,16707,8938,10845,2859,5497,149399,143069,20156,19368,27873,27115,11086,9,9
2021-09-20T23:59:59+02:00,1684,1582,9614,9068,10687,10022,13248,13698,17344,17722,20592,20598,16349,17040,9117,11077,2943,5662,8951,8433,10217,9433,12774,13091,16765,17098,20100,20048,16017,16698,8931,10838,2857,5496,148996,142824,20154,19367,27873,27114,11026,9,9
2021-09-19T23:59:59+02:00,1683,1581,9610,9060,10680,10017,13240,13696,17336,17716,20585,20594,16347,17037,9116,11075,2940,5659,8945,8427,10213,9431,12770,13089,16762,17096,20097,20044,16016,16698,8931,10838,2857,5495,148942,142802,20151,19365,27873,27113,11008,9,9
2021-09-18T23:59:59+02:00,1683,1581,9610,9059,10678,10013,13237,13692,17333,17716,20584,20594,16347,17037,9116,11075,2940,5659,8943,8424,10211,9429,12769,13086,16758,17095,20096,20044,16016,16698,8931,10838,2857,5495,148936,142793,20151,19365,27873,27113,10996,9,9
2021-09-17T23:59:59+02:00,1677,1571,9593,9036,10666,9997,13221,13679,17322,17705,20579,20583,16345,17035,9115,11073,2939,5658,8936,8418,10205,9423,12760,13081,16754,17090,20093,20035,16016,16696,8930,10837,2857,5495,148821,142769,20149,19365,27873,27112,10953,9,9
2021-09-16T23:59:59+02:00,1673,1570,9576,9020,10650,9981,13210,13666,17310,17696,20567,20572,16344,17031,9112,11070,2939,5656,8930,8412,10197,9416,12752,13075,16746,17085,20083,20030,16016,16695,8930,10834,2857,5493,148717,142740,20146,19362,27872,27109,10910,9,9
2021-09-15T23:59:59+02:00,1660,1555,9549,8993,10626,9961,13181,13638,17291,17672,20550,20554,16338,17024,9103,11062,2939,5652,8883,8373,10166,9375,12719,13035,16721,17065,20054,20010,16009,16683,8925,10831,2857,5491,148550,142404,20078,19350,27872,27106,10850,9,9
2021-09-14T23:59:59+02:00,1648,1545,9515,8962,10610,9941,13162,13615,17268,17654,20536,20540,16321,17011,9093,11051,2935,5640,8849,8340,10150,9358,12710,13012,16705,17046,20037,19990,16005,16676,8922,10824,2856,5487,148349,142163,20000,19349,27872,27106,10828,9,9
2021-09-13T23:59:59+02:00,1615,1509,9471,8907,10584,9907,13139,13572,17247,17635,20514,20527,16315,17005,9090,11045,2933,5634,8814,8312,10134,9336,12689,12980,16692,17029,20021,19974,15999,16662,8916,10822,2855,5483,148130,141909,19845,19341,27872,27105,10804,9,9
2021-09-12T23:59:59+02:00,1613,1506,9458,8900,10571,9901,13132,13562,17242,17631,20511,20522,16314,17002,9088,11044,2933,5631,8790,8290,10113,9325,12672,12966,16681,17021,20013,19965,15996,16658,8915,10816,2855,5482,148079,141749,19839,19340,27872,27104,10773,9,9
2021-09-11T23:59:59+02:00,1613,1506,9456,8895,10567,9898,13129,13560,17241,17628,20508,20520,16314,17000,9087,11044,2933,5631,8781,8287,10111,9324,12667,12965,16680,17018,20011,19964,15996,16657,8914,10816,2855,5482,148068,141743,19837,19335,27872,27104,10755,9,8
2021-09-10T23:59:59+02:00,1612,1505,9452,8891,10558,9891,13117,13555,17236,17621,20506,20516,16313,16999,9087,11044,2933,5631,8777,8284,10104,9316,12657,12959,16674,17013,20008,19960,15996,16656,8914,10815,2855,5482,148039,141722,19836,19329,27872,27104,10722,9,8
2021-09-09T23:59:59+02:00,1609,1500,9436,8885,10547,9878,13103,13538,17220,17612,20491,20505,16311,16998,9085,11040,2932,5628,8767,8279,10097,9306,12652,12946,16656,17006,19996,19951,15994,16654,8912,10808,2854,5480,147957,141670,19834,19329,27872,27103,10656,9,8
2021-09-08T23:59:59+02:00,1571,1451,9392,8826,10515,9840,13076,13501,17188,17586,20472,20485,16295,16984,9081,11034,2932,5626,8743,8263,10078,9290,12632,12930,16641,16997,19980,19944,15987,16648,8911,10804,2854,5480,147545,141540,19833,19324,27872,27103,10606,9,8
2021-09-07T23:59:59+02:00,1553,1426,9372,8802,10497,9820,13066,13491,17179,17574,20466,20480,16291,16981,9080,11029,2931,5624,8735,8255,10070,9288,12624,12928,16637,16988,19976,19941,15987,16646,8911,10801,2854,5480,147369,141498,19831,19322,27872,27099,10591,9,8
2021-09-06T23:59:59+02:00,1540,1414,9348,8778,10477,9799,13056,13477,17168,17560,20457,20464,16289,16978,9078,11029,2930,5624,8729,8245,10062,9281,12619,12919,16631,16983,19971,19934,15985,16646,8908,10798,2854,5479,147194,141440,19830,19319,27870,27098,10573,9,8
2021-09-05T23:59:59+02:00,1537,1411,9340,8767,10469,9794,13051,13471,17165,17553,20451,20462,16286,16975,9078,11028,2930,5624,8721,8239,10055,9271,12612,12913,16625,16977,19963,19932,15983,16644,8908,10797,2854,5479,147144,141385,19830,19319,27870,27095,10549,9,8
2021-09-04T23:59:59+02:00,1536,1411,9339,8765,10468,9794,13050,13470,17165,17553,20449,20460,16286,16975,9078,11028,2930,5624,8721,8239,10054,9269,12611,12913,16624,16976,19962,19932,15983,16644,8908,10797,2854,5479,147138,141379,19827,19319,27870,27095,10547,9,8
2021-09-03T23:59:59+02:00,1526,1397,9318,8747,10455,9783,13046,13460,17150,17542,20437,20450,16282,16969,9077,11023,2930,5621,8705,8227,10042,9262,12604,12906,16608,16966,19959,19924,15979,16637,8907,10793,2854,5476,147037,141328,19824,19317,27870,27095,10482,9,8
2021-09-02T23:59:59+02:00,1515,1388,9264,8715,10395,9732,12971,13402,17100,17505,20379,20407,16250,16942,9067,11012,2929,5616,8660,8202,9983,9218,12535,12856,16564,16933,19899,19883,15947,16614,8900,10785,2854,5471,146910,141271,19823,19313,27869,27093,9987,9,8
2021-09-01T23:59:59+02:00,1511,1371,9244,8701,10372,9720,12958,13389,17088,17491,20369,20403,16247,16936,9060,11008,2929,5615,8642,8181,9967,9201,12524,12845,16551,16922,19883,19872,15943,16609,8897,10779,2854,5470,146802,141136,19799,19311,27869,27092,9942,9,8
2021-08-31T23:59:59+02:00,1494,1353,9229,8674,10361,9707,12947,13381,17083,17480,20362,20395,16242,16932,9058,11003,2929,5615,8625,8163,9961,9188,12509,12834,16540,16917,19880,19865,15939,16607,8896,10776,2854,5470,146646,141009,19798,19308,27869,27089,9932,9,8
2021-08-30T23:59:59+02:00,1473,1336,9211,8651,10347,9691,12936,13366,17070,17460,20350,20386,16238,16929,9056,11001,2929,5614,8598,8149,9947,9176,12498,12815,16527,16900,19871,19858,15933,16601,8894,10771,2852,5468,146481,140871,19798,19304,27866,27080,9898,9,8
2021-08-29T23:59:59+02:00,1472,1335,9209,8645,10340,9682,12934,13361,17061,17455,20346,20381,16235,16924,9056,11001,2929,5613,8595,8143,9938,9165,12494,12809,16519,16895,19867,19855,15930,16594,8893,10771,2852,5467,146463,140851,19798,19303,27866,27074,9851,9,8
2021-08-28T23:59:59+02:00,1471,1335,9206,8641,10340,9681,12933,13360,17061,17454,20345,20380,16235,16924,9056,11001,2929,5613,8591,8143,9936,9165,12493,12808,16519,16894,19866,19854,15930,16594,8893,10771,2852,5467,146455,140845,19798,19301,27866,27074,9845,9,8
2021-08-27T23:59:59+02:00,1461,1324,9193,8634,10335,9675,12930,13358,17058,17448,20340,20375,16234,16922,9055,11001,2929,5613,8581,8136,9933,9159,12488,12806,16516,16887,19865,19853,15929,16593,8892,10770,2852,5467,146381,140798,19798,19299,27866,27069,9839,9,8
2021-08-26T23:59:59+02:00,1458,1323,9186,8630,10330,9669,12922,13357,17055,17446,20338,20370,16231,16919,9052,10996,2928,5613,8572,8125,9927,9153,12480,12803,16511,16885,19863,19848,15926,16589,8889,10767,2851,5467,146360,140767,19796,19299,27866,27063,9800,9,8
2021-08-25T23:59:59+02:00,1444,1298,9080,8574,10243,9597,12833,13284,16936,17363,20243,20314,16184,16882,9037,10975,2923,5602,8480,8071,9843,9091,12389,12738,16407,16812,19776,19794,15882,16551,8875,10747,2846,5454,146121,140621,19795,19298,27866,27061,9029,9,8
2021-08-24T23:59:59+02:00,1425,1273,9049,8544,10229,9577,12804,13255,16905,17327,20229,20298,16169,16872,9032,10969,2923,5599,8457,8058,9826,9079,12373,12727,16396,16797,19769,19784,15876,16547,8875,10745,2846,5453,145832,140503,19793,19296,27866,27061,8987,9,8
2021-08-23T23:59:59+02:00,1407,1248,9007,8507,10215,9558,12773,13235,16886,17309,20216,20274,16157,16860,9021,10963,2922,5594,8432,8042,9799,9060,12359,12721,16383,16788,19758,19768,15870,16540,8871,10740,2845,5450,145575,140407,19793,19294,27866,27040,8917,9,8
2021-08-22T23:59:59+02:00,1407,1248,8997,8502,10208,9552,12772,13231,16882,17303,20213,20271,16154,16856,9017,10963,2922,5593,8416,8036,9792,9049,12355,12716,16380,16781,19756,19764,15867,16535,8867,10738,2845,5449,145562,140378,19793,19292,27866,27037,8869,9,8
2021-08-21T23:59:59+02:00,1407,1247,8992,8502,10207,9550,12769,13230,16881,17303,20212,20270,16154,16856,9017,10963,2922,5593,8294,7956,9691,8955,12267,12606,16289,16710,19700,19720,15847,16520,8864,10727,2844,5447,145556,140374,19790,18391,27866,27036,8862,9,8
2021-08-20T23:59:59+02:00,1406,1245,8984,8500,10200,9542,12763,13220,16878,17301,20205,20265,16151,16856,9017,10961,2921,5592,7936,7630,9538,8796,12124,12466,16166,16600,19592,19624,15808,16471,8852,10703,2842,5446,145522,138277,19790,18391,27866,27035,8828,9,8
2021-08-19T23:59:59+02:00,1401,1243,8973,8494,10193,9533,12754,13214,16873,17299,20200,20263,16150,16854,9017,10960,2921,5591,7675,7362,9408,8690,11981,12347,16071,16495,19495,19537,15766,16424,8841,10684,2841,5438,145480,136549,19787,18383,27865,27026,8800,9,8
2021-08-18T23:59:59+02:00,1377,1211,8927,8458,10165,9502,12727,13179,16843,17276,20174,20234,16137,16840,9011,10954,2917,5586,7662,7352,9396,8682,11967,12330,16057,16486,19487,19528,15760,16417,8837,10680,2838,5435,145174,136502,19774,18382,27862,27025,8706,9,8
2021-08-17T23:59:59+02:00,1352,1198,8891,8426,10150,9481,12712,13154,16828,17255,20151,20212,16129,16830,9008,10947,2915,5581,7649,7337,9378,8674,11956,12321,16050,16476,19476,19522,15754,16412,8836,10678,2837,5433,144930,136431,19771,18377,27861,27019,8656,9,8
2021-08-16T23:59:59+02:00,1329,1180,8853,8400,10131,9462,12688,13130,16818,17238,20131,20197,16124,16818,9004,10946,2914,5581,7640,7325,9362,8671,11946,12315,16048,16471,19467,19515,15751,16409,8836,10678,2837,5433,144697,136391,19769,18373,27861,27018,8615,9,8
2021-08-15T23:59:59+02:00,1311,1163,8834,8381,10118,9448,12672,13117,16805,17228,20117,20185,16118,16812,9004,10941,2914,5581,7628,7314,9346,8655,11932,12304,16041,16463,19461,19511,15743,16405,8835,10675,2837,5433,144549,136334,19768,18368,27858,26999,8572,9,8
2021-08-14T23:59:59+02:00,1310,1163,8834,8381,10117,9448,12671,13115,16805,17227,20116,20183,16118,16812,9004,10941,2914,5581,7311,7021,9201,8487,11758,12139,15923,16333,19367,19423,15717,16381,8826,10662,2837,5429,144543,134344,19768,18366,27858,26990,8569,9,8
2021-08-13T23:59:59+02:00,1305,1161,8822,8372,10106,9440,12659,13105,16789,17218,20108,20175,16115,16807,9002,10940,2913,5581,6923,6661,9030,8326,11550,11923,15705,16152,19226,19301,15683,16343,8814,10648,2835,5425,144515,131865,19768,18366,27858,26987,8475,9,8
2021-08-12T23:59:59+02:00,1305,1161,8821,8369,10099,9434,12656,13105,16783,17209,20104,20170,16114,16803,9000,10938,2913,5581,6916,6654,9016,8319,11538,11921,15694,16145,19222,19295,15681,16338,8812,10647,2835,5425,144499,131830,19767,18363,27858,26969,8438,9,8
2021-08-11T23:59:59+02:00,1302,1157,8817,8362,10090,9427,12648,13101,16777,17205,20098,20168,16112,16800,8999,10938,2913,5580,6909,6644,9000,8308,11527,11917,15690,16138,19214,19289,15677,16335,8811,10647,2835,5423,144449,131768,19763,18357,27858,26955,8421,9,8
2021-08-10T23:59:59+02:00,1301,1157,8815,8361,10086,9421,12645,13096,16775,17203,20097,20163,16110,16798,8999,10937,2913,5580,6865,6599,8967,8293,11508,11897,15664,16126,19207,19279,15675,16333,8811,10645,2835,5423,144421,131525,19763,18353,27858,26948,8412,9,8
2021-08-09T23:59:59+02:00,1301,1155,8809,8359,10082,9413,12643,13093,16768,17201,20091,20163,16108,16798,8998,10937,2913,5580,6846,6575,8946,8276,11495,11886,15648,16114,19201,19274,15672,16332,8809,10644,2835,5423,144395,131391,19763,18349,27856,26939,8396,8,8
2021-08-08T23:59:59+02:00,1301,1154,8806,8353,10080,9409,12634,13090,16763,17197,20089,20160,16106,16794,8997,10936,2912,5579,6843,6564,8930,8268,11478,11878,15641,16105,19199,19269,15669,16328,8808,10643,2834,5422,144383,131342,19762,18341,27856,26935,8357,8,8
2021-08-07T23:59:59+02:00,1301,1146,8797,8346,10069,9402,12631,13084,16756,17193,20083,20155,16102,16789,8995,10935,2911,5579,6191,5993,8659,8045,11206,11647,15442,15931,19114,19193,15649,16304,8801,10636,2831,5421,144334,128251,19761,18329,27856,26934,8321,8,8
2021-08-06T23:59:59+02:00,1295,1145,8788,8334,10055,9390,12611,13065,16738,17181,20066,20143,16095,16781,8995,10932,2911,5578,6178,5979,8644,8030,11182,11626,15420,15914,19097,19181,15642,16297,8801,10633,2831,5420,144296,128198,19758,18323,27856,26932,8191,8,8
2021-08-05T23:59:59+02:00,1292,1143,8780,8327,10046,9381,12597,13057,16732,17178,20058,20139,16094,16781,8995,10931,2911,5578,5893,5742,8295,7734,10816,11349,15096,15675,18847,19013,15622,16273,8791,10626,2830,5419,144247,128103,19754,15616,27852,26899,8165,8,8
2021-08-04T23:59:59+02:00,1291,1140,8774,8323,10041,9379,12591,13053,16727,17176,20056,20136,16093,16781,8994,10930,2911,5577,5879,5734,8266,7724,10796,11337,15079,15669,18842,19008,15620,16270,8790,10626,2830,5419,144215,128004,19753,15608,27851,26883,8152,8,8
2021-08-03T23:59:59+02:00,1284,1137,8770,8313,10036,9374,12586,13050,16722,17174,20051,20134,16091,16781,8993,10928,2911,5576,5767,5620,8173,7654,10679,11260,15030,15616,18813,18993,15616,16268,8789,10624,2828,5418,144170,127278,19751,15600,27851,26854,8137,8,8
2021-08-02T23:59:59+02:00,1278,1131,8757,8305,10029,9367,12581,13044,16717,17164,20044,20130,16089,16778,8991,10925,2910,5575,5596,5460,8044,7547,10555,11145,14958,15533,18781,18968,15608,16259,8783,10624,2828,5418,144089,126212,19745,15595,27850,26823,8129,8,8
2021-08-01T23:59:59+02:00,1276,1130,8750,8298,10022,9360,12575,13042,16712,17162,20039,20128,16089,16778,8990,10923,2910,5575,5536,5403,7993,7498,10492,11093,14922,15508,18768,18950,15605,16256,8781,10621,2828,5416,144045,125773,19743,15591,27849,26802,8120,8,8
2021-07-31T23:59:59+02:00,1276,1130,8749,8295,10022,9359,12573,13042,16711,17162,20038,20126,16089,16778,8990,10923,2910,5575,5510,5382,7977,7485,10475,11079,14909,15502,18764,18947,15604,16255,8781,10621,2828,5416,144043,125642,19742,15587,27849,26801,8112,8,8
2021-07-30T23:59:59+02:00,1144,1009,8521,8066,9928,9241,12493,12958,16631,17090,19978,20059,16057,16739,8984,10906,2909,5572,5216,5107,7839,7342,10287,10886,14773,15336,18696,18890,15580,16227,8768,10608,2824,5412,142588,123810,19740,15579,27849,26784,8106,8,8
2021-07-29T23:59:59+02:00,1137,1001,8390,7977,9770,9143,12339,12857,16482,16996,19815,19950,15971,16672,8959,10887,2908,5565,4921,4874,7562,7149,10006,10685,14526,15163,18502,18773,15494,16154,8741,10587,2823,5402,142467,122709,19737,15538,27849,26759,6764,8,8
2021-07-28T23:59:59+02:00,1126,987,8361,7940,9756,9127,12317,12843,16464,16973,19796,19940,15964,16659,8952,10883,2908,5563,4499,4444,7244,6898,9688,10385,14290,14981,18446,18732,15479,16143,8736,10576,2823,5392,142224,120060,19735,15484,27847,26696,6751,8,8
2021-07-27T23:59:59+02:00,1116,979,8337,7925,9743,9120,12305,12834,16456,16967,19789,19927,15962,16653,8950,10880,2907,5561,4265,4198,7012,6699,9441,10106,14130,14820,18395,18665,15430,16097,8719,10560,2820,5385,142084,118038,19733,15481,27847,26671,6745,8,8
2021-07-26T23:59:59+02:00,1112,976,8324,7913,9736,9115,12299,12828,16449,16959,19782,19926,15959,16648,8948,10876,2906,5556,4159,4090,6909,6588,9315,9984,14047,14737,18348,18631,15419,16086,8709,10552,2817,5383,142005,117135,19730,15471,27836,26613,6739,8,8
2021-07-25T23:59:59+02:00,1111,975,8315,7910,9723,9111,12289,12825,16444,16952,19779,19925,15957,16648,8948,10876,2906,5556,4108,4040,6831,6539,9243,9928,14011,14705,18324,18617,15401,16073,8702,10546,2817,5381,141979,116694,19726,15454,27835,26591,6707,8,8
2021-07-24T23:59:59+02:00,1109,972,8229,7848,9650,9031,12222,12748,16376,16899,19738,19886,15937,16634,8945,10866,2906,5555,4065,3998,6774,6489,9165,9871,13946,14639,18292,18591,15389,16062,8694,10542,2817,5381,141960,116440,19068,15172,27835,26589,6685,8,8
2021-07-23T23:59:59+02:00,1083,947,8117,7759,9612,8996,12188,12719,16331,16864,19709,19867,15931,16628,8941,10862,2906,5555,3774,3713,6517,6283,8881,9585,13710,14461,18211,18530,15347,16019,8676,10523,2815,5375,141466,114189,19068,15148,27835,26583,6643,8,8
2021-07-22T23:59:59+02:00,990,860,7901,7529,9508,8907,12070,12623,16240,16780,19634,19782,15885,16588,8932,10847,2905,5549,3649,3586,6363,6190,8727,9456,13546,14318,18136,18462,15326,15993,8668,10513,2815,5374,140004,113037,19066,15076,27828,26488,6629,8,8
2021-07-21T23:59:59+02:00,970,846,7869,7489,9492,8896,12048,12600,16216,16764,19610,19761,15874,16581,8932,10842,2905,5549,3344,3320,6016,5931,8332,9073,13279,14082,17994,18337,15234,15912,8636,10483,2812,5362,139748,110228,19064,15004,27823,26391,6606,8,8
2021-07-20T23:59:59+02:00,969,845,7861,7484,9485,8893,12043,12598,16208,16763,19605,19756,15873,16580,8932,10841,2905,5549,3271,3269,5956,5875,8274,9014,13195,14038,17962,18322,15234,15912,8636,10481,2812,5362,139710,109842,19063,14989,27820,26259,6594,8,8
2021-07-19T23:59:59+02:00,968,845,7854,7482,9482,8885,12038,12596,16203,16756,19602,19756,15871,16577,8932,10839,2905,5548,3219,3234,5905,5833,8213,8969,13138,14011,17916,18309,15234,15909,8636,10479,2812,5361,139673,109561,19062,14972,27820,26132,6581,8,8
2021-07-18T23:59:59+02:00,967,844,7843,7473,9477,8880,12029,12591,16198,16750,19600,19754,15870,16575,8932,10839,2905,5548,3199,3216,5866,5802,8178,8940,13099,13995,17901,18305,15234,15908,8636,10479,2812,5360,139626,109373,19061,14938,27818,26119,6567,8,8
2021-07-17T23:59:59+02:00,852,725,7521,7183,9325,8709,11854,12429,16069,16611,19503,19659,15849,16554,8924,10826,2905,5545,3098,3108,5755,5710,8045,8780,12958,13867,17806,18227,15224,15890,8633,10472,2812,5360,137614,108191,19060,14933,27818,26115,6551,5,8
2021-07-16T23:59:59+02:00,696,574,7130,6856,9144,8551,11662,12220,15867,16435,19361,19534,15819,16518,8914,10812,2904,5543,3036,3047,5679,5647,7931,8672,12838,13730,17727,18152,15202,15874,8629,10470,2811,5360,135148,107289,19060,14928,27817,26108,6515,5,8
2021-07-15T23:59:59+02:00,694,574,7116,6848,9141,8549,11650,12216,15857,16428,19357,19528,15817,16515,8910,10810,2903,5534,2996,3011,5613,5604,7841,8622,12763,13689,17697,18127,15179,15857,8621,10463,2810,5351,135108,107055,19058,14774,27812,25981,6468,5,8
2021-07-14T23:59:59+02:00,692,573,7107,6839,9136,8547,11646,12211,15851,16425,19352,19523,15815,16512,8907,10807,2903,5530,2973,2998,5572,5572,7805,8601,12730,13673,17679,18116,15172,15854,8618,10459,2810,5347,135075,106902,19057,14740,27812,25940,6431,5,8
2021-07-13T23:59:59+02:00,687,571,7082,6822,9123,8530,11637,12196,15840,16406,19342,19517,15806,16508,8903,10797,2898,5522,2916,2947,5507,5506,7645,8466,12476,13455,17523,17988,15153,15843,8606,10446,2805,5336,134949,105686,19057,14687,27809,25905,6371,5,8
2021-07-12T23:59:59+02:00,681,563,7068,6807,9112,8519,11627,12186,15835,16393,19330,19513,15804,16504,8901,10797,2898,5519,2860,2893,5424,5431,7497,8351,12229,13242,17342,17841,15143,15838,8602,10439,2804,5336,134833,104448,19055,14634,27805,25855,6363,5,8
2021-07-11T23:59:59+02:00,680,562,7059,6805,9102,8511,11619,12178,15825,16390,19325,19508,15804,16501,8900,10795,2898,5519,2829,2858,5347,5358,7399,8264,12062,13085,17216,17708,15135,15827,8601,10436,2804,5336,134788,103559,19051,14585,27805,25812,6336,5,8
2021-07-10T23:59:59+02:00,506,404,6496,6254,8877,8325,11376,11986,15668,16257,19270,19459,15796,16491,8896,10790,2897,5518,2800,2824,5295,5312,7316,8184,11959,12985,17138,17641,15120,15811,8598,10425,2801,5334,132093,102861,19051,14583,27805,25804,6316,5,8
2021-07-09T23:59:59+02:00,495,397,6437,6226,8850,8288,11336,11958,15641,16244,19257,19443,15795,16488,8896,10787,2897,5518,2743,2757,5213,5243,7137,8007,11547,12686,16840,17433,15099,15783,8591,10420,2799,5332,132001,101833,18841,13721,27804,25789,6306,5,8
2021-07-08T23:59:59+02:00,489,395,6121,5967,8478,8000,10954,11651,15304,15996,18998,19270,15773,16464,8887,10780,2894,5517,2682,2706,5131,5167,6997,7916,11346,12544,16688,17309,15092,15775,8591,10418,2799,5331,131914,100969,15949,13551,27799,25714,6275,5,8
2021-07-07T23:59:59+02:00,487,391,6106,5955,8454,7985,10939,11634,15293,15986,18997,19265,15771,16460,8886,10778,2894,5515,2633,2654,5040,5108,6858,7822,11111,12362,16524,17175,15084,15768,8586,10412,2799,5331,131806,99946,15940,13425,27797,25665,6248,5,8
2021-07-06T23:59:59+02:00,460,371,6007,5862,8382,7919,10866,11565,15261,15946,18974,19249,15763,16450,8883,10776,2891,5513,2567,2584,4909,4993,6675,7689,10723,11950,16152,16799,15058,15735,8578,10405,2798,5327,131188,97788,15932,13343,27792,25604,6221,5,8
2021-07-05T23:59:59+02:00,419,337,5829,5691,8264,7826,10752,11451,15202,15876,18942,19218,15757,16442,8879,10771,2888,5512,2514,2508,4810,4895,6542,7554,10371,11631,15878,16493,15028,15705,8570,10390,2798,5322,130139,95992,15928,13279,27789,25551,6195,5,8
2021-07-04T23:59:59+02:00,399,307,5755,5611,8207,7769,10685,11393,15172,15845,18928,19199,15750,16438,8878,10769,2888,5510,2495,2478,4748,4848,6481,7504,10234,11521,15777,16421,15023,15698,8568,10389,2797,5322,129633,95427,15921,13211,27784,25513,6160,5,8
2021-07-03T23:59:59+02:00,393,305,5736,5601,8197,7760,10673,11389,15165,15839,18925,19196,15750,16438,8878,10769,2888,5510,2460,2446,4652,4820,6374,7478,10176,11475,15672,16335,14343,14991,8549,10364,2797,5322,129561,95312,15919,13209,27784,23596,6143,5,8
2021-07-02T23:59:59+02:00,347,266,5547,5452,8125,7688,10575,11292,15100,15782,18906,19189,15746,16434,8873,10767,2886,5507,2413,2398,4496,4742,6190,7404,10022,11318,15481,16132,13552,14072,8541,10349,2797,5321,128647,94749,15917,13165,27783,21190,6130,5,8
2021-07-01T23:59:59+02:00,285,211,5330,5269,7997,7576,10435,11166,14972,15687,18862,19164,15739,16427,8868,10761,2886,5506,2296,2278,4319,4569,5953,7150,9241,10633,14852,15661,13527,14043,8536,10344,2793,5319,127356,91250,15905,13069,27782,21106,6093,5,8
2021-06-30T23:59:59+02:00,154,121,4848,4796,7656,7299,10082,10828,14745,15510,18805,19120,15728,16416,8864,10753,2886,5503,2260,2231,4234,4497,5842,7053,9070,10509,14762,15583,13513,14035,8533,10341,2793,5317,124369,90649,15899,12896,27782,20973,6059,5,8
2021-06-29T23:59:59+02:00,117,99,4564,4516,7404,7082,9792,10528,14546,15320,18742,19059,15676,16366,8844,10738,2885,5498,2193,2151,4091,4361,5635,6872,8844,10280,14467,15358,13466,13987,8520,10317,2791,5304,122298,89197,15895,12743,27780,20901,5798,5,8
2021-06-28T23:59:59+02:00,101,78,4429,4373,7299,6972,9670,10403,14454,15213,18697,19016,15660,16350,8830,10727,2882,5496,2106,2024,3910,4155,5354,6530,8460,9770,13934,14822,13347,13898,8501,10293,2788,5290,121285,85988,15884,12662,27777,20834,5699,5,6
2021-06-27T23:59:59+02:00,96,76,4375,4326,7240,6917,9608,10348,14421,15180,18677,18999,15643,16338,8823,10720,2881,5491,2052,1990,3846,4111,5240,6416,8291,9642,13758,14709,13321,13879,8492,10284,2785,5288,120919,85199,15880,12627,27774,20697,5581,5,6
2021-06-26T23:59:59+02:00,83,74,4331,4296,7209,6889,9590,10327,14401,15164,18664,18986,15639,16332,8823,10720,2881,5491,1976,1897,3657,3953,5025,6158,7928,9186,13407,14413,13241,13821,8472,10256,2780,5279,120676,82560,15874,12627,27774,20691,5571,5,6
2021-06-25T23:59:59+02:00,70,61,4020,3970,6946,6652,9297,10034,14178,14975,18580,18929,15593,16287,8804,10701,2879,5485,1911,1813,3491,3831,4831,5927,7603,8771,13096,14078,13191,13765,8459,10231,2774,5273,118276,80204,15847,12596,27774,20686,5559,5,6
2021-06-24T23:59:59+02:00,63,54,3928,3880,6849,6567,9197,9944,14079,14890,18552,18896,15578,16270,8798,10694,2879,5484,1843,1739,3376,3734,4632,5785,7384,8572,12847,13877,12358,12834,8279,9968,2774,5272,117547,78985,15838,12490,27770,18357,5442,5,6
2021-06-23T23:59:59+02:00,49,49,3523,3507,6395,6220,8665,9438,13743,14587,18416,18760,15474,16178,8755,10658,2876,5470,1705,1567,3125,3530,4213,5457,6435,7861,12104,13179,12335,12822,8269,9961,2774,5268,114611,78351,15591,9159,27769,18308,4787,5,6
2021-06-22T23:59:59+02:00,40,41,3450,3434,6316,6161,8562,9360,13692,14540,18383,18743,15463,16171,8754,10653,2876,5467,1664,1514,3021,3427,4069,5307,6181,7676,11493,12468,12245,12728,8251,9928,2770,5260,113983,76010,15585,9077,27767,18149,4766,5,6
2021-06-21T23:59:59+02:00,34,38,3380,3373,6224,6102,8502,9289,13631,14494,18350,18723,15461,16170,8753,10652,2876,5466,1628,1463,2930,3330,3943,5157,5985,7450,10735,11550,11857,12273,7174,8699,2764,5253,113463,73357,15578,8976,27765,15150,4707,5,6
2021-06-20T23:59:59+02:00,34,37,3355,3351,6176,6071,8458,9257,13603,14477,18339,18719,15460,16170,8753,10652,2876,5466,1610,1446,2893,3302,3892,5119,5933,7426,10647,11474,11837,12254,7171,8692,2763,5253,113286,73040,15561,8899,27765,15134,4637,5,6
2021-06-19T23:59:59+02:00,32,35,3328,3327,6147,6048,8428,9238,13579,14471,18333,18714,15460,16169,8753,10652,2876,5466,1606,1434,2888,3293,3884,5114,5918,7421,10636,11467,11837,12254,7171,8691,2763,5253,113094,72960,15555,8899,27765,15132,4637,5,6
2021-06-18T23:59:59+02:00,28,30,3286,3284,6073,6008,8359,9183,13533,14439,18310,18703,15459,16167,8752,10651,2876,5466,1531,1340,2751,3117,3701,4838,5521,7048,9143,9898,11670,12086,7130,8641,2751,5235,112710,67780,15527,8898,27765,15121,4600,5,6
2021-06-17T23:59:59+02:00,26,26,3222,3232,6005,5968,8284,9128,13461,14394,18286,18692,15457,16162,8750,10648,2876,5463,1402,1246,2562,2902,3438,4546,5160,6652,8471,9167,11385,11843,7089,8584,2747,5232,112333,64064,15498,8783,27760,15093,4484,5,6
2021-06-16T23:59:59+02:00,26,23,3168,3170,5893,5900,8164,9035,13333,14308,18220,18656,15451,16153,8750,10645,2876,5463,1305,1190,2421,2794,3255,4386,4875,6379,7394,7876,11294,11735,7058,8546,2734,5214,111692,60299,15423,8737,27756,15060,4358,5,6
2021-06-15T23:59:59+02:00,21,22,3072,3084,5775,5811,7979,8856,13070,14089,18071,18529,15436,16141,8742,10639,2876,5461,1268,1157,2348,2739,3151,4311,4672,6254,7082,7625,10799,11176,7024,8512,2726,5201,110271,58054,15395,8705,27746,15028,4257,5,5
2021-06-14T23:59:59+02:00,20,20,2998,3014,5694,5753,7836,8737,12781,13851,17883,18353,15420,16127,8735,10634,2875,5460,1241,1129,2282,2683,3026,4216,4472,6115,6739,7320,10273,10565,6993,8475,2722,5191,108878,55684,15386,8598,27742,14980,4180,5,4
2021-06-13T23:59:59+02:00,20,20,2980,2984,5628,5715,7773,8671,12641,13716,17777,18231,15414,16118,8734,10631,2874,5460,1230,1116,2253,2667,2989,4205,4426,6095,6706,7303,10268,10559,6993,8474,2722,5191,108141,55542,15375,8590,27738,14937,4128,5,4
2021-06-12T23:59:59+02:00,18,20,2951,2966,5600,5690,7742,8652,12622,13697,17769,18228,15413,16116,8734,10631,2874,5460,1174,1054,2164,2591,2895,4069,4284,5963,6596,7219,10186,10481,6397,7748,2722,5191,107942,55427,15372,8590,27738,12591,4126,5,4
2021-06-11T23:59:59+02:00,18,17,2875,2892,5531,5626,7561,8466,12212,13390,17487,18022,15397,16091,8728,10623,2871,5458,1150,1037,2109,2550,2830,4020,4199,5901,6485,7128,10083,10368,6383,7741,2720,5185,106929,54901,14479,8321,27737,12552,4115,5,4
2021-06-10T23:59:59+02:00,14,15,2821,2851,5431,5573,7430,8386,12025,13251,17349,17904,15392,16087,8728,10622,2870,5457,1109,1012,2034,2484,2730,3943,4029,5771,6240,6915,9832,10100,6363,7713,2714,5179,106008,53336,14406,8317,27732,12460,4055,5,4
2021-06-09T23:59:59+02:00,13,14,2744,2782,5309,5478,7210,8215,11746,13010,17163,17755,15381,16073,8724,10613,2870,5454,1053,947,1903,2366,2527,3760,3703,5488,5617,6403,9009,9197,6306,7637,2701,5144,104801,49325,14254,8299,27723,12366,3771,5,4
2021-06-08T23:59:59+02:00,10,10,2646,2680,5174,5350,7013,8030,11316,12582,16786,17366,15362,16046,8713,10606,2869,5449,1016,918,1833,2301,2421,3686,3562,5422,5465,6271,8975,9178,6304,7625,2699,5140,102596,48812,14227,8248,27721,12297,3459,5,4
2021-06-07T23:59:59+02:00,8,9,2519,2582,4983,5219,6806,7865,10838,12221,16443,17070,15337,16018,8707,10589,2868,5445,947,881,1705,2245,2280,3602,3307,5332,5110,5986,8425,8552,6251,7566,2695,5131,100660,46593,14184,8232,27712,12224,2966,5,4
2021-06-06T23:59:59+02:00,8,7,2482,2557,4922,5162,6720,7808,10699,12110,16352,17005,15334,16014,8707,10589,2866,5444,931,871,1677,2225,2236,3574,3236,5307,5062,5962,8420,8551,6246,7558,2695,5130,100069,46432,14133,8222,27705,12153,2874,5,4
2021-06-05T23:59:59+02:00,7,6,2468,2535,4894,5137,6683,7778,10669,12083,16343,16998,15334,16014,8707,10589,2866,5444,915,856,1644,2196,2196,3518,3133,5225,4709,5633,7825,7846,6218,7504,2694,5128,99844,44045,14133,8216,27703,12109,2870,5,4
2021-06-04T23:59:59+02:00,6,5,2437,2506,4849,5093,6635,7725,10580,11978,16291,16934,15330,16007,8707,10588,2865,5443,903,838,1621,2176,2154,3481,3081,5166,4545,5444,7524,7478,6182,7462,2692,5122,99313,42758,14126,8214,27703,12065,2832,5,4
2021-06-03T23:59:59+02:00,6,5,2334,2378,4698,4919,6427,7477,9878,11344,15701,16484,15319,15997,8704,10582,2864,5442,886,808,1581,2117,2106,3401,2991,5056,4399,5277,7365,7289,6170,7435,2692,5118,95973,41710,14087,8204,27698,11981,2796,5,4
2021-06-02T23:59:59+02:00,6,5,2317,2353,4653,4886,6372,7440,9778,11256,15641,16431,15311,15993,8703,10578,2864,5441,874,796,1562,2093,2053,3364,2905,4970,4038,4888,6808,6650,6126,7379,2688,5107,95448,39371,14085,8199,27698,11938,2792,5,4
2021-06-01T23:59:59+02:00,6,4,2254,2313,4531,4793,6207,7323,9589,11108,15533,16354,15308,15989,8699,10574,2863,5436,840,769,1497,2044,1937,3301,2751,4877,3834,4760,6598,6418,6103,7360,2682,5098,94573,38282,14035,8177,27686,11823,2585,5,4
2021-05-31T23:59:59+02:00,2,4,2204,2254,4433,4701,6063,7198,9403,10960,15448,16298,15300,15982,8696,10574,2863,5436,817,735,1440,1985,1865,3252,2576,4822,3703,4706,6241,6004,6080,7339,2679,5090,93851,37102,13948,8170,27676,11721,2339,5,4
2021-05-30T23:59:59+02:00,2,4,2179,2233,4377,4640,5969,7138,9328,10898,15411,16278,15299,15979,8696,10574,2863,5436,805,724,1417,1962,1816,3226,2443,4787,3598,4688,6239,6002,6080,7339,2679,5090,93400,36785,13909,8148,27666,11636,2324,5,4
2021-05-29T23:59:59+02:00,2,4,2163,2218,4357,4628,5952,7121,9315,10885,15406,16275,15298,15979,8696,10574,2863,5436,787,672,1324,1703,1682,2864,2243,4239,3319,4258,6149,5908,5968,7207,2678,5090,93271,36732,13906,8142,27666,8891,2324,5,4
2021-05-28T23:59:59+02:00,2,4,2142,2195,4318,4582,5907,7076,9237,10815,15338,16223,15294,15977,8696,10574,2863,5435,768,582,1246,1450,1584,2461,2065,3550,3055,3663,5510,5167,5886,7116,2674,5077,92793,35431,13893,8142,27664,5956,2323,5,4
2021-05-27T23:59:59+02:00,2,4,2100,2157,4231,4515,5784,7002,9081,10715,15240,16139,15293,15976,8696,10574,2863,5435,738,548,1214,1367,1542,2323,1995,3408,2942,3544,5074,4686,5853,7077,2663,5048,92110,34307,13743,8133,27641,5272,2308,5,4
2021-05-26T23:59:59+02:00,2,4,2032,2038,4036,4370,5443,6737,8110,9971,14477,15437,15281,15970,8692,10568,2861,5432,727,533,1188,1306,1495,2264,1937,3293,2790,3400,3766,3304,5794,7004,2640,4990,91333,31026,10216,8116,27625,5005,2282,5,4
2021-05-25T23:59:59+02:00,2,4,1996,2001,3957,4303,5349,6671,7975,9864,14100,15001,15233,15933,8685,10553,2859,5428,723,526,1161,1271,1476,2239,1917,3265,2765,3374,3760,3294,5787,7001,2638,4989,89988,30937,10067,8106,27609,4896,2245,5,4
2021-05-24T23:59:59+02:00,2,4,1970,1957,3870,4227,5243,6589,7850,9740,13590,14386,15182,15866,8678,10540,2858,5423,717,518,1142,1259,1444,2224,1895,3246,2739,3352,3743,3276,5765,6977,2629,4973,88200,30803,9988,8055,27598,4856,2184,5,3
2021-05-23T23:59:59+02:00,2,4,1961,1945,3851,4205,5225,6576,7798,9709,13514,14323,15171,15862,8676,10539,2857,5423,710,508,1131,1246,1419,2200,1837,3210,2631,3254,3331,2843,5120,6167,2614,4928,87967,30629,9887,5500,27598,4835,2184,5,3
2021-05-22T23:59:59+02:00,2,4,1794,1903,3549,4156,4829,6533,7541,9652,13391,14246,15165,15861,8676,10538,2857,5423,548,477,838,1205,1048,2165,1597,3157,2519,3181,3328,2841,5120,6166,2614,4928,87816,30617,9887,5499,27596,4799,816,5,3
2021-05-21T23:59:59+02:00,2,3,1709,1795,3392,3964,4639,6238,7144,9287,12102,12916,15014,15713,8640,10491,2848,5412,544,465,828,1203,1046,2157,1562,3127,2441,3105,3153,2704,5094,6123,2611,4913,83053,29982,9847,5498,27590,4780,814,5,3
2021-05-20T23:59:59+02:00,2,3,1671,1761,3297,3914,4532,6155,6968,9204,11891,12687,14993,15695,8636,10484,2847,5411,523,450,786,1157,989,2093,1441,3055,2315,3008,2964,2533,5053,6047,2603,4898,82211,29234,9744,5483,27535,4539,657,4,3
2021-05-19T23:59:59+02:00,2,3,1650,1735,3239,3858,4437,6088,6851,9139,11658,12426,14982,15684,8633,10483,2847,5410,514,438,770,1120,972,2024,1331,2907,1989,2714,2401,2039,4948,5929,2581,4851,81390,27169,9605,5468,27508,4271,618,4,3
2021-05-18T23:59:59+02:00,2,3,1589,1702,3150,3769,4324,5984,6691,8980,11366,12170,14937,15636,8621,10460,2845,5400,511,426,754,1105,954,2007,1248,2842,1709,2492,1959,1695,4875,5846,2560,4808,80288,25629,9403,5458,27439,4207,495,4,3
2021-05-17T23:59:59+02:00,2,3,1540,1621,3020,3611,4120,5705,6343,8521,10816,11621,14828,15543,8602,10435,2840,5389,509,418,748,1098,935,2002,1224,2818,1682,2455,1943,1675,4868,5839,2557,4806,77389,25565,9366,5444,27415,4180,386,4,3
2021-05-16T23:59:59+02:00,2,3,1521,1599,2967,3570,4025,5618,6194,8385,10640,11487,14802,15521,8594,10427,2839,5387,502,412,726,1083,905,1986,1195,2790,1649,2431,1936,1666,4865,5835,2554,4804,76643,25535,9307,5426,27385,4134,242,4,3
2021-05-15T23:59:59+02:00,2,3,1435,1501,2757,3404,3796,5340,5835,7913,10287,11192,14717,15459,8575,10398,2833,5378,502,410,722,1081,905,1982,1190,2789,1643,2426,1924,1654,4858,5829,2554,4802,73895,25473,9307,5426,27378,4129,241,4,3
2021-05-14T23:59:59+02:00,2,3,1401,1438,2646,3307,3644,5183,5636,7624,10067,10939,14682,15421,8562,10375,2830,5374,453,369,651,915,832,1696,1062,2379,1461,2101,1890,1614,4855,5821,2553,4798,72250,25410,9288,5424,27355,2377,237,4,3
2021-05-13T23:59:59+02:00,2,3,1343,1370,2543,3223,3475,5046,5416,7418,9840,10760,14656,15392,8552,10372,2828,5371,446,357,624,887,730,1589,962,2294,1197,1887,1172,1033,4634,5586,2545,4765,71085,25290,8974,2881,27325,2313,222,4,3
2021-05-12T23:59:59+02:00,2,3,1336,1360,2526,3217,3457,5032,5395,7405,9825,10749,14654,15388,8550,10370,2827,5371,446,356,623,886,726,1588,957,2294,1193,1881,1153,1024,4621,5548,2511,4696,70969,25089,8950,2881,27323,2310,221,4,3
2021-05-11T23:59:59+02:00,2,2,1294,1318,2453,3135,3343,4905,5199,7258,9538,10441,14606,15330,8538,10350,2823,5362,440,343,605,872,703,1571,929,2270,1167,1855,1098,988,4558,5450,2468,4572,69629,24597,8827,2863,27238,2228,199,4,3
2021-05-10T23:59:59+02:00,2,2,1272,1291,2389,3058,3216,4779,5067,7101,9214,10061,14560,15291,8529,10331,2818,5360,439,341,592,863,689,1556,917,2255,1150,1841,1062,954,4496,5374,2427,4454,68272,24181,8705,2860,27169,2176,191,4,3
2021-05-09T23:59:59+02:00,2,2,1257,1274,2347,3043,3137,4743,5003,7068,9148,10016,14547,15276,8527,10326,2818,5358,431,339,578,858,666,1536,895,2235,1138,1827,1043,938,4483,5336,2411,4411,68033,24018,8629,2858,27121,2142,105,4,3
2021-05-08T23:59:59+02:00,1,2,1255,1270,2333,3031,3119,4732,4963,7053,9124,10008,14546,15276,8527,10325,2818,5358,431,339,577,858,665,1536,895,2234,1137,1826,1043,938,4482,5336,2411,4411,67890,24016,8623,2855,27119,2141,105,4,3
2021-05-07T23:59:59+02:00,1,2,1235,1249,2293,2990,3067,4684,4864,6961,8899,9761,14529,15253,8521,10319,2815,5354,382,313,545,789,628,1374,825,2027,1047,1637,1013,909,4461,5314,2409,4406,66979,23911,8616,2851,27093,1210,105,4,3
2021-05-06T23:59:59+02:00,1,2,1088,1157,2065,2746,2768,4376,4494,6561,8312,9157,14251,15017,8481,10263,2812,5353,381,309,532,770,611,1342,806,1992,1014,1609,986,877,4451,5300,2407,4402,63357,23781,8488,2800,26957,1108,98,4,3
2021-05-05T23:59:59+02:00,1,1,1023,1105,1953,2633,2608,4203,4198,6282,7296,7971,14165,14918,8446,10222,2799,5333,378,306,524,760,596,1332,772,1978,988,1589,913,814,4410,5228,2399,4386,59828,23459,8442,2779,26833,1083,50,4,3
2021-05-04T23:59:59+02:00,1,1,1001,1085,1901,2594,2506,4135,3978,6168,7015,7753,13659,14351,8415,10189,2794,5324,375,305,519,756,584,1327,755,1959,972,1582,895,790,4389,5212,2396,4377,57769,23324,8383,2764,26672,1061,42,4,3
2021-05-03T23:59:59+02:00,1,1,969,1048,1839,2541,2400,4023,3777,6050,6655,7451,13123,13725,8378,10151,2787,5309,369,304,517,750,573,1320,746,1948,958,1569,869,766,4371,5194,2390,4364,55337,23212,8357,2753,26529,1040,1,4,3
2021-05-02T23:59:59+02:00,1,1,964,1047,1820,2535,2371,4014,3732,6040,6619,7442,13122,13724,8378,10150,2787,5309,369,304,514,750,572,1318,741,1948,957,1565,867,762,4369,5190,2390,4364,55198,23193,8351,2751,26502,1033,1,4,3
2021-05-01T23:59:59+02:00,1,1,964,1045,1812,2531,2359,4006,3719,6032,6605,7433,13121,13721,8378,10150,2787,5309,369,304,514,750,572,1318,740,1947,955,1565,867,762,4369,5190,2390,4364,55120,23193,8349,2747,26500,1033,1,4,3
2021-04-30T23:59:59+02:00,0,1,948,1040,1792,2515,2338,3971,3682,5999,6526,7379,13026,13617,8377,10145,2784,5297,319,249,473,674,543,1138,709,1724,921,1361,856,744,4365,5187,2390,4364,54622,23179,8348,2742,26462,93,1,4,3
2021-04-29T23:59:59+02:00,0,1,894,1015,1736,2465,2274,3912,3534,5875,6288,7156,12765,13343,8355,10116,2780,5290,312,247,463,667,540,1130,702,1713,910,1351,848,729,4356,5179,2390,4362,53025,23089,8332,2736,26437,71,1,4,3
2021-04-28T23:59:59+02:00,0,1,833,981,1656,2402,2130,3801,3250,5622,5684,6648,11928,12424,8296,10027,2756,5253,311,244,461,660,532,1117,691,1692,900,1344,833,713,4337,5152,2388,4362,48965,22966,8325,2717,26397,51,1,4,3
2021-04-27T23:59:59+02:00,0,1,824,976,1638,2381,2085,3782,3179,5597,5556,6524,11899,12407,8294,10025,2756,5251,310,242,455,658,524,1111,682,1680,890,1338,822,701,4333,5146,2387,4356,48484,22888,8320,2701,26366,43,1,4,3
2021-04-26T23:59:59+02:00,0,1,814,964,1612,2363,2025,3741,3001,5519,5224,6238,11334,11762,8239,9960,2751,5241,308,241,454,657,519,1105,671,1674,881,1327,812,692,4328,5141,2387,4352,46151,22837,8311,2672,26323,38,1,3,2
2021-04-25T23:59:59+02:00,0,1,804,962,1595,2357,1987,3724,2875,5496,5130,6233,11330,11758,8235,9954,2750,5240,307,240,454,657,519,1098,671,1672,878,1325,812,691,4328,5141,2387,4352,45822,22831,8305,2668,26300,31,1,3,2
2021-04-24T23:59:59+02:00,0,1,790,952,1573,2337,1947,3679,2778,5427,4787,5909,10717,11033,8204,9895,2749,5238,307,240,454,657,519,1097,670,1670,877,1325,807,687,4318,5125,2385,4351,43414,22794,8304,2663,26294,30,1,3,2
2021-04-23T23:59:59+02:00,0,1,785,944,1560,2327,1917,3652,2739,5374,4625,5723,10408,10651,8164,9853,2746,5229,307,239,454,657,519,1096,669,1670,875,1325,807,686,4315,5122,2385,4351,42113,22783,8303,2662,26278,30,1,3,2
2021-04-22T23:59:59+02:00,0,1,768,930,1532,2284,1867,3583,2652,5283,4472,5569,10264,10457,8150,9822,2744,5221,307,238,452,646,517,1090,663,1662,869,1316,801,682,4312,5120,2385,4349,41112,22747,8275,2638,26208,22,1,3,2
2021-04-21T23:59:59+02:00,0,1,757,918,1507,2272,1815,3538,2547,5195,4087,5149,9667,9773,8101,9758,2740,5210,305,238,450,645,517,1089,659,1659,864,1311,788,670,4302,5106,2385,4345,38593,22697,8259,2614,26179,20,1,3,2
2021-04-20T23:59:59+02:00,0,1,750,906,1486,2245,1784,3507,2497,5137,3950,5054,9470,9553,8084,9748,2736,5207,305,237,450,644,516,1087,658,1655,861,1305,782,665,4298,5101,2385,4345,37758,22665,8247,2608,26106,20,1,3,1
2021-04-19T23:59:59+02:00,0,1,743,897,1478,2237,1765,3489,2465,5110,3885,4995,9099,9136,8059,9723,2733,5201,305,235,449,639,514,1084,655,1652,857,1301,777,659,4289,5099,2385,4343,36728,22625,8235,2597,26049,20,1,3,1
2021-04-18T23:59:59+02:00,0,1,739,894,1473,2231,1747,3482,2446,5098,3877,4993,9089,9125,8059,9722,2733,5201,304,235,449,636,513,1080,653,1649,854,1301,776,657,4289,5097,2385,4343,36668,22617,8215,2583,26023,20,1,3,1
2021-04-17T23:59:59+02:00,0,1,722,888,1385,2221,1647,3470,2409,5068,3796,4914,8372,8403,8043,9709,2733,5201,304,235,447,634,512,1079,652,1649,853,1298,776,657,4288,5097,2385,4343,36660,22605,8215,2583,24103,20,1,3,1
2021-04-16T23:59:59+02:00,0,1,707,870,1256,2198,1495,3447,2323,5002,3634,4749,7032,6851,8008,9660,2720,5169,304,234,442,626,508,1075,642,1647,849,1288,766,651,4282,5083,2382,4341,35281,22528,8205,2579,21632,12,1,3,1
2021-04-15T23:59:59+02:00,0,1,686,860,1245,2185,1474,3429,2265,4965,3562,4697,6594,6352,7967,9595,2696,5094,297,228,428,615,491,1061,608,1620,814,1258,675,590,3784,4571,2358,4305,33956,22469,8150,1225,21557,8,1,3,1
2021-04-14T23:59:59+02:00,0,1,681,856,1227,2171,1442,3410,2220,4928,3430,4603,5255,4947,7916,9530,2674,5057,289,223,425,609,484,1058,601,1612,809,1255,660,574,3771,4561,2354,4300,30725,22381,8138,1196,21481,7,1,3,1
2021-04-13T23:59:59+02:00,0,1,678,856,1218,2166,1426,3408,2212,4917,3410,4588,5236,4930,7910,9527,2673,5055,289,222,423,607,481,1055,599,1608,798,1252,642,569,3769,4558,2354,4300,30644,22360,8117,1158,21446,7,1,3,1
2021-04-12T23:59:59+02:00,0,1,673,848,1205,2156,1410,3397,2177,4902,3379,4564,5211,4915,7897,9515,2670,5022,288,221,421,607,479,1049,597,1604,790,1244,637,566,3763,4557,2354,4300,30511,22332,8072,1137,21355,7,1,3,1
2021-04-11T23:59:59+02:00,0,1,665,844,1189,2144,1392,3382,2109,4877,3260,4480,4794,4475,7226,8692,2663,5017,288,221,419,607,477,1047,592,1601,786,1242,633,563,3759,4552,2354,4300,30481,22325,5462,1108,21263,7,1,3,1
2021-04-10T23:59:59+02:00,0,1,665,842,1188,2143,1390,3378,2107,4874,3257,4473,4750,4428,7222,8686,2663,5016,283,218,417,596,464,1031,565,1584,754,1217,561,493,3190,3932,2304,4205,30358,20698,5459,1108,21262,7,1,3,1
2021-04-09T23:59:59+02:00,0,1,661,841,1180,2140,1386,3373,2075,4852,3178,4392,4552,4262,7187,8637,2659,5000,273,211,407,582,445,1015,539,1565,733,1194,481,432,2533,3110,2255,4109,29668,18769,5455,1107,21249,7,1,3,1
2021-04-08T23:59:59+02:00,0,1,651,831,1163,2128,1369,3341,2013,4798,3028,4281,3498,3107,6948,8273,2648,4985,260,203,390,564,421,1001,517,1534,700,1172,459,405,2523,3101,2252,4106,28861,18540,5405,1060,18793,7,1,3,1
2021-04-07T23:59:59+02:00,0,1,644,825,1150,2119,1350,3328,1904,4718,2706,4031,2889,2578,6836,8149,2623,4932,246,196,363,540,383,967,474,1500,664,1144,431,381,2462,3037,2247,4098,26676,18086,5384,1041,18719,6,1,3,0
2021-04-06T23:59:59+02:00,0,1,634,816,1112,2112,1326,3310,1786,4667,2427,3863,2436,2229,6758,8058,2601,4894,222,183,329,513,358,948,437,1477,629,1113,396,339,2407,2962,2241,4088,25072,17613,5367,1023,18587,6,1,3,0
2021-04-05T23:59:59+02:00,0,1,631,814,1101,2107,1320,3307,1777,4657,2412,3846,2146,1885,5649,6757,2599,4893,222,183,328,509,352,942,433,1475,625,1109,393,336,2405,2956,2241,4086,25040,17603,5355,986,15504,6,1,2,0
2021-04-04T23:59:59+02:00,0,1,630,813,1101,2107,1320,3306,1777,4657,2410,3844,2145,1882,5649,6753,2599,4893,222,183,327,509,352,942,432,1475,625,1109,393,336,2404,2956,2241,4086,25031,17600,5355,986,15498,6,1,2,0
2021-04-03T23:59:59+02:00,0,1,630,813,1101,2106,1320,3306,1776,4655,2406,3844,2144,1879,5648,6753,2599,4893,222,183,327,509,352,942,432,1475,624,1109,393,336,2404,2956,2241,4086,25025,17599,5351,986,15495,6,1,2,0
2021-04-02T23:59:59+02:00,0,1,630,812,1101,2106,1316,3305,1773,4650,2405,3841,2136,1870,5636,6737,2595,4881,222,183,327,507,352,941,431,1474,623,1098,391,336,2404,2955,2241,4086,24956,17579,5346,986,15490,6,1,2,0
2021-04-01T23:59:59+02:00,0,1,626,801,1079,2087,1218,3210,1682,4581,2146,3633,1408,1283,5427,6525,2585,4851,218,182,327,506,351,940,430,1472,623,1097,388,334,2404,2955,2241,4082,24845,17567,2843,977,15452,6,1,2,0
2021-03-31T23:59:59+02:00,0,1,624,800,1075,2083,1213,3202,1671,4576,2128,3620,1380,1251,5400,6470,2544,4751,217,182,326,505,350,940,430,1471,622,1095,385,331,2400,2954,2239,4080,24519,17552,2829,969,15438,6,1,2,0
2021-03-30T23:59:59+02:00,0,1,622,793,1070,2079,1207,3197,1661,4562,2121,3605,1333,1205,5313,6339,2497,4596,217,181,326,504,347,936,425,1468,615,1084,370,320,2296,2801,2116,3853,23982,16927,2807,926,15410,6,1,1,0
2021-03-29T23:59:59+02:00,0,1,620,791,1067,2070,1197,3191,1654,4549,2108,3592,1296,1174,5249,6244,2443,4463,216,180,324,502,345,934,423,1463,610,1079,363,315,2071,2534,1888,3472,23535,15790,2780,923,15392,6,1,1,0
2021-03-28T23:59:59+02:00,0,1,620,788,1065,2064,1194,3184,1649,4538,2102,3587,1280,1165,5238,6222,2431,4430,214,180,323,499,336,930,420,1456,607,1067,356,303,2066,2520,1887,3469,23425,15762,2762,868,15369,3,1,1,0
2021-03-27T23:59:59+01:00,0,1,567,727,985,1996,1113,3065,1531,4413,2000,3505,1211,1095,4635,5488,2431,4430,212,179,323,499,336,930,416,1454,606,1064,355,303,2065,2519,1887,3469,23408,15746,2757,868,13026,3,1,1,0
2021-03-26T23:59:59+01:00,0,1,564,722,978,1985,1111,3059,1521,4406,1983,3497,1167,1064,4605,5454,2430,4426,211,176,323,497,333,929,414,1453,601,1057,347,298,1659,1981,1461,2741,23212,13616,2747,862,13012,3,1,1,0
2021-03-25T23:59:59+01:00,0,1,561,716,965,1977,1108,3050,1514,4394,1968,3487,1157,1054,4597,5449,2430,4424,210,173,321,496,331,924,411,1447,597,1048,343,294,1562,1859,1424,2665,23166,13263,2739,839,12945,3,1,1,0
2021-03-24T23:59:59+01:00,0,1,559,710,957,1966,1095,3034,1485,4375,1954,3479,1122,1024,4570,5414,2425,4419,209,173,320,495,327,920,407,1439,587,1030,330,284,1234,1476,1268,2396,23025,12113,2713,779,12849,3,1,1,0
2021-03-23T23:59:59+01:00,0,1,557,705,952,1953,1091,3024,1478,4361,1944,3471,1109,1013,4551,5400,2425,4415,208,173,318,492,318,917,406,1439,581,1026,322,277,996,1210,1152,2215,22950,11290,2704,757,12794,3,1,1,0
2021-03-22T23:59:59+01:00,0,1,556,696,947,1939,1085,3015,1469,4345,1930,3461,1106,1009,4546,5399,2425,4415,207,173,317,490,317,915,403,1436,578,1022,318,273,995,1206,1152,2212,22925,11274,2688,737,12729,3,1,1,0
2021-03-21T23:59:59+01:00,0,1,553,693,944,1931,1082,3011,1461,4332,1918,3454,1103,1008,4546,5397,2425,4415,206,173,317,489,315,911,403,1431,572,1020,308,268,991,1201,1151,2212,22921,11271,2675,694,12676,3,1,1,0
2021-03-20T23:59:59+01:00,0,1,548,686,939,1914,1065,2994,1433,4314,1884,3425,1031,938,3960,4757,2373,4315,206,173,317,489,315,911,403,1431,572,1020,308,268,991,1201,1150,2211,21247,11269,2674,694,12654,3,1,1,0
2021-03-19T23:59:59+01:00,0,1,539,677,921,1886,1038,2974,1397,4288,1858,3394,944,873,3280,3919,2322,4217,203,173,315,489,314,908,401,1429,568,1013,305,267,978,1188,1119,2171,19253,11246,2663,592,12610,3,1,1,0
2021-03-18T23:59:59+01:00,0,1,526,664,904,1860,1015,2948,1357,4247,1814,3341,846,809,2764,3387,2299,4183,198,171,312,485,311,898,397,1423,566,1008,302,260,872,1090,1006,1978,19173,10859,1260,415,12530,3,1,1,0
2021-03-17T23:59:59+01:00,0,1,524,654,895,1840,1002,2927,1334,4225,1796,3325,816,784,2677,3296,2293,4178,196,170,310,483,308,897,390,1419,563,1004,299,255,629,815,700,1527,18865,9931,1221,34,12480,0,1,0,0
2021-03-16T23:59:59+01:00,0,1,522,645,886,1819,981,2911,1317,4213,1772,3309,787,773,2629,3215,2291,4173,196,170,308,483,306,894,387,1417,560,999,293,251,381,574,509,1216,18657,8917,1181,28,12406,0,0,0,0
2021-03-15T23:59:59+01:00,0,1,522,635,881,1799,970,2889,1312,4206,1764,3300,781,769,2626,3214,2291,4173,195,170,307,482,305,894,387,1416,557,999,293,251,381,573,508,1216,18642,8910,1158,25,12333,0,0,0,0
2021-03-14T23:59:59+01:00,0,1,521,629,874,1787,963,2882,1302,4193,1754,3287,776,765,2621,3211,2291,4173,195,170,306,482,304,892,385,1414,557,999,292,251,381,573,508,1216,18637,8907,1128,19,12265,0,0,0,0
2021-03-13T23:59:59+01:00,0,1,500,578,781,1525,832,2499,1108,3629,1472,2859,697,677,2518,3085,2290,4172,195,170,306,482,304,892,385,1414,557,999,292,251,381,573,508,1216,18633,8907,1128,19,9462,0,0,0,0
2021-03-12T23:59:59+01:00,0,1,485,495,717,1256,741,2102,936,2942,1225,2265,556,525,2474,3041,2290,4172,195,168,306,482,304,890,384,1414,557,996,292,250,368,552,459,1150,18604,8748,1127,19,6492,0,0,0,0
2021-03-11T23:59:59+01:00,0,1,461,459,683,1185,694,1996,876,2797,1143,2153,499,465,2460,3029,2289,4170,195,168,305,480,303,889,384,1411,556,996,292,249,355,535,410,1105,18407,8617,1079,16,5874,0,0,0,0
2021-03-10T23:59:59+01:00,0,1,447,449,649,1151,654,1963,834,2761,1110,2124,480,449,2446,3009,2288,4166,191,166,301,473,303,888,379,1405,550,989,288,243,230,436,177,837,18130,7846,1059,10,5792,0,0,0,0
2021-03-09T23:59:59+01:00,0,1,431,432,618,1122,631,1943,811,2733,1088,2100,458,428,2352,2866,2162,3935,191,166,299,471,302,887,378,1402,550,986,286,242,230,436,176,836,17362,7838,1043,0,5706,0,0,0,0
2021-03-08T23:59:59+01:00,0,1,418,411,596,1092,613,1921,795,2708,1066,2074,436,400,2121,2590,1932,3552,191,165,299,469,301,882,378,1396,550,984,285,240,230,435,176,836,16109,7817,1014,0,5603,0,0,0,0
2021-03-07T23:59:59+01:00,0,1,417,410,589,1074,599,1913,792,2695,1061,2064,435,399,2116,2582,1931,3549,191,165,298,468,301,881,378,1393,550,983,285,240,230,435,176,836,16081,7810,1004,0,5542,0,0,0,0
2021-03-06T23:59:59+01:00,0,1,417,407,586,1061,596,1911,785,2688,1057,2057,434,399,2116,2582,1931,3549,191,165,298,468,301,881,378,1393,550,982,284,240,230,435,176,836,16073,7808,1004,0,5500,0,0,0,0
2021-03-05T23:59:59+01:00,0,1,411,392,580,1049,591,1902,780,2678,1050,2049,420,391,1698,2022,1500,2799,188,160,294,468,298,879,376,1390,548,978,284,240,230,435,176,836,13857,7780,1004,0,5452,0,0,0,0
2021-03-04T23:59:59+01:00,0,1,401,367,552,1010,572,1845,750,2624,1029,1999,416,387,1605,1903,1460,2722,177,152,283,457,297,871,374,1376,546,974,283,240,230,435,176,836,13499,7707,998,0,5146,0,0,0,0
2021-03-03T23:59:59+01:00,0,1,398,361,545,979,554,1813,726,2576,1011,1959,408,381,1279,1523,1301,2448,176,151,282,456,296,870,370,1369,543,967,281,238,229,434,174,831,12335,7667,989,0,4939,0,0,0,0
2021-03-02T23:59:59+01:00,0,1,394,356,537,945,540,1793,717,2552,1000,1940,397,371,1032,1255,1181,2264,176,149,281,446,292,864,370,1360,543,961,281,238,229,434,174,831,11503,7629,952,0,4820,0,0,0,0
2021-03-01T23:59:59+01:00,0,1,392,349,528,922,521,1762,708,2528,990,1923,393,364,1031,1248,1181,2260,176,147,281,437,289,854,367,1345,540,955,279,236,228,433,174,831,11483,7572,917,0,4701,0,0,0,0
2021-02-28T23:59:59+01:00,0,1,387,346,525,914,513,1751,704,2516,985,1908,388,359,1031,1246,1181,2260,174,146,281,436,289,853,367,1345,539,955,279,236,228,433,174,831,11477,7566,889,0,4649,0,0,0,0
2021-02-27T23:59:59+01:00,0,1,386,344,520,907,511,1745,701,2507,982,1906,387,358,1031,1246,1180,2260,174,146,281,436,289,853,367,1345,538,955,279,236,228,433,174,831,11476,7565,889,0,4607,0,0,0,0
2021-02-26T23:59:59+01:00,0,1,339,298,452,735,435,1437,574,2090,811,1565,359,328,1031,1243,1180,2260,174,144,281,432,287,845,365,1337,536,952,279,236,228,433,174,831,11465,7534,878,0,2795,0,0,0,0
2021-02-25T23:59:59+01:00,0,1,319,289,441,714,423,1401,559,2042,792,1533,351,320,946,1150,1106,2134,123,131,261,427,278,833,353,1321,531,945,279,234,228,433,174,831,11054,7382,847,0,2620,0,0,0,0
2021-02-24T23:59:59+01:00,0,1,314,283,436,698,416,1366,543,1994,770,1489,344,307,737,916,920,1825,123,125,259,421,275,823,351,1308,524,939,277,232,226,432,174,829,10107,7318,806,0,2446,0,0,0,0
2021-02-23T23:59:59+01:00,0,1,312,271,428,685,405,1342,535,1959,751,1470,330,297,485,668,728,1519,123,124,258,419,273,817,351,1302,523,931,276,231,225,432,172,828,9098,7285,761,0,2327,0,0,0,0
2021-02-22T23:59:59+01:00,0,1,312,270,427,678,404,1337,531,1948,746,1466,330,295,484,666,728,1518,123,119,253,409,272,800,347,1277,518,923,272,230,225,432,172,828,9093,7200,750,0,2298,0,0,0,0
2021-02-21T23:59:59+01:00,0,1,309,269,425,672,401,1328,528,1940,740,1462,319,290,480,661,726,1518,123,119,252,408,271,797,344,1274,510,920,271,229,224,431,171,817,9088,7161,708,0,2273,0,0,0,0
2021-02-20T23:59:59+01:00,0,1,309,266,425,670,401,1320,527,1931,738,1458,319,290,480,661,726,1518,123,119,252,408,271,797,344,1274,509,920,271,229,224,431,171,817,9088,7160,708,0,2244,0,0,0,0
2021-02-19T23:59:59+01:00,0,0,263,241,393,594,367,1151,469,1719,629,1248,310,274,454,625,644,1409,123,119,252,408,270,797,344,1274,509,920,271,229,224,431,171,817,8866,7159,601,0,1323,0,0,0,0
2021-02-18T23:59:59+01:00,0,0,262,236,385,585,356,1129,456,1701,619,1241,310,272,400,577,531,1278,120,116,248,402,263,790,341,1265,506,919,269,227,224,431,171,817,8678,7109,421,0,1239,0,0,0,0
2021-02-17T23:59:59+01:00,0,0,256,232,373,571,349,1120,433,1685,611,1229,305,265,240,441,186,861,112,103,245,396,258,774,335,1249,500,908,265,224,223,431,171,817,7941,7011,32,0,1184,0,0,0,0
2021-02-16T23:59:59+01:00,0,0,254,230,362,569,340,1111,425,1671,606,1222,302,262,239,440,186,861,83,90,225,370,247,744,317,1209,468,873,243,209,215,411,170,810,7933,6684,28,0,1119,0,0,0,0
2021-02-15T23:59:59+01:00,0,0,252,230,360,564,338,1105,423,1659,603,1216,302,262,239,439,185,861,82,88,221,359,240,732,307,1182,452,850,230,202,202,387,163,753,7926,6450,25,0,1087,0,0,0,0
2021-02-14T23:59:59+01:00,0,0,251,228,354,561,334,1096,419,1653,600,1213,302,262,239,439,185,861,78,86,214,354,237,724,302,1169,448,835,229,200,202,376,163,743,7916,6360,20,0,1061,0,0,0,0
2021-02-13T23:59:59+01:00,0,0,251,228,354,561,334,1096,417,1653,600,1212,301,262,239,439,185,861,78,86,214,354,237,724,302,1169,448,835,229,200,202,376,163,743,7914,6360,20,0,1059,0,0,0,0
2021-02-12T23:59:59+01:00,0,0,195,168,306,485,307,901,384,1416,563,998,293,247,238,439,185,861,75,85,211,353,235,721,296,1165,445,830,225,197,202,374,163,743,7901,6320,20,0,65,0,0,0,0
2021-02-11T23:59:59+01:00,0,0,193,167,300,474,303,887,378,1397,553,990,293,247,238,439,185,861,74,82,200,327,225,677,276,1114,427,780,224,194,202,369,163,740,7861,6074,17,0,27,0,0,0,0
2021-02-10T23:59:59+01:00,0,0,191,160,296,470,300,882,372,1386,549,982,291,245,236,438,185,859,69,76,183,299,214,617,259,1030,402,727,215,179,188,339,148,689,7818,5634,11,0,13,0,0,0,0
2021-02-09T23:59:59+01:00,0,0,186,154,292,462,299,873,372,1376,547,973,288,244,236,438,184,858,60,60,145,236,185,512,221,838,346,592,194,153,166,303,138,612,7774,4761,2,0,6,0,0,0,0
2021-02-08T23:59:59+01:00,0,0,179,148,288,450,294,863,368,1356,541,966,284,240,235,437,182,854,33,47,100,146,136,285,162,458,252,386,163,125,137,245,113,508,7677,3296,2,0,6,0,0,0,0
2021-02-07T23:59:59+01:00,0,0,177,146,285,449,293,861,367,1355,540,965,283,239,235,437,182,854,19,40,82,124,131,264,153,425,236,360,153,120,127,234,106,470,7667,3044,1,0,0,0,0,0,0
2021-02-06T23:59:59+01:00,0,0,177,146,285,449,293,861,367,1355,540,965,283,239,235,437,182,854,19,37,80,121,121,249,142,408,205,339,138,116,126,229,105,459,7667,2894,1,0,0,0,0,0,0
2021-02-05T23:59:59+01:00,0,0,177,144,285,445,292,850,365,1347,536,962,283,238,235,437,182,853,18,33,76,116,114,235,136,381,188,321,133,111,122,224,97,442,7630,2747,1,0,0,0,0,0,0
2021-02-04T23:59:59+01:00,0,0,169,139,284,441,285,841,361,1336,527,953,282,236,234,436,182,851,11,20,50,78,85,178,114,290,155,263,115,97,110,206,87,398,7557,2257,0,0,0,0,0,0,0
2021-02-03T23:59:59+01:00,0,0,151,132,274,435,282,834,359,1325,527,951,282,236,233,436,182,850,11,18,42,67,76,143,90,258,134,222,96,83,95,177,79,350,7489,1941,0,0,0,0,0,0,0
2021-02-02T23:59:59+01:00,0,0,131,127,262,433,279,826,354,1319,526,944,281,236,232,436,181,849,11,15,34,61,64,121,75,213,103,172,64,58,70,114,54,225,7416,1454,0,0,0,0,0,0,0
2021-02-01T23:59:59+01:00,0,0,126,122,257,418,277,809,352,1294,520,932,276,234,232,436,181,849,4,9,19,33,33,66,46,118,59,71,29,29,30,48,29,109,7315,732,0,0,0,0,0,0,0
2021-01-31T23:59:59+01:00,0,0,125,119,255,415,275,805,350,1288,515,930,276,231,231,435,181,849,4,6,14,23,28,47,32,72,39,43,15,9,14,28,23,63,7280,460,0,0,0,0,0,0,0
2021-01-30T23:59:59+01:00,0,0,125,119,255,415,275,804,350,1287,514,930,276,231,231,435,181,849,4,6,13,20,25,40,27,64,36,41,15,9,14,28,23,63,7277,428,0,0,0,0,0,0,0
2021-01-29T23:59:59+01:00,0,0,125,119,255,415,274,804,350,1287,514,930,276,231,231,435,181,849,4,6,7,18,23,31,22,56,32,38,15,9,14,27,22,62,7276,386,0,0,0,0,0,0,0
2021-01-28T23:59:59+01:00,0,0,123,116,251,408,270,797,347,1280,510,929,276,231,231,435,181,849,1,3,2,8,15,13,12,27,12,23,11,5,7,14,7,25,7234,185,0,0,0,0,0,0,0
2021-01-27T23:59:59+01:00,0,0,115,106,249,403,267,788,342,1273,504,922,271,228,230,434,181,849,0,0,1,4,11,11,8,20,10,17,10,5,7,14,7,25,7162,150,0,0,0,0,0,0,0
2021-01-26T23:59:59+01:00,0,0,88,94,231,386,259,763,329,1235,478,891,251,216,220,416,181,841,0,0,1,4,11,11,8,20,10,17,10,5,7,14,7,25,6879,150,0,0,0,0,0,0,0
2021-01-25T23:59:59+01:00,0,0,85,89,229,366,246,744,315,1202,460,866,234,209,209,394,176,785,0,0,1,4,11,9,7,13,7,13,10,5,7,14,7,25,6609,133,0,0,0,0,0,0,0
2021-01-24T23:59:59+01:00,0,0,85,87,225,362,245,739,312,1189,458,851,233,207,209,383,176,774,0,0,1,4,11,9,7,13,7,13,10,5,7,14,7,25,6535,133,0,0,0,0,0,0,0
2021-01-23T23:59:59+01:00,0,0,85,87,225,362,245,739,312,1189,458,851,233,207,209,383,176,774,0,0,1,4,11,9,7,13,7,13,10,5,7,14,7,25,6535,133,0,0,0,0,0,0,0
2021-01-22T23:59:59+01:00,0,0,85,86,223,360,245,736,309,1185,454,848,231,206,209,382,176,774,0,0,1,4,11,9,7,13,7,13,10,5,7,14,7,25,6509,133,0,0,0,0,0,0,0
2021-01-21T23:59:59+01:00,0,0,85,83,209,331,235,692,284,1136,439,814,230,202,208,376,175,771,0,0,1,2,9,8,6,12,6,11,10,5,7,14,7,25,6270,123,0,0,0,0,0,0,0
2021-01-20T23:59:59+01:00,0,0,79,77,194,308,223,626,270,1043,410,753,221,190,193,345,161,719,0,0,1,2,9,8,6,12,6,11,10,5,7,14,7,25,5812,123,0,0,0,0,0,0,0
2021-01-19T23:59:59+01:00,0,0,71,67,155,259,203,563,244,920,369,644,200,164,167,303,147,629,0,0,1,2,3,7,6,11,4,9,7,4,7,14,7,25,5105,107,0,0,0,0,0,0,0
2021-01-18T23:59:59+01:00,0,0,59,59,132,216,182,460,217,762,329,551,181,143,142,252,125,540,0,0,0,1,2,4,3,6,2,7,6,4,7,14,7,23,4350,86,0,0,0,0,0,0,0
2021-01-17T23:59:59+01:00,0,0,40,47,108,186,167,401,200,676,304,496,172,136,129,235,108,480,0,0,0,0,2,4,2,6,2,5,4,4,7,14,6,23,3885,79,0,0,0,0,0,0,0
2021-01-16T23:59:59+01:00,0,0,33,44,108,183,157,385,185,656,273,474,156,131,128,229,107,468,0,0,0,0,0,0,0,0,0,0,0,0,0,0,0,0,3717,0,0,0,0,0,0,0,0
2021-01-15T23:59:59+01:00,0,0,31,40,104,178,146,371,179,626,254,452,151,122,124,223,98,450,0,0,0,0,0,0,0,0,0,0,0,0,0,0,0,0,3549,0,0,0,0,0,0,0,0
2021-01-14T23:59:59+01:00,0,0,13,23,51,78,84,174,115,289,149,263,123,103,110,204,86,405,0,0,0,0,0,0,0,0,0,0,0,0,0,0,0,0,2270,0,0,0,0,0,0,0,0
2021-01-13T23:59:59+01:00,0,0,12,20,41,67,76,139,93,259,124,226,94,81,90,163,68,324,0,0,0,0,0,0,0,0,0,0,0,0,0,0,0,0,1877,0,0,0,0,0,0,0,0
2021-01-12T23:59:59+01:00,0,0,12,15,37,63,63,115,78,210,95,172,61,53,60,97,40,189,0,0,0,0,0,0,0,0,0,0,0,0,0,0,0,0,1360,0,0,0,0,0,0,0,0
2021-01-11T23:59:59+01:00,0,0,4,10,26,45,39,83,57,141,58,85,32,28,25,40,19,81,0,0,0,0,0,0,0,0,0,0,0,0,0,0,0,0,773,0,0,0,0,0,0,0,0
2021-01-10T23:59:59+01:00,0,0,3,6,19,32,34,58,38,94,37,53,15,8,8,19,13,34,0,0,0,0,0,0,0,0,0,0,0,0,0,0,0,0,471,0,0,0,0,0,0,0,0
2021-01-09T23:59:59+01:00,0,0,3,6,18,28,33,54,33,84,35,52,15,8,8,19,13,34,0,0,0,0,0,0,0,0,0,0,0,0,0,0,0,0,443,0,0,0,0,0,0,0,0
2021-01-08T23:59:59+01:00,0,0,3,6,15,26,29,43,27,75,31,48,14,8,7,17,12,33,0,0,0,0,0,0,0,0,0,0,0,0,0,0,0,0,394,0,0,0,0,0,0,0,0
2021-01-07T23:59:59+01:00,0,0,1,4,2,9,15,13,14,28,13,24,11,6,7,15,9,26,0,0,0,0,0,0,0,0,0,0,0,0,0,0,0,0,197,0,0,0,0,0,0,0,0
2021-01-06T23:59:59+01:00,0,0,1,0,2,4,13,11,9,22,11,19,11,6,7,15,9,26,0,0,0,0,0,0,0,0,0,0,0,0,0,0,0,0,166,0,0,0,0,0,0,0,0
2021-01-05T23:59:59+01:00,0,0,0,0,1,4,12,11,8,20,10,19,10,6,7,15,9,26,0,0,0,0,0,0,0,0,0,0,0,0,0,0,0,0,158,0,0,0,0,0,0,0,0
2021-01-04T23:59:59+01:00,0,0,0,0,1,4,12,10,7,16,8,17,10,6,7,15,9,26,0,0,0,0,0,0,0,0,0,0,0,0,0,0,0,0,148,0,0,0,0,0,0,0,0
2021-01-03T23:59:59+01:00,0,0,0,0,1,4,11,9,7,13,6,14,10,6,7,15,9,26,0,0,0,0,0,0,0,0,0,0,0,0,0,0,0,0,138,0,0,0,0,0,0,0,0
2021-01-02T23:59:59+01:00,0,0,0,0,1,4,11,9,7,13,6,14,10,6,7,15,9,26,0,0,0,0,0,0,0,0,0,0,0,0,0,0,0,0,138,0,0,0,0,0,0,0,0
2021-01-01T23:59:59+01:00,0,0,0,0,1,4,11,9,7,13,6,14,10,6,7,15,9,26,0,0,0,0,0,0,0,0,0,0,0,0,0,0,0,0,138,0,0,0,0,0,0,0,0
2020-12-31T23:59:59+01:00,0,0,0,0,1,4,11,9,7,13,6,14,10,6,7,15,9,26,0,0,0,0,0,0,0,0,0,0,0,0,0,0,0,0,138,0,0,0,0,0,0,0,0
2020-12-30T23:59:59+01:00,0,0,0,0,1,4,11,9,7,13,6,14,10,6,7,15,9,26,0,0,0,0,0,0,0,0,0,0,0,0,0,0,0,0,138,0,0,0,0,0,0,0,0
2020-12-29T23:59:59+01:00,0,0,0,0,1,4,8,9,7,13,4,12,10,6,7,15,9,26,0,0,0,0,0,0,0,0,0,0,0,0,0,0,0,0,131,0,0,0,0,0,0,0,0
2020-12-28T23:59:59+01:00,0,0,0,0,1,1,5,7,7,7,2,9,10,6,7,15,9,26,0,0,0,0,0,0,0,0,0,0,0,0,0,0,0,0,112,0,0,0,0,0,0,0,0
2020-12-27T23:59:59+01:00,0,0,0,0,0,0,2,4,2,6,1,6,4,5,7,15,8,25,0,0,0,0,0,0,0,0,0,0,0,0,0,0,0,0,85,0,0,0,0,0,0,0,0
