Datum,<15_m,<15_w,15-24_1_m,15-24_1_w,25-34_1_m,25-34_1_w,35-44_1_m,35-44_1_w,45-54_1_m,45-54_1_w,55-64_1_m,55-64_1_w,65-74_1_m,65-74_1_w,75-84_1_m,75-84_1_w,>84_1_m,>84_1_w,<24_2_m,<24_2_w,25-34_2_m,25-34_2_w,35-44_2_m,35-44_2_w,45-54_2_m,45-54_2_w,55-64_2_m,55-64_2_w,65-74_2_m,65-74_2_w,75-84_2_m,75-84_2_w,>84_2_m,>84_2_w,bp_1,bp_2,mo_1,mo_2,az_1,az_2,ja,unb_1,unb_2
2021-07-24T23:59:59+02:00,1095,966,8224,7838,9635,8971,12154,12649,16316,16815,19623,19813,15887,16606,8866,10811,2803,5377,4048,3973,6719,6416,9077,9746,13818,14512,18110,18443,15310,15992,8576,10439,2734,5221,140969,115243,18963,14965,27805,26392,6702,10,6
2021-07-23T23:59:59+02:00,1068,941,8113,7750,9597,8937,12120,12620,16272,16781,19594,19794,15881,16600,8863,10807,2803,5377,3764,3692,6460,6207,8802,9465,13590,14345,18035,18387,15269,15949,8559,10420,2732,5215,140479,113044,18963,14942,27805,26386,6661,10,6
2021-07-22T23:59:59+02:00,978,855,7898,7522,9494,8849,12003,12525,16183,16694,19523,19710,15835,16560,8856,10792,2802,5371,3640,3565,6312,6116,8655,9337,13432,14207,17963,18324,15246,15925,8552,10411,2732,5214,139043,111903,18962,14885,27787,26303,6648,10,6
2021-07-21T23:59:59+02:00,958,841,7868,7488,9478,8838,11980,12503,16159,16678,19499,19689,15824,16553,8856,10787,2802,5371,3336,3303,5972,5859,8261,8956,13166,13973,17823,18198,15155,15845,8520,10381,2729,5203,138791,109114,18960,14815,27782,26204,6629,10,6
2021-07-20T23:59:59+02:00,957,840,7860,7483,9470,8835,11975,12501,16151,16677,19494,19685,15823,16552,8856,10786,2802,5371,3264,3250,5914,5806,8202,8895,13082,13931,17793,18186,15155,15845,8520,10379,2729,5203,138753,108727,18959,14800,27779,26081,6617,10,6
2021-07-19T23:59:59+02:00,956,840,7855,7483,9466,8829,11970,12499,16146,16671,19492,19685,15822,16549,8856,10784,2802,5370,3214,3218,5867,5767,8147,8852,13026,13905,17748,18174,15155,15843,8520,10377,2729,5202,138724,108463,18958,14788,27779,25957,6604,10,6
2021-07-18T23:59:59+02:00,955,839,7846,7474,9459,8822,11962,12495,16140,16667,19490,19684,15821,16547,8856,10784,2802,5370,3195,3202,5827,5736,8113,8824,12988,13889,17736,18171,15155,15842,8520,10377,2729,5201,138678,108279,18956,14755,27779,25948,6590,10,6
2021-07-17T23:59:59+02:00,839,720,7523,7183,9307,8653,11786,12335,16013,16528,19394,19589,15800,16526,8848,10771,2802,5367,3096,3096,5716,5643,7980,8670,12851,13765,17642,18096,15145,15823,8517,10370,2729,5201,136674,107118,18954,14751,27779,25943,6574,3,5
2021-07-16T23:59:59+02:00,682,568,7129,6862,9118,8498,11596,12125,15809,16353,19254,19462,15772,16489,8839,10757,2801,5365,3035,3037,5642,5579,7867,8569,12734,13632,17567,18022,15122,15808,8513,10368,2728,5201,134204,106238,18954,14746,27779,25937,6539,3,5
2021-07-15T23:59:59+02:00,680,568,7117,6856,9114,8497,11586,12121,15799,16346,19250,19456,15771,16487,8835,10755,2800,5356,2997,3003,5575,5538,7778,8519,12661,13592,17537,18001,15099,15794,8505,10361,2727,5192,134167,106012,18952,14591,27777,25816,6495,3,5
2021-07-14T23:59:59+02:00,678,567,7108,6848,9110,8495,11581,12117,15793,16343,19245,19451,15769,16484,8832,10752,2799,5352,2974,2991,5534,5507,7743,8497,12629,13576,17520,17990,15092,15791,8502,10357,2727,5188,134135,105861,18951,14558,27777,25776,6458,3,5
2021-07-13T23:59:59+02:00,673,564,7084,6831,9099,8479,11572,12103,15782,16325,19237,19444,15760,16480,8828,10742,2794,5344,2916,2939,5471,5440,7584,8365,12378,13360,17366,17864,15074,15780,8490,10344,2722,5177,134013,104655,18951,14506,27774,25741,6400,3,5
2021-07-12T23:59:59+02:00,667,557,7072,6816,9090,8468,11561,12094,15779,16313,19226,19440,15758,16476,8826,10742,2794,5341,2858,2886,5389,5365,7437,8251,12130,13149,17187,17721,15064,15775,8486,10337,2721,5177,133905,103423,18949,14455,27771,25692,6392,3,5
2021-07-11T23:59:59+02:00,666,556,7064,6813,9081,8459,11555,12086,15769,16310,19221,19435,15758,16473,8825,10740,2794,5341,2827,2851,5313,5289,7340,8166,11968,12994,17061,17589,15058,15764,8485,10334,2721,5177,133863,102540,18945,14405,27771,25656,6364,3,5
2021-07-10T23:59:59+02:00,494,399,6500,6269,8855,8276,11316,11893,15612,16179,19166,19386,15750,16463,8821,10735,2793,5340,2797,2819,5265,5247,7259,8086,11868,12898,16983,17522,15042,15749,8482,10324,2718,5175,131180,101854,18945,14403,27771,25651,6348,3,5
2021-07-09T23:59:59+02:00,483,392,6441,6241,8829,8240,11276,11864,15585,16166,19153,19370,15749,16460,8821,10732,2793,5340,2741,2753,5182,5179,7081,7911,11461,12600,16690,17318,15023,15722,8475,10319,2717,5173,131088,100840,18735,13549,27770,25637,6339,3,5
2021-07-08T23:59:59+02:00,478,390,6125,5980,8455,7951,10897,11557,15249,15921,18894,19198,15727,16437,8812,10725,2790,5339,2679,2703,5102,5106,6942,7822,11263,12458,16545,17195,15016,15714,8475,10317,2717,5172,131003,99987,15842,13385,27767,25563,6310,3,5
2021-07-07T23:59:59+02:00,476,386,6110,5967,8432,7935,10883,11541,15238,15912,18893,19193,15725,16434,8811,10723,2790,5337,2631,2648,5013,5049,6806,7729,11031,12278,16385,17063,15008,15708,8471,10312,2717,5172,130894,98968,15834,13267,27765,25515,6290,3,5
2021-07-06T23:59:59+02:00,450,365,6010,5874,8351,7870,10810,11473,15204,15873,18870,19177,15718,16424,8808,10721,2787,5335,2562,2578,4874,4937,6619,7596,10642,11868,16015,16690,14983,15675,8463,10305,2716,5168,130284,96821,15826,13184,27760,25455,6247,3,5
2021-07-05T23:59:59+02:00,409,331,5831,5702,8234,7774,10698,11360,15144,15806,18841,19145,15712,16416,8804,10716,2784,5334,2508,2503,4777,4840,6490,7460,10296,11553,15743,16386,14953,15645,8455,10290,2716,5163,129238,95040,15822,13126,27757,25401,6221,3,5
2021-07-04T23:59:59+02:00,389,301,5757,5624,8177,7719,10631,11304,15113,15774,18827,19126,15706,16413,8803,10714,2784,5332,2490,2472,4716,4794,6431,7410,10160,11444,15641,16314,14949,15639,8453,10289,2715,5163,128735,94475,15815,13059,27752,25366,6189,3,5
2021-07-03T23:59:59+02:00,384,299,5739,5616,8168,7710,10620,11301,15106,15768,18824,19124,15705,16413,8803,10714,2784,5332,2455,2441,4621,4765,6324,7385,10102,11400,15538,16229,14274,14932,8434,10264,2715,5163,128669,94362,15813,13057,27751,23457,6174,3,5
2021-07-02T23:59:59+02:00,340,261,5551,5465,8094,7635,10522,11204,15042,15712,18805,19118,15701,16409,8798,10712,2782,5329,2408,2393,4468,4687,6141,7311,9950,11247,15349,16026,13486,14017,8426,10249,2715,5162,127753,93804,15811,13014,27750,21062,6163,3,5
2021-07-01T23:59:59+02:00,279,208,5336,5285,7967,7524,10385,11079,14913,15616,18761,19094,15693,16402,8793,10706,2782,5328,2290,2272,4293,4515,5906,7062,9174,10567,14722,15556,13461,13989,8421,10245,2711,5160,126471,90327,15801,12919,27750,20978,6126,3,5
2021-06-30T23:59:59+02:00,151,120,4862,4813,7634,7252,10038,10744,14687,15442,18703,19051,15682,16391,8789,10698,2782,5326,2253,2227,4209,4446,5795,6968,9006,10446,14633,15480,13447,13981,8418,10242,2711,5158,123523,89740,15795,12746,27750,20846,6094,3,5
2021-06-29T23:59:59+02:00,115,99,4578,4532,7387,7034,9749,10445,14489,15253,18640,18990,15630,16341,8771,10683,2781,5322,2187,2145,4069,4309,5590,6790,8783,10220,14343,15258,13399,13932,8406,10218,2709,5145,121465,88308,15792,12594,27748,20774,5831,3,5
2021-06-28T23:59:59+02:00,99,78,4442,4388,7282,6923,9628,10316,14399,15146,18595,18949,15614,16325,8757,10672,2778,5320,2103,2019,3886,4104,5310,6448,8401,9712,13817,14726,13283,13843,8388,10194,2706,5133,120449,85124,15783,12512,27745,20709,5731,3,3
2021-06-27T23:59:59+02:00,94,76,4390,4339,7224,6867,9566,10262,14367,15114,18575,18932,15597,16313,8750,10665,2777,5315,2049,1984,3822,4058,5199,6335,8233,9584,13644,14615,13258,13825,8380,10185,2703,5131,120085,84337,15780,12478,27743,20580,5612,3,3
2021-06-26T23:59:59+02:00,81,74,4347,4311,7193,6840,9548,10241,14348,15099,18563,18919,15593,16306,8750,10665,2777,5315,1973,1892,3633,3899,4985,6078,7868,9129,13296,14319,13178,13768,8360,10157,2698,5122,119846,81702,15776,12478,27743,20575,5602,3,3
2021-06-25T23:59:59+02:00,69,61,4035,3984,6925,6601,9256,9949,14126,14912,18481,18863,15547,16260,8731,10646,2775,5308,1908,1808,3471,3781,4793,5850,7546,8716,12988,13984,13129,13712,8347,10133,2692,5116,117444,79368,15748,12447,27743,20570,5591,3,3
2021-06-24T23:59:59+02:00,62,54,3942,3892,6827,6516,9157,9857,14026,14826,18452,18829,15532,16244,8725,10639,2775,5307,1840,1732,3358,3686,4594,5708,7330,8522,12738,13787,12297,12787,8167,9868,2692,5115,116710,78164,15738,12343,27740,18245,5471,3,3
2021-06-23T23:59:59+02:00,49,49,3535,3514,6374,6168,8625,9347,13690,14525,18317,18694,15429,16153,8681,10603,2772,5293,1703,1557,3106,3486,4183,5384,6391,7817,12002,13089,12275,12775,8157,9861,2692,5111,113772,77546,15492,9035,27739,18198,4812,3,3
2021-06-22T23:59:59+02:00,40,41,3463,3443,6300,6110,8522,9270,13638,14480,18284,18677,15418,16146,8680,10598,2772,5290,1663,1503,3003,3385,4042,5235,6139,7634,11402,12388,12185,12683,8140,9828,2688,5103,113152,75236,15488,8954,27737,18041,4792,3,3
2021-06-21T23:59:59+02:00,34,38,3393,3382,6206,6056,8462,9199,13579,14436,18251,18656,15415,16144,8672,10595,2772,5289,1626,1452,2913,3288,3918,5086,5944,7409,10644,11468,11804,12233,7084,8610,2682,5097,112637,72586,15481,8853,27724,15086,4734,3,3
2021-06-20T23:59:59+02:00,34,37,3367,3362,6159,6024,8417,9169,13551,14421,18240,18652,15414,16144,8672,10595,2772,5289,1607,1436,2877,3262,3867,5049,5891,7386,10559,11395,11784,12214,7082,8603,2681,5097,112463,72275,15465,8777,27724,15074,4664,3,3
2021-06-19T23:59:59+02:00,32,35,3340,3339,6131,6004,8388,9150,13527,14415,18234,18647,15414,16143,8672,10595,2772,5289,1603,1426,2872,3253,3860,5044,5877,7381,10548,11388,11784,12214,7082,8602,2681,5097,112276,72199,15460,8777,27724,15072,4664,3,3
2021-06-18T23:59:59+02:00,28,30,3299,3297,6055,5965,8320,9096,13481,14385,18211,18636,15413,16141,8671,10594,2772,5289,1532,1333,2738,3078,3679,4770,5486,7006,9073,9838,11619,12046,7041,8552,2669,5079,111894,67074,15434,8776,27724,15061,4628,3,3
2021-06-17T23:59:59+02:00,26,27,3235,3246,5989,5928,8248,9044,13410,14340,18188,18625,15411,16136,8670,10591,2772,5286,1402,1240,2549,2866,3420,4484,5129,6618,8408,9115,11337,11805,7000,8495,2665,5076,111530,63401,15405,8660,27721,15035,4513,3,3
2021-06-16T23:59:59+02:00,26,24,3181,3186,5876,5863,8130,8951,13283,14255,18122,18590,15405,16128,8670,10588,2772,5286,1306,1185,2409,2759,3237,4328,4846,6348,7336,7832,11247,11698,6971,8458,2652,5058,110897,59665,15331,8613,27718,15005,4387,3,3
2021-06-15T23:59:59+02:00,21,23,3084,3104,5759,5774,7942,8774,13023,14035,17970,18465,15390,16117,8662,10582,2772,5284,1268,1154,2338,2705,3130,4254,4645,6223,7026,7581,10752,11138,6938,8423,2644,5045,109481,57428,15303,8581,27710,14972,4284,3,2
2021-06-14T23:59:59+02:00,20,21,3012,3035,5681,5717,7801,8655,12734,13799,17786,18293,15375,16103,8655,10577,2771,5283,1241,1126,2272,2649,3005,4158,4448,6084,6689,7280,10226,10529,6907,8386,2640,5036,108107,55070,15295,8476,27706,14925,4207,3,1
2021-06-13T23:59:59+02:00,20,21,2994,3003,5615,5680,7738,8589,12595,13663,17681,18171,15369,16094,8654,10574,2770,5283,1231,1114,2241,2635,2969,4147,4405,6064,6657,7264,10222,10522,6907,8385,2640,5036,107372,54931,15284,8470,27701,14886,4154,3,1
2021-06-12T23:59:59+02:00,18,21,2965,2986,5587,5655,7708,8571,12575,13645,17672,18168,15368,16093,8654,10574,2770,5283,1174,1052,2151,2560,2873,4012,4264,5933,6547,7179,10140,10444,6310,7659,2640,5036,107174,54816,15283,8470,27701,12538,4152,3,1
2021-06-11T23:59:59+02:00,18,18,2888,2910,5518,5590,7525,8385,12165,13339,17393,17965,15352,16068,8648,10566,2768,5281,1152,1035,2097,2520,2808,3964,4181,5871,6441,7093,10039,10331,6297,7653,2638,5030,106159,54294,14394,8215,27700,12502,4141,3,1
2021-06-10T23:59:59+02:00,14,16,2832,2868,5418,5539,7392,8304,11981,13200,17257,17848,15347,16064,8648,10565,2767,5280,1113,1010,2024,2454,2706,3888,4013,5742,6200,6881,9789,10064,6277,7625,2632,5024,105243,52740,14319,8212,27695,12412,4080,3,1
2021-06-09T23:59:59+02:00,13,14,2756,2799,5293,5445,7170,8132,11704,12958,17070,17701,15336,16050,8644,10556,2767,5277,1056,948,1894,2336,2503,3706,3685,5457,5587,6377,8970,9163,6220,7549,2618,4989,104039,48754,14168,8195,27686,12322,3789,3,1
2021-06-08T23:59:59+02:00,10,10,2659,2696,5159,5318,6974,7950,11271,12532,16693,17313,15317,16023,8633,10550,2766,5272,1019,920,1827,2272,2397,3633,3542,5392,5439,6248,8938,9144,6218,7539,2616,4985,101838,48249,14141,8146,27684,12256,3480,3,1
2021-06-07T23:59:59+02:00,8,9,2530,2598,4968,5189,6766,7787,10794,12173,16350,17019,15291,15995,8627,10533,2765,5268,948,883,1700,2218,2258,3551,3289,5303,5085,5965,8390,8521,6164,7480,2612,4976,99906,46041,14098,8132,27675,12184,2988,3,1
2021-06-06T23:59:59+02:00,8,7,2495,2574,4907,5131,6679,7731,10657,12063,16258,16955,15288,15991,8627,10533,2763,5267,932,873,1671,2199,2216,3524,3223,5279,5037,5941,8385,8520,6159,7473,2612,4975,99321,45887,14046,8123,27669,12116,2895,3,1
2021-06-05T23:59:59+02:00,7,6,2482,2552,4878,5104,6641,7704,10626,12035,16249,16949,15288,15991,8627,10533,2763,5267,916,858,1640,2172,2177,3472,3121,5198,4683,5616,7788,7820,6131,7420,2611,4973,99096,43514,14046,8118,27666,12075,2891,3,1
2021-06-04T23:59:59+02:00,6,5,2452,2524,4833,5059,6592,7653,10538,11932,16197,16886,15284,15984,8627,10532,2762,5266,905,841,1618,2153,2138,3436,3069,5139,4521,5428,7486,7453,6095,7378,2609,4967,98568,42239,14041,8116,27666,12029,2854,3,1
2021-06-03T23:59:59+02:00,6,5,2347,2393,4682,4888,6386,7405,9838,11299,15607,16438,15273,15975,8624,10527,2761,5265,888,811,1577,2093,2089,3358,2981,5030,4377,5263,7329,7264,6083,7351,2609,4963,95235,41198,14002,8106,27661,11946,2818,3,1
2021-06-02T23:59:59+02:00,6,5,2330,2368,4640,4855,6330,7367,9738,11210,15549,16385,15265,15971,8623,10523,2761,5264,875,799,1559,2070,2037,3322,2896,4944,4016,4875,6772,6629,6040,7295,2605,4953,94710,38869,14002,8102,27661,11903,2814,3,1
2021-06-01T23:59:59+02:00,6,4,2268,2327,4520,4766,6166,7257,9550,11063,15443,16309,15262,15967,8619,10519,2760,5259,843,773,1495,2020,1924,3260,2740,4853,3813,4748,6561,6399,6018,7277,2599,4946,93850,37787,13952,8080,27649,11791,2611,3,1
2021-05-31T23:59:59+02:00,2,4,2218,2268,4421,4673,6025,7130,9364,10919,15358,16255,15254,15960,8616,10519,2760,5259,820,737,1438,1961,1856,3212,2566,4801,3683,4696,6204,5985,5995,7256,2596,4938,93131,36614,13866,8074,27640,11691,2365,3,1
2021-05-30T23:59:59+02:00,2,4,2193,2246,4364,4612,5936,7070,9290,10857,15321,16236,15253,15958,8616,10519,2760,5259,808,726,1416,1940,1806,3189,2434,4766,3578,4678,6202,5983,5995,7256,2596,4938,92686,36299,13826,8052,27631,11610,2350,3,1
2021-05-29T23:59:59+02:00,2,4,2176,2231,4346,4601,5919,7054,9276,10844,15316,16233,15252,15958,8616,10519,2760,5259,789,673,1322,1682,1673,2829,2235,4218,3300,4251,6112,5889,5884,7123,2595,4938,92560,36249,13823,8047,27630,8867,2350,3,1
2021-05-28T23:59:59+02:00,2,4,2156,2208,4308,4556,5875,7009,9200,10774,15249,16181,15248,15956,8616,10519,2760,5258,770,583,1245,1432,1574,2428,2056,3528,3037,3655,5475,5149,5802,7032,2591,4925,92089,34952,13810,8047,27628,5934,2349,3,1
2021-05-27T23:59:59+02:00,2,4,2113,2170,4223,4489,5751,6935,9045,10674,15152,16098,15246,15955,8616,10518,2760,5258,741,548,1211,1351,1532,2293,1989,3386,2925,3535,5041,4665,5769,6993,2580,4896,91408,33832,13661,8038,27604,5252,2333,3,1
2021-05-26T23:59:59+02:00,2,4,2044,2052,4026,4344,5408,6674,8078,9932,14395,15393,15234,15949,8612,10512,2758,5256,730,532,1185,1293,1486,2239,1932,3275,2773,3388,3736,3289,5710,6920,2557,4839,90634,30565,10140,8023,27589,4989,2307,3,1
2021-05-25T23:59:59+02:00,2,4,2003,2013,3943,4277,5312,6608,7943,9825,14022,14960,15186,15912,8605,10497,2756,5252,721,522,1155,1258,1464,2216,1912,3248,2748,3363,3730,3279,5703,6917,2555,4838,89296,30479,9992,8014,27572,4879,2257,3,1
2021-05-24T23:59:59+02:00,2,4,1977,1968,3855,4203,5207,6526,7818,9701,13510,14346,15135,15844,8598,10483,2755,5247,715,515,1135,1247,1434,2203,1891,3230,2723,3341,3714,3261,5681,6893,2548,4822,87504,30352,9913,7963,27561,4840,2198,3,1
2021-05-23T23:59:59+02:00,2,4,1968,1955,3836,4180,5189,6513,7766,9670,13436,14283,15124,15840,8596,10482,2754,5247,708,506,1125,1235,1412,2181,1837,3196,2618,3245,3306,2828,5041,6084,2534,4777,87270,30181,9813,5435,27561,4819,2198,3,1
2021-05-22T23:59:59+02:00,2,4,1803,1913,3534,4130,4787,6469,7508,9614,13311,14204,15118,15839,8596,10481,2754,5247,548,475,832,1193,1036,2145,1596,3143,2504,3170,3302,2826,5041,6083,2534,4777,87120,30169,9813,5435,27559,4782,819,3,1
2021-05-21T23:59:59+02:00,2,4,1718,1804,3380,3938,4598,6174,7111,9248,12025,12864,14967,15691,8559,10434,2745,5236,545,463,822,1191,1034,2138,1561,3113,2427,3093,3129,2689,5015,6040,2531,4762,82350,29536,9773,5435,27554,4764,818,3,1
2021-05-20T23:59:59+02:00,2,4,1681,1768,3289,3887,4491,6093,6936,9169,11814,12637,14947,15673,8556,10427,2744,5235,525,450,782,1145,978,2074,1443,3042,2300,2996,2941,2520,4974,5964,2523,4747,81522,28794,9670,5420,27498,4529,661,2,1
2021-05-19T23:59:59+02:00,2,4,1658,1742,3232,3831,4397,6029,6821,9107,11582,12378,14935,15663,8554,10426,2744,5234,517,438,766,1108,960,2005,1332,2895,1973,2703,2379,2023,4869,5847,2502,4700,80713,26725,9530,5404,27471,4265,623,2,1
2021-05-18T23:59:59+02:00,2,4,1596,1708,3145,3741,4285,5926,6662,8948,11298,12124,14890,15615,8542,10403,2742,5224,514,426,751,1093,942,1988,1248,2829,1692,2482,1938,1678,4797,5764,2481,4657,79624,25185,9328,5394,27402,4202,499,2,1
2021-05-17T23:59:59+02:00,2,4,1547,1627,3015,3584,4079,5648,6315,8491,10752,11576,14783,15524,8523,10378,2737,5214,512,418,745,1086,924,1983,1224,2805,1664,2443,1921,1659,4790,5757,2478,4654,76741,25120,9293,5380,27377,4177,386,2,1
2021-05-16T23:59:59+02:00,2,4,1528,1605,2962,3544,3983,5561,6166,8355,10576,11443,14757,15502,8516,10370,2736,5212,505,412,722,1071,894,1967,1196,2777,1631,2419,1914,1650,4788,5753,2475,4652,75997,25091,9236,5362,27346,4132,241,2,1
2021-05-15T23:59:59+02:00,2,4,1441,1508,2751,3377,3754,5283,5805,7883,10225,11147,14672,15440,8497,10341,2730,5203,505,410,718,1069,894,1964,1191,2776,1626,2415,1902,1638,4782,5747,2475,4650,73246,25033,9236,5362,27339,4127,240,2,1
2021-05-14T23:59:59+02:00,2,4,1407,1446,2640,3281,3602,5125,5607,7594,10007,10895,14637,15402,8484,10318,2727,5199,456,370,647,904,822,1678,1061,2368,1446,2090,1868,1598,4779,5739,2474,4645,71610,24970,9214,5360,27315,2379,236,2,1
2021-05-13T23:59:59+02:00,2,4,1349,1380,2538,3197,3436,4989,5389,7387,9781,10718,14611,15374,8476,10315,2725,5196,449,358,620,876,721,1572,962,2285,1183,1878,1155,1019,4559,5506,2466,4613,70449,24852,8910,2834,27285,2315,221,2,1
2021-05-12T23:59:59+02:00,2,4,1342,1371,2522,3192,3418,4977,5369,7374,9767,10706,14609,15370,8474,10313,2724,5196,449,356,618,875,717,1568,956,2282,1178,1871,1137,1010,4546,5470,2434,4544,70339,24645,8886,2834,27283,2312,220,2,1
2021-05-11T23:59:59+02:00,2,3,1300,1329,2448,3108,3306,4850,5175,7229,9482,10398,14562,15313,8462,10293,2720,5187,443,343,600,861,696,1551,928,2258,1153,1844,1083,974,4484,5373,2392,4420,69005,24157,8763,2816,27198,2231,199,2,1
2021-05-10T23:59:59+02:00,2,3,1276,1302,2385,3031,3179,4726,5045,7072,9159,10018,14516,15274,8453,10274,2715,5185,442,341,588,851,682,1536,917,2243,1135,1830,1049,940,4424,5297,2353,4305,67653,23751,8643,2813,27127,2179,190,2,1
2021-05-09T23:59:59+02:00,2,3,1261,1285,2342,3018,3102,4691,4983,7038,9094,9974,14503,15259,8451,10269,2715,5183,434,339,574,846,659,1516,895,2222,1123,1816,1030,925,4412,5259,2338,4263,67416,23591,8569,2811,27083,2146,103,2,1
2021-05-08T23:59:59+02:00,1,3,1259,1281,2327,3006,3085,4681,4943,7024,9070,9966,14502,15259,8451,10268,2715,5183,434,339,574,846,658,1516,895,2221,1122,1815,1030,925,4411,5259,2338,4263,67275,23590,8563,2808,27081,2145,103,2,1
2021-05-07T23:59:59+02:00,1,3,1240,1260,2288,2965,3035,4632,4844,6932,8846,9720,14487,15237,8445,10262,2712,5179,384,311,542,777,621,1355,825,2016,1034,1628,1000,896,4391,5236,2336,4258,66372,23486,8557,2805,27054,1216,103,2,1
2021-05-06T23:59:59+02:00,1,3,1090,1169,2061,2722,2736,4324,4474,6532,8260,9115,14209,14998,8405,10205,2709,5178,383,307,530,758,604,1323,806,1981,1002,1600,973,865,4381,5222,2334,4254,62746,23358,8429,2755,26918,1114,96,2,1
2021-05-05T23:59:59+02:00,1,2,1026,1118,1953,2609,2577,4153,4179,6254,7248,7933,14124,14900,8370,10164,2696,5158,379,304,522,748,589,1314,772,1967,979,1579,898,804,4340,5152,2326,4238,59235,23036,8382,2736,26796,1089,50,2,1
2021-05-04T23:59:59+02:00,1,2,1004,1098,1902,2570,2475,4086,3959,6141,6967,7718,13617,14332,8340,10129,2691,5149,376,303,517,744,578,1309,755,1948,963,1572,879,780,4319,5136,2323,4229,57177,22901,8324,2721,26636,1067,42,2,1
2021-05-03T23:59:59+02:00,1,2,972,1060,1841,2517,2372,3976,3760,6024,6611,7418,13080,13708,8303,10091,2684,5134,370,302,515,740,568,1303,746,1937,949,1559,854,756,4302,5118,2317,4216,54756,22791,8298,2712,26497,1048,1,2,1
2021-05-02T23:59:59+02:00,1,2,967,1059,1822,2511,2347,3969,3717,6014,6577,7410,13079,13708,8303,10090,2684,5134,370,302,512,740,567,1301,742,1937,948,1556,852,752,4301,5114,2317,4216,54623,22775,8294,2710,26474,1041,1,2,1
2021-05-01T23:59:59+02:00,1,2,967,1057,1814,2509,2336,3964,3705,6006,6566,7401,13078,13706,8303,10090,2684,5134,370,302,512,740,567,1301,741,1936,946,1556,852,752,4301,5114,2317,4216,54554,22775,8294,2706,26472,1041,1,2,1
2021-04-30T23:59:59+02:00,0,2,951,1052,1793,2495,2315,3929,3668,5973,6488,7348,12983,13602,8302,10086,2681,5122,318,247,470,664,538,1123,711,1712,912,1352,840,735,4297,5112,2317,4216,54059,22761,8293,2702,26435,100,1,2,1
2021-04-29T23:59:59+02:00,0,2,896,1027,1736,2444,2253,3871,3522,5850,6251,7125,12724,13329,8280,10057,2677,5115,312,245,462,657,535,1116,704,1702,902,1343,832,720,4288,5105,2317,4214,52467,22679,8278,2696,26411,78,1,2,1
2021-04-28T23:59:59+02:00,0,2,835,993,1656,2382,2109,3761,3237,5597,5647,6622,11888,12412,8222,9968,2654,5078,311,242,460,651,527,1102,693,1682,891,1336,819,704,4269,5078,2315,4214,48419,22558,8271,2678,26370,57,1,2,1
2021-04-27T23:59:59+02:00,0,2,825,988,1638,2362,2064,3743,3166,5572,5521,6500,11859,12395,8220,9966,2654,5076,310,240,454,649,519,1096,684,1670,882,1330,807,693,4265,5072,2314,4208,47940,22480,8268,2663,26340,49,1,2,1
2021-04-26T23:59:59+02:00,0,2,815,975,1612,2344,2004,3703,2990,5495,5190,6215,11294,11750,8164,9901,2650,5067,308,239,453,648,513,1090,673,1664,873,1320,798,684,4260,5067,2314,4204,45612,22428,8259,2635,26297,44,1,2,1
2021-04-25T23:59:59+02:00,0,2,805,973,1598,2338,1966,3686,2864,5472,5098,6210,11290,11746,8161,9895,2649,5066,307,239,453,648,513,1083,673,1662,870,1318,798,683,4260,5067,2314,4204,45286,22423,8253,2631,26277,37,1,2,1
2021-04-24T23:59:59+02:00,0,2,791,963,1576,2318,1927,3641,2767,5404,4753,5891,10674,11021,8131,9837,2648,5064,307,239,453,648,513,1082,672,1661,869,1318,793,679,4251,5051,2312,4203,42881,22387,8253,2627,26271,36,1,2,1
2021-04-23T23:59:59+02:00,0,2,786,955,1563,2308,1898,3615,2727,5354,4592,5705,10365,10640,8091,9795,2645,5055,307,238,453,648,513,1081,671,1661,867,1318,793,678,4248,5048,2312,4203,41583,22376,8253,2626,26257,36,1,2,1
2021-04-22T23:59:59+02:00,0,2,770,940,1535,2265,1847,3547,2642,5264,4439,5551,10220,10446,8077,9764,2643,5047,307,237,451,637,511,1075,665,1653,861,1309,787,673,4245,5046,2312,4201,40582,22340,8227,2601,26187,28,1,2,1
2021-04-21T23:59:59+02:00,0,2,759,927,1511,2254,1794,3503,2538,5177,4055,5131,9623,9762,8028,9702,2639,5036,306,237,447,635,511,1074,661,1650,856,1304,775,661,4235,5032,2312,4197,38067,22289,8210,2577,26161,26,1,2,1
2021-04-20T23:59:59+02:00,0,2,752,916,1489,2227,1763,3474,2486,5119,3918,5035,9427,9543,8011,9692,2635,5033,306,235,447,634,510,1072,660,1645,853,1299,769,657,4231,5028,2312,4197,37232,22258,8199,2571,26088,26,1,2,0
2021-04-19T23:59:59+02:00,0,2,745,906,1480,2220,1746,3457,2454,5093,3854,4978,9058,9125,7986,9667,2632,5027,306,233,446,631,508,1069,656,1643,849,1295,763,651,4222,5026,2312,4195,36208,22219,8187,2560,26032,26,1,2,0
2021-04-18T23:59:59+02:00,0,2,741,904,1475,2214,1728,3450,2435,5081,3846,4976,9050,9114,7986,9666,2632,5027,305,233,446,627,507,1066,654,1640,846,1295,762,649,4222,5024,2312,4195,36148,22211,8167,2546,26009,26,1,2,0
2021-04-17T23:59:59+02:00,0,2,724,898,1387,2204,1628,3438,2398,5051,3766,4898,8338,8391,7970,9653,2632,5027,305,233,444,625,506,1066,653,1640,845,1292,762,649,4221,5024,2312,4195,36140,22200,8167,2546,24095,26,1,2,0
2021-04-16T23:59:59+02:00,0,2,708,880,1258,2182,1476,3416,2312,4986,3605,4733,7004,6841,7935,9604,2621,4996,305,232,439,619,502,1062,643,1638,841,1283,752,643,4212,5009,2309,4193,34770,22126,8157,2542,21629,14,1,2,0
2021-04-15T23:59:59+02:00,0,2,687,869,1248,2169,1456,3398,2255,4948,3534,4680,6566,6340,7894,9543,2599,4925,298,226,425,608,485,1048,609,1611,806,1253,662,582,3721,4500,2287,4158,33455,22069,8100,1200,21555,10,1,2,0
2021-04-14T23:59:59+02:00,0,2,682,865,1227,2156,1425,3379,2210,4913,3402,4586,5227,4937,7844,9477,2578,4888,290,222,422,601,478,1045,603,1603,800,1250,647,565,3710,4491,2283,4153,30230,21982,8089,1172,21476,9,1,2,0
2021-04-13T23:59:59+02:00,0,2,679,865,1218,2151,1410,3377,2202,4902,3382,4571,5208,4918,7838,9474,2577,4886,290,221,420,599,475,1042,601,1599,789,1248,629,560,3708,4488,2283,4153,30150,21962,8068,1134,21439,9,1,2,0
2021-04-12T23:59:59+02:00,0,2,673,857,1205,2142,1394,3366,2168,4888,3351,4547,5185,4903,7825,9463,2574,4853,289,220,418,598,474,1036,599,1595,781,1241,625,558,3703,4487,2283,4153,30022,21937,8023,1114,21348,9,1,2,0
2021-04-11T23:59:59+02:00,0,2,665,853,1189,2130,1376,3351,2101,4864,3233,4464,4765,4462,7158,8637,2567,4848,289,220,417,598,471,1035,593,1592,777,1240,621,555,3699,4482,2283,4153,29992,21929,5410,1087,21260,9,1,2,0
2021-04-10T23:59:59+02:00,0,2,665,851,1188,2129,1374,3348,2099,4861,3230,4457,4721,4415,7154,8631,2567,4847,283,217,415,587,458,1019,566,1575,745,1216,549,485,3130,3866,2234,4061,29870,20310,5407,1087,21259,9,1,2,0
2021-04-09T23:59:59+02:00,0,2,662,850,1180,2126,1370,3343,2069,4839,3152,4378,4525,4250,7119,8582,2563,4831,273,211,405,573,439,1003,541,1557,724,1193,468,423,2481,3047,2186,3967,29188,18396,5403,1086,21247,9,1,2,0
2021-04-08T23:59:59+02:00,0,2,652,840,1166,2115,1354,3313,2008,4786,3006,4267,3471,3099,6877,8219,2552,4816,260,203,388,555,416,990,519,1528,692,1170,449,397,2472,3039,2183,3964,28391,18178,5355,1038,18794,9,1,2,0
2021-04-07T23:59:59+02:00,0,2,645,834,1153,2106,1335,3301,1898,4707,2689,4018,2866,2571,6766,8096,2529,4763,246,196,360,531,378,955,475,1494,656,1143,422,372,2412,2977,2178,3957,26217,17725,5336,1019,18723,8,1,2,0
2021-04-06T23:59:59+02:00,0,2,635,826,1115,2099,1311,3282,1780,4657,2413,3849,2413,2224,6690,8005,2508,4726,222,183,326,505,353,937,438,1471,620,1111,387,330,2357,2903,2172,3948,24620,17253,5320,1002,18592,8,1,2,0
2021-04-05T23:59:59+02:00,0,2,632,824,1104,2095,1305,3279,1771,4647,2398,3833,2124,1878,5576,6690,2506,4726,222,183,325,501,347,931,434,1469,616,1106,383,327,2355,2897,2172,3947,24589,17242,5310,966,15488,7,1,2,0
2021-04-04T23:59:59+02:00,0,2,631,824,1103,2095,1305,3278,1771,4647,2396,3831,2123,1875,5576,6686,2506,4726,222,183,325,501,347,931,433,1469,616,1106,383,327,2354,2897,2172,3947,24580,17240,5310,966,15482,7,1,2,0
2021-04-03T23:59:59+02:00,0,2,631,824,1103,2094,1305,3278,1770,4645,2392,3831,2122,1872,5575,6686,2506,4726,222,183,325,501,347,931,433,1469,615,1106,383,327,2354,2897,2172,3947,24574,17239,5306,966,15479,7,1,2,0
2021-04-02T23:59:59+02:00,0,2,631,823,1103,2094,1301,3277,1768,4640,2391,3828,2114,1863,5563,6671,2503,4713,222,182,325,499,347,931,432,1468,614,1097,381,327,2354,2896,2172,3947,24506,17221,5302,966,15474,7,1,2,0
2021-04-01T23:59:59+02:00,0,2,627,812,1080,2076,1205,3182,1678,4572,2132,3620,1390,1276,5354,6461,2493,4686,218,181,325,498,346,930,431,1466,614,1096,378,325,2354,2896,2172,3943,24400,17209,2806,957,15437,7,1,2,0
2021-03-31T23:59:59+02:00,0,2,625,811,1076,2072,1200,3174,1667,4567,2114,3607,1363,1243,5325,6406,2456,4587,217,181,325,497,345,930,431,1465,613,1095,377,322,2350,2895,2170,3942,24081,17197,2792,951,15420,7,1,1,0
2021-03-30T23:59:59+02:00,0,2,623,802,1070,2068,1194,3169,1657,4553,2106,3593,1317,1198,5241,6277,2412,4441,217,180,325,496,342,926,426,1462,606,1085,362,311,2248,2743,2050,3717,23562,16579,2770,910,15390,7,1,0,0
2021-03-29T23:59:59+02:00,0,2,621,800,1067,2060,1184,3163,1650,4540,2094,3581,1281,1167,5181,6184,2363,4312,216,179,323,494,340,924,424,1457,601,1080,355,306,2025,2478,1824,3342,23130,15454,2746,907,15373,7,1,0,0
2021-03-28T23:59:59+02:00,0,2,621,797,1065,2054,1181,3156,1644,4530,2090,3576,1265,1158,5173,6162,2352,4280,214,179,322,491,333,920,421,1450,598,1068,349,294,2020,2465,1823,3339,23025,15429,2728,853,15352,4,1,0,0
2021-03-27T23:59:59+01:00,0,2,569,736,985,1986,1099,3038,1526,4406,1988,3494,1196,1088,4570,5430,2352,4280,212,178,322,491,333,920,416,1448,597,1065,348,294,2019,2464,1823,3339,23010,15413,2724,853,13010,3,1,0,0
2021-03-26T23:59:59+01:00,0,2,566,731,978,1976,1097,3032,1516,4399,1972,3486,1152,1057,4540,5396,2351,4276,211,175,322,489,330,919,414,1447,593,1058,340,289,1621,1933,1402,2620,22816,13313,2714,847,12996,3,1,0,0
2021-03-25T23:59:59+01:00,0,2,564,725,965,1968,1094,3023,1509,4387,1957,3476,1142,1046,4532,5391,2351,4275,210,172,321,488,328,913,411,1441,589,1049,336,285,1527,1812,1365,2548,22769,12968,2705,824,12932,3,1,0,0
2021-03-24T23:59:59+01:00,0,2,562,720,955,1955,1082,3008,1480,4370,1943,3467,1107,1016,4505,5358,2346,4270,210,172,320,487,325,909,406,1434,580,1033,322,275,1201,1431,1215,2282,22628,11837,2679,762,12838,3,1,0,0
2021-03-23T23:59:59+01:00,0,2,560,715,950,1941,1078,2998,1473,4357,1933,3460,1094,1005,4485,5343,2346,4267,209,172,318,484,318,906,405,1434,574,1029,314,268,967,1166,1101,2106,22553,11027,2670,741,12783,3,1,0,0
2021-03-22T23:59:59+01:00,0,2,559,706,945,1929,1072,2989,1463,4341,1919,3451,1091,1002,4480,5342,2346,4267,207,172,317,482,317,904,402,1431,571,1025,310,264,966,1162,1101,2103,22529,11010,2655,721,12719,3,1,0,0
2021-03-21T23:59:59+01:00,0,2,557,703,942,1920,1070,2985,1458,4328,1908,3444,1088,1001,4480,5341,2346,4267,207,172,317,481,316,900,402,1426,565,1023,300,259,962,1158,1100,2103,22525,11009,2641,679,12673,3,1,0,0
2021-03-20T23:59:59+01:00,0,2,552,695,937,1904,1053,2969,1430,4310,1874,3416,1016,930,3898,4708,2296,4170,207,172,317,481,316,900,402,1426,565,1023,300,259,962,1158,1099,2102,20867,11007,2640,679,12652,3,1,0,0
2021-03-19T23:59:59+01:00,0,2,543,686,920,1878,1026,2950,1394,4285,1848,3386,929,865,3228,3872,2249,4073,205,172,315,481,315,897,400,1424,561,1016,297,258,949,1145,1068,2062,18893,10985,2629,577,12611,3,1,0,0
2021-03-18T23:59:59+01:00,0,2,530,674,903,1852,1003,2923,1355,4245,1803,3334,831,801,2717,3340,2227,4039,200,170,312,477,312,887,396,1418,559,1011,294,253,846,1051,960,1873,18816,10608,1231,408,12531,3,1,0,0
2021-03-17T23:59:59+01:00,0,2,528,664,894,1832,990,2905,1333,4224,1785,3318,802,776,2632,3249,2221,4035,198,169,310,475,309,886,389,1414,556,1007,291,248,606,777,659,1428,18510,9689,1195,33,12484,0,1,0,0
2021-03-16T23:59:59+01:00,0,2,526,655,885,1810,969,2890,1316,4212,1761,3302,773,765,2585,3169,2219,4031,198,169,308,475,307,884,386,1412,553,1002,285,244,361,542,471,1121,18304,8692,1155,27,12411,0,0,0,0
2021-03-15T23:59:59+01:00,0,2,526,644,881,1792,960,2869,1310,4206,1753,3293,767,762,2582,3168,2219,4031,197,169,307,474,306,884,386,1412,550,1002,285,244,361,541,470,1121,18291,8686,1133,24,12341,0,0,0,0
2021-03-14T23:59:59+01:00,0,2,525,638,875,1780,953,2864,1300,4193,1743,3281,762,758,2577,3165,2219,4031,197,169,306,474,305,882,384,1410,550,1002,284,244,361,541,470,1121,18286,8683,1106,18,12274,0,0,0,0
2021-03-13T23:59:59+01:00,0,2,503,587,780,1518,823,2483,1106,3630,1461,2852,681,669,2474,3039,2218,4030,197,169,306,474,305,882,384,1410,550,1002,284,244,361,541,470,1121,18282,8683,1106,18,9468,0,0,0,0
2021-03-12T23:59:59+01:00,0,2,488,502,716,1252,731,2089,935,2940,1215,2261,541,516,2430,2994,2218,4030,197,167,306,474,305,880,383,1410,550,1000,284,243,348,520,422,1058,18259,8529,1105,18,6496,0,0,0,0
2021-03-11T23:59:59+01:00,0,2,465,466,683,1181,685,1984,876,2795,1135,2150,486,457,2417,2984,2217,4029,197,167,305,472,304,879,383,1407,549,1000,284,242,335,503,376,1015,18073,8403,1057,15,5882,0,0,0,0
2021-03-10T23:59:59+01:00,0,2,451,456,649,1148,645,1950,832,2759,1102,2122,466,441,2403,2965,2216,4026,193,165,301,465,304,878,378,1400,544,993,280,236,215,404,151,753,17797,7651,1037,9,5799,0,0,0,0
2021-03-09T23:59:59+01:00,0,2,435,439,617,1119,626,1932,809,2733,1080,2098,445,421,2310,2823,2093,3797,193,165,299,463,303,877,377,1397,544,990,278,235,215,404,151,752,17039,7643,1021,0,5719,0,0,0,0
2021-03-08T23:59:59+01:00,0,2,422,418,595,1089,608,1910,793,2708,1058,2072,423,393,2081,2549,1864,3420,193,164,299,461,302,873,377,1391,544,988,277,233,215,403,151,752,15797,7623,993,0,5615,0,0,0,0
2021-03-07T23:59:59+01:00,0,2,421,416,588,1072,596,1902,790,2695,1052,2061,422,392,2076,2541,1863,3418,193,164,299,460,302,872,377,1388,544,987,277,233,215,403,151,752,15771,7617,983,0,5553,0,0,0,0
2021-03-06T23:59:59+01:00,0,2,421,413,585,1058,593,1900,783,2688,1048,2054,421,392,2076,2541,1863,3418,193,164,299,460,302,872,377,1388,544,986,276,233,215,403,151,752,15763,7615,983,0,5510,0,0,0,0
2021-03-05T23:59:59+01:00,0,2,415,398,579,1046,587,1890,778,2679,1042,2046,408,384,1655,1979,1432,2666,190,159,295,460,299,871,375,1385,542,982,276,233,215,403,151,752,13542,7588,983,0,5461,0,0,0,0
2021-03-04T23:59:59+01:00,0,2,405,373,553,1007,568,1834,749,2626,1021,1996,404,380,1563,1862,1393,2593,179,151,285,451,298,863,373,1371,540,978,275,233,215,403,151,752,13192,7518,977,0,5160,0,0,0,0
2021-03-03T23:59:59+01:00,0,2,403,366,545,977,551,1802,724,2578,1004,1958,398,374,1241,1483,1240,2321,178,150,284,450,297,862,369,1364,537,971,273,231,214,402,149,747,12043,7478,970,0,4954,0,0,0,0
2021-03-02T23:59:59+01:00,0,2,399,361,537,943,537,1782,715,2554,993,1940,388,364,998,1216,1122,2143,178,148,283,439,293,856,369,1355,537,965,273,231,214,402,149,747,11224,7439,935,0,4835,0,0,0,0
2021-03-01T23:59:59+01:00,0,2,397,353,528,921,519,1751,706,2530,982,1923,384,357,997,1209,1122,2139,178,146,283,430,290,846,366,1340,534,959,271,229,213,401,149,747,11205,7382,900,0,4715,0,0,0,0
2021-02-28T23:59:59+01:00,0,2,394,350,525,913,514,1740,703,2520,977,1908,380,352,997,1207,1122,2139,176,145,283,430,290,845,366,1340,533,959,271,229,213,401,149,747,11205,7377,873,0,4665,0,0,0,0
2021-02-27T23:59:59+01:00,0,2,393,348,520,906,512,1734,700,2511,974,1906,379,351,997,1207,1121,2139,176,145,283,430,290,845,366,1340,532,959,271,229,213,401,149,747,11204,7376,873,0,4623,0,0,0,0
2021-02-26T23:59:59+01:00,0,2,345,301,451,733,436,1426,571,2093,804,1563,351,321,997,1204,1121,2139,176,143,283,427,288,837,364,1332,530,956,271,229,213,401,149,747,11193,7346,862,0,2803,0,0,0,0
2021-02-25T23:59:59+01:00,0,2,325,293,441,711,424,1390,556,2045,786,1531,343,315,913,1115,1049,2015,125,129,263,423,277,825,353,1316,525,949,271,227,213,401,149,747,10793,7193,832,0,2629,0,0,0,0
2021-02-24T23:59:59+01:00,0,2,320,287,436,695,417,1354,540,1997,764,1487,335,302,705,883,865,1710,125,123,262,417,274,816,351,1303,518,942,269,225,211,401,149,745,9854,7131,791,0,2454,0,0,0,0
2021-02-23T23:59:59+01:00,0,2,318,275,428,681,406,1331,532,1961,746,1468,321,292,456,637,674,1409,125,122,261,415,272,811,351,1296,517,934,268,224,210,401,148,744,8856,7099,747,0,2334,0,0,0,0
2021-02-22T23:59:59+01:00,0,2,318,273,427,674,405,1326,528,1951,741,1464,321,289,455,635,674,1408,125,117,256,405,271,794,347,1272,512,926,264,223,210,401,148,744,8852,7015,735,0,2304,0,0,0,0
2021-02-21T23:59:59+01:00,0,2,315,272,425,668,402,1318,526,1943,735,1460,310,284,451,631,672,1408,125,117,255,404,271,792,344,1269,505,923,263,222,209,400,147,735,8847,6981,694,0,2281,0,0,0,0
2021-02-20T23:59:59+01:00,0,2,315,269,425,666,402,1310,525,1934,733,1456,310,284,451,631,672,1408,125,117,255,404,271,792,344,1269,504,923,263,222,209,400,147,735,8847,6980,694,0,2252,0,0,0,0
2021-02-19T23:59:59+01:00,0,1,269,243,393,590,368,1142,467,1720,626,1246,301,268,425,595,593,1301,125,117,255,404,270,792,344,1269,504,923,263,222,209,400,147,735,8630,6979,588,0,1330,0,0,0,0
2021-02-18T23:59:59+01:00,0,1,268,238,386,581,357,1121,454,1702,616,1239,301,266,372,548,491,1173,122,114,251,399,263,786,341,1260,501,922,261,220,209,400,147,735,8451,6931,416,0,1247,0,0,0,0
2021-02-17T23:59:59+01:00,0,1,262,234,374,567,350,1112,431,1686,608,1227,296,259,218,412,156,764,114,101,247,393,258,771,335,1244,495,911,257,217,208,400,147,735,7734,6833,31,0,1192,0,0,0,0
2021-02-16T23:59:59+01:00,0,1,260,232,363,565,340,1103,423,1672,603,1221,293,256,218,411,156,764,83,89,227,367,247,741,317,1204,463,876,236,202,201,382,146,728,7727,6509,27,0,1127,0,0,0,0
2021-02-15T23:59:59+01:00,0,1,258,232,361,561,339,1097,421,1660,599,1215,293,256,218,410,155,764,82,87,223,356,239,729,307,1176,448,853,223,195,190,360,140,672,7719,6280,24,0,1097,0,0,0,0
2021-02-14T23:59:59+01:00,0,1,257,230,355,558,335,1087,417,1654,596,1212,293,256,218,410,155,764,78,85,216,351,236,721,302,1163,444,838,222,193,190,349,140,663,7709,6191,19,0,1070,0,0,0,0
2021-02-13T23:59:59+01:00,0,1,257,230,355,558,335,1087,416,1654,596,1211,292,256,218,410,155,764,78,85,216,351,236,721,302,1163,444,838,222,193,190,349,140,663,7707,6191,19,0,1069,0,0,0,0
2021-02-12T23:59:59+01:00,0,1,199,169,306,480,308,893,383,1416,559,996,284,241,217,410,155,764,75,84,213,350,234,718,295,1159,441,833,220,192,190,348,140,663,7695,6155,19,0,67,0,0,0,0
2021-02-11T23:59:59+01:00,0,0,197,168,300,469,304,879,377,1396,549,988,284,241,217,410,155,764,74,81,202,324,224,674,275,1108,424,785,219,189,190,343,140,660,7654,5912,16,0,28,0,0,0,0
2021-02-10T23:59:59+01:00,0,0,194,161,296,465,301,875,371,1385,545,980,282,239,215,409,155,762,69,75,186,298,213,615,258,1023,399,733,210,175,176,314,128,613,7612,5485,10,0,13,0,0,0,0
2021-02-09T23:59:59+01:00,0,0,189,155,293,456,300,866,371,1375,543,971,279,238,215,409,155,761,60,60,147,234,184,511,220,831,343,598,189,149,156,279,118,547,7568,4626,2,0,6,0,0,0,0
2021-02-08T23:59:59+01:00,0,0,182,148,290,444,295,856,367,1355,536,964,275,234,214,408,153,757,33,47,102,144,135,283,161,454,249,391,160,123,129,224,95,452,7470,3182,2,0,6,0,0,0,0
2021-02-07T23:59:59+01:00,0,0,180,146,287,443,294,854,366,1354,535,963,274,233,214,408,153,757,18,40,83,122,130,262,152,420,233,364,152,119,119,214,90,417,7460,2935,1,0,0,0,0,0,0
2021-02-06T23:59:59+01:00,0,0,180,146,287,443,294,854,366,1354,535,963,274,233,214,408,153,757,18,37,81,119,120,247,141,404,202,343,137,115,118,209,89,407,7460,2787,1,0,0,0,0,0,0
2021-02-05T23:59:59+01:00,0,0,180,144,287,440,293,843,364,1346,531,960,274,232,214,408,153,756,17,32,77,114,113,234,136,377,188,324,132,110,115,204,82,391,7424,2646,1,0,0,0,0,0,0
2021-02-04T23:59:59+01:00,0,0,172,139,286,436,286,834,361,1335,522,951,273,230,213,408,153,754,10,21,51,77,84,178,113,287,156,267,114,96,103,190,74,351,7353,2172,0,0,0,0,0,0,0
2021-02-03T23:59:59+01:00,0,0,154,132,276,430,282,828,359,1324,522,949,273,230,212,408,153,753,10,19,43,67,75,142,89,257,134,219,95,81,88,162,67,311,7285,1859,0,0,0,0,0,0,0
2021-02-02T23:59:59+01:00,0,0,133,126,264,428,279,821,354,1317,521,942,272,230,211,408,152,752,10,16,34,61,63,119,74,212,103,169,63,57,63,104,43,196,7210,1387,0,0,0,0,0,0,0
2021-02-01T23:59:59+01:00,0,0,128,121,259,413,277,804,352,1293,515,930,267,228,211,408,152,752,4,10,20,34,33,66,46,119,59,69,28,28,27,44,25,97,7110,709,0,0,0,0,0,0,0
2021-01-31T23:59:59+01:00,0,0,127,118,257,411,275,800,350,1287,511,928,267,225,210,407,152,752,4,6,15,23,28,47,32,73,39,42,14,8,13,28,20,59,7077,451,0,0,0,0,0,0,0
2021-01-30T23:59:59+01:00,0,0,127,118,257,411,275,799,350,1286,510,928,267,225,210,407,152,752,4,6,13,20,25,40,27,65,36,40,14,8,13,28,20,59,7074,418,0,0,0,0,0,0,0
2021-01-29T23:59:59+01:00,0,0,127,118,257,411,274,799,350,1286,510,928,267,225,210,407,152,752,4,6,7,18,23,31,22,57,32,37,14,8,13,27,19,58,7073,376,0,0,0,0,0,0,0
2021-01-28T23:59:59+01:00,0,0,125,115,253,405,270,793,347,1279,506,927,267,225,210,407,152,752,1,3,2,8,15,13,12,28,12,22,11,4,6,14,6,23,7033,180,0,0,0,0,0,0,0
2021-01-27T23:59:59+01:00,0,0,117,105,251,401,267,785,342,1272,500,920,262,222,209,406,152,752,0,0,1,4,11,11,8,21,10,17,10,4,6,14,6,23,6963,146,0,0,0,0,0,0,0
2021-01-26T23:59:59+01:00,0,0,88,93,233,384,259,760,329,1234,475,889,242,210,202,390,152,744,0,0,1,4,11,11,8,21,10,17,10,4,6,14,6,23,6684,146,0,0,0,0,0,0,0
2021-01-25T23:59:59+01:00,0,0,85,88,231,364,246,741,315,1200,457,864,226,203,193,370,148,689,0,0,1,4,11,9,7,14,7,13,10,4,6,14,6,23,6420,129,0,0,0,0,0,0,0
2021-01-24T23:59:59+01:00,0,0,85,86,227,360,245,736,312,1187,455,849,225,201,193,359,148,679,0,0,1,4,11,9,7,14,7,13,10,4,6,14,6,23,6347,129,0,0,0,0,0,0,0
2021-01-23T23:59:59+01:00,0,0,85,86,227,360,245,736,312,1187,455,849,225,201,193,359,148,679,0,0,1,4,11,9,7,14,7,13,10,4,6,14,6,23,6347,129,0,0,0,0,0,0,0
2021-01-22T23:59:59+01:00,0,0,85,85,225,358,245,733,308,1183,451,846,223,200,193,358,148,679,0,0,1,4,11,9,7,14,7,13,10,4,6,14,6,23,6320,129,0,0,0,0,0,0,0
2021-01-21T23:59:59+01:00,0,0,85,82,211,329,235,689,283,1132,437,813,222,196,192,352,148,676,0,0,1,2,9,8,6,13,6,11,10,4,6,14,6,23,6082,119,0,0,0,0,0,0,0
2021-01-20T23:59:59+01:00,0,0,79,76,197,308,223,625,269,1039,408,754,213,185,177,323,137,629,0,0,1,2,9,8,6,13,6,11,10,4,6,14,6,23,5642,119,0,0,0,0,0,0,0
2021-01-19T23:59:59+01:00,0,0,71,66,157,258,203,562,243,916,367,645,194,159,155,283,124,552,0,0,1,2,3,7,6,12,4,9,7,3,6,14,6,23,4955,103,0,0,0,0,0,0,0
2021-01-18T23:59:59+01:00,0,0,59,58,134,215,181,458,216,759,327,552,178,140,131,233,104,470,0,0,0,1,2,4,3,7,2,7,6,3,6,14,6,22,4215,83,0,0,0,0,0,0,0
2021-01-17T23:59:59+01:00,0,0,36,46,109,184,167,395,199,668,301,494,170,134,118,215,90,416,0,0,0,0,2,4,2,7,2,5,4,3,6,14,5,22,3742,76,0,0,0,0,0,0,0
2021-01-16T23:59:59+01:00,0,0,29,43,109,181,157,378,184,648,270,472,155,129,117,210,89,406,0,0,0,0,0,0,0,0,0,0,0,0,0,0,0,0,3577,0,0,0,0,0,0,0,0
2021-01-15T23:59:59+01:00,0,0,27,39,105,176,146,365,178,618,253,450,150,120,114,204,81,390,0,0,0,0,0,0,0,0,0,0,0,0,0,0,0,0,3416,0,0,0,0,0,0,0,0
2021-01-14T23:59:59+01:00,0,0,9,24,51,77,84,169,114,283,150,262,123,101,100,189,71,350,0,0,0,0,0,0,0,0,0,0,0,0,0,0,0,0,2157,0,0,0,0,0,0,0,0
2021-01-13T23:59:59+01:00,0,0,8,20,41,67,76,134,92,254,125,225,94,79,81,152,56,282,0,0,0,0,0,0,0,0,0,0,0,0,0,0,0,0,1786,0,0,0,0,0,0,0,0
2021-01-12T23:59:59+01:00,0,0,8,15,37,63,63,110,77,206,96,171,61,53,54,91,32,162,0,0,0,0,0,0,0,0,0,0,0,0,0,0,0,0,1299,0,0,0,0,0,0,0,0
2021-01-11T23:59:59+01:00,0,0,1,10,27,46,39,79,56,137,59,84,31,27,22,35,16,70,0,0,0,0,0,0,0,0,0,0,0,0,0,0,0,0,739,0,0,0,0,0,0,0,0
2021-01-10T23:59:59+01:00,0,0,1,5,20,32,34,55,37,90,38,52,14,7,7,18,11,31,0,0,0,0,0,0,0,0,0,0,0,0,0,0,0,0,452,0,0,0,0,0,0,0,0
2021-01-09T23:59:59+01:00,0,0,1,5,18,28,33,51,32,80,36,51,14,7,7,18,11,31,0,0,0,0,0,0,0,0,0,0,0,0,0,0,0,0,423,0,0,0,0,0,0,0,0
2021-01-08T23:59:59+01:00,0,0,1,5,15,26,30,40,26,71,32,47,13,7,6,16,10,30,0,0,0,0,0,0,0,0,0,0,0,0,0,0,0,0,375,0,0,0,0,0,0,0,0
2021-01-07T23:59:59+01:00,0,0,1,3,2,10,15,13,13,29,14,24,11,5,6,15,8,24,0,0,0,0,0,0,0,0,0,0,0,0,0,0,0,0,193,0,0,0,0,0,0,0,0
2021-01-06T23:59:59+01:00,0,0,1,0,2,4,13,11,9,23,12,19,11,5,6,15,8,24,0,0,0,0,0,0,0,0,0,0,0,0,0,0,0,0,163,0,0,0,0,0,0,0,0
2021-01-05T23:59:59+01:00,0,0,0,0,1,4,12,11,8,21,11,19,10,5,6,15,8,24,0,0,0,0,0,0,0,0,0,0,0,0,0,0,0,0,155,0,0,0,0,0,0,0,0
2021-01-04T23:59:59+01:00,0,0,0,0,1,4,12,10,7,17,9,17,10,5,6,15,8,24,0,0,0,0,0,0,0,0,0,0,0,0,0,0,0,0,145,0,0,0,0,0,0,0,0
2021-01-03T23:59:59+01:00,0,0,0,0,1,4,11,9,7,14,7,14,10,5,6,15,8,24,0,0,0,0,0,0,0,0,0,0,0,0,0,0,0,0,135,0,0,0,0,0,0,0,0
2021-01-02T23:59:59+01:00,0,0,0,0,1,4,11,9,7,14,7,14,10,5,6,15,8,24,0,0,0,0,0,0,0,0,0,0,0,0,0,0,0,0,135,0,0,0,0,0,0,0,0
2021-01-01T23:59:59+01:00,0,0,0,0,1,4,11,9,7,14,7,14,10,5,6,15,8,24,0,0,0,0,0,0,0,0,0,0,0,0,0,0,0,0,135,0,0,0,0,0,0,0,0
2020-12-31T23:59:59+01:00,0,0,0,0,1,4,11,9,7,14,7,14,10,5,6,15,8,24,0,0,0,0,0,0,0,0,0,0,0,0,0,0,0,0,135,0,0,0,0,0,0,0,0
2020-12-30T23:59:59+01:00,0,0,0,0,1,4,11,9,7,14,7,14,10,5,6,15,8,24,0,0,0,0,0,0,0,0,0,0,0,0,0,0,0,0,135,0,0,0,0,0,0,0,0
2020-12-29T23:59:59+01:00,0,0,0,0,1,4,8,9,7,14,5,12,10,5,6,15,8,24,0,0,0,0,0,0,0,0,0,0,0,0,0,0,0,0,128,0,0,0,0,0,0,0,0
2020-12-28T23:59:59+01:00,0,0,0,0,1,1,5,7,7,8,3,9,10,5,6,15,8,24,0,0,0,0,0,0,0,0,0,0,0,0,0,0,0,0,109,0,0,0,0,0,0,0,0
2020-12-27T23:59:59+01:00,0,0,0,0,0,0,2,4,2,7,2,6,4,4,6,15,7,23,0,0,0,0,0,0,0,0,0,0,0,0,0,0,0,0,82,0,0,0,0,0,0,0,0
