Datum,<24_1_m,<24_1_w,25-34_1_m,25-34_1_w,35-44_1_m,35-44_1_w,45-54_1_m,45-54_1_w,55-64_1_m,55-64_1_w,65-74_1_m,65-74_1_w,75-84_1_m,75-84_1_w,>84_1_m,>84_1_w,<24_2_m,<24_2_w,25-34_2_m,25-34_2_w,35-44_2_m,35-44_2_w,45-54_2_m,45-54_2_w,55-64_2_m,55-64_2_w,65-74_2_m,65-74_2_w,75-84_2_m,75-84_2_w,>84_2_m,>84_2_w,bp_1,bp_2,mo_1,mo_2,az_1,az_2,ja
2021-06-20T23:59:59+02:00,3866,3928,6323,6091,8526,9531,14315,14968,18122,18586,14582,15320,8286,10431,2247,4504,1805,1725,2940,3283,3930,5237,6121,7613,11104,11784,10735,11178,7075,8813,2161,4333,112054,71713,15390,8603,27606,14945,4576
2021-06-19T23:59:59+02:00,3835,3900,6294,6069,8499,9515,14292,14961,18117,18582,14582,15320,8286,10431,2247,4504,1801,1713,2934,3278,3924,5232,6106,7608,11095,11777,10735,11177,7075,8813,2161,4333,111866,71640,15386,8603,27606,14943,4576
2021-06-18T23:59:59+02:00,3782,3851,6219,6027,8437,9465,14250,14937,18098,18572,14581,15318,8285,10430,2247,4504,1726,1610,2790,3094,3739,4944,5681,7213,9637,10244,10610,11050,7033,8765,2152,4319,111495,66533,15361,8602,27606,14931,4541
2021-06-17T23:59:59+02:00,3719,3792,6161,5992,8371,9412,14191,14901,18080,18564,14579,15314,8285,10428,2247,4501,1586,1501,2603,2885,3478,4661,5312,6807,8991,9547,10353,10832,7001,8721,2149,4316,111144,62896,15337,8488,27603,14906,4453
2021-06-16T23:59:59+02:00,3657,3721,6042,5931,8256,9319,14072,14823,18026,18531,14573,15307,8285,10425,2247,4501,1474,1440,2469,2782,3295,4499,5014,6535,7961,8286,10287,10765,6970,8686,2139,4301,110523,59256,15263,8442,27600,14875,4330
2021-06-15T23:59:59+02:00,3553,3639,5935,5844,8061,9137,13805,14609,17906,18430,14566,15300,8279,10419,2247,4500,1428,1402,2406,2729,3179,4421,4802,6404,7499,7876,9966,10385,6941,8652,2132,4291,109172,57029,15236,8410,27592,14844,4230
2021-06-14T23:59:59+02:00,3474,3564,5851,5785,7914,9009,13505,14356,17752,18290,14552,15290,8273,10414,2246,4499,1400,1368,2339,2674,3049,4324,4587,6258,7075,7442,9567,9934,6915,8619,2130,4283,107802,54702,15229,8305,27588,14802,4155
2021-06-13T23:59:59+02:00,3446,3525,5795,5754,7842,8934,13362,14207,17666,18195,14546,15282,8272,10411,2245,4499,1388,1351,2310,2665,3012,4312,4544,6239,7049,7427,9564,9927,6915,8618,2130,4283,107075,54563,15218,8299,27582,14766,4106
2021-06-12T23:59:59+02:00,3414,3506,5765,5730,7812,8916,13343,14190,17660,18193,14546,15281,8272,10411,2245,4499,1323,1279,2221,2582,2912,4180,4402,6118,6942,7345,9482,9844,6332,7902,2130,4283,106879,54450,15217,8299,27582,12423,4105
2021-06-11T23:59:59+02:00,3328,3421,5694,5665,7613,8710,12916,13885,17425,18012,14533,15256,8265,10404,2244,4497,1295,1258,2174,2541,2844,4131,4317,6054,6815,7234,9412,9766,6320,7897,2128,4277,105865,53927,14329,8054,27580,12388,4094
2021-06-10T23:59:59+02:00,3263,3377,5595,5616,7487,8628,12734,13751,17318,17915,14530,15253,8264,10404,2244,4496,1250,1224,2102,2479,2734,4052,4152,5917,6532,6982,9214,9558,6305,7871,2122,4272,105012,52381,14254,8051,27575,12300,4034
2021-06-09T23:59:59+02:00,3171,3301,5469,5522,7273,8450,12434,13506,17166,17787,14522,15239,8260,10395,2244,4495,1186,1155,1959,2358,2529,3857,3787,5630,5820,6361,8558,8793,6254,7804,2111,4244,103817,48419,14108,8034,27566,12210,3743
2021-06-08T23:59:59+02:00,3061,3181,5336,5403,7080,8255,11957,13062,16848,17442,14508,15214,8250,10388,2243,4492,1144,1117,1888,2305,2432,3780,3643,5569,5682,6234,8532,8778,6252,7793,2109,4241,101631,47926,14081,7986,27564,12143,3444
2021-06-07T23:59:59+02:00,2916,3068,5144,5280,6868,8086,11435,12682,16573,17181,14487,15190,8245,10374,2242,4488,1066,1073,1756,2252,2288,3697,3373,5478,5323,5924,8017,8189,6210,7741,2106,4233,99712,45729,14038,7972,27555,12071,2954
2021-06-06T23:59:59+02:00,2877,3039,5082,5227,6784,8034,11304,12568,16490,17123,14485,15188,8245,10374,2240,4487,1047,1064,1729,2236,2251,3671,3312,5454,5279,5902,8014,8186,6205,7736,2106,4232,99130,45574,13987,7963,27547,12004,2883
2021-06-05T23:59:59+02:00,2863,3014,5055,5198,6744,8011,11274,12540,16482,17117,14485,15188,8245,10374,2240,4487,1028,1047,1699,2210,2207,3614,3199,5368,4904,5556,7456,7519,6179,7693,2105,4230,98911,43209,13987,7958,27540,11968,2879
2021-06-04T23:59:59+02:00,2828,2977,5008,5155,6699,7958,11184,12438,16436,17062,14482,15182,8245,10373,2239,4486,1012,1032,1679,2187,2167,3577,3147,5309,4718,5332,7181,7193,6148,7654,2103,4226,98388,41945,13982,7956,27540,11922,2842
2021-06-03T23:59:59+02:00,2706,2829,4856,4984,6494,7709,10379,11738,15971,16705,14474,15174,8243,10368,2238,4485,994,994,1634,2130,2118,3494,3050,5198,4555,5152,7061,7034,6137,7626,2103,4224,95067,40913,13945,7946,27535,11839,2806
2021-06-02T23:59:59+02:00,2683,2802,4817,4951,6437,7670,10273,11647,15922,16659,14468,15170,8242,10364,2238,4484,983,981,1612,2110,2069,3457,2951,5106,4155,4709,6581,6476,6097,7577,2100,4216,94544,38639,13945,7942,27535,11796,2803
2021-06-01T23:59:59+02:00,2610,2754,4694,4854,6277,7558,10082,11510,15832,16594,14465,15168,8239,10358,2237,4481,945,949,1544,2061,1957,3394,2782,5009,3958,4572,6388,6269,6073,7562,2098,4210,93696,37562,13895,7922,27522,11687,2600
2021-05-31T23:59:59+02:00,2548,2688,4594,4756,6136,7424,9885,11377,15760,16549,14460,15160,8236,10358,2237,4481,920,906,1489,2007,1886,3348,2652,4961,3859,4505,6042,5874,6052,7540,2096,4204,92973,36484,13810,7917,27513,11587,2353
2021-05-30T23:59:59+02:00,2519,2662,4535,4692,6045,7363,9812,11321,15731,16531,14459,15158,8236,10358,2237,4481,905,890,1468,1990,1831,3319,2510,4929,3771,4492,6041,5872,6052,7540,2096,4204,92528,36171,13771,7895,27503,11506,2338
2021-05-29T23:59:59+02:00,2500,2646,4518,4679,6026,7350,9801,11308,15727,16528,14458,15158,8236,10358,2237,4481,883,814,1358,1735,1703,2940,2301,4375,3496,4104,5966,5779,5948,7422,2095,4204,92402,36122,13769,7890,27502,8773,2338
2021-05-28T23:59:59+02:00,2474,2620,4480,4632,5984,7310,9720,11234,15667,16484,14456,15156,8236,10358,2237,4480,862,707,1277,1481,1602,2511,2115,3689,3169,3499,5408,5122,5875,7346,2092,4193,91936,34828,13756,7890,27499,5893,2337
2021-05-27T23:59:59+02:00,2423,2579,4390,4568,5857,7233,9567,11132,15588,16409,14454,15155,8236,10357,2237,4480,832,663,1241,1403,1558,2377,2049,3537,3025,3364,5011,4677,5844,7308,2084,4167,91261,33716,13607,7881,27475,5221,2322
2021-05-26T23:59:59+02:00,2341,2451,4181,4420,5508,6961,8492,10300,14975,15825,14445,15149,8232,10352,2236,4478,820,642,1212,1345,1514,2320,1987,3414,2820,3191,3766,3347,5790,7238,2064,4117,90490,30465,10098,7867,27461,4958,2297
2021-05-25T23:59:59+02:00,2292,2409,4094,4350,5413,6898,8354,10191,14608,15393,14406,15117,8226,10340,2235,4475,806,630,1185,1307,1491,2297,1965,3391,2796,3165,3762,3339,5783,7236,2062,4116,89160,30380,9953,7858,27444,4849,2244
2021-05-24T23:59:59+02:00,2257,2358,4007,4277,5306,6816,8219,10053,14104,14777,14367,15070,8221,10328,2234,4471,799,621,1164,1295,1456,2286,1949,3373,2773,3145,3739,3316,5766,7217,2054,4101,87373,30252,9874,7807,27433,4810,2185
2021-05-23T23:59:59+02:00,2247,2344,3986,4253,5289,6804,8164,10017,14034,14720,14357,15065,8220,10328,2233,4471,791,611,1153,1283,1432,2264,1898,3337,2661,3041,3250,2788,5287,6591,2041,4059,87140,30080,9774,5433,27433,4789,2185
2021-05-22T23:59:59+02:00,2066,2301,3660,4202,4891,6760,7930,9952,13930,14655,14351,15065,8220,10327,2233,4471,616,576,839,1242,1056,2227,1682,3274,2566,2979,3246,2787,5287,6590,2041,4059,86993,30068,9774,5433,27433,4752,814
2021-05-21T23:59:59+02:00,1973,2176,3497,4001,4701,6464,7504,9569,12660,13323,14233,14953,8183,10282,2227,4464,613,562,830,1241,1054,2219,1634,3239,2478,2904,3092,2653,5266,6548,2038,4047,82235,29438,9734,5433,27428,4734,813
2021-05-20T23:59:59+02:00,1932,2134,3397,3944,4593,6386,7330,9490,12456,13102,14221,14942,8181,10276,2226,4463,593,544,786,1197,994,2153,1509,3158,2354,2811,2911,2488,5234,6476,2031,4034,81410,28697,9633,5418,27373,4501,657
2021-05-19T23:59:59+02:00,1904,2100,3336,3891,4494,6323,7226,9428,12225,12848,14213,14937,8179,10275,2226,4462,585,523,767,1166,976,2079,1368,2978,1996,2519,2404,2027,5138,6358,2011,3997,80607,26634,9494,5402,27347,4237,619
2021-05-18T23:59:59+02:00,1833,2061,3247,3799,4380,6217,7064,9269,11959,12606,14171,14893,8169,10251,2224,4455,582,508,750,1152,960,2062,1263,2899,1684,2273,2018,1727,5064,6270,1996,3962,79530,25107,9293,5392,27278,4174,497
2021-05-17T23:59:59+02:00,1774,1970,3106,3632,4172,5914,6698,8803,11444,12098,14080,14818,8154,10226,2219,4448,580,500,743,1145,941,2055,1238,2875,1657,2233,2003,1712,5058,6264,1993,3959,76661,25045,9258,5378,27253,4149,384
2021-05-16T23:59:59+02:00,1751,1946,3050,3592,4068,5813,6548,8672,11278,11977,14064,14798,8146,10218,2219,4447,570,493,719,1131,912,2038,1209,2849,1626,2209,1998,1704,5056,6260,1990,3957,75924,25017,9202,5360,27222,4105,239
2021-05-15T23:59:59+02:00,1649,1833,2830,3416,3840,5525,6160,8183,10973,11728,13983,14741,8131,10189,2215,4441,569,492,716,1128,912,2036,1205,2848,1621,2202,1983,1695,5054,6254,1990,3955,73182,24962,9202,5360,27215,4100,238
2021-05-14T23:59:59+02:00,1603,1766,2722,3324,3692,5350,5957,7893,10766,11506,13951,14704,8119,10171,2213,4436,517,445,638,952,843,1726,1069,2427,1437,1914,1968,1678,5052,6246,1989,3950,71552,24901,9196,5358,27191,2358,234
2021-05-13T23:59:59+02:00,1534,1693,2623,3243,3523,5212,5729,7675,10573,11352,13925,14679,8113,10170,2211,4433,510,427,609,927,729,1607,979,2354,1176,1707,1221,1060,4870,6054,1982,3919,70402,24785,8905,2832,27162,2295,219
2021-05-12T23:59:59+02:00,1527,1684,2607,3238,3506,5200,5709,7662,10559,11340,13925,14676,8112,10168,2210,4433,510,426,608,925,726,1607,974,2353,1171,1701,1207,1049,4855,6012,1952,3860,70297,24594,8881,2832,27160,2292,218
2021-05-11T23:59:59+02:00,1479,1635,2531,3153,3387,5075,5512,7507,10287,11045,13883,14627,8101,10150,2206,4426,503,410,590,913,704,1592,946,2327,1145,1677,1152,1010,4795,5909,1915,3748,68975,24112,8757,2815,27074,2211,198
2021-05-10T23:59:59+02:00,1450,1601,2459,3079,3263,4952,5374,7332,9977,10687,13845,14592,8092,10132,2203,4424,500,407,578,901,692,1579,934,2308,1129,1663,1116,979,4734,5820,1876,3648,67630,23704,8639,2812,27004,2159,189
2021-05-09T23:59:59+02:00,1428,1579,2421,3069,3185,4919,5301,7296,9923,10643,13835,14579,8091,10128,2203,4422,488,404,569,894,670,1561,908,2289,1119,1650,1099,962,4719,5783,1863,3608,67395,23547,8565,2810,26960,2127,102
2021-05-08T23:59:59+02:00,1423,1574,2406,3058,3169,4909,5263,7282,9898,10637,13835,14578,8091,10128,2203,4422,488,404,569,894,669,1561,908,2288,1118,1649,1099,962,4718,5783,1863,3608,67256,23546,8559,2807,26959,2126,102
2021-05-07T23:59:59+02:00,1403,1551,2364,3017,3112,4852,5165,7193,9680,10393,13825,14562,8085,10123,2200,4418,437,373,536,815,630,1398,831,2073,1032,1480,1075,942,4701,5760,1861,3603,66356,23442,8553,2804,26932,1199,102
2021-05-06T23:59:59+02:00,1239,1437,2134,2770,2806,4544,4771,6770,9119,9808,13566,14336,8053,10082,2198,4417,434,368,525,793,613,1366,809,2038,1001,1455,1051,909,4693,5751,1859,3599,62733,23317,8425,2754,26797,1098,95
2021-05-05T23:59:59+02:00,1169,1376,2021,2656,2635,4359,4458,6500,8136,8611,13501,14273,8015,10041,2188,4402,431,364,516,784,595,1357,776,2023,978,1435,975,845,4660,5686,1851,3586,59236,23005,8380,2735,26676,1073,49
2021-05-04T23:59:59+02:00,1145,1353,1966,2618,2527,4288,4222,6380,7703,8227,13173,13887,7988,10008,2183,4395,428,362,510,781,584,1348,757,2007,963,1427,955,823,4646,5672,1848,3577,57184,22876,8322,2720,26516,1051,41
2021-05-03T23:59:59+02:00,1111,1311,1905,2563,2412,4175,4003,6251,7250,7788,12764,13417,7955,9975,2178,4381,422,360,508,777,571,1340,751,1997,948,1416,931,799,4630,5655,1843,3564,54765,22768,8296,2711,26378,1033,0
2021-05-02T23:59:59+02:00,1102,1310,1888,2557,2386,4167,3958,6240,7222,7781,12763,13416,7955,9975,2178,4381,422,360,505,777,570,1338,747,1997,947,1412,929,795,4629,5652,1843,3564,54632,22752,8292,2709,26355,1026,0
2021-05-01T23:59:59+02:00,1102,1308,1880,2555,2376,4161,3947,6231,7211,7773,12762,13415,7955,9975,2178,4381,422,360,505,777,570,1338,746,1996,945,1412,929,795,4629,5652,1843,3564,54565,22752,8292,2705,26353,1026,0
2021-04-30T23:59:59+02:00,1084,1300,1859,2540,2351,4128,3912,6195,7105,7689,12699,13346,7953,9972,2176,4369,359,302,472,691,538,1154,718,1769,912,1221,917,789,4627,5650,1843,3564,54071,22738,8291,2701,26316,87,0
2021-04-29T23:59:59+02:00,1023,1267,1807,2495,2279,4062,3768,6062,6822,7426,12491,13133,7936,9946,2172,4363,353,300,464,685,535,1146,709,1759,906,1214,908,774,4618,5642,1843,3563,52484,22658,8276,2695,26292,66,0
2021-04-28T23:59:59+02:00,953,1230,1730,2431,2128,3939,3446,5802,6115,6804,11813,12351,7883,9863,2149,4335,352,297,462,679,526,1130,697,1741,897,1208,893,757,4601,5617,1841,3563,48451,22538,8270,2677,26251,46,0
2021-04-27T23:59:59+02:00,939,1223,1713,2410,2081,3920,3372,5773,5994,6687,11790,12336,7881,9861,2149,4333,350,295,456,677,518,1125,687,1728,889,1201,880,746,4599,5613,1840,3557,47972,22461,8267,2662,26223,38,0
2021-04-26T23:59:59+02:00,930,1209,1682,2392,2015,3876,3182,5694,5646,6367,11257,11728,7836,9803,2145,4324,348,294,455,675,512,1120,673,1720,883,1194,871,739,4595,5607,1840,3554,45649,22412,8258,2635,26179,33,0
2021-04-25T23:59:59+02:00,919,1207,1667,2386,1974,3855,3046,5675,5569,6362,11253,11725,7833,9797,2144,4323,347,294,455,675,512,1113,673,1717,880,1193,871,738,4595,5607,1840,3554,45324,22407,8252,2631,26159,26,0
2021-04-24T23:59:59+02:00,902,1195,1645,2366,1931,3805,2936,5601,5203,6013,10675,11031,7805,9749,2143,4321,347,294,455,675,512,1112,672,1716,878,1192,867,732,4586,5594,1838,3553,42915,22371,8252,2627,26154,25,0
2021-04-23T23:59:59+02:00,893,1187,1634,2356,1901,3775,2893,5550,5010,5782,10399,10694,7770,9711,2140,4314,347,293,455,675,512,1111,671,1716,876,1192,867,730,4583,5592,1838,3553,41616,22360,8252,2626,26141,25,0
2021-04-22T23:59:59+02:00,876,1164,1601,2317,1850,3702,2800,5460,4839,5611,10286,10522,7757,9681,2138,4308,347,291,453,665,510,1105,662,1706,873,1184,861,726,4581,5589,1838,3552,40615,22325,8226,2601,26071,17,0
2021-04-21T23:59:59+02:00,864,1149,1576,2306,1794,3655,2681,5365,4405,5123,9759,9914,7709,9626,2136,4298,346,291,449,663,510,1104,658,1704,867,1178,850,716,4571,5576,1838,3548,38106,22276,8209,2578,26045,15,0
2021-04-20T23:59:59+02:00,855,1133,1556,2282,1762,3624,2623,5301,4258,5019,9578,9712,7689,9617,2135,4296,346,289,449,662,509,1102,658,1699,864,1174,844,712,4568,5572,1838,3548,37270,22246,8198,2573,25972,15,0
2021-04-19T23:59:59+02:00,848,1121,1546,2275,1743,3607,2591,5269,4187,4948,9219,9312,7666,9594,2133,4291,346,287,448,659,507,1099,654,1697,858,1170,840,705,4559,5571,1838,3546,36247,22207,8186,2562,25917,15,0
2021-04-18T23:59:59+02:00,844,1118,1541,2270,1725,3600,2572,5257,4178,4945,9213,9302,7666,9593,2133,4291,345,286,448,656,505,1096,653,1694,855,1170,839,702,4559,5570,1838,3546,36187,22199,8166,2548,25895,15,0
2021-04-17T23:59:59+02:00,826,1109,1436,2263,1640,3587,2531,5220,4054,4822,8553,8632,7653,9585,2133,4291,344,286,447,654,504,1096,652,1693,854,1168,839,702,4558,5570,1838,3546,36179,22188,8166,2548,23990,15,0
2021-04-16T23:59:59+02:00,807,1089,1292,2241,1501,3562,2439,5146,3824,4576,7302,7170,7618,9543,2121,4263,343,284,443,648,499,1093,643,1690,847,1161,832,695,4552,5562,1836,3544,34806,22115,8156,2544,21532,13,0
2021-04-15T23:59:59+02:00,785,1078,1281,2227,1479,3541,2381,5107,3733,4500,6885,6690,7576,9479,2104,4199,334,276,429,639,482,1080,610,1664,812,1133,717,606,4085,5074,1816,3517,33488,22060,8098,1205,21459,9,0
2021-04-14T23:59:59+02:00,778,1071,1256,2217,1450,3522,2333,5066,3542,4366,5602,5329,7531,9414,2085,4168,326,271,426,633,475,1076,605,1656,806,1129,699,591,4075,5064,1813,3513,30262,21974,8087,1176,21381,8,0
2021-04-13T23:59:59+02:00,774,1071,1248,2212,1436,3519,2319,5053,3522,4351,5588,5313,7526,9411,2084,4166,326,269,424,632,472,1073,602,1651,792,1127,685,586,4073,5063,1813,3513,30182,21954,8066,1139,21345,8,0
2021-04-12T23:59:59+02:00,768,1060,1234,2204,1418,3509,2287,5038,3491,4327,5565,5298,7517,9399,2081,4135,325,268,422,631,471,1067,600,1647,783,1119,680,584,4070,5062,1813,3513,30054,21929,8021,1118,21256,8,0
2021-04-11T23:59:59+02:00,758,1056,1219,2192,1399,3490,2214,5013,3360,4227,5022,4723,6996,8731,2074,4131,325,268,420,631,469,1066,595,1644,780,1118,676,581,4066,5057,1813,3513,30024,21923,5413,1091,21168,8,0
2021-04-10T23:59:59+02:00,758,1055,1218,2191,1397,3487,2213,5010,3357,4218,4979,4677,6993,8726,2074,4130,320,262,417,622,457,1051,569,1626,744,1091,568,484,3529,4454,1771,3438,29906,20304,5410,1091,21167,8,0
2021-04-09T23:59:59+02:00,755,1054,1210,2187,1392,3484,2172,4982,3265,4135,4803,4519,6963,8678,2070,4117,309,256,403,604,443,1040,543,1608,723,1062,447,397,2914,3644,1729,3364,29223,18388,5406,1090,21157,8,0
2021-04-08T23:59:59+02:00,744,1043,1195,2172,1375,3456,2094,4919,3117,4024,3718,3337,6778,8367,2062,4104,294,246,386,587,418,1023,522,1580,693,1040,428,376,2907,3637,1726,3361,28427,18174,5358,1042,18720,8,0
2021-04-07T23:59:59+02:00,737,1037,1181,2163,1354,3440,1955,4809,2763,3767,3168,2843,6679,8244,2040,4061,279,237,353,559,381,991,481,1544,658,1015,400,352,2848,3576,1723,3355,26252,17722,5339,1023,18650,7,0
2021-04-06T23:59:59+02:00,720,1027,1150,2154,1329,3421,1816,4747,2460,3567,2762,2540,6603,8152,2022,4028,250,221,320,534,357,973,444,1521,624,981,366,314,2793,3502,1718,3347,24654,17252,5323,1006,18521,7,0
2021-04-05T23:59:59+02:00,716,1025,1139,2150,1325,3418,1802,4736,2450,3550,2118,1848,5857,7207,2020,4028,250,221,319,530,351,966,440,1520,619,977,363,309,2792,3498,1718,3346,24623,17242,5313,970,15453,7,0
2021-04-04T23:59:59+02:00,715,1025,1138,2150,1325,3418,1802,4735,2447,3549,2118,1844,5857,7204,2020,4028,250,221,319,530,351,966,439,1520,619,977,363,309,2791,3498,1718,3346,24615,17240,5313,970,15447,7,0
2021-04-03T23:59:59+02:00,715,1025,1138,2149,1325,3418,1800,4733,2444,3549,2117,1842,5856,7204,2020,4028,250,221,319,530,351,966,439,1520,618,977,363,309,2791,3498,1718,3346,24609,17239,5309,970,15445,7,0
2021-04-02T23:59:59+02:00,715,1024,1138,2149,1321,3417,1798,4727,2442,3546,2106,1833,5848,7188,2017,4017,250,220,319,528,351,966,438,1518,617,970,361,309,2791,3497,1718,3346,24541,17222,5305,970,15440,7,0
2021-04-01T23:59:59+02:00,711,1012,1113,2129,1208,3310,1722,4673,2181,3341,1345,1208,5680,7009,2009,3993,246,219,319,527,350,965,437,1516,616,969,359,307,2791,3497,1718,3342,24433,17210,2807,961,15404,7,0
2021-03-31T23:59:59+02:00,709,1011,1110,2125,1203,3302,1710,4667,2163,3328,1318,1172,5651,6954,1972,3900,245,219,319,526,349,965,437,1515,615,967,358,305,2787,3496,1717,3341,24115,17199,2793,955,15387,7,0
2021-03-30T23:59:59+02:00,707,1002,1104,2120,1196,3297,1701,4652,2153,3314,1265,1124,5571,6813,1932,3770,245,218,319,525,346,961,432,1513,608,956,343,294,2661,3310,1622,3151,23593,16583,2771,914,15357,7,0
2021-03-29T23:59:59+02:00,705,1000,1099,2112,1187,3290,1693,4638,2139,3302,1229,1089,5510,6715,1884,3653,243,216,318,524,343,959,429,1509,605,951,333,287,2380,2966,1457,2855,23157,15456,2748,912,15340,7,0
2021-03-28T23:59:59+02:00,705,996,1097,2107,1183,3282,1689,4628,2135,3298,1213,1077,5501,6694,1874,3623,241,216,316,520,336,956,427,1501,601,937,328,278,2375,2952,1456,2853,23052,15431,2730,858,15320,4,0
2021-03-27T23:59:59+01:00,645,924,1020,2034,1097,3165,1567,4512,2039,3220,1145,1003,4905,5969,1874,3623,239,215,316,520,336,956,422,1498,599,935,328,278,2374,2951,1456,2853,23037,15415,2726,858,12979,3,0
2021-03-26T23:59:59+01:00,640,917,1014,2025,1096,3160,1556,4504,2019,3212,1100,973,4881,5936,1873,3619,238,212,315,518,334,955,420,1497,595,928,318,273,1867,2259,1146,2294,22844,13314,2717,852,12964,3,0
2021-03-25T23:59:59+01:00,637,911,1001,2014,1094,3154,1547,4492,2005,3202,1090,962,4874,5932,1873,3618,237,209,314,517,332,948,417,1492,591,918,313,269,1765,2123,1119,2237,22798,12969,2708,829,12900,3,0
2021-03-24T23:59:59+01:00,635,906,987,1999,1083,3141,1517,4476,1994,3191,1055,931,4849,5902,1868,3613,237,209,313,515,328,944,413,1485,581,901,298,258,1403,1692,1002,2024,22658,11833,2683,767,12806,3,0
2021-03-23T23:59:59+01:00,632,897,983,1988,1077,3130,1512,4463,1984,3186,1041,921,4831,5886,1868,3611,236,209,311,512,321,941,412,1485,575,897,291,251,1137,1389,919,1886,22583,11023,2675,746,12752,3,0
2021-03-22T23:59:59+01:00,631,885,979,1979,1071,3119,1501,4449,1971,3178,1038,918,4826,5885,1868,3611,234,209,310,510,320,940,409,1482,572,893,287,247,1135,1386,919,1884,22561,11007,2660,727,12688,3,0
2021-03-21T23:59:59+01:00,629,879,976,1973,1068,3113,1496,4439,1963,3171,1035,917,4826,5884,1868,3611,234,209,310,508,319,936,409,1477,565,891,278,243,1130,1381,919,1884,22558,11006,2646,684,12644,3,0
2021-03-20T23:59:59+01:00,624,868,970,1959,1052,3098,1469,4420,1925,3140,925,817,4277,5265,1825,3532,234,209,310,508,319,936,409,1477,565,891,278,243,1130,1381,918,1883,20898,11004,2645,684,12623,3,0
2021-03-19T23:59:59+01:00,614,859,949,1929,1029,3082,1433,4397,1898,3104,797,726,3641,4439,1785,3456,231,209,309,508,318,933,407,1475,560,884,276,242,1109,1361,895,1850,18922,10982,2634,582,12582,3,0
2021-03-18T23:59:59+01:00,599,839,932,1910,1006,3056,1397,4354,1853,3056,672,635,3155,3930,1765,3429,226,207,305,503,316,924,404,1469,558,878,272,238,990,1240,801,1686,18848,10604,1237,410,12503,3,0
2021-03-17T23:59:59+01:00,597,827,921,1890,995,3040,1374,4332,1835,3040,643,611,3070,3839,1760,3425,224,206,303,501,313,923,397,1464,555,873,269,234,696,909,553,1298,18543,9685,1200,33,12456,0,0
2021-03-16T23:59:59+01:00,594,812,909,1873,979,3026,1356,4318,1808,3025,618,597,3022,3764,1759,3421,223,206,302,501,312,921,394,1462,551,868,264,230,424,638,392,1024,18337,8685,1161,27,12383,0,0
2021-03-15T23:59:59+01:00,594,798,905,1857,970,3005,1350,4313,1798,3014,612,595,3021,3763,1759,3421,222,206,301,500,311,921,393,1461,549,868,264,230,424,637,391,1024,18324,8678,1138,24,12313,0,0
2021-03-14T23:59:59+01:00,593,792,898,1844,964,3001,1340,4299,1786,3003,609,591,3016,3760,1759,3421,222,206,300,500,310,919,391,1459,549,868,264,230,424,637,391,1024,18319,8676,1111,18,12246,0,0
2021-03-13T23:59:59+01:00,567,720,789,1579,838,2606,1134,3729,1510,2614,543,507,2918,3645,1758,3420,222,206,300,500,310,919,391,1459,549,868,264,230,424,637,391,1024,18315,8676,1111,18,9451,0,0
2021-03-12T23:59:59+01:00,548,612,722,1308,743,2178,953,3027,1213,2014,469,433,2881,3605,1758,3420,222,205,300,500,310,917,390,1458,549,867,264,229,400,606,353,970,18293,8522,1110,18,6481,0,0
2021-03-11T23:59:59+01:00,523,570,689,1238,694,2066,895,2874,1115,1907,437,390,2869,3597,1757,3420,222,205,299,498,309,916,390,1455,548,867,264,228,381,583,313,933,18109,8396,1062,15,5870,0,0
2021-03-10T23:59:59+01:00,508,557,650,1201,655,2035,855,2836,1080,1880,420,377,2856,3579,1756,3417,217,202,296,491,309,916,385,1447,543,861,260,222,214,442,133,710,17833,7639,1042,9,5787,0,0
2021-03-09T23:59:59+01:00,488,539,620,1173,636,2015,832,2808,1059,1857,399,360,2738,3403,1658,3221,217,202,294,489,308,915,384,1444,543,858,258,221,214,441,133,710,17073,7631,1026,0,5707,0,0
2021-03-08T23:59:59+01:00,472,512,599,1145,617,1995,816,2787,1040,1828,374,332,2451,3050,1490,2924,217,201,294,487,307,910,384,1439,543,856,257,219,214,440,133,710,15828,7611,998,0,5606,0,0
2021-03-07T23:59:59+01:00,470,507,591,1128,606,1987,813,2773,1036,1821,373,330,2446,3042,1489,2923,217,201,294,486,307,908,384,1436,543,856,257,219,214,440,133,710,15802,7605,988,0,5545,0,0
2021-03-06T23:59:59+01:00,470,502,587,1116,603,1986,807,2764,1031,1816,373,330,2446,3042,1489,2923,217,201,294,486,307,908,384,1436,543,855,256,219,214,440,133,710,15794,7603,988,0,5503,0,0
2021-03-05T23:59:59+01:00,464,485,580,1103,598,1979,802,2756,1024,1808,359,321,1908,2316,1173,2333,214,196,290,486,304,907,382,1433,541,851,256,219,214,440,133,710,13566,7576,988,0,5455,0,0
2021-03-04T23:59:59+01:00,453,452,552,1072,579,1916,775,2701,1003,1767,355,316,1806,2183,1145,2276,204,189,282,477,303,900,380,1419,539,847,255,219,214,440,133,710,13215,7511,982,0,5154,0,0
2021-03-03T23:59:59+01:00,450,442,543,1042,561,1879,751,2653,987,1735,349,311,1446,1751,1025,2058,203,188,281,476,301,899,376,1411,537,841,253,217,213,437,131,707,12060,7471,975,0,4948,0,0
2021-03-02T23:59:59+01:00,445,433,536,1011,547,1857,742,2630,977,1718,340,301,1169,1443,939,1919,203,186,280,464,297,894,376,1401,537,836,253,217,213,437,131,707,11238,7432,940,0,4829,0,0
2021-03-01T23:59:59+01:00,443,425,526,984,528,1831,730,2602,971,1703,336,296,1167,1437,939,1916,203,183,280,455,294,883,374,1386,535,832,251,215,212,436,131,707,11220,7377,905,0,4709,0,0
2021-02-28T23:59:59+01:00,440,421,522,975,524,1820,727,2592,965,1689,333,292,1167,1435,939,1916,202,182,280,455,294,882,374,1386,534,832,251,215,212,436,131,707,11220,7373,878,0,4659,0,0
2021-02-27T23:59:59+01:00,439,417,517,969,522,1815,724,2583,962,1687,332,291,1167,1435,938,1916,202,182,280,455,294,882,373,1386,534,832,251,215,212,436,131,707,11219,7372,878,0,4617,0,0
2021-02-26T23:59:59+01:00,388,363,440,785,450,1474,586,2155,791,1386,321,281,1167,1432,938,1916,202,180,280,452,292,871,371,1381,532,829,251,215,212,436,131,707,11207,7342,867,0,2799,0,0
2021-02-25T23:59:59+01:00,368,352,428,762,438,1437,572,2111,774,1352,312,275,1074,1332,876,1804,148,166,263,446,283,859,361,1366,527,825,251,213,212,436,131,707,10806,7194,837,0,2624,0,0
2021-02-24T23:59:59+01:00,363,344,422,745,432,1399,555,2058,752,1315,304,264,843,1073,717,1527,148,160,262,440,279,850,360,1352,520,819,248,211,211,436,131,705,9868,7132,796,0,2449,0,0
2021-02-23T23:59:59+01:00,360,330,414,730,422,1377,545,2021,735,1299,292,254,565,790,553,1259,148,159,261,438,277,843,360,1343,519,815,247,210,210,436,130,704,8864,7100,752,0,2330,0,0
2021-02-22T23:59:59+01:00,360,327,413,723,421,1371,540,2012,731,1295,292,251,564,788,553,1258,148,153,256,428,274,825,357,1319,514,809,244,209,210,436,130,704,8859,7016,740,0,2300,0,0
2021-02-21T23:59:59+01:00,357,326,410,717,419,1364,538,2002,724,1292,283,247,559,783,552,1258,148,152,255,428,273,823,354,1316,507,806,243,208,209,435,129,695,8855,6981,699,0,2277,0,0
2021-02-20T23:59:59+01:00,357,323,410,715,419,1355,537,1993,722,1289,283,247,559,783,552,1258,148,152,255,428,273,823,353,1316,507,806,243,208,209,435,129,695,8855,6980,699,0,2248,0,0
2021-02-19T23:59:59+01:00,310,292,377,630,383,1182,474,1772,616,1096,280,241,514,730,491,1167,148,152,255,428,272,823,353,1316,507,806,243,208,209,435,129,695,8633,6979,593,0,1329,0,0
2021-02-18T23:59:59+01:00,309,286,369,619,371,1162,461,1755,608,1090,280,239,445,661,403,1060,145,148,250,423,266,817,350,1307,504,805,241,207,209,435,129,695,8454,6931,418,0,1246,0,0
2021-02-17T23:59:59+01:00,302,280,358,606,362,1152,439,1738,601,1081,275,232,217,453,138,719,136,133,247,419,261,799,344,1291,498,796,237,205,208,435,129,695,7731,6833,31,0,1191,0,0
2021-02-16T23:59:59+01:00,298,278,348,603,353,1143,431,1725,597,1075,272,229,216,452,138,719,102,117,229,394,250,771,328,1250,466,760,217,190,201,420,128,688,7723,6511,27,0,1127,0,0
2021-02-15T23:59:59+01:00,296,277,346,599,351,1135,430,1714,593,1070,272,229,216,451,137,719,101,115,224,383,241,757,319,1221,449,739,207,183,190,392,122,639,7715,6282,24,0,1096,0,0
2021-02-14T23:59:59+01:00,294,273,341,598,347,1126,426,1708,590,1067,272,229,216,451,137,719,97,113,217,377,238,749,313,1205,446,728,206,180,190,381,122,631,7705,6193,19,0,1070,0,0
2021-02-13T23:59:59+01:00,294,273,341,598,347,1126,425,1708,590,1066,271,229,216,451,137,719,97,113,217,377,238,749,313,1205,446,728,206,180,190,381,122,631,7703,6193,19,0,1069,0,0
2021-02-12T23:59:59+01:00,224,208,302,507,317,930,394,1465,554,863,264,226,216,451,137,719,94,112,214,376,235,746,307,1200,443,723,204,179,190,381,122,631,7691,6157,19,0,67,0,0
2021-02-11T23:59:59+01:00,221,206,297,495,311,915,388,1447,546,855,264,226,216,451,137,719,93,106,201,346,224,707,287,1142,428,685,203,176,190,376,122,628,7650,5914,16,0,28,0,0
2021-02-10T23:59:59+01:00,218,199,293,490,307,912,381,1436,544,847,262,224,214,449,137,718,86,99,186,316,211,646,270,1055,405,641,193,162,175,344,112,585,7608,5486,10,0,13,0,0
2021-02-09T23:59:59+01:00,212,192,291,479,306,905,381,1424,542,840,259,223,214,448,137,718,75,79,147,250,179,540,236,850,345,526,176,134,155,309,103,523,7563,4627,2,0,6,0,0
2021-02-08T23:59:59+01:00,208,185,288,468,301,893,377,1406,536,834,255,219,213,446,135,715,43,58,105,157,131,292,170,466,250,353,154,110,126,256,83,428,7471,3182,2,0,6,0,0
2021-02-07T23:59:59+01:00,206,183,285,467,300,891,376,1404,535,834,254,218,213,446,135,715,25,48,88,136,126,271,159,433,235,327,146,104,116,244,79,396,7461,2933,1,0,0,0,0
2021-02-06T23:59:59+01:00,206,183,285,467,300,891,376,1404,535,834,254,218,213,446,135,715,25,45,85,133,115,257,150,415,202,304,133,104,115,239,78,385,7461,2785,1,0,0,0,0
2021-02-05T23:59:59+01:00,206,181,285,464,299,877,373,1399,532,831,254,217,213,446,135,714,24,40,80,126,109,243,143,389,190,286,127,100,112,233,72,370,7425,2644,1,0,0,0,0
2021-02-04T23:59:59+01:00,197,176,285,460,292,866,370,1387,523,825,253,215,212,446,135,712,14,25,53,86,83,186,117,298,158,236,112,90,101,216,65,332,7354,2172,0,0,0,0,0
2021-02-03T23:59:59+01:00,178,169,276,454,288,862,368,1375,523,824,252,215,212,446,135,711,14,23,45,72,74,150,92,270,135,191,91,75,87,185,59,294,7288,1857,0,0,0,0,0
2021-02-02T23:59:59+01:00,155,163,266,451,284,855,364,1365,522,821,251,215,211,446,134,710,13,20,36,66,63,127,74,221,106,144,59,55,61,117,37,186,7213,1385,0,0,0,0,0
2021-02-01T23:59:59+01:00,150,156,260,437,281,837,363,1340,516,811,247,213,211,446,134,710,7,13,18,36,38,73,42,112,59,63,24,28,27,47,21,96,7112,704,0,0,0,0,0
2021-01-31T23:59:59+01:00,149,153,257,435,280,833,361,1335,512,809,247,210,210,445,134,710,5,9,15,23,31,53,29,63,38,40,12,9,12,29,17,59,7080,444,0,0,0,0,0
2021-01-30T23:59:59+01:00,149,153,257,435,280,831,360,1335,512,809,247,210,210,445,134,710,5,9,13,19,28,47,24,54,35,39,12,9,12,29,17,59,7077,411,0,0,0,0,0
2021-01-29T23:59:59+01:00,149,153,257,435,279,831,360,1335,512,809,247,210,210,445,134,710,4,8,8,18,26,38,19,46,31,36,12,9,11,27,17,59,7076,369,0,0,0,0,0
2021-01-28T23:59:59+01:00,147,150,253,427,274,827,358,1328,508,808,247,210,210,445,134,710,1,3,2,8,15,16,11,23,13,20,8,5,5,15,4,23,7036,172,0,0,0,0,0
2021-01-27T23:59:59+01:00,138,140,252,423,270,818,354,1320,502,802,242,208,209,444,134,710,0,0,1,4,11,12,8,18,11,15,7,5,5,15,4,23,6966,139,0,0,0,0,0
2021-01-26T23:59:59+01:00,106,124,236,410,262,790,342,1283,477,771,222,196,202,430,134,702,0,0,1,4,11,12,8,18,11,15,7,5,5,15,4,23,6687,139,0,0,0,0,0
2021-01-25T23:59:59+01:00,103,117,233,390,247,770,330,1248,456,750,210,187,193,405,130,654,0,0,1,4,11,9,7,12,8,11,7,5,5,15,4,23,6423,122,0,0,0,0,0
2021-01-24T23:59:59+01:00,103,115,229,384,246,766,327,1232,454,739,209,184,193,394,130,645,0,0,1,4,11,9,7,12,8,11,7,5,5,15,4,23,6350,122,0,0,0,0,0
2021-01-23T23:59:59+01:00,103,115,229,384,246,766,327,1232,454,739,209,184,193,394,130,645,0,0,1,4,11,9,7,12,8,11,7,5,5,15,4,23,6350,122,0,0,0,0,0
2021-01-22T23:59:59+01:00,103,114,227,382,246,763,323,1228,450,735,207,183,193,394,130,645,0,0,1,4,11,9,7,12,8,11,7,5,5,15,4,23,6323,122,0,0,0,0,0
2021-01-21T23:59:59+01:00,103,108,210,350,236,723,299,1171,437,710,206,179,192,388,130,642,0,0,1,2,9,8,6,10,7,10,7,5,5,15,4,23,6084,112,0,0,0,0,0
2021-01-20T23:59:59+01:00,95,102,197,325,223,656,284,1074,410,661,196,168,176,356,121,599,0,0,1,2,9,8,6,10,7,10,7,5,5,15,4,23,5643,112,0,0,0,0,0
2021-01-19T23:59:59+01:00,85,88,158,276,201,592,260,940,366,564,180,139,155,315,108,528,0,0,1,2,3,7,5,9,4,8,6,4,5,15,4,23,4955,96,0,0,0,0,0
2021-01-18T23:59:59+01:00,72,77,134,231,181,480,228,780,329,484,165,121,131,266,89,447,0,0,0,1,2,3,2,4,2,7,5,4,5,15,4,21,4215,75,0,0,0,0,0
2021-01-17T23:59:59+01:00,46,59,110,202,168,415,210,688,303,431,155,114,119,248,76,392,0,0,0,0,2,3,1,4,2,5,5,4,5,15,4,21,3736,71,0,0,0,0,0
2021-01-16T23:59:59+01:00,39,56,109,199,156,399,198,665,270,407,142,114,118,243,75,381,0,0,0,0,0,0,0,0,0,0,0,0,0,0,0,0,3571,0,0,0,0,0,0
2021-01-15T23:59:59+01:00,37,52,104,192,145,385,191,635,255,387,136,106,114,236,69,366,0,0,0,0,0,0,0,0,0,0,0,0,0,0,0,0,3410,0,0,0,0,0,0
2021-01-14T23:59:59+01:00,13,29,53,85,84,179,119,296,153,228,116,92,100,218,61,328,0,0,0,0,0,0,0,0,0,0,0,0,0,0,0,0,2154,0,0,0,0,0,0
2021-01-13T23:59:59+01:00,12,25,42,71,77,144,96,270,126,192,87,73,79,176,50,263,0,0,0,0,0,0,0,0,0,0,0,0,0,0,0,0,1783,0,0,0,0,0,0
2021-01-12T23:59:59+01:00,12,20,38,65,65,120,78,217,99,142,54,50,52,102,26,153,0,0,0,0,0,0,0,0,0,0,0,0,0,0,0,0,1293,0,0,0,0,0,0
2021-01-11T23:59:59+01:00,5,15,26,45,43,86,52,135,60,71,24,26,23,39,12,67,0,0,0,0,0,0,0,0,0,0,0,0,0,0,0,0,729,0,0,0,0,0,0
2021-01-10T23:59:59+01:00,2,10,22,29,36,62,33,84,38,43,9,7,7,20,8,29,0,0,0,0,0,0,0,0,0,0,0,0,0,0,0,0,439,0,0,0,0,0,0
2021-01-09T23:59:59+01:00,2,9,20,26,34,58,29,74,36,42,9,7,7,20,8,29,0,0,0,0,0,0,0,0,0,0,0,0,0,0,0,0,410,0,0,0,0,0,0
2021-01-08T23:59:59+01:00,1,8,18,24,31,48,23,63,32,40,8,7,5,17,8,29,0,0,0,0,0,0,0,0,0,0,0,0,0,0,0,0,362,0,0,0,0,0,0
2021-01-07T23:59:59+01:00,1,3,2,10,16,16,12,24,15,21,8,6,5,16,6,24,0,0,0,0,0,0,0,0,0,0,0,0,0,0,0,0,185,0,0,0,0,0,0
2021-01-06T23:59:59+01:00,1,0,2,4,14,13,8,19,13,16,8,6,5,16,6,24,0,0,0,0,0,0,0,0,0,0,0,0,0,0,0,0,155,0,0,0,0,0,0
2021-01-05T23:59:59+01:00,0,0,1,4,12,12,8,18,12,16,7,6,5,16,6,24,0,0,0,0,0,0,0,0,0,0,0,0,0,0,0,0,147,0,0,0,0,0,0
2021-01-04T23:59:59+01:00,0,0,1,4,12,11,7,14,10,14,7,6,5,16,6,24,0,0,0,0,0,0,0,0,0,0,0,0,0,0,0,0,137,0,0,0,0,0,0
2021-01-03T23:59:59+01:00,0,0,1,4,11,9,7,12,8,11,7,6,5,16,6,24,0,0,0,0,0,0,0,0,0,0,0,0,0,0,0,0,127,0,0,0,0,0,0
2021-01-02T23:59:59+01:00,0,0,1,4,11,9,7,12,8,11,7,6,5,16,6,24,0,0,0,0,0,0,0,0,0,0,0,0,0,0,0,0,127,0,0,0,0,0,0
2021-01-01T23:59:59+01:00,0,0,1,4,11,9,7,12,8,11,7,6,5,16,6,24,0,0,0,0,0,0,0,0,0,0,0,0,0,0,0,0,127,0,0,0,0,0,0
2020-12-31T23:59:59+01:00,0,0,1,4,11,9,7,12,8,11,7,6,5,16,6,24,0,0,0,0,0,0,0,0,0,0,0,0,0,0,0,0,127,0,0,0,0,0,0
2020-12-30T23:59:59+01:00,0,0,1,4,11,9,7,12,8,11,7,6,5,16,6,24,0,0,0,0,0,0,0,0,0,0,0,0,0,0,0,0,127,0,0,0,0,0,0
2020-12-29T23:59:59+01:00,0,0,1,4,8,9,6,12,7,9,7,6,5,16,6,24,0,0,0,0,0,0,0,0,0,0,0,0,0,0,0,0,120,0,0,0,0,0,0
2020-12-28T23:59:59+01:00,0,0,1,1,5,6,6,5,5,8,7,6,5,16,6,24,0,0,0,0,0,0,0,0,0,0,0,0,0,0,0,0,101,0,0,0,0,0,0
2020-12-27T23:59:59+01:00,0,0,0,0,2,3,1,4,2,6,5,5,5,15,6,24,0,0,0,0,0,0,0,0,0,0,0,0,0,0,0,0,78,0,0,0,0,0,0
