Datum,<24_1_m,<24_1_w,25-34_1_m,25-34_1_w,35-44_1_m,35-44_1_w,45-54_1_m,45-54_1_w,55-64_1_m,55-64_1_w,65-74_1_m,65-74_1_w,75-84_1_m,75-84_1_w,>84_1_m,>84_1_w,<24_2_m,<24_2_w,25-34_2_m,25-34_2_w,35-44_2_m,35-44_2_w,45-54_2_m,45-54_2_w,55-64_2_m,55-64_2_w,65-74_2_m,65-74_2_w,75-84_2_m,75-84_2_w,>84_2_m,>84_2_w,bp_1,bp_2,mo_1,mo_2,az_1,az_2,ja
2021-06-15T23:59:59+02:00,3539,3630,5927,5832,8052,9126,13789,14604,17891,18414,14556,15292,8278,10416,2246,4496,1425,1399,2406,2729,3170,4415,4789,6399,7481,7855,9945,10369,6935,8638,2130,4278,109048,56899,15234,8405,27584,14837,4222
2021-06-14T23:59:59+02:00,3462,3556,5843,5774,7908,9001,13492,14352,17737,18274,14542,15282,8272,10411,2245,4495,1398,1366,2338,2674,3041,4319,4575,6254,7058,7421,9549,9920,6909,8605,2128,4271,107686,54578,15227,8301,27580,14794,4153
2021-06-13T23:59:59+02:00,3435,3519,5787,5745,7837,8926,13350,14202,17652,18179,14536,15274,8271,10408,2244,4495,1386,1349,2309,2664,3006,4307,4532,6235,7032,7407,9546,9913,6909,8604,2128,4271,106964,54440,15216,8295,27576,14759,4104
2021-06-12T23:59:59+02:00,3403,3500,5757,5721,7807,8908,13331,14185,17646,18177,14536,15273,8271,10408,2244,4495,1321,1277,2220,2581,2906,4175,4390,6114,6925,7325,9464,9830,6326,7888,2128,4271,106768,54327,15215,8295,27576,12416,4103
2021-06-11T23:59:59+02:00,3319,3415,5686,5656,7608,8702,12905,13880,17411,17996,14523,15248,8264,10401,2243,4493,1293,1256,2173,2540,2838,4126,4305,6050,6798,7215,9394,9752,6314,7883,2126,4265,105756,53805,14328,8050,27574,12381,4092
2021-06-10T23:59:59+02:00,3256,3371,5587,5608,7482,8620,12724,13746,17304,17899,14520,15245,8263,10401,2243,4492,1248,1222,2101,2478,2729,4048,4141,5914,6516,6963,9197,9544,6299,7857,2120,4260,104907,52265,14253,8047,27569,12293,4032
2021-06-09T23:59:59+02:00,3165,3295,5463,5514,7268,8443,12424,13501,17152,17771,14511,15231,8259,10392,2243,4491,1184,1153,1958,2358,2525,3854,3777,5628,5805,6342,8543,8779,6249,7792,2109,4233,103713,48315,14108,8030,27561,12203,3741
2021-06-08T23:59:59+02:00,3055,3175,5330,5395,7076,8250,11948,13058,16834,17427,14497,15206,8249,10385,2242,4488,1142,1116,1887,2305,2429,3777,3635,5567,5667,6215,8517,8764,6247,7781,2107,4230,101533,47826,14081,7982,27559,12136,3442
2021-06-07T23:59:59+02:00,2910,3062,5138,5272,6864,8081,11426,12678,16559,17166,14476,15182,8244,10371,2241,4484,1064,1072,1755,2252,2285,3694,3365,5476,5308,5905,8002,8175,6205,7729,2104,4222,99614,45629,14038,7968,27550,12064,2952
2021-06-06T23:59:59+02:00,2871,3033,5076,5219,6780,8029,11295,12564,16476,17108,14474,15180,8244,10371,2239,4483,1045,1063,1728,2236,2248,3668,3304,5452,5264,5883,7999,8172,6200,7724,2104,4221,99032,45474,13987,7959,27542,11997,2881
2021-06-05T23:59:59+02:00,2857,3008,5049,5190,6740,8006,11265,12536,16468,17103,14474,15180,8244,10371,2239,4483,1026,1046,1698,2210,2204,3611,3191,5366,4889,5537,7441,7505,6174,7681,2103,4220,98813,43110,13987,7954,27536,11961,2877
2021-06-04T23:59:59+02:00,2822,2972,5002,5147,6695,7953,11175,12434,16422,17048,14471,15174,8244,10370,2238,4482,1010,1031,1678,2187,2164,3574,3139,5307,4703,5313,7166,7179,6143,7642,2101,4216,98291,41846,13982,7952,27536,11915,2840
2021-06-03T23:59:59+02:00,2700,2824,4851,4976,6490,7704,10370,11734,15957,16691,14464,15166,8242,10365,2237,4481,992,993,1633,2130,2115,3491,3042,5196,4540,5133,7046,7020,6132,7614,2101,4214,94972,40814,13945,7942,27531,11832,2804
2021-06-02T23:59:59+02:00,2677,2797,4812,4943,6433,7665,10264,11643,15908,16645,14457,15162,8241,10361,2237,4480,981,980,1611,2110,2066,3454,2943,5104,4140,4690,6567,6462,6092,7565,2098,4206,94448,38541,13945,7938,27531,11789,2801
2021-06-01T23:59:59+02:00,2604,2749,4689,4846,6273,7553,10073,11506,15818,16580,14454,15160,8238,10355,2236,4477,943,948,1543,2061,1954,3391,2774,5007,3943,4553,6375,6255,6068,7550,2096,4200,93600,37465,13895,7918,27518,11680,2598
2021-05-31T23:59:59+02:00,2542,2683,4588,4748,6132,7419,9876,11374,15746,16535,14449,15152,8235,10355,2236,4477,918,905,1488,2007,1883,3345,2644,4959,3844,4486,6029,5860,6047,7528,2094,4194,92877,36387,13810,7913,27509,11580,2351
2021-05-30T23:59:59+02:00,2513,2657,4529,4684,6041,7358,9803,11318,15717,16517,14448,15150,8235,10355,2236,4477,903,889,1467,1989,1828,3316,2502,4927,3756,4473,6028,5858,6047,7528,2094,4194,92432,36074,13771,7891,27499,11498,2336
2021-05-29T23:59:59+02:00,2494,2641,4512,4671,6022,7345,9792,11305,15713,16514,14447,15150,8235,10355,2236,4477,881,813,1357,1734,1700,2937,2293,4373,3481,4085,5953,5765,5943,7410,2093,4194,92306,36025,13769,7886,27498,8765,2336
2021-05-28T23:59:59+02:00,2469,2615,4474,4624,5980,7305,9711,11231,15653,16470,14445,15148,8235,10355,2236,4476,860,706,1276,1480,1599,2508,2107,3687,3154,3480,5395,5108,5870,7334,2090,4183,91841,34731,13756,7886,27495,5885,2335
2021-05-27T23:59:59+02:00,2418,2574,4385,4560,5854,7228,9558,11129,15574,16395,14443,15147,8235,10354,2236,4476,830,662,1240,1402,1555,2374,2042,3535,3010,3345,4998,4663,5839,7296,2082,4157,91168,33619,13607,7877,27471,5214,2320
2021-05-26T23:59:59+02:00,2336,2447,4176,4412,5505,6956,8483,10297,14962,15811,14434,15141,8231,10349,2235,4474,818,641,1211,1345,1511,2317,1980,3412,2810,3178,3753,3334,5785,7226,2062,4107,90399,30381,10098,7863,27457,4951,2295
2021-05-25T23:59:59+02:00,2287,2405,4089,4342,5410,6893,8345,10188,14595,15379,14395,15109,8225,10337,2234,4471,804,629,1184,1307,1488,2294,1958,3389,2786,3152,3749,3326,5778,7224,2060,4106,89069,30296,9953,7854,27440,4842,2242
2021-05-24T23:59:59+02:00,2252,2354,4002,4269,5303,6811,8210,10050,14091,14763,14356,15062,8220,10325,2233,4467,797,620,1163,1295,1453,2283,1942,3371,2763,3132,3726,3303,5761,7205,2052,4091,87282,30168,9874,7803,27429,4803,2183
2021-05-23T23:59:59+02:00,2242,2340,3981,4245,5286,6799,8155,10014,14021,14706,14346,15057,8219,10325,2232,4467,789,610,1152,1283,1429,2261,1891,3335,2651,3028,3237,2777,5282,6579,2039,4049,87049,29996,9774,5431,27429,4782,2183
2021-05-22T23:59:59+02:00,2061,2297,3655,4194,4889,6755,7922,9949,13917,14641,14340,15057,8219,10324,2232,4467,614,575,838,1242,1054,2224,1676,3272,2556,2966,3233,2776,5282,6578,2039,4049,86902,29984,9774,5431,27429,4745,814
2021-05-21T23:59:59+02:00,1968,2173,3492,3993,4700,6459,7498,9568,12652,13315,14222,14945,8183,10280,2226,4460,611,561,829,1241,1052,2216,1629,3237,2468,2891,3079,2642,5261,6536,2036,4037,82163,29355,9734,5431,27424,4727,813
2021-05-20T23:59:59+02:00,1927,2131,3392,3937,4592,6381,7325,9489,12448,13094,14210,14935,8181,10274,2225,4459,591,543,785,1197,992,2150,1504,3156,2344,2798,2898,2477,5229,6464,2029,4024,81341,28614,9633,5416,27369,4494,657
2021-05-19T23:59:59+02:00,1899,2097,3331,3884,4493,6318,7221,9427,12218,12841,14202,14930,8179,10273,2225,4458,583,522,766,1166,974,2076,1364,2976,1986,2507,2392,2016,5133,6346,2009,3987,80540,26554,9494,5400,27343,4230,619
2021-05-18T23:59:59+02:00,1828,2058,3242,3792,4379,6212,7058,9268,11951,12599,14160,14886,8169,10249,2223,4451,580,507,749,1152,958,2059,1260,2897,1677,2261,2009,1718,5059,6258,1994,3953,79461,25037,9293,5390,27274,4167,497
2021-05-17T23:59:59+02:00,1770,1967,3101,3625,4171,5909,6692,8802,11436,12091,14069,14811,8154,10224,2218,4444,578,499,742,1145,939,2052,1235,2873,1650,2222,1994,1703,5053,6252,1991,3950,76593,24976,9258,5376,27249,4142,384
2021-05-16T23:59:59+02:00,1747,1943,3045,3585,4067,5808,6542,8671,11270,11970,14053,14791,8146,10216,2218,4443,568,492,718,1131,910,2035,1206,2847,1619,2198,1989,1695,5051,6248,1988,3948,75856,24948,9202,5358,27218,4098,239
2021-05-15T23:59:59+02:00,1645,1830,2825,3409,3839,5520,6154,8182,10965,11721,13972,14734,8131,10187,2214,4437,567,491,715,1128,910,2033,1202,2846,1614,2191,1974,1686,5049,6242,1988,3946,73114,24893,9202,5358,27211,4093,238
2021-05-14T23:59:59+02:00,1599,1763,2717,3317,3691,5345,5951,7892,10758,11499,13940,14697,8119,10169,2212,4432,515,444,637,952,841,1723,1066,2425,1430,1903,1959,1669,5047,6234,1987,3941,71484,24832,9196,5356,27187,2351,234
2021-05-13T23:59:59+02:00,1530,1691,2618,3238,3522,5208,5723,7674,10566,11345,13914,14672,8113,10168,2210,4429,508,427,608,927,727,1604,976,2352,1169,1697,1212,1053,4865,6042,1980,3910,70339,24717,8905,2831,27158,2290,219
2021-05-12T23:59:59+02:00,1523,1682,2602,3233,3505,5196,5704,7661,10552,11333,13914,14669,8112,10166,2209,4429,508,426,607,925,724,1604,971,2351,1164,1691,1200,1044,4851,6005,1950,3857,70235,24542,8881,2831,27156,2287,218
2021-05-11T23:59:59+02:00,1475,1633,2526,3148,3388,5071,5508,7506,10280,11038,13872,14620,8101,10148,2205,4422,502,410,589,913,702,1590,944,2326,1139,1667,1145,1005,4793,5904,1913,3746,68916,24066,8757,2814,27070,2210,198
2021-05-10T23:59:59+02:00,1446,1599,2454,3074,3264,4948,5370,7331,9970,10680,13834,14585,8092,10130,2202,4420,499,407,577,901,690,1577,932,2307,1123,1653,1109,974,4732,5815,1874,3646,67571,23658,8639,2811,27000,2158,189
2021-05-09T23:59:59+02:00,1424,1577,2416,3064,3186,4915,5297,7295,9916,10636,13824,14572,8091,10126,2202,4418,487,404,568,894,668,1559,907,2288,1113,1640,1092,957,4717,5778,1861,3606,67336,23501,8565,2809,26956,2127,102
2021-05-08T23:59:59+02:00,1419,1572,2401,3053,3170,4905,5259,7281,9892,10630,13824,14571,8091,10126,2202,4418,487,404,568,894,667,1559,907,2287,1112,1639,1092,957,4716,5778,1861,3606,67197,23500,8560,2806,26955,2126,102
2021-05-07T23:59:59+02:00,1399,1549,2359,3012,3113,4848,5162,7192,9675,10387,13814,14555,8085,10121,2199,4415,436,373,535,815,628,1396,830,2072,1026,1470,1070,939,4700,5756,1859,3601,66301,23402,8554,2803,26928,1199,102
2021-05-06T23:59:59+02:00,1235,1429,2126,2759,2804,4535,4762,6756,9114,9798,13557,14331,8053,10081,2197,4414,432,368,524,792,611,1364,808,2036,996,1445,1046,902,4692,5747,1857,3597,62637,23271,8426,2753,26793,1098,95
2021-05-05T23:59:59+02:00,1165,1368,2014,2645,2633,4352,4450,6486,8132,8603,13492,14269,8015,10040,2187,4399,430,364,515,783,593,1355,775,2021,973,1425,970,839,4659,5683,1850,3584,59149,22963,8380,2734,26672,1073,49
2021-05-04T23:59:59+02:00,1141,1345,1959,2607,2525,4282,4214,6367,7701,8220,13165,13885,7988,10007,2182,4392,427,362,509,780,582,1346,756,2005,958,1417,950,817,4645,5670,1847,3575,57105,22835,8322,2719,26512,1051,41
2021-05-03T23:59:59+02:00,1107,1303,1898,2552,2410,4169,3995,6238,7248,7781,12758,13415,7955,9974,2177,4378,421,360,507,776,569,1338,750,1995,943,1407,927,793,4629,5654,1842,3562,54688,22730,8296,2710,26374,1033,0
2021-05-02T23:59:59+02:00,1098,1302,1881,2546,2384,4161,3950,6227,7220,7774,12757,13414,7955,9974,2177,4378,421,360,504,776,568,1336,746,1995,942,1403,925,789,4628,5651,1842,3562,54555,22714,8292,2708,26351,1026,0
2021-05-01T23:59:59+02:00,1098,1300,1873,2544,2374,4155,3939,6218,7209,7766,12756,13413,7955,9974,2177,4378,421,360,504,776,568,1336,745,1994,940,1403,925,789,4628,5651,1842,3562,54488,22714,8292,2704,26349,1026,0
2021-04-30T23:59:59+02:00,1080,1292,1852,2529,2349,4122,3904,6182,7103,7683,12693,13344,7953,9971,2175,4366,358,302,471,690,536,1152,717,1767,907,1212,913,783,4626,5649,1842,3562,53995,22700,8291,2700,26312,87,0
2021-04-29T23:59:59+02:00,1021,1266,1803,2491,2280,4061,3767,6061,6821,7426,12485,13131,7936,9945,2171,4360,353,300,463,685,533,1144,708,1758,901,1205,905,773,4617,5641,1842,3561,52461,22629,8276,2694,26288,66,0
2021-04-28T23:59:59+02:00,951,1229,1728,2427,2129,3938,3445,5801,6114,6804,11809,12350,7883,9862,2148,4333,352,297,461,679,524,1128,696,1740,892,1199,890,756,4600,5616,1840,3561,48434,22509,8270,2676,26247,46,0
2021-04-27T23:59:59+02:00,937,1222,1711,2406,2082,3919,3371,5772,5993,6687,11786,12335,7881,9860,2148,4331,350,295,455,677,516,1123,686,1727,884,1192,877,745,4598,5612,1839,3555,47955,22432,8267,2661,26219,38,0
2021-04-26T23:59:59+02:00,928,1208,1680,2388,2016,3875,3181,5693,5645,6367,11253,11727,7836,9802,2144,4322,348,294,454,675,510,1118,672,1719,878,1185,868,738,4594,5606,1839,3552,45632,22383,8258,2634,26175,33,0
2021-04-25T23:59:59+02:00,917,1206,1665,2382,1975,3854,3045,5674,5568,6362,11249,11724,7833,9796,2143,4321,347,294,454,675,510,1111,672,1716,875,1184,868,737,4594,5606,1839,3552,45307,22378,8252,2630,26155,26,0
2021-04-24T23:59:59+02:00,900,1194,1643,2362,1932,3804,2935,5600,5202,6013,10671,11030,7805,9748,2142,4320,347,294,454,675,510,1110,671,1715,873,1183,864,731,4585,5593,1837,3551,42899,22342,8252,2626,26150,25,0
2021-04-23T23:59:59+02:00,891,1186,1632,2352,1902,3774,2892,5549,5009,5782,10395,10693,7770,9710,2139,4313,347,293,454,675,510,1109,670,1715,871,1183,864,729,4582,5591,1837,3551,41600,22331,8252,2625,26137,25,0
2021-04-22T23:59:59+02:00,874,1163,1599,2313,1851,3701,2799,5459,4838,5611,10282,10521,7757,9680,2137,4307,347,291,452,665,508,1103,661,1705,868,1175,858,725,4580,5588,1837,3550,40599,22296,8226,2600,26067,17,0
2021-04-21T23:59:59+02:00,862,1148,1574,2302,1795,3654,2680,5364,4404,5123,9756,9912,7710,9625,2135,4297,346,291,448,663,508,1102,657,1703,862,1169,847,715,4570,5575,1837,3546,38091,22247,8209,2577,26041,15,0
2021-04-20T23:59:59+02:00,853,1132,1554,2278,1763,3623,2622,5300,4257,5019,9575,9710,7690,9616,2134,4295,346,289,448,662,507,1100,657,1698,859,1165,841,711,4567,5571,1837,3546,37255,22217,8198,2572,25968,15,0
2021-04-19T23:59:59+02:00,846,1120,1544,2271,1744,3606,2590,5268,4186,4948,9216,9310,7667,9593,2132,4290,346,287,447,659,505,1097,653,1696,853,1161,837,704,4558,5570,1837,3544,36232,22178,8186,2561,25913,15,0
2021-04-18T23:59:59+02:00,842,1117,1539,2266,1726,3599,2571,5256,4177,4945,9210,9300,7667,9592,2132,4290,345,286,447,656,503,1094,652,1693,850,1161,836,701,4558,5569,1837,3544,36172,22170,8166,2547,25891,15,0
2021-04-17T23:59:59+02:00,824,1108,1434,2259,1641,3586,2530,5219,4053,4822,8550,8630,7654,9584,2132,4290,344,286,446,654,502,1094,651,1692,849,1159,836,701,4557,5569,1837,3544,36164,22159,8166,2547,23986,15,0
2021-04-16T23:59:59+02:00,805,1088,1290,2237,1502,3561,2438,5145,3823,4576,7299,7168,7619,9542,2120,4262,343,284,442,648,497,1091,642,1689,842,1152,829,694,4551,5561,1835,3542,34791,22086,8156,2543,21528,13,0
2021-04-15T23:59:59+02:00,783,1077,1279,2223,1480,3540,2380,5106,3732,4500,6882,6688,7577,9478,2103,4198,334,276,428,639,480,1078,609,1663,807,1124,714,605,4084,5073,1815,3515,33473,22031,8098,1204,21455,9,0
2021-04-14T23:59:59+02:00,777,1070,1254,2214,1451,3521,2332,5065,3542,4366,5599,5327,7532,9413,2084,4167,326,271,425,633,473,1074,604,1655,801,1120,696,590,4074,5063,1812,3511,30250,21945,8087,1175,21377,8,0
2021-04-13T23:59:59+02:00,773,1070,1246,2209,1437,3518,2318,5052,3522,4351,5585,5311,7527,9410,2083,4165,326,269,423,632,470,1071,601,1650,787,1118,682,585,4072,5062,1812,3511,30170,21925,8066,1138,21341,8,0
2021-04-12T23:59:59+02:00,767,1059,1232,2201,1419,3508,2286,5037,3491,4327,5562,5296,7518,9398,2080,4134,325,268,421,631,469,1065,599,1646,778,1110,677,583,4069,5061,1812,3511,30042,21900,8021,1117,21252,8,0
2021-04-11T23:59:59+02:00,757,1055,1217,2189,1400,3489,2213,5012,3360,4227,5019,4721,6997,8730,2073,4130,325,268,419,631,467,1064,594,1643,775,1109,673,580,4065,5056,1812,3511,30012,21894,5413,1090,21164,8,0
2021-04-10T23:59:59+02:00,757,1054,1216,2188,1398,3486,2212,5009,3357,4218,4976,4675,6994,8725,2073,4129,320,262,416,622,455,1049,568,1625,739,1082,565,483,3528,4453,1770,3436,29894,20275,5410,1090,21163,8,0
2021-04-09T23:59:59+02:00,754,1053,1208,2184,1393,3483,2171,4981,3265,4135,4800,4518,6964,8677,2069,4116,309,256,402,604,441,1038,542,1607,718,1053,445,396,2913,3643,1728,3362,29212,18360,5406,1089,21153,8,0
2021-04-08T23:59:59+02:00,743,1042,1193,2169,1376,3455,2093,4918,3117,4024,3715,3336,6779,8366,2061,4103,294,246,385,587,416,1021,521,1579,688,1031,426,375,2906,3636,1725,3359,28416,18146,5358,1041,18716,8,0
2021-04-07T23:59:59+02:00,736,1036,1179,2160,1355,3439,1954,4808,2763,3767,3165,2842,6680,8243,2039,4060,279,237,352,559,379,989,480,1543,653,1006,398,351,2847,3575,1722,3353,26241,17694,5339,1022,18646,7,0
2021-04-06T23:59:59+02:00,719,1026,1148,2151,1330,3420,1815,4746,2461,3567,2760,2539,6604,8151,2021,4028,250,221,319,534,355,971,443,1520,619,972,364,313,2792,3501,1717,3345,24646,17224,5323,1005,18517,7,0
2021-04-05T23:59:59+02:00,715,1024,1137,2147,1326,3417,1801,4735,2451,3550,2116,1847,5858,7206,2019,4028,250,221,318,530,349,964,439,1519,614,968,361,308,2791,3497,1717,3344,24615,17214,5313,969,15449,7,0
2021-04-04T23:59:59+02:00,714,1024,1136,2147,1326,3417,1801,4734,2448,3549,2116,1843,5858,7203,2019,4028,250,221,318,530,349,964,438,1519,614,968,361,308,2790,3497,1717,3344,24607,17212,5313,969,15443,7,0
2021-04-03T23:59:59+02:00,714,1024,1136,2146,1326,3417,1799,4732,2445,3549,2115,1841,5857,7203,2019,4028,250,221,318,530,349,964,438,1519,613,968,361,308,2790,3497,1717,3344,24601,17211,5309,969,15441,7,0
2021-04-02T23:59:59+02:00,714,1023,1136,2146,1322,3416,1797,4726,2443,3546,2104,1832,5849,7187,2016,4017,250,220,318,528,349,964,437,1517,612,961,359,308,2790,3496,1717,3344,24533,17194,5305,969,15436,7,0
2021-04-01T23:59:59+02:00,710,1011,1111,2126,1209,3309,1721,4672,2182,3341,1343,1207,5680,7008,2008,3993,246,219,318,527,348,963,436,1515,611,960,357,306,2790,3496,1717,3340,24425,17182,2806,960,15400,7,0
2021-03-31T23:59:59+02:00,708,1010,1108,2122,1204,3301,1709,4666,2164,3328,1317,1172,5651,6953,1971,3900,245,219,318,526,347,963,436,1514,610,958,356,304,2786,3495,1716,3339,24109,17171,2792,954,15383,7,0
2021-03-30T23:59:59+02:00,706,1001,1102,2117,1197,3296,1700,4651,2154,3314,1264,1124,5571,6812,1931,3770,245,218,318,525,344,959,431,1512,603,947,341,293,2660,3309,1621,3149,23587,16555,2770,913,15353,7,0
2021-03-29T23:59:59+02:00,704,999,1097,2109,1188,3289,1692,4637,2140,3302,1228,1089,5510,6715,1883,3653,243,216,317,524,341,957,428,1508,600,942,331,286,2379,2965,1456,2853,23152,15428,2747,911,15336,7,0
2021-03-28T23:59:59+02:00,704,995,1095,2104,1184,3281,1688,4627,2136,3298,1212,1077,5501,6694,1873,3623,241,216,315,520,334,954,426,1500,596,928,326,277,2374,2951,1455,2851,23047,15403,2729,857,15316,4,0
2021-03-27T23:59:59+01:00,644,923,1018,2031,1098,3164,1566,4511,2040,3220,1144,1003,4905,5969,1873,3623,239,215,315,520,334,954,421,1497,594,926,326,277,2373,2950,1455,2851,23032,15387,2725,857,12975,3,0
2021-03-26T23:59:59+01:00,639,916,1012,2022,1097,3159,1555,4503,2020,3212,1099,973,4881,5936,1872,3619,238,212,314,518,332,953,419,1496,590,919,316,272,1866,2258,1145,2292,22839,13286,2716,851,12960,3,0
2021-03-25T23:59:59+01:00,636,910,999,2011,1095,3153,1546,4491,2006,3202,1089,962,4874,5932,1872,3618,237,209,313,517,330,946,416,1491,586,909,311,268,1764,2122,1118,2235,22793,12941,2707,828,12896,3,0
2021-03-24T23:59:59+01:00,634,905,985,1997,1084,3140,1517,4475,1995,3191,1054,931,4849,5902,1867,3613,237,209,312,515,326,942,412,1484,576,892,296,257,1402,1691,1001,2022,22653,11805,2682,766,12804,3,0
2021-03-23T23:59:59+01:00,631,896,981,1987,1078,3129,1512,4462,1985,3186,1040,921,4831,5886,1867,3611,236,209,310,512,319,939,411,1484,570,888,289,250,1136,1388,918,1884,22578,10995,2674,745,12751,3,0
2021-03-22T23:59:59+01:00,630,884,977,1978,1072,3118,1501,4448,1972,3178,1037,918,4826,5885,1867,3611,234,209,309,510,318,938,408,1481,567,884,285,246,1134,1385,918,1882,22556,10979,2659,726,12687,3,0
2021-03-21T23:59:59+01:00,628,878,974,1972,1069,3112,1496,4438,1964,3171,1034,917,4826,5884,1867,3611,234,209,309,508,317,934,408,1476,560,882,276,242,1129,1380,918,1882,22553,10978,2645,683,12643,3,0
2021-03-20T23:59:59+01:00,623,867,968,1958,1053,3097,1469,4419,1926,3140,924,817,4277,5265,1824,3532,234,209,309,508,317,934,408,1476,560,882,276,242,1129,1380,917,1881,20893,10976,2644,683,12622,3,0
2021-03-19T23:59:59+01:00,613,858,947,1928,1030,3081,1433,4396,1899,3104,797,726,3641,4439,1784,3456,231,209,308,508,316,931,406,1474,555,875,274,241,1108,1360,894,1848,18918,10954,2633,581,12581,3,0
2021-03-18T23:59:59+01:00,598,838,930,1909,1007,3055,1397,4353,1854,3056,672,635,3155,3930,1764,3429,226,207,304,503,314,922,403,1468,553,869,270,237,989,1239,801,1684,18844,10576,1236,410,12502,3,0
2021-03-17T23:59:59+01:00,596,826,919,1889,996,3039,1374,4331,1836,3040,643,611,3070,3839,1759,3425,224,206,302,501,311,921,396,1463,550,864,267,233,695,908,553,1296,18539,9657,1199,33,12455,0,0
2021-03-16T23:59:59+01:00,593,811,907,1872,980,3025,1356,4317,1809,3025,618,597,3022,3764,1758,3421,223,206,301,501,310,919,393,1461,546,859,262,229,423,637,392,1022,18333,8657,1160,27,12382,0,0
2021-03-15T23:59:59+01:00,593,797,903,1856,971,3004,1350,4312,1799,3014,612,595,3021,3763,1758,3421,222,206,300,500,309,919,392,1460,544,859,262,229,423,636,391,1022,18320,8650,1137,24,12312,0,0
2021-03-14T23:59:59+01:00,592,791,896,1843,965,3000,1340,4298,1787,3003,609,591,3016,3760,1758,3421,222,206,299,500,308,917,390,1458,544,859,262,229,423,636,391,1022,18315,8648,1110,18,12245,0,0
2021-03-13T23:59:59+01:00,566,719,787,1579,839,2605,1134,3728,1511,2614,543,507,2918,3645,1757,3420,222,206,299,500,308,917,390,1458,544,859,262,229,423,636,391,1022,18311,8648,1110,18,9451,0,0
2021-03-12T23:59:59+01:00,547,611,720,1308,744,2177,953,3026,1214,2014,469,433,2881,3605,1757,3420,222,205,299,500,308,915,389,1457,544,858,262,228,399,605,353,968,18289,8494,1109,18,6481,0,0
2021-03-11T23:59:59+01:00,522,569,687,1238,695,2065,895,2873,1116,1907,437,390,2869,3597,1756,3420,222,205,298,498,307,914,389,1454,543,858,262,227,380,582,313,931,18105,8368,1061,15,5870,0,0
2021-03-10T23:59:59+01:00,507,556,648,1201,656,2034,855,2835,1081,1880,420,377,2856,3579,1755,3417,217,202,295,491,307,914,384,1446,538,852,258,221,213,441,133,708,17829,7611,1041,9,5787,0,0
2021-03-09T23:59:59+01:00,487,538,618,1173,637,2014,832,2807,1060,1857,399,360,2738,3403,1657,3221,217,202,293,489,306,913,383,1443,538,849,256,220,213,440,133,708,17069,7603,1025,0,5707,0,0
2021-03-08T23:59:59+01:00,471,511,597,1145,618,1994,816,2786,1041,1828,374,332,2451,3050,1489,2924,217,201,293,487,305,908,383,1438,538,847,255,218,213,439,133,708,15824,7583,997,0,5606,0,0
2021-03-07T23:59:59+01:00,469,506,589,1128,607,1986,813,2772,1037,1821,373,330,2446,3042,1488,2923,217,201,293,486,305,906,383,1435,538,847,255,218,213,439,133,708,15798,7577,987,0,5545,0,0
2021-03-06T23:59:59+01:00,469,501,585,1116,604,1985,807,2763,1032,1816,373,330,2446,3042,1488,2923,217,201,293,486,305,906,383,1435,538,846,254,218,213,439,133,708,15790,7575,987,0,5503,0,0
2021-03-05T23:59:59+01:00,463,484,578,1103,599,1978,802,2755,1025,1808,359,321,1908,2316,1172,2333,214,196,289,486,302,905,381,1432,536,842,254,218,213,439,133,708,13562,7548,987,0,5455,0,0
2021-03-04T23:59:59+01:00,452,451,550,1072,580,1915,775,2700,1004,1767,355,316,1806,2183,1144,2276,204,189,281,477,301,898,379,1418,534,839,253,218,213,439,133,708,13211,7484,981,0,5154,0,0
2021-03-03T23:59:59+01:00,449,441,541,1042,562,1878,751,2652,988,1735,349,311,1446,1751,1024,2058,203,188,280,476,299,897,375,1410,532,833,251,216,212,436,131,705,12056,7444,974,0,4948,0,0
2021-03-02T23:59:59+01:00,444,432,534,1011,548,1856,742,2629,978,1718,340,301,1169,1443,938,1919,203,186,279,464,295,892,375,1400,532,828,251,216,212,436,131,705,11234,7405,939,0,4829,0,0
2021-03-01T23:59:59+01:00,442,424,524,984,529,1830,730,2601,972,1703,336,296,1167,1437,938,1916,203,183,279,455,292,881,373,1385,530,824,249,214,211,435,131,705,11216,7350,904,0,4709,0,0
2021-02-28T23:59:59+01:00,439,420,520,975,525,1819,727,2591,966,1689,333,292,1167,1435,938,1916,202,182,279,455,292,880,373,1385,529,824,249,214,211,435,131,705,11216,7346,877,0,4659,0,0
2021-02-27T23:59:59+01:00,438,416,515,969,523,1814,724,2582,963,1687,332,291,1167,1435,937,1916,202,182,279,455,292,880,372,1385,529,824,249,214,211,435,131,705,11215,7345,877,0,4617,0,0
2021-02-26T23:59:59+01:00,387,362,438,785,451,1473,586,2154,792,1386,321,281,1167,1432,937,1916,202,180,279,452,290,869,370,1380,527,821,249,214,211,435,131,705,11203,7315,866,0,2799,0,0
2021-02-25T23:59:59+01:00,367,351,426,762,439,1436,572,2110,775,1352,312,275,1074,1332,875,1804,148,166,262,446,281,857,360,1365,522,817,249,212,211,435,131,705,10802,7167,836,0,2624,0,0
2021-02-24T23:59:59+01:00,362,343,420,745,433,1398,555,2057,753,1315,304,264,843,1073,716,1527,148,160,261,440,277,848,359,1351,515,811,246,210,210,435,131,703,9864,7105,795,0,2449,0,0
2021-02-23T23:59:59+01:00,359,329,412,730,423,1376,545,2020,736,1299,292,254,565,790,552,1259,148,159,260,438,275,841,359,1342,514,807,245,209,209,435,130,702,8860,7073,751,0,2330,0,0
2021-02-22T23:59:59+01:00,359,326,411,723,422,1370,540,2011,732,1295,292,251,564,788,552,1258,148,153,255,428,272,823,356,1318,509,801,242,208,209,435,130,702,8855,6989,739,0,2300,0,0
2021-02-21T23:59:59+01:00,356,325,408,717,420,1363,538,2001,725,1292,283,247,559,783,551,1258,148,152,254,428,271,821,353,1315,502,798,241,207,208,434,129,693,8851,6954,698,0,2277,0,0
2021-02-20T23:59:59+01:00,356,322,408,715,420,1354,537,1992,723,1289,283,247,559,783,551,1258,148,152,254,428,271,821,352,1315,502,798,241,207,208,434,129,693,8851,6953,698,0,2248,0,0
2021-02-19T23:59:59+01:00,309,291,375,630,383,1181,474,1771,615,1095,280,241,514,730,490,1167,148,152,254,428,270,821,352,1315,502,798,241,207,208,434,129,693,8625,6952,592,0,1329,0,0
2021-02-18T23:59:59+01:00,308,285,367,619,371,1161,461,1754,607,1089,280,239,445,661,403,1060,145,148,249,423,264,815,349,1306,499,797,239,206,208,434,129,693,8446,6904,418,0,1246,0,0
2021-02-17T23:59:59+01:00,301,279,356,606,362,1151,439,1737,600,1080,275,232,217,453,138,719,136,133,246,419,259,797,343,1290,493,788,235,204,207,434,129,693,7723,6806,31,0,1191,0,0
2021-02-16T23:59:59+01:00,297,277,346,603,353,1142,431,1724,596,1074,272,229,216,452,138,719,102,117,228,394,248,769,327,1249,461,752,215,189,200,419,128,686,7715,6484,27,0,1127,0,0
2021-02-15T23:59:59+01:00,295,276,344,599,351,1134,430,1713,592,1069,272,229,216,451,137,719,101,115,223,383,239,755,318,1220,444,731,205,182,189,391,122,637,7707,6255,24,0,1096,0,0
2021-02-14T23:59:59+01:00,293,272,339,598,347,1125,426,1707,589,1066,272,229,216,451,137,719,97,113,216,377,236,747,312,1204,441,720,204,179,189,380,122,629,7697,6166,19,0,1070,0,0
2021-02-13T23:59:59+01:00,293,272,339,598,347,1125,425,1707,589,1065,271,229,216,451,137,719,97,113,216,377,236,747,312,1204,441,720,204,179,189,380,122,629,7695,6166,19,0,1069,0,0
2021-02-12T23:59:59+01:00,223,207,300,507,317,929,394,1464,553,862,264,226,216,451,137,719,94,112,213,376,233,744,306,1199,438,715,202,178,189,380,122,629,7683,6130,19,0,67,0,0
2021-02-11T23:59:59+01:00,220,205,295,495,311,914,388,1446,545,855,264,226,216,451,137,719,93,106,200,346,222,705,286,1141,423,677,201,175,189,375,122,626,7643,5887,16,0,28,0,0
2021-02-10T23:59:59+01:00,217,198,291,490,307,911,381,1435,543,847,262,224,214,449,137,718,86,99,185,316,209,644,269,1054,400,633,191,161,174,343,112,583,7601,5459,10,0,13,0,0
2021-02-09T23:59:59+01:00,211,191,289,479,306,904,381,1423,541,840,259,223,214,448,137,718,75,79,146,250,177,538,235,849,340,518,174,133,154,308,103,521,7556,4600,2,0,6,0,0
2021-02-08T23:59:59+01:00,207,184,286,468,301,892,377,1405,535,834,255,219,213,446,135,715,43,58,104,157,129,290,169,465,245,345,152,109,125,255,83,426,7464,3155,2,0,6,0,0
2021-02-07T23:59:59+01:00,205,182,283,467,300,890,376,1403,534,834,254,218,213,446,135,715,25,48,87,136,124,269,158,432,230,319,144,103,115,243,79,394,7454,2906,1,0,0,0,0
2021-02-06T23:59:59+01:00,205,182,283,467,300,890,376,1403,534,834,254,218,213,446,135,715,25,45,84,133,113,255,149,414,197,296,131,103,114,238,78,383,7454,2758,1,0,0,0,0
2021-02-05T23:59:59+01:00,205,180,283,464,299,876,373,1398,531,831,254,217,213,446,135,714,24,40,79,126,107,241,142,388,185,278,125,99,111,232,72,368,7418,2617,1,0,0,0,0
2021-02-04T23:59:59+01:00,196,175,283,460,292,865,370,1386,522,825,253,215,212,446,135,712,14,25,52,86,81,184,116,297,153,228,110,89,100,215,65,330,7347,2145,0,0,0,0,0
2021-02-03T23:59:59+01:00,178,169,276,454,288,861,368,1375,522,824,252,215,212,446,135,711,14,23,45,72,74,149,92,270,134,191,90,75,86,184,59,292,7286,1850,0,0,0,0,0
2021-02-02T23:59:59+01:00,155,163,266,451,284,854,364,1365,521,821,251,215,211,446,134,710,13,20,36,66,63,126,74,221,105,144,59,55,61,117,37,186,7211,1383,0,0,0,0,0
2021-02-01T23:59:59+01:00,150,156,260,437,281,836,363,1340,515,811,247,213,211,446,134,710,7,13,18,36,38,72,42,112,58,63,24,28,27,47,21,96,7110,702,0,0,0,0,0
2021-01-31T23:59:59+01:00,149,153,257,435,280,832,361,1335,511,809,247,210,210,445,134,710,5,9,15,23,31,52,29,63,37,40,12,9,12,29,17,59,7078,442,0,0,0,0,0
2021-01-30T23:59:59+01:00,149,153,257,435,280,830,360,1335,511,809,247,210,210,445,134,710,5,9,13,19,28,46,24,54,34,39,12,9,12,29,17,59,7075,409,0,0,0,0,0
2021-01-29T23:59:59+01:00,149,153,257,435,279,830,360,1335,511,809,247,210,210,445,134,710,4,8,8,18,26,37,19,46,30,36,12,9,11,27,17,59,7074,367,0,0,0,0,0
2021-01-28T23:59:59+01:00,147,150,253,427,274,826,358,1328,507,808,247,210,210,445,134,710,1,3,2,8,15,15,11,23,12,20,8,5,5,15,4,23,7034,170,0,0,0,0,0
2021-01-27T23:59:59+01:00,138,140,252,423,270,817,354,1320,501,802,242,208,209,444,134,710,0,0,1,4,11,11,8,18,10,15,7,5,5,15,4,23,6964,137,0,0,0,0,0
2021-01-26T23:59:59+01:00,106,124,236,410,262,789,342,1283,476,771,222,196,202,430,134,702,0,0,1,4,11,11,8,18,10,15,7,5,5,15,4,23,6685,137,0,0,0,0,0
2021-01-25T23:59:59+01:00,103,117,233,390,247,769,330,1248,455,750,210,187,193,405,130,654,0,0,1,4,11,8,7,12,7,11,7,5,5,15,4,23,6421,120,0,0,0,0,0
2021-01-24T23:59:59+01:00,103,115,229,384,246,765,327,1232,453,739,209,184,193,394,130,645,0,0,1,4,11,8,7,12,7,11,7,5,5,15,4,23,6348,120,0,0,0,0,0
2021-01-23T23:59:59+01:00,103,115,229,384,246,765,327,1232,453,739,209,184,193,394,130,645,0,0,1,4,11,8,7,12,7,11,7,5,5,15,4,23,6348,120,0,0,0,0,0
2021-01-22T23:59:59+01:00,103,114,227,382,246,762,323,1228,449,735,207,183,193,394,130,645,0,0,1,4,11,8,7,12,7,11,7,5,5,15,4,23,6321,120,0,0,0,0,0
2021-01-21T23:59:59+01:00,103,108,210,350,236,722,299,1171,436,710,206,179,192,388,130,642,0,0,1,2,9,7,6,10,6,10,7,5,5,15,4,23,6082,110,0,0,0,0,0
2021-01-20T23:59:59+01:00,95,102,197,325,223,655,284,1074,409,661,196,168,176,356,121,599,0,0,1,2,9,7,6,10,6,10,7,5,5,15,4,23,5641,110,0,0,0,0,0
2021-01-19T23:59:59+01:00,85,88,158,276,201,591,260,940,365,564,180,139,155,315,108,528,0,0,1,2,3,7,5,9,4,8,6,4,5,15,4,23,4953,96,0,0,0,0,0
2021-01-18T23:59:59+01:00,72,77,134,231,181,479,228,780,328,484,165,121,131,266,89,447,0,0,0,1,2,3,2,4,2,7,5,4,5,15,4,21,4213,75,0,0,0,0,0
2021-01-17T23:59:59+01:00,46,59,110,202,168,414,210,688,301,430,155,114,119,248,76,392,0,0,0,0,2,3,1,4,2,5,5,4,5,15,4,21,3732,71,0,0,0,0,0
2021-01-16T23:59:59+01:00,39,56,109,199,156,398,198,665,268,406,142,114,118,243,75,381,0,0,0,0,0,0,0,0,0,0,0,0,0,0,0,0,3567,0,0,0,0,0,0
2021-01-15T23:59:59+01:00,37,52,104,192,145,384,191,635,253,386,136,106,114,236,69,366,0,0,0,0,0,0,0,0,0,0,0,0,0,0,0,0,3406,0,0,0,0,0,0
2021-01-14T23:59:59+01:00,13,29,53,85,84,178,119,296,151,227,116,92,100,218,61,328,0,0,0,0,0,0,0,0,0,0,0,0,0,0,0,0,2150,0,0,0,0,0,0
2021-01-13T23:59:59+01:00,12,25,42,71,77,143,96,270,124,191,87,73,79,176,50,263,0,0,0,0,0,0,0,0,0,0,0,0,0,0,0,0,1779,0,0,0,0,0,0
2021-01-12T23:59:59+01:00,12,20,38,65,65,119,78,217,97,141,54,50,52,102,26,153,0,0,0,0,0,0,0,0,0,0,0,0,0,0,0,0,1289,0,0,0,0,0,0
2021-01-11T23:59:59+01:00,5,15,26,45,43,85,52,135,58,70,24,26,23,39,12,67,0,0,0,0,0,0,0,0,0,0,0,0,0,0,0,0,725,0,0,0,0,0,0
2021-01-10T23:59:59+01:00,2,10,22,29,36,61,33,84,36,42,9,7,7,20,8,29,0,0,0,0,0,0,0,0,0,0,0,0,0,0,0,0,435,0,0,0,0,0,0
2021-01-09T23:59:59+01:00,2,9,20,26,34,57,29,74,34,41,9,7,7,20,8,29,0,0,0,0,0,0,0,0,0,0,0,0,0,0,0,0,406,0,0,0,0,0,0
2021-01-08T23:59:59+01:00,1,8,18,24,31,47,23,63,30,39,8,7,5,17,8,29,0,0,0,0,0,0,0,0,0,0,0,0,0,0,0,0,358,0,0,0,0,0,0
2021-01-07T23:59:59+01:00,1,3,2,10,16,15,12,24,14,21,8,6,5,16,6,24,0,0,0,0,0,0,0,0,0,0,0,0,0,0,0,0,183,0,0,0,0,0,0
2021-01-06T23:59:59+01:00,1,0,2,4,14,12,8,19,12,16,8,6,5,16,6,24,0,0,0,0,0,0,0,0,0,0,0,0,0,0,0,0,153,0,0,0,0,0,0
2021-01-05T23:59:59+01:00,0,0,1,4,12,11,8,18,11,16,7,6,5,16,6,24,0,0,0,0,0,0,0,0,0,0,0,0,0,0,0,0,145,0,0,0,0,0,0
2021-01-04T23:59:59+01:00,0,0,1,4,12,10,7,14,9,14,7,6,5,16,6,24,0,0,0,0,0,0,0,0,0,0,0,0,0,0,0,0,135,0,0,0,0,0,0
2021-01-03T23:59:59+01:00,0,0,1,4,11,8,7,12,7,11,7,6,5,16,6,24,0,0,0,0,0,0,0,0,0,0,0,0,0,0,0,0,125,0,0,0,0,0,0
2021-01-02T23:59:59+01:00,0,0,1,4,11,8,7,12,7,11,7,6,5,16,6,24,0,0,0,0,0,0,0,0,0,0,0,0,0,0,0,0,125,0,0,0,0,0,0
2021-01-01T23:59:59+01:00,0,0,1,4,11,8,7,12,7,11,7,6,5,16,6,24,0,0,0,0,0,0,0,0,0,0,0,0,0,0,0,0,125,0,0,0,0,0,0
2020-12-31T23:59:59+01:00,0,0,1,4,11,8,7,12,7,11,7,6,5,16,6,24,0,0,0,0,0,0,0,0,0,0,0,0,0,0,0,0,125,0,0,0,0,0,0
2020-12-30T23:59:59+01:00,0,0,1,4,11,8,7,12,7,11,7,6,5,16,6,24,0,0,0,0,0,0,0,0,0,0,0,0,0,0,0,0,125,0,0,0,0,0,0
2020-12-29T23:59:59+01:00,0,0,1,4,8,8,6,12,6,9,7,6,5,16,6,24,0,0,0,0,0,0,0,0,0,0,0,0,0,0,0,0,118,0,0,0,0,0,0
2020-12-28T23:59:59+01:00,0,0,1,1,5,5,6,5,4,8,7,6,5,16,6,24,0,0,0,0,0,0,0,0,0,0,0,0,0,0,0,0,99,0,0,0,0,0,0
2020-12-27T23:59:59+01:00,0,0,0,0,2,3,1,4,2,6,5,5,5,15,6,24,0,0,0,0,0,0,0,0,0,0,0,0,0,0,0,0,78,0,0,0,0,0,0
