Datum,<24_1_m,<24_1_w,25-34_1_m,25-34_1_w,35-44_1_m,35-44_1_w,45-54_1_m,45-54_1_w,55-64_1_m,55-64_1_w,65-74_1_m,65-74_1_w,75-84_1_m,75-84_1_w,>84_1_m,>84_1_w,<24_2_m,<24_2_w,25-34_2_m,25-34_2_w,35-44_2_m,35-44_2_w,45-54_2_m,45-54_2_w,55-64_2_m,55-64_2_w,65-74_2_m,65-74_2_w,75-84_2_m,75-84_2_w,>84_2_m,>84_2_w,bp_1,bp_2,mo_1,mo_2,az_1,az_2,ja
2021-07-01T23:59:59+02:00,5571,5452,7929,7491,10338,11018,14833,15555,18731,19039,15673,16382,8806,10710,2810,5364,2269,2245,4262,4468,5852,6985,9080,10464,14635,15431,13419,13944,8415,10235,2731,5189,126126,89852,15766,12799,27704,20867,6106
2021-06-30T23:59:59+02:00,4983,4901,7600,7222,9996,10686,14613,15384,18674,18996,15662,16371,8802,10703,2810,5362,2239,2211,4188,4407,5755,6911,8945,10372,14569,15377,13407,13937,8414,10232,2731,5188,123225,89350,15761,12715,27704,20743,6075
2021-06-29T23:59:59+02:00,4663,4600,7352,7003,9709,10389,14416,15196,18613,18935,15610,16322,8784,10688,2809,5358,2174,2132,4053,4275,5557,6743,8735,10159,14292,15171,13360,13889,8402,10208,2729,5175,121176,87995,15758,12575,27701,20672,5812
2021-06-28T23:59:59+02:00,4511,4436,7248,6894,9587,10260,14327,15090,18570,18895,15595,16306,8770,10677,2806,5356,2090,2007,3874,4075,5280,6410,8358,9661,13772,14647,13245,13800,8384,10185,2726,5163,120170,84861,15748,12494,27698,20610,5712
2021-06-27T23:59:59+02:00,4455,4385,7193,6839,9526,10206,14295,15058,18550,18878,15578,16294,8763,10670,2805,5351,2038,1972,3812,4030,5172,6298,8192,9533,13601,14536,13220,13782,8376,10176,2723,5161,119809,84082,15745,12461,27696,20483,5596
2021-06-26T23:59:59+02:00,4400,4356,7161,6811,9509,10185,14276,15043,18538,18866,15574,16287,8763,10670,2805,5351,1962,1880,3623,3871,4958,6042,7828,9079,13254,14241,13140,13725,8356,10148,2718,5152,119571,81452,15742,12461,27696,20478,5586
2021-06-25T23:59:59+02:00,4076,4017,6896,6572,9219,9893,14053,14858,18456,18811,15530,16241,8744,10651,2803,5344,1898,1796,3463,3755,4767,5815,7506,8670,12946,13907,13091,13670,8343,10124,2712,5146,117178,79129,15715,12430,27695,20474,5576
2021-06-24T23:59:59+02:00,3981,3924,6799,6489,9121,9804,13970,14781,18427,18780,15515,16225,8738,10643,2803,5344,1830,1721,3350,3660,4569,5675,7291,8479,12694,13711,12260,12745,8164,9860,2712,5145,116492,77932,15705,12325,27691,18153,5456
2021-06-23T23:59:59+02:00,3564,3549,6349,6142,8591,9302,13636,14484,18292,18646,15412,16134,8695,10607,2800,5330,1694,1547,3097,3460,4158,5353,6352,7776,11962,13015,12238,12733,8154,9853,2712,5141,113583,77319,15461,9024,27690,18103,4799
2021-06-22T23:59:59+02:00,3484,3470,6276,6084,8489,9226,13586,14440,18259,18629,15401,16127,8694,10602,2800,5327,1655,1493,2994,3361,4018,5204,6101,7594,11369,12317,12150,12642,8137,9820,2708,5133,112970,75028,15457,8944,27688,17945,4779
2021-06-21T23:59:59+02:00,3407,3406,6183,6032,8428,9157,13528,14396,18226,18608,15398,16125,8685,10598,2800,5326,1618,1442,2904,3263,3894,5056,5907,7370,10611,11397,11768,12192,7085,8607,2702,5127,112460,72379,15449,8843,27673,15000,4721
2021-06-20T23:59:59+02:00,3381,3385,6136,6000,8383,9130,13502,14382,18215,18604,15397,16125,8685,10598,2800,5326,1598,1427,2868,3237,3844,5019,5854,7346,10526,11323,11748,12173,7083,8600,2701,5127,112292,72068,15433,8767,27673,14988,4651
2021-06-19T23:59:59+02:00,3352,3359,6108,5979,8354,9111,13478,14376,18209,18599,15397,16124,8685,10598,2800,5326,1594,1417,2863,3229,3837,5014,5840,7341,10515,11316,11748,12173,7083,8599,2701,5127,112103,71993,15428,8767,27673,14986,4651
2021-06-18T23:59:59+02:00,3307,3312,6033,5942,8289,9060,13432,14346,18186,18588,15396,16122,8684,10597,2800,5326,1524,1324,2728,3054,3657,4740,5449,6966,9042,9772,11584,12005,7042,8549,2689,5109,111729,66879,15403,8766,27673,14974,4615
2021-06-17T23:59:59+02:00,3244,3257,5967,5906,8219,9008,13362,14301,18163,18577,15394,16117,8684,10594,2800,5323,1395,1234,2541,2845,3400,4457,5093,6584,8380,9051,11302,11767,7001,8492,2685,5106,111370,63232,15374,8651,27670,14948,4502
2021-06-16T23:59:59+02:00,3190,3195,5854,5841,8102,8915,13237,14216,18097,18542,15388,16109,8684,10591,2800,5323,1299,1181,2401,2740,3217,4301,4811,6314,7313,7778,11213,11663,6973,8456,2672,5088,110741,59524,15300,8602,27667,14918,4376
2021-06-15T23:59:59+02:00,3094,3119,5744,5757,7914,8743,12980,14000,17951,18422,15379,16101,8678,10586,2800,5321,1261,1151,2330,2686,3111,4227,4613,6190,7003,7530,10717,11105,6941,8421,2664,5075,109385,57295,15272,8570,27659,14887,4273
2021-06-14T23:59:59+02:00,3021,3047,5665,5700,7772,8624,12693,13768,17769,18250,15364,16087,8671,10581,2799,5320,1234,1124,2264,2631,2986,4131,4421,6053,6667,7230,10193,10502,6911,8384,2660,5066,108014,54953,15264,8465,27655,14841,4198
2021-06-13T23:59:59+02:00,3003,3014,5599,5663,7710,8560,12555,13633,17664,18129,15358,16078,8670,10578,2798,5320,1224,1112,2233,2616,2951,4120,4379,6032,6634,7214,10189,10495,6911,8383,2660,5066,107286,54814,15253,8459,27650,14803,4143
2021-06-12T23:59:59+02:00,2972,2997,5572,5638,7680,8542,12535,13616,17655,18126,15358,16077,8670,10578,2798,5320,1167,1050,2143,2541,2855,3986,4239,5902,6524,7129,10108,10417,6316,7658,2660,5066,107090,54701,15252,8459,27650,12459,4142
2021-06-11T23:59:59+02:00,2896,2918,5503,5573,7498,8356,12128,13310,17376,17923,15342,16052,8664,10570,2796,5318,1145,1031,2091,2501,2791,3938,4157,5840,6419,7046,10007,10304,6303,7652,2658,5060,106078,54177,14365,8212,27649,12423,4131
2021-06-10T23:59:59+02:00,2836,2875,5405,5523,7366,8276,11944,13171,17241,17806,15337,16048,8664,10569,2795,5317,1106,1007,2019,2435,2689,3864,3991,5710,6178,6834,9759,10038,6283,7624,2652,5054,105168,52630,14290,8209,27644,12333,4071
2021-06-09T23:59:59+02:00,2759,2805,5282,5430,7146,8104,11667,12931,17055,17660,15325,16033,8660,10561,2795,5314,1049,944,1889,2318,2486,3683,3665,5426,5567,6333,8950,9141,6226,7548,2638,5019,103970,48667,14142,8192,27635,12243,3780
2021-06-08T23:59:59+02:00,2660,2700,5148,5304,6952,7922,11238,12508,16680,17273,15306,16006,8649,10555,2794,5309,1012,916,1822,2255,2383,3611,3524,5363,5422,6205,8919,9122,6224,7537,2636,5015,101783,48173,14115,8143,27633,12177,3473
2021-06-07T23:59:59+02:00,2529,2601,4960,5174,6745,7759,10762,12150,16339,16978,15281,15978,8643,10538,2793,5305,941,879,1696,2200,2244,3529,3272,5274,5068,5923,8375,8498,6171,7479,2632,5006,99857,45971,14072,8129,27624,12105,2982
2021-06-06T23:59:59+02:00,2494,2576,4899,5116,6658,7703,10626,12040,16247,16914,15278,15974,8643,10538,2791,5304,925,869,1667,2181,2202,3501,3206,5251,5021,5899,8370,8497,6166,7472,2632,5005,99276,45816,14020,8120,27616,12039,2889
2021-06-05T23:59:59+02:00,2481,2553,4871,5090,6620,7679,10595,12012,16238,16907,15278,15974,8643,10538,2791,5304,909,854,1638,2154,2163,3449,3105,5170,4666,5578,7774,7798,6138,7419,2631,5003,99057,43449,14020,8115,27612,12000,2885
2021-06-04T23:59:59+02:00,2451,2524,4826,5044,6572,7628,10508,11909,16185,16845,15274,15967,8643,10537,2790,5303,898,837,1617,2135,2124,3413,3054,5112,4505,5391,7472,7433,6102,7377,2629,4997,98531,42181,14015,8113,27612,11954,2848
2021-06-03T23:59:59+02:00,2347,2394,4675,4873,6369,7383,9809,11278,15594,16396,15263,15958,8640,10532,2789,5302,881,807,1576,2075,2075,3334,2967,5005,4362,5227,7317,7246,6090,7350,2629,4993,95207,41148,13976,8103,27607,11871,2812
2021-06-02T23:59:59+02:00,2329,2370,4632,4840,6313,7345,9709,11189,15536,16343,15255,15954,8639,10528,2789,5301,869,794,1558,2053,2025,3298,2882,4919,4002,4841,6761,6612,6047,7294,2625,4983,94681,38828,13976,8099,27607,11828,2808
2021-06-01T23:59:59+02:00,2268,2327,4512,4751,6148,7236,9521,11042,15429,16266,15252,15950,8635,10524,2788,5296,837,767,1494,2003,1913,3236,2726,4829,3800,4716,6550,6382,6026,7276,2620,4976,93820,37751,13926,8079,27594,11716,2605
2021-05-31T23:59:59+02:00,2214,2269,4413,4656,6006,7109,9334,10899,15344,16212,15244,15943,8632,10524,2788,5296,814,730,1437,1945,1845,3188,2552,4776,3670,4665,6195,5968,6003,7255,2617,4968,93100,36581,13840,8073,27585,11616,2358
2021-05-30T23:59:59+02:00,2189,2247,4357,4594,5917,7048,9260,10837,15306,16193,15243,15941,8632,10524,2788,5296,802,720,1415,1925,1795,3166,2420,4741,3566,4647,6193,5966,6003,7255,2617,4968,92653,36268,13801,8051,27575,11537,2343
2021-05-29T23:59:59+02:00,2172,2232,4339,4583,5900,7032,9246,10824,15302,16190,15242,15941,8632,10524,2788,5296,784,668,1321,1669,1662,2806,2221,4196,3288,4222,6103,5872,5892,7122,2616,4968,92527,36219,13799,8046,27574,8802,2343
2021-05-28T23:59:59+02:00,2151,2209,4301,4539,5855,6990,9170,10754,15236,16138,15238,15939,8632,10524,2788,5295,766,581,1244,1424,1564,2411,2044,3519,3028,3635,5467,5135,5810,7031,2612,4955,92060,34924,13786,8046,27571,5914,2342
2021-05-27T23:59:59+02:00,2109,2172,4216,4472,5731,6916,9015,10654,15139,16055,15236,15938,8632,10523,2788,5295,737,547,1210,1345,1522,2276,1977,3376,2916,3517,5036,4655,5777,6992,2602,4926,91381,33809,13637,8037,27547,5239,2326
2021-05-26T23:59:59+02:00,2041,2055,4020,4328,5389,6655,8048,9912,14381,15351,15224,15932,8628,10517,2786,5293,726,531,1185,1288,1477,2222,1920,3265,2765,3371,3730,3282,5718,6919,2579,4868,90607,30546,10119,8023,27533,4976,2301
2021-05-25T23:59:59+02:00,2000,2016,3935,4261,5294,6589,7913,9805,14008,14918,15176,15896,8621,10502,2784,5289,717,521,1153,1252,1455,2200,1900,3238,2740,3346,3724,3272,5711,6917,2577,4867,89270,30461,9973,8014,27516,4867,2248
2021-05-24T23:59:59+02:00,1974,1972,3847,4191,5192,6513,7788,9689,13497,14309,15125,15828,8614,10488,2783,5284,711,514,1133,1242,1425,2187,1879,3220,2715,3324,3707,3254,5689,6893,2568,4850,87506,30331,9894,7963,27505,4828,2189
2021-05-23T23:59:59+02:00,1965,1959,3828,4168,5174,6500,7736,9658,13423,14246,15114,15824,8612,10487,2782,5284,704,505,1123,1230,1403,2166,1825,3185,2610,3229,3301,2821,5050,6085,2554,4805,87272,30159,9794,5441,27505,4807,2189
2021-05-22T23:59:59+02:00,1802,1917,3526,4119,4773,6456,7481,9603,13298,14167,15108,15823,8612,10486,2782,5284,546,474,830,1188,1028,2130,1587,3132,2496,3154,3297,2819,5050,6084,2554,4805,87124,30147,9794,5441,27503,4770,816
2021-05-21T23:59:59+02:00,1717,1809,3374,3927,4584,6161,7084,9238,12012,12829,14957,15675,8575,10439,2773,5273,543,462,821,1186,1026,2123,1552,3102,2418,3078,3124,2682,5024,6041,2551,4790,82360,29515,9754,5441,27498,4752,815
2021-05-20T23:59:59+02:00,1680,1773,3283,3876,4477,6081,6910,9161,11801,12602,14937,15657,8572,10432,2772,5272,524,449,782,1140,971,2059,1434,3031,2292,2981,2936,2512,4984,5965,2543,4775,81534,28774,9651,5426,27442,4519,659
2021-05-19T23:59:59+02:00,1657,1747,3227,3820,4383,6017,6796,9099,11570,12345,14925,15647,8570,10431,2772,5271,516,437,766,1103,953,1992,1323,2884,1965,2689,2374,2015,4879,5848,2521,4728,80728,26707,9512,5410,27416,4255,621
2021-05-18T23:59:59+02:00,1595,1713,3140,3731,4273,5914,6639,8941,11286,12091,14880,15599,8558,10408,2770,5261,513,425,751,1088,935,1975,1238,2818,1685,2469,1936,1671,4807,5765,2500,4685,79644,25172,9311,5400,27347,4192,497
2021-05-17T23:59:59+02:00,1545,1632,3010,3572,4067,5637,6294,8485,10742,11543,14772,15507,8539,10384,2765,5251,511,417,745,1081,917,1970,1214,2794,1657,2430,1919,1652,4800,5758,2496,4682,76763,25106,9276,5386,27322,4167,384
2021-05-16T23:59:59+02:00,1526,1610,2957,3532,3971,5550,6145,8348,10566,11411,14746,15485,8532,10376,2764,5249,504,411,722,1066,887,1954,1186,2767,1624,2406,1912,1643,4798,5754,2493,4680,76018,25077,9220,5368,27291,4123,239
2021-05-15T23:59:59+02:00,1439,1513,2746,3365,3742,5272,5784,7877,10215,11115,14661,15423,8513,10347,2758,5240,504,410,718,1064,887,1951,1182,2766,1619,2402,1900,1631,4792,5748,2493,4678,73268,25021,9220,5368,27284,4118,238
2021-05-14T23:59:59+02:00,1407,1452,2637,3273,3590,5116,5588,7591,9997,10864,14626,15386,8500,10324,2755,5236,455,370,647,899,815,1666,1053,2358,1440,2079,1866,1591,4789,5740,2492,4673,71635,24959,9213,5366,27260,2374,234
2021-05-13T23:59:59+02:00,1349,1386,2537,3189,3425,4980,5371,7385,9775,10692,14600,15358,8491,10321,2753,5233,448,358,620,871,713,1560,954,2275,1179,1868,1153,1012,4568,5507,2484,4640,70476,24843,8919,2837,27231,2311,219
2021-05-12T23:59:59+02:00,1342,1378,2521,3184,3407,4968,5351,7372,9761,10681,14598,15354,8489,10319,2752,5233,448,357,619,870,710,1559,950,2274,1175,1862,1135,1003,4555,5469,2451,4571,70368,24645,8895,2837,27229,2308,218
2021-05-11T23:59:59+02:00,1300,1335,2446,3100,3295,4841,5157,7227,9473,10373,14550,15297,8477,10299,2748,5224,442,344,601,856,689,1543,923,2251,1150,1835,1081,967,4493,5372,2409,4447,69030,24158,8771,2820,27143,2227,198
2021-05-10T23:59:59+02:00,1276,1309,2383,3024,3169,4717,5028,7070,9150,9993,14504,15259,8468,10280,2743,5222,441,342,589,846,675,1528,912,2236,1133,1821,1047,933,4432,5296,2368,4332,67682,23750,8651,2817,27073,2175,189
2021-05-09T23:59:59+02:00,1261,1292,2340,3010,3092,4682,4966,7036,9085,9949,14491,15244,8466,10275,2743,5220,433,340,576,841,653,1508,890,2217,1121,1807,1028,918,4420,5258,2352,4290,67444,23592,8577,2815,27029,2143,102
2021-05-08T23:59:59+02:00,1258,1288,2325,2998,3076,4673,4926,7022,9061,9941,14490,15244,8466,10274,2743,5220,433,340,576,841,652,1508,890,2216,1120,1806,1028,918,4419,5258,2352,4290,67304,23591,8571,2812,27028,2142,102
2021-05-07T23:59:59+02:00,1239,1265,2286,2957,3026,4624,4827,6930,8837,9696,14475,15221,8460,10268,2740,5216,383,312,544,772,615,1347,820,2011,1032,1620,998,889,4399,5235,2350,4285,66399,23487,8565,2809,27001,1214,102
2021-05-06T23:59:59+02:00,1089,1174,2061,2714,2727,4315,4458,6530,8251,9090,14197,14982,8420,10211,2737,5215,382,308,533,753,598,1315,801,1976,1000,1592,971,857,4389,5221,2348,4281,62773,23359,8437,2759,26866,1112,95
2021-05-05T23:59:59+02:00,1025,1121,1953,2601,2569,4144,4165,6252,7240,7909,14112,14884,8385,10171,2724,5195,378,305,525,743,583,1306,767,1963,977,1571,896,797,4348,5152,2340,4266,59270,23041,8388,2740,26743,1087,49
2021-05-04T23:59:59+02:00,1003,1101,1902,2563,2468,4078,3947,6140,6959,7695,13604,14316,8355,10136,2719,5186,375,304,520,739,572,1301,750,1944,961,1564,877,774,4327,5136,2337,4257,57218,22907,8330,2725,26583,1065,41
2021-05-03T23:59:59+02:00,971,1063,1842,2510,2366,3968,3748,6022,6603,7395,13067,13693,8318,10098,2712,5171,369,302,518,735,562,1295,741,1934,947,1551,853,750,4310,5118,2331,4244,54798,22797,8304,2716,26445,1047,0
2021-05-02T23:59:59+02:00,966,1062,1823,2504,2341,3960,3705,6012,6569,7387,13066,13693,8318,10097,2712,5171,369,302,515,735,561,1293,737,1934,946,1548,851,746,4309,5114,2331,4244,54664,22781,8300,2714,26422,1040,0
2021-05-01T23:59:59+02:00,966,1060,1816,2502,2330,3955,3694,6004,6558,7378,13065,13691,8318,10097,2712,5171,369,302,515,735,561,1293,736,1933,944,1548,851,746,4309,5114,2331,4244,54597,22781,8300,2710,26420,1040,0
2021-04-30T23:59:59+02:00,949,1055,1795,2488,2309,3920,3657,5971,6481,7325,12970,13587,8317,10093,2709,5159,317,247,473,659,532,1115,706,1709,910,1344,839,729,4305,5112,2331,4244,54103,22767,8299,2706,26383,99,0
2021-04-29T23:59:59+02:00,894,1030,1738,2438,2247,3862,3512,5848,6244,7102,12711,13314,8295,10064,2705,5152,311,245,465,653,530,1108,699,1699,901,1336,830,714,4296,5105,2331,4242,52513,22687,8284,2700,26359,78,0
2021-04-28T23:59:59+02:00,833,996,1658,2377,2103,3752,3227,5595,5641,6599,11878,12400,8236,9975,2680,5115,310,242,463,647,522,1095,688,1679,890,1329,817,698,4277,5079,2329,4242,48469,22567,8278,2682,26318,58,0
2021-04-27T23:59:59+02:00,823,991,1640,2357,2059,3733,3156,5569,5517,6478,11849,12383,8234,9973,2680,5113,309,240,456,645,515,1090,679,1667,881,1323,805,687,4273,5073,2328,4236,47990,22490,8275,2667,26290,50,0
2021-04-26T23:59:59+02:00,813,978,1614,2339,1999,3693,2981,5492,5186,6194,11285,11737,8178,9908,2675,5103,307,239,455,644,509,1084,668,1661,873,1315,796,679,4268,5068,2328,4232,45663,22441,8266,2640,26246,45,0
2021-04-25T23:59:59+02:00,803,976,1600,2333,1961,3677,2855,5469,5094,6189,11281,11733,8175,9902,2674,5102,306,239,455,644,509,1078,668,1658,870,1313,796,678,4268,5068,2328,4232,45338,22436,8260,2636,26226,38,0
2021-04-24T23:59:59+02:00,789,966,1578,2313,1922,3632,2758,5399,4748,5869,10665,11009,8145,9844,2673,5100,306,239,455,644,509,1077,667,1657,869,1313,791,674,4259,5052,2326,4231,42929,22400,8260,2632,26221,37,0
2021-04-23T23:59:59+02:00,784,958,1565,2303,1893,3606,2718,5349,4587,5683,10356,10628,8105,9802,2670,5091,306,238,455,644,509,1076,666,1657,867,1313,791,673,4256,5049,2326,4231,41630,22389,8260,2631,26208,37,0
2021-04-22T23:59:59+02:00,768,943,1537,2260,1842,3538,2633,5259,4435,5529,10211,10433,8091,9771,2668,5083,306,237,453,633,507,1070,660,1649,861,1304,785,668,4254,5047,2326,4229,40629,22354,8234,2606,26138,29,0
2021-04-21T23:59:59+02:00,757,930,1513,2249,1790,3494,2528,5172,4052,5112,9615,9750,8042,9708,2664,5072,305,237,449,631,507,1069,656,1646,856,1299,773,657,4244,5034,2326,4225,38119,22305,8217,2582,26112,27,0
2021-04-20T23:59:59+02:00,750,919,1491,2222,1759,3465,2476,5114,3914,5017,9419,9531,8025,9698,2660,5069,305,235,449,630,506,1067,655,1641,854,1295,767,653,4240,5030,2326,4225,37284,22275,8206,2576,26039,27,0
2021-04-19T23:59:59+02:00,743,908,1482,2215,1742,3448,2444,5088,3851,4960,9052,9113,8000,9673,2657,5063,305,233,448,627,504,1064,651,1639,850,1291,761,647,4231,5028,2326,4223,36261,22236,8194,2565,25984,27,0
2021-04-18T23:59:59+02:00,739,906,1477,2209,1724,3441,2425,5076,3843,4958,9044,9102,8000,9672,2657,5063,304,233,448,623,503,1061,649,1636,847,1291,760,645,4231,5026,2326,4223,36201,22228,8174,2551,25961,27,0
2021-04-17T23:59:59+02:00,722,900,1389,2199,1624,3429,2388,5046,3763,4881,8335,8383,7984,9659,2657,5063,304,233,446,621,502,1061,648,1636,846,1288,760,645,4230,5026,2326,4223,36193,22217,8174,2551,24055,27,0
2021-04-16T23:59:59+02:00,706,882,1260,2177,1473,3407,2302,4981,3603,4717,7002,6835,7949,9610,2644,5032,304,232,441,615,498,1057,638,1634,842,1280,750,639,4221,5011,2323,4221,34820,22144,8164,2547,21596,15,0
2021-04-15T23:59:59+02:00,685,871,1250,2163,1453,3389,2245,4943,3532,4664,6564,6334,7908,9548,2622,4960,296,226,427,605,481,1043,604,1608,807,1251,661,578,3730,4503,2300,4186,33502,22089,8106,1206,21523,11,0
2021-04-14T23:59:59+02:00,680,867,1229,2151,1422,3370,2200,4908,3400,4570,5223,4933,7858,9482,2601,4923,288,222,424,598,474,1040,597,1600,801,1248,646,561,3718,4494,2296,4181,30278,22002,8095,1177,21444,9,0
2021-04-13T23:59:59+02:00,678,867,1220,2146,1407,3368,2192,4897,3380,4555,5204,4914,7852,9479,2600,4921,288,221,422,596,471,1037,595,1596,790,1246,628,557,3716,4491,2296,4181,30198,21982,8074,1140,21408,9,0
2021-04-12T23:59:59+02:00,672,859,1207,2137,1391,3357,2159,4882,3350,4531,5181,4899,7840,9468,2597,4888,287,220,420,595,470,1031,593,1592,782,1239,624,554,3711,4490,2296,4181,30070,21957,8029,1119,21319,9,0
2021-04-11T23:59:59+02:00,664,855,1191,2125,1373,3343,2092,4857,3232,4449,4762,4458,7174,8643,2590,4883,287,220,419,595,467,1030,588,1589,778,1238,620,551,3707,4485,2296,4181,30040,21950,5420,1092,21231,9,0
2021-04-10T23:59:59+02:00,664,854,1190,2124,1371,3340,2091,4854,3229,4442,4718,4411,7171,8637,2590,4882,282,217,417,584,455,1014,561,1572,746,1214,548,481,3136,3870,2247,4087,29921,20330,5417,1092,21230,9,0
2021-04-09T23:59:59+02:00,661,853,1182,2121,1366,3336,2062,4832,3150,4364,4522,4246,7136,8588,2586,4866,272,211,407,571,436,998,536,1554,725,1191,467,419,2486,3051,2199,3991,29238,18414,5413,1091,21220,9,0
2021-04-08T23:59:59+02:00,651,843,1168,2110,1350,3306,2001,4779,3005,4254,3468,3095,6895,8226,2575,4851,259,203,389,553,413,985,514,1525,693,1168,449,395,2478,3044,2196,3988,28441,18200,5365,1043,18771,9,0
2021-04-07T23:59:59+02:00,644,837,1155,2101,1331,3294,1891,4700,2687,4006,2864,2566,6784,8103,2551,4798,245,196,361,528,375,951,470,1491,657,1141,422,370,2418,2982,2191,3981,26265,17747,5346,1024,18701,8,0
2021-04-06T23:59:59+02:00,634,829,1117,2094,1308,3275,1773,4650,2410,3837,2412,2219,6707,8012,2529,4761,221,183,327,502,350,933,433,1468,621,1109,387,328,2364,2909,2185,3972,24667,17277,5330,1007,18570,8,0
2021-04-05T23:59:59+02:00,631,827,1107,2090,1302,3272,1764,4640,2395,3821,2123,1873,5594,6697,2527,4761,221,183,326,498,344,927,429,1466,617,1104,383,325,2362,2903,2185,3971,24636,17266,5320,971,15468,7,0
2021-04-04T23:59:59+02:00,630,827,1106,2090,1302,3272,1764,4640,2393,3819,2122,1870,5594,6693,2527,4761,221,183,326,498,344,927,428,1466,617,1104,383,325,2361,2903,2185,3971,24628,17264,5320,971,15462,7,0
2021-04-03T23:59:59+02:00,630,827,1106,2089,1302,3272,1763,4638,2389,3819,2121,1868,5593,6693,2527,4761,221,183,326,498,344,927,428,1466,616,1104,383,325,2361,2903,2185,3971,24622,17263,5316,971,15460,7,0
2021-04-02T23:59:59+02:00,630,826,1106,2089,1298,3271,1761,4633,2388,3816,2113,1859,5581,6678,2524,4748,221,182,326,496,344,927,427,1465,615,1096,381,325,2361,2902,2185,3971,24554,17246,5312,971,15455,7,0
2021-04-01T23:59:59+02:00,626,815,1083,2071,1201,3176,1671,4565,2129,3608,1387,1270,5373,6466,2514,4720,217,181,326,495,343,926,426,1463,615,1095,378,323,2361,2902,2185,3967,24445,17234,2812,962,15418,7,0
2021-03-31T23:59:59+02:00,624,814,1080,2067,1196,3168,1660,4560,2111,3595,1360,1238,5344,6412,2476,4621,216,181,326,494,342,926,426,1462,614,1094,377,320,2357,2901,2183,3966,24127,17222,2798,956,15401,7,0
2021-03-30T23:59:59+02:00,622,805,1074,2063,1190,3163,1650,4546,2103,3582,1314,1193,5260,6282,2431,4474,216,180,326,493,339,922,421,1459,607,1083,363,309,2255,2749,2063,3740,23605,16603,2776,915,15371,7,0
2021-03-29T23:59:59+02:00,620,803,1070,2055,1180,3157,1643,4533,2091,3570,1278,1163,5199,6189,2380,4345,215,179,324,491,337,920,419,1455,602,1078,356,304,2032,2484,1837,3363,23169,15476,2753,913,15354,7,0
2021-03-28T23:59:59+02:00,620,800,1068,2049,1177,3150,1638,4523,2087,3565,1262,1154,5191,6167,2369,4313,213,179,323,488,330,916,416,1448,599,1066,350,292,2027,2471,1836,3360,23064,15451,2735,859,15334,4,0
2021-03-27T23:59:59+01:00,568,739,988,1981,1095,3032,1520,4399,1985,3483,1193,1084,4588,5435,2369,4313,211,178,323,488,330,916,411,1446,598,1063,349,292,2026,2470,1836,3360,23049,15435,2731,859,12992,3,0
2021-03-26T23:59:59+01:00,565,734,980,1971,1093,3026,1510,4392,1969,3475,1149,1053,4558,5401,2368,4309,210,175,323,486,327,915,409,1445,594,1056,341,287,1629,1938,1413,2641,22855,13333,2721,853,12977,3,0
2021-03-25T23:59:59+01:00,563,728,967,1963,1090,3017,1502,4380,1954,3466,1139,1042,4550,5396,2368,4308,209,172,322,485,325,909,406,1439,590,1047,337,283,1536,1817,1376,2568,22808,12988,2712,830,12913,3,0
2021-03-24T23:59:59+01:00,561,723,957,1950,1078,3002,1473,4363,1941,3457,1104,1012,4523,5363,2363,4303,209,172,321,484,322,905,401,1432,581,1031,323,273,1208,1436,1223,2302,22668,11852,2686,768,12819,3,0
2021-03-23T23:59:59+01:00,559,718,952,1936,1074,2992,1466,4350,1931,3451,1091,1001,4503,5348,2363,4300,208,172,319,481,315,902,401,1432,575,1027,315,266,974,1172,1107,2125,22593,11041,2677,747,12765,3,0
2021-03-22T23:59:59+01:00,558,709,947,1924,1068,2983,1456,4334,1917,3443,1088,998,4498,5347,2363,4300,206,172,318,479,314,900,398,1429,572,1023,311,262,973,1169,1106,2122,22570,11024,2662,727,12701,3,0
2021-03-21T23:59:59+01:00,556,706,944,1915,1066,2979,1451,4322,1907,3436,1085,997,4498,5346,2363,4300,206,172,318,478,313,896,398,1424,566,1021,301,257,969,1164,1105,2122,22567,11023,2648,684,12656,3,0
2021-03-20T23:59:59+01:00,551,698,939,1899,1050,2963,1423,4304,1873,3408,1013,926,3914,4714,2313,4201,206,172,318,478,313,896,398,1424,566,1021,301,257,969,1164,1104,2121,20907,11021,2647,684,12635,3,0
2021-03-19T23:59:59+01:00,542,689,922,1874,1023,2944,1387,4279,1847,3379,926,861,3242,3879,2266,4102,204,172,316,478,312,893,396,1422,562,1014,298,256,956,1151,1073,2081,18932,10999,2636,582,12594,3,0
2021-03-18T23:59:59+01:00,528,677,905,1849,1000,2917,1349,4240,1802,3327,828,798,2731,3348,2243,4068,199,170,313,474,309,883,393,1416,560,1009,295,251,851,1055,964,1892,18858,10621,1238,410,12514,3,0
2021-03-17T23:59:59+01:00,526,666,896,1829,987,2900,1327,4219,1784,3311,800,773,2645,3257,2237,4064,197,169,311,472,306,882,386,1412,557,1005,292,246,611,781,662,1446,18553,9702,1201,33,12467,0,0
2021-03-16T23:59:59+01:00,524,657,887,1807,967,2885,1310,4207,1760,3295,771,763,2598,3177,2235,4060,197,169,309,472,305,880,383,1410,554,1000,286,242,365,544,474,1138,18347,8701,1162,27,12394,0,0
2021-03-15T23:59:59+01:00,524,646,883,1789,958,2864,1304,4201,1752,3286,765,759,2595,3176,2235,4060,196,169,308,471,304,880,383,1409,551,1000,286,242,365,543,473,1138,18334,8694,1139,24,12324,0,0
2021-03-14T23:59:59+01:00,523,640,877,1777,951,2859,1294,4188,1742,3274,760,755,2590,3173,2235,4060,196,169,307,471,303,878,381,1407,551,1000,286,242,365,543,473,1138,18329,8692,1112,18,12257,0,0
2021-03-13T23:59:59+01:00,501,589,782,1515,821,2478,1100,3627,1460,2849,679,666,2487,3047,2234,4059,196,169,307,471,303,878,381,1407,551,1000,286,242,365,543,473,1138,18325,8692,1112,18,9457,0,0
2021-03-12T23:59:59+01:00,486,504,718,1249,729,2084,930,2937,1214,2259,539,513,2443,3002,2234,4059,196,166,307,471,303,876,380,1407,551,998,286,241,352,522,424,1074,18303,8536,1111,18,6486,0,0
2021-03-11T23:59:59+01:00,463,468,685,1179,683,1979,872,2792,1134,2149,485,455,2430,2992,2233,4058,196,166,306,469,302,875,380,1404,550,998,286,240,339,505,378,1031,18119,8410,1063,15,5875,0,0
2021-03-10T23:59:59+01:00,449,458,651,1145,643,1945,828,2756,1101,2121,465,439,2416,2973,2232,4055,192,164,302,462,302,874,375,1397,545,991,282,234,218,406,152,766,17842,7653,1043,9,5792,0,0
2021-03-09T23:59:59+01:00,433,441,619,1116,624,1927,805,2730,1079,2097,444,419,2322,2831,2109,3825,192,164,300,460,301,873,374,1394,545,988,280,233,218,406,152,765,17082,7645,1027,0,5712,0,0
2021-03-08T23:59:59+01:00,420,420,597,1086,606,1905,789,2706,1057,2071,423,391,2093,2557,1879,3446,192,163,300,458,300,869,374,1388,545,986,279,231,218,405,152,765,15837,7625,999,0,5610,0,0
2021-03-07T23:59:59+01:00,419,418,590,1069,594,1897,786,2693,1052,2060,422,390,2088,2549,1878,3444,192,163,300,457,300,868,374,1385,545,985,279,231,218,405,152,765,15811,7619,989,0,5549,0,0
2021-03-06T23:59:59+01:00,419,415,587,1056,591,1895,779,2686,1048,2053,421,390,2088,2549,1878,3444,192,163,300,457,300,868,374,1385,545,984,278,231,218,405,152,765,15803,7617,989,0,5507,0,0
2021-03-05T23:59:59+01:00,413,400,581,1045,585,1885,774,2677,1042,2045,408,382,1666,1986,1444,2690,189,158,296,457,297,867,372,1382,543,980,278,231,218,405,152,765,13575,7590,989,0,5459,0,0
2021-03-04T23:59:59+01:00,403,375,554,1006,566,1829,745,2624,1021,1995,404,378,1575,1869,1405,2616,180,151,286,449,296,859,370,1368,541,976,277,231,218,405,152,765,13224,7524,983,0,5158,0,0
2021-03-03T23:59:59+01:00,401,368,546,976,549,1797,720,2576,1004,1957,398,372,1250,1490,1249,2344,179,150,285,448,295,858,366,1361,538,969,275,229,217,404,150,760,12069,7484,976,0,4952,0,0
2021-03-02T23:59:59+01:00,397,363,538,942,535,1777,712,2552,993,1938,389,362,1007,1223,1129,2164,179,148,284,437,291,852,366,1352,538,963,275,229,217,404,150,760,11247,7445,941,0,4833,0,0
2021-03-01T23:59:59+01:00,395,355,529,920,517,1746,703,2528,982,1921,385,355,1006,1217,1128,2160,179,146,284,428,288,842,365,1337,535,957,273,227,216,403,150,760,11228,7390,906,0,4713,0,0
2021-02-28T23:59:59+01:00,392,352,526,912,512,1735,700,2518,977,1906,381,350,1006,1215,1128,2160,178,145,284,428,288,841,365,1337,534,957,273,227,216,403,150,760,11228,7386,879,0,4663,0,0
2021-02-27T23:59:59+01:00,391,350,521,905,510,1729,697,2509,974,1904,380,349,1006,1215,1127,2160,178,145,284,428,288,841,365,1337,533,957,273,227,216,403,150,760,11227,7385,879,0,4621,0,0
2021-02-26T23:59:59+01:00,343,303,452,731,434,1420,568,2091,804,1563,352,319,1006,1212,1127,2160,178,143,284,425,286,833,363,1329,531,954,273,227,216,403,150,760,11216,7355,868,0,2801,0,0
2021-02-25T23:59:59+01:00,323,295,442,708,422,1384,554,2043,786,1531,344,313,921,1122,1055,2036,127,129,264,421,276,822,352,1313,526,947,273,225,216,403,150,760,10815,7204,838,0,2626,0,0
2021-02-24T23:59:59+01:00,318,289,437,692,415,1348,538,1995,764,1487,336,300,713,890,871,1731,127,123,263,415,273,813,350,1300,519,940,271,223,214,403,150,758,9876,7142,797,0,2451,0,0
2021-02-23T23:59:59+01:00,316,277,429,678,404,1325,530,1959,747,1468,322,290,462,642,680,1428,127,122,262,413,271,808,350,1293,518,932,270,222,213,403,149,757,8872,7110,753,0,2332,0,0
2021-02-22T23:59:59+01:00,316,275,428,671,403,1320,526,1948,742,1464,322,287,461,640,680,1427,127,117,257,403,270,791,346,1269,513,924,266,221,213,403,149,757,8867,7026,741,0,2302,0,0
2021-02-21T23:59:59+01:00,313,274,426,665,400,1312,524,1940,736,1460,312,282,457,635,678,1427,127,117,256,402,270,789,342,1266,506,921,265,220,212,402,148,748,8863,6991,699,0,2279,0,0
2021-02-20T23:59:59+01:00,313,271,426,663,400,1304,523,1931,734,1456,312,282,457,635,678,1427,127,117,256,402,270,789,342,1266,505,921,265,220,212,402,148,748,8863,6990,699,0,2250,0,0
2021-02-19T23:59:59+01:00,267,244,394,587,366,1136,465,1717,626,1246,303,266,431,599,598,1319,127,117,256,402,269,789,342,1266,505,921,265,220,212,402,148,748,8642,6989,593,0,1329,0,0
2021-02-18T23:59:59+01:00,266,239,387,578,355,1115,452,1699,616,1239,303,264,377,551,495,1191,124,114,252,397,262,783,339,1257,502,920,263,218,212,402,148,748,8463,6941,418,0,1246,0,0
2021-02-17T23:59:59+01:00,260,235,375,564,348,1106,429,1683,608,1227,298,257,222,415,157,778,116,101,248,391,257,768,333,1241,496,909,259,215,211,402,148,748,7740,6843,31,0,1191,0,0
2021-02-16T23:59:59+01:00,258,233,364,562,339,1097,421,1669,603,1221,295,254,221,414,157,778,85,89,228,365,246,738,315,1201,464,874,238,200,204,384,147,741,7732,6519,27,0,1127,0,0
2021-02-15T23:59:59+01:00,256,232,362,558,338,1091,419,1657,599,1215,295,254,221,413,156,778,84,87,224,354,238,726,305,1174,449,851,225,193,193,361,141,685,7724,6290,24,0,1096,0,0
2021-02-14T23:59:59+01:00,255,230,356,555,334,1082,415,1651,596,1212,295,254,221,413,156,778,80,85,217,349,235,718,300,1161,445,836,224,191,193,350,141,676,7714,6201,19,0,1070,0,0
2021-02-13T23:59:59+01:00,255,230,356,555,334,1082,414,1651,596,1211,294,254,221,413,156,778,80,85,217,349,235,718,300,1161,445,836,224,191,193,350,141,676,7712,6201,19,0,1069,0,0
2021-02-12T23:59:59+01:00,197,169,307,477,307,888,381,1413,559,996,286,239,220,413,156,778,77,84,214,348,233,715,293,1157,442,831,222,190,193,349,141,676,7700,6165,19,0,67,0,0
2021-02-11T23:59:59+01:00,195,167,301,466,303,874,375,1393,549,988,286,239,220,413,156,778,76,81,202,322,223,671,273,1106,425,783,221,187,193,344,141,673,7659,5921,16,0,28,0,0
2021-02-10T23:59:59+01:00,192,160,297,462,300,870,369,1382,545,980,284,237,218,412,156,776,70,75,186,296,212,612,256,1021,400,731,212,173,179,315,129,626,7617,5493,10,0,13,0,0
2021-02-09T23:59:59+01:00,187,154,294,453,299,861,369,1372,543,971,281,236,218,412,156,775,61,60,147,232,183,508,218,829,344,596,191,147,159,280,119,560,7573,4634,2,0,6,0,0
2021-02-08T23:59:59+01:00,183,148,291,442,294,851,366,1352,536,964,277,232,217,411,154,771,34,47,102,142,134,281,159,452,250,389,161,121,132,226,96,463,7481,3189,2,0,6,0,0
2021-02-07T23:59:59+01:00,181,146,288,441,293,849,365,1351,535,963,276,231,217,411,154,771,18,40,83,120,130,260,150,418,234,362,152,117,122,216,91,427,7471,2940,1,0,0,0,0
2021-02-06T23:59:59+01:00,181,146,288,441,293,849,365,1351,535,963,276,231,217,411,154,771,18,37,81,118,120,245,139,402,203,341,137,113,121,211,90,416,7471,2792,1,0,0,0,0
2021-02-05T23:59:59+01:00,181,144,288,438,292,838,363,1343,531,960,276,230,217,411,154,770,17,32,77,113,113,232,134,375,189,322,132,108,118,206,83,400,7435,2651,1,0,0,0,0
2021-02-04T23:59:59+01:00,173,139,287,434,285,829,360,1332,522,951,275,228,216,411,154,768,10,21,51,76,84,176,111,285,157,265,114,96,107,191,75,360,7364,2179,0,0,0,0,0
2021-02-03T23:59:59+01:00,156,132,277,428,281,824,358,1321,522,949,275,228,215,411,154,767,10,19,43,66,74,141,87,255,134,217,95,81,92,164,67,318,7298,1863,0,0,0,0,0
2021-02-02T23:59:59+01:00,135,126,265,426,278,817,353,1314,521,942,274,228,214,411,153,766,10,16,34,61,62,118,72,210,103,167,63,57,67,105,43,201,7223,1389,0,0,0,0,0
2021-02-01T23:59:59+01:00,130,121,260,411,276,800,351,1290,515,929,269,226,214,411,153,766,4,10,20,34,33,65,44,116,59,69,28,28,28,45,25,100,7122,708,0,0,0,0,0
2021-01-31T23:59:59+01:00,129,118,258,409,274,797,349,1284,511,927,269,223,213,410,153,766,4,6,15,23,28,46,31,70,39,42,14,8,13,28,20,61,7090,448,0,0,0,0,0
2021-01-30T23:59:59+01:00,129,118,258,409,274,796,349,1283,510,927,269,223,213,410,153,766,4,6,13,20,25,39,26,62,36,40,14,8,13,28,20,61,7087,415,0,0,0,0,0
2021-01-29T23:59:59+01:00,129,118,258,409,273,796,349,1283,510,927,269,223,213,410,153,766,4,6,7,18,23,30,21,54,32,37,14,8,13,27,19,60,7086,373,0,0,0,0,0
2021-01-28T23:59:59+01:00,127,115,254,403,269,790,346,1276,506,926,269,223,213,410,153,766,1,3,2,8,15,12,11,25,12,22,11,4,6,14,6,25,7046,177,0,0,0,0,0
2021-01-27T23:59:59+01:00,119,105,252,399,266,782,341,1269,500,919,264,220,212,409,153,766,0,0,1,4,11,10,7,18,10,17,10,4,6,14,6,25,6976,143,0,0,0,0,0
2021-01-26T23:59:59+01:00,90,93,234,382,258,757,328,1231,475,888,244,208,205,393,153,758,0,0,1,4,11,10,7,18,10,17,10,4,6,14,6,25,6697,143,0,0,0,0,0
2021-01-25T23:59:59+01:00,87,88,232,362,245,738,314,1198,457,863,228,201,196,372,149,703,0,0,1,4,11,8,6,11,7,13,10,4,6,14,6,25,6433,126,0,0,0,0,0
2021-01-24T23:59:59+01:00,87,86,228,358,244,733,311,1185,455,848,227,199,196,361,149,693,0,0,1,4,11,8,6,11,7,13,10,4,6,14,6,25,6360,126,0,0,0,0,0
2021-01-23T23:59:59+01:00,87,86,228,358,244,733,311,1185,455,848,227,199,196,361,149,693,0,0,1,4,11,8,6,11,7,13,10,4,6,14,6,25,6360,126,0,0,0,0,0
2021-01-22T23:59:59+01:00,87,85,226,356,244,730,307,1181,451,845,225,198,196,360,149,693,0,0,1,4,11,8,6,11,7,13,10,4,6,14,6,25,6333,126,0,0,0,0,0
2021-01-21T23:59:59+01:00,87,82,211,327,234,686,282,1130,437,812,224,194,195,354,149,690,0,0,1,2,9,7,5,10,6,11,10,4,6,14,6,25,6094,116,0,0,0,0,0
2021-01-20T23:59:59+01:00,80,76,197,306,222,622,268,1037,408,753,215,183,180,325,138,643,0,0,1,2,9,7,5,10,6,11,10,4,6,14,6,25,5653,116,0,0,0,0,0
2021-01-19T23:59:59+01:00,72,66,157,256,202,559,242,914,367,644,196,157,158,285,125,565,0,0,1,2,3,6,5,9,4,9,7,3,6,14,6,25,4965,100,0,0,0,0,0
2021-01-18T23:59:59+01:00,60,58,134,213,180,455,215,757,327,551,180,138,134,236,105,481,0,0,0,1,2,3,2,4,2,7,6,3,6,14,6,23,4224,79,0,0,0,0,0
2021-01-17T23:59:59+01:00,36,46,109,182,167,392,198,666,301,492,170,131,121,218,91,426,0,0,0,0,2,3,1,4,2,5,4,3,6,14,5,23,3746,72,0,0,0,0,0
2021-01-16T23:59:59+01:00,29,43,109,180,157,375,183,646,270,470,155,126,120,213,90,415,0,0,0,0,0,0,0,0,0,0,0,0,0,0,0,0,3581,0,0,0,0,0,0
2021-01-15T23:59:59+01:00,27,39,105,175,146,362,177,616,253,448,150,117,117,207,82,399,0,0,0,0,0,0,0,0,0,0,0,0,0,0,0,0,3420,0,0,0,0,0,0
2021-01-14T23:59:59+01:00,9,24,51,77,84,167,113,281,150,260,122,100,104,191,72,359,0,0,0,0,0,0,0,0,0,0,0,0,0,0,0,0,2164,0,0,0,0,0,0
2021-01-13T23:59:59+01:00,8,20,41,67,76,133,91,252,125,223,93,78,85,154,56,289,0,0,0,0,0,0,0,0,0,0,0,0,0,0,0,0,1791,0,0,0,0,0,0
2021-01-12T23:59:59+01:00,8,15,37,63,63,109,76,203,96,170,60,52,57,92,32,167,0,0,0,0,0,0,0,0,0,0,0,0,0,0,0,0,1300,0,0,0,0,0,0
2021-01-11T23:59:59+01:00,1,10,27,46,39,78,55,134,59,83,30,26,23,36,16,73,0,0,0,0,0,0,0,0,0,0,0,0,0,0,0,0,736,0,0,0,0,0,0
2021-01-10T23:59:59+01:00,1,5,20,32,34,54,36,87,38,51,13,6,7,18,11,33,0,0,0,0,0,0,0,0,0,0,0,0,0,0,0,0,446,0,0,0,0,0,0
2021-01-09T23:59:59+01:00,1,5,18,28,33,50,31,77,36,50,13,6,7,18,11,33,0,0,0,0,0,0,0,0,0,0,0,0,0,0,0,0,417,0,0,0,0,0,0
2021-01-08T23:59:59+01:00,1,5,15,26,30,39,25,68,32,46,12,6,6,16,10,32,0,0,0,0,0,0,0,0,0,0,0,0,0,0,0,0,369,0,0,0,0,0,0
2021-01-07T23:59:59+01:00,1,3,2,10,15,12,12,26,14,24,11,5,6,15,8,26,0,0,0,0,0,0,0,0,0,0,0,0,0,0,0,0,190,0,0,0,0,0,0
2021-01-06T23:59:59+01:00,1,0,2,4,13,10,8,20,12,19,11,5,6,15,8,26,0,0,0,0,0,0,0,0,0,0,0,0,0,0,0,0,160,0,0,0,0,0,0
2021-01-05T23:59:59+01:00,0,0,1,4,12,10,7,18,11,19,10,5,6,15,8,26,0,0,0,0,0,0,0,0,0,0,0,0,0,0,0,0,152,0,0,0,0,0,0
2021-01-04T23:59:59+01:00,0,0,1,4,12,9,6,14,9,17,10,5,6,15,8,26,0,0,0,0,0,0,0,0,0,0,0,0,0,0,0,0,142,0,0,0,0,0,0
2021-01-03T23:59:59+01:00,0,0,1,4,11,8,6,11,7,14,10,5,6,15,8,26,0,0,0,0,0,0,0,0,0,0,0,0,0,0,0,0,132,0,0,0,0,0,0
2021-01-02T23:59:59+01:00,0,0,1,4,11,8,6,11,7,14,10,5,6,15,8,26,0,0,0,0,0,0,0,0,0,0,0,0,0,0,0,0,132,0,0,0,0,0,0
2021-01-01T23:59:59+01:00,0,0,1,4,11,8,6,11,7,14,10,5,6,15,8,26,0,0,0,0,0,0,0,0,0,0,0,0,0,0,0,0,132,0,0,0,0,0,0
2020-12-31T23:59:59+01:00,0,0,1,4,11,8,6,11,7,14,10,5,6,15,8,26,0,0,0,0,0,0,0,0,0,0,0,0,0,0,0,0,132,0,0,0,0,0,0
2020-12-30T23:59:59+01:00,0,0,1,4,11,8,6,11,7,14,10,5,6,15,8,26,0,0,0,0,0,0,0,0,0,0,0,0,0,0,0,0,132,0,0,0,0,0,0
2020-12-29T23:59:59+01:00,0,0,1,4,8,8,6,11,5,12,10,5,6,15,8,26,0,0,0,0,0,0,0,0,0,0,0,0,0,0,0,0,125,0,0,0,0,0,0
2020-12-28T23:59:59+01:00,0,0,1,1,5,6,6,5,3,9,10,5,6,15,8,26,0,0,0,0,0,0,0,0,0,0,0,0,0,0,0,0,106,0,0,0,0,0,0
2020-12-27T23:59:59+01:00,0,0,0,0,2,3,1,4,2,6,4,4,6,15,7,25,0,0,0,0,0,0,0,0,0,0,0,0,0,0,0,0,79,0,0,0,0,0,0
