Datum,<15_1_m,<15_1_w,15-24_1_m,15-24_1_w,25-34_1_m,25-34_1_w,35-44_1_m,35-44_1_w,45-54_1_m,45-54_1_w,55-64_1_m,55-64_1_w,65-74_1_m,65-74_1_w,75-84_1_m,75-84_1_w,>84_1_m,>84_1_w,<15_2_m,<15_2_w,15-24_2_m,15-24_2_w,25-34_2_m,25-34_2_w,35-44_2_m,35-44_2_w,45-54_2_m,45-54_2_w,55-64_2_m,55-64_2_w,65-74_2_m,65-74_2_w,75-84_2_m,75-84_2_w,>84_2_m,>84_2_w,bp_1,bp_2,mo_1,mo_2,az_1,az_2,ja,unb_1,unb_2
2021-11-05T23:59:59+01:00,2134,2085,10557,9840,11507,10801,14040,14424,17986,18307,21120,21024,16540,17244,9215,11212,2978,5732,1844,1755,9772,9258,10846,10120,13356,13752,17290,17611,20520,20424,16235,16916,9046,10991,2897,5580,156102,149042,20501,19775,27879,27118,12267,12,11
2021-11-04T23:59:59+01:00,2102,2048,10535,9823,11494,10791,14023,14408,17978,18298,21114,21019,16537,17240,9212,11209,2977,5729,1833,1742,9758,9237,10833,10104,13341,13734,17279,17595,20507,20409,16231,16910,9041,10984,2892,5574,155910,148842,20488,19770,27879,27118,12263,12,11
2021-11-03T23:59:59+01:00,2079,2025,10492,9789,11455,10752,13985,14386,17952,18272,21094,20999,16530,17235,9209,11207,2975,5726,1823,1731,9736,9222,10818,10091,13324,13713,17269,17582,20496,20400,16226,16903,9038,10982,2889,5568,155550,148656,20480,19770,27879,27118,12256,12,11
2021-11-02T23:59:59+01:00,2061,2012,10478,9776,11440,10734,13971,14374,17938,18262,21083,20988,16530,17232,9209,11202,2975,5724,1812,1717,9714,9202,10804,10073,13312,13698,17260,17571,20489,20393,16219,16896,9035,10979,2886,5564,155383,148477,20480,19768,27879,27118,12250,12,11
2021-11-01T23:59:59+01:00,2052,2000,10466,9755,11416,10720,13952,14367,17925,18253,21076,20983,16526,17231,9208,11201,2975,5723,1797,1698,9694,9181,10784,10057,13296,13680,17251,17565,20480,20384,16214,16890,9032,10977,2886,5561,155234,148294,20475,19760,27879,27118,12244,12,11
2021-10-31T23:59:59+01:00,2052,2000,10465,9754,11415,10719,13951,14366,17925,18253,21075,20983,16526,17230,9208,11200,2975,5723,1794,1696,9693,9181,10784,10056,13296,13680,17250,17564,20479,20384,16212,16888,9031,10976,2886,5561,155225,148278,20475,19760,27879,27118,12244,12,11
2021-10-30T23:59:59+02:00,2045,1991,10420,9733,11363,10686,13908,14328,17866,18219,21042,20961,16522,17225,9208,11198,2974,5722,1794,1696,9691,9178,10780,10053,13294,13679,17248,17560,20473,20380,16212,16887,9031,10976,2886,5561,154816,148246,20475,19760,27879,27118,12244,12,11
2021-10-29T23:59:59+02:00,2031,1972,10382,9712,11321,10649,13874,14287,17829,18186,21019,20941,16515,17219,9206,11197,2973,5721,1791,1696,9683,9174,10776,10047,13284,13671,17237,17555,20465,20373,16209,16886,9031,10974,2886,5560,154444,148172,20475,19758,27879,27118,12239,12,11
2021-10-28T23:59:59+02:00,2023,1964,10366,9701,11303,10639,13856,14280,17818,18173,21009,20938,16513,17218,9203,11194,2973,5719,1785,1695,9662,9161,10764,10035,13273,13663,17229,17549,20461,20368,16207,16884,9031,10971,2886,5559,154319,148074,20472,19756,27878,27118,12224,12,11
2021-10-27T23:59:59+02:00,2012,1954,10353,9693,11288,10631,13839,14269,17808,18166,21003,20934,16513,17211,9202,11190,2970,5715,1762,1666,9629,9122,10748,9999,13254,13633,17210,17533,20447,20358,16195,16881,9031,10970,2883,5557,154193,147779,20463,19750,27878,27118,12220,12,11
2021-10-26T23:59:59+02:00,2001,1938,10334,9676,11270,10620,13821,14254,17800,18153,20996,20928,16512,17210,9197,11184,2970,5713,1726,1630,9564,9057,10720,9961,13230,13599,17186,17504,20434,20346,16188,16870,9027,10964,2882,5555,154030,147356,20462,19749,27878,27117,12210,12,11
2021-10-25T23:59:59+02:00,1999,1935,10318,9669,11261,10614,13819,14249,17795,18150,20994,20925,16510,17209,9196,11183,2970,5713,1723,1624,9559,9054,10716,9959,13225,13598,17181,17501,20431,20346,16186,16869,9027,10961,2882,5553,153969,147313,20461,19749,27877,27117,12205,12,11
2021-10-24T23:59:59+02:00,1993,1931,10307,9663,11248,10609,13814,14245,17792,18148,20989,20921,16509,17209,9196,11180,2969,5712,1713,1618,9544,9041,10708,9950,13220,13591,17179,17498,20425,20346,16185,16867,9027,10960,2880,5553,153903,147229,20459,19749,27877,27117,12199,12,11
2021-10-23T23:59:59+02:00,1990,1928,10269,9635,11212,10584,13784,14216,17763,18126,20968,20906,16503,17200,9193,11175,2969,5710,1713,1617,9543,9040,10708,9947,13217,13589,17178,17498,20425,20346,16185,16866,9027,10959,2880,5553,153601,147217,20459,19749,27877,27117,12197,12,11
2021-10-22T23:59:59+02:00,1978,1915,10238,9614,11198,10553,13746,14199,17743,18107,20944,20889,16497,17200,9192,11173,2969,5710,1705,1608,9525,9030,10701,9936,13208,13577,17175,17490,20420,20343,16182,16861,9026,10958,2879,5550,153346,147110,20457,19749,27877,27116,12188,12,11
2021-10-21T23:59:59+02:00,1973,1912,10232,9608,11183,10544,13733,14196,17736,18102,20941,20888,16496,17199,9190,11173,2969,5709,1699,1599,9514,9023,10696,9925,13204,13564,17167,17483,20416,20336,16180,16860,9025,10956,2879,5550,153272,147020,20453,19744,27877,27116,12185,12,11
2021-10-20T23:59:59+02:00,1964,1903,10212,9598,11172,10525,13722,14188,17731,18093,20933,20884,16493,17195,9188,11170,2969,5709,1681,1580,9489,8988,10682,9905,13186,13544,17147,17466,20402,20323,16178,16854,9023,10953,2877,5550,153143,146779,20452,19742,27877,27116,12180,12,11
2021-10-19T23:59:59+02:00,1960,1897,10203,9591,11164,10515,13716,14183,17725,18089,20926,20880,16492,17193,9188,11170,2968,5708,1659,1560,9448,8944,10651,9874,13163,13518,17120,17443,20391,20312,16169,16841,9018,10950,2877,5549,153068,146443,20450,19741,27877,27116,12176,12,11
2021-10-18T23:59:59+02:00,1954,1880,10175,9573,11149,10499,13708,14170,17711,18081,20916,20872,16486,17188,9184,11164,2966,5702,1633,1540,9418,8905,10626,9848,13140,13489,17098,17428,20374,20298,16160,16833,9010,10940,2876,5545,152880,146120,20449,19739,27877,27116,12175,12,11
2021-10-17T23:59:59+02:00,1954,1879,10170,9572,11147,10495,13705,14168,17709,18077,20913,20871,16483,17188,9184,11164,2964,5700,1633,1537,9416,8901,10619,9846,13138,13488,17093,17423,20372,20297,16159,16832,9010,10939,2876,5545,152848,146087,20448,19737,27877,27116,12173,12,11
2021-10-16T23:59:59+02:00,1950,1875,10160,9566,11142,10495,13699,14157,17706,18075,20908,20869,16481,17184,9182,11163,2964,5699,1633,1537,9416,8900,10618,9846,13137,13487,17093,17421,20371,20297,16159,16832,9010,10939,2876,5545,152781,146081,20448,19737,27877,27116,12172,12,11
2021-10-15T23:59:59+02:00,1947,1871,10153,9553,11135,10489,13691,14145,17697,18063,20903,20857,16480,17183,9181,11162,2964,5698,1629,1530,9400,8886,10608,9839,13128,13480,17089,17416,20365,20292,16157,16832,9010,10939,2875,5545,152681,145988,20448,19736,27877,27116,12169,12,11
2021-10-14T23:59:59+02:00,1942,1863,10141,9542,11126,10474,13675,14138,17691,18053,20892,20846,16477,17180,9181,11159,2963,5696,1622,1527,9390,8873,10599,9828,13119,13472,17084,17411,20355,20284,16151,16826,9007,10938,2875,5545,152590,145894,20417,19727,27877,27116,12158,12,11
2021-10-13T23:59:59+02:00,1938,1852,10126,9523,11112,10467,13661,14128,17676,18042,20885,20838,16474,17172,9177,11153,2960,5694,1613,1520,9379,8854,10585,9815,13106,13459,17072,17400,20350,20274,16149,16820,9002,10929,2874,5542,152469,145815,20379,19646,27877,27115,12156,12,11
2021-10-12T23:59:59+02:00,1928,1843,10111,9510,11102,10450,13655,14123,17674,18036,20879,20835,16471,17169,9175,11152,2960,5694,1601,1510,9351,8831,10576,9800,13093,13443,17059,17390,20340,20266,16140,16811,8997,10921,2873,5534,152428,145691,20310,19564,27877,27115,12155,12,11
2021-10-11T23:59:59+02:00,1919,1834,10092,9495,11084,10441,13641,14114,17663,18020,20871,20825,16465,17167,9172,11148,2959,5692,1573,1483,9319,8791,10555,9769,13070,13414,17044,17375,20328,20257,16131,16807,8994,10917,2872,5530,152328,145542,20252,19413,27877,27115,12148,12,11
2021-10-10T23:59:59+02:00,1918,1829,10082,9488,11079,10434,13631,14107,17655,18012,20861,20819,16465,17167,9169,11144,2958,5692,1571,1482,9312,8787,10547,9765,13064,13409,17039,17372,20323,20257,16130,16807,8992,10914,2872,5528,152303,145498,20189,19403,27877,27115,12144,12,11
2021-10-09T23:59:59+02:00,1918,1829,10082,9488,11078,10434,13631,14107,17654,18012,20861,20819,16465,17167,9169,11144,2958,5692,1570,1482,9309,8783,10547,9763,13063,13408,17037,17372,20322,20256,16130,16807,8992,10914,2872,5528,152302,145485,20188,19400,27877,27115,12144,12,11
2021-10-08T23:59:59+02:00,1909,1820,10067,9481,11069,10428,13621,14096,17644,18005,20852,20814,16458,17161,9168,11141,2957,5691,1564,1475,9303,8774,10541,9757,13057,13401,17035,17369,20321,20255,16128,16806,8992,10913,2872,5528,152178,145429,20188,19394,27877,27115,12142,12,11
2021-10-07T23:59:59+02:00,1897,1806,10037,9448,11041,10400,13592,14078,17636,17992,20834,20801,16452,17156,9165,11137,2956,5689,1558,1467,9291,8755,10532,9741,13051,13390,17030,17360,20313,20250,16124,16802,8988,10910,2872,5527,151935,145318,20183,19392,27877,27115,12125,12,11
2021-10-06T23:59:59+02:00,1879,1782,10012,9428,11025,10385,13577,14058,17628,17980,20822,20792,16448,17151,9162,11136,2956,5688,1517,1411,9249,8692,10509,9704,13017,13352,17004,17333,20293,20231,16113,16793,8983,10906,2872,5523,151735,144868,20180,19391,27877,27115,12117,12,11
2021-10-05T23:59:59+02:00,1869,1770,9999,9406,11015,10368,13563,14042,17619,17971,20812,20787,16444,17145,9161,11136,2955,5688,1499,1388,9229,8667,10494,9683,13007,13340,16996,17317,20281,20222,16107,16789,8980,10900,2868,5519,151597,144673,20180,19391,27877,27115,12096,12,11
2021-10-04T23:59:59+02:00,1857,1760,9973,9392,11003,10352,13548,14029,17608,17958,20798,20774,16443,17140,9159,11134,2954,5688,1483,1374,9207,8646,10473,9660,13002,13329,16987,17298,20270,20202,16104,16784,8978,10898,2867,5519,151444,144491,20175,19391,27877,27114,12074,12,11
2021-10-03T23:59:59+02:00,1851,1755,9966,9386,10992,10341,13543,14022,17601,17953,20790,20770,16440,17135,9157,11133,2954,5688,1480,1369,9199,8637,10460,9653,12998,13324,16983,17291,20261,20197,16101,16782,8978,10897,2867,5519,151382,144437,20175,19391,27877,27114,12043,12,11
2021-10-02T23:59:59+02:00,1851,1755,9965,9383,10990,10340,13540,14022,17601,17953,20788,20768,16439,17134,9157,11133,2954,5688,1480,1369,9198,8635,10457,9649,12996,13322,16983,17291,20260,20195,16100,16780,8978,10897,2867,5519,151376,144429,20175,19389,27877,27114,12033,12,11
2021-10-01T23:59:59+02:00,1848,1751,9951,9368,10981,10325,13531,14014,17592,17946,20782,20764,16435,17130,9155,11132,2952,5686,1470,1355,9181,8617,10443,9638,12994,13311,16972,17284,20251,20188,16099,16780,8977,10892,2866,5517,151277,144305,20174,19389,27876,27114,12016,12,11
2021-09-30T23:59:59+02:00,1845,1748,9935,9360,10969,10315,13521,13997,17584,17934,20774,20758,16435,17129,9153,11130,2951,5685,1461,1351,9158,8609,10431,9628,12987,13299,16962,17280,20245,20184,16097,16780,8974,10892,2866,5517,151204,144239,20172,19386,27876,27114,11971,12,11
2021-09-29T23:59:59+02:00,1832,1714,9906,9324,10945,10289,13506,13977,17569,17922,20755,20747,16427,17121,9151,11127,2950,5682,1457,1337,9148,8594,10418,9613,12984,13285,16957,17267,20235,20176,16091,16771,8970,10889,2865,5516,150943,144110,20172,19385,27876,27114,11953,12,11
2021-09-28T23:59:59+02:00,1805,1689,9853,9270,10924,10253,13475,13950,17541,17892,20738,20727,16418,17108,9147,11117,2949,5679,1436,1321,9129,8566,10404,9591,12967,13272,16947,17255,20222,20164,16082,16762,8964,10882,2865,5515,150561,143908,20172,19384,27875,27114,11927,12,11
2021-09-27T23:59:59+02:00,1788,1676,9827,9252,10898,10231,13455,13923,17523,17872,20729,20720,16412,17103,9143,11114,2949,5677,1422,1309,9110,8544,10382,9571,12946,13246,16932,17238,20211,20155,16078,16759,8962,10879,2865,5514,150392,143759,20163,19379,27875,27112,11862,12,11
2021-09-26T23:59:59+02:00,1781,1670,9816,9243,10882,10219,13445,13916,17516,17866,20719,20719,16410,17099,9143,11113,2948,5677,1420,1308,9104,8536,10374,9567,12937,13240,16928,17233,20204,20153,16076,16757,8962,10879,2865,5514,150312,143724,20162,19378,27875,27111,11833,12,11
2021-09-25T23:59:59+02:00,1781,1669,9813,9242,10881,10219,13443,13915,17516,17866,20719,20719,16410,17098,9143,11113,2948,5677,1420,1308,9104,8533,10372,9567,12936,13238,16928,17233,20204,20153,16076,16756,8962,10879,2865,5514,150307,143720,20162,19378,27875,27111,11828,12,11
2021-09-24T23:59:59+02:00,1773,1653,9796,9230,10878,10209,13439,13904,17513,17862,20716,20715,16407,17097,9143,11113,2947,5677,1410,1302,9087,8520,10366,9556,12932,13234,16922,17227,20203,20149,16074,16754,8961,10879,2865,5514,150219,143637,20160,19378,27875,27111,11818,12,11
2021-09-23T23:59:59+02:00,1770,1651,9734,9188,10776,10144,13341,13830,17428,17796,20663,20668,16383,17079,9136,11102,2947,5674,1409,1299,9030,8483,10265,9496,12843,13173,16841,17165,20152,20105,16051,16733,8953,10867,2865,5511,150141,143609,20158,19375,27875,27111,11135,12,11
2021-09-22T23:59:59+02:00,1748,1634,9705,9155,10761,10115,13315,13799,17400,17773,20648,20646,16379,17071,9134,11095,2944,5673,1403,1282,9005,8468,10244,9479,12828,13158,16822,17155,20141,20100,16045,16731,8950,10861,2863,5508,149855,143439,20154,19372,27875,27111,11110,12,11
2021-09-21T23:59:59+02:00,1717,1604,9648,9089,10725,10080,13287,13757,17370,17750,20633,20635,16367,17057,9130,11093,2942,5667,1387,1251,8971,8434,10228,9461,12806,13131,16796,17125,20130,20089,16035,16724,8945,10858,2863,5506,149431,143155,20152,19370,27874,27111,11093,12,11
2021-09-20T23:59:59+02:00,1685,1580,9593,9037,10678,10029,13251,13716,17349,17731,20609,20617,16357,17050,9121,11081,2941,5663,1370,1224,8936,8407,10209,9438,12779,13108,16775,17107,20113,20070,16027,16715,8938,10851,2861,5505,149030,142910,20150,19369,27874,27110,11033,12,11
2021-09-19T23:59:59+02:00,1684,1579,9589,9029,10670,10024,13243,13714,17341,17725,20602,20613,16355,17047,9120,11079,2938,5660,1366,1223,8930,8401,10204,9436,12775,13106,16772,17105,20110,20066,16026,16715,8938,10851,2861,5504,148976,142888,20147,19367,27874,27109,11014,12,11
2021-09-18T23:59:59+02:00,1684,1579,9589,9028,10668,10020,13240,13710,17338,17725,20601,20613,16355,17047,9120,11079,2938,5660,1364,1223,8928,8398,10202,9434,12774,13103,16768,17104,20109,20066,16026,16715,8938,10851,2861,5504,148970,142879,20147,19367,27874,27109,11002,12,11
2021-09-17T23:59:59+02:00,1678,1569,9572,9005,10655,10004,13224,13696,17327,17714,20596,20602,16353,17045,9119,11077,2937,5659,1362,1221,8921,8392,10195,9428,12765,13097,16764,17099,20106,20057,16026,16713,8937,10850,2861,5504,148855,142855,20145,19367,27874,27108,10957,12,11
2021-09-16T23:59:59+02:00,1674,1568,9555,8989,10639,9987,13213,13684,17315,17706,20584,20591,16352,17041,9116,11074,2937,5657,1359,1221,8915,8386,10187,9421,12757,13091,16756,17094,20096,20052,16026,16712,8937,10847,2861,5502,148751,142826,20142,19364,27874,27105,10914,12,11
2021-09-15T23:59:59+02:00,1661,1553,9528,8962,10615,9967,13184,13656,17296,17682,20567,20573,16346,17034,9107,11066,2937,5653,1336,1187,8868,8347,10157,9380,12723,13051,16731,17074,20067,20032,16019,16700,8932,10844,2861,5500,148584,142490,20074,19352,27874,27102,10854,12,11
2021-09-14T23:59:59+02:00,1649,1543,9495,8932,10598,9947,13165,13633,17273,17664,20552,20559,16329,17021,9097,11055,2933,5641,1314,1175,8835,8315,10140,9363,12713,13028,16715,17055,20050,20012,16015,16693,8929,10837,2860,5496,148382,142249,19997,19351,27874,27102,10832,12,11
2021-09-13T23:59:59+02:00,1616,1507,9452,8877,10572,9913,13142,13590,17252,17645,20530,20546,16323,17015,9094,11049,2931,5635,1291,1160,8800,8287,10124,9340,12692,12996,16702,17038,20034,19996,16009,16679,8923,10835,2859,5492,148163,141994,19843,19343,27874,27101,10808,12,11
2021-09-12T23:59:59+02:00,1614,1504,9440,8870,10560,9907,13135,13580,17247,17641,20527,20541,16322,17012,9092,11048,2931,5632,1274,1144,8776,8266,10103,9329,12675,12982,16691,17031,20026,19987,16006,16675,8922,10829,2859,5491,148114,141836,19837,19342,27874,27100,10777,12,11
2021-09-11T23:59:59+02:00,1614,1504,9438,8865,10555,9903,13132,13578,17246,17638,20524,20539,16322,17010,9091,11048,2931,5632,1274,1144,8767,8263,10101,9328,12670,12981,16690,17028,20024,19986,16006,16674,8921,10829,2859,5491,148103,141830,19833,19337,27874,27100,10759,12,10
2021-09-10T23:59:59+02:00,1613,1503,9434,8861,10546,9896,13120,13573,17241,17631,20522,20535,16321,17009,9091,11048,2931,5632,1273,1143,8763,8260,10094,9320,12659,12975,16684,17023,20021,19982,16006,16673,8921,10828,2859,5491,148074,141808,19832,19331,27874,27100,10726,12,10
2021-09-09T23:59:59+02:00,1610,1498,9418,8855,10535,9883,13106,13556,17225,17622,20507,20523,16318,17008,9089,11044,2930,5629,1270,1139,8753,8254,10087,9310,12654,12961,16666,17016,20009,19972,16004,16671,8919,10821,2858,5489,147991,141754,19830,19331,27874,27099,10659,12,10
2021-09-08T23:59:59+02:00,1572,1450,9375,8796,10504,9844,13079,13519,17192,17596,20488,20503,16302,16994,9085,11038,2930,5627,1268,1132,8729,8238,10068,9294,12634,12945,16650,17007,19993,19965,15997,16665,8918,10817,2858,5489,147581,141624,19829,19326,27874,27099,10608,12,10
2021-09-07T23:59:59+02:00,1554,1425,9355,8774,10485,9825,13069,13509,17183,17584,20482,20498,16298,16991,9084,11033,2929,5625,1268,1130,8721,8231,10060,9292,12626,12943,16646,16998,19989,19962,15997,16663,8918,10814,2858,5489,147406,141582,19827,19324,27874,27095,10594,12,10
2021-09-06T23:59:59+02:00,1541,1413,9331,8750,10464,9804,13059,13495,17172,17570,20473,20482,16296,16988,9082,11033,2928,5625,1265,1130,8715,8221,10052,9285,12621,12934,16640,16993,19984,19955,15995,16663,8915,10811,2858,5488,147230,141524,19826,19321,27872,27094,10576,12,10
2021-09-05T23:59:59+02:00,1538,1410,9323,8740,10456,9799,13054,13489,17169,17563,20467,20479,16292,16985,9082,11032,2928,5625,1262,1122,8707,8215,10045,9275,12615,12928,16634,16987,19976,19953,15993,16661,8915,10810,2858,5488,147179,141470,19826,19321,27872,27091,10552,12,10
2021-09-04T23:59:59+02:00,1537,1410,9322,8738,10455,9799,13053,13488,17169,17563,20465,20477,16292,16985,9082,11032,2928,5625,1261,1122,8707,8215,10044,9273,12614,12928,16633,16986,19975,19953,15993,16661,8915,10810,2858,5488,147173,141464,19823,19321,27872,27091,10550,12,10
2021-09-03T23:59:59+02:00,1527,1396,9301,8720,10442,9788,13048,13478,17154,17551,20453,20467,16288,16979,9081,11027,2928,5622,1261,1121,8691,8203,10032,9265,12607,12921,16617,16976,19972,19945,15989,16654,8914,10806,2858,5485,147071,141412,19819,19319,27872,27091,10485,12,10
2021-09-02T23:59:59+02:00,1516,1387,9248,8689,10382,9737,12973,13420,17104,17514,20394,20423,16256,16952,9071,11016,2927,5617,1253,1116,8647,8178,9974,9221,12538,12871,16573,16943,19912,19904,15957,16631,8907,10798,2858,5480,146942,141355,19818,19315,27871,27089,9992,12,10
2021-09-01T23:59:59+02:00,1512,1370,9229,8675,10360,9725,12960,13407,17092,17500,20384,20419,16253,16946,9064,11012,2927,5616,1242,1108,8630,8158,9958,9204,12527,12860,16560,16932,19896,19893,15953,16626,8904,10792,2858,5479,146834,141222,19796,19313,27871,27088,9947,12,10
2021-08-31T23:59:59+02:00,1496,1352,9215,8649,10349,9713,12949,13399,17087,17488,20377,20411,16248,16942,9062,11007,2927,5616,1229,1094,8614,8140,9952,9192,12512,12849,16549,16927,19893,19886,15949,16624,8903,10789,2858,5479,146679,141095,19795,19310,27871,27085,9939,12,10
2021-08-30T23:59:59+02:00,1475,1335,9197,8627,10335,9697,12938,13384,17074,17468,20365,20402,16244,16939,9060,11005,2927,5615,1221,1083,8588,8126,9938,9180,12501,12830,16536,16910,19885,19879,15944,16618,8901,10784,2856,5477,146515,140960,19795,19306,27868,27076,9905,12,10
2021-08-29T23:59:59+02:00,1474,1334,9195,8621,10328,9688,12936,13379,17065,17463,20361,20397,16241,16934,9060,11005,2927,5614,1220,1080,8585,8120,9929,9168,12496,12824,16528,16905,19881,19876,15941,16611,8900,10784,2856,5476,146498,140938,19795,19305,27868,27070,9857,12,10
2021-08-28T23:59:59+02:00,1473,1334,9192,8617,10328,9687,12935,13378,17065,17462,20360,20396,16241,16934,9060,11005,2927,5614,1219,1078,8581,8120,9928,9168,12495,12823,16528,16904,19880,19875,15941,16611,8900,10784,2856,5476,146490,140933,19795,19303,27868,27070,9851,12,10
2021-08-27T23:59:59+02:00,1463,1323,9179,8610,10323,9680,12932,13376,17062,17456,20355,20391,16240,16932,9059,11005,2927,5614,1214,1072,8571,8113,9925,9163,12490,12821,16526,16897,19879,19874,15940,16610,8899,10783,2856,5476,146416,140888,19794,19301,27868,27065,9845,12,10
2021-08-26T23:59:59+02:00,1460,1322,9172,8606,10316,9674,12924,13375,17059,17454,20353,20386,16237,16929,9056,11000,2926,5614,1211,1070,8562,8102,9917,9157,12482,12818,16521,16895,19877,19869,15937,16606,8896,10780,2855,5476,146395,140857,19792,19301,27868,27059,9804,12,10
2021-08-25T23:59:59+02:00,1446,1297,9065,8550,10230,9602,12835,13302,16940,17371,20258,20330,16190,16892,9041,10979,2921,5603,1199,1062,8469,8048,9834,9095,12391,12753,16417,16822,19790,19815,15893,16568,8882,10760,2850,5463,146156,140711,19791,19300,27868,27057,9033,12,10
2021-08-24T23:59:59+02:00,1427,1272,9034,8520,10216,9582,12806,13273,16909,17335,20244,20314,16175,16882,9036,10973,2921,5600,1194,1053,8446,8035,9817,9083,12375,12742,16406,16807,19783,19805,15887,16564,8882,10758,2850,5462,145867,140593,19789,19298,27868,27057,8991,12,10
2021-08-23T23:59:59+02:00,1409,1247,8992,8483,10202,9563,12775,13253,16891,17317,20231,20290,16163,16870,9025,10967,2920,5595,1193,1047,8421,8019,9791,9064,12361,12736,16394,16798,19772,19789,15881,16556,8877,10753,2849,5459,145610,140495,19789,19296,27868,27037,8922,12,10
2021-08-22T23:59:59+02:00,1409,1247,8982,8478,10195,9556,12774,13249,16887,17311,20228,20287,16160,16866,9021,10967,2920,5594,1192,1046,8405,8013,9784,9053,12357,12731,16391,16791,19770,19785,15878,16551,8873,10751,2849,5458,145596,140466,19789,19294,27868,27034,8874,12,10
2021-08-21T23:59:59+02:00,1409,1246,8977,8478,10194,9554,12771,13248,16886,17311,20227,20286,16160,16866,9021,10967,2920,5594,1190,1044,8283,7932,9683,8959,12269,12621,16299,16721,19714,19742,15858,16536,8870,10740,2848,5456,145590,140461,19786,18394,27868,27033,8867,12,10
2021-08-20T23:59:59+02:00,1408,1244,8969,8476,10187,9546,12764,13238,16883,17309,20220,20281,16157,16866,9021,10965,2919,5593,1041,904,7926,7607,9531,8800,12125,12481,16176,16612,19607,19646,15819,16487,8858,10716,2846,5455,145556,138369,19786,18394,27868,27032,8832,12,10
2021-08-19T23:59:59+02:00,1403,1242,8958,8470,10180,9537,12755,13232,16878,17307,20215,20279,16156,16864,9021,10964,2919,5592,921,790,7665,7338,9402,8694,11981,12362,16082,16507,19510,19559,15777,16440,8847,10697,2845,5447,145514,136641,19783,18386,27867,27023,8804,12,10
2021-08-18T23:59:59+02:00,1379,1210,8912,8434,10153,9506,12727,13197,16848,17284,20189,20250,16143,16850,9015,10958,2915,5587,920,789,7652,7328,9390,8686,11967,12345,16068,16498,19502,19550,15771,16433,8843,10693,2842,5444,145208,136594,19770,18385,27864,27022,8710,12,10
2021-08-17T23:59:59+02:00,1354,1197,8876,8402,10138,9485,12711,13172,16833,17263,20166,20228,16135,16840,9012,10951,2913,5582,915,787,7639,7313,9373,8678,11956,12336,16061,16488,19491,19544,15764,16427,8842,10691,2841,5442,144963,136524,19767,18380,27863,27016,8660,12,8
2021-08-16T23:59:59+02:00,1331,1179,8838,8376,10119,9466,12687,13147,16823,17246,20146,20213,16130,16828,9008,10950,2912,5582,914,787,7630,7301,9357,8675,11946,12330,16058,16483,19482,19537,15761,16424,8842,10691,2841,5442,144729,136483,19765,18376,27863,27015,8619,12,8
2021-08-15T23:59:59+02:00,1313,1162,8819,8357,10106,9452,12672,13134,16810,17237,20132,20200,16124,16822,9008,10945,2912,5582,912,786,7618,7291,9340,8659,11933,12319,16051,16475,19476,19532,15752,16420,8841,10688,2841,5442,144582,136425,19764,18371,27860,26996,8576,12,8
2021-08-14T23:59:59+02:00,1312,1162,8819,8357,10105,9452,12671,13132,16810,17236,20131,20198,16124,16822,9008,10945,2912,5582,793,669,7301,6999,9195,8492,11760,12154,15933,16345,19382,19444,15726,16396,8832,10675,2841,5438,144576,134438,19764,18369,27860,26987,8573,12,8
2021-08-13T23:59:59+02:00,1307,1160,8807,8348,10095,9444,12658,13121,16794,17227,20123,20190,16121,16817,9006,10944,2911,5582,632,524,6915,6639,9027,8332,11552,11937,15713,16165,19241,19321,15692,16357,8820,10661,2839,5434,144546,131960,19764,18369,27860,26984,8480,12,8
2021-08-12T23:59:59+02:00,1307,1160,8806,8345,10088,9438,12655,13121,16788,17218,20119,20185,16120,16813,9004,10942,2911,5582,628,522,6908,6632,9013,8324,11540,11935,15702,16158,19237,19315,15690,16352,8818,10660,2839,5434,144530,131924,19763,18366,27860,26966,8443,12,8
2021-08-11T23:59:59+02:00,1304,1156,8802,8338,10079,9431,12648,13117,16782,17214,20113,20183,16118,16810,9003,10942,2911,5581,624,521,6901,6621,8996,8313,11529,11931,15698,16151,19229,19309,15686,16349,8817,10660,2839,5432,144481,131860,19759,18360,27860,26952,8426,12,8
2021-08-10T23:59:59+02:00,1303,1156,8800,8336,10075,9425,12645,13112,16780,17212,20112,20178,16116,16808,9003,10941,2911,5581,607,513,6856,6575,8962,8297,11510,11911,15672,16139,19222,19299,15684,16347,8817,10658,2839,5432,144452,131614,19759,18356,27860,26945,8417,12,8
2021-08-09T23:59:59+02:00,1303,1154,8794,8333,10071,9416,12643,13109,16773,17210,20106,20178,16114,16808,9002,10941,2911,5581,601,508,6837,6552,8941,8277,11497,11900,15656,16127,19216,19294,15681,16346,8815,10657,2839,5432,144424,131479,19759,18352,27858,26936,8401,11,8
2021-08-08T23:59:59+02:00,1303,1153,8791,8327,10069,9412,12634,13106,16768,17206,20104,20175,16112,16804,9001,10940,2910,5580,600,506,6834,6541,8927,8270,11480,11892,15649,16118,19214,19289,15678,16342,8814,10656,2838,5431,144412,131432,19758,18345,27858,26932,8362,11,8
2021-08-07T23:59:59+02:00,1303,1145,8783,8320,10060,9405,12631,13100,16761,17202,20097,20170,16108,16799,8999,10939,2909,5580,423,359,6182,5971,8656,8047,11209,11661,15450,15943,19128,19213,15658,16318,8807,10649,2835,5430,144366,128343,19757,18332,27858,26931,8325,11,8
2021-08-06T23:59:59+02:00,1297,1144,8774,8308,10046,9393,12611,13081,16743,17190,20080,20158,16101,16791,8999,10936,2909,5579,420,358,6169,5957,8640,8032,11185,11639,15428,15926,19111,19201,15651,16311,8807,10646,2835,5429,144328,128288,19754,18325,27858,26929,8195,11,8
2021-08-05T23:59:59+02:00,1294,1142,8766,8301,10037,9384,12597,13073,16737,17187,20072,20154,16100,16791,8999,10935,2909,5579,418,353,5885,5721,8290,7735,10821,11363,15104,15688,18862,19033,15631,16286,8797,10639,2834,5428,144279,128191,19750,15624,27854,26896,8169,11,8
2021-08-04T23:59:59+02:00,1293,1139,8760,8297,10032,9382,12591,13069,16732,17185,20070,20151,16100,16791,8998,10934,2909,5578,416,351,5871,5713,8261,7725,10800,11351,15087,15682,18857,19028,15630,16283,8796,10639,2834,5428,144247,128091,19749,15616,27853,26880,8157,11,8
2021-08-03T23:59:59+02:00,1286,1136,8756,8287,10027,9378,12586,13066,16727,17183,20065,20150,16098,16791,8997,10932,2909,5577,395,335,5759,5600,8166,7655,10683,11274,15038,15629,18828,19013,15626,16281,8795,10637,2832,5427,144204,127364,19747,15608,27853,26851,8142,11,8
2021-08-02T23:59:59+02:00,1280,1130,8743,8279,10020,9371,12581,13060,16722,17173,20058,20146,16096,16788,8995,10929,2908,5576,358,303,5589,5440,8037,7549,10558,11158,14966,15546,18796,18988,15618,16272,8789,10637,2832,5427,144123,126298,19741,15603,27852,26820,8134,11,8
2021-08-01T23:59:59+02:00,1278,1129,8736,8272,10013,9364,12575,13058,16717,17171,20053,20144,16096,16788,8994,10927,2908,5576,342,283,5529,5383,7987,7500,10496,11106,14930,15521,18783,18970,15615,16269,8787,10634,2832,5425,144079,125859,19739,15599,27851,26801,8125,11,8
2021-07-31T23:59:59+02:00,1278,1129,8735,8269,10013,9363,12572,13058,16716,17171,20052,20142,16096,16788,8994,10927,2908,5576,337,279,5503,5362,7971,7487,10477,11092,14917,15515,18778,18967,15614,16268,8787,10634,2832,5425,144077,125726,19738,15595,27851,26800,8116,11,8
2021-07-30T23:59:59+02:00,1146,1008,8507,8041,9920,9244,12492,12974,16636,17099,19992,20075,16064,16749,8988,10910,2907,5573,281,216,5210,5089,7833,7346,10289,10899,14781,15350,18710,18910,15590,16240,8774,10621,2828,5421,142623,123900,19736,15587,27851,26783,8110,11,8
2021-07-29T23:59:59+02:00,1139,1000,8377,7952,9765,9147,12340,12873,16487,17004,19829,19965,15978,16680,8963,10891,2906,5566,234,183,4916,4857,7558,7155,10010,10698,14534,15175,18516,18790,15504,16165,8747,10600,2827,5411,142502,122798,19733,15546,27851,26757,6771,11,8
2021-07-28T23:59:59+02:00,1128,986,8348,7916,9751,9131,12318,12859,16469,16981,19811,19955,15971,16667,8956,10887,2906,5564,137,108,4494,4429,7241,6904,9691,10398,14298,14993,18459,18749,15489,16154,8742,10589,2827,5401,142261,120151,19731,15492,27849,26694,6758,11,8
2021-07-27T23:59:59+02:00,1118,978,8324,7902,9738,9124,12306,12850,16462,16975,19804,19942,15969,16661,8954,10884,2905,5562,111,92,4259,4182,7010,6705,9444,10119,14140,14832,18408,18683,15440,16108,8725,10573,2824,5394,142123,118131,19729,15489,27849,26669,6752,11,8
2021-07-26T23:59:59+02:00,1114,975,8311,7890,9731,9119,12300,12844,16455,16967,19797,19941,15966,16656,8952,10880,2904,5557,108,86,4152,4075,6907,6593,9317,9997,14056,14749,18361,18649,15429,16097,8715,10565,2821,5392,142044,117226,19726,15478,27838,26611,6746,11,8
2021-07-25T23:59:59+02:00,1113,974,8302,7887,9718,9115,12290,12841,16450,16960,19794,19940,15964,16656,8952,10880,2904,5557,106,84,4102,4025,6829,6544,9245,9941,14019,14717,18336,18635,15411,16084,8708,10559,2821,5390,142018,116785,19722,15461,27837,26588,6714,11,8
2021-07-24T23:59:59+02:00,1111,971,8216,7825,9645,9035,12223,12764,16382,16907,19753,19902,15943,16642,8949,10870,2904,5556,99,82,4058,3981,6768,6493,9166,9884,13953,14652,18304,18609,15400,16073,8700,10555,2821,5390,141998,116522,19065,15180,27837,26586,6692,11,8
2021-07-23T23:59:59+02:00,1085,946,8104,7735,9607,9000,12189,12735,16337,16873,19725,19883,15938,16635,8945,10866,2904,5556,85,68,3766,3699,6512,6288,8882,9598,13717,14474,18223,18548,15358,16030,8682,10536,2819,5384,141505,114275,19065,15156,27837,26580,6650,11,8
2021-07-22T23:59:59+02:00,992,859,7889,7505,9504,8911,12071,12639,16246,16789,19650,19798,15892,16595,8936,10851,2903,5550,67,51,3641,3572,6360,6194,8728,9469,13552,14331,18148,18480,15337,16004,8674,10526,2819,5383,140045,113124,19063,15083,27830,26485,6636,11,8
2021-07-21T23:59:59+02:00,972,845,7857,7465,9486,8900,12049,12616,16222,16773,19626,19777,15881,16588,8936,10846,2903,5550,54,38,3335,3308,6015,5935,8333,9086,13287,14096,18006,18355,15245,15923,8642,10496,2816,5371,139787,110319,19061,15012,27825,26389,6613,11,8
2021-07-20T23:59:59+02:00,972,844,7849,7460,9479,8897,12044,12614,16214,16772,19621,19772,15879,16585,8936,10845,2903,5550,50,31,3262,3256,5955,5879,8275,9028,13202,14052,17974,18340,15245,15923,8642,10494,2816,5371,139749,109932,19060,14997,27822,26257,6601,9,8
2021-07-19T23:59:59+02:00,971,844,7842,7458,9475,8889,12039,12612,16209,16766,19618,19772,15877,16582,8936,10843,2903,5549,48,30,3210,3221,5905,5839,8213,8983,13144,14025,17928,18327,15245,15920,8642,10492,2816,5370,139711,109651,19059,14980,27822,26130,6589,9,8
2021-07-18T23:59:59+02:00,970,843,7831,7450,9471,8885,12030,12607,16204,16760,19616,19770,15876,16580,8936,10843,2903,5549,47,30,3190,3203,5866,5806,8178,8953,13105,14010,17912,18322,15245,15919,8642,10492,2816,5369,139667,109461,19058,14946,27820,26115,6575,9,8
2021-07-17T23:59:59+02:00,855,724,7509,7160,9319,8715,11856,12445,16075,16621,19519,19675,15855,16559,8928,10830,2903,5546,32,23,3089,3096,5754,5714,8046,8792,12964,13882,17817,18244,15235,15901,8639,10485,2816,5369,137657,108279,19057,14941,27820,26111,6559,6,8
2021-07-16T23:59:59+02:00,698,573,7120,6833,9140,8558,11664,12234,15873,16446,19377,19550,15825,16523,8918,10816,2902,5544,25,20,3027,3035,5678,5651,7932,8684,12844,13745,17738,18169,15213,15885,8635,10483,2815,5369,135194,107377,19057,14936,27819,26104,6523,6,8
2021-07-15T23:59:59+02:00,696,573,7106,6824,9136,8555,11651,12230,15862,16439,19373,19544,15823,16520,8913,10814,2901,5535,24,20,2986,2999,5612,5608,7842,8634,12767,13704,17708,18142,15190,15868,8627,10476,2814,5360,135149,107140,19054,14782,27814,25975,6476,6,8
2021-07-14T23:59:59+02:00,693,572,7097,6815,9131,8553,11647,12225,15856,16436,19368,19539,15821,16517,8910,10811,2901,5531,24,20,2964,2986,5571,5576,7806,8613,12734,13688,17690,18131,15183,15865,8624,10472,2814,5356,135115,106987,19053,14748,27814,25935,6439,6,8
2021-07-13T23:59:59+02:00,688,570,7072,6798,9119,8536,11638,12210,15845,16417,19358,19533,15812,16513,8906,10801,2896,5523,22,19,2908,2935,5507,5510,7646,8475,12480,13469,17534,18002,15164,15854,8612,10459,2809,5345,134990,105768,19053,14695,27811,25900,6379,6,8
2021-07-12T23:59:59+02:00,682,562,7059,6783,9108,8525,11628,12200,15840,16404,19346,19529,15810,16509,8904,10801,2896,5520,21,17,2851,2881,5425,5435,7498,8360,12231,13256,17353,17855,15154,15849,8608,10452,2808,5345,134875,104527,19051,14642,27807,25851,6371,6,8
2021-07-11T23:59:59+02:00,681,561,7050,6781,9098,8517,11620,12192,15830,16401,19341,19524,15810,16506,8903,10799,2896,5520,20,16,2820,2846,5348,5362,7399,8273,12064,13099,17227,17722,15145,15838,8607,10449,2808,5345,134830,103636,19047,14593,27807,25807,6344,6,8
2021-07-10T23:59:59+02:00,507,403,6489,6231,8872,8331,11378,12000,15673,16268,19286,19475,15802,16496,8899,10794,2895,5519,18,12,2791,2812,5297,5316,7316,8193,11960,12999,17149,17654,15130,15822,8604,10438,2805,5343,132139,102939,19047,14591,27807,25798,6323,6,8
2021-07-09T23:59:59+02:00,496,396,6431,6203,8845,8294,11338,11972,15645,16255,19273,19459,15801,16493,8899,10791,2895,5519,16,12,2734,2745,5216,5247,7137,8016,11548,12700,16851,17445,15110,15794,8597,10433,2803,5341,132047,101912,18837,13729,27806,25783,6313,6,8
2021-07-08T23:59:59+02:00,490,394,6115,5945,8474,8006,10959,11666,15306,16008,19015,19286,15779,16469,8890,10784,2892,5518,15,11,2673,2694,5133,5170,6997,7925,11348,12558,16699,17321,15103,15786,8597,10431,2803,5340,131958,101047,15953,13559,27801,25708,6282,6,8
2021-07-07T23:59:59+02:00,488,390,6100,5933,8450,7991,10945,11649,15295,15998,19014,19281,15777,16465,8889,10782,2892,5516,15,11,2625,2642,5042,5109,6859,7831,11113,12376,16535,17187,15095,15779,8592,10425,2803,5340,131850,100024,15944,13432,27799,25659,6256,6,8
2021-07-06T23:59:59+02:00,461,370,5999,5841,8377,7925,10872,11580,15262,15958,18991,19265,15769,16455,8886,10780,2889,5514,12,10,2557,2572,4910,4995,6677,7698,10724,11964,16162,16811,15069,15746,8584,10418,2802,5336,131233,97864,15936,13351,27794,25599,6225,6,8
2021-07-05T23:59:59+02:00,420,336,5821,5671,8260,7833,10758,11465,15203,15888,18959,19234,15763,16447,8882,10775,2886,5513,8,8,2505,2495,4812,4897,6544,7561,10372,11646,15888,16505,15039,15716,8576,10403,2802,5331,130187,96068,15932,13287,27791,25547,6198,6,8
2021-07-04T23:59:59+02:00,400,306,5747,5592,8203,7776,10691,11407,15173,15857,18945,19215,15756,16443,8881,10773,2886,5511,7,8,2486,2466,4750,4850,6483,7511,10235,11536,15787,16433,15034,15709,8574,10402,2801,5331,129681,95504,15925,13218,27786,25509,6164,6,8
2021-07-03T23:59:59+02:00,394,304,5727,5580,8192,7767,10678,11403,15166,15851,18942,19212,15756,16443,8881,10773,2886,5511,6,8,2451,2436,4654,4821,6375,7485,10177,11490,15682,16347,14355,15002,8555,10377,2801,5331,129606,95388,15922,13216,27786,23595,6146,6,8
2021-07-02T23:59:59+02:00,348,265,5539,5432,8118,7696,10580,11306,15102,15794,18923,19205,15752,16439,8876,10771,2884,5508,6,8,2404,2388,4497,4743,6192,7411,10023,11333,15491,16144,13562,14083,8547,10362,2801,5330,128695,94825,15919,13172,27785,21187,6133,6,8
2021-07-01T23:59:59+02:00,286,210,5323,5250,7990,7584,10439,11180,14974,15700,18879,19180,15745,16431,8871,10765,2884,5507,5,7,2287,2268,4320,4570,5954,7157,9242,10648,14863,15673,13537,14054,8542,10357,2797,5328,127407,91327,15906,13076,27784,21103,6095,6,8
2021-06-30T23:59:59+02:00,156,120,4841,4779,7650,7306,10084,10842,14747,15523,18822,19136,15734,16420,8867,10757,2884,5504,5,7,2251,2222,4235,4498,5840,7060,9070,10523,14773,15596,13523,14046,8539,10354,2797,5326,124421,90724,15900,12903,27784,20969,6061,6,8
2021-06-29T23:59:59+02:00,119,98,4558,4499,7400,7086,9794,10542,14550,15333,18758,19076,15682,16370,8847,10742,2883,5499,4,6,2184,2141,4092,4361,5633,6879,8843,10294,14478,15371,13476,13998,8526,10330,2795,5313,122352,89268,15896,12751,27782,20897,5800,6,8
2021-06-28T23:59:59+02:00,103,78,4422,4358,7295,6975,9672,10417,14457,15225,18713,19033,15666,16354,8833,10731,2880,5497,2,5,2097,2014,3910,4155,5352,6537,8458,9782,13945,14834,13357,13909,8507,10306,2792,5299,121339,86055,15885,12670,27779,20830,5700,6,6
2021-06-27T23:59:59+02:00,98,76,4369,4312,7237,6920,9612,10362,14424,15191,18693,19016,15649,16342,8826,10724,2879,5492,2,4,2044,1980,3846,4110,5239,6423,8290,9653,13769,14721,13331,13890,8498,10297,2789,5297,120975,85264,15881,12635,27777,20695,5583,6,6
2021-06-26T23:59:59+02:00,85,74,4324,4282,7206,6892,9594,10341,14404,15175,18680,19003,15645,16336,8826,10724,2879,5492,2,4,1968,1888,3658,3952,5025,6166,7927,9196,13418,14425,13251,13831,8478,10269,2784,5288,120731,82628,15875,12635,27777,20688,5573,6,6
2021-06-25T23:59:59+02:00,72,61,4013,3960,6945,6656,9301,10048,14181,14986,18596,18946,15599,16291,8807,10705,2877,5486,2,4,1903,1804,3493,3830,4831,5935,7601,8781,13106,14089,13201,13775,8465,10244,2778,5282,118338,80271,15848,12603,27777,20683,5561,6,6
2021-06-24T23:59:59+02:00,65,54,3919,3870,6844,6570,9200,9958,14081,14900,18568,18913,15584,16274,8801,10698,2877,5485,2,4,1833,1731,3377,3733,4631,5792,7382,8581,12857,13887,12367,12845,8285,9981,2778,5281,117606,79049,15839,12497,27773,18358,5437,6,6
2021-06-23T23:59:59+02:00,51,49,3514,3499,6392,6223,8669,9451,13745,14598,18432,18777,15480,16182,8758,10662,2874,5471,2,4,1695,1560,3122,3529,4212,5462,6433,7870,12113,13188,12344,12833,8275,9974,2778,5277,114678,78412,15592,9167,27772,18307,4779,6,6
2021-06-22T23:59:59+02:00,42,41,3440,3426,6312,6164,8566,9373,13694,14551,18399,18760,15469,16175,8757,10657,2874,5468,2,4,1654,1507,3018,3426,4068,5312,6179,7685,11501,12477,12254,12739,8257,9941,2774,5269,114048,76070,15586,9085,27770,18148,4758,6,6
2021-06-21T23:59:59+02:00,36,38,3369,3365,6220,6103,8505,9301,13633,14505,18366,18740,15467,16174,8756,10656,2874,5467,1,4,1619,1456,2927,3329,3941,5162,5983,7457,10742,11559,11866,12284,7182,8712,2768,5262,113523,73414,15578,8983,27768,15151,4700,6,6
2021-06-20T23:59:59+02:00,36,37,3344,3343,6172,6072,8461,9269,13605,14487,18355,18736,15466,16174,8756,10656,2874,5467,0,4,1601,1439,2890,3301,3891,5124,5931,7432,10653,11483,11846,12265,7179,8705,2767,5262,113344,73096,15561,8905,27768,15135,4631,6,6
2021-06-19T23:59:59+02:00,34,35,3317,3319,6143,6049,8430,9250,13581,14481,18348,18731,15466,16173,8756,10656,2874,5467,0,4,1597,1427,2885,3292,3883,5119,5915,7427,10642,11475,11846,12265,7179,8704,2767,5262,113150,73015,15555,8905,27768,15132,4631,6,6
2021-06-18T23:59:59+02:00,30,30,3274,3276,6069,6010,8361,9195,13535,14449,18324,18720,15465,16171,8755,10655,2874,5467,0,4,1522,1333,2748,3116,3698,4843,5519,7054,9149,9907,11680,12097,7138,8654,2755,5244,112765,67836,15527,8904,27768,15121,4594,6,6
2021-06-17T23:59:59+02:00,27,26,3211,3224,5999,5971,8286,9140,13463,14404,18300,18709,15463,16166,8753,10652,2874,5464,0,4,1396,1240,2559,2903,3436,4550,5157,6659,8477,9176,11395,11854,7097,8596,2751,5241,112386,64124,15497,8789,27763,15092,4480,6,6
2021-06-16T23:59:59+02:00,27,23,3156,3162,5886,5904,8166,9046,13334,14319,18234,18672,15457,16157,8753,10649,2874,5464,0,4,1298,1184,2418,2797,3253,4389,4871,6385,7400,7885,11304,11746,7066,8558,2738,5223,111743,60358,15423,8743,27759,15060,4352,6,6
2021-06-15T23:59:59+02:00,22,22,3061,3075,5768,5816,7981,8868,13071,14099,18085,18544,15442,16145,8745,10643,2874,5462,0,4,1261,1151,2344,2742,3149,4314,4668,6260,7087,7633,10808,11187,7032,8524,2730,5210,110321,58110,15396,8711,27749,15027,4251,6,5
2021-06-14T23:59:59+02:00,21,20,2988,3005,5688,5758,7838,8748,12780,13862,17897,18368,15426,16131,8738,10638,2873,5461,0,4,1234,1123,2279,2685,3024,4219,4467,6121,6744,7327,10281,10575,7001,8487,2726,5200,108927,55737,15387,8604,27745,14977,4175,6,4
2021-06-13T23:59:59+02:00,21,20,2970,2974,5623,5719,7775,8682,12640,13728,17791,18246,15420,16122,8737,10635,2872,5461,0,4,1223,1110,2251,2669,2987,4208,4420,6101,6711,7310,10276,10568,7001,8486,2726,5200,108189,55594,15376,8595,27741,14934,4124,6,4
2021-06-12T23:59:59+02:00,19,20,2941,2956,5593,5692,7744,8663,12620,13709,17783,18243,15419,16120,8737,10635,2872,5461,0,4,1168,1048,2163,2593,2893,4071,4278,5969,6602,7225,10194,10490,6405,7759,2726,5200,107985,55478,15373,8595,27741,12589,4122,6,4
2021-06-11T23:59:59+02:00,19,17,2864,2882,5524,5627,7563,8477,12210,13402,17501,18037,15403,16095,8731,10627,2869,5459,0,4,1144,1032,2108,2552,2828,4022,4193,5907,6491,7134,10091,10377,6391,7752,2724,5194,106970,54952,14480,8327,27740,12550,4111,6,4
2021-06-10T23:59:59+02:00,15,15,2809,2841,5424,5574,7431,8396,12024,13263,17363,17920,15398,16091,8731,10626,2868,5458,0,4,1103,1007,2033,2485,2727,3944,4024,5776,6246,6921,9840,10108,6371,7724,2718,5188,106050,53385,14407,8323,27736,12459,4048,6,4
2021-06-09T23:59:59+02:00,14,14,2731,2773,5302,5479,7209,8225,11745,13021,17177,17771,15387,16077,8727,10617,2868,5455,0,4,1046,942,1902,2367,2523,3761,3698,5494,5624,6407,9016,9203,6314,7648,2705,5153,104842,49370,14255,8305,27727,12366,3762,6,4
2021-06-08T23:59:59+02:00,11,10,2634,2669,5167,5353,7012,8040,11315,12593,16800,17382,15368,16050,8716,10610,2867,5450,0,4,1009,913,1832,2302,2417,3688,3558,5427,5472,6275,8982,9184,6312,7636,2703,5149,102636,48856,14228,8254,27725,12297,3452,6,4
2021-06-07T23:59:59+02:00,9,9,2507,2571,4976,5224,6805,7875,10837,12234,16457,17086,15343,16022,8710,10593,2866,5446,0,4,940,876,1702,2247,2276,3604,3303,5337,5117,5990,8433,8558,6259,7577,2699,5139,100704,46638,14186,8238,27716,12223,2958,6,4
2021-06-06T23:59:59+02:00,9,7,2469,2546,4914,5167,6719,7817,10698,12123,16366,17021,15340,16019,8710,10593,2864,5445,0,4,924,866,1674,2226,2230,3576,3233,5312,5068,5966,8428,8556,6254,7569,2699,5138,100111,46474,14133,8227,27710,12151,2867,6,4
2021-06-05T23:59:59+02:00,8,6,2455,2524,4885,5142,6682,7786,10669,12096,16357,17014,15340,16019,8710,10593,2864,5445,0,4,908,851,1641,2196,2190,3520,3127,5229,4715,5635,7832,7851,6226,7515,2698,5136,99883,44081,14133,8221,27710,12105,2863,6,4
2021-06-04T23:59:59+02:00,7,5,2424,2495,4840,5098,6634,7733,10580,11991,16305,16950,15336,16012,8710,10592,2863,5444,0,4,896,833,1619,2175,2148,3483,3075,5170,4550,5445,7530,7483,6190,7473,2696,5130,99352,42792,14126,8219,27710,12060,2825,6,4
2021-06-03T23:59:59+02:00,7,5,2321,2367,4689,4925,6426,7485,9878,11356,15715,16499,15325,16002,8707,10586,2862,5443,0,4,879,803,1579,2116,2101,3402,2985,5060,4403,5278,7370,7293,6178,7446,2696,5126,96011,41742,14087,8208,27705,11976,2789,6,4
2021-06-02T23:59:59+02:00,7,5,2304,2343,4644,4893,6371,7448,9778,11268,15655,16446,15317,15998,8706,10582,2862,5442,0,3,868,791,1560,2093,2047,3364,2899,4974,4041,4889,6812,6654,6134,7389,2692,5115,95488,39402,14085,8203,27705,11931,2785,6,4
2021-06-01T23:59:59+02:00,6,4,2241,2303,4523,4800,6204,7329,9589,11120,15546,16369,15314,15994,8702,10578,2861,5437,0,2,834,764,1495,2043,1931,3301,2746,4880,3837,4760,6602,6422,6111,7370,2686,5106,94610,38312,14034,8181,27693,11816,2577,6,4
2021-05-31T23:59:59+02:00,2,4,2192,2244,4423,4706,6060,7204,9404,10971,15461,16313,15306,15987,8699,10578,2861,5437,0,2,811,730,1437,1984,1859,3252,2572,4824,3706,4706,6246,6008,6088,7349,2683,5098,93886,37133,13947,8174,27683,11714,2330,6,4
2021-05-30T23:59:59+02:00,2,4,2167,2222,4367,4645,5965,7144,9329,10908,15424,16293,15305,15984,8699,10578,2861,5437,0,2,799,719,1414,1960,1810,3225,2439,4789,3600,4688,6244,6006,6087,7349,2683,5098,93432,36814,13908,8152,27673,11627,2315,6,4
2021-05-29T23:59:59+02:00,2,4,2151,2207,4347,4633,5948,7127,9316,10895,15419,16289,15304,15984,8699,10578,2861,5437,0,2,781,668,1321,1701,1676,2863,2239,4241,3321,4258,6154,5912,5975,7217,2682,5098,93302,36761,13905,8147,27673,8882,2315,6,4
2021-05-28T23:59:59+02:00,2,4,2130,2184,4309,4587,5903,7082,9238,10825,15351,16236,15300,15982,8699,10578,2861,5436,0,2,764,578,1243,1449,1578,2461,2061,3552,3057,3663,5517,5171,5893,7126,2678,5085,92824,35461,13892,8147,27671,5952,2314,6,4
2021-05-27T23:59:59+02:00,2,4,2088,2146,4224,4518,5781,7008,9082,10725,15254,16152,15299,15981,8699,10578,2861,5436,0,2,734,544,1212,1366,1537,2324,1991,3409,2944,3544,5081,4690,5860,7086,2667,5056,92140,34338,13744,8138,27648,5267,2300,6,4
2021-05-26T23:59:59+02:00,2,4,2020,2028,4028,4371,5440,6744,8110,9981,14492,15449,15287,15975,8695,10572,2859,5433,0,2,723,529,1186,1305,1490,2265,1933,3294,2792,3401,3773,3308,5801,7013,2644,4998,91362,31058,10217,8121,27631,5000,2274,6,4
2021-05-25T23:59:59+02:00,2,4,1983,1991,3948,4305,5347,6678,7975,9874,14114,15013,15239,15938,8688,10557,2857,5429,0,2,718,522,1158,1271,1472,2240,1913,3266,2766,3375,3767,3298,5794,7010,2642,4997,90017,30969,10068,8111,27615,4891,2236,6,4
2021-05-24T23:59:59+02:00,2,4,1957,1947,3861,4229,5241,6596,7849,9750,13603,14397,15188,15871,8681,10544,2856,5424,0,2,712,514,1139,1259,1440,2225,1891,3247,2740,3353,3750,3280,5772,6986,2633,4982,88228,30836,9988,8060,27603,4851,2175,6,3
2021-05-23T23:59:59+02:00,2,4,1948,1935,3842,4207,5223,6583,7796,9719,13527,14335,15177,15867,8679,10543,2855,5424,0,2,705,504,1128,1246,1415,2201,1835,3211,2631,3255,3338,2847,5128,6176,2618,4937,87994,30663,9888,5506,27603,4830,2175,6,3
2021-05-22T23:59:59+02:00,2,4,1782,1892,3542,4158,4828,6540,7541,9662,13405,14258,15171,15866,8679,10542,2855,5424,0,2,544,472,837,1205,1045,2166,1597,3158,2520,3182,3335,2845,5128,6175,2618,4937,87843,30651,9888,5505,27601,4794,813,6,3
2021-05-21T23:59:59+02:00,2,3,1697,1785,3386,3966,4636,6245,7144,9297,12115,12929,15021,15718,8643,10495,2846,5413,0,1,539,460,827,1203,1043,2158,1562,3128,2442,3106,3160,2708,5102,6132,2615,4922,83082,30015,9847,5504,27595,4775,811,6,3
2021-05-20T23:59:59+02:00,2,3,1660,1751,3291,3916,4528,6161,6967,9214,11905,12700,15000,15700,8639,10488,2845,5412,0,1,518,445,786,1157,986,2093,1440,3056,2316,3009,2970,2537,5061,6056,2607,4907,82238,29266,9745,5489,27541,4534,653,5,3
2021-05-19T23:59:59+02:00,2,3,1639,1725,3233,3860,4434,6091,6850,9149,11672,12438,14989,15689,8636,10487,2845,5411,0,1,509,434,770,1119,970,2024,1330,2910,1989,2715,2406,2043,4956,5938,2585,4860,81414,27201,9606,5474,27514,4267,614,5,3
2021-05-18T23:59:59+02:00,2,3,1579,1692,3143,3772,4321,5987,6690,8991,11380,12181,14944,15641,8624,10464,2843,5401,0,1,506,422,754,1104,952,2006,1247,2846,1709,2491,1962,1699,4883,5855,2564,4817,80313,25658,9403,5464,27446,4202,491,5,3
2021-05-17T23:59:59+02:00,2,3,1530,1611,3013,3614,4117,5708,6341,8529,10829,11631,14835,15548,8605,10439,2838,5390,0,1,504,414,748,1097,933,2001,1223,2821,1682,2454,1946,1679,4876,5848,2561,4814,77409,25593,9366,5450,27422,4175,381,5,3
2021-05-16T23:59:59+02:00,2,3,1511,1589,2960,3573,4022,5621,6192,8393,10654,11497,14809,15526,8597,10431,2837,5388,0,1,497,408,726,1082,902,1985,1194,2793,1649,2430,1939,1670,4873,5844,2558,4812,76663,25561,9307,5432,27392,4129,238,5,3
2021-05-15T23:59:59+02:00,2,3,1425,1492,2752,3407,3794,5344,5833,7920,10301,11201,14724,15464,8578,10402,2831,5379,0,1,497,406,722,1080,902,1981,1189,2792,1643,2425,1927,1658,4866,5838,2558,4810,73918,25499,9307,5432,27385,4124,237,5,3
2021-05-14T23:59:59+02:00,2,3,1391,1429,2641,3310,3642,5187,5633,7631,10080,10946,14689,15426,8565,10379,2828,5375,0,1,448,368,651,915,829,1695,1061,2381,1461,2100,1893,1617,4863,5830,2557,4806,72269,25436,9288,5430,27362,2374,233,5,3
2021-05-13T23:59:59+02:00,2,3,1333,1362,2538,3226,3473,5050,5413,7426,9853,10766,14663,15397,8555,10376,2826,5372,0,1,441,356,624,887,727,1588,960,2296,1197,1885,1175,1036,4641,5595,2549,4773,71105,25314,8975,2886,27331,2310,218,5,3
2021-05-12T23:59:59+02:00,2,3,1325,1352,2521,3220,3455,5036,5392,7413,9838,10755,14661,15393,8553,10374,2825,5372,0,1,441,355,623,886,723,1587,955,2296,1193,1879,1156,1027,4628,5557,2515,4704,70988,25113,8951,2886,27329,2307,217,5,3
2021-05-11T23:59:59+02:00,2,2,1284,1309,2448,3138,3341,4910,5196,7266,9551,10446,14613,15335,8541,10354,2821,5363,0,1,436,342,605,871,701,1570,927,2272,1168,1852,1101,991,4564,5459,2472,4580,69647,24619,8827,2868,27245,2226,196,5,3
2021-05-10T23:59:59+02:00,2,2,1262,1282,2383,3060,3213,4784,5064,7109,9227,10065,14568,15296,8532,10335,2816,5361,0,1,435,340,592,862,688,1555,915,2257,1151,1838,1065,957,4502,5382,2431,4462,68289,24203,8704,2865,27175,2174,188,5,3
2021-05-09T23:59:59+02:00,2,2,1248,1265,2341,3044,3135,4748,4999,7076,9160,10020,14555,15281,8530,10330,2816,5359,0,1,427,338,578,857,666,1535,893,2237,1139,1824,1046,941,4489,5344,2415,4419,68049,24040,8628,2863,27126,2140,103,5,3
2021-05-08T23:59:59+02:00,1,2,1246,1261,2327,3032,3117,4736,4960,7061,9136,10012,14554,15281,8530,10329,2816,5359,0,1,427,338,577,857,665,1535,893,2236,1138,1823,1046,941,4488,5344,2415,4419,67906,24038,8622,2860,27124,2139,103,5,3
2021-05-07T23:59:59+02:00,1,2,1226,1240,2287,2991,3065,4688,4861,6969,8911,9765,14537,15258,8524,10323,2813,5355,0,1,378,312,545,788,628,1373,823,2028,1048,1634,1016,912,4467,5321,2413,4414,66995,23931,8615,2856,27098,1208,103,5,3
2021-05-06T23:59:59+02:00,1,2,1081,1149,2059,2748,2765,4381,4491,6568,8323,9161,14259,15021,8484,10267,2810,5354,0,1,377,308,532,769,611,1342,804,1993,1015,1606,989,879,4457,5307,2411,4410,63375,23800,8485,2805,26962,1106,97,5,3
2021-05-05T23:59:59+02:00,1,1,1016,1097,1948,2636,2605,4208,4195,6289,7307,7975,14173,14922,8449,10226,2797,5334,0,1,374,305,524,759,596,1332,771,1979,989,1586,916,816,4416,5235,2403,4394,59848,23479,8439,2784,26838,1081,49,5,3
2021-05-04T23:59:59+02:00,1,1,994,1077,1897,2597,2503,4140,3975,6174,7026,7757,13667,14355,8418,10193,2792,5325,0,1,371,304,519,755,584,1327,754,1960,973,1579,897,792,4394,5219,2400,4385,57788,23343,8380,2768,26678,1059,41,5,3
2021-05-03T23:59:59+02:00,1,1,963,1042,1835,2544,2397,4028,3774,6056,6666,7455,13132,13729,8381,10155,2785,5310,0,1,366,303,517,749,574,1320,745,1949,959,1566,871,768,4376,5201,2394,4372,55357,23231,8354,2758,26537,1038,1,5,3
2021-05-02T23:59:59+02:00,1,1,958,1041,1816,2538,2367,4019,3729,6046,6629,7446,13131,13728,8381,10154,2785,5310,0,1,366,303,514,749,573,1318,740,1949,958,1562,869,764,4374,5196,2394,4372,55216,23211,8348,2756,26510,1031,1,5,3
2021-05-01T23:59:59+02:00,1,1,958,1039,1808,2534,2355,4011,3714,6038,6615,7436,13130,13725,8381,10154,2785,5310,0,1,366,303,514,749,573,1318,739,1948,956,1562,869,764,4374,5196,2394,4372,55135,23211,8346,2752,26508,1031,1,5,3
2021-04-30T23:59:59+02:00,0,1,942,1034,1789,2518,2334,3976,3677,6005,6535,7382,13035,13621,8380,10149,2782,5298,0,1,317,248,473,673,544,1138,708,1725,922,1358,858,746,4370,5193,2394,4372,54637,23197,8345,2747,26470,92,1,5,3
2021-04-29T23:59:59+02:00,0,1,889,1010,1733,2468,2271,3917,3529,5879,6297,7159,12774,13346,8358,10120,2778,5291,0,1,310,246,463,666,541,1130,701,1714,911,1349,850,731,4361,5185,2394,4370,53039,23107,8330,2741,26445,71,1,5,3
2021-04-28T23:59:59+02:00,0,1,828,977,1653,2404,2127,3806,3245,5626,5693,6650,11936,12426,8299,10031,2754,5254,0,1,309,243,461,659,533,1117,690,1693,900,1342,835,714,4342,5158,2392,4370,48976,22982,8323,2722,26405,51,1,5,3
2021-04-27T23:59:59+02:00,0,1,819,972,1635,2383,2083,3787,3175,5600,5565,6525,11907,12409,8297,10029,2754,5252,0,1,308,241,455,657,525,1111,681,1681,890,1336,824,702,4338,5152,2391,4364,48495,22904,8318,2706,26374,43,1,5,3
2021-04-26T23:59:59+02:00,0,1,809,960,1609,2365,2023,3746,2997,5522,5233,6239,11342,11764,8242,9964,2749,5242,0,1,306,240,454,656,520,1105,670,1675,881,1325,814,693,4333,5146,2391,4360,46162,22853,8309,2676,26331,38,1,4,2
2021-04-25T23:59:59+02:00,0,1,799,958,1592,2358,1985,3729,2871,5499,5138,6234,11337,11760,8238,9958,2748,5241,0,1,305,239,454,656,520,1098,670,1673,878,1323,814,692,4333,5146,2391,4360,45831,22847,8303,2672,26307,31,1,4,2
2021-04-24T23:59:59+02:00,0,1,785,948,1570,2338,1945,3684,2775,5430,4795,5909,10724,11035,8207,9899,2747,5239,0,1,305,239,454,656,520,1097,669,1671,877,1323,809,688,4323,5130,2389,4359,43423,22810,8302,2667,26301,30,1,4,2
2021-04-23T23:59:59+02:00,0,1,780,940,1557,2328,1915,3657,2736,5377,4633,5723,10415,10653,8167,9857,2744,5230,0,1,305,238,454,656,520,1096,668,1671,875,1323,809,687,4320,5127,2389,4359,42122,22799,8301,2666,26285,30,1,4,2
2021-04-22T23:59:59+02:00,0,1,763,926,1530,2285,1866,3588,2647,5285,4479,5569,10270,10458,8153,9826,2742,5222,0,1,305,237,452,645,518,1090,662,1663,869,1314,803,683,4317,5125,2389,4357,41119,22763,8272,2642,26214,22,1,4,2
2021-04-21T23:59:59+02:00,0,1,752,914,1505,2272,1814,3543,2542,5197,4094,5149,9672,9772,8104,9762,2738,5211,0,1,303,237,450,644,518,1089,658,1660,864,1309,790,671,4307,5111,2389,4353,38596,22713,8256,2618,26185,20,1,4,2
2021-04-20T23:59:59+02:00,0,1,745,902,1484,2245,1783,3512,2492,5140,3957,5053,9475,9553,8086,9752,2734,5208,0,1,303,236,450,643,517,1087,657,1656,861,1303,784,666,4303,5106,2389,4353,37760,22681,8244,2612,26113,20,1,4,1
2021-04-19T23:59:59+02:00,0,1,738,893,1476,2237,1766,3494,2461,5113,3892,4994,9105,9136,8061,9727,2731,5202,0,1,303,234,449,638,515,1084,654,1653,857,1299,779,660,4294,5104,2389,4351,36733,22641,8232,2601,26057,20,1,4,1
2021-04-18T23:59:59+02:00,0,1,734,890,1471,2231,1748,3487,2443,5101,3883,4992,9095,9125,8061,9726,2731,5202,0,1,302,234,449,635,514,1080,652,1650,854,1299,778,658,4294,5102,2389,4351,36673,22633,8212,2587,26031,20,1,4,1
2021-04-17T23:59:59+02:00,0,1,715,884,1383,2221,1648,3475,2406,5071,3802,4913,8378,8404,8045,9713,2731,5202,0,1,302,234,447,633,513,1079,651,1650,853,1296,778,658,4293,5102,2389,4351,36664,22621,8212,2587,24111,20,1,4,1
2021-04-16T23:59:59+02:00,0,1,700,866,1254,2198,1497,3452,2320,5005,3640,4748,7037,6853,8010,9664,2718,5171,0,1,302,233,442,626,508,1075,641,1648,849,1287,768,652,4287,5088,2386,4349,35287,22546,8202,2582,21640,12,1,4,1
2021-04-15T23:59:59+02:00,0,1,679,856,1243,2185,1476,3433,2262,4968,3568,4696,6599,6353,7969,9598,2694,5097,0,1,295,227,427,615,491,1061,607,1621,814,1257,677,591,3788,4576,2362,4313,33960,22486,8147,1227,21565,8,1,4,1
2021-04-14T23:59:59+02:00,0,1,674,852,1225,2170,1443,3414,2218,4931,3435,4601,5260,4949,7918,9533,2672,5060,0,1,287,222,424,609,484,1058,600,1613,809,1254,662,575,3775,4566,2358,4307,30728,22397,8134,1198,21489,7,1,4,1
2021-04-13T23:59:59+02:00,0,1,671,852,1216,2165,1427,3412,2210,4920,3415,4585,5240,4932,7912,9530,2671,5058,0,1,287,221,422,607,481,1055,598,1609,798,1251,644,570,3773,4563,2358,4307,30645,22376,8113,1160,21454,7,1,4,1
2021-04-12T23:59:59+02:00,0,1,666,844,1203,2155,1411,3401,2176,4905,3384,4561,5215,4916,7899,9518,2668,5025,0,1,286,220,420,607,479,1049,596,1605,790,1243,639,567,3767,4561,2357,4307,30512,22348,8068,1137,21363,7,1,4,1
2021-04-11T23:59:59+02:00,0,1,658,840,1187,2143,1392,3386,2108,4880,3265,4477,4798,4476,7230,8696,2661,5020,0,1,286,220,418,607,477,1047,591,1602,786,1241,635,564,3763,4556,2357,4307,30481,22341,5461,1108,21271,7,1,4,1
2021-04-10T23:59:59+02:00,0,1,658,838,1186,2142,1390,3382,2106,4877,3262,4470,4754,4429,7226,8690,2661,5019,0,1,280,217,416,596,464,1031,564,1585,754,1216,563,494,3194,3937,2308,4212,30358,20715,5458,1108,21270,7,1,4,1
2021-04-09T23:59:59+02:00,0,1,654,837,1178,2139,1385,3377,2074,4855,3183,4389,4556,4263,7191,8641,2657,5003,0,1,270,210,406,582,445,1015,538,1566,733,1193,483,433,2537,3117,2259,4116,29667,18788,5454,1107,21257,7,1,4,1
2021-04-08T23:59:59+02:00,0,1,644,827,1161,2127,1368,3345,2012,4801,3033,4278,3503,3109,6952,8277,2646,4988,0,1,257,202,389,564,421,1001,516,1535,700,1171,461,406,2527,3108,2255,4113,28860,18558,5404,1060,18803,7,1,4,1
2021-04-07T23:59:59+02:00,0,1,637,821,1148,2118,1350,3332,1903,4721,2711,4028,2894,2580,6840,8153,2621,4935,0,1,243,195,362,540,383,967,473,1501,664,1143,433,382,2466,3042,2250,4104,26676,18101,5383,1041,18729,6,1,4,0
2021-04-06T23:59:59+02:00,0,1,627,812,1109,2111,1326,3314,1785,4671,2432,3861,2441,2231,6761,8062,2599,4897,0,1,220,182,328,513,358,948,436,1478,629,1111,398,340,2411,2967,2244,4093,25073,17627,5365,1023,18597,6,1,4,0
2021-04-05T23:59:59+02:00,0,1,624,810,1098,2106,1320,3311,1776,4661,2417,3845,2150,1887,5653,6760,2597,4896,0,1,220,182,327,509,352,942,432,1476,625,1107,395,337,2409,2961,2244,4091,25042,17617,5353,986,15513,6,1,3,0
2021-04-04T23:59:59+02:00,0,1,623,809,1098,2106,1320,3310,1776,4661,2415,3843,2148,1884,5653,6756,2597,4896,0,1,220,182,326,509,352,942,431,1476,625,1107,395,337,2408,2961,2244,4091,25033,17614,5353,986,15506,6,1,3,0
2021-04-03T23:59:59+02:00,0,1,623,809,1098,2105,1320,3310,1775,4659,2411,3843,2147,1880,5652,6756,2597,4896,0,1,220,182,326,509,352,942,431,1476,624,1107,395,337,2408,2961,2244,4091,25027,17613,5349,986,15502,6,1,3,0
2021-04-02T23:59:59+02:00,0,1,623,808,1098,2105,1316,3309,1772,4653,2409,3840,2139,1871,5640,6740,2593,4884,0,1,220,182,326,507,352,941,430,1475,623,1096,393,337,2408,2960,2244,4091,24956,17593,5344,986,15497,6,1,3,0
2021-04-01T23:59:59+02:00,0,1,619,797,1077,2086,1218,3214,1681,4584,2150,3632,1412,1285,5431,6527,2583,4854,0,1,216,181,326,506,351,940,429,1473,623,1095,390,335,2408,2960,2244,4087,24845,17581,2843,977,15459,6,1,3,0
2021-03-31T23:59:59+02:00,0,1,617,796,1073,2082,1213,3206,1670,4579,2131,3619,1384,1252,5403,6472,2542,4754,0,1,215,181,325,505,350,940,429,1472,622,1093,387,332,2404,2959,2242,4085,24518,17566,2829,969,15443,6,1,3,0
2021-03-30T23:59:59+02:00,0,1,615,789,1068,2078,1207,3201,1660,4565,2124,3604,1337,1207,5315,6341,2495,4599,0,1,215,180,325,504,347,936,424,1469,615,1082,372,321,2300,2806,2119,3858,23981,16941,2807,926,15415,6,1,2,0
2021-03-29T23:59:59+02:00,0,1,613,787,1065,2069,1198,3195,1653,4552,2110,3591,1299,1175,5251,6245,2442,4468,0,1,214,179,323,502,345,934,422,1464,610,1077,365,316,2074,2539,1891,3477,23536,15803,2780,923,15395,6,1,2,0
2021-03-28T23:59:59+02:00,0,1,613,784,1063,2063,1195,3188,1648,4541,2104,3586,1283,1166,5240,6222,2430,4435,0,1,212,179,322,499,336,930,419,1457,607,1065,358,304,2069,2525,1890,3474,23425,15775,2762,868,15372,3,1,2,0
2021-03-27T23:59:59+01:00,0,1,561,723,983,1995,1114,3069,1529,4416,2002,3503,1214,1096,4636,5489,2430,4435,0,1,210,178,322,499,336,930,415,1455,606,1062,357,304,2068,2524,1890,3474,23408,15759,2757,868,13029,3,1,1,0
2021-03-26T23:59:59+01:00,0,1,558,718,976,1985,1112,3063,1519,4409,1985,3495,1170,1065,4606,5455,2429,4431,0,1,209,175,322,497,333,929,413,1454,601,1055,349,299,1660,1985,1463,2744,23213,13623,2747,862,13015,3,1,1,0
2021-03-25T23:59:59+01:00,0,1,555,712,964,1977,1109,3054,1512,4397,1970,3485,1160,1055,4598,5450,2429,4429,0,1,208,172,320,496,331,924,410,1448,597,1046,345,295,1563,1862,1426,2668,23167,13269,2739,839,12949,3,1,1,0
2021-03-24T23:59:59+01:00,0,1,553,706,956,1967,1096,3038,1483,4378,1956,3477,1124,1025,4571,5415,2424,4424,0,1,207,172,319,495,327,920,406,1440,587,1028,332,285,1234,1478,1270,2398,23026,12116,2713,779,12853,3,1,1,0
2021-03-23T23:59:59+01:00,0,1,551,701,950,1954,1092,3028,1476,4364,1946,3469,1111,1014,4552,5401,2424,4420,0,1,206,172,317,492,318,917,405,1440,581,1024,324,278,996,1211,1154,2217,22951,11292,2704,757,12797,3,1,1,0
2021-03-22T23:59:59+01:00,0,1,550,692,945,1940,1086,3019,1467,4348,1932,3459,1108,1010,4547,5400,2424,4419,0,1,205,172,316,490,317,915,402,1437,578,1020,320,274,995,1207,1154,2213,22926,11275,2688,737,12731,3,1,1,0
2021-03-21T23:59:59+01:00,0,1,547,689,943,1932,1083,3015,1459,4335,1920,3452,1105,1009,4547,5398,2424,4419,0,1,204,172,316,489,315,911,402,1432,572,1018,310,269,991,1202,1153,2213,22922,11272,2675,694,12679,3,1,1,0
2021-03-20T23:59:59+01:00,0,1,542,682,939,1915,1066,2998,1431,4317,1886,3423,1033,939,3962,4759,2373,4319,0,1,204,172,316,489,315,911,402,1432,572,1018,310,269,991,1202,1152,2212,21251,11270,2674,694,12658,3,1,1,0
2021-03-19T23:59:59+01:00,0,1,533,673,921,1887,1038,2978,1395,4291,1860,3392,946,874,3282,3921,2321,4220,0,1,201,172,314,489,314,908,400,1430,568,1012,307,268,978,1189,1121,2172,19255,11248,2662,592,12614,3,1,1,0
2021-03-18T23:59:59+01:00,0,1,520,660,904,1861,1015,2952,1355,4250,1815,3339,848,810,2767,3390,2297,4186,0,1,196,170,311,485,311,898,396,1424,566,1007,304,261,872,1091,1009,1979,19173,10862,1261,415,12534,3,1,1,0
2021-03-17T23:59:59+01:00,0,1,518,651,895,1842,1002,2931,1332,4228,1797,3323,818,785,2681,3297,2291,4180,0,1,194,169,309,483,308,897,389,1420,563,1003,301,256,629,816,701,1529,18864,9933,1222,34,12485,0,1,0,0
2021-03-16T23:59:59+01:00,0,1,516,642,886,1821,981,2915,1315,4216,1773,3306,788,774,2633,3216,2289,4174,0,1,194,169,307,483,306,894,386,1418,560,999,295,252,381,575,511,1218,18654,8921,1182,28,12410,0,0,0,0
2021-03-15T23:59:59+01:00,0,1,516,632,881,1802,970,2893,1310,4209,1765,3297,782,770,2630,3214,2288,4174,0,1,193,169,306,482,305,894,386,1417,557,999,295,252,381,574,510,1218,18639,8914,1157,25,12338,0,0,0,0
2021-03-14T23:59:59+01:00,0,1,515,626,873,1790,963,2885,1300,4196,1755,3284,777,765,2624,3211,2288,4174,0,1,193,169,305,482,304,892,384,1415,557,999,294,252,381,574,510,1218,18634,8911,1127,19,12266,0,0,0,0
2021-03-13T23:59:59+01:00,0,1,494,575,780,1527,832,2502,1105,3632,1473,2856,698,677,2521,3085,2287,4173,0,1,193,169,305,482,304,892,384,1415,557,999,294,252,381,574,510,1218,18630,8911,1127,19,9461,0,0,0,0
2021-03-12T23:59:59+01:00,0,1,480,492,716,1258,741,2106,933,2945,1226,2263,556,525,2477,3041,2287,4173,0,0,193,167,305,482,304,890,383,1415,557,996,294,251,368,553,461,1152,18600,8752,1126,19,6494,0,0,0,0
2021-03-11T23:59:59+01:00,0,1,456,456,682,1187,694,2000,873,2800,1143,2151,499,465,2463,3029,2286,4171,0,0,193,167,304,480,303,889,383,1412,556,996,294,250,355,536,412,1107,18403,8621,1078,16,5875,0,0,0,0
2021-03-10T23:59:59+01:00,0,1,442,446,648,1154,653,1966,831,2764,1110,2122,480,449,2449,3009,2285,4167,0,0,189,165,300,473,303,888,378,1406,550,989,290,244,230,437,178,838,18126,7848,1058,10,5792,0,0,0,0
2021-03-09T23:59:59+01:00,0,1,427,429,617,1125,630,1946,808,2736,1088,2098,458,428,2355,2867,2159,3936,0,0,189,165,298,471,302,887,377,1403,550,986,288,243,230,437,177,837,17360,7840,1042,0,5706,0,0,0,0
2021-03-08T23:59:59+01:00,0,1,414,408,595,1095,612,1924,792,2711,1066,2072,436,400,2124,2592,1930,3554,0,0,189,164,298,469,301,882,377,1397,550,984,287,241,230,436,177,837,16110,7819,1013,0,5603,0,0,0,0
2021-03-07T23:59:59+01:00,0,1,413,407,588,1077,598,1916,789,2698,1061,2062,435,399,2119,2584,1929,3551,0,0,189,164,297,468,301,881,377,1394,550,983,287,241,230,436,177,837,16082,7812,1003,0,5542,0,0,0,0
2021-03-06T23:59:59+01:00,0,1,413,404,584,1064,595,1914,782,2691,1057,2055,434,399,2119,2584,1929,3551,0,0,189,164,297,468,301,881,377,1394,550,982,286,241,230,436,177,837,16073,7810,1003,0,5500,0,0,0,0
2021-03-05T23:59:59+01:00,0,1,407,389,578,1052,590,1905,777,2681,1050,2047,420,391,1699,2025,1499,2802,0,0,187,159,293,468,298,879,375,1391,548,978,286,241,230,436,177,837,13858,7783,1003,0,5452,0,0,0,0
2021-03-04T23:59:59+01:00,0,1,396,364,550,1013,571,1848,747,2627,1029,1997,416,387,1606,1905,1459,2725,0,0,176,151,282,455,297,871,373,1377,546,974,285,241,230,436,177,837,13499,7708,997,0,5145,0,0,0,0
2021-03-03T23:59:59+01:00,0,1,393,358,543,982,553,1816,723,2580,1011,1957,408,381,1279,1524,1300,2449,0,0,175,150,281,454,296,870,369,1370,543,967,283,239,229,435,175,832,12331,7668,988,0,4939,0,0,0,0
2021-03-02T23:59:59+01:00,0,1,389,353,535,948,539,1796,714,2556,1000,1938,397,371,1034,1257,1180,2265,0,0,175,148,280,444,292,864,369,1361,543,961,283,239,229,435,175,832,11502,7630,951,0,4820,0,0,0,0
2021-03-01T23:59:59+01:00,0,1,387,346,526,925,520,1765,705,2532,990,1921,393,364,1033,1250,1180,2260,0,0,175,146,280,435,289,854,366,1346,540,955,281,237,228,434,175,832,11481,7573,916,0,4701,0,0,0,0
2021-02-28T23:59:59+01:00,0,1,383,343,523,917,512,1754,701,2520,985,1906,388,359,1033,1248,1180,2260,0,0,173,145,280,434,289,853,366,1346,539,955,281,237,228,434,175,832,11475,7567,888,0,4650,0,0,0,0
2021-02-27T23:59:59+01:00,0,1,382,341,518,910,510,1748,698,2511,982,1904,387,358,1033,1248,1179,2260,0,0,173,145,280,434,289,853,366,1346,538,955,281,237,228,434,175,832,11474,7566,888,0,4608,0,0,0,0
2021-02-26T23:59:59+01:00,0,1,335,298,450,738,434,1440,571,2093,811,1564,359,328,1033,1245,1179,2260,0,0,173,143,280,430,287,845,364,1338,536,952,281,237,228,434,175,832,11464,7535,877,0,2798,0,0,0,0
2021-02-25T23:59:59+01:00,0,1,315,289,439,717,422,1404,556,2045,792,1532,351,320,948,1152,1106,2134,0,0,122,130,260,425,278,833,352,1322,531,945,281,235,228,434,175,832,11054,7383,846,0,2623,0,0,0,0
2021-02-24T23:59:59+01:00,0,1,310,283,434,701,415,1369,540,1997,770,1488,344,307,739,918,920,1825,0,0,122,124,258,419,275,823,350,1309,524,939,278,232,226,433,175,830,10107,7317,805,0,2449,0,0,0,0
2021-02-23T23:59:59+01:00,0,1,308,271,426,687,404,1344,532,1962,751,1469,330,297,486,669,730,1519,0,0,122,123,257,417,273,817,350,1303,523,931,277,231,225,433,173,829,9098,7284,760,0,2328,0,0,0,0
2021-02-22T23:59:59+01:00,0,1,308,270,425,680,403,1339,528,1951,746,1465,330,295,485,667,730,1518,0,0,122,118,252,407,272,800,346,1277,518,923,273,230,225,433,173,829,9093,7198,749,0,2299,0,0,0,0
2021-02-21T23:59:59+01:00,0,1,305,269,423,674,400,1330,525,1943,740,1461,319,290,481,662,728,1518,0,0,122,118,251,406,271,797,343,1274,510,920,272,229,224,432,172,818,9088,7159,707,0,2274,0,0,0,0
2021-02-20T23:59:59+01:00,0,1,305,266,423,672,400,1322,524,1934,738,1457,319,290,481,662,728,1518,0,0,122,118,251,406,271,797,343,1274,509,920,272,229,224,432,172,818,9088,7158,707,0,2245,0,0,0,0
2021-02-19T23:59:59+01:00,0,0,259,240,391,596,366,1153,466,1721,629,1247,310,274,455,626,646,1409,0,0,122,118,251,406,270,797,343,1274,509,920,272,229,224,432,172,818,8866,7157,600,0,1322,0,0,0,0
2021-02-18T23:59:59+01:00,0,0,258,235,383,587,355,1131,453,1703,619,1240,310,272,401,578,533,1278,0,0,119,115,247,400,263,790,340,1265,505,919,270,227,224,432,172,818,8677,7106,421,0,1238,0,0,0,0
2021-02-17T23:59:59+01:00,0,0,252,231,371,573,348,1122,430,1687,611,1228,305,265,240,442,187,862,0,0,111,102,244,394,258,774,334,1249,499,908,266,224,223,432,172,818,7939,7008,32,0,1183,0,0,0,0
2021-02-16T23:59:59+01:00,0,0,251,229,360,571,340,1113,422,1673,606,1221,302,262,239,441,187,862,0,0,83,89,224,368,247,744,317,1209,467,873,244,209,215,412,171,811,7931,6683,28,0,1120,0,0,0,0
2021-02-15T23:59:59+01:00,0,0,249,229,358,566,338,1107,420,1661,603,1215,302,262,239,440,186,862,0,0,82,87,220,357,240,732,307,1182,451,850,231,202,202,388,164,754,7924,6449,25,0,1088,0,0,0,0
2021-02-14T23:59:59+01:00,0,0,248,227,352,563,334,1098,416,1655,600,1212,302,262,239,440,186,862,0,0,78,85,213,352,237,724,302,1169,447,835,230,200,202,377,164,744,7914,6359,20,0,1062,0,0,0,0
2021-02-13T23:59:59+01:00,0,0,248,227,352,563,334,1098,414,1655,600,1211,301,262,239,440,186,862,0,0,78,85,213,352,237,724,302,1169,447,835,230,200,202,377,164,744,7912,6359,20,0,1060,0,0,0,0
2021-02-12T23:59:59+01:00,0,0,193,167,304,485,307,901,382,1417,563,997,293,247,238,440,186,862,0,0,75,84,210,351,235,721,296,1165,444,830,226,197,202,375,164,744,7899,6319,20,0,63,0,0,0,0
2021-02-11T23:59:59+01:00,0,0,191,166,298,472,303,887,376,1397,553,990,293,247,238,440,186,862,0,0,74,81,200,325,225,677,276,1114,426,780,225,194,202,370,164,741,7856,6074,17,0,26,0,0,0,0
2021-02-10T23:59:59+01:00,0,0,189,159,294,468,300,882,370,1386,549,982,291,245,236,439,186,860,0,0,69,76,183,297,214,617,259,1030,401,728,216,179,188,340,149,690,7813,5636,11,0,12,0,0,0,0
2021-02-09T23:59:59+01:00,0,0,184,153,290,460,299,873,370,1376,547,973,288,244,236,439,185,859,0,0,60,60,145,233,185,512,221,838,346,593,194,153,166,304,139,613,7769,4762,2,0,5,0,0,0,0
2021-02-08T23:59:59+01:00,0,0,178,147,286,448,294,863,366,1356,541,966,284,240,235,438,183,855,0,0,33,47,100,144,136,285,162,458,252,387,163,125,137,246,114,508,7673,3297,2,0,5,0,0,0,0
2021-02-07T23:59:59+01:00,0,0,176,145,284,447,293,861,365,1355,540,965,283,239,235,438,183,855,0,0,19,40,82,122,131,264,153,425,236,361,153,120,127,235,107,470,7663,3045,1,0,0,0,0,0,0
2021-02-06T23:59:59+01:00,0,0,176,145,284,447,293,861,365,1355,540,965,283,239,235,438,183,855,0,0,19,37,80,119,121,249,142,408,205,340,138,116,126,230,106,459,7663,2895,1,0,0,0,0,0,0
2021-02-05T23:59:59+01:00,0,0,176,143,284,443,292,850,363,1347,536,962,283,238,235,438,183,854,0,0,18,33,77,114,114,235,136,381,188,322,133,111,122,225,98,442,7626,2749,1,0,0,0,0,0,0
2021-02-04T23:59:59+01:00,0,0,168,138,283,439,285,841,359,1336,527,953,282,236,234,437,183,852,0,0,11,20,50,76,85,178,114,290,155,263,115,97,110,206,88,398,7553,2256,0,0,0,0,0,0,0
2021-02-03T23:59:59+01:00,0,0,150,131,273,433,282,834,357,1325,527,951,282,236,233,437,183,851,0,0,11,18,42,65,76,143,90,258,134,222,96,83,95,177,79,350,7485,1939,0,0,0,0,0,0,0
2021-02-02T23:59:59+01:00,0,0,130,126,261,431,279,826,352,1319,526,944,281,236,232,437,182,850,0,0,11,15,34,59,64,121,75,213,103,172,64,58,70,114,54,225,7412,1452,0,0,0,0,0,0,0
2021-02-01T23:59:59+01:00,0,0,125,121,256,416,277,809,350,1293,520,932,276,234,232,437,182,850,0,0,4,9,19,31,33,66,46,118,59,71,29,29,30,48,29,109,7310,730,0,0,0,0,0,0,0
2021-01-31T23:59:59+01:00,0,0,124,118,254,413,275,805,348,1287,515,930,276,231,231,436,182,850,0,0,4,6,14,22,28,47,32,72,39,43,15,9,14,28,23,63,7275,459,0,0,0,0,0,0,0
2021-01-30T23:59:59+01:00,0,0,124,118,254,413,275,804,348,1286,514,930,276,231,231,436,182,850,0,0,4,6,13,19,25,40,27,64,36,41,15,9,14,28,23,63,7272,427,0,0,0,0,0,0,0
2021-01-29T23:59:59+01:00,0,0,124,118,254,413,274,804,348,1286,514,930,276,231,231,436,182,850,0,0,4,6,7,18,23,32,22,56,32,38,15,9,14,27,22,62,7271,387,0,0,0,0,0,0,0
2021-01-28T23:59:59+01:00,0,0,122,115,250,406,270,797,345,1279,509,929,276,231,231,436,182,850,0,0,1,3,2,8,15,14,12,27,12,23,11,5,7,14,7,25,7228,186,0,0,0,0,0,0,0
2021-01-27T23:59:59+01:00,0,0,114,105,248,401,267,788,340,1272,503,922,271,228,230,435,182,850,0,0,0,0,1,4,11,12,8,20,10,17,10,5,7,14,7,25,7156,151,0,0,0,0,0,0,0
2021-01-26T23:59:59+01:00,0,0,88,93,230,384,259,763,328,1234,477,891,251,216,220,417,182,842,0,0,0,0,1,4,11,12,8,20,10,17,10,5,7,14,7,25,6875,151,0,0,0,0,0,0,0
2021-01-25T23:59:59+01:00,0,0,85,88,228,364,246,744,314,1201,459,866,234,209,209,395,177,786,0,0,0,0,1,4,11,10,7,13,7,13,10,5,7,14,7,25,6605,134,0,0,0,0,0,0,0
2021-01-24T23:59:59+01:00,0,0,85,86,224,360,245,739,311,1188,457,851,233,207,209,384,177,775,0,0,0,0,1,4,11,10,7,13,7,13,10,5,7,14,7,25,6531,134,0,0,0,0,0,0,0
2021-01-23T23:59:59+01:00,0,0,85,86,224,360,245,739,311,1188,457,851,233,207,209,384,177,775,0,0,0,0,1,4,11,10,7,13,7,13,10,5,7,14,7,25,6531,134,0,0,0,0,0,0,0
2021-01-22T23:59:59+01:00,0,0,85,85,222,358,245,736,308,1184,453,848,231,206,209,383,177,775,0,0,0,0,1,4,11,10,7,13,7,13,10,5,7,14,7,25,6505,134,0,0,0,0,0,0,0
2021-01-21T23:59:59+01:00,0,0,85,82,209,328,235,692,283,1135,438,814,230,202,208,377,176,772,0,0,0,0,1,2,9,9,6,12,6,11,10,5,7,14,7,25,6266,124,0,0,0,0,0,0,0
2021-01-20T23:59:59+01:00,0,0,79,77,194,305,223,626,269,1042,409,754,221,190,193,346,162,720,0,0,0,0,1,2,9,9,6,12,6,11,10,5,7,14,7,25,5810,124,0,0,0,0,0,0,0
2021-01-19T23:59:59+01:00,0,0,71,67,155,256,203,563,243,919,369,645,200,164,167,304,148,630,0,0,0,0,1,2,3,7,6,11,4,9,7,4,7,14,7,25,5104,107,0,0,0,0,0,0,0
2021-01-18T23:59:59+01:00,0,0,59,59,132,213,182,460,216,761,329,552,181,143,142,253,126,541,0,0,0,0,0,1,2,4,3,6,2,7,6,4,7,14,7,23,4349,86,0,0,0,0,0,0,0
2021-01-17T23:59:59+01:00,0,0,40,47,108,183,167,401,200,675,304,497,172,136,129,235,109,481,0,0,0,0,0,0,2,4,2,6,2,5,4,4,7,14,6,23,3884,79,0,0,0,0,0,0,0
2021-01-16T23:59:59+01:00,0,0,33,44,108,180,157,385,185,655,273,475,156,131,128,229,108,469,0,0,0,0,0,0,0,0,0,0,0,0,0,0,0,0,0,0,3716,0,0,0,0,0,0,0,0
2021-01-15T23:59:59+01:00,0,0,31,40,105,175,146,371,179,625,254,453,151,122,124,223,99,451,0,0,0,0,0,0,0,0,0,0,0,0,0,0,0,0,0,0,3549,0,0,0,0,0,0,0,0
2021-01-14T23:59:59+01:00,0,0,13,23,51,76,84,174,115,288,149,264,123,103,110,204,87,406,0,0,0,0,0,0,0,0,0,0,0,0,0,0,0,0,0,0,2270,0,0,0,0,0,0,0,0
2021-01-13T23:59:59+01:00,0,0,12,20,41,65,76,139,93,258,124,227,94,81,90,163,68,324,0,0,0,0,0,0,0,0,0,0,0,0,0,0,0,0,0,0,1875,0,0,0,0,0,0,0,0
2021-01-12T23:59:59+01:00,0,0,12,15,37,61,63,115,78,209,95,173,61,53,60,97,40,189,0,0,0,0,0,0,0,0,0,0,0,0,0,0,0,0,0,0,1358,0,0,0,0,0,0,0,0
2021-01-11T23:59:59+01:00,0,0,4,10,26,43,39,83,57,141,58,86,32,28,25,40,19,81,0,0,0,0,0,0,0,0,0,0,0,0,0,0,0,0,0,0,772,0,0,0,0,0,0,0,0
2021-01-10T23:59:59+01:00,0,0,3,6,19,31,34,58,38,94,37,54,15,8,8,19,13,34,0,0,0,0,0,0,0,0,0,0,0,0,0,0,0,0,0,0,471,0,0,0,0,0,0,0,0
2021-01-09T23:59:59+01:00,0,0,3,6,18,27,33,54,33,84,35,53,15,8,8,19,13,34,0,0,0,0,0,0,0,0,0,0,0,0,0,0,0,0,0,0,443,0,0,0,0,0,0,0,0
2021-01-08T23:59:59+01:00,0,0,3,6,15,26,29,44,27,75,31,49,14,8,7,17,12,33,0,0,0,0,0,0,0,0,0,0,0,0,0,0,0,0,0,0,396,0,0,0,0,0,0,0,0
2021-01-07T23:59:59+01:00,0,0,1,4,2,9,15,14,14,28,13,24,11,6,7,15,9,26,0,0,0,0,0,0,0,0,0,0,0,0,0,0,0,0,0,0,198,0,0,0,0,0,0,0,0
2021-01-06T23:59:59+01:00,0,0,1,0,2,4,13,12,9,22,11,19,11,6,7,15,9,26,0,0,0,0,0,0,0,0,0,0,0,0,0,0,0,0,0,0,167,0,0,0,0,0,0,0,0
2021-01-05T23:59:59+01:00,0,0,0,0,1,4,12,12,8,20,10,19,10,6,7,15,9,26,0,0,0,0,0,0,0,0,0,0,0,0,0,0,0,0,0,0,159,0,0,0,0,0,0,0,0
2021-01-04T23:59:59+01:00,0,0,0,0,1,4,12,11,7,16,8,17,10,6,7,15,9,26,0,0,0,0,0,0,0,0,0,0,0,0,0,0,0,0,0,0,149,0,0,0,0,0,0,0,0
2021-01-03T23:59:59+01:00,0,0,0,0,1,4,11,10,7,13,6,14,10,6,7,15,9,26,0,0,0,0,0,0,0,0,0,0,0,0,0,0,0,0,0,0,139,0,0,0,0,0,0,0,0
2021-01-02T23:59:59+01:00,0,0,0,0,1,4,11,10,7,13,6,14,10,6,7,15,9,26,0,0,0,0,0,0,0,0,0,0,0,0,0,0,0,0,0,0,139,0,0,0,0,0,0,0,0
2021-01-01T23:59:59+01:00,0,0,0,0,1,4,11,10,7,13,6,14,10,6,7,15,9,26,0,0,0,0,0,0,0,0,0,0,0,0,0,0,0,0,0,0,139,0,0,0,0,0,0,0,0
2020-12-31T23:59:59+01:00,0,0,0,0,1,4,11,10,7,13,6,14,10,6,7,15,9,26,0,0,0,0,0,0,0,0,0,0,0,0,0,0,0,0,0,0,139,0,0,0,0,0,0,0,0
2020-12-30T23:59:59+01:00,0,0,0,0,1,4,11,10,7,13,6,14,10,6,7,15,9,26,0,0,0,0,0,0,0,0,0,0,0,0,0,0,0,0,0,0,139,0,0,0,0,0,0,0,0
2020-12-29T23:59:59+01:00,0,0,0,0,1,4,8,9,7,13,4,12,10,6,7,15,9,26,0,0,0,0,0,0,0,0,0,0,0,0,0,0,0,0,0,0,131,0,0,0,0,0,0,0,0
2020-12-28T23:59:59+01:00,0,0,0,0,1,1,5,7,7,7,2,9,10,6,7,15,9,26,0,0,0,0,0,0,0,0,0,0,0,0,0,0,0,0,0,0,112,0,0,0,0,0,0,0,0
2020-12-27T23:59:59+01:00,0,0,0,0,0,0,2,4,2,6,1,6,4,5,7,15,8,25,0,0,0,0,0,0,0,0,0,0,0,0,0,0,0,0,0,0,85,0,0,0,0,0,0,0,0
