Datum,<15_m,<15_w,15-24_1_m,15-24_1_w,25-34_1_m,25-34_1_w,35-44_1_m,35-44_1_w,45-54_1_m,45-54_1_w,55-64_1_m,55-64_1_w,65-74_1_m,65-74_1_w,75-84_1_m,75-84_1_w,>84_1_m,>84_1_w,<24_2_m,<24_2_w,25-34_2_m,25-34_2_w,35-44_2_m,35-44_2_w,45-54_2_m,45-54_2_w,55-64_2_m,55-64_2_w,65-74_2_m,65-74_2_w,75-84_2_m,75-84_2_w,>84_2_m,>84_2_w,bp_1,bp_2,mo_1,mo_2,az_1,az_2,ja,unb_1,unb_2
2021-10-18T23:59:59+02:00,1953,1881,10191,9604,11166,10489,13706,14149,17703,18073,20895,20848,16480,17180,9185,11161,2968,5703,9435,8928,10637,9841,13139,13471,17086,17415,20356,20275,16146,16817,9002,10925,2871,5536,152775,146008,20501,19728,27875,27117,12191,8,8
2021-10-17T23:59:59+02:00,1953,1880,10185,9603,11165,10485,13703,14147,17701,18070,20892,20847,16477,17180,9184,11161,2966,5701,9433,8924,10630,9839,13137,13470,17081,17410,20354,20274,16145,16816,9002,10924,2871,5536,152743,145975,20500,19726,27875,27117,12189,8,8
2021-10-16T23:59:59+02:00,1949,1876,10177,9597,11160,10485,13697,14136,17698,18068,20887,20845,16475,17176,9182,11160,2966,5700,9433,8923,10629,9839,13136,13469,17081,17408,20353,20274,16145,16816,9002,10924,2871,5536,152678,145969,20500,19726,27875,27117,12188,8,8
2021-10-15T23:59:59+02:00,1946,1872,10170,9583,11153,10478,13689,14124,17689,18054,20882,20833,16474,17175,9181,11159,2966,5699,9417,8909,10619,9832,13127,13462,17077,17403,20348,20269,16142,16816,9002,10924,2870,5536,152575,145876,20499,19725,27875,27117,12185,8,8
2021-10-14T23:59:59+02:00,1941,1865,10159,9572,11145,10464,13672,14118,17682,18044,20871,20825,16471,17172,9180,11155,2964,5697,9408,8897,10611,9821,13118,13454,17072,17398,20338,20261,16136,16810,8999,10923,2870,5536,152483,145784,20472,19717,27875,27117,12174,8,8
2021-10-13T23:59:59+02:00,1937,1854,10144,9553,11131,10457,13657,14108,17667,18033,20864,20817,16465,17163,9167,11128,2952,5685,9397,8878,10597,9808,13105,13440,17060,17387,20333,20251,16134,16804,8994,10914,2869,5533,152363,145704,20379,19636,27875,27116,12172,8,8
2021-10-12T23:59:59+02:00,1927,1845,10129,9540,11121,10440,13651,14103,17665,18026,20856,20811,16462,17160,9165,11127,2952,5684,9368,8855,10588,9793,13092,13424,17047,17377,20323,20243,16125,16795,8989,10906,2868,5525,152315,145578,20310,19555,27875,27116,12171,8,8
2021-10-11T23:59:59+02:00,1918,1836,10109,9525,11102,10431,13638,14095,17655,18010,20848,20801,16456,17158,9162,11123,2951,5682,9335,8815,10566,9762,13069,13396,17033,17362,20311,20234,16116,16791,8986,10902,2867,5521,152214,145428,20252,19403,27875,27116,12166,8,8
2021-10-10T23:59:59+02:00,1917,1831,10099,9518,11098,10424,13628,14088,17647,18002,20838,20796,16456,17158,9159,11120,2951,5682,9328,8811,10558,9758,13063,13391,17028,17359,20306,20234,16115,16791,8984,10899,2867,5519,152189,145384,20193,19393,27875,27116,12162,8,8
2021-10-09T23:59:59+02:00,1917,1831,10099,9518,11097,10424,13628,14088,17646,18002,20838,20796,16456,17158,9159,11120,2951,5682,9325,8807,10558,9756,13062,13390,17026,17359,20305,20233,16115,16791,8984,10899,2867,5519,152188,145371,20192,19390,27875,27116,12162,8,8
2021-10-08T23:59:59+02:00,1908,1822,10084,9511,11088,10418,13618,14077,17636,17995,20829,20791,16449,17152,9158,11117,2950,5681,9319,8797,10553,9750,13057,13383,17024,17357,20304,20232,16113,16790,8984,10898,2867,5519,152064,145315,20192,19386,27875,27116,12160,8,8
2021-10-07T23:59:59+02:00,1896,1808,10054,9477,11059,10390,13589,14059,17628,17981,20811,20778,16443,17147,9155,11113,2949,5679,9306,8779,10545,9733,13051,13372,17019,17348,20296,20227,16109,16787,8980,10895,2867,5518,151817,145204,20187,19384,27875,27116,12144,8,8
2021-10-06T23:59:59+02:00,1878,1784,10029,9457,11043,10374,13574,14039,17621,17969,20799,20769,16439,17142,9152,11112,2949,5678,9264,8716,10522,9696,13017,13334,16994,17321,20276,20208,16098,16778,8975,10891,2867,5514,151618,144753,20183,19384,27875,27116,12136,8,8
2021-10-05T23:59:59+02:00,1868,1772,10016,9435,11033,10357,13559,14023,17612,17960,20789,20764,16435,17136,9151,11112,2948,5678,9244,8691,10507,9675,13007,13322,16986,17305,20265,20199,16092,16774,8972,10885,2863,5510,151479,144559,20183,19384,27875,27116,12115,8,8
2021-10-04T23:59:59+02:00,1856,1762,9991,9421,11022,10341,13545,14011,17601,17946,20777,20751,16434,17133,9149,11110,2947,5678,9222,8670,10487,9652,13003,13312,16977,17286,20256,20179,16090,16770,8970,10883,2862,5510,151328,144379,20178,19384,27875,27115,12098,8,8
2021-10-03T23:59:59+02:00,1850,1757,9984,9415,11011,10331,13540,14005,17594,17941,20769,20747,16431,17128,9147,11109,2947,5678,9214,8661,10474,9645,12999,13307,16973,17279,20247,20175,16088,16768,8970,10882,2862,5510,151268,144327,20178,19384,27875,27115,12067,8,8
2021-10-02T23:59:59+02:00,1850,1757,9982,9412,11009,10329,13537,14005,17594,17941,20767,20745,16430,17127,9147,11109,2947,5678,9213,8659,10471,9642,12997,13305,16973,17279,20246,20173,16087,16766,8970,10882,2862,5510,151260,144319,20178,19383,27875,27115,12057,8,8
2021-10-01T23:59:59+02:00,1847,1753,9968,9397,11000,10314,13528,13997,17585,17934,20762,20741,16426,17123,9145,11108,2945,5676,9196,8641,10457,9631,12995,13294,16962,17272,20237,20166,16086,16766,8969,10877,2861,5508,151161,144195,20177,19383,27875,27115,12040,8,8
2021-09-30T23:59:59+02:00,1844,1750,9953,9389,10988,10304,13518,13981,17578,17924,20755,20735,16426,17122,9143,11106,2944,5675,9173,8633,10445,9620,12988,13282,16952,17268,20231,20162,16084,16766,8966,10877,2861,5508,151094,144128,20175,19380,27875,27115,11995,8,8
2021-09-29T23:59:59+02:00,1831,1716,9925,9353,10964,10279,13504,13961,17563,17912,20736,20725,16419,17114,9141,11103,2943,5672,9163,8618,10432,9605,12985,13268,16947,17255,20221,20154,16078,16757,8963,10874,2860,5507,150838,144000,20175,19379,27875,27115,11977,8,8
2021-09-28T23:59:59+02:00,1804,1692,9872,9300,10943,10243,13473,13935,17535,17882,20719,20705,16409,17101,9137,11094,2942,5669,9144,8588,10419,9583,12967,13255,16937,17243,20208,20142,16069,16748,8957,10867,2860,5506,150459,143795,20175,19378,27874,27115,11951,8,8
2021-09-27T23:59:59+02:00,1787,1679,9847,9282,10918,10221,13454,13908,17517,17863,20710,20698,16403,17096,9133,11091,2942,5667,9125,8566,10397,9563,12947,13229,16922,17226,20197,20133,16066,16745,8955,10864,2860,5505,150291,143646,20167,19373,27874,27113,11888,8,8
2021-09-26T23:59:59+02:00,1780,1673,9836,9273,10902,10209,13444,13900,17511,17857,20700,20697,16401,17092,9133,11090,2941,5667,9120,8558,10389,9559,12938,13224,16918,17221,20190,20131,16064,16743,8955,10864,2860,5505,150211,143612,20166,19373,27874,27112,11859,8,8
2021-09-25T23:59:59+02:00,1780,1672,9833,9272,10901,10209,13442,13899,17511,17857,20700,20697,16401,17091,9133,11090,2941,5667,9120,8555,10387,9559,12937,13222,16918,17221,20190,20131,16064,16742,8955,10864,2860,5505,150206,143608,20166,19373,27874,27112,11854,8,8
2021-09-24T23:59:59+02:00,1772,1656,9816,9260,10897,10199,13438,13888,17508,17853,20697,20693,16398,17090,9133,11090,2940,5667,9103,8542,10381,9548,12933,13218,16912,17215,20189,20127,16062,16740,8954,10864,2860,5505,150117,143525,20164,19373,27874,27112,11844,8,8
2021-09-23T23:59:59+02:00,1769,1654,9753,9218,10788,10135,13339,13814,17423,17787,20644,20646,16374,17072,9126,11079,2940,5664,9045,8504,10273,9489,12842,13157,16831,17153,20138,20083,16039,16719,8946,10852,2860,5502,150040,143496,20162,19370,27874,27112,11152,8,8
2021-09-22T23:59:59+02:00,1747,1637,9724,9185,10773,10106,13313,13783,17395,17764,20629,20624,16370,17064,9124,11072,2937,5663,9020,8489,10252,9472,12827,13142,16812,17143,20127,20078,16033,16717,8943,10846,2858,5499,149754,143326,20158,19367,27874,27112,11127,8,8
2021-09-21T23:59:59+02:00,1716,1606,9668,9119,10739,10071,13286,13742,17365,17741,20615,20614,16357,17050,9120,11070,2935,5658,8986,8457,10236,9453,12805,13115,16786,17113,20117,20068,16023,16710,8938,10843,2858,5497,149334,143043,20156,19365,27873,27112,11112,8,8
2021-09-20T23:59:59+02:00,1684,1582,9613,9066,10691,10021,13250,13701,17344,17722,20591,20596,16347,17043,9111,11058,2934,5654,8951,8430,10217,9431,12778,13092,16765,17095,20100,20049,16015,16701,8931,10836,2856,5496,148932,142800,20154,19364,27873,27111,11052,8,8
2021-09-19T23:59:59+02:00,1683,1581,9609,9058,10684,10016,13242,13699,17336,17716,20584,20592,16345,17040,9110,11056,2931,5651,8945,8424,10213,9429,12774,13090,16762,17093,20097,20045,16014,16701,8931,10836,2856,5495,148878,142778,20151,19362,27873,27110,11034,8,8
2021-09-18T23:59:59+02:00,1683,1581,9609,9057,10682,10012,13239,13695,17333,17716,20583,20592,16345,17040,9110,11056,2931,5651,8943,8421,10211,9427,12773,13087,16758,17092,20096,20045,16014,16701,8931,10836,2856,5495,148872,142769,20151,19362,27873,27110,11022,8,8
2021-09-17T23:59:59+02:00,1677,1571,9592,9034,10670,9996,13223,13682,17322,17705,20578,20582,16343,17038,9109,11054,2930,5650,8936,8415,10205,9421,12764,13082,16754,17087,20093,20037,16014,16699,8930,10835,2856,5495,148757,142745,20149,19362,27873,27109,10980,8,8
2021-09-16T23:59:59+02:00,1673,1570,9576,9018,10654,9980,13212,13669,17310,17696,20566,20571,16342,17034,9106,11051,2930,5648,8930,8409,10197,9414,12756,13076,16746,17082,20083,20032,16014,16698,8930,10832,2856,5493,148654,142716,20146,19359,27872,27106,10937,8,8
2021-09-15T23:59:59+02:00,1660,1555,9549,8991,10630,9960,13183,13641,17291,17672,20549,20553,16336,17027,9097,11043,2930,5644,8883,8370,10166,9374,12723,13036,16721,17062,20054,20012,16007,16686,8925,10829,2856,5491,148487,142381,20078,19347,27872,27103,10877,8,8
2021-09-14T23:59:59+02:00,1647,1545,9515,8960,10614,9940,13165,13618,17268,17654,20535,20539,16319,17014,9087,11032,2926,5632,8849,8337,10150,9357,12714,13013,16705,17043,20037,19992,16003,16679,8922,10822,2855,5487,148286,142140,20000,19346,27872,27103,10855,8,8
2021-09-13T23:59:59+02:00,1614,1509,9471,8905,10588,9906,13142,13575,17247,17635,20513,20526,16313,17008,9084,11026,2924,5626,8814,8309,10134,9335,12693,12981,16692,17026,20021,19976,15997,16665,8916,10820,2854,5483,148067,141886,19845,19338,27872,27102,10831,8,8
2021-09-12T23:59:59+02:00,1612,1506,9458,8898,10575,9900,13135,13565,17242,17631,20510,20521,16312,17005,9082,11025,2924,5623,8790,8287,10113,9324,12676,12967,16681,17018,20013,19967,15994,16661,8915,10814,2854,5482,148016,141726,19839,19337,27872,27101,10800,8,8
2021-09-11T23:59:59+02:00,1612,1506,9456,8893,10571,9897,13132,13563,17241,17628,20507,20519,16312,17003,9081,11025,2924,5623,8781,8285,10111,9323,12671,12966,16680,17015,20011,19966,15994,16660,8914,10814,2854,5482,148005,141720,19837,19332,27872,27101,10782,8,8
2021-09-10T23:59:59+02:00,1611,1505,9452,8889,10562,9890,13120,13558,17236,17621,20505,20515,16311,17002,9081,11025,2924,5623,8777,8282,10104,9315,12661,12960,16674,17010,20008,19962,15994,16659,8914,10813,2854,5482,147976,141699,19836,19326,27872,27101,10749,8,8
2021-09-09T23:59:59+02:00,1608,1500,9436,8883,10551,9877,13106,13541,17220,17612,20490,20504,16309,17001,9079,11021,2923,5620,8767,8277,10097,9305,12656,12947,16656,17003,19996,19953,15992,16657,8912,10806,2853,5480,147894,141647,19834,19326,27872,27100,10683,8,8
2021-09-08T23:59:59+02:00,1570,1451,9392,8824,10519,9839,13079,13504,17188,17586,20471,20484,16293,16987,9075,11015,2923,5618,8743,8261,10078,9289,12636,12931,16641,16994,19980,19946,15985,16651,8911,10802,2853,5480,147482,141517,19833,19321,27872,27100,10633,8,8
2021-09-07T23:59:59+02:00,1552,1426,9372,8800,10501,9819,13069,13494,17179,17574,20465,20479,16289,16984,9074,11010,2922,5616,8735,8253,10070,9287,12628,12929,16637,16985,19976,19943,15985,16649,8911,10799,2853,5480,147306,141475,19831,19319,27872,27096,10618,8,8
2021-09-06T23:59:59+02:00,1539,1414,9348,8775,10481,9798,13059,13480,17168,17560,20456,20463,16287,16981,9072,11010,2921,5616,8729,8244,10062,9280,12623,12920,16631,16980,19971,19936,15983,16649,8908,10796,2853,5479,147130,141418,19830,19316,27870,27095,10600,8,8
2021-09-05T23:59:59+02:00,1536,1411,9340,8764,10473,9793,13054,13474,17165,17553,20450,20461,16284,16978,9072,11009,2921,5616,8721,8238,10055,9270,12616,12914,16625,16974,19963,19934,15981,16647,8908,10795,2853,5479,147080,141363,19830,19316,27870,27092,10576,8,8
2021-09-04T23:59:59+02:00,1535,1411,9339,8762,10472,9793,13053,13473,17165,17553,20448,20459,16284,16978,9072,11009,2921,5616,8721,8238,10054,9268,12615,12914,16624,16973,19962,19934,15981,16647,8908,10795,2853,5479,147074,141357,19827,19316,27870,27092,10574,8,8
2021-09-03T23:59:59+02:00,1525,1397,9318,8744,10459,9782,13049,13463,17150,17542,20436,20449,16280,16972,9071,11004,2921,5613,8705,8226,10042,9261,12608,12907,16608,16963,19959,19926,15977,16640,8907,10791,2853,5476,146973,141306,19824,19314,27870,27092,10509,8,8
2021-09-02T23:59:59+02:00,1514,1388,9264,8712,10399,9731,12974,13405,17100,17505,20378,20406,16248,16945,9061,10993,2920,5608,8660,8201,9983,9217,12539,12857,16564,16930,19899,19885,15945,16617,8900,10783,2853,5471,146846,141249,19823,19310,27869,27090,10014,8,8
2021-09-01T23:59:59+02:00,1510,1371,9244,8698,10376,9719,12961,13392,17088,17491,20368,20402,16245,16939,9054,10989,2920,5607,8642,8180,9967,9200,12528,12846,16551,16919,19883,19874,15941,16612,8897,10777,2853,5470,146738,141114,19799,19308,27869,27089,9969,8,8
2021-08-31T23:59:59+02:00,1493,1353,9229,8671,10365,9706,12950,13384,17083,17480,20361,20394,16240,16935,9052,10984,2920,5607,8625,8163,9961,9188,12513,12835,16540,16914,19880,19867,15937,16610,8896,10774,2853,5470,146582,140989,19798,19305,27869,27086,9959,8,8
2021-08-30T23:59:59+02:00,1472,1336,9211,8648,10351,9690,12939,13369,17070,17460,20349,20385,16236,16932,9050,10982,2920,5606,8598,8149,9947,9176,12502,12816,16527,16897,19871,19860,15931,16604,8894,10769,2851,5468,146417,140851,19798,19301,27866,27077,9925,8,8
2021-08-29T23:59:59+02:00,1471,1335,9209,8642,10344,9681,12937,13364,17061,17455,20345,20380,16233,16927,9050,10982,2920,5605,8595,8143,9938,9165,12498,12810,16519,16892,19867,19857,15928,16597,8893,10769,2851,5467,146399,140831,19798,19300,27866,27071,9878,8,8
2021-08-28T23:59:59+02:00,1470,1335,9206,8638,10344,9680,12936,13363,17061,17454,20345,20379,16233,16927,9050,10982,2920,5605,8591,8143,9936,9165,12497,12809,16519,16891,19867,19856,15928,16597,8893,10769,2851,5467,146391,140825,19798,19298,27866,27071,9873,8,8
2021-08-27T23:59:59+02:00,1460,1324,9193,8631,10339,9674,12933,13361,17058,17448,20340,20374,16232,16925,9049,10982,2920,5605,8581,8136,9933,9159,12490,12807,16516,16884,19866,19855,15927,16596,8892,10768,2851,5467,146317,140776,19798,19296,27866,27066,9867,8,8
2021-08-26T23:59:59+02:00,1457,1323,9186,8627,10334,9668,12925,13360,17055,17446,20338,20369,16229,16922,9046,10977,2919,5605,8572,8125,9927,9153,12482,12804,16511,16882,19864,19850,15924,16592,8889,10765,2850,5467,146296,140745,19796,19296,27866,27060,9828,8,8
2021-08-25T23:59:59+02:00,1443,1298,9080,8571,10247,9596,12836,13287,16936,17363,20243,20313,16182,16885,9031,10956,2914,5594,8480,8071,9843,9091,12391,12739,16407,16809,19777,19796,15880,16554,8875,10745,2845,5454,146057,140599,19795,19295,27866,27058,9057,8,8
2021-08-24T23:59:59+02:00,1424,1273,9049,8541,10233,9576,12807,13258,16905,17327,20229,20297,16167,16875,9026,10950,2914,5591,8457,8058,9826,9079,12375,12728,16396,16794,19770,19786,15874,16550,8875,10743,2845,5453,145768,140481,19793,19293,27866,27058,9015,8,8
2021-08-23T23:59:59+02:00,1406,1248,9007,8504,10219,9558,12776,13238,16886,17309,20216,20273,16155,16863,9015,10944,2913,5586,8432,8042,9799,9060,12361,12722,16383,16785,19759,19770,15868,16543,8871,10738,2844,5450,145512,140385,19793,19291,27866,27037,8945,8,8
2021-08-22T23:59:59+02:00,1406,1248,8997,8499,10212,9552,12775,13234,16882,17303,20213,20270,16152,16859,9011,10944,2913,5585,8416,8036,9792,9049,12357,12717,16380,16778,19757,19766,15865,16538,8867,10736,2844,5449,145499,140356,19793,19289,27866,27034,8897,8,8
2021-08-21T23:59:59+02:00,1406,1247,8992,8499,10211,9550,12772,13233,16881,17303,20212,20269,16152,16859,9011,10944,2913,5585,8294,7956,9691,8955,12269,12607,16289,16707,19701,19722,15845,16523,8864,10725,2843,5447,145493,140352,19790,18388,27866,27033,8890,8,8
2021-08-20T23:59:59+02:00,1405,1245,8984,8497,10204,9542,12766,13223,16878,17301,20205,20264,16149,16859,9011,10942,2912,5584,7936,7630,9538,8795,12126,12467,16166,16597,19593,19626,15806,16474,8852,10701,2841,5446,145459,138254,19790,18388,27866,27032,8856,8,8
2021-08-19T23:59:59+02:00,1400,1243,8973,8491,10197,9533,12757,13217,16873,17299,20200,20262,16148,16857,9011,10941,2912,5583,7676,7362,9408,8689,11983,12348,16072,16492,19496,19539,15764,16427,8841,10682,2840,5438,145417,136528,19787,18380,27865,27023,8828,8,8
2021-08-18T23:59:59+02:00,1376,1211,8927,8455,10169,9502,12730,13182,16843,17276,20174,20233,16135,16843,9005,10935,2908,5578,7663,7352,9396,8681,11969,12331,16058,16483,19488,19530,15758,16420,8837,10678,2837,5435,145111,136481,19774,18379,27862,27022,8734,8,8
2021-08-17T23:59:59+02:00,1351,1198,8891,8423,10154,9481,12715,13157,16828,17255,20151,20211,16127,16833,9002,10928,2906,5573,7650,7337,9378,8673,11958,12322,16051,16473,19477,19524,15752,16415,8836,10676,2836,5433,144867,136410,19771,18374,27861,27016,8684,8,8
2021-08-16T23:59:59+02:00,1328,1180,8853,8397,10135,9462,12691,13133,16818,17238,20131,20196,16122,16821,8998,10927,2905,5573,7641,7325,9362,8670,11948,12316,16049,16468,19468,19517,15749,16412,8836,10676,2836,5433,144634,136370,19769,18370,27861,27015,8643,8,8
2021-08-15T23:59:59+02:00,1310,1163,8834,8378,10122,9448,12675,13120,16805,17228,20117,20184,16116,16815,8998,10922,2905,5573,7629,7314,9346,8654,11934,12305,16042,16460,19462,19513,15741,16408,8835,10673,2836,5433,144486,136313,19768,18365,27858,26996,8600,8,8
2021-08-14T23:59:59+02:00,1309,1163,8834,8378,10121,9448,12674,13118,16805,17227,20116,20182,16116,16815,8998,10922,2905,5573,7312,7021,9201,8486,11760,12140,15924,16330,19368,19425,15715,16384,8826,10660,2836,5429,144480,134323,19768,18363,27858,26987,8597,8,8
2021-08-13T23:59:59+02:00,1304,1161,8822,8369,10110,9440,12662,13108,16789,17218,20108,20174,16113,16810,8996,10921,2904,5573,6924,6661,9030,8325,11552,11924,15706,16149,19227,19303,15681,16346,8814,10646,2834,5425,144452,131844,19768,18363,27858,26984,8503,8,8
2021-08-12T23:59:59+02:00,1304,1161,8821,8366,10103,9435,12659,13108,16783,17209,20104,20169,16112,16806,8994,10919,2904,5573,6917,6654,9016,8318,11541,11922,15695,16142,19223,19297,15679,16341,8812,10645,2834,5425,144437,131810,19767,18360,27858,26966,8466,8,8
2021-08-11T23:59:59+02:00,1301,1157,8817,8359,10094,9428,12651,13104,16777,17205,20098,20167,16110,16803,8993,10919,2904,5572,6910,6644,9000,8307,11530,11918,15691,16135,19215,19291,15675,16338,8811,10645,2834,5423,144387,131748,19763,18354,27858,26952,8449,8,8
2021-08-10T23:59:59+02:00,1300,1157,8815,8358,10090,9423,12648,13099,16775,17204,20097,20162,16108,16801,8993,10918,2904,5572,6866,6599,8967,8292,11511,11898,15665,16124,19208,19281,15673,16336,8811,10643,2834,5423,144360,131505,19763,18350,27858,26945,8441,8,8
2021-08-09T23:59:59+02:00,1300,1155,8809,8357,10086,9415,12646,13096,16768,17202,20091,20162,16106,16801,8992,10918,2904,5572,6847,6575,8946,8275,11498,11887,15649,16112,19202,19276,15670,16335,8809,10642,2834,5423,144334,131371,19763,18346,27856,26936,8425,8,8
2021-08-08T23:59:59+02:00,1300,1154,8806,8351,10084,9411,12637,13093,16763,17198,20089,20159,16104,16797,8991,10917,2903,5571,6844,6564,8930,8267,11481,11879,15642,16103,19200,19271,15667,16331,8808,10641,2833,5422,144322,131322,19762,18338,27856,26932,8386,8,8
2021-08-07T23:59:59+02:00,1300,1146,8797,8344,10073,9404,12634,13086,16756,17194,20083,20154,16100,16792,8989,10916,2902,5571,6192,5993,8659,8044,11209,11649,15443,15929,19115,19195,15647,16307,8801,10634,2830,5421,144272,128232,19761,18326,27856,26931,8350,8,8
2021-08-06T23:59:59+02:00,1294,1145,8788,8332,10059,9392,12614,13067,16738,17182,20066,20142,16093,16784,8989,10913,2902,5570,6179,5979,8644,8029,11185,11628,15421,15912,19098,19183,15640,16300,8801,10631,2830,5420,144234,128179,19758,18320,27856,26929,8220,8,8
2021-08-05T23:59:59+02:00,1291,1143,8781,8325,10050,9383,12600,13059,16732,17179,20058,20138,16092,16784,8989,10912,2902,5570,5895,5742,8295,7733,10819,11351,15097,15673,18848,19015,15620,16276,8791,10624,2829,5419,144185,128084,19754,15613,27852,26896,8195,8,8
2021-08-04T23:59:59+02:00,1290,1140,8775,8321,10045,9381,12594,13055,16727,17177,20056,20135,16091,16784,8988,10911,2902,5569,5881,5734,8266,7723,10799,11339,15080,15667,18843,19010,15618,16273,8790,10624,2829,5419,144153,127985,19753,15605,27851,26880,8182,8,8
2021-08-03T23:59:59+02:00,1283,1137,8771,8311,10040,9376,12589,13052,16722,17175,20051,20133,16089,16784,8987,10909,2902,5568,5769,5620,8173,7653,10682,11262,15031,15614,18814,18995,15614,16271,8789,10622,2827,5418,144108,127259,19751,15597,27851,26851,8167,8,8
2021-08-02T23:59:59+02:00,1277,1131,8758,8303,10033,9369,12584,13046,16717,17165,20044,20129,16087,16781,8985,10906,2901,5567,5598,5460,8044,7546,10558,11147,14959,15531,18782,18970,15606,16262,8783,10622,2827,5418,144027,126193,19745,15592,27850,26820,8159,8,8
2021-08-01T23:59:59+02:00,1275,1130,8751,8296,10026,9362,12578,13044,16712,17163,20039,20127,16087,16781,8984,10904,2901,5567,5538,5403,7993,7497,10495,11095,14923,15506,18769,18952,15603,16259,8781,10619,2827,5416,143983,125754,19743,15588,27849,26799,8150,8,8
2021-07-31T23:59:59+02:00,1275,1130,8750,8293,10026,9361,12576,13044,16711,17163,20038,20125,16087,16781,8984,10904,2901,5567,5512,5382,7977,7484,10478,11081,14910,15500,18765,18949,15602,16258,8781,10619,2827,5416,143981,125623,19742,15584,27849,26798,8142,8,8
2021-07-30T23:59:59+02:00,1143,1009,8522,8064,9932,9243,12496,12960,16631,17091,19978,20058,16055,16742,8978,10887,2900,5564,5218,5107,7839,7341,10290,10888,14774,15334,18697,18892,15578,16230,8768,10606,2823,5412,142526,123791,19740,15576,27849,26781,8136,8,8
2021-07-29T23:59:59+02:00,1136,1001,8391,7974,9773,9145,12342,12859,16482,16996,19814,19948,15969,16673,8953,10868,2899,5557,4923,4873,7561,7148,10009,10687,14527,15160,18502,18774,15492,16155,8741,10585,2822,5402,142405,122690,19737,15535,27849,26756,6787,8,8
2021-07-28T23:59:59+02:00,1125,987,8362,7937,9759,9129,12320,12845,16465,16973,19795,19938,15962,16660,8946,10864,2899,5555,4501,4443,7243,6897,9691,10387,14291,14978,18446,18733,15477,16144,8735,10574,2822,5392,142163,120040,19735,15481,27847,26693,6774,8,8
2021-07-27T23:59:59+02:00,1115,979,8339,7922,9746,9122,12308,12836,16457,16967,19788,19925,15960,16654,8944,10861,2898,5553,4267,4197,7011,6698,9444,10108,14131,14817,18395,18666,15428,16098,8718,10558,2819,5385,142024,118019,19733,15478,27847,26668,6768,8,8
2021-07-26T23:59:59+02:00,1111,976,8326,7910,9739,9117,12302,12830,16450,16959,19781,19924,15957,16649,8942,10857,2897,5548,4161,4089,6908,6587,9318,9986,14048,14734,18348,18632,15417,16087,8708,10550,2816,5383,141945,117116,19730,15468,27836,26610,6762,8,8
2021-07-25T23:59:59+02:00,1110,975,8317,7907,9726,9113,12292,12827,16445,16952,19778,19923,15955,16649,8942,10857,2897,5548,4110,4039,6831,6538,9246,9930,14012,14702,18324,18618,15399,16074,8701,10544,2816,5381,141919,116675,19726,15452,27835,26588,6730,8,8
2021-07-24T23:59:59+02:00,1108,972,8231,7845,9653,9033,12225,12750,16377,16899,19737,19884,15935,16635,8939,10847,2897,5547,4067,3997,6774,6488,9168,9873,13947,14636,18292,18592,15387,16063,8693,10540,2816,5381,141900,116421,19068,15170,27835,26586,6708,8,8
2021-07-23T23:59:59+02:00,1082,947,8119,7756,9615,8998,12191,12721,16332,16864,19708,19865,15929,16629,8935,10843,2897,5547,3776,3712,6517,6283,8884,9587,13711,14458,18212,18531,15345,16020,8675,10521,2814,5375,141406,114172,19068,15146,27835,26580,6666,8,8
2021-07-22T23:59:59+02:00,989,860,7903,7526,9511,8909,12073,12625,16241,16780,19633,19780,15883,16589,8926,10828,2896,5541,3651,3585,6363,6190,8730,9458,13547,14315,18137,18463,15324,15994,8667,10511,2814,5374,139944,113020,19066,15074,27828,26485,6652,8,8
2021-07-21T23:59:59+02:00,969,846,7871,7486,9495,8898,12051,12602,16217,16764,19609,19759,15872,16582,8926,10823,2896,5541,3346,3319,6016,5931,8335,9075,13280,14079,17995,18338,15232,15913,8635,10481,2811,5362,139688,110211,19064,15002,27823,26388,6629,8,8
2021-07-20T23:59:59+02:00,968,845,7863,7481,9488,8895,12046,12600,16209,16763,19604,19754,15871,16581,8926,10822,2896,5541,3273,3268,5956,5875,8277,9016,13196,14035,17963,18323,15232,15913,8635,10479,2811,5362,139650,109825,19063,14987,27820,26256,6617,8,8
2021-07-19T23:59:59+02:00,967,845,7856,7479,9485,8887,12041,12598,16204,16756,19601,19754,15869,16578,8926,10820,2896,5540,3221,3233,5905,5833,8216,8971,13139,14008,17917,18310,15232,15910,8635,10477,2811,5361,139613,109544,19062,14970,27820,26129,6604,8,8
2021-07-18T23:59:59+02:00,966,844,7845,7470,9480,8882,12032,12593,16199,16750,19599,19752,15868,16576,8926,10820,2896,5540,3201,3215,5866,5802,8181,8942,13100,13992,17902,18306,15232,15909,8635,10477,2811,5360,139566,109356,19061,14936,27818,26116,6590,8,8
2021-07-17T23:59:59+02:00,851,725,7523,7180,9328,8711,11857,12431,16070,16611,19502,19657,15847,16555,8918,10807,2896,5537,3100,3107,5755,5710,8048,8782,12959,13864,17807,18228,15222,15891,8632,10470,2811,5360,137554,108174,19060,14931,27818,26112,6574,5,8
2021-07-16T23:59:59+02:00,695,574,7132,6853,9147,8553,11665,12222,15868,16435,19360,19532,15817,16519,8908,10793,2895,5535,3038,3046,5679,5647,7935,8675,12839,13728,17728,18153,15200,15875,8628,10468,2810,5360,135088,107275,19060,14926,27817,26105,6538,5,8
2021-07-15T23:59:59+02:00,693,574,7118,6845,9144,8551,11653,12218,15858,16428,19356,19526,15815,16516,8904,10791,2894,5526,2999,3011,5613,5604,7845,8625,12764,13687,17698,18128,15177,15858,8620,10461,2809,5351,135048,107043,19058,14772,27812,25978,6491,5,8
2021-07-14T23:59:59+02:00,691,573,7109,6836,9139,8549,11649,12213,15852,16425,19351,19521,15813,16513,8901,10788,2894,5522,2976,2998,5572,5572,7809,8604,12731,13671,17680,18117,15170,15855,8617,10457,2809,5347,135015,106890,19057,14738,27812,25937,6454,5,8
2021-07-13T23:59:59+02:00,686,571,7084,6819,9126,8532,11640,12198,15841,16406,19341,19515,15804,16509,8897,10778,2889,5514,2919,2947,5507,5506,7649,8469,12477,13453,17524,17989,15151,15844,8605,10444,2804,5336,134889,105674,19057,14685,27809,25902,6394,5,8
2021-07-12T23:59:59+02:00,680,563,7070,6804,9115,8521,11630,12188,15836,16393,19329,19511,15802,16505,8895,10778,2889,5511,2863,2893,5424,5431,7501,8354,12230,13240,17343,17842,15141,15839,8601,10437,2803,5336,134773,104436,19055,14632,27805,25852,6386,5,8
2021-07-11T23:59:59+02:00,679,562,7061,6802,9105,8513,11623,12180,15826,16390,19324,19506,15802,16502,8894,10776,2889,5511,2832,2858,5347,5358,7403,8267,12063,13083,17217,17709,15133,15828,8600,10434,2803,5336,134729,103547,19051,14583,27805,25809,6359,5,8
2021-07-10T23:59:59+02:00,505,404,6498,6251,8880,8327,11380,11988,15669,16257,19269,19457,15794,16492,8890,10771,2888,5510,2803,2824,5295,5312,7320,8187,11960,12983,17139,17642,15118,15812,8597,10423,2800,5334,132034,102849,19051,14581,27805,25801,6339,5,8
2021-07-09T23:59:59+02:00,494,397,6439,6223,8853,8290,11340,11960,15642,16244,19256,19441,15793,16489,8890,10768,2888,5510,2746,2757,5213,5243,7141,8010,11548,12684,16841,17435,15097,15784,8590,10418,2798,5332,131942,101821,18841,13720,27804,25786,6329,5,8
2021-07-08T23:59:59+02:00,488,395,6123,5964,8481,8002,10958,11653,15305,15996,18997,19268,15771,16465,8881,10761,2885,5509,2685,2706,5131,5167,7001,7919,11347,12542,16689,17311,15090,15776,8590,10416,2798,5331,131855,100957,15949,13550,27799,25711,6298,5,8
2021-07-07T23:59:59+02:00,486,391,6108,5952,8457,7987,10943,11636,15294,15986,18996,19263,15769,16461,8880,10759,2885,5507,2636,2654,5040,5108,6862,7825,11112,12360,16525,17177,15082,15769,8585,10410,2798,5331,131747,99934,15940,13424,27797,25662,6271,5,8
2021-07-06T23:59:59+02:00,459,371,6007,5859,8383,7921,10870,11567,15261,15946,18973,19247,15761,16451,8877,10757,2882,5505,2568,2584,4907,4993,6679,7692,10723,11948,16153,16801,15056,15736,8577,10403,2797,5327,131129,97776,15932,13342,27792,25601,6239,5,8
2021-07-05T23:59:59+02:00,418,337,5829,5688,8265,7828,10756,11453,15202,15876,18941,19216,15755,16443,8873,10752,2879,5504,2515,2508,4808,4895,6546,7557,10371,11629,15879,16495,15026,15706,8569,10388,2797,5322,130080,95980,15928,13278,27789,25548,6213,5,8
2021-07-04T23:59:59+02:00,398,307,5755,5608,8208,7771,10689,11395,15172,15845,18927,19197,15748,16439,8872,10750,2879,5502,2496,2478,4746,4848,6485,7507,10234,11520,15778,16423,15021,15699,8567,10387,2796,5322,129574,95416,15921,13210,27784,25510,6178,5,8
2021-07-03T23:59:59+02:00,392,305,5736,5598,8198,7762,10677,11391,15165,15839,18924,19194,15748,16439,8872,10750,2879,5502,2461,2446,4650,4820,6378,7481,10176,11474,15673,16337,14341,14992,8548,10362,2796,5322,129502,95301,15919,13208,27784,23593,6161,5,8
2021-07-02T23:59:59+02:00,346,266,5547,5449,8126,7690,10579,11294,15100,15782,18905,19187,15744,16435,8867,10748,2877,5499,2414,2398,4494,4742,6194,7407,10022,11317,15483,16134,13550,14073,8540,10347,2796,5321,128588,94738,15917,13164,27783,21188,6148,5,8
2021-07-01T23:59:59+02:00,284,211,5330,5266,7997,7578,10439,11168,14972,15687,18861,19162,15737,16428,8862,10742,2877,5498,2297,2278,4318,4569,5957,7153,9241,10632,14854,15664,13525,14044,8535,10342,2792,5319,127296,91241,15905,13068,27782,21104,6111,5,8
2021-06-30T23:59:59+02:00,154,121,4848,4793,7656,7301,10086,10830,14745,15510,18804,19118,15726,16417,8858,10734,2877,5495,2261,2231,4233,4497,5846,7056,9070,10508,14764,15586,13511,14036,8532,10339,2792,5317,124310,90640,15899,12895,27782,20971,6077,5,8
2021-06-29T23:59:59+02:00,117,99,4564,4513,7404,7084,9796,10530,14546,15320,18741,19057,15674,16367,8838,10719,2876,5490,2194,2151,4090,4361,5639,6875,8844,10279,14469,15361,13464,13988,8519,10315,2790,5304,122239,89188,15895,12742,27780,20899,5816,5,8
2021-06-28T23:59:59+02:00,101,78,4429,4370,7299,6974,9674,10405,14454,15213,18696,19014,15658,16351,8824,10708,2873,5488,2107,2024,3909,4155,5358,6533,8460,9769,13936,14825,13345,13899,8500,10291,2787,5290,121226,85979,15884,12661,27777,20832,5717,5,6
2021-06-27T23:59:59+02:00,96,76,4375,4323,7240,6919,9612,10350,14421,15179,18676,18997,15641,16339,8817,10701,2872,5483,2053,1990,3845,4111,5244,6419,8291,9640,13760,14712,13319,13880,8491,10282,2784,5288,120860,85190,15880,12626,27774,20695,5598,5,6
2021-06-26T23:59:59+02:00,83,74,4331,4293,7209,6891,9594,10329,14401,15163,18663,18984,15637,16333,8817,10701,2872,5483,1977,1897,3656,3953,5029,6161,7928,9185,13409,14416,13239,13822,8471,10254,2779,5279,120617,82552,15874,12626,27774,20689,5588,5,6
2021-06-25T23:59:59+02:00,70,61,4020,3967,6946,6654,9301,10036,14178,14974,18580,18927,15591,16288,8798,10682,2870,5477,1912,1813,3490,3831,4835,5930,7603,8770,13098,14081,13189,13766,8458,10229,2773,5273,118218,80196,15847,12595,27774,20684,5576,5,6
2021-06-24T23:59:59+02:00,63,54,3927,3877,6848,6569,9201,9946,14078,14889,18552,18894,15576,16271,8792,10675,2870,5476,1845,1739,3376,3734,4636,5788,7383,8571,12849,13880,12356,12835,8278,9966,2773,5272,117487,78979,15838,12489,27770,18355,5458,5,6
2021-06-23T23:59:59+02:00,49,49,3522,3504,6394,6222,8669,9439,13742,14586,18416,18758,15472,16179,8749,10639,2867,5462,1707,1567,3125,3530,4217,5459,6434,7860,12106,13182,12333,12823,8268,9959,2773,5268,114551,78345,15591,9158,27769,18306,4802,5,6
2021-06-22T23:59:59+02:00,40,41,3449,3431,6315,6163,8566,9361,13691,14538,18383,18741,15461,16172,8748,10634,2867,5459,1666,1514,3021,3427,4073,5309,6180,7676,11495,12472,12243,12729,8250,9926,2769,5260,113922,76006,15585,9076,27767,18147,4781,5,6
2021-06-21T23:59:59+02:00,34,38,3379,3370,6223,6104,8506,9290,13630,14492,18350,18721,15459,16171,8747,10633,2867,5458,1630,1463,2930,3330,3947,5159,5984,7450,10737,11553,11856,12273,7173,8698,2763,5253,113402,73352,15578,8975,27765,15149,4722,5,6
2021-06-20T23:59:59+02:00,34,37,3354,3348,6175,6073,8462,9258,13602,14475,18339,18717,15458,16171,8747,10633,2867,5458,1612,1446,2893,3302,3896,5121,5932,7426,10649,11477,11836,12254,7170,8691,2762,5253,113225,73035,15561,8898,27765,15133,4652,5,6
2021-06-19T23:59:59+02:00,32,35,3327,3324,6146,6050,8432,9239,13578,14469,18333,18712,15458,16170,8747,10633,2867,5458,1608,1434,2888,3293,3888,5116,5917,7421,10638,11470,11836,12254,7170,8690,2762,5253,113033,72955,15555,8898,27765,15131,4652,5,6
2021-06-18T23:59:59+02:00,28,30,3285,3281,6072,6010,8363,9184,13532,14437,18310,18701,15457,16168,8746,10632,2867,5458,1533,1340,2751,3117,3705,4840,5520,7048,9145,9901,11669,12086,7129,8640,2750,5235,112649,67775,15527,8897,27765,15120,4615,5,6
2021-06-17T23:59:59+02:00,26,26,3221,3229,6004,5970,8288,9129,13460,14392,18286,18690,15455,16163,8744,10629,2867,5455,1404,1247,2562,2902,3442,4548,5159,6652,8473,9170,11385,11843,7088,8583,2746,5232,112272,64061,15498,8782,27760,15092,4499,5,6
2021-06-16T23:59:59+02:00,26,23,3168,3168,5892,5902,8168,9036,13332,14306,18220,18654,15449,16154,8744,10626,2867,5455,1307,1191,2421,2794,3259,4388,4874,6379,7396,7879,11294,11735,7057,8545,2733,5214,111633,60296,15423,8736,27756,15059,4373,5,6
2021-06-15T23:59:59+02:00,21,22,3072,3082,5774,5813,7983,8857,13069,14087,18071,18527,15434,16142,8736,10620,2867,5453,1270,1158,2348,2739,3155,4313,4671,6254,7084,7628,10799,11176,7023,8511,2725,5201,110212,58051,15395,8704,27746,15027,4272,5,5
2021-06-14T23:59:59+02:00,20,20,2998,3012,5693,5755,7840,8738,12780,13849,17883,18351,15418,16128,8729,10615,2866,5452,1243,1130,2282,2683,3030,4217,4471,6115,6741,7323,10273,10565,6992,8474,2721,5191,108819,55680,15386,8597,27742,14979,4195,5,4
2021-06-13T23:59:59+02:00,20,20,2980,2982,5627,5717,7777,8672,12640,13715,17777,18229,15412,16119,8728,10612,2865,5452,1232,1117,2253,2667,2993,4206,4425,6096,6708,7306,10268,10559,6992,8473,2721,5191,108082,55538,15375,8589,27738,14936,4144,5,4
2021-06-12T23:59:59+02:00,18,20,2951,2964,5599,5692,7746,8653,12621,13696,17769,18226,15411,16117,8728,10612,2865,5452,1176,1055,2164,2591,2899,4070,4283,5964,6598,7221,10186,10481,6396,7747,2721,5191,107883,55423,15372,8589,27738,12589,4142,5,4
2021-06-11T23:59:59+02:00,18,17,2875,2890,5530,5628,7565,8467,12211,13390,17487,18021,15395,16092,8722,10604,2862,5450,1152,1038,2109,2550,2834,4021,4198,5902,6487,7130,10083,10368,6382,7740,2719,5185,106871,54897,14480,8320,27737,12550,4131,5,4
2021-06-10T23:59:59+02:00,14,15,2821,2849,5430,5575,7433,8386,12024,13251,17349,17903,15390,16088,8722,10603,2861,5449,1111,1013,2034,2484,2733,3943,4028,5772,6242,6917,9832,10100,6362,7712,2713,5179,105950,53332,14407,8316,27732,12458,4069,5,4
2021-06-09T23:59:59+02:00,13,14,2743,2780,5308,5480,7213,8216,11745,13010,17163,17754,15379,16074,8718,10594,2861,5446,1054,948,1903,2366,2530,3760,3702,5489,5619,6405,9009,9197,6305,7636,2700,5144,104744,49321,14255,8298,27723,12364,3784,5,4
2021-06-08T23:59:59+02:00,10,10,2645,2678,5173,5352,7016,8031,11315,12583,16786,17365,15360,16047,8707,10587,2860,5441,1017,919,1833,2301,2424,3686,3562,5423,5467,6273,8975,9178,6303,7624,2698,5140,102540,48808,14228,8247,27721,12296,3472,5,4
2021-06-07T23:59:59+02:00,8,9,2518,2580,4982,5221,6809,7866,10837,12222,16443,17069,15335,16019,8701,10570,2859,5437,948,882,1705,2245,2283,3602,3307,5333,5112,5988,8425,8553,6250,7565,2694,5131,100604,46590,14185,8231,27712,12223,2979,5,4
2021-06-06T23:59:59+02:00,8,7,2481,2555,4921,5164,6723,7809,10698,12111,16352,17004,15332,16015,8701,10570,2857,5436,932,872,1677,2225,2239,3574,3236,5308,5064,5964,8420,8552,6245,7557,2694,5130,100013,46429,14134,8221,27705,12152,2887,5,4
2021-06-05T23:59:59+02:00,7,6,2467,2533,4893,5139,6686,7779,10668,12084,16343,16997,15332,16015,8701,10570,2857,5436,916,857,1644,2196,2199,3518,3133,5226,4711,5635,7825,7847,6217,7503,2693,5128,99788,44042,14134,8215,27703,12108,2883,5,4
2021-06-04T23:59:59+02:00,6,5,2436,2504,4848,5095,6639,7726,10579,11979,16291,16933,15328,16008,8701,10569,2856,5435,904,839,1621,2176,2157,3481,3081,5167,4547,5446,7524,7479,6181,7461,2691,5122,99258,42755,14127,8213,27703,12064,2845,5,4
2021-06-03T23:59:59+02:00,6,5,2333,2376,4697,4921,6430,7478,9877,11345,15701,16483,15317,15998,8698,10563,2855,5434,887,809,1581,2117,2108,3401,2991,5057,4401,5279,7365,7290,6169,7434,2691,5118,95918,41707,14088,8203,27698,11980,2808,5,4
2021-06-02T23:59:59+02:00,6,5,2316,2351,4652,4888,6375,7441,9777,11257,15641,16430,15309,15994,8697,10559,2855,5433,875,797,1562,2093,2055,3364,2905,4971,4040,4890,6808,6651,6125,7378,2687,5107,95393,39368,14086,8198,27698,11937,2804,5,4
2021-06-01T23:59:59+02:00,6,4,2253,2311,4530,4795,6210,7324,9588,11109,15533,16353,15306,15990,8693,10555,2854,5428,841,770,1497,2044,1939,3301,2751,4878,3836,4762,6598,6419,6102,7359,2681,5098,94518,38279,14036,8176,27686,11822,2597,5,4
2021-05-31T23:59:59+02:00,2,4,2203,2252,4432,4703,6066,7199,9402,10960,15448,16297,15298,15983,8690,10555,2854,5428,818,736,1440,1985,1867,3252,2576,4822,3705,4708,6241,6005,6079,7338,2678,5090,93796,37099,13949,8169,27676,11720,2350,5,4
2021-05-30T23:59:59+02:00,2,4,2178,2231,4376,4642,5972,7139,9327,10898,15411,16277,15297,15980,8690,10555,2854,5428,806,725,1417,1962,1818,3226,2443,4787,3600,4690,6239,6003,6079,7338,2678,5090,93345,36782,13910,8147,27666,11635,2335,5,4
2021-05-29T23:59:59+02:00,2,4,2162,2216,4356,4630,5955,7122,9314,10885,15406,16274,15296,15980,8690,10555,2854,5428,788,673,1324,1703,1684,2864,2243,4239,3321,4260,6149,5909,5967,7206,2677,5090,93216,36729,13907,8141,27666,8890,2335,5,4
2021-05-28T23:59:59+02:00,2,4,2141,2193,4317,4584,5910,7077,9236,10815,15338,16222,15292,15978,8690,10555,2854,5427,769,583,1246,1450,1586,2461,2065,3550,3057,3665,5510,5168,5885,7115,2673,5077,92738,35428,13894,8141,27664,5955,2334,5,4
2021-05-27T23:59:59+02:00,2,4,2099,2155,4230,4517,5787,7003,9080,10715,15240,16138,15291,15977,8690,10555,2854,5427,739,549,1214,1367,1544,2323,1995,3408,2944,3546,5074,4687,5852,7076,2662,5048,92055,34304,13744,8132,27641,5271,2319,5,4
2021-05-26T23:59:59+02:00,2,4,2031,2036,4035,4372,5446,6738,8109,9971,14477,15436,15279,15971,8686,10549,2852,5424,728,534,1188,1306,1497,2264,1937,3293,2792,3402,3766,3305,5793,7003,2639,4990,91278,31023,10217,8115,27625,5004,2293,5,4
2021-05-25T23:59:59+02:00,2,4,1994,1999,3956,4305,5351,6672,7974,9864,14099,15000,15231,15934,8679,10534,2850,5420,723,527,1161,1271,1477,2239,1917,3265,2766,3376,3760,3295,5786,7000,2637,4989,89933,30934,10068,8105,27609,4895,2253,5,4
2021-05-24T23:59:59+02:00,2,4,1968,1955,3869,4229,5245,6590,7849,9740,13589,14385,15180,15867,8672,10521,2849,5415,717,519,1142,1259,1445,2224,1895,3246,2740,3354,3743,3277,5764,6976,2628,4973,88145,30800,9989,8054,27598,4855,2192,5,3
2021-05-23T23:59:59+02:00,2,4,1959,1943,3850,4207,5227,6577,7797,9709,13513,14322,15169,15863,8670,10520,2848,5415,710,509,1131,1246,1420,2200,1837,3210,2632,3256,3331,2844,5120,6166,2613,4928,87912,30626,9888,5500,27598,4834,2192,5,3
2021-05-22T23:59:59+02:00,2,4,1792,1900,3548,4158,4828,6534,7540,9652,13389,14244,15163,15862,8670,10519,2848,5415,548,477,838,1205,1046,2165,1597,3157,2519,3182,3328,2842,5120,6165,2613,4928,87761,30614,9888,5499,27596,4798,818,5,3
2021-05-21T23:59:59+02:00,2,3,1707,1792,3391,3966,4638,6239,7143,9287,12100,12914,15012,15714,8634,10472,2839,5404,544,465,828,1203,1044,2157,1562,3127,2441,3106,3153,2705,5094,6122,2610,4913,82998,29979,9848,5498,27590,4779,816,5,3
2021-05-20T23:59:59+02:00,2,3,1669,1758,3296,3916,4531,6156,6967,9204,11889,12685,14991,15696,8630,10465,2838,5403,523,450,786,1157,987,2093,1441,3055,2315,3009,2964,2534,5053,6046,2602,4898,82156,29231,9745,5483,27535,4538,659,4,3
2021-05-19T23:59:59+02:00,2,3,1648,1732,3238,3860,4436,6089,6850,9139,11656,12424,14980,15685,8627,10464,2838,5402,514,438,770,1120,970,2024,1331,2907,1989,2715,2401,2039,4948,5928,2580,4851,81335,27165,9606,5468,27508,4270,620,4,3
2021-05-18T23:59:59+02:00,2,3,1587,1699,3149,3770,4323,5985,6690,8980,11364,12167,14935,15637,8615,10441,2836,5392,511,426,754,1104,952,2007,1248,2842,1709,2492,1959,1695,4875,5845,2559,4808,80233,25625,9404,5458,27439,4206,495,4,3
2021-05-17T23:59:59+02:00,2,3,1538,1618,3019,3612,4119,5706,6342,8521,10814,11618,14826,15544,8596,10416,2831,5381,509,418,748,1097,933,2002,1224,2818,1682,2455,1943,1675,4868,5838,2556,4806,77334,25561,9367,5444,27415,4179,386,4,3
2021-05-16T23:59:59+02:00,2,3,1519,1596,2966,3571,4024,5619,6193,8385,10638,11484,14800,15522,8588,10408,2830,5379,502,412,726,1082,903,1986,1195,2790,1649,2431,1936,1666,4865,5834,2553,4804,76588,25531,9308,5426,27385,4133,242,4,3
2021-05-15T23:59:59+02:00,2,3,1433,1498,2756,3405,3795,5341,5834,7913,10285,11189,14715,15460,8569,10379,2824,5370,502,410,722,1080,903,1982,1190,2789,1643,2426,1924,1654,4858,5828,2553,4802,73840,25469,9308,5426,27378,4128,241,4,3
2021-05-14T23:59:59+02:00,2,3,1399,1435,2645,3308,3643,5184,5635,7624,10065,10936,14680,15422,8556,10356,2821,5366,453,369,651,914,830,1696,1062,2379,1461,2101,1890,1614,4855,5820,2552,4798,72195,25406,9289,5424,27355,2376,237,4,3
2021-05-13T23:59:59+02:00,2,3,1342,1367,2543,3224,3474,5047,5415,7418,9838,10757,14654,15393,8546,10353,2819,5363,446,357,624,886,728,1589,962,2294,1197,1887,1172,1033,4634,5585,2544,4765,71032,25286,8975,2881,27325,2312,222,4,3
2021-05-12T23:59:59+02:00,2,3,1335,1357,2526,3218,3456,5033,5394,7405,9823,10746,14652,15389,8544,10351,2818,5363,446,356,623,885,724,1588,957,2294,1193,1881,1153,1024,4621,5547,2510,4696,70916,25085,8951,2881,27323,2309,221,4,3
2021-05-11T23:59:59+02:00,2,2,1293,1315,2453,3136,3342,4906,5198,7258,9536,10438,14604,15331,8532,10331,2814,5354,440,343,605,871,701,1571,929,2270,1167,1855,1098,988,4558,5449,2467,4572,69576,24593,8828,2863,27238,2227,199,4,3
2021-05-10T23:59:59+02:00,2,2,1271,1288,2389,3059,3215,4780,5066,7101,9212,10058,14558,15292,8523,10312,2809,5352,439,341,592,862,687,1556,917,2255,1150,1841,1062,954,4496,5373,2426,4454,68219,24177,8706,2860,27169,2175,191,4,3
2021-05-09T23:59:59+02:00,2,2,1256,1271,2347,3044,3136,4744,5002,7068,9146,10013,14545,15277,8521,10307,2809,5350,431,339,578,857,664,1536,895,2235,1138,1827,1043,938,4483,5335,2410,4411,67980,24014,8630,2858,27121,2141,105,4,3
2021-05-08T23:59:59+02:00,1,2,1254,1267,2333,3032,3118,4733,4962,7053,9122,10005,14544,15277,8521,10306,2809,5350,431,339,577,857,663,1536,895,2234,1137,1826,1043,938,4482,5335,2410,4411,67837,24012,8624,2855,27119,2140,105,4,3
2021-05-07T23:59:59+02:00,1,2,1234,1246,2293,2991,3066,4685,4863,6961,8897,9758,14527,15254,8515,10300,2806,5346,382,313,545,789,626,1374,825,2027,1047,1637,1013,909,4461,5313,2408,4406,66926,23907,8617,2851,27093,1210,105,4,3
2021-05-06T23:59:59+02:00,1,2,1087,1155,2065,2747,2767,4377,4493,6561,8310,9154,14249,15018,8475,10244,2803,5345,381,309,532,770,609,1342,806,1992,1014,1609,986,877,4451,5299,2406,4402,63305,23777,8489,2800,26957,1108,98,4,3
2021-05-05T23:59:59+02:00,1,1,1022,1103,1954,2634,2607,4204,4197,6282,7293,7968,14163,14919,8440,10203,2790,5325,378,306,524,760,594,1332,772,1978,988,1589,913,814,4410,5227,2398,4386,59776,23455,8443,2779,26833,1083,50,4,3
2021-05-04T23:59:59+02:00,1,1,1000,1083,1902,2595,2505,4136,3977,6168,7012,7750,13657,14352,8409,10170,2785,5316,375,305,519,756,582,1327,755,1959,972,1582,895,790,4389,5211,2395,4377,57717,23320,8384,2764,26672,1061,42,4,3
2021-05-03T23:59:59+02:00,1,1,968,1046,1840,2542,2399,4025,3776,6050,6652,7448,13121,13726,8372,10132,2778,5301,369,304,517,750,571,1320,746,1948,958,1569,869,766,4371,5193,2389,4364,55286,23208,8358,2753,26529,1040,1,4,3
2021-05-02T23:59:59+02:00,1,1,963,1045,1821,2536,2370,4016,3731,6040,6616,7439,13120,13725,8372,10131,2778,5301,369,304,514,750,570,1318,741,1948,957,1565,867,762,4369,5189,2389,4364,55147,23189,8352,2751,26502,1033,1,4,3
2021-05-01T23:59:59+02:00,1,1,963,1043,1813,2532,2358,4008,3718,6032,6602,7430,13119,13722,8372,10131,2778,5301,369,304,514,750,570,1318,740,1947,955,1565,867,762,4369,5189,2389,4364,55069,23189,8350,2747,26500,1033,1,4,3
2021-04-30T23:59:59+02:00,0,1,947,1038,1793,2516,2337,3973,3681,5999,6523,7376,13024,13618,8371,10126,2775,5289,319,249,473,674,541,1138,709,1724,921,1361,856,744,4365,5186,2389,4364,54571,23175,8349,2742,26462,93,1,4,3
2021-04-29T23:59:59+02:00,0,1,893,1013,1737,2466,2273,3914,3533,5875,6285,7153,12763,13344,8349,10097,2771,5282,312,247,463,667,538,1130,702,1713,910,1351,848,729,4356,5178,2389,4362,52974,23085,8333,2736,26437,71,1,4,3
2021-04-28T23:59:59+02:00,0,1,832,979,1657,2403,2129,3803,3249,5622,5681,6645,11926,12425,8290,10008,2747,5245,311,244,461,660,530,1117,691,1692,900,1344,833,713,4337,5151,2387,4362,48914,22962,8326,2717,26397,51,1,4,3
2021-04-27T23:59:59+02:00,0,1,823,974,1639,2382,2084,3784,3178,5597,5553,6521,11897,12408,8288,10006,2747,5243,310,242,455,658,522,1111,682,1680,890,1338,822,701,4333,5145,2386,4356,48433,22884,8321,2701,26366,43,1,4,3
2021-04-26T23:59:59+02:00,0,1,813,962,1613,2364,2024,3743,3000,5519,5221,6235,11332,11763,8233,9941,2742,5233,308,241,454,657,517,1105,671,1674,881,1327,812,692,4328,5140,2386,4352,46100,22833,8312,2672,26323,38,1,3,2
2021-04-25T23:59:59+02:00,0,1,803,960,1596,2358,1986,3726,2874,5496,5127,6230,11328,11759,8229,9935,2741,5232,307,240,454,657,517,1098,671,1672,878,1325,812,691,4328,5140,2386,4352,45771,22827,8306,2668,26300,31,1,3,2
2021-04-24T23:59:59+02:00,0,1,789,950,1574,2338,1946,3681,2777,5427,4784,5906,10715,11034,8198,9876,2740,5230,307,240,454,657,517,1097,670,1670,877,1325,807,687,4318,5124,2384,4351,43363,22790,8305,2663,26294,30,1,3,2
2021-04-23T23:59:59+02:00,0,1,784,942,1561,2328,1916,3654,2738,5374,4623,5720,10406,10652,8158,9834,2737,5221,307,239,454,657,517,1096,669,1670,875,1325,807,686,4315,5121,2384,4351,42062,22779,8304,2662,26279,30,1,3,2
2021-04-22T23:59:59+02:00,0,1,767,928,1533,2285,1866,3585,2651,5283,4470,5566,10262,10458,8144,9803,2735,5213,307,238,452,646,515,1090,663,1662,869,1316,801,682,4312,5119,2384,4349,41061,22743,8276,2638,26209,22,1,3,2
2021-04-21T23:59:59+02:00,0,1,756,916,1508,2273,1814,3540,2546,5195,4085,5146,9665,9774,8095,9739,2731,5202,305,238,450,645,515,1089,659,1659,864,1311,788,670,4302,5105,2384,4345,38542,22693,8260,2614,26180,20,1,3,2
2021-04-20T23:59:59+02:00,0,1,749,904,1487,2246,1783,3509,2496,5137,3948,5051,9468,9554,8078,9729,2727,5199,305,237,450,644,514,1087,658,1655,861,1305,782,665,4298,5100,2384,4345,37707,22661,8248,2608,26107,20,1,3,1
2021-04-19T23:59:59+02:00,0,1,742,895,1479,2238,1764,3491,2464,5110,3883,4992,9097,9137,8053,9704,2724,5193,305,235,449,639,512,1084,655,1652,857,1301,777,659,4289,5098,2384,4343,36677,22621,8236,2597,26050,20,1,3,1
2021-04-18T23:59:59+02:00,0,1,738,892,1474,2232,1746,3484,2445,5098,3875,4990,9087,9126,8053,9703,2724,5193,304,235,449,636,511,1080,653,1649,854,1301,776,657,4289,5096,2384,4343,36617,22613,8216,2583,26024,20,1,3,1
2021-04-17T23:59:59+02:00,0,1,721,886,1386,2222,1646,3472,2408,5068,3794,4911,8371,8404,8037,9690,2724,5193,304,235,447,634,510,1079,652,1649,853,1298,776,657,4288,5096,2384,4343,36609,22601,8216,2583,24105,20,1,3,1
2021-04-16T23:59:59+02:00,0,1,706,868,1257,2199,1494,3449,2322,5002,3632,4746,7031,6852,8002,9641,2711,5161,304,234,442,626,506,1075,642,1647,849,1288,766,651,4282,5082,2381,4341,35230,22524,8206,2579,21634,12,1,3,1
2021-04-15T23:59:59+02:00,0,1,685,858,1246,2186,1473,3431,2264,4965,3560,4694,6593,6353,7961,9576,2687,5086,297,228,428,615,489,1061,608,1620,814,1258,675,590,3784,4570,2357,4305,33905,22465,8151,1225,21559,8,1,3,1
2021-04-14T23:59:59+02:00,0,1,680,854,1228,2172,1441,3412,2219,4928,3428,4600,5253,4948,7910,9511,2665,5049,289,223,425,609,482,1058,601,1612,809,1255,660,574,3771,4560,2353,4300,30673,22377,8139,1196,21483,7,1,3,1
2021-04-13T23:59:59+02:00,0,1,677,854,1219,2167,1425,3410,2211,4917,3408,4585,5234,4931,7904,9508,2664,5047,289,222,423,607,479,1055,599,1608,798,1252,642,569,3769,4557,2353,4300,30592,22356,8118,1158,21448,7,1,3,1
2021-04-12T23:59:59+02:00,0,1,672,846,1206,2157,1409,3399,2176,4902,3377,4561,5209,4916,7891,9496,2661,5014,288,221,421,607,477,1049,597,1604,790,1244,637,566,3763,4556,2353,4300,30459,22328,8073,1137,21357,7,1,3,1
2021-04-11T23:59:59+02:00,0,1,664,842,1190,2145,1391,3384,2108,4877,3258,4477,4792,4476,7220,8673,2654,5009,288,221,419,607,475,1047,592,1601,786,1242,633,563,3759,4551,2353,4300,30429,22321,5463,1108,21265,7,1,3,1
2021-04-10T23:59:59+02:00,0,1,664,840,1189,2144,1389,3380,2106,4874,3255,4470,4748,4429,7216,8667,2654,5008,283,218,417,596,462,1031,565,1584,754,1217,561,493,3190,3931,2303,4205,30306,20694,5460,1108,21264,7,1,3,1
2021-04-09T23:59:59+02:00,0,1,660,839,1181,2141,1385,3375,2074,4852,3176,4389,4550,4263,7181,8618,2650,4992,273,211,407,582,443,1015,539,1565,733,1194,481,432,2533,3110,2254,4109,29616,18766,5456,1107,21251,7,1,3,1
2021-04-08T23:59:59+02:00,0,1,650,829,1164,2129,1368,3343,2012,4798,3026,4278,3497,3108,6942,8254,2639,4977,260,203,390,564,419,1001,517,1534,700,1172,459,405,2523,3101,2251,4106,28809,18537,5406,1060,18796,7,1,3,1
2021-04-07T23:59:59+02:00,0,1,643,823,1151,2120,1349,3330,1903,4718,2704,4028,2888,2579,6830,8130,2614,4924,246,196,363,540,381,967,474,1500,664,1144,431,381,2462,3037,2246,4098,26624,18083,5385,1041,18722,6,1,3,0
2021-04-06T23:59:59+02:00,0,1,633,814,1112,2113,1325,3312,1785,4667,2425,3860,2435,2230,6752,8039,2592,4886,222,183,329,513,356,948,437,1477,629,1113,396,339,2407,2962,2240,4088,25019,17610,5368,1023,18590,6,1,3,0
2021-04-05T23:59:59+02:00,0,1,630,812,1101,2108,1319,3309,1776,4657,2410,3843,2145,1886,5643,6738,2590,4885,222,183,328,509,350,942,433,1475,625,1109,393,336,2405,2956,2240,4086,24987,17600,5356,986,15507,6,1,2,0
2021-04-04T23:59:59+02:00,0,1,629,811,1101,2108,1319,3308,1776,4657,2408,3841,2144,1883,5643,6734,2590,4885,222,183,327,509,350,942,432,1475,625,1109,393,336,2404,2956,2240,4086,24978,17597,5356,986,15501,6,1,2,0
2021-04-03T23:59:59+02:00,0,1,629,811,1101,2107,1319,3308,1775,4655,2404,3841,2143,1880,5642,6734,2590,4885,222,183,327,509,350,942,432,1475,624,1109,393,336,2404,2956,2240,4086,24972,17596,5352,986,15498,6,1,2,0
2021-04-02T23:59:59+02:00,0,1,629,810,1101,2107,1315,3307,1772,4650,2403,3838,2135,1871,5630,6718,2586,4873,222,183,327,507,350,941,431,1474,623,1098,391,336,2404,2955,2240,4086,24903,17576,5347,986,15493,6,1,2,0
2021-04-01T23:59:59+02:00,0,1,625,799,1079,2088,1217,3212,1681,4581,2144,3630,1406,1282,5421,6506,2576,4843,218,182,327,506,349,940,430,1472,623,1097,388,334,2404,2955,2240,4082,24792,17564,2841,977,15455,6,1,2,0
2021-03-31T23:59:59+02:00,0,1,623,798,1075,2084,1212,3204,1670,4576,2126,3617,1378,1250,5394,6451,2535,4743,217,182,326,505,348,940,430,1471,622,1095,385,331,2400,2954,2238,4080,24466,17549,2827,969,15441,6,1,2,0
2021-03-30T23:59:59+02:00,0,1,621,791,1070,2080,1206,3199,1660,4562,2119,3602,1331,1204,5307,6320,2488,4588,217,181,326,504,345,936,425,1468,615,1084,370,320,2296,2801,2115,3853,23929,16924,2805,926,15413,6,1,1,0
2021-03-29T23:59:59+02:00,0,1,619,789,1067,2071,1196,3193,1653,4549,2106,3589,1294,1173,5243,6225,2434,4455,216,180,324,502,343,934,423,1463,610,1079,363,315,2070,2534,1888,3472,23482,15787,2778,923,15395,6,1,1,0
2021-03-28T23:59:59+02:00,0,1,619,786,1065,2065,1193,3186,1648,4538,2100,3584,1278,1164,5232,6203,2422,4422,214,180,323,499,334,930,420,1456,607,1067,356,303,2065,2520,1887,3469,23372,15759,2760,868,15372,3,1,1,0
2021-03-27T23:59:59+01:00,0,1,566,725,985,1997,1112,3067,1530,4413,1998,3502,1209,1094,4629,5469,2422,4422,212,179,323,499,334,930,416,1454,606,1064,355,303,2064,2519,1887,3469,23355,15743,2755,868,13029,3,1,1,0
2021-03-26T23:59:59+01:00,0,1,563,720,978,1986,1110,3061,1520,4406,1981,3494,1165,1063,4599,5435,2421,4418,211,176,323,497,331,929,414,1453,601,1057,347,298,1658,1981,1461,2741,23159,13613,2745,862,13015,3,1,1,0
2021-03-25T23:59:59+01:00,0,1,560,714,965,1978,1107,3052,1513,4394,1966,3484,1155,1053,4591,5430,2421,4416,210,173,321,496,329,924,411,1447,597,1048,343,294,1561,1859,1424,2665,23113,13260,2737,839,12948,3,1,1,0
2021-03-24T23:59:59+01:00,0,1,558,708,957,1967,1094,3036,1484,4375,1952,3476,1120,1023,4564,5395,2416,4411,209,173,320,495,325,920,407,1439,587,1030,330,284,1233,1476,1268,2396,22972,12110,2711,779,12852,3,1,1,0
2021-03-23T23:59:59+01:00,0,1,556,703,952,1954,1090,3026,1477,4361,1942,3468,1107,1012,4545,5381,2416,4407,208,173,318,492,316,917,406,1439,581,1026,322,277,995,1210,1152,2216,22897,11288,2702,757,12797,3,1,1,0
2021-03-22T23:59:59+01:00,0,1,555,694,947,1940,1084,3017,1468,4345,1928,3458,1104,1008,4540,5380,2416,4407,207,173,317,490,315,915,403,1436,578,1022,318,273,994,1206,1152,2213,22872,11272,2686,737,12732,3,1,1,0
2021-03-21T23:59:59+01:00,0,1,552,691,944,1932,1081,3013,1460,4332,1916,3451,1101,1007,4540,5378,2416,4407,206,173,317,489,313,911,403,1431,572,1020,308,268,990,1201,1151,2213,22868,11269,2673,694,12679,3,1,1,0
2021-03-20T23:59:59+01:00,0,1,547,684,939,1915,1064,2996,1432,4314,1882,3422,1030,937,3955,4739,2364,4308,206,173,317,489,313,911,403,1431,572,1020,308,268,990,1201,1150,2212,21198,11267,2672,694,12657,3,1,1,0
2021-03-19T23:59:59+01:00,0,1,538,675,921,1887,1038,2976,1396,4289,1856,3391,944,873,3276,3905,2313,4210,203,173,315,489,312,908,401,1429,568,1013,305,267,977,1188,1119,2172,19213,11244,2661,592,12613,3,1,1,0
2021-03-18T23:59:59+01:00,0,1,525,663,904,1861,1015,2950,1356,4248,1812,3338,845,809,2760,3377,2290,4176,198,171,312,485,309,898,397,1423,566,1008,302,260,871,1090,1006,1979,19133,10857,1261,415,12534,3,1,1,0
2021-03-17T23:59:59+01:00,0,1,523,653,895,1841,1002,2929,1333,4226,1794,3322,815,784,2674,3287,2284,4171,196,170,310,483,306,897,390,1419,563,1004,299,255,628,815,700,1528,18827,9929,1222,34,12484,0,1,0,0
2021-03-16T23:59:59+01:00,0,1,521,644,886,1820,981,2913,1316,4214,1770,3306,786,773,2626,3206,2282,4166,196,170,308,483,304,894,387,1417,560,999,293,251,380,574,509,1217,18619,8915,1182,28,12410,0,0,0,0
2021-03-15T23:59:59+01:00,0,1,521,634,881,1800,970,2891,1311,4207,1762,3297,780,769,2623,3205,2282,4166,195,170,307,482,303,894,387,1416,557,999,293,251,380,573,508,1217,18604,8908,1159,25,12337,0,0,0,0
2021-03-14T23:59:59+01:00,0,1,520,628,874,1788,963,2884,1301,4194,1752,3284,775,765,2618,3202,2282,4166,195,170,306,482,302,892,385,1414,557,999,292,251,380,573,508,1217,18599,8905,1129,19,12269,0,0,0,0
2021-03-13T23:59:59+01:00,0,1,499,577,781,1526,832,2501,1107,3630,1470,2856,696,677,2515,3076,2281,4165,195,170,306,482,302,892,385,1414,557,999,292,251,380,573,508,1217,18595,8905,1129,19,9466,0,0,0,0
2021-03-12T23:59:59+01:00,0,1,484,494,717,1257,741,2104,935,2943,1223,2262,555,525,2471,3032,2281,4165,195,168,306,482,302,890,384,1414,557,996,292,250,367,552,459,1151,18566,8746,1128,19,6496,0,0,0,0
2021-03-11T23:59:59+01:00,0,1,460,458,683,1186,694,1998,875,2797,1141,2150,498,465,2457,3020,2280,4163,195,168,305,480,301,889,384,1411,556,996,292,249,354,535,410,1106,18369,8615,1080,16,5877,0,0,0,0
2021-03-10T23:59:59+01:00,0,1,446,448,649,1152,654,1965,833,2761,1108,2121,479,449,2443,3000,2279,4159,191,166,301,473,301,888,379,1405,550,989,288,243,229,436,177,837,18092,7843,1060,10,5795,0,0,0,0
2021-03-09T23:59:59+01:00,0,1,430,431,618,1123,631,1945,810,2733,1086,2097,457,428,2349,2857,2153,3927,191,166,299,471,300,887,378,1402,550,986,286,242,229,436,176,836,17323,7835,1044,0,5709,0,0,0,0
2021-03-08T23:59:59+01:00,0,1,417,410,596,1093,613,1923,794,2708,1064,2071,435,400,2117,2582,1924,3544,191,165,299,469,299,882,378,1396,550,984,285,240,229,435,176,836,16071,7814,1015,0,5606,0,0,0,0
2021-03-07T23:59:59+01:00,0,1,416,409,589,1075,599,1915,791,2695,1059,2061,434,399,2112,2574,1923,3541,191,165,298,468,299,881,378,1393,550,983,285,240,229,435,176,836,16043,7807,1005,0,5545,0,0,0,0
2021-03-06T23:59:59+01:00,0,1,416,406,586,1062,596,1913,784,2688,1055,2054,433,399,2112,2574,1923,3541,191,165,298,468,299,881,378,1393,550,982,284,240,229,435,176,836,16035,7805,1005,0,5503,0,0,0,0
2021-03-05T23:59:59+01:00,0,1,410,391,580,1050,591,1904,779,2678,1048,2046,419,391,1694,2015,1495,2795,188,160,294,468,296,879,376,1390,548,978,284,240,229,435,176,836,13827,7777,1005,0,5455,0,0,0,0
2021-03-04T23:59:59+01:00,0,1,400,366,552,1011,572,1847,749,2624,1027,1996,415,387,1601,1897,1455,2718,177,152,283,457,295,871,374,1376,546,974,283,240,229,435,176,836,13470,7704,999,0,5149,0,0,0,0
2021-03-03T23:59:59+01:00,0,1,397,360,545,980,554,1815,725,2576,1009,1956,407,381,1277,1520,1296,2444,176,151,282,456,294,870,370,1369,543,967,281,238,228,434,174,831,12311,7664,990,0,4942,0,0,0,0
2021-03-02T23:59:59+01:00,0,1,393,355,537,946,540,1795,716,2552,998,1937,396,371,1031,1252,1176,2261,176,149,281,446,290,864,370,1360,543,961,281,238,228,434,174,831,11481,7626,953,0,4823,0,0,0,0
2021-03-01T23:59:59+01:00,0,1,391,348,528,923,521,1764,707,2528,988,1920,392,364,1030,1245,1176,2257,176,147,281,437,287,854,367,1345,540,955,279,236,227,433,174,831,11461,7569,918,0,4704,0,0,0,0
2021-02-28T23:59:59+01:00,0,1,386,345,525,915,513,1753,703,2516,983,1905,387,359,1030,1243,1176,2257,174,146,281,436,287,853,367,1345,539,955,279,236,227,433,174,831,11455,7563,890,0,4652,0,0,0,0
2021-02-27T23:59:59+01:00,0,1,385,343,520,908,511,1747,700,2507,980,1903,386,358,1030,1243,1175,2257,174,146,281,436,287,853,367,1345,538,955,279,236,227,433,174,831,11454,7562,890,0,4610,0,0,0,0
2021-02-26T23:59:59+01:00,0,1,338,297,452,736,435,1439,573,2090,809,1562,358,328,1030,1240,1175,2257,174,144,281,432,285,845,365,1337,536,952,279,236,227,433,174,831,11443,7531,879,0,2798,0,0,0,0
2021-02-25T23:59:59+01:00,0,1,318,288,441,715,423,1403,558,2042,790,1530,350,320,944,1147,1101,2131,123,131,261,427,276,833,353,1321,531,945,279,234,227,433,174,831,11031,7379,848,0,2623,0,0,0,0
2021-02-24T23:59:59+01:00,0,1,313,282,436,699,416,1368,542,1994,768,1486,343,307,735,913,914,1823,123,125,259,421,273,823,351,1308,524,939,277,232,225,432,174,829,10084,7315,807,0,2449,0,0,0,0
2021-02-23T23:59:59+01:00,0,1,311,270,428,686,405,1344,534,1960,749,1467,329,297,484,667,721,1517,123,124,258,419,271,817,351,1302,523,931,276,231,224,432,172,828,9077,7282,762,0,2331,0,0,0,0
2021-02-22T23:59:59+01:00,0,1,311,269,427,679,404,1339,530,1949,744,1463,329,295,483,665,721,1516,123,119,253,409,270,800,347,1277,518,923,272,230,224,432,172,828,9072,7197,751,0,2302,0,0,0,0
2021-02-21T23:59:59+01:00,0,1,308,268,425,673,401,1330,527,1941,738,1459,318,290,479,660,719,1516,123,119,252,408,269,797,344,1274,510,920,271,229,223,431,171,817,9067,7158,709,0,2277,0,0,0,0
2021-02-20T23:59:59+01:00,0,1,308,265,425,671,401,1322,526,1932,736,1455,318,290,479,660,719,1516,123,119,252,408,269,797,344,1274,509,920,271,229,223,431,171,817,9067,7157,709,0,2248,0,0,0,0
2021-02-19T23:59:59+01:00,0,0,262,240,393,595,367,1153,468,1719,627,1245,309,274,453,624,640,1408,123,119,252,408,268,797,344,1274,509,920,271,229,223,431,171,817,8849,7156,602,0,1326,0,0,0,0
2021-02-18T23:59:59+01:00,0,0,261,235,385,586,356,1131,455,1701,617,1238,309,272,400,577,530,1278,120,116,248,402,261,790,341,1265,506,919,269,227,223,431,171,817,8667,7106,422,0,1242,0,0,0,0
2021-02-17T23:59:59+01:00,0,0,255,231,373,572,349,1122,432,1685,609,1226,304,265,240,441,186,860,112,103,245,396,256,774,335,1249,500,908,265,224,222,431,171,817,7931,7008,32,0,1187,0,0,0,0
2021-02-16T23:59:59+01:00,0,0,253,229,362,570,340,1113,424,1671,604,1219,301,262,239,440,186,860,83,90,225,370,245,744,317,1209,468,873,243,209,214,411,170,810,7923,6681,28,0,1122,0,0,0,0
2021-02-15T23:59:59+01:00,0,0,251,229,360,565,338,1107,422,1659,601,1213,301,262,239,439,185,860,82,88,221,359,238,732,307,1182,452,850,230,202,201,387,163,753,7916,6447,25,0,1090,0,0,0,0
2021-02-14T23:59:59+01:00,0,0,250,227,354,562,334,1098,418,1653,598,1210,301,262,239,439,185,860,78,86,214,354,235,724,302,1169,448,835,229,200,201,376,163,743,7906,6357,20,0,1064,0,0,0,0
2021-02-13T23:59:59+01:00,0,0,250,227,354,562,334,1098,416,1653,598,1209,300,262,239,439,185,860,78,86,214,354,235,724,302,1169,448,835,229,200,201,376,163,743,7904,6357,20,0,1062,0,0,0,0
2021-02-12T23:59:59+01:00,0,0,194,167,306,485,307,901,383,1416,561,995,292,247,238,439,185,860,75,85,211,353,233,721,296,1165,445,830,225,197,201,374,163,743,7891,6317,20,0,65,0,0,0,0
2021-02-11T23:59:59+01:00,0,0,192,166,300,474,303,887,377,1397,551,987,292,247,238,439,185,860,74,82,200,327,223,677,276,1114,427,780,224,194,201,369,163,740,7851,6071,17,0,27,0,0,0,0
2021-02-10T23:59:59+01:00,0,0,190,159,296,470,300,882,371,1386,547,979,290,245,236,438,185,858,69,76,183,299,212,617,259,1030,402,727,215,179,187,339,148,689,7808,5631,11,0,13,0,0,0,0
2021-02-09T23:59:59+01:00,0,0,185,153,292,462,299,873,371,1376,545,970,287,244,236,438,184,857,60,60,145,236,183,512,221,838,346,592,194,153,165,303,138,612,7764,4758,2,0,6,0,0,0,0
2021-02-08T23:59:59+01:00,0,0,178,147,288,450,294,863,367,1356,539,963,283,240,235,437,182,853,33,47,100,146,134,285,162,458,252,386,163,125,136,245,113,508,7667,3293,2,0,6,0,0,0,0
2021-02-07T23:59:59+01:00,0,0,176,145,285,449,293,861,366,1355,538,962,282,239,235,437,182,853,19,40,82,124,129,264,153,424,236,360,153,120,126,234,106,470,7657,3040,1,0,0,0,0,0,0
2021-02-06T23:59:59+01:00,0,0,176,145,285,449,293,861,366,1355,538,962,282,239,235,437,182,853,19,37,80,121,119,249,142,407,205,339,138,116,125,229,105,459,7657,2890,1,0,0,0,0,0,0
2021-02-05T23:59:59+01:00,0,0,176,143,285,445,292,850,364,1347,534,959,282,238,235,437,182,852,18,33,76,116,112,235,136,380,188,321,133,111,121,224,97,442,7620,2743,1,0,0,0,0,0,0
2021-02-04T23:59:59+01:00,0,0,168,138,284,441,285,841,360,1336,525,950,281,236,234,436,182,850,11,20,50,78,83,178,114,289,155,263,115,97,109,206,87,398,7547,2253,0,0,0,0,0,0,0
2021-02-03T23:59:59+01:00,0,0,150,131,274,435,282,834,358,1325,525,948,281,236,233,436,182,849,11,18,42,67,74,143,90,257,134,222,96,83,94,177,79,350,7479,1937,0,0,0,0,0,0,0
2021-02-02T23:59:59+01:00,0,0,130,126,262,433,279,826,353,1319,524,941,280,236,232,436,181,848,11,15,34,61,62,121,75,212,103,172,64,58,69,114,54,225,7406,1450,0,0,0,0,0,0,0
2021-02-01T23:59:59+01:00,0,0,125,121,257,418,277,809,351,1294,518,929,275,234,232,436,181,848,4,9,19,33,31,66,46,118,59,71,29,29,29,48,29,109,7305,729,0,0,0,0,0,0,0
2021-01-31T23:59:59+01:00,0,0,124,118,255,415,275,805,349,1288,513,927,275,231,231,435,181,848,4,6,14,23,26,47,32,72,39,43,15,9,14,28,23,63,7270,458,0,0,0,0,0,0,0
2021-01-30T23:59:59+01:00,0,0,124,118,255,415,275,804,349,1287,512,927,275,231,231,435,181,848,4,6,13,20,23,40,27,64,36,41,15,9,14,28,23,63,7267,426,0,0,0,0,0,0,0
2021-01-29T23:59:59+01:00,0,0,124,118,255,415,274,804,349,1287,512,927,275,231,231,435,181,848,4,6,7,18,21,31,22,56,32,38,15,9,14,27,22,62,7266,384,0,0,0,0,0,0,0
2021-01-28T23:59:59+01:00,0,0,122,115,251,408,270,797,346,1280,508,926,275,231,231,435,181,848,1,3,2,8,13,13,12,27,12,23,11,5,7,14,7,25,7224,183,0,0,0,0,0,0,0
2021-01-27T23:59:59+01:00,0,0,114,105,249,403,267,788,341,1273,502,919,270,228,230,434,181,848,0,0,1,4,9,11,8,20,10,17,10,5,7,14,7,25,7152,148,0,0,0,0,0,0,0
2021-01-26T23:59:59+01:00,0,0,87,93,231,386,259,763,328,1235,476,888,250,216,220,416,181,840,0,0,1,4,9,11,8,20,10,17,10,5,7,14,7,25,6869,148,0,0,0,0,0,0,0
2021-01-25T23:59:59+01:00,0,0,84,88,229,366,246,744,314,1202,458,863,233,209,209,394,176,784,0,0,1,4,9,9,7,13,7,13,10,5,7,14,7,25,6599,131,0,0,0,0,0,0,0
2021-01-24T23:59:59+01:00,0,0,84,86,225,362,245,739,311,1189,456,848,232,207,209,383,176,773,0,0,1,4,9,9,7,13,7,13,10,5,7,14,7,25,6525,131,0,0,0,0,0,0,0
2021-01-23T23:59:59+01:00,0,0,84,86,225,362,245,739,311,1189,456,848,232,207,209,383,176,773,0,0,1,4,9,9,7,13,7,13,10,5,7,14,7,25,6525,131,0,0,0,0,0,0,0
2021-01-22T23:59:59+01:00,0,0,84,85,223,360,245,736,308,1185,452,845,231,206,209,382,176,773,0,0,1,4,9,9,7,13,7,13,10,5,7,14,7,25,6500,131,0,0,0,0,0,0,0
2021-01-21T23:59:59+01:00,0,0,84,82,209,331,235,692,283,1136,437,811,230,202,208,376,175,770,0,0,1,2,7,8,6,12,6,11,10,5,7,14,7,25,6261,121,0,0,0,0,0,0,0
2021-01-20T23:59:59+01:00,0,0,78,76,194,308,223,626,269,1043,408,750,221,190,193,345,161,718,0,0,1,2,7,8,6,12,6,11,10,5,7,14,7,25,5803,121,0,0,0,0,0,0,0
2021-01-19T23:59:59+01:00,0,0,70,66,155,259,203,563,243,920,367,641,200,164,167,303,147,628,0,0,1,2,3,7,6,11,4,9,7,4,7,14,7,25,5096,107,0,0,0,0,0,0,0
2021-01-18T23:59:59+01:00,0,0,58,58,132,216,182,460,216,762,327,548,181,143,142,252,125,539,0,0,0,1,2,4,3,6,2,7,6,4,7,14,7,23,4341,86,0,0,0,0,0,0,0
2021-01-17T23:59:59+01:00,0,0,39,46,108,186,167,401,199,676,302,493,172,136,129,235,108,479,0,0,0,0,2,4,2,6,2,5,4,4,7,14,6,23,3876,79,0,0,0,0,0,0,0
2021-01-16T23:59:59+01:00,0,0,32,43,108,183,157,385,184,656,271,471,156,131,128,229,107,467,0,0,0,0,0,0,0,0,0,0,0,0,0,0,0,0,3708,0,0,0,0,0,0,0,0
2021-01-15T23:59:59+01:00,0,0,30,39,104,178,146,371,178,626,252,449,151,122,124,223,98,449,0,0,0,0,0,0,0,0,0,0,0,0,0,0,0,0,3540,0,0,0,0,0,0,0,0
2021-01-14T23:59:59+01:00,0,0,13,23,51,78,84,174,114,289,147,260,123,103,110,204,86,404,0,0,0,0,0,0,0,0,0,0,0,0,0,0,0,0,2263,0,0,0,0,0,0,0,0
2021-01-13T23:59:59+01:00,0,0,12,20,41,67,76,139,92,259,122,223,94,81,90,163,68,323,0,0,0,0,0,0,0,0,0,0,0,0,0,0,0,0,1870,0,0,0,0,0,0,0,0
2021-01-12T23:59:59+01:00,0,0,12,15,37,63,63,115,77,210,93,169,61,53,60,97,40,188,0,0,0,0,0,0,0,0,0,0,0,0,0,0,0,0,1353,0,0,0,0,0,0,0,0
2021-01-11T23:59:59+01:00,0,0,4,10,26,45,39,83,57,141,58,85,32,28,25,40,19,81,0,0,0,0,0,0,0,0,0,0,0,0,0,0,0,0,773,0,0,0,0,0,0,0,0
2021-01-10T23:59:59+01:00,0,0,3,6,19,32,34,58,38,94,37,53,15,8,8,19,13,34,0,0,0,0,0,0,0,0,0,0,0,0,0,0,0,0,471,0,0,0,0,0,0,0,0
2021-01-09T23:59:59+01:00,0,0,3,6,18,28,33,54,33,84,35,52,15,8,8,19,13,34,0,0,0,0,0,0,0,0,0,0,0,0,0,0,0,0,443,0,0,0,0,0,0,0,0
2021-01-08T23:59:59+01:00,0,0,3,6,15,26,29,43,27,75,31,48,14,8,7,17,12,33,0,0,0,0,0,0,0,0,0,0,0,0,0,0,0,0,394,0,0,0,0,0,0,0,0
2021-01-07T23:59:59+01:00,0,0,1,4,2,9,15,13,14,28,13,24,11,6,7,15,9,26,0,0,0,0,0,0,0,0,0,0,0,0,0,0,0,0,197,0,0,0,0,0,0,0,0
2021-01-06T23:59:59+01:00,0,0,1,0,2,4,13,11,9,22,11,19,11,6,7,15,9,26,0,0,0,0,0,0,0,0,0,0,0,0,0,0,0,0,166,0,0,0,0,0,0,0,0
2021-01-05T23:59:59+01:00,0,0,0,0,1,4,12,11,8,20,10,19,10,6,7,15,9,26,0,0,0,0,0,0,0,0,0,0,0,0,0,0,0,0,158,0,0,0,0,0,0,0,0
2021-01-04T23:59:59+01:00,0,0,0,0,1,4,12,10,7,16,8,17,10,6,7,15,9,26,0,0,0,0,0,0,0,0,0,0,0,0,0,0,0,0,148,0,0,0,0,0,0,0,0
2021-01-03T23:59:59+01:00,0,0,0,0,1,4,11,9,7,13,6,14,10,6,7,15,9,26,0,0,0,0,0,0,0,0,0,0,0,0,0,0,0,0,138,0,0,0,0,0,0,0,0
2021-01-02T23:59:59+01:00,0,0,0,0,1,4,11,9,7,13,6,14,10,6,7,15,9,26,0,0,0,0,0,0,0,0,0,0,0,0,0,0,0,0,138,0,0,0,0,0,0,0,0
2021-01-01T23:59:59+01:00,0,0,0,0,1,4,11,9,7,13,6,14,10,6,7,15,9,26,0,0,0,0,0,0,0,0,0,0,0,0,0,0,0,0,138,0,0,0,0,0,0,0,0
2020-12-31T23:59:59+01:00,0,0,0,0,1,4,11,9,7,13,6,14,10,6,7,15,9,26,0,0,0,0,0,0,0,0,0,0,0,0,0,0,0,0,138,0,0,0,0,0,0,0,0
2020-12-30T23:59:59+01:00,0,0,0,0,1,4,11,9,7,13,6,14,10,6,7,15,9,26,0,0,0,0,0,0,0,0,0,0,0,0,0,0,0,0,138,0,0,0,0,0,0,0,0
2020-12-29T23:59:59+01:00,0,0,0,0,1,4,8,9,7,13,4,12,10,6,7,15,9,26,0,0,0,0,0,0,0,0,0,0,0,0,0,0,0,0,131,0,0,0,0,0,0,0,0
2020-12-28T23:59:59+01:00,0,0,0,0,1,1,5,7,7,7,2,9,10,6,7,15,9,26,0,0,0,0,0,0,0,0,0,0,0,0,0,0,0,0,112,0,0,0,0,0,0,0,0
2020-12-27T23:59:59+01:00,0,0,0,0,0,0,2,4,2,6,1,6,4,5,7,15,8,25,0,0,0,0,0,0,0,0,0,0,0,0,0,0,0,0,85,0,0,0,0,0,0,0,0
