Datum,<15_m,<15_w,15-24_1_m,15-24_1_w,25-34_1_m,25-34_1_w,35-44_1_m,35-44_1_w,45-54_1_m,45-54_1_w,55-64_1_m,55-64_1_w,65-74_1_m,65-74_1_w,75-84_1_m,75-84_1_w,>84_1_m,>84_1_w,<24_2_m,<24_2_w,25-34_2_m,25-34_2_w,35-44_2_m,35-44_2_w,45-54_2_m,45-54_2_w,55-64_2_m,55-64_2_w,65-74_2_m,65-74_2_w,75-84_2_m,75-84_2_w,>84_2_m,>84_2_w,bp_1,bp_2,mo_1,mo_2,az_1,az_2,ja,unb_1,unb_2
2021-09-30T23:59:59+02:00,1844,1745,9958,9387,10987,10308,13518,13980,17579,17928,20759,20750,16446,17138,9184,11160,2958,5695,9166,8628,10432,9619,12979,13271,16945,17261,20224,20157,16080,16763,8959,10864,2861,5502,151199,144040,20202,19369,27923,27098,12003,7,6
2021-09-29T23:59:59+02:00,1831,1711,9930,9351,10963,10284,13503,13960,17564,17916,20741,20740,16439,17130,9182,11157,2957,5692,9156,8613,10419,9604,12977,13257,16940,17249,20214,20149,16075,16754,8956,10861,2860,5501,150944,143915,20202,19368,27923,27098,11985,7,6
2021-09-28T23:59:59+02:00,1804,1687,9877,9298,10942,10248,13472,13934,17536,17886,20724,20720,16429,17117,9178,11148,2956,5689,9139,8583,10406,9582,12960,13244,16930,17237,20201,20137,16066,16745,8950,10854,2860,5500,150565,143713,20202,19367,27922,27098,11959,7,6
2021-09-27T23:59:59+02:00,1787,1674,9852,9280,10917,10226,13454,13907,17518,17867,20715,20713,16423,17112,9174,11145,2956,5687,9120,8561,10384,9562,12941,13217,16915,17220,20190,20128,16063,16743,8948,10851,2860,5499,150397,143563,20194,19363,27922,27096,11897,7,6
2021-09-26T23:59:59+02:00,1780,1668,9841,9271,10901,10214,13444,13900,17512,17862,20705,20712,16421,17108,9174,11144,2955,5687,9115,8553,10376,9558,12932,13212,16911,17215,20183,20126,16061,16741,8948,10851,2860,5499,150319,143529,20193,19363,27922,27095,11868,7,6
2021-09-25T23:59:59+02:00,1780,1667,9838,9270,10900,10214,13442,13899,17512,17862,20705,20712,16421,17107,9174,11144,2955,5687,9115,8550,10374,9558,12931,13210,16911,17215,20183,20126,16061,16740,8948,10851,2860,5499,150314,143525,20193,19363,27922,27095,11863,7,6
2021-09-24T23:59:59+02:00,1772,1651,9821,9258,10896,10204,13438,13888,17509,17858,20702,20708,16418,17106,9174,11144,2954,5687,9098,8538,10368,9547,12927,13206,16905,17209,20182,20122,16059,16738,8947,10851,2860,5499,150225,143443,20191,19363,27922,27095,11853,7,6
2021-09-23T23:59:59+02:00,1769,1649,9758,9217,10788,10140,13340,13815,17425,17792,20649,20661,16394,17088,9167,11133,2954,5684,9040,8500,10261,9488,12837,13146,16825,17147,20131,20078,16036,16717,8939,10839,2860,5496,150149,143414,20189,19360,27922,27095,11165,7,6
2021-09-22T23:59:59+02:00,1747,1632,9729,9184,10773,10111,13314,13784,17397,17770,20634,20639,16390,17080,9165,11126,2951,5683,9015,8485,10241,9471,12821,13131,16806,17137,20120,20073,16030,16715,8936,10833,2858,5493,149863,143245,20185,19357,27922,27095,11141,7,6
2021-09-21T23:59:59+02:00,1716,1601,9673,9119,10739,10076,13287,13742,17368,17747,20620,20629,16377,17066,9160,11124,2949,5678,8981,8453,10225,9452,12799,13104,16780,17107,20110,20063,16020,16708,8931,10830,2858,5491,149443,142962,20183,19355,27921,27095,11126,7,6
2021-09-20T23:59:59+02:00,1684,1577,9618,9066,10691,10026,13251,13701,17347,17728,20596,20611,16367,17059,9151,11112,2948,5674,8946,8426,10206,9430,12772,13081,16759,17089,20093,20044,16012,16699,8924,10823,2856,5490,149041,142720,20181,19354,27921,27094,11066,7,6
2021-09-19T23:59:59+02:00,1683,1576,9614,9058,10684,10021,13243,13698,17339,17722,20589,20607,16365,17056,9150,11110,2945,5671,8940,8420,10202,9428,12768,13079,16756,17087,20090,20040,16011,16699,8924,10823,2856,5489,148986,142698,20178,19352,27921,27093,11048,7,6
2021-09-18T23:59:59+02:00,1683,1576,9614,9057,10682,10017,13240,13694,17336,17722,20588,20607,16365,17056,9150,11110,2945,5671,8938,8417,10200,9426,12767,13076,16752,17086,20089,20040,16011,16699,8924,10823,2856,5489,148980,142689,20178,19352,27921,27093,11036,7,6
2021-09-17T23:59:59+02:00,1677,1568,9597,9034,10670,10001,13224,13680,17325,17711,20584,20597,16363,17054,9149,11108,2944,5670,8931,8411,10194,9420,12758,13071,16748,17081,20086,20032,16011,16697,8923,10822,2856,5489,148866,142665,20177,19352,27921,27092,10994,7,6
2021-09-16T23:59:59+02:00,1673,1567,9581,9019,10654,9985,13213,13667,17313,17702,20572,20586,16362,17050,9146,11105,2944,5668,8925,8405,10186,9413,12750,13065,16740,17076,20076,20027,16011,16696,8923,10819,2856,5487,148763,142636,20175,19349,27920,27089,10951,7,6
2021-09-15T23:59:59+02:00,1660,1552,9554,8992,10630,9965,13184,13639,17294,17677,20555,20568,16356,17043,9137,11097,2944,5664,8878,8366,10155,9373,12717,13025,16715,17056,20047,20007,16004,16684,8918,10816,2856,5485,148595,142301,20107,19337,27920,27086,10891,7,6
2021-09-14T23:59:59+02:00,1647,1543,9520,8961,10614,9945,13166,13616,17271,17659,20541,20554,16339,17030,9128,11086,2940,5652,8844,8333,10139,9356,12708,13002,16699,17037,20030,19987,16000,16677,8916,10809,2855,5481,148395,142060,20029,19336,27920,27086,10870,7,6
2021-09-13T23:59:59+02:00,1614,1508,9477,8907,10588,9911,13144,13573,17250,17640,20519,20541,16332,17024,9125,11080,2938,5646,8809,8305,10123,9334,12688,12970,16686,17020,20014,19971,15994,16663,8910,10807,2854,5477,148176,141806,19877,19328,27920,27085,10847,6,6
2021-09-12T23:59:59+02:00,1612,1505,9464,8900,10575,9905,13137,13563,17245,17636,20516,20536,16331,17021,9123,11079,2938,5643,8785,8284,10102,9323,12671,12956,16675,17012,20006,19962,15991,16659,8909,10801,2854,5476,148125,141647,19871,19327,27920,27084,10816,6,6
2021-09-11T23:59:59+02:00,1612,1505,9462,8895,10571,9902,13134,13561,17244,17633,20513,20534,16331,17019,9122,11079,2938,5643,8776,8282,10100,9322,12666,12955,16674,17009,20004,19961,15991,16658,8908,10801,2854,5476,148114,141641,19869,19322,27920,27084,10798,6,6
2021-09-10T23:59:59+02:00,1611,1504,9458,8891,10562,9895,13122,13556,17239,17626,20511,20530,16330,17018,9122,11079,2938,5643,8772,8279,10094,9314,12656,12949,16668,17004,20001,19957,15991,16657,8908,10800,2854,5476,148085,141621,19868,19316,27920,27084,10765,6,6
2021-09-09T23:59:59+02:00,1608,1499,9442,8885,10551,9882,13108,13539,17223,17617,20496,20519,16328,17017,9120,11075,2937,5641,8762,8274,10087,9305,12651,12936,16650,16997,19989,19948,15989,16655,8906,10793,2853,5474,148004,141569,19866,19316,27920,27084,10699,6,6
2021-09-08T23:59:59+02:00,1570,1450,9398,8826,10520,9844,13082,13502,17191,17591,20477,20499,16312,17003,9116,11069,2937,5639,8738,8258,10069,9289,12632,12921,16635,16988,19973,19941,15982,16650,8905,10789,2853,5474,147593,141442,19865,19311,27920,27084,10650,6,6
2021-09-07T23:59:59+02:00,1552,1425,9378,8803,10502,9824,13072,13492,17182,17579,20471,20494,16308,17000,9115,11064,2936,5637,8730,8250,10061,9287,12624,12919,16631,16980,19969,19938,15982,16648,8905,10786,2853,5474,147418,141401,19863,19309,27920,27080,10635,6,6
2021-09-06T23:59:59+02:00,1539,1413,9355,8778,10482,9803,13063,13478,17171,17565,20462,20478,16306,16997,9114,11064,2935,5637,8724,8241,10053,9280,12619,12910,16625,16975,19964,19931,15980,16647,8901,10783,2853,5473,147245,141342,19862,19306,27918,27079,10617,6,6
2021-09-05T23:59:59+02:00,1536,1410,9347,8767,10474,9798,13058,13472,17168,17558,20456,20476,16303,16994,9114,11063,2935,5637,8716,8235,10046,9270,12612,12904,16619,16969,19956,19929,15978,16645,8901,10782,2853,5473,147195,141287,19862,19306,27918,27076,10593,6,6
2021-09-04T23:59:59+02:00,1535,1410,9346,8765,10473,9798,13057,13471,17168,17558,20454,20474,16303,16994,9114,11063,2935,5637,8716,8235,10045,9268,12611,12904,16618,16968,19955,19929,15978,16645,8901,10782,2853,5473,147189,141281,19859,19306,27918,27076,10591,6,6
2021-09-03T23:59:59+02:00,1525,1396,9325,8748,10460,9786,13053,13461,17153,17547,20442,20464,16299,16988,9113,11058,2935,5634,8700,8223,10033,9261,12604,12897,16602,16958,19952,19921,15974,16638,8900,10778,2853,5470,147089,141230,19856,19304,27918,27076,10526,6,6
2021-09-02T23:59:59+02:00,1514,1387,9271,8716,10400,9735,12978,13403,17103,17510,20384,20421,16267,16961,9103,11047,2934,5629,8655,8198,9974,9217,12535,12847,16558,16925,19892,19880,15942,16615,8893,10770,2853,5465,146962,141173,19855,19300,27917,27074,10031,6,6
2021-09-01T23:59:59+02:00,1510,1370,9251,8702,10377,9724,12964,13390,17091,17496,20374,20417,16263,16955,9096,11043,2934,5628,8637,8177,9958,9200,12524,12836,16546,16914,19876,19869,15938,16610,8890,10764,2853,5464,146853,141039,19831,19298,27917,27073,9986,6,6
2021-08-31T23:59:59+02:00,1493,1352,9236,8675,10366,9710,12953,13382,17086,17485,20367,20409,16258,16951,9094,11038,2934,5628,8620,8160,9952,9188,12509,12825,16535,16909,19873,19862,15934,16608,8889,10761,2853,5464,146696,140914,19830,19295,27917,27070,9976,6,6
2021-08-30T23:59:59+02:00,1472,1335,9218,8652,10352,9694,12942,13367,17073,17465,20355,20400,16254,16948,9092,11036,2934,5627,8593,8146,9938,9176,12498,12806,16522,16892,19864,19855,15928,16602,8887,10756,2851,5462,146531,140776,19830,19291,27914,27061,9942,6,6
2021-08-29T23:59:59+02:00,1471,1334,9216,8646,10345,9685,12940,13362,17064,17460,20351,20395,16251,16943,9092,11036,2934,5626,8590,8140,9929,9165,12494,12800,16514,16887,19860,19852,15925,16595,8886,10756,2851,5461,146513,140756,19830,19290,27914,27055,9895,6,6
2021-08-28T23:59:59+02:00,1470,1334,9213,8642,10345,9684,12939,13361,17064,17459,20351,20394,16251,16943,9092,11036,2934,5626,8586,8140,9927,9165,12493,12799,16514,16886,19860,19851,15925,16595,8886,10756,2851,5461,146505,140750,19830,19288,27914,27055,9890,6,6
2021-08-27T23:59:59+02:00,1460,1323,9200,8635,10340,9678,12936,13359,17061,17453,20346,20389,16250,16941,9091,11036,2934,5626,8576,8133,9924,9159,12486,12797,16511,16879,19859,19850,15923,16594,8885,10755,2851,5461,146431,140700,19830,19286,27914,27050,9884,6,6
2021-08-26T23:59:59+02:00,1457,1322,9193,8631,10335,9672,12928,13358,17058,17451,20344,20384,16247,16938,9088,11031,2933,5626,8567,8122,9918,9153,12478,12794,16506,16877,19857,19845,15920,16590,8882,10752,2850,5461,146410,140669,19828,19286,27914,27044,9845,6,6
2021-08-25T23:59:59+02:00,1443,1298,9086,8575,10249,9600,12839,13284,16939,17367,20249,20328,16200,16900,9073,11010,2928,5615,8476,8068,9835,9091,12387,12729,16402,16804,19770,19791,15876,16551,8868,10732,2845,5448,146169,140524,19827,19285,27914,27042,9074,6,6
2021-08-24T23:59:59+02:00,1424,1273,9055,8545,10235,9580,12810,13255,16908,17331,20235,20312,16185,16890,9068,11004,2928,5612,8453,8055,9818,9079,12371,12718,16391,16789,19762,19781,15870,16547,8868,10730,2845,5447,145880,140405,19825,19283,27914,27042,9032,6,6
2021-08-23T23:59:59+02:00,1406,1248,9013,8508,10220,9562,12779,13235,16889,17313,20222,20288,16173,16878,9057,10998,2927,5607,8428,8039,9792,9060,12356,12712,16378,16780,19751,19765,15863,16540,8864,10725,2844,5444,145623,140308,19825,19281,27914,27021,8962,6,6
2021-08-22T23:59:59+02:00,1406,1248,9003,8503,10213,9556,12778,13231,16885,17307,20219,20285,16170,16874,9053,10998,2927,5606,8412,8033,9785,9049,12352,12707,16375,16773,19749,19761,15860,16535,8860,10723,2844,5443,145610,140279,19825,19279,27914,27018,8914,6,6
2021-08-21T23:59:59+02:00,1406,1247,8998,8503,10212,9554,12775,13230,16884,17307,20218,20284,16170,16874,9053,10998,2927,5606,8290,7953,9684,8955,12264,12597,16284,16702,19693,19717,15840,16520,8857,10712,2843,5441,145604,140275,19822,18378,27914,27017,8907,6,6
2021-08-20T23:59:59+02:00,1405,1245,8990,8501,10205,9546,12769,13220,16881,17305,20211,20279,16167,16874,9053,10996,2926,5605,7932,7628,9532,8794,12121,12457,16160,16591,19586,19621,15801,16471,8845,10688,2841,5440,145570,138177,19822,18378,27914,27016,8873,6,6
2021-08-19T23:59:59+02:00,1400,1243,8979,8495,10198,9537,12760,13214,16876,17303,20206,20277,16166,16872,9053,10995,2926,5604,7672,7359,9402,8689,11978,12338,16066,16485,19489,19534,15759,16423,8834,10668,2840,5432,145528,136448,19819,18370,27913,27007,8845,6,6
2021-08-18T23:59:59+02:00,1376,1211,8933,8459,10170,9506,12733,13179,16846,17280,20180,20248,16153,16858,9047,10989,2922,5599,7659,7349,9390,8681,11964,12321,16052,16476,19481,19525,15753,16416,8830,10664,2837,5429,145222,136401,19806,18369,27910,27006,8751,6,6
2021-08-17T23:59:59+02:00,1351,1198,8897,8427,10155,9485,12719,13155,16831,17259,20157,20226,16145,16848,9044,10982,2920,5594,7646,7334,9372,8673,11953,12312,16045,16466,19470,19519,15747,16411,8829,10662,2836,5427,144980,136330,19803,18364,27909,27000,8701,6,6
2021-08-16T23:59:59+02:00,1328,1180,8860,8401,10136,9466,12695,13131,16821,17240,20137,20211,16140,16836,9040,10981,2919,5594,7638,7322,9356,8670,11943,12306,16043,16461,19461,19512,15744,16408,8829,10662,2836,5427,144745,136290,19801,18360,27909,26999,8661,6,6
2021-08-15T23:59:59+02:00,1310,1163,8841,8382,10123,9452,12679,13118,16808,17230,20123,20199,16134,16830,9040,10976,2919,5594,7626,7311,9340,8654,11929,12295,16036,16453,19455,19508,15736,16404,8828,10659,2836,5427,144597,136233,19800,18355,27906,26980,8618,6,6
2021-08-14T23:59:59+02:00,1309,1163,8841,8382,10122,9452,12678,13116,16808,17229,20122,20197,16134,16830,9040,10976,2919,5594,7310,7018,9196,8486,11755,12130,15918,16323,19361,19420,15710,16380,8819,10646,2836,5423,144591,134244,19800,18353,27906,26972,8615,6,6
2021-08-13T23:59:59+02:00,1304,1161,8829,8373,10111,9444,12666,13106,16792,17220,20114,20189,16130,16824,9038,10975,2918,5594,6922,6658,9025,8325,11547,11914,15700,16143,19220,19298,15675,16341,8807,10632,2834,5419,144563,131766,19800,18353,27906,26969,8519,6,6
2021-08-12T23:59:59+02:00,1304,1161,8828,8370,10104,9439,12663,13106,16786,17211,20110,20184,16129,16820,9036,10973,2918,5594,6915,6651,9011,8318,11536,11912,15689,16136,19216,19292,15673,16335,8805,10631,2834,5419,144548,131731,19799,18350,27906,26951,8482,6,6
2021-08-11T23:59:59+02:00,1301,1157,8824,8363,10095,9432,12655,13102,16780,17207,20104,20182,16127,16817,9035,10973,2918,5593,6908,6641,8995,8307,11525,11908,15685,16129,19208,19286,15669,16332,8804,10631,2834,5417,144498,131669,19795,18344,27906,26937,8465,6,6
2021-08-10T23:59:59+02:00,1300,1157,8822,8362,10091,9427,12652,13097,16778,17205,20103,20177,16125,16815,9035,10972,2918,5593,6864,6596,8962,8292,11506,11888,15659,16117,19201,19276,15667,16330,8804,10629,2834,5417,144471,131426,19795,18340,27906,26930,8456,6,6
2021-08-09T23:59:59+02:00,1300,1155,8816,8361,10087,9419,12650,13094,16771,17203,20097,20177,16123,16815,9034,10972,2918,5593,6845,6572,8941,8275,11493,11877,15643,16105,19195,19271,15664,16329,8802,10628,2834,5417,144445,131292,19795,18336,27904,26921,8440,6,6
2021-08-08T23:59:59+02:00,1300,1154,8813,8355,10085,9415,12641,13091,16766,17199,20095,20174,16121,16812,9033,10971,2917,5592,6842,6561,8925,8267,11476,11869,15636,16096,19193,19267,15661,16325,8801,10627,2833,5416,144434,131243,19794,18328,27904,26918,8401,6,6
2021-08-07T23:59:59+02:00,1300,1146,8804,8348,10074,9408,12638,13084,16759,17195,20089,20169,16117,16807,9031,10971,2916,5592,6191,5990,8654,8044,11206,11639,15437,15922,19108,19191,15641,16301,8794,10620,2830,5415,144385,128156,19793,18316,27904,26917,8365,6,6
2021-08-06T23:59:59+02:00,1294,1145,8795,8336,10060,9396,12618,13065,16741,17183,20072,20157,16110,16799,9031,10968,2916,5591,6178,5976,8639,8029,11182,11618,15415,15905,19091,19179,15634,16294,8794,10617,2830,5414,144347,128103,19790,18310,27904,26915,8235,6,6
2021-08-05T23:59:59+02:00,1291,1143,8788,8329,10051,9387,12604,13057,16735,17180,20064,20153,16109,16799,9031,10967,2916,5591,5894,5740,8290,7733,10816,11342,15092,15666,18841,19011,15614,16270,8784,10610,2829,5413,144298,128008,19786,15606,27900,26882,8210,6,6
2021-08-04T23:59:59+02:00,1290,1140,8782,8325,10046,9385,12598,13053,16730,17178,20062,20150,16108,16799,9030,10966,2916,5590,5880,5732,8261,7723,10796,11330,15075,15660,18836,19006,15611,16267,8783,10610,2829,5413,144266,127908,19785,15598,27899,26866,8197,6,6
2021-08-03T23:59:59+02:00,1283,1137,8778,8315,10041,9380,12593,13050,16725,17176,20057,20148,16106,16799,9029,10964,2916,5589,5768,5618,8168,7653,10679,11253,15026,15607,18807,18991,15607,16265,8782,10608,2827,5412,144221,127182,19783,15590,27899,26837,8182,6,6
2021-08-02T23:59:59+02:00,1277,1131,8765,8307,10034,9373,12588,13044,16720,17166,20050,20144,16104,16796,9027,10961,2915,5588,5597,5458,8039,7546,10555,11138,14954,15524,18775,18966,15599,16256,8776,10608,2826,5412,144140,126115,19777,15585,27898,26806,8174,6,6
2021-08-01T23:59:59+02:00,1275,1130,8758,8300,10027,9366,12582,13042,16715,17164,20045,20142,16104,16796,9026,10959,2915,5588,5536,5401,7988,7497,10493,11086,14918,15499,18762,18948,15596,16253,8774,10605,2826,5410,144096,125676,19775,15581,27897,26785,8165,6,6
2021-07-31T23:59:59+02:00,1275,1130,8757,8297,10027,9365,12580,13042,16714,17164,20044,20140,16104,16796,9026,10959,2915,5588,5510,5381,7972,7484,10476,11072,14905,15493,18758,18945,15595,16252,8774,10605,2826,5410,144094,125546,19774,15577,27897,26784,8157,6,6
2021-07-30T23:59:59+02:00,1143,1009,8529,8068,9934,9247,12500,12958,16634,17091,19985,20072,16072,16757,9020,10942,2914,5585,5216,5107,7834,7342,10288,10879,14769,15328,18689,18889,15571,16225,8761,10591,2822,5406,142639,123717,19772,15569,27897,26767,8151,6,6
2021-07-29T23:59:59+02:00,1136,1001,8398,7978,9775,9149,12346,12856,16485,16996,19821,19962,15986,16688,8995,10923,2913,5578,4921,4873,7557,7149,10007,10678,14522,15153,18494,18771,15485,16150,8734,10570,2821,5396,142518,122617,19769,15528,27897,26742,6801,6,6
2021-07-28T23:59:59+02:00,1125,987,8369,7941,9761,9133,12324,12842,16468,16973,19801,19952,15979,16675,8988,10919,2913,5576,4499,4443,7239,6898,9689,10378,14286,14971,18438,18730,15470,16139,8728,10559,2821,5386,142275,119967,19767,15474,27895,26679,6788,6,6
2021-07-27T23:59:59+02:00,1115,979,8346,7926,9748,9126,12312,12833,16460,16967,19794,19939,15977,16669,8986,10916,2912,5574,4265,4197,7008,6699,9442,10098,14126,14810,18387,18663,15421,16093,8711,10543,2818,5379,142136,117948,19765,15471,27895,26654,6782,6,6
2021-07-26T23:59:59+02:00,1111,976,8333,7914,9742,9121,12306,12827,16453,16959,19787,19938,15974,16664,8984,10912,2911,5569,4159,4089,6905,6588,9316,9976,14043,14727,18340,18629,15410,16082,8701,10535,2815,5377,142058,117045,19762,15461,27884,26596,6776,6,6
2021-07-25T23:59:59+02:00,1110,975,8324,7911,9729,9117,12296,12824,16448,16952,19784,19937,15972,16664,8983,10912,2911,5569,4108,4039,6828,6539,9244,9920,14007,14695,18316,18615,15392,16069,8694,10529,2815,5375,142032,116604,19758,15445,27883,26574,6744,6,6
2021-07-24T23:59:59+02:00,1108,971,8236,7849,9655,9036,12229,12747,16379,16899,19743,19898,15951,16650,8980,10902,2911,5568,4065,3997,6771,6489,9166,9863,13942,14629,18284,18589,15380,16058,8686,10525,2815,5375,142013,116350,19093,15163,27883,26572,6722,6,6
2021-07-23T23:59:59+02:00,1082,946,8124,7761,9617,9001,12195,12718,16334,16864,19714,19879,15945,16644,8976,10898,2911,5568,3774,3712,6514,6284,8884,9577,13705,14453,18204,18528,15338,16015,8668,10506,2813,5369,141520,114103,19093,15140,27883,26566,6680,6,6
2021-07-22T23:59:59+02:00,989,859,7908,7531,9513,8912,12077,12622,16242,16780,19639,19794,15899,16604,8967,10883,2910,5562,3649,3585,6360,6191,8730,9448,13543,14310,18129,18460,15317,15989,8660,10496,2813,5368,140057,112953,19091,15068,27876,26471,6666,6,6
2021-07-21T23:59:59+02:00,969,845,7876,7491,9497,8901,12055,12599,16218,16764,19615,19773,15888,16597,8967,10878,2910,5562,3344,3319,6014,5932,8335,9065,13276,14074,17987,18335,15225,15908,8628,10466,2810,5356,139801,110145,19089,14996,27871,26374,6643,6,6
2021-07-20T23:59:59+02:00,968,844,7868,7486,9490,8898,12050,12597,16210,16763,19610,19768,15887,16596,8967,10877,2910,5562,3271,3268,5954,5876,8277,9006,13192,14030,17955,18320,15225,15908,8628,10464,2810,5356,139763,109759,19088,14981,27868,26242,6631,6,6
2021-07-19T23:59:59+02:00,967,844,7861,7484,9487,8890,12045,12595,16205,16756,19607,19768,15885,16593,8967,10875,2910,5561,3219,3233,5903,5834,8216,8961,13135,14003,17909,18307,15225,15905,8628,10462,2810,5355,139726,109478,19087,14964,27868,26115,6618,6,6
2021-07-18T23:59:59+02:00,966,843,7850,7475,9482,8885,12036,12590,16200,16750,19605,19766,15884,16591,8967,10875,2910,5561,3199,3215,5864,5803,8181,8932,13096,13987,17894,18303,15225,15904,8628,10462,2810,5354,139679,109290,19086,14930,27866,26102,6604,6,6
2021-07-17T23:59:59+02:00,851,724,7528,7185,9330,8714,11861,12428,16071,16611,19508,19670,15863,16570,8959,10862,2910,5558,3098,3107,5753,5711,8048,8773,12955,13859,17799,18225,15215,15886,8625,10455,2810,5354,137666,108109,19085,14925,27866,26098,6588,3,6
2021-07-16T23:59:59+02:00,695,573,7132,6857,9146,8554,11669,12217,15868,16434,19366,19542,15833,16533,8949,10848,2909,5556,3036,3046,5677,5648,7935,8666,12835,13724,17720,18150,15193,15870,8621,10453,2809,5354,135181,107211,19085,14920,27865,26091,6552,3,6
2021-07-15T23:59:59+02:00,693,573,7118,6849,9143,8552,11657,12213,15858,16427,19362,19536,15831,16530,8945,10846,2908,5547,2997,3011,5611,5605,7845,8616,12760,13683,17690,18126,15170,15854,8613,10446,2808,5345,135141,106979,19083,14766,27860,25966,6505,3,6
2021-07-14T23:59:59+02:00,691,572,7109,6840,9138,8550,11653,12208,15852,16424,19357,19531,15829,16527,8942,10843,2908,5543,2974,2998,5570,5573,7809,8595,12727,13667,17672,18115,15163,15851,8610,10442,2808,5341,135108,106826,19082,14732,27860,25925,6468,3,6
2021-07-13T23:59:59+02:00,686,570,7084,6823,9124,8533,11644,12193,15841,16405,19347,19525,15820,16523,8938,10833,2903,5535,2917,2947,5506,5507,7649,8460,12473,13449,17516,17987,15144,15840,8598,10429,2803,5330,134981,105611,19082,14679,27857,25890,6408,3,6
2021-07-12T23:59:59+02:00,680,562,7070,6808,9113,8522,11634,12183,15836,16392,19335,19521,15818,16519,8936,10833,2903,5532,2861,2893,5423,5432,7501,8345,12226,13236,17335,17840,15134,15835,8594,10422,2802,5330,134865,104373,19080,14626,27853,25840,6400,3,6
2021-07-11T23:59:59+02:00,679,561,7061,6806,9103,8514,11627,12175,15826,16389,19330,19516,15818,16516,8935,10831,2903,5532,2830,2858,5346,5359,7403,8258,12059,13079,17209,17707,15126,15824,8593,10419,2802,5330,134821,103484,19076,14577,27853,25797,6373,3,6
2021-07-10T23:59:59+02:00,505,403,6497,6255,8878,8328,11384,11983,15669,16256,19275,19467,15810,16506,8931,10826,2902,5531,2801,2824,5294,5313,7320,8178,11956,12979,17131,17640,15111,15808,8590,10408,2799,5328,132125,102786,19076,14575,27853,25789,6353,3,6
2021-07-09T23:59:59+02:00,494,396,6438,6227,8851,8291,11344,11955,15642,16243,19262,19451,15809,16503,8931,10823,2902,5531,2744,2757,5212,5244,7141,8001,11544,12680,16834,17433,15090,15780,8583,10403,2797,5326,132033,101758,18866,13715,27852,25774,6343,3,6
2021-07-08T23:59:59+02:00,488,394,6122,5967,8478,8003,10962,11649,15305,15995,19003,19277,15787,16479,8922,10816,2899,5530,2683,2707,5130,5168,7002,7910,11343,12538,16682,17309,15083,15772,8583,10401,2797,5325,131946,100895,15972,13546,27847,25699,6312,3,6
2021-07-07T23:59:59+02:00,486,390,6107,5955,8454,7988,10947,11632,15294,15985,19002,19272,15785,16475,8921,10814,2899,5528,2634,2655,5040,5109,6863,7816,11108,12356,16518,17175,15075,15765,8578,10395,2797,5325,131838,99872,15963,13421,27845,25650,6285,3,6
2021-07-06T23:59:59+02:00,459,370,6006,5862,8381,7922,10874,11563,15261,15945,18979,19255,15777,16465,8918,10812,2896,5526,2566,2585,4907,4994,6680,7683,10719,11944,16146,16799,15049,15732,8570,10388,2796,5321,131220,97714,15955,13339,27840,25589,6253,3,6
2021-07-05T23:59:59+02:00,418,336,5828,5691,8263,7829,10760,11449,15202,15875,18947,19224,15771,16457,8914,10807,2893,5525,2513,2509,4808,4896,6547,7548,10367,11625,15872,16493,15019,15702,8562,10373,2796,5316,130171,95918,15951,13275,27837,25536,6227,3,6
2021-07-04T23:59:59+02:00,398,306,5754,5611,8206,7772,10693,11391,15172,15844,18933,19205,15764,16453,8913,10805,2893,5523,2494,2479,4746,4849,6486,7498,10230,11516,15771,16421,15014,15694,8560,10372,2795,5316,129665,95354,15944,13206,27832,25498,6192,3,6
2021-07-03T23:59:59+02:00,392,304,5735,5601,8196,7763,10682,11387,15165,15838,18930,19202,15764,16453,8913,10805,2893,5523,2459,2447,4650,4821,6379,7472,10172,11470,15667,16335,14335,14987,8541,10347,2795,5316,129594,95239,15942,13204,27832,23583,6175,3,6
2021-07-02T23:59:59+02:00,346,265,5546,5452,8124,7691,10584,11290,15100,15782,18911,19195,15760,16449,8908,10803,2891,5520,2412,2399,4494,4743,6195,7398,10018,11313,15477,16132,13544,14069,8533,10332,2795,5315,128681,94676,15940,13160,27831,21179,6162,3,6
2021-07-01T23:59:59+02:00,284,210,5330,5271,7996,7579,10444,11164,14972,15687,18867,19170,15753,16442,8903,10797,2891,5519,2295,2279,4318,4570,5958,7144,9237,10628,14848,15662,13519,14040,8528,10327,2791,5313,127393,91179,15928,13064,27830,21095,6125,3,6
2021-06-30T23:59:59+02:00,154,120,4848,4798,7655,7302,10091,10826,14745,15511,18810,19126,15742,16431,8899,10789,2891,5516,2259,2232,4233,4498,5847,7047,9066,10505,14758,15584,13505,14032,8525,10324,2791,5311,124408,90579,15922,12891,27830,20962,6091,3,6
2021-06-29T23:59:59+02:00,117,99,4564,4517,7403,7085,9801,10526,14546,15321,18747,19065,15690,16381,8879,10774,2890,5511,2192,2151,4091,4362,5640,6866,8840,10276,14463,15359,13458,13984,8512,10300,2789,5298,122338,89128,15918,12738,27828,20890,5829,3,6
2021-06-28T23:59:59+02:00,101,78,4429,4374,7298,6975,9679,10401,14454,15214,18702,19022,15674,16365,8865,10763,2887,5509,2105,2024,3910,4156,5359,6524,8456,9766,13931,14823,13339,13895,8493,10276,2786,5284,121325,85920,15907,12657,27825,20823,5730,3,4
2021-06-27T23:59:59+02:00,96,76,4375,4327,7239,6920,9617,10346,14421,15180,18682,19005,15657,16353,8858,10756,2886,5504,2051,1990,3846,4112,5245,6410,8287,9637,13755,14710,13313,13875,8483,10267,2783,5282,120959,85131,15903,12622,27822,20684,5611,3,4
2021-06-26T23:59:59+02:00,83,74,4331,4297,7208,6892,9599,10324,14401,15164,18669,18992,15653,16347,8858,10756,2886,5504,1975,1897,3657,3954,5030,6154,7924,9182,13404,14414,13233,13817,8463,10239,2778,5273,120715,82495,15897,12622,27822,20678,5601,3,4
2021-06-25T23:59:59+02:00,70,61,4020,3971,6945,6655,9306,10031,14178,14975,18586,18935,15607,16302,8839,10737,2884,5497,1910,1813,3491,3832,4837,5922,7599,8767,13093,14079,13183,13761,8450,10214,2772,5267,118314,80138,15870,12591,27822,20673,5590,3,4
2021-06-24T23:59:59+02:00,63,54,3927,3881,6847,6570,9206,9941,14079,14890,18558,18902,15592,16285,8833,10730,2884,5496,1843,1739,3377,3735,4638,5780,7379,8568,12844,13878,12349,12830,8270,9951,2772,5266,117584,78921,15861,12485,27818,18343,5472,3,4
2021-06-23T23:59:59+02:00,49,49,3522,3508,6393,6223,8674,9434,13742,14587,18422,18767,15488,16193,8790,10694,2881,5482,1705,1567,3126,3531,4219,5451,6431,7857,12101,13180,12326,12818,8260,9944,2772,5262,114649,78287,15613,9155,27817,18294,4816,3,4
2021-06-22T23:59:59+02:00,40,41,3449,3435,6314,6164,8571,9356,13691,14539,18389,18750,15477,16186,8789,10689,2881,5479,1664,1514,3022,3428,4075,5301,6177,7673,11489,12472,12236,12724,8242,9911,2768,5254,114020,75949,15607,9073,27815,18135,4795,3,4
2021-06-21T23:59:59+02:00,34,38,3378,3374,6222,6105,8511,9285,13630,14493,18356,18730,15475,16184,8786,10686,2881,5478,1628,1463,2931,3331,3949,5151,5981,7447,10731,11550,11848,12268,7165,8684,2762,5247,113499,73292,15600,8972,27808,15137,4736,3,4
2021-06-20T23:59:59+02:00,34,37,3353,3352,6174,6074,8467,9253,13601,14476,18345,18726,15474,16184,8786,10686,2881,5478,1610,1446,2894,3303,3898,5113,5928,7423,10643,11474,11828,12249,7162,8677,2761,5247,113322,72975,15583,8895,27808,15121,4665,3,4
2021-06-19T23:59:59+02:00,32,35,3326,3327,6145,6051,8437,9234,13577,14470,18339,18721,15474,16183,8786,10686,2881,5478,1606,1433,2889,3294,3890,5108,5913,7418,10632,11467,11828,12249,7162,8676,2761,5247,113129,72894,15577,8895,27808,15119,4665,3,4
2021-06-18T23:59:59+02:00,28,30,3284,3284,6071,6011,8368,9179,13531,14439,18316,18710,15473,16181,8785,10685,2881,5478,1531,1339,2752,3118,3707,4832,5516,7045,9139,9900,11661,12081,7121,8626,2749,5229,112745,67716,15550,8894,27808,15108,4628,3,4
2021-06-17T23:59:59+02:00,26,26,3220,3232,6004,5972,8294,9124,13458,14394,18292,18699,15471,16176,8783,10682,2881,5475,1402,1246,2563,2903,3444,4542,5154,6649,8466,9169,11377,11839,7080,8569,2745,5226,112368,64003,15521,8779,27805,15080,4512,3,4
2021-06-16T23:59:59+02:00,26,23,3167,3171,5892,5904,8174,9031,13330,14308,18226,18663,15465,16167,8783,10679,2881,5475,1305,1190,2422,2795,3261,4383,4870,6377,7389,7878,11286,11731,7049,8532,2732,5208,111729,60241,15446,8733,27801,15048,4386,3,4
2021-06-15T23:59:59+02:00,21,22,3071,3085,5774,5814,7989,8852,13067,14089,18077,18536,15450,16155,8775,10673,2881,5473,1268,1157,2349,2739,3157,4308,4667,6253,7077,7627,10791,11172,7015,8498,2724,5195,110308,57997,15418,8701,27791,15016,4284,3,3
2021-06-14T23:59:59+02:00,20,20,2997,3015,5693,5756,7846,8733,12778,13852,17889,18360,15434,16141,8768,10668,2880,5472,1241,1129,2283,2683,3032,4212,4468,6114,6736,7322,10265,10561,6984,8461,2720,5185,108916,55629,15409,8594,27787,14968,4207,3,2
2021-06-13T23:59:59+02:00,20,20,2979,2985,5627,5718,7783,8667,12638,13717,17783,18238,15428,16132,8767,10665,2879,5472,1230,1116,2254,2667,2995,4201,4422,6094,6703,7305,10260,10555,6984,8460,2720,5185,108179,55487,15398,8586,27783,14925,4155,3,2
2021-06-12T23:59:59+02:00,18,20,2950,2967,5599,5693,7752,8648,12619,13698,17775,18235,15427,16130,8767,10665,2879,5472,1174,1054,2165,2591,2900,4065,4280,5962,6593,7220,10178,10477,6388,7736,2720,5185,107980,55372,15395,8586,27783,12579,4153,3,2
2021-06-11T23:59:59+02:00,18,17,2874,2893,5530,5629,7571,8462,12209,13392,17494,18030,15411,16105,8761,10657,2876,5470,1150,1037,2110,2550,2835,4016,4195,5900,6482,7129,10075,10364,6374,7729,2718,5179,106968,54846,14504,8317,27782,12540,4142,3,2
2021-06-10T23:59:59+02:00,14,15,2820,2852,5430,5576,7439,8381,12022,13253,17356,17912,15406,16101,8761,10656,2875,5469,1109,1012,2035,2484,2735,3938,4025,5770,6237,6916,9824,10096,6354,7701,2712,5173,106047,53282,14431,8313,27777,12448,4080,3,2
2021-06-09T23:59:59+02:00,13,14,2742,2783,5308,5481,7217,8211,11743,13011,17169,17763,15395,16087,8757,10647,2875,5466,1052,947,1903,2366,2530,3755,3699,5486,5615,6405,9001,9193,6297,7625,2698,5138,104840,49272,14279,8295,27768,12353,3792,3,2
2021-06-08T23:59:59+02:00,10,10,2644,2681,5173,5353,7020,8026,11313,12584,16792,17374,15376,16060,8746,10640,2874,5461,1015,918,1833,2301,2424,3681,3559,5420,5465,6273,8967,9174,6295,7613,2696,5134,102636,48761,14252,8244,27766,12285,3480,3,2
2021-06-07T23:59:59+02:00,8,9,2517,2583,4981,5222,6813,7861,10835,12223,16449,17078,15351,16032,8740,10623,2873,5457,946,881,1704,2244,2283,3597,3304,5330,5110,5988,8418,8549,6242,7554,2692,5125,100700,46544,14209,8228,27757,12211,2986,3,2
2021-06-06T23:59:59+02:00,8,7,2480,2558,4920,5165,6727,7804,10696,12112,16358,17013,15348,16028,8740,10623,2871,5456,930,871,1676,2224,2239,3569,3233,5305,5062,5964,8413,8548,6237,7546,2692,5124,100109,46383,14158,8218,27750,12140,2894,3,2
2021-06-05T23:59:59+02:00,7,6,2466,2536,4892,5140,6690,7774,10666,12085,16349,17006,15348,16028,8740,10623,2871,5456,914,856,1643,2195,2199,3513,3130,5223,4709,5635,7818,7844,6209,7492,2691,5122,99884,43997,14158,8212,27748,12096,2890,3,2
2021-06-04T23:59:59+02:00,6,5,2435,2507,4847,5096,6642,7721,10577,11981,16297,16942,15344,16021,8740,10622,2870,5455,902,838,1620,2175,2157,3476,3078,5165,4546,5446,7517,7476,6173,7450,2689,5116,99353,42711,14151,8210,27748,12052,2853,3,2
2021-06-03T23:59:59+02:00,6,5,2332,2379,4696,4922,6433,7473,9876,11347,15707,16492,15333,16011,8737,10616,2869,5454,885,808,1580,2116,2108,3396,2988,5055,4400,5279,7358,7287,6161,7423,2689,5112,96014,41663,14112,8200,27743,11968,2816,3,2
2021-06-02T23:59:59+02:00,6,5,2315,2354,4651,4889,6378,7436,9776,11259,15647,16439,15325,16007,8736,10612,2869,5453,873,796,1561,2092,2055,3359,2902,4969,4039,4890,6801,6648,6117,7367,2685,5101,95489,39324,14110,8195,27743,11925,2812,3,2
2021-06-01T23:59:59+02:00,6,4,2252,2314,4530,4796,6213,7319,9587,11111,15539,16362,15322,16003,8732,10608,2868,5448,839,769,1496,2043,1939,3296,2748,4876,3836,4763,6591,6416,6095,7349,2679,5094,94615,38241,14060,8173,27731,11810,2605,3,2
2021-05-31T23:59:59+02:00,2,4,2202,2255,4432,4704,6069,7194,9401,10962,15453,16306,15314,15996,8729,10608,2868,5448,816,735,1439,1984,1867,3247,2573,4820,3706,4709,6234,6002,6072,7328,2676,5086,93893,37061,13973,8166,27720,11709,2358,3,2
2021-05-30T23:59:59+02:00,2,4,2177,2234,4376,4643,5974,7134,9326,10900,15416,16286,15313,15993,8729,10608,2868,5448,804,724,1416,1961,1817,3221,2440,4785,3601,4691,6232,6000,6072,7328,2676,5086,93442,36744,13934,8144,27710,11624,2342,3,2
2021-05-29T23:59:59+02:00,2,4,2161,2219,4356,4631,5957,7117,9313,10887,15411,16283,15312,15993,8729,10608,2868,5448,786,672,1323,1703,1683,2860,2240,4238,3322,4261,6142,5906,5960,7196,2675,5086,93313,36691,13931,8138,27710,8882,2342,3,2
2021-05-28T23:59:59+02:00,2,4,2140,2196,4317,4585,5912,7072,9235,10817,15343,16231,15308,15991,8729,10608,2868,5447,767,582,1245,1450,1585,2458,2062,3550,3058,3666,5503,5165,5878,7105,2671,5073,92835,35390,13918,8138,27708,5949,2341,3,2
2021-05-27T23:59:59+02:00,2,4,2098,2158,4230,4518,5789,6998,9079,10717,15245,16147,15307,15990,8729,10608,2868,5447,737,548,1213,1367,1543,2321,1992,3408,2945,3547,5067,4684,5845,7066,2660,5044,92152,34266,13768,8129,27685,5266,2326,3,2
2021-05-26T23:59:59+02:00,2,4,2030,2039,4035,4373,5448,6734,8108,9973,14482,15444,15295,15984,8725,10602,2866,5444,726,533,1187,1306,1497,2262,1934,3293,2793,3403,3759,3303,5786,6994,2637,4986,91376,30988,10240,8112,27669,4999,2300,3,2
2021-05-25T23:59:59+02:00,2,4,1993,2002,3955,4306,5353,6668,7973,9866,14104,15008,15247,15947,8718,10587,2864,5440,721,526,1159,1271,1477,2237,1914,3265,2767,3377,3753,3293,5779,6991,2635,4985,90031,30899,10091,8102,27653,4890,2259,3,2
2021-05-24T23:59:59+02:00,2,4,1967,1958,3868,4230,5247,6586,7848,9742,13594,14393,15196,15880,8711,10574,2863,5435,715,518,1140,1259,1445,2222,1892,3246,2741,3355,3736,3275,5757,6967,2626,4969,88243,30765,10012,8051,27642,4850,2198,3,1
2021-05-23T23:59:59+02:00,2,4,1958,1946,3849,4208,5229,6573,7796,9711,13518,14330,15185,15876,8709,10573,2862,5435,708,507,1129,1246,1420,2198,1834,3210,2633,3257,3325,2842,5114,6157,2611,4924,88010,30591,9911,5498,27642,4829,2198,3,1
2021-05-22T23:59:59+02:00,2,4,1791,1904,3547,4158,4827,6530,7539,9654,13393,14251,15179,15875,8709,10572,2862,5435,546,476,836,1204,1043,2163,1594,3157,2519,3182,3322,2840,5114,6156,2611,4924,87859,30579,9911,5497,27640,4793,819,3,1
2021-05-21T23:59:59+02:00,2,3,1706,1796,3390,3966,4637,6235,7142,9288,12100,12917,15028,15727,8672,10525,2853,5424,542,464,826,1202,1041,2155,1559,3127,2441,3106,3148,2703,5088,6113,2608,4909,83086,29945,9871,5496,27634,4774,817,3,1
2021-05-20T23:59:59+02:00,2,3,1668,1762,3295,3916,4530,6152,6965,9205,11889,12687,15007,15709,8668,10518,2852,5423,521,449,784,1156,984,2091,1439,3055,2315,3009,2960,2532,5047,6037,2600,4894,82243,29198,9768,5481,27578,4534,660,2,1
2021-05-19T23:59:59+02:00,2,3,1647,1736,3237,3860,4435,6085,6848,9140,11656,12426,14996,15698,8665,10517,2852,5422,512,437,768,1119,967,2022,1329,2907,1989,2715,2397,2037,4942,5919,2578,4847,81422,27132,9629,5466,27551,4266,621,2,1
2021-05-18T23:59:59+02:00,2,3,1586,1703,3149,3770,4322,5981,6688,8981,11364,12169,14951,15650,8653,10494,2850,5412,509,425,752,1103,949,2005,1246,2842,1709,2492,1956,1693,4869,5836,2557,4804,80321,25593,9427,5456,27482,4202,496,2,1
2021-05-17T23:59:59+02:00,2,3,1537,1622,3019,3612,4118,5702,6340,8522,10815,11620,14842,15557,8634,10469,2845,5401,507,417,746,1096,930,2000,1222,2818,1682,2455,1940,1673,4862,5829,2554,4802,77423,25529,9390,5442,27458,4175,387,2,1
2021-05-16T23:59:59+02:00,2,3,1518,1600,2966,3571,4023,5615,6191,8386,10639,11486,14816,15535,8626,10461,2844,5399,500,411,724,1081,900,1984,1193,2790,1649,2431,1933,1664,4859,5825,2551,4800,76677,25499,9331,5424,27428,4129,243,2,1
2021-05-15T23:59:59+02:00,2,3,1432,1502,2756,3405,3794,5338,5832,7914,10286,11191,14731,15473,8607,10432,2838,5390,500,409,720,1079,900,1980,1188,2789,1643,2426,1921,1652,4852,5819,2551,4798,73930,25437,9331,5424,27421,4124,242,2,1
2021-05-14T23:59:59+02:00,2,3,1398,1439,2645,3308,3642,5181,5633,7625,10067,10938,14696,15435,8594,10409,2835,5386,451,368,649,913,827,1694,1060,2379,1462,2101,1887,1612,4849,5811,2550,4794,72286,25374,9312,5422,27398,2373,238,2,1
2021-05-13T23:59:59+02:00,2,3,1341,1372,2543,3224,3473,5044,5414,7419,9840,10759,14670,15406,8584,10406,2833,5383,444,355,622,885,725,1587,960,2294,1197,1888,1168,1032,4629,5576,2542,4761,71123,25254,9000,2880,27368,2308,223,2,1
2021-05-12T23:59:59+02:00,2,3,1334,1362,2526,3218,3455,5031,5393,7406,9825,10748,14668,15402,8582,10404,2832,5383,444,354,621,884,721,1584,955,2294,1193,1882,1149,1023,4616,5538,2508,4692,71008,25051,8976,2880,27366,2305,222,2,1
2021-05-11T23:59:59+02:00,2,2,1292,1320,2453,3136,3341,4904,5197,7259,9538,10440,14620,15344,8570,10384,2828,5374,438,341,603,870,698,1567,927,2270,1167,1856,1094,987,4553,5440,2465,4568,69668,24559,8853,2862,27281,2223,200,2,1
2021-05-10T23:59:59+02:00,2,2,1270,1293,2389,3059,3214,4778,5066,7101,9213,10060,14574,15305,8561,10365,2823,5372,437,339,590,861,684,1552,915,2254,1149,1842,1059,953,4491,5364,2424,4450,68312,24144,8731,2859,27212,2171,190,2,1
2021-05-09T23:59:59+02:00,2,2,1255,1276,2347,3044,3135,4742,5002,7068,9147,10015,14561,15290,8559,10360,2823,5370,429,337,576,856,661,1532,893,2234,1137,1828,1040,937,4478,5326,2408,4407,68073,23981,8655,2857,27164,2137,104,2,1
2021-05-08T23:59:59+02:00,1,2,1253,1272,2333,3032,3117,4731,4962,7053,9123,10007,14560,15290,8559,10359,2823,5370,429,337,575,856,660,1532,893,2233,1136,1827,1040,937,4477,5326,2408,4407,67930,23979,8649,2854,27162,2136,104,2,1
2021-05-07T23:59:59+02:00,1,2,1233,1251,2293,2991,3065,4683,4863,6961,8898,9760,14543,15267,8553,10353,2820,5366,381,311,543,788,623,1370,823,2026,1046,1638,1010,908,4456,5304,2406,4402,67019,23874,8642,2850,27136,1207,104,2,1
2021-05-06T23:59:59+02:00,1,2,1086,1159,2065,2748,2766,4372,4492,6560,8307,9153,14263,15028,8513,10296,2817,5365,380,307,530,769,606,1338,804,1991,1013,1610,983,876,4446,5290,2404,4398,63380,23744,8514,2799,27000,1105,97,2,1
2021-05-05T23:59:59+02:00,1,1,1021,1107,1953,2635,2606,4200,4196,6281,7290,7967,14177,14929,8478,10255,2804,5345,377,304,523,759,591,1329,770,1977,987,1590,910,814,4405,5218,2396,4382,59850,23424,8468,2778,26876,1080,50,2,1
2021-05-04T23:59:59+02:00,1,1,999,1087,1901,2596,2504,4132,3976,6167,7009,7749,13671,14362,8447,10222,2799,5336,374,303,518,755,579,1324,753,1958,971,1583,892,790,4384,5202,2393,4373,57791,23289,8409,2763,26715,1058,42,2,1
2021-05-03T23:59:59+02:00,1,1,967,1050,1839,2543,2398,4021,3775,6049,6651,7447,13135,13736,8410,10184,2792,5321,368,302,516,749,568,1317,744,1947,957,1570,866,766,4366,5184,2387,4360,55362,23177,8383,2752,26572,1037,1,2,1
2021-05-02T23:59:59+02:00,1,1,962,1049,1820,2537,2369,4012,3730,6039,6615,7438,13134,13735,8410,10183,2792,5321,368,302,513,749,567,1315,739,1947,956,1566,864,762,4364,5180,2387,4360,55223,23158,8377,2750,26545,1030,1,2,1
2021-05-01T23:59:59+02:00,1,1,962,1047,1812,2533,2357,4004,3717,6031,6601,7429,13133,13732,8410,10183,2792,5321,368,302,513,749,567,1315,738,1946,954,1566,864,762,4364,5180,2387,4360,55145,23158,8375,2746,26543,1030,1,2,1
2021-04-30T23:59:59+02:00,0,1,946,1042,1792,2517,2336,3969,3680,5998,6522,7375,13037,13628,8409,10178,2789,5309,318,247,472,673,538,1137,708,1723,920,1362,853,744,4360,5177,2387,4360,54647,23144,8374,2741,26504,93,1,2,1
2021-04-29T23:59:59+02:00,0,1,892,1017,1736,2467,2272,3910,3532,5874,6284,7152,12776,13354,8387,10149,2785,5302,311,245,462,666,535,1129,701,1712,909,1352,845,729,4351,5169,2387,4358,53050,23054,8358,2735,26479,71,1,2,1
2021-04-28T23:59:59+02:00,0,1,831,983,1656,2404,2128,3799,3248,5621,5681,6645,11939,12435,8328,10060,2761,5265,310,242,460,659,527,1116,690,1691,899,1345,830,713,4332,5142,2385,4358,48992,22931,8351,2716,26439,51,1,2,1
2021-04-27T23:59:59+02:00,0,1,822,978,1638,2383,2083,3780,3177,5596,5555,6521,11910,12418,8326,10058,2761,5263,309,240,454,657,519,1110,681,1679,889,1339,819,701,4328,5136,2384,4352,48513,22853,8346,2700,26408,43,1,2,1
2021-04-26T23:59:59+02:00,0,1,812,966,1612,2365,2023,3739,2999,5518,5223,6235,11345,11773,8271,9993,2756,5253,307,239,453,656,514,1104,670,1673,880,1328,810,692,4323,5131,2384,4348,46180,22802,8337,2671,26365,38,1,1,1
2021-04-25T23:59:59+02:00,0,1,802,964,1595,2359,1985,3722,2873,5495,5129,6230,11341,11769,8267,9987,2755,5252,306,238,453,656,514,1097,670,1671,877,1326,810,691,4323,5131,2384,4348,45851,22796,8331,2667,26342,31,1,1,1
2021-04-24T23:59:59+02:00,0,1,788,954,1573,2339,1945,3677,2776,5426,4786,5906,10727,11044,8236,9928,2754,5250,306,238,453,656,514,1096,669,1669,876,1326,805,687,4313,5115,2382,4347,43442,22759,8330,2662,26336,30,1,1,1
2021-04-23T23:59:59+02:00,0,1,783,946,1560,2329,1915,3650,2737,5373,4625,5720,10418,10662,8196,9886,2751,5241,306,237,453,656,514,1095,668,1669,874,1326,805,686,4310,5112,2382,4347,42141,22748,8329,2661,26321,30,1,1,1
2021-04-22T23:59:59+02:00,0,1,766,932,1532,2286,1865,3581,2650,5282,4472,5566,10274,10468,8182,9855,2749,5233,306,236,451,645,512,1089,662,1661,868,1317,799,682,4307,5110,2382,4345,41140,22712,8301,2637,26251,22,1,1,1
2021-04-21T23:59:59+02:00,0,1,755,920,1507,2274,1813,3536,2545,5194,4087,5146,9677,9784,8133,9791,2745,5222,304,236,449,644,512,1088,658,1658,863,1312,786,670,4297,5096,2382,4341,38621,22662,8285,2613,26222,20,1,1,1
2021-04-20T23:59:59+02:00,0,1,748,908,1486,2247,1782,3505,2495,5136,3950,5051,9480,9564,8116,9781,2741,5219,304,235,449,643,511,1086,657,1654,860,1306,780,665,4293,5091,2382,4341,37786,22630,8273,2607,26149,20,1,1,0
2021-04-19T23:59:59+02:00,0,1,741,899,1478,2239,1763,3487,2463,5109,3885,4992,9109,9147,8091,9756,2738,5213,304,233,448,639,509,1083,654,1652,856,1302,775,659,4284,5089,2382,4339,36756,22592,8261,2596,26092,20,1,1,0
2021-04-18T23:59:59+02:00,0,1,737,896,1473,2233,1745,3480,2444,5097,3877,4990,9099,9136,8091,9755,2738,5213,303,233,448,636,508,1079,652,1649,853,1302,774,657,4284,5087,2382,4339,36696,22584,8241,2582,26066,20,1,1,0
2021-04-17T23:59:59+02:00,0,1,721,890,1385,2223,1645,3468,2407,5067,3796,4912,8384,8414,8075,9742,2738,5213,303,233,446,634,507,1078,651,1649,852,1299,774,657,4283,5087,2382,4339,36688,22572,8241,2582,24150,20,1,1,0
2021-04-16T23:59:59+02:00,0,1,706,872,1256,2200,1493,3445,2321,5001,3634,4747,7044,6863,8040,9693,2725,5181,303,232,441,626,503,1074,641,1647,848,1289,764,651,4277,5073,2379,4337,35309,22495,8231,2578,21680,12,1,1,0
2021-04-15T23:59:59+02:00,0,1,685,862,1245,2187,1472,3427,2263,4964,3562,4695,6606,6364,7999,9629,2701,5106,296,226,427,615,486,1060,607,1620,813,1259,673,590,3779,4561,2355,4301,33985,22436,8176,1224,21605,8,1,1,0
2021-04-14T23:59:59+02:00,0,1,680,858,1226,2173,1440,3408,2218,4927,3430,4601,5265,4959,7948,9564,2679,5069,288,221,424,609,479,1057,600,1612,808,1256,658,574,3766,4551,2351,4296,30752,22348,8164,1195,21528,7,1,1,0
2021-04-13T23:59:59+02:00,0,1,677,858,1217,2168,1424,3406,2210,4916,3410,4586,5246,4942,7942,9561,2678,5067,288,220,422,607,476,1054,598,1608,797,1253,640,569,3764,4548,2351,4296,30671,22327,8143,1157,21493,7,1,1,0
2021-04-12T23:59:59+02:00,0,1,672,850,1204,2158,1408,3395,2175,4901,3379,4562,5221,4927,7929,9549,2675,5034,287,219,420,607,474,1048,596,1604,789,1245,635,566,3758,4547,2351,4296,30538,22299,8098,1136,21402,7,1,1,0
2021-04-11T23:59:59+02:00,0,1,664,846,1188,2146,1390,3380,2107,4876,3260,4478,4802,4485,7256,8723,2668,5029,287,219,418,607,472,1046,591,1601,785,1243,631,563,3754,4542,2351,4296,30508,22292,5479,1107,21310,7,1,1,0
2021-04-10T23:59:59+02:00,0,1,664,844,1187,2145,1388,3376,2105,4873,3257,4471,4758,4438,7252,8717,2668,5028,282,216,416,596,459,1030,564,1584,753,1218,559,493,3186,3922,2301,4201,30385,20666,5476,1107,21309,7,1,1,0
2021-04-09T23:59:59+02:00,0,1,660,843,1179,2142,1384,3371,2073,4851,3178,4390,4560,4272,7217,8668,2664,5012,272,209,406,582,440,1014,538,1565,732,1195,479,432,2529,3102,2252,4105,29695,18739,5472,1106,21296,7,1,1,0
2021-04-08T23:59:59+02:00,0,1,650,833,1163,2130,1367,3339,2011,4797,3028,4279,3505,3115,6976,8304,2653,4997,259,201,389,564,417,1000,516,1534,699,1172,458,405,2519,3093,2249,4102,28888,18512,5422,1058,18836,7,1,1,0
2021-04-07T23:59:59+02:00,0,1,643,827,1150,2121,1348,3326,1902,4717,2706,4029,2896,2586,6864,8180,2628,4944,245,194,362,540,379,966,473,1500,664,1144,431,381,2459,3029,2244,4094,26703,18060,5401,1039,18762,6,1,1,0
2021-04-06T23:59:59+02:00,0,1,633,818,1111,2114,1324,3308,1784,4666,2427,3861,2443,2237,6786,8089,2606,4906,221,181,328,513,354,947,436,1477,629,1113,396,339,2404,2954,2238,4084,25099,17587,5384,1021,18629,6,1,1,0
2021-04-05T23:59:59+02:00,0,1,630,816,1100,2109,1318,3305,1775,4656,2412,3844,2151,1891,5662,6770,2604,4905,221,181,327,509,348,941,432,1475,625,1109,393,336,2402,2948,2238,4082,25067,17577,5372,984,15508,6,1,1,0
2021-04-04T23:59:59+02:00,0,1,629,815,1100,2109,1318,3304,1775,4656,2410,3842,2150,1888,5662,6766,2604,4905,221,181,326,509,348,941,431,1475,625,1109,393,336,2401,2948,2238,4082,25058,17574,5372,984,15502,6,1,1,0
2021-04-03T23:59:59+02:00,0,1,629,815,1100,2108,1318,3304,1774,4654,2406,3842,2149,1885,5661,6766,2604,4905,221,181,326,509,348,941,431,1475,624,1109,393,336,2401,2948,2238,4082,25052,17573,5368,984,15499,6,1,1,0
2021-04-02T23:59:59+02:00,0,1,629,814,1100,2108,1314,3303,1771,4649,2405,3839,2141,1876,5649,6750,2600,4893,221,181,326,507,348,940,430,1474,623,1098,391,336,2401,2947,2238,4082,24983,17553,5363,984,15494,6,1,1,0
2021-04-01T23:59:59+02:00,0,1,625,803,1078,2089,1216,3208,1680,4580,2146,3631,1408,1287,5440,6537,2590,4863,217,180,326,506,347,939,429,1472,623,1097,388,334,2401,2947,2238,4078,24872,17541,2852,975,15456,6,1,1,0
2021-03-31T23:59:59+02:00,0,1,623,802,1074,2085,1211,3200,1669,4575,2128,3618,1380,1254,5411,6482,2549,4763,216,180,326,505,346,939,429,1471,622,1095,385,331,2397,2946,2236,4076,24546,17527,2838,967,15439,6,1,1,0
2021-03-30T23:59:59+02:00,0,1,621,795,1069,2081,1205,3195,1659,4561,2121,3603,1333,1208,5324,6351,2502,4608,216,179,326,504,343,935,424,1468,615,1084,370,320,2294,2793,2113,3849,24009,16902,2816,925,15411,6,1,0,0
2021-03-29T23:59:59+02:00,0,1,619,793,1066,2073,1195,3189,1652,4549,2108,3590,1297,1177,5260,6256,2448,4474,215,178,324,502,341,933,422,1463,610,1079,363,315,2069,2526,1886,3469,23564,15767,2789,922,15393,6,1,0,0
2021-03-28T23:59:59+02:00,0,1,619,790,1064,2067,1192,3182,1647,4538,2102,3585,1281,1168,5249,6234,2436,4441,213,178,323,499,332,929,419,1456,607,1067,356,303,2064,2512,1885,3466,23454,15739,2771,867,15370,3,1,0,0
2021-03-27T23:59:59+01:00,0,1,566,729,984,1999,1111,3063,1529,4413,2000,3503,1212,1098,4646,5501,2436,4441,211,177,323,499,332,929,415,1454,606,1064,355,303,2063,2511,1885,3466,23437,15723,2766,867,13028,3,1,0,0
2021-03-26T23:59:59+01:00,0,1,563,724,977,1988,1109,3057,1519,4406,1983,3495,1168,1067,4616,5467,2435,4437,210,174,323,497,329,928,413,1453,601,1057,347,298,1658,1976,1460,2739,23241,13599,2756,861,13014,3,1,0,0
2021-03-25T23:59:59+01:00,0,1,560,718,964,1980,1106,3048,1512,4394,1968,3485,1158,1057,4608,5462,2435,4435,209,171,321,496,327,923,410,1447,597,1048,343,294,1561,1854,1423,2663,23195,13246,2748,838,12947,3,1,0,0
2021-03-24T23:59:59+01:00,0,1,558,712,956,1969,1093,3032,1483,4376,1954,3477,1123,1027,4581,5427,2430,4430,208,171,320,495,323,919,406,1439,587,1030,330,284,1233,1471,1267,2394,23054,12096,2722,778,12852,3,1,0,0
2021-03-23T23:59:59+01:00,0,1,556,707,951,1956,1089,3022,1476,4362,1944,3469,1110,1016,4562,5413,2430,4426,207,171,318,492,315,916,405,1439,581,1026,322,277,994,1205,1151,2214,22979,11274,2713,756,12797,3,1,0,0
2021-03-22T23:59:59+01:00,0,1,555,698,946,1942,1083,3013,1467,4346,1930,3459,1107,1012,4557,5412,2430,4426,206,171,317,490,314,914,402,1436,578,1022,318,273,993,1201,1151,2211,22954,11258,2697,736,12732,3,1,0,0
2021-03-21T23:59:59+01:00,0,1,552,695,943,1934,1080,3009,1459,4333,1918,3452,1104,1011,4557,5410,2430,4426,205,171,317,489,312,910,402,1431,572,1020,308,268,989,1196,1150,2211,22950,11255,2684,693,12679,3,1,0,0
2021-03-20T23:59:59+01:00,0,1,547,688,938,1917,1063,2992,1431,4315,1884,3423,1032,940,3971,4770,2378,4326,205,171,317,489,312,910,402,1431,572,1020,308,268,989,1196,1149,2210,21275,11253,2683,693,12657,3,1,0,0
2021-03-19T23:59:59+01:00,0,1,538,679,920,1889,1036,2972,1395,4289,1858,3392,945,875,3290,3930,2327,4227,202,171,315,489,311,907,400,1429,568,1013,305,267,976,1183,1118,2170,19277,11230,2672,591,12613,3,1,0,0
2021-03-18T23:59:59+01:00,0,1,525,667,903,1863,1013,2946,1355,4248,1814,3339,847,811,2774,3395,2304,4193,197,169,312,485,308,897,396,1423,566,1008,302,260,870,1086,1005,1977,19198,10844,1264,414,12535,3,1,0,0
2021-03-17T23:59:59+01:00,0,1,523,657,894,1843,1000,2925,1333,4226,1797,3323,817,786,2686,3304,2298,4188,195,168,310,483,305,896,389,1419,563,1004,299,255,628,811,699,1526,18889,9916,1225,34,12486,0,1,0,0
2021-03-16T23:59:59+01:00,0,1,521,648,885,1822,979,2909,1316,4214,1773,3307,788,775,2638,3223,2296,4183,195,168,308,483,303,893,386,1417,560,999,293,251,380,571,508,1216,18681,8904,1185,28,12412,0,0,0,0
2021-03-15T23:59:59+01:00,0,1,521,638,880,1802,968,2887,1311,4207,1765,3298,782,771,2635,3222,2296,4183,194,168,307,482,302,893,386,1416,557,999,293,251,380,570,507,1216,18666,8897,1162,25,12339,0,0,0,0
2021-03-14T23:59:59+01:00,0,1,520,632,873,1790,961,2880,1301,4194,1755,3285,777,767,2630,3219,2296,4183,194,168,306,482,301,891,384,1414,557,999,292,251,380,570,507,1216,18661,8894,1132,19,12271,0,0,0,0
2021-03-13T23:59:59+01:00,0,1,499,581,780,1529,830,2497,1107,3631,1473,2857,696,678,2527,3093,2295,4182,194,168,306,482,301,891,384,1414,557,999,292,251,380,570,507,1216,18657,8894,1132,19,9467,0,0,0,0
2021-03-12T23:59:59+01:00,0,1,484,498,716,1260,739,2101,935,2943,1226,2263,555,526,2483,3048,2295,4182,194,166,306,482,301,889,383,1414,557,996,292,250,367,550,458,1151,18628,8737,1131,19,6496,0,0,0,0
2021-03-11T23:59:59+01:00,0,1,460,462,682,1189,693,1995,875,2798,1144,2151,499,466,2469,3036,2294,4180,194,166,305,480,300,888,383,1411,556,996,292,249,354,533,409,1106,18432,8606,1083,16,5879,0,0,0,0
2021-03-10T23:59:59+01:00,0,1,446,452,649,1155,653,1962,833,2762,1111,2122,480,450,2455,3016,2293,4176,190,164,301,473,300,887,378,1405,550,989,288,243,229,434,176,837,18156,7834,1063,10,5797,0,0,0,0
2021-03-09T23:59:59+01:00,0,1,430,435,618,1125,630,1942,810,2734,1089,2098,458,429,2361,2873,2167,3944,190,164,299,471,299,886,377,1402,550,986,286,242,229,434,175,836,17387,7826,1046,0,5711,0,0,0,0
2021-03-08T23:59:59+01:00,0,1,417,414,596,1095,612,1920,794,2709,1067,2072,436,401,2130,2597,1938,3562,190,163,299,469,298,881,377,1396,550,984,285,240,229,433,175,836,16136,7805,1017,0,5608,0,0,0,0
2021-03-07T23:59:59+01:00,0,1,416,413,589,1077,598,1912,791,2696,1062,2062,435,400,2125,2589,1937,3559,190,163,298,468,298,880,377,1393,550,983,285,240,229,433,175,836,16108,7798,1007,0,5547,0,0,0,0
2021-03-06T23:59:59+01:00,0,1,416,410,586,1064,595,1910,784,2689,1058,2055,434,400,2125,2589,1937,3559,190,163,298,468,298,880,377,1393,550,982,284,240,229,433,175,836,16100,7796,1007,0,5505,0,0,0,0
2021-03-05T23:59:59+01:00,0,1,410,395,580,1052,590,1901,779,2679,1051,2047,420,392,1701,2024,1501,2802,187,158,294,468,295,878,375,1390,548,978,284,240,229,433,175,836,13861,7768,1007,0,5457,0,0,0,0
2021-03-04T23:59:59+01:00,0,1,400,370,552,1013,571,1844,750,2625,1030,1998,416,388,1608,1905,1461,2725,176,150,283,457,294,870,373,1376,546,974,283,240,229,433,175,836,13503,7695,1001,0,5153,0,0,0,0
2021-03-03T23:59:59+01:00,0,1,397,364,545,982,553,1812,726,2577,1012,1958,408,382,1282,1525,1302,2451,175,149,282,456,293,869,369,1369,543,967,281,238,228,432,173,831,12339,7655,992,0,4946,0,0,0,0
2021-03-02T23:59:59+01:00,0,1,393,359,537,948,539,1792,717,2553,1001,1939,397,372,1036,1256,1182,2268,175,147,281,446,289,863,369,1360,543,961,281,238,228,432,173,831,11508,7617,955,0,4827,0,0,0,0
2021-03-01T23:59:59+01:00,0,1,391,352,528,925,520,1761,708,2529,990,1922,393,365,1035,1249,1182,2264,175,145,281,437,286,853,366,1345,540,955,279,236,227,431,173,831,11488,7560,920,0,4707,0,0,0,0
2021-02-28T23:59:59+01:00,0,1,386,349,525,917,513,1750,704,2517,985,1907,388,360,1035,1247,1182,2264,173,144,281,436,286,852,366,1345,539,955,279,236,227,431,173,831,11483,7554,892,0,4655,0,0,0,0
2021-02-27T23:59:59+01:00,0,1,385,347,520,910,511,1744,701,2508,982,1905,387,359,1035,1247,1181,2264,173,144,281,436,286,852,366,1345,538,955,279,236,227,431,173,831,11482,7553,892,0,4613,0,0,0,0
2021-02-26T23:59:59+01:00,0,1,338,301,452,738,435,1436,574,2091,811,1564,359,329,1035,1244,1181,2264,173,142,281,432,284,844,364,1337,536,952,279,236,227,431,173,831,11471,7522,881,0,2801,0,0,0,0
2021-02-25T23:59:59+01:00,0,1,318,292,441,717,423,1400,559,2043,793,1532,352,321,949,1152,1107,2138,122,129,261,427,275,832,352,1321,531,945,279,234,227,431,173,831,11061,7370,851,0,2626,0,0,0,0
2021-02-24T23:59:59+01:00,0,1,313,286,436,701,416,1365,543,1995,771,1488,345,308,739,918,920,1829,122,123,259,421,272,822,350,1308,524,939,277,232,225,430,173,829,10112,7306,810,0,2452,0,0,0,0
2021-02-23T23:59:59+01:00,0,1,311,274,428,687,405,1341,535,1961,752,1469,331,298,486,669,727,1522,122,122,258,419,270,816,350,1302,523,931,276,231,224,430,171,828,9099,7273,765,0,2333,0,0,0,0
2021-02-22T23:59:59+01:00,0,1,311,273,427,680,404,1336,531,1950,747,1465,331,296,485,667,727,1521,122,117,253,409,269,799,346,1277,518,923,272,230,224,430,171,828,9094,7188,754,0,2304,0,0,0,0
2021-02-21T23:59:59+01:00,0,1,308,272,425,674,401,1327,528,1942,741,1461,320,291,481,662,725,1521,122,117,252,408,269,796,343,1274,510,920,271,229,223,429,170,817,9089,7150,712,0,2279,0,0,0,0
2021-02-20T23:59:59+01:00,0,1,308,269,425,672,401,1319,527,1933,739,1457,320,291,481,662,725,1521,122,117,252,408,269,796,343,1274,509,920,271,229,223,429,170,817,9089,7149,712,0,2250,0,0,0,0
2021-02-19T23:59:59+01:00,0,0,262,243,393,596,367,1150,469,1720,630,1247,311,275,455,626,643,1412,122,117,252,408,268,796,343,1274,509,920,271,229,223,429,170,817,8867,7148,605,0,1327,0,0,0,0
2021-02-18T23:59:59+01:00,0,0,261,238,385,587,356,1128,456,1702,620,1240,311,273,401,578,530,1280,119,114,248,402,261,789,340,1265,506,919,269,227,223,429,170,817,8679,7098,424,0,1243,0,0,0,0
2021-02-17T23:59:59+01:00,0,0,255,234,373,573,349,1119,433,1686,612,1228,306,266,240,442,185,861,111,101,245,396,256,773,334,1249,500,908,265,224,222,429,170,817,7942,7000,32,0,1188,0,0,0,0
2021-02-16T23:59:59+01:00,0,0,253,232,362,571,339,1110,425,1672,607,1221,303,263,239,441,185,861,82,88,225,370,245,743,316,1209,468,873,243,209,214,409,169,810,7933,6673,28,0,1123,0,0,0,0
2021-02-15T23:59:59+01:00,0,0,251,232,360,566,337,1104,423,1660,604,1215,303,263,239,440,184,861,81,86,221,359,238,731,306,1182,452,850,230,202,201,385,162,753,7926,6439,25,0,1091,0,0,0,0
2021-02-14T23:59:59+01:00,0,0,250,230,354,563,333,1095,419,1654,601,1212,303,263,239,440,184,861,77,84,214,354,235,723,301,1169,448,835,229,200,201,374,162,743,7916,6349,20,0,1065,0,0,0,0
2021-02-13T23:59:59+01:00,0,0,250,230,354,563,333,1095,417,1654,601,1211,302,263,239,440,184,861,77,84,214,354,235,723,301,1169,448,835,229,200,201,374,162,743,7914,6349,20,0,1063,0,0,0,0
2021-02-12T23:59:59+01:00,0,0,194,169,306,485,306,899,384,1416,564,998,294,248,238,440,184,861,74,83,211,353,233,720,295,1165,445,830,225,197,201,372,162,743,7901,6309,20,0,65,0,0,0,0
2021-02-11T23:59:59+01:00,0,0,192,168,300,474,302,885,378,1397,554,990,294,248,238,440,184,861,73,80,200,327,223,676,275,1114,427,780,224,194,201,367,162,740,7861,6063,17,0,27,0,0,0,0
2021-02-10T23:59:59+01:00,0,0,190,161,296,470,299,880,372,1386,550,982,292,246,236,439,184,859,68,74,183,299,212,616,258,1029,402,727,215,179,187,337,147,689,7818,5622,11,0,13,0,0,0,0
2021-02-09T23:59:59+01:00,0,0,185,154,292,462,298,871,372,1376,548,973,289,245,236,439,183,858,59,59,145,236,183,511,220,837,346,592,194,153,165,301,137,612,7773,4750,2,0,6,0,0,0,0
2021-02-08T23:59:59+01:00,0,0,179,147,288,450,293,861,368,1356,541,966,285,241,235,438,181,854,32,46,100,146,134,284,161,457,252,386,163,125,136,243,112,508,7675,3285,2,0,6,0,0,0,0
2021-02-07T23:59:59+01:00,0,0,177,145,285,449,292,859,367,1355,540,965,284,240,235,438,181,854,19,40,82,124,129,263,152,423,236,360,153,120,126,232,105,470,7665,3034,1,0,0,0,0,0,0
2021-02-06T23:59:59+01:00,0,0,177,145,285,449,292,859,367,1355,540,965,284,240,235,438,181,854,19,37,80,121,119,248,141,406,205,339,138,116,125,227,104,459,7665,2884,1,0,0,0,0,0,0
2021-02-05T23:59:59+01:00,0,0,177,143,285,445,291,848,365,1347,536,962,284,239,235,438,181,853,18,33,76,116,112,234,135,379,188,321,133,111,121,222,96,442,7628,2737,1,0,0,0,0,0,0
2021-02-04T23:59:59+01:00,0,0,169,138,284,441,284,839,361,1336,527,953,283,237,234,437,181,851,11,20,50,78,83,177,113,288,155,263,115,97,109,206,86,398,7555,2249,0,0,0,0,0,0,0
2021-02-03T23:59:59+01:00,0,0,151,131,274,435,281,832,359,1325,527,951,283,237,233,437,181,850,11,18,42,67,74,142,89,256,134,222,96,83,94,177,78,350,7487,1933,0,0,0,0,0,0,0
2021-02-02T23:59:59+01:00,0,0,131,126,262,433,278,824,354,1319,526,944,282,237,232,437,180,849,11,15,34,61,62,120,74,212,103,172,64,58,69,114,53,225,7414,1447,0,0,0,0,0,0,0
2021-02-01T23:59:59+01:00,0,0,126,121,257,418,276,807,352,1294,520,932,277,235,232,437,180,849,4,9,19,33,31,66,45,118,59,71,29,29,29,48,28,109,7313,727,0,0,0,0,0,0,0
2021-01-31T23:59:59+01:00,0,0,125,118,255,415,275,803,349,1288,515,930,277,232,231,436,180,849,4,6,14,23,26,47,32,72,39,43,15,9,14,28,22,63,7278,457,0,0,0,0,0,0,0
2021-01-30T23:59:59+01:00,0,0,125,118,255,415,275,802,349,1287,514,930,277,232,231,436,180,849,4,6,13,20,23,40,27,64,36,41,15,9,14,28,22,63,7275,425,0,0,0,0,0,0,0
2021-01-29T23:59:59+01:00,0,0,125,118,255,415,274,802,349,1287,514,930,277,232,231,436,180,849,4,6,7,18,21,31,22,56,32,38,15,9,14,27,21,62,7274,383,0,0,0,0,0,0,0
2021-01-28T23:59:59+01:00,0,0,123,115,251,408,270,795,346,1280,510,929,277,232,231,436,180,849,1,3,2,8,13,13,12,27,12,23,11,5,7,14,7,25,7232,183,0,0,0,0,0,0,0
2021-01-27T23:59:59+01:00,0,0,115,105,249,403,267,786,341,1273,504,922,272,229,230,435,180,849,0,0,1,4,9,11,8,20,10,17,10,5,7,14,7,25,7160,148,0,0,0,0,0,0,0
2021-01-26T23:59:59+01:00,0,0,88,93,231,386,259,761,328,1235,478,891,252,217,220,417,180,841,0,0,1,4,9,11,8,20,10,17,10,5,7,14,7,25,6877,148,0,0,0,0,0,0,0
2021-01-25T23:59:59+01:00,0,0,85,88,229,366,246,742,314,1202,460,866,235,210,209,395,175,785,0,0,1,4,9,9,7,13,7,13,10,5,7,14,7,25,6607,131,0,0,0,0,0,0,0
2021-01-24T23:59:59+01:00,0,0,85,86,225,362,245,737,311,1189,458,851,234,208,209,384,175,774,0,0,1,4,9,9,7,13,7,13,10,5,7,14,7,25,6533,131,0,0,0,0,0,0,0
2021-01-23T23:59:59+01:00,0,0,85,86,225,362,245,737,311,1189,458,851,234,208,209,384,175,774,0,0,1,4,9,9,7,13,7,13,10,5,7,14,7,25,6533,131,0,0,0,0,0,0,0
2021-01-22T23:59:59+01:00,0,0,85,85,223,360,245,734,308,1185,454,848,232,207,209,383,175,774,0,0,1,4,9,9,7,13,7,13,10,5,7,14,7,25,6507,131,0,0,0,0,0,0,0
2021-01-21T23:59:59+01:00,0,0,85,82,209,331,235,690,283,1135,439,814,231,203,208,377,174,771,0,0,1,2,7,8,6,12,6,11,10,5,7,14,7,25,6267,121,0,0,0,0,0,0,0
2021-01-20T23:59:59+01:00,0,0,79,76,194,308,223,624,269,1042,410,753,222,191,194,346,160,719,0,0,1,2,7,8,6,12,6,11,10,5,7,14,7,25,5810,121,0,0,0,0,0,0,0
2021-01-19T23:59:59+01:00,0,0,71,66,155,259,203,561,243,919,369,644,201,165,168,304,146,629,0,0,1,2,3,7,6,11,4,9,7,4,7,14,7,25,5103,107,0,0,0,0,0,0,0
2021-01-18T23:59:59+01:00,0,0,59,59,132,216,182,458,216,762,329,551,182,144,143,253,124,540,0,0,0,1,2,4,3,6,2,7,6,4,7,14,7,23,4350,86,0,0,0,0,0,0,0
2021-01-17T23:59:59+01:00,0,0,40,47,108,186,167,399,199,676,304,496,173,137,130,236,107,480,0,0,0,0,2,4,2,6,2,5,4,4,7,14,6,23,3885,79,0,0,0,0,0,0,0
2021-01-16T23:59:59+01:00,0,0,33,44,108,183,157,383,184,656,273,474,157,132,129,230,106,468,0,0,0,0,0,0,0,0,0,0,0,0,0,0,0,0,3717,0,0,0,0,0,0,0,0
2021-01-15T23:59:59+01:00,0,0,31,40,104,178,146,369,178,627,254,452,152,123,125,224,97,450,0,0,0,0,0,0,0,0,0,0,0,0,0,0,0,0,3550,0,0,0,0,0,0,0,0
2021-01-14T23:59:59+01:00,0,0,13,23,51,78,84,173,114,290,149,263,124,104,111,207,85,405,0,0,0,0,0,0,0,0,0,0,0,0,0,0,0,0,2274,0,0,0,0,0,0,0,0
2021-01-13T23:59:59+01:00,0,0,12,20,41,67,76,138,92,260,124,226,95,82,91,166,67,324,0,0,0,0,0,0,0,0,0,0,0,0,0,0,0,0,1881,0,0,0,0,0,0,0,0
2021-01-12T23:59:59+01:00,0,0,12,15,37,63,63,114,77,211,95,172,62,54,61,100,39,189,0,0,0,0,0,0,0,0,0,0,0,0,0,0,0,0,1364,0,0,0,0,0,0,0,0
2021-01-11T23:59:59+01:00,0,0,4,10,26,45,39,83,56,141,58,85,32,28,25,40,18,81,0,0,0,0,0,0,0,0,0,0,0,0,0,0,0,0,771,0,0,0,0,0,0,0,0
2021-01-10T23:59:59+01:00,0,0,3,6,19,32,34,58,38,94,37,53,15,8,8,19,12,34,0,0,0,0,0,0,0,0,0,0,0,0,0,0,0,0,470,0,0,0,0,0,0,0,0
2021-01-09T23:59:59+01:00,0,0,3,6,18,28,33,54,33,84,35,52,15,8,8,19,12,34,0,0,0,0,0,0,0,0,0,0,0,0,0,0,0,0,442,0,0,0,0,0,0,0,0
2021-01-08T23:59:59+01:00,0,0,3,6,15,26,29,43,27,75,31,48,14,8,7,17,11,33,0,0,0,0,0,0,0,0,0,0,0,0,0,0,0,0,393,0,0,0,0,0,0,0,0
2021-01-07T23:59:59+01:00,0,0,1,4,2,9,15,13,14,28,13,24,11,6,7,15,9,26,0,0,0,0,0,0,0,0,0,0,0,0,0,0,0,0,197,0,0,0,0,0,0,0,0
2021-01-06T23:59:59+01:00,0,0,1,0,2,4,13,11,9,22,11,19,11,6,7,15,9,26,0,0,0,0,0,0,0,0,0,0,0,0,0,0,0,0,166,0,0,0,0,0,0,0,0
2021-01-05T23:59:59+01:00,0,0,0,0,1,4,12,11,8,20,10,19,10,6,7,15,9,26,0,0,0,0,0,0,0,0,0,0,0,0,0,0,0,0,158,0,0,0,0,0,0,0,0
2021-01-04T23:59:59+01:00,0,0,0,0,1,4,12,10,7,16,8,17,10,6,7,15,9,26,0,0,0,0,0,0,0,0,0,0,0,0,0,0,0,0,148,0,0,0,0,0,0,0,0
2021-01-03T23:59:59+01:00,0,0,0,0,1,4,11,9,7,13,6,14,10,6,7,15,9,26,0,0,0,0,0,0,0,0,0,0,0,0,0,0,0,0,138,0,0,0,0,0,0,0,0
2021-01-02T23:59:59+01:00,0,0,0,0,1,4,11,9,7,13,6,14,10,6,7,15,9,26,0,0,0,0,0,0,0,0,0,0,0,0,0,0,0,0,138,0,0,0,0,0,0,0,0
2021-01-01T23:59:59+01:00,0,0,0,0,1,4,11,9,7,13,6,14,10,6,7,15,9,26,0,0,0,0,0,0,0,0,0,0,0,0,0,0,0,0,138,0,0,0,0,0,0,0,0
2020-12-31T23:59:59+01:00,0,0,0,0,1,4,11,9,7,13,6,14,10,6,7,15,9,26,0,0,0,0,0,0,0,0,0,0,0,0,0,0,0,0,138,0,0,0,0,0,0,0,0
2020-12-30T23:59:59+01:00,0,0,0,0,1,4,11,9,7,13,6,14,10,6,7,15,9,26,0,0,0,0,0,0,0,0,0,0,0,0,0,0,0,0,138,0,0,0,0,0,0,0,0
2020-12-29T23:59:59+01:00,0,0,0,0,1,4,8,9,7,13,4,12,10,6,7,15,9,26,0,0,0,0,0,0,0,0,0,0,0,0,0,0,0,0,131,0,0,0,0,0,0,0,0
2020-12-28T23:59:59+01:00,0,0,0,0,1,1,5,7,7,7,2,9,10,6,7,15,9,26,0,0,0,0,0,0,0,0,0,0,0,0,0,0,0,0,112,0,0,0,0,0,0,0,0
2020-12-27T23:59:59+01:00,0,0,0,0,0,0,2,4,2,6,1,6,4,5,7,15,8,25,0,0,0,0,0,0,0,0,0,0,0,0,0,0,0,0,85,0,0,0,0,0,0,0,0
