Datum,<15_m,<15_w,15-24_1_m,15-24_1_w,25-34_1_m,25-34_1_w,35-44_1_m,35-44_1_w,45-54_1_m,45-54_1_w,55-64_1_m,55-64_1_w,65-74_1_m,65-74_1_w,75-84_1_m,75-84_1_w,>84_1_m,>84_1_w,<24_2_m,<24_2_w,25-34_2_m,25-34_2_w,35-44_2_m,35-44_2_w,45-54_2_m,45-54_2_w,55-64_2_m,55-64_2_w,65-74_2_m,65-74_2_w,75-84_2_m,75-84_2_w,>84_2_m,>84_2_w,bp_1,bp_2,mo_1,mo_2,az_1,az_2,ja,unb_1,unb_2
2021-07-21T23:59:59+02:00,957,841,7856,7477,9470,8831,11975,12493,16154,16671,19498,19684,15821,16553,8854,10786,2802,5371,3331,3298,5963,5857,8256,8949,13163,13963,17815,18187,15130,15818,8518,10379,2729,5202,138728,109081,18955,14808,27777,26127,6624,10,6
2021-07-20T23:59:59+02:00,956,840,7848,7472,9462,8828,11970,12491,16146,16670,19493,19680,15820,16552,8854,10786,2802,5371,3259,3245,5905,5804,8197,8890,13079,13921,17785,18175,15130,15818,8518,10377,2729,5202,138691,108695,18954,14793,27774,26005,6612,10,6
2021-07-19T23:59:59+02:00,955,840,7843,7472,9458,8822,11965,12489,16141,16664,19491,19680,15819,16549,8854,10784,2802,5370,3209,3213,5858,5765,8142,8847,13023,13895,17740,18163,15130,15816,8518,10375,2729,5201,138662,108431,18953,14781,27774,25881,6599,10,6
2021-07-18T23:59:59+02:00,954,839,7834,7463,9451,8815,11957,12485,16135,16660,19489,19679,15818,16547,8854,10784,2802,5370,3190,3198,5818,5734,8108,8821,12985,13879,17728,18160,15130,15815,8518,10375,2729,5200,138616,108250,18951,14748,27774,25872,6585,10,6
2021-07-17T23:59:59+02:00,838,720,7511,7171,9299,8646,11781,12326,16008,16521,19393,19584,15797,16526,8846,10771,2802,5367,3091,3093,5707,5641,7976,8667,12848,13756,17634,18085,15120,15796,8515,10368,2729,5200,136612,107090,18949,14745,27774,25868,6569,3,5
2021-07-16T23:59:59+02:00,681,568,7117,6850,9110,8491,11591,12116,15804,16346,19253,19457,15769,16489,8837,10757,2801,5365,3030,3034,5633,5577,7863,8566,12731,13623,17559,18011,15097,15781,8511,10366,2728,5200,134142,106210,18949,14740,27774,25862,6534,3,5
2021-07-15T23:59:59+02:00,679,568,7105,6844,9106,8490,11581,12112,15794,16339,19249,19451,15768,16487,8833,10755,2800,5356,2992,3000,5566,5536,7774,8516,12658,13583,17529,17990,15074,15767,8503,10359,2727,5191,134105,105984,18947,14585,27772,25741,6490,3,5
2021-07-14T23:59:59+02:00,677,567,7096,6835,9102,8488,11575,12108,15788,16336,19244,19446,15766,16484,8830,10752,2799,5352,2969,2988,5525,5505,7740,8494,12626,13567,17512,17979,15067,15764,8500,10355,2727,5187,134072,105833,18946,14552,27771,25702,6453,3,5
2021-07-13T23:59:59+02:00,672,564,7072,6818,9091,8472,11566,12094,15777,16318,19236,19439,15757,16480,8826,10742,2794,5344,2911,2937,5462,5438,7581,8363,12376,13351,17358,17853,15049,15753,8488,10342,2722,5176,133950,104630,18946,14500,27768,25667,6395,3,5
2021-07-12T23:59:59+02:00,666,557,7060,6803,9082,8461,11555,12085,15774,16306,19225,19435,15755,16476,8824,10742,2794,5341,2853,2884,5380,5363,7434,8249,12128,13140,17179,17710,15039,15748,8484,10335,2721,5176,133842,103398,18944,14449,27765,25618,6387,3,5
2021-07-11T23:59:59+02:00,665,556,7052,6800,9073,8452,11549,12077,15764,16303,19220,19430,15755,16473,8823,10740,2794,5341,2822,2849,5304,5287,7337,8164,11966,12985,17053,17578,15033,15737,8483,10332,2721,5176,133800,102515,18940,14399,27765,25582,6359,3,5
2021-07-10T23:59:59+02:00,493,399,6489,6256,8847,8269,11310,11884,15607,16172,19165,19381,15747,16463,8819,10735,2793,5340,2792,2817,5256,5245,7256,8084,11866,12889,16975,17511,15017,15722,8480,10322,2718,5174,131118,101829,18940,14397,27765,25577,6343,3,5
2021-07-09T23:59:59+02:00,482,392,6430,6228,8821,8233,11270,11855,15580,16159,19152,19365,15746,16460,8819,10732,2793,5340,2736,2751,5173,5177,7078,7909,11459,12591,16682,17307,14998,15695,8473,10317,2717,5172,131026,100815,18730,13543,27764,25563,6334,3,5
2021-07-08T23:59:59+02:00,477,390,6114,5968,8447,7945,10891,11548,15244,15915,18893,19193,15724,16437,8810,10725,2790,5339,2674,2701,5093,5104,6939,7820,11262,12449,16537,17184,14991,15687,8473,10315,2717,5171,130944,99962,15837,13380,27761,25489,6305,3,5
2021-07-07T23:59:59+02:00,475,386,6099,5955,8424,7929,10877,11532,15233,15906,18892,19188,15722,16434,8809,10723,2790,5337,2626,2646,5004,5047,6803,7727,11030,12269,16377,17052,14983,15681,8469,10310,2717,5171,130835,98943,15829,13262,27759,25441,6285,3,5
2021-07-06T23:59:59+02:00,449,365,5999,5862,8343,7864,10804,11464,15199,15867,18869,19172,15715,16424,8806,10721,2787,5335,2557,2576,4865,4935,6616,7594,10641,11859,16007,16679,14958,15648,8461,10303,2716,5167,130225,96796,15821,13179,27754,25381,6242,3,5
2021-07-05T23:59:59+02:00,408,331,5820,5690,8226,7768,10692,11351,15139,15800,18840,19140,15709,16416,8802,10716,2784,5334,2503,2501,4768,4838,6487,7458,10295,11544,15735,16375,14928,15618,8453,10288,2716,5162,129179,95015,15817,13121,27751,25327,6216,3,5
2021-07-04T23:59:59+02:00,388,301,5746,5612,8169,7713,10625,11295,15108,15768,18826,19121,15703,16413,8801,10714,2784,5332,2485,2470,4707,4792,6428,7408,10159,11435,15633,16303,14924,15612,8451,10287,2715,5162,128676,94450,15810,13054,27746,25292,6184,3,5
2021-07-03T23:59:59+02:00,383,299,5728,5604,8160,7704,10614,11292,15101,15762,18823,19119,15702,16413,8801,10714,2784,5332,2450,2439,4612,4763,6321,7383,10101,11391,15530,16218,14249,14905,8432,10262,2715,5162,128610,94337,15808,13052,27745,23383,6169,3,5
2021-07-02T23:59:59+02:00,339,261,5540,5453,8086,7629,10516,11195,15037,15706,18804,19113,15698,16409,8796,10712,2782,5329,2403,2391,4465,4686,6140,7309,9949,11239,15345,16020,13482,14014,8424,10247,2715,5161,127694,93779,15806,13009,27744,21052,6158,3,5
2021-07-01T23:59:59+02:00,278,208,5325,5273,7959,7518,10379,11070,14908,15610,18760,19089,15690,16402,8791,10706,2782,5328,2285,2270,4290,4514,5905,7060,9173,10559,14719,15550,13457,13986,8419,10243,2711,5159,126412,90303,15796,12914,27744,20968,6121,3,5
2021-06-30T23:59:59+02:00,151,120,4855,4805,7629,7249,10033,10736,14683,15436,18702,19046,15679,16391,8787,10698,2782,5325,2248,2225,4206,4445,5794,6966,9005,10438,14630,15474,13443,13978,8416,10240,2711,5157,123481,89716,15790,12741,27744,20836,6089,3,5
2021-06-29T23:59:59+02:00,115,99,4572,4525,7382,7031,9744,10437,14485,15247,18639,18985,15627,16341,8769,10683,2781,5321,2182,2143,4066,4308,5589,6788,8782,10212,14340,15252,13395,13929,8404,10216,2709,5144,121425,88284,15787,12589,27742,20764,5826,3,5
2021-06-28T23:59:59+02:00,99,78,4436,4381,7278,6921,9623,10308,14396,15140,18595,18944,15611,16325,8755,10672,2778,5319,2098,2017,3883,4103,5309,6446,8400,9704,13814,14720,13279,13840,8386,10192,2706,5132,120413,85100,15778,12507,27739,20699,5726,3,3
2021-06-27T23:59:59+02:00,94,76,4385,4332,7220,6865,9561,10254,14364,15108,18575,18927,15594,16313,8748,10665,2777,5314,2045,1982,3819,4057,5198,6333,8232,9576,13641,14609,13254,13822,8378,10183,2703,5130,120049,84313,15775,12473,27737,20570,5608,3,3
2021-06-26T23:59:59+02:00,81,74,4343,4305,7189,6838,9543,10233,14345,15093,18563,18914,15590,16306,8748,10665,2777,5314,1969,1890,3630,3898,4984,6076,7867,9121,13293,14313,13174,13765,8358,10155,2698,5121,119812,81678,15771,12473,27737,20565,5598,3,3
2021-06-25T23:59:59+02:00,69,61,4033,3980,6923,6599,9251,9941,14123,14907,18481,18859,15545,16260,8729,10646,2775,5307,1904,1806,3468,3780,4792,5848,7545,8708,12985,13978,13125,13709,8345,10131,2692,5115,117418,79344,15744,12442,27737,20560,5587,3,3
2021-06-24T23:59:59+02:00,62,54,3940,3888,6825,6515,9152,9849,14023,14821,18452,18825,15530,16244,8723,10638,2775,5307,1836,1730,3355,3685,4593,5706,7329,8514,12735,13781,12293,12784,8165,9867,2692,5114,116686,78140,15734,12338,27733,18236,5467,3,3
2021-06-23T23:59:59+02:00,49,49,3533,3513,6372,6167,8621,9342,13687,14521,18317,18690,15427,16153,8680,10602,2772,5293,1699,1555,3103,3485,4182,5382,6390,7810,11999,13084,12271,12772,8155,9860,2692,5110,113757,77522,15488,9032,27732,18189,4808,3,3
2021-06-22T23:59:59+02:00,40,41,3461,3442,6298,6109,8518,9266,13635,14476,18284,18673,15416,16146,8679,10597,2772,5290,1659,1501,3000,3384,4041,5233,6138,7627,11399,12383,12182,12680,8138,9827,2688,5102,113138,75213,15484,8951,27730,18032,4788,3,3
2021-06-21T23:59:59+02:00,34,38,3391,3381,6204,6055,8458,9195,13576,14432,18251,18652,15413,16144,8671,10594,2772,5289,1622,1450,2910,3287,3917,5084,5943,7402,10641,11464,11800,12230,7082,8609,2682,5096,112623,72563,15477,8850,27717,15077,4730,3,3
2021-06-20T23:59:59+02:00,34,37,3365,3361,6157,6023,8413,9166,13549,14417,18240,18648,15412,16144,8671,10594,2772,5289,1603,1434,2874,3261,3866,5047,5890,7379,10556,11391,11780,12211,7080,8602,2681,5096,112451,72252,15461,8774,27717,15065,4660,3,3
2021-06-19T23:59:59+02:00,32,35,3338,3338,6129,6003,8384,9147,13525,14411,18234,18643,15412,16143,8671,10594,2772,5289,1599,1424,2869,3252,3859,5042,5876,7374,10545,11384,11780,12211,7080,8601,2681,5096,112264,72176,15456,8774,27717,15063,4660,3,3
2021-06-18T23:59:59+02:00,28,30,3297,3296,6053,5964,8317,9094,13479,14381,18211,18632,15411,16141,8670,10593,2772,5289,1528,1331,2735,3077,3678,4768,5485,6999,9071,9835,11615,12043,7039,8551,2669,5078,111884,67053,15430,8773,27717,15052,4624,3,3
2021-06-17T23:59:59+02:00,26,27,3233,3245,5987,5927,8246,9042,13408,14336,18188,18621,15409,16136,8670,10590,2772,5286,1399,1238,2547,2865,3419,4483,5128,6612,8406,9112,11333,11802,6998,8494,2665,5075,111522,63383,15401,8658,27714,15026,4509,3,3
2021-06-16T23:59:59+02:00,26,24,3179,3185,5874,5862,8128,8949,13282,14251,18122,18586,15403,16128,8670,10587,2772,5286,1303,1183,2407,2758,3236,4327,4845,6343,7335,7829,11243,11696,6969,8457,2652,5057,110890,59650,15327,8611,27711,14996,4383,3,3
2021-06-15T23:59:59+02:00,21,23,3082,3103,5757,5773,7940,8773,13022,14031,17970,18461,15388,16117,8662,10581,2772,5284,1265,1152,2336,2704,3129,4253,4644,6218,7025,7578,10748,11136,6936,8422,2644,5044,109475,57413,15299,8579,27703,14963,4280,3,2
2021-06-14T23:59:59+02:00,20,21,3010,3034,5679,5716,7799,8654,12734,13795,17786,18289,15373,16103,8655,10576,2771,5283,1238,1124,2270,2648,3004,4157,4448,6079,6688,7277,10223,10528,6906,8385,2640,5035,108101,55058,15291,8474,27699,14916,4204,3,1
2021-06-13T23:59:59+02:00,20,21,2992,3002,5613,5679,7736,8588,12595,13659,17681,18167,15367,16094,8654,10573,2770,5283,1228,1112,2239,2634,2968,4146,4405,6059,6656,7261,10219,10521,6906,8384,2640,5035,107366,54919,15280,8468,27694,14877,4151,3,1
2021-06-12T23:59:59+02:00,18,21,2963,2985,5585,5654,7706,8570,12575,13641,17672,18164,15366,16093,8654,10573,2770,5283,1171,1050,2149,2559,2872,4011,4264,5928,6546,7176,10138,10443,6309,7658,2640,5035,107168,54804,15279,8468,27694,12530,4149,3,1
2021-06-11T23:59:59+02:00,18,18,2886,2909,5516,5589,7523,8384,12165,13335,17393,17961,15350,16068,8648,10565,2768,5281,1149,1033,2096,2519,2807,3963,4181,5866,6440,7091,10037,10330,6296,7652,2638,5029,106153,54282,14390,8215,27693,12494,4138,3,1
2021-06-10T23:59:59+02:00,14,16,2830,2867,5416,5538,7390,8303,11981,13196,17257,17844,15345,16064,8648,10564,2767,5280,1110,1008,2023,2453,2705,3887,4013,5737,6199,6879,9787,10063,6276,7624,2632,5023,105237,52728,14315,8212,27688,12404,4077,3,1
2021-06-09T23:59:59+02:00,13,14,2754,2798,5291,5444,7168,8131,11704,12954,17070,17697,15334,16050,8644,10555,2767,5277,1053,946,1893,2335,2502,3705,3685,5452,5586,6375,8968,9162,6219,7548,2618,4988,104033,48742,14164,8195,27679,12314,3786,3,1
2021-06-08T23:59:59+02:00,10,10,2657,2695,5157,5317,6973,7949,11271,12529,16693,17309,15315,16023,8633,10549,2766,5272,1016,918,1826,2271,2397,3632,3542,5388,5438,6246,8936,9143,6217,7538,2616,4984,101832,48237,14137,8146,27677,12248,3479,3,1
2021-06-07T23:59:59+02:00,8,9,2528,2597,4966,5188,6765,7786,10794,12170,16350,17015,15289,15995,8627,10532,2765,5268,945,881,1699,2217,2258,3550,3289,5299,5084,5963,8388,8520,6163,7479,2612,4975,99900,46029,14094,8132,27668,12176,2987,3,1
2021-06-06T23:59:59+02:00,8,7,2493,2573,4905,5130,6678,7730,10657,12060,16258,16951,15286,15991,8627,10532,2763,5267,929,871,1670,2198,2216,3523,3223,5275,5036,5939,8383,8519,6158,7472,2612,4974,99315,45875,14042,8123,27662,12108,2894,3,1
2021-06-05T23:59:59+02:00,7,6,2480,2551,4876,5103,6640,7703,10626,12032,16249,16945,15286,15991,8627,10532,2763,5267,913,856,1639,2171,2177,3471,3121,5194,4682,5615,7786,7819,6130,7419,2611,4972,99090,43503,14042,8118,27659,12067,2890,3,1
2021-06-04T23:59:59+02:00,6,5,2450,2523,4831,5058,6591,7652,10538,11929,16197,16882,15282,15984,8627,10531,2762,5266,902,839,1618,2152,2138,3435,3069,5135,4520,5427,7484,7452,6094,7377,2609,4966,98562,42229,14037,8116,27659,12021,2853,3,1
2021-06-03T23:59:59+02:00,6,5,2345,2392,4680,4887,6385,7404,9838,11296,15607,16434,15271,15975,8624,10526,2761,5265,885,809,1577,2092,2089,3357,2981,5026,4376,5262,7328,7264,6082,7350,2609,4962,95229,41190,13998,8106,27654,11938,2817,3,1
2021-06-02T23:59:59+02:00,6,5,2328,2367,4638,4854,6329,7366,9738,11207,15549,16381,15263,15971,8623,10522,2761,5264,872,797,1559,2069,2037,3321,2896,4940,4015,4874,6771,6629,6039,7294,2605,4952,94704,38861,13998,8102,27654,11895,2813,3,1
2021-06-01T23:59:59+02:00,6,4,2266,2326,4518,4765,6165,7256,9550,11060,15443,16305,15260,15967,8619,10518,2760,5259,840,771,1495,2019,1924,3259,2740,4849,3812,4747,6560,6399,6017,7276,2599,4945,93844,37779,13948,8080,27642,11783,2610,3,1
2021-05-31T23:59:59+02:00,2,4,2216,2267,4419,4672,6024,7129,9364,10916,15358,16251,15252,15960,8616,10518,2760,5259,817,735,1438,1960,1856,3211,2566,4797,3682,4695,6203,5985,5994,7255,2596,4937,93125,36606,13862,8074,27633,11683,2364,3,1
2021-05-30T23:59:59+02:00,2,4,2191,2245,4362,4611,5935,7069,9290,10854,15321,16232,15251,15958,8616,10518,2760,5259,805,725,1416,1939,1806,3188,2433,4762,3577,4677,6201,5983,5994,7255,2596,4937,92680,36291,13822,8051,27624,11603,2349,3,1
2021-05-29T23:59:59+02:00,2,4,2174,2230,4344,4600,5918,7053,9276,10841,15316,16229,15250,15958,8616,10518,2760,5259,786,673,1322,1681,1673,2828,2234,4215,3299,4250,6111,5889,5883,7122,2595,4937,92554,36241,13819,8046,27623,8862,2349,3,1
2021-05-28T23:59:59+02:00,2,4,2154,2207,4306,4555,5874,7008,9200,10771,15249,16177,15246,15956,8616,10518,2760,5258,767,583,1245,1431,1574,2427,2055,3525,3036,3654,5474,5149,5801,7031,2591,4924,92083,34944,13806,8046,27621,5929,2348,3,1
2021-05-27T23:59:59+02:00,2,4,2111,2169,4221,4488,5750,6934,9045,10671,15152,16094,15244,15955,8616,10517,2760,5258,738,548,1211,1350,1532,2292,1988,3383,2924,3534,5040,4665,5768,6992,2580,4895,91402,33824,13657,8037,27597,5247,2332,3,1
2021-05-26T23:59:59+02:00,2,4,2043,2051,4024,4343,5407,6673,8078,9929,14394,15390,15232,15949,8612,10511,2758,5256,727,532,1185,1292,1486,2238,1931,3272,2772,3387,3735,3289,5709,6919,2557,4838,90627,30557,10137,8022,27583,4984,2306,3,1
2021-05-25T23:59:59+02:00,2,4,2002,2012,3941,4276,5311,6607,7943,9822,14021,14957,15184,15912,8605,10496,2756,5252,718,522,1155,1257,1464,2215,1911,3245,2747,3362,3729,3279,5702,6916,2555,4837,89289,30471,9989,8013,27566,4874,2256,3,1
2021-05-24T23:59:59+02:00,2,4,1976,1967,3853,4202,5206,6525,7818,9698,13509,14343,15133,15844,8598,10482,2755,5247,712,515,1135,1246,1434,2202,1890,3227,2722,3340,3713,3261,5680,6892,2548,4821,87497,30344,9910,7962,27555,4835,2197,3,1
2021-05-23T23:59:59+02:00,2,4,1967,1954,3834,4179,5188,6512,7766,9667,13435,14280,15122,15840,8596,10481,2754,5247,705,506,1125,1234,1412,2180,1836,3193,2617,3244,3305,2828,5040,6083,2534,4776,87263,30173,9810,5434,27555,4814,2197,3,1
2021-05-22T23:59:59+02:00,2,4,1802,1912,3532,4129,4786,6468,7508,9611,13310,14201,15116,15839,8596,10480,2754,5247,545,475,832,1192,1036,2144,1595,3140,2503,3169,3301,2826,5040,6082,2534,4776,87113,30161,9810,5434,27553,4777,818,3,1
2021-05-21T23:59:59+02:00,2,4,1717,1803,3378,3937,4597,6173,7111,9245,12025,12861,14965,15691,8559,10433,2745,5236,542,463,822,1190,1034,2137,1560,3110,2426,3092,3128,2689,5014,6039,2531,4761,82344,29528,9770,5434,27548,4759,817,3,1
2021-05-20T23:59:59+02:00,2,4,1680,1767,3287,3886,4490,6092,6936,9166,11814,12634,14945,15673,8556,10426,2744,5235,523,450,782,1144,978,2073,1442,3039,2299,2995,2940,2520,4973,5963,2523,4746,81516,28786,9667,5419,27492,4525,660,2,1
2021-05-19T23:59:59+02:00,2,4,1657,1741,3230,3830,4396,6028,6821,9104,11582,12376,14933,15663,8554,10425,2744,5234,515,438,766,1107,960,2004,1331,2892,1972,2702,2378,2023,4868,5846,2502,4699,80708,26717,9527,5403,27465,4261,622,2,1
2021-05-18T23:59:59+02:00,2,4,1595,1707,3143,3740,4284,5925,6662,8945,11298,12122,14888,15615,8542,10402,2742,5224,512,426,751,1092,942,1987,1247,2826,1691,2481,1937,1678,4796,5763,2481,4656,79619,25177,9325,5393,27396,4198,498,2,1
2021-05-17T23:59:59+02:00,2,4,1546,1626,3013,3583,4078,5647,6315,8488,10752,11574,14781,15524,8523,10377,2737,5214,510,418,745,1085,924,1982,1223,2802,1663,2442,1920,1659,4789,5756,2478,4653,76736,25112,9290,5379,27371,4173,385,2,1
2021-05-16T23:59:59+02:00,2,4,1527,1604,2960,3543,3982,5560,6166,8352,10576,11441,14755,15502,8516,10369,2736,5212,503,412,722,1070,894,1966,1195,2775,1630,2418,1913,1650,4787,5752,2475,4651,75992,25083,9233,5361,27340,4129,240,2,1
2021-05-15T23:59:59+02:00,2,4,1440,1507,2749,3376,3753,5282,5805,7880,10225,11145,14670,15440,8497,10340,2730,5203,503,410,718,1068,894,1963,1190,2774,1625,2414,1901,1638,4781,5746,2475,4649,73241,25025,9233,5361,27333,4124,239,2,1
2021-05-14T23:59:59+02:00,2,4,1406,1445,2638,3280,3601,5124,5607,7591,10007,10893,14635,15402,8484,10317,2727,5199,455,370,647,903,822,1677,1060,2366,1445,2089,1867,1598,4778,5738,2474,4644,71605,24962,9211,5359,27309,2377,235,2,1
2021-05-13T23:59:59+02:00,2,4,1348,1379,2537,3196,3435,4988,5389,7385,9781,10717,14609,15374,8476,10314,2725,5196,448,358,620,875,721,1571,961,2283,1183,1877,1154,1019,4558,5505,2466,4612,70444,24845,8910,2833,27279,2313,220,2,1
2021-05-12T23:59:59+02:00,2,4,1341,1370,2521,3191,3417,4976,5369,7372,9767,10705,14607,15370,8474,10312,2724,5196,448,356,618,874,717,1567,955,2280,1178,1870,1136,1010,4545,5469,2434,4543,70334,24638,8886,2833,27277,2310,219,2,1
2021-05-11T23:59:59+02:00,2,3,1299,1328,2447,3107,3305,4850,5175,7227,9482,10397,14560,15313,8462,10292,2720,5187,442,343,600,860,696,1551,927,2256,1153,1843,1082,974,4483,5372,2392,4420,69000,24151,8763,2815,27192,2229,199,2,1
2021-05-10T23:59:59+02:00,2,3,1275,1301,2384,3030,3178,4726,5045,7070,9159,10017,14514,15274,8453,10273,2715,5185,441,341,588,850,682,1536,916,2241,1135,1829,1048,940,4423,5296,2353,4305,67648,23745,8643,2812,27121,2177,190,2,1
2021-05-09T23:59:59+02:00,2,3,1260,1284,2341,3017,3101,4691,4983,7036,9094,9973,14501,15259,8451,10268,2715,5183,433,339,574,845,659,1516,894,2220,1123,1815,1029,925,4411,5258,2338,4263,67411,23585,8569,2810,27077,2144,103,2,1
2021-05-08T23:59:59+02:00,1,3,1258,1280,2326,3005,3084,4681,4943,7022,9070,9965,14500,15259,8451,10267,2715,5183,433,339,574,845,658,1516,894,2219,1122,1814,1029,925,4410,5258,2338,4263,67270,23584,8563,2807,27075,2143,103,2,1
2021-05-07T23:59:59+02:00,1,3,1239,1259,2287,2964,3034,4632,4844,6930,8846,9719,14485,15237,8445,10261,2712,5179,383,311,542,776,621,1355,824,2014,1034,1627,999,896,4390,5235,2336,4258,66367,23480,8557,2804,27048,1214,103,2,1
2021-05-06T23:59:59+02:00,1,3,1089,1168,2061,2721,2735,4324,4474,6530,8260,9114,14207,14998,8405,10204,2709,5178,382,307,530,757,604,1323,805,1979,1002,1599,972,865,4380,5221,2334,4254,62742,23352,8429,2754,26912,1112,96,2,1
2021-05-05T23:59:59+02:00,1,2,1025,1117,1953,2608,2576,4153,4179,6252,7248,7932,14122,14900,8370,10163,2696,5158,378,304,522,747,589,1314,771,1965,979,1578,897,804,4339,5151,2326,4238,59231,23030,8382,2735,26790,1087,50,2,1
2021-05-04T23:59:59+02:00,1,2,1003,1097,1902,2569,2474,4086,3959,6139,6967,7717,13615,14332,8340,10128,2691,5149,375,303,517,743,578,1309,754,1946,963,1571,878,780,4318,5135,2323,4229,57173,22895,8324,2720,26630,1065,42,2,1
2021-05-03T23:59:59+02:00,1,2,971,1059,1841,2516,2371,3976,3760,6022,6611,7417,13079,13708,8303,10090,2684,5134,369,302,515,739,568,1303,745,1936,949,1558,854,756,4301,5117,2317,4216,54753,22785,8298,2711,26491,1048,1,2,1
2021-05-02T23:59:59+02:00,1,2,966,1058,1822,2510,2346,3969,3717,6012,6577,7409,13078,13708,8303,10089,2684,5134,369,302,512,739,567,1301,741,1936,948,1555,852,752,4300,5113,2317,4216,54620,22769,8294,2709,26468,1041,1,2,1
2021-05-01T23:59:59+02:00,1,2,966,1056,1814,2508,2335,3964,3705,6004,6566,7400,13077,13706,8303,10089,2684,5134,369,302,512,739,567,1301,740,1935,946,1555,852,752,4300,5113,2317,4216,54551,22769,8294,2705,26466,1041,1,2,1
2021-04-30T23:59:59+02:00,0,2,950,1051,1793,2494,2314,3929,3668,5971,6488,7347,12982,13602,8302,10085,2681,5122,317,247,470,663,538,1123,710,1711,912,1351,840,735,4296,5111,2317,4216,54056,22755,8293,2701,26429,100,1,2,1
2021-04-29T23:59:59+02:00,0,2,895,1026,1736,2443,2252,3871,3522,5848,6251,7124,12723,13329,8280,10056,2677,5115,311,245,462,656,535,1116,703,1701,902,1342,832,720,4287,5104,2317,4214,52464,22673,8278,2695,26405,78,1,2,1
2021-04-28T23:59:59+02:00,0,2,834,992,1656,2381,2108,3761,3237,5595,5647,6621,11887,12412,8222,9967,2654,5078,310,242,460,650,527,1102,692,1681,891,1335,819,704,4268,5077,2315,4214,48416,22552,8271,2677,26364,57,1,2,1
2021-04-27T23:59:59+02:00,0,2,824,987,1638,2361,2064,3743,3166,5570,5521,6499,11858,12395,8220,9965,2654,5076,309,240,454,648,519,1096,683,1669,882,1329,807,693,4264,5071,2314,4208,47937,22474,8268,2662,26335,49,1,2,1
2021-04-26T23:59:59+02:00,0,2,814,974,1612,2343,2004,3703,2990,5493,5190,6215,11293,11750,8164,9900,2650,5067,307,239,453,647,513,1090,672,1663,873,1319,798,684,4259,5066,2314,4204,45610,22422,8259,2634,26292,44,1,2,1
2021-04-25T23:59:59+02:00,0,2,804,972,1598,2337,1966,3686,2864,5470,5098,6210,11289,11746,8161,9894,2649,5066,306,239,453,647,513,1083,672,1661,870,1317,798,683,4259,5066,2314,4204,45284,22417,8253,2630,26272,37,1,2,1
2021-04-24T23:59:59+02:00,0,2,790,962,1576,2317,1927,3641,2767,5402,4753,5891,10673,11021,8131,9836,2648,5064,306,239,453,647,513,1082,671,1660,869,1317,793,679,4250,5050,2312,4203,42879,22381,8253,2626,26266,36,1,2,1
2021-04-23T23:59:59+02:00,0,2,785,954,1563,2307,1898,3615,2727,5352,4592,5705,10364,10640,8091,9794,2645,5055,306,238,453,647,513,1081,670,1660,867,1317,793,678,4247,5047,2312,4203,41581,22370,8253,2625,26252,36,1,2,1
2021-04-22T23:59:59+02:00,0,2,769,939,1535,2264,1847,3547,2642,5262,4439,5551,10219,10446,8077,9763,2643,5047,306,237,451,636,511,1075,664,1652,861,1308,787,673,4244,5045,2312,4201,40580,22334,8227,2600,26182,28,1,2,1
2021-04-21T23:59:59+02:00,0,2,758,926,1511,2253,1794,3503,2538,5175,4055,5131,9622,9762,8028,9701,2639,5036,305,237,447,634,511,1074,660,1649,856,1303,775,661,4234,5031,2312,4197,38065,22283,8210,2576,26156,26,1,2,1
2021-04-20T23:59:59+02:00,0,2,751,915,1489,2226,1763,3474,2486,5117,3918,5035,9426,9543,8011,9691,2635,5033,305,235,447,633,510,1072,659,1644,853,1298,769,657,4230,5027,2312,4197,37230,22252,8199,2570,26083,26,1,2,0
2021-04-19T23:59:59+02:00,0,2,744,905,1480,2219,1746,3457,2454,5091,3854,4978,9057,9125,7986,9666,2632,5027,305,233,446,630,508,1069,655,1642,849,1294,763,651,4221,5025,2312,4195,36206,22213,8187,2559,26027,26,1,2,0
2021-04-18T23:59:59+02:00,0,2,740,903,1475,2213,1728,3450,2435,5079,3846,4976,9049,9114,7986,9665,2632,5027,304,233,446,626,507,1066,653,1639,846,1294,762,649,4221,5023,2312,4195,36146,22205,8167,2545,26004,26,1,2,0
2021-04-17T23:59:59+02:00,0,2,723,897,1387,2203,1628,3438,2398,5049,3766,4898,8337,8391,7970,9652,2632,5027,304,233,444,624,506,1066,652,1639,845,1291,762,649,4220,5023,2312,4195,36138,22194,8167,2545,24090,26,1,2,0
2021-04-16T23:59:59+02:00,0,2,707,879,1258,2181,1476,3416,2312,4984,3605,4733,7003,6841,7935,9603,2621,4996,304,232,439,618,502,1062,642,1637,841,1282,752,643,4211,5008,2309,4193,34768,22120,8157,2541,21624,14,1,2,0
2021-04-15T23:59:59+02:00,0,2,686,868,1248,2168,1456,3398,2255,4946,3534,4680,6565,6340,7894,9542,2599,4925,297,226,425,607,485,1048,608,1610,806,1252,662,582,3720,4499,2287,4158,33453,22063,8100,1199,21550,10,1,2,0
2021-04-14T23:59:59+02:00,0,2,681,864,1227,2155,1425,3379,2210,4911,3402,4586,5226,4937,7844,9476,2578,4888,289,222,422,600,478,1045,602,1602,800,1249,647,565,3709,4490,2283,4153,30228,21976,8089,1171,21471,9,1,2,0
2021-04-13T23:59:59+02:00,0,2,678,864,1218,2150,1410,3377,2202,4900,3382,4571,5207,4918,7838,9473,2577,4886,289,221,420,598,475,1042,600,1598,789,1247,629,560,3707,4487,2283,4153,30148,21956,8068,1133,21434,9,1,2,0
2021-04-12T23:59:59+02:00,0,2,672,856,1205,2141,1394,3366,2168,4886,3351,4547,5184,4903,7825,9462,2574,4853,288,220,418,597,474,1036,598,1594,781,1240,625,558,3702,4486,2283,4153,30020,21931,8023,1113,21343,9,1,2,0
2021-04-11T23:59:59+02:00,0,2,664,852,1189,2129,1376,3351,2101,4862,3233,4464,4764,4462,7158,8636,2567,4848,288,220,417,597,471,1035,592,1591,777,1239,621,555,3698,4481,2283,4153,29990,21923,5410,1086,21255,9,1,2,0
2021-04-10T23:59:59+02:00,0,2,664,850,1188,2128,1374,3348,2099,4859,3230,4457,4720,4415,7154,8630,2567,4847,283,217,415,586,458,1019,565,1574,745,1215,549,485,3129,3865,2234,4061,29868,20305,5407,1086,21254,9,1,2,0
2021-04-09T23:59:59+02:00,0,2,661,849,1180,2125,1370,3343,2069,4837,3152,4378,4524,4250,7119,8581,2563,4831,273,211,405,572,439,1003,540,1556,724,1192,468,423,2480,3046,2186,3967,29186,18391,5403,1085,21242,9,1,2,0
2021-04-08T23:59:59+02:00,0,2,651,839,1166,2114,1354,3313,2008,4784,3006,4267,3470,3099,6877,8219,2552,4816,260,203,388,554,416,990,518,1527,692,1169,449,397,2472,3039,2183,3964,28389,18175,5355,1037,18790,9,1,2,0
2021-04-07T23:59:59+02:00,0,2,644,833,1153,2105,1335,3301,1898,4705,2689,4018,2865,2571,6766,8096,2529,4763,246,196,360,530,378,955,474,1493,656,1142,422,372,2412,2977,2178,3957,26215,17722,5336,1018,18719,8,1,2,0
2021-04-06T23:59:59+02:00,0,2,634,825,1115,2098,1311,3282,1780,4655,2413,3849,2412,2224,6690,8005,2508,4726,222,183,326,504,353,937,437,1470,620,1110,387,330,2357,2903,2172,3948,24618,17250,5320,1001,18588,8,1,2,0
2021-04-05T23:59:59+02:00,0,2,631,823,1104,2094,1305,3279,1771,4645,2398,3833,2123,1878,5576,6690,2506,4726,222,183,325,500,347,931,433,1468,616,1105,383,327,2355,2897,2172,3947,24587,17239,5310,965,15484,7,1,2,0
2021-04-04T23:59:59+02:00,0,2,630,823,1103,2094,1305,3278,1771,4645,2396,3831,2122,1875,5576,6686,2506,4726,222,183,325,500,347,931,432,1468,616,1105,383,327,2354,2897,2172,3947,24578,17237,5310,965,15478,7,1,2,0
2021-04-03T23:59:59+02:00,0,2,630,823,1103,2093,1305,3278,1770,4643,2392,3831,2121,1872,5575,6686,2506,4726,222,183,325,500,347,931,432,1468,615,1105,383,327,2354,2897,2172,3947,24572,17236,5306,965,15475,7,1,2,0
2021-04-02T23:59:59+02:00,0,2,630,822,1103,2093,1301,3277,1768,4638,2391,3828,2113,1863,5563,6671,2503,4713,222,182,325,498,347,931,431,1467,614,1096,381,327,2354,2896,2172,3947,24504,17218,5302,965,15470,7,1,2,0
2021-04-01T23:59:59+02:00,0,2,626,811,1080,2075,1205,3182,1678,4570,2132,3620,1389,1276,5354,6461,2493,4686,218,181,325,497,346,930,430,1465,614,1095,378,325,2354,2896,2172,3943,24398,17206,2806,956,15433,7,1,2,0
2021-03-31T23:59:59+02:00,0,2,624,810,1076,2071,1200,3174,1667,4565,2114,3607,1362,1243,5325,6406,2456,4587,217,181,325,496,345,930,430,1464,613,1094,377,322,2350,2895,2170,3942,24079,17194,2792,950,15416,7,1,1,0
2021-03-30T23:59:59+02:00,0,2,622,801,1070,2067,1194,3169,1657,4551,2106,3593,1316,1198,5241,6277,2412,4441,217,180,325,495,342,926,425,1461,606,1084,362,311,2248,2743,2050,3717,23560,16576,2770,909,15386,7,1,0,0
2021-03-29T23:59:59+02:00,0,2,620,799,1067,2059,1184,3163,1650,4538,2094,3581,1280,1167,5181,6184,2363,4312,216,179,323,493,340,924,423,1457,601,1079,355,306,2025,2478,1824,3342,23128,15451,2746,907,15369,7,1,0,0
2021-03-28T23:59:59+02:00,0,2,620,796,1065,2053,1181,3156,1644,4528,2090,3576,1264,1158,5173,6162,2352,4280,214,179,322,490,333,920,420,1450,598,1067,349,294,2020,2465,1823,3339,23023,15426,2728,853,15348,4,1,0,0
2021-03-27T23:59:59+01:00,0,2,568,735,985,1985,1099,3038,1526,4404,1988,3494,1195,1088,4570,5430,2352,4280,212,178,322,490,333,920,415,1448,597,1064,348,294,2019,2464,1823,3339,23008,15410,2724,853,13006,3,1,0,0
2021-03-26T23:59:59+01:00,0,2,565,730,978,1975,1097,3032,1516,4397,1972,3486,1151,1057,4540,5396,2351,4276,211,175,322,488,330,919,413,1447,593,1057,340,289,1621,1933,1402,2620,22814,13310,2714,847,12992,3,1,0,0
2021-03-25T23:59:59+01:00,0,2,563,724,965,1967,1094,3023,1509,4385,1957,3476,1141,1046,4532,5391,2351,4275,210,172,321,487,328,913,410,1441,589,1048,336,285,1527,1812,1365,2548,22767,12965,2705,824,12928,3,1,0,0
2021-03-24T23:59:59+01:00,0,2,561,719,955,1954,1082,3008,1480,4368,1943,3467,1106,1016,4505,5358,2346,4270,210,172,320,486,325,909,405,1434,580,1032,322,275,1201,1431,1215,2282,22626,11834,2679,762,12834,3,1,0,0
2021-03-23T23:59:59+01:00,0,2,559,714,950,1940,1078,2998,1473,4355,1933,3460,1093,1005,4485,5343,2346,4267,209,172,318,483,318,906,404,1434,574,1028,314,268,967,1166,1101,2106,22551,11024,2670,741,12779,3,1,0,0
2021-03-22T23:59:59+01:00,0,2,558,705,945,1928,1072,2989,1463,4339,1919,3451,1090,1002,4480,5342,2346,4267,207,172,317,481,317,904,401,1431,571,1024,310,264,966,1162,1101,2103,22527,11007,2655,721,12715,3,1,0,0
2021-03-21T23:59:59+01:00,0,2,556,702,942,1919,1070,2985,1458,4326,1908,3444,1087,1001,4480,5341,2346,4267,207,172,317,480,316,900,401,1426,565,1022,300,259,962,1158,1100,2103,22523,11006,2641,679,12669,3,1,0,0
2021-03-20T23:59:59+01:00,0,2,551,694,937,1903,1053,2969,1430,4308,1874,3416,1015,930,3898,4708,2296,4170,207,172,317,480,316,900,401,1426,565,1022,300,259,962,1158,1099,2102,20865,11004,2640,679,12648,3,1,0,0
2021-03-19T23:59:59+01:00,0,2,542,685,920,1877,1026,2950,1394,4283,1848,3386,928,865,3228,3872,2249,4073,205,172,315,480,315,897,399,1424,561,1015,297,258,949,1145,1068,2062,18891,10982,2629,577,12607,3,1,0,0
2021-03-18T23:59:59+01:00,0,2,529,673,903,1851,1003,2923,1355,4243,1803,3334,830,801,2717,3340,2227,4039,200,170,312,476,312,887,395,1418,559,1010,294,253,846,1051,960,1873,18814,10605,1231,408,12527,3,1,0,0
2021-03-17T23:59:59+01:00,0,2,527,663,894,1831,990,2905,1333,4222,1785,3318,801,776,2632,3249,2221,4035,198,169,310,474,309,886,388,1414,556,1006,291,248,606,777,659,1428,18508,9686,1195,33,12480,0,1,0,0
2021-03-16T23:59:59+01:00,0,2,525,654,885,1809,969,2890,1316,4210,1761,3302,772,765,2585,3169,2219,4031,198,169,308,474,307,884,385,1412,553,1001,285,244,361,542,471,1121,18302,8689,1155,27,12407,0,0,0,0
2021-03-15T23:59:59+01:00,0,2,525,643,881,1791,960,2869,1310,4204,1753,3293,766,762,2582,3168,2219,4031,197,169,307,473,306,884,385,1412,550,1001,285,244,361,541,470,1121,18289,8683,1133,24,12337,0,0,0,0
2021-03-14T23:59:59+01:00,0,2,524,637,875,1779,953,2864,1300,4191,1743,3281,761,758,2577,3165,2219,4031,197,169,306,473,305,882,383,1410,550,1001,284,244,361,541,470,1121,18284,8680,1106,18,12270,0,0,0,0
2021-03-13T23:59:59+01:00,0,2,502,586,780,1517,823,2483,1106,3629,1461,2852,680,669,2474,3039,2218,4030,197,169,306,473,305,882,383,1410,550,1001,284,244,361,541,470,1121,18280,8680,1106,18,9465,0,0,0,0
2021-03-12T23:59:59+01:00,0,2,487,501,716,1251,731,2089,935,2939,1215,2261,540,516,2430,2994,2218,4030,197,167,306,473,305,880,382,1410,550,999,284,243,348,520,422,1058,18257,8526,1105,18,6493,0,0,0,0
2021-03-11T23:59:59+01:00,0,2,464,465,683,1180,685,1984,876,2794,1135,2150,485,457,2417,2984,2217,4029,197,167,305,471,304,879,382,1407,549,999,284,242,335,503,376,1015,18071,8400,1057,15,5879,0,0,0,0
2021-03-10T23:59:59+01:00,0,2,450,455,649,1147,645,1950,832,2758,1102,2122,465,441,2403,2965,2216,4026,193,165,301,464,304,878,377,1400,544,992,280,236,215,404,151,753,17795,7648,1037,9,5796,0,0,0,0
2021-03-09T23:59:59+01:00,0,2,434,438,617,1118,626,1932,809,2732,1080,2098,444,421,2310,2823,2093,3797,193,165,299,462,303,877,376,1397,544,989,278,235,215,404,151,752,17037,7640,1021,0,5716,0,0,0,0
2021-03-08T23:59:59+01:00,0,2,421,417,595,1088,608,1910,793,2708,1058,2072,423,393,2081,2549,1864,3420,193,164,299,460,302,873,376,1391,544,987,277,233,215,403,151,752,15795,7620,993,0,5614,0,0,0,0
2021-03-07T23:59:59+01:00,0,2,420,415,588,1071,596,1902,790,2695,1052,2061,422,392,2076,2541,1863,3418,193,164,299,459,302,872,376,1388,544,986,277,233,215,403,151,752,15769,7614,983,0,5552,0,0,0,0
2021-03-06T23:59:59+01:00,0,2,420,412,585,1057,593,1900,783,2688,1048,2054,421,392,2076,2541,1863,3418,193,164,299,459,302,872,376,1388,544,985,276,233,215,403,151,752,15761,7612,983,0,5509,0,0,0,0
2021-03-05T23:59:59+01:00,0,2,414,397,579,1045,587,1890,778,2679,1042,2046,408,384,1655,1979,1432,2666,190,159,295,459,299,871,374,1385,542,981,276,233,215,403,151,752,13540,7585,983,0,5460,0,0,0,0
2021-03-04T23:59:59+01:00,0,2,404,372,553,1006,568,1834,749,2626,1021,1996,404,380,1563,1862,1393,2593,179,151,285,451,298,863,372,1371,540,977,275,233,215,403,151,752,13190,7516,977,0,5159,0,0,0,0
2021-03-03T23:59:59+01:00,0,2,402,365,545,976,551,1802,724,2578,1004,1958,398,374,1241,1483,1240,2321,178,150,284,450,297,862,368,1364,537,970,273,231,214,402,149,747,12041,7476,970,0,4953,0,0,0,0
2021-03-02T23:59:59+01:00,0,2,398,360,537,942,537,1782,715,2554,993,1940,388,364,998,1216,1122,2143,178,148,283,439,293,856,368,1355,537,964,273,231,214,402,149,747,11222,7437,935,0,4834,0,0,0,0
2021-03-01T23:59:59+01:00,0,2,396,352,528,920,519,1751,706,2530,982,1923,384,357,997,1209,1122,2139,178,146,283,430,290,846,365,1340,534,958,271,229,213,401,149,747,11203,7380,900,0,4714,0,0,0,0
2021-02-28T23:59:59+01:00,0,2,393,349,525,912,514,1740,703,2520,977,1908,380,352,997,1207,1122,2139,176,145,283,430,290,845,365,1340,533,958,271,229,213,401,149,747,11203,7375,873,0,4664,0,0,0,0
2021-02-27T23:59:59+01:00,0,2,392,347,520,905,512,1734,700,2511,974,1906,379,351,997,1207,1121,2139,176,145,283,430,290,845,365,1340,532,958,271,229,213,401,149,747,11202,7374,873,0,4622,0,0,0,0
2021-02-26T23:59:59+01:00,0,2,345,300,451,732,436,1426,571,2093,804,1563,351,321,997,1204,1121,2139,176,143,283,427,288,837,363,1332,530,955,271,229,213,401,149,747,11191,7344,862,0,2803,0,0,0,0
2021-02-25T23:59:59+01:00,0,2,325,292,441,710,424,1390,556,2045,786,1531,343,315,913,1115,1049,2015,125,129,263,423,277,825,352,1316,525,948,271,227,213,401,149,747,10791,7191,832,0,2629,0,0,0,0
2021-02-24T23:59:59+01:00,0,2,320,286,436,694,417,1354,540,1997,764,1487,335,302,705,883,865,1710,125,123,262,417,274,816,350,1303,518,941,269,225,211,401,149,745,9852,7129,791,0,2454,0,0,0,0
2021-02-23T23:59:59+01:00,0,2,318,274,428,680,406,1331,532,1961,746,1468,321,292,456,637,674,1409,125,122,261,415,272,811,350,1296,517,933,268,224,210,401,148,744,8854,7097,747,0,2334,0,0,0,0
2021-02-22T23:59:59+01:00,0,2,318,272,427,673,405,1326,528,1951,741,1464,321,289,455,635,674,1408,125,117,256,405,271,794,346,1272,512,925,264,223,210,401,148,744,8850,7013,735,0,2304,0,0,0,0
2021-02-21T23:59:59+01:00,0,2,315,271,425,667,402,1318,526,1943,735,1460,310,284,451,631,672,1408,125,117,255,404,271,792,343,1269,505,922,263,222,209,400,147,735,8845,6979,694,0,2281,0,0,0,0
2021-02-20T23:59:59+01:00,0,2,315,268,425,665,402,1310,525,1934,733,1456,310,284,451,631,672,1408,125,117,255,404,271,792,343,1269,504,922,263,222,209,400,147,735,8845,6978,694,0,2252,0,0,0,0
2021-02-19T23:59:59+01:00,0,1,269,242,393,589,368,1142,467,1720,626,1246,301,268,425,595,593,1301,125,117,255,404,270,792,343,1269,504,922,263,222,209,400,147,735,8628,6977,588,0,1330,0,0,0,0
2021-02-18T23:59:59+01:00,0,1,268,237,386,580,357,1121,454,1702,616,1239,301,266,372,548,491,1173,122,114,251,399,263,786,340,1260,501,921,261,220,209,400,147,735,8449,6929,416,0,1247,0,0,0,0
2021-02-17T23:59:59+01:00,0,1,262,233,374,566,350,1112,431,1686,608,1227,296,259,218,412,156,764,114,101,247,393,258,771,334,1244,495,910,257,217,208,400,147,735,7732,6831,31,0,1192,0,0,0,0
2021-02-16T23:59:59+01:00,0,1,260,231,363,564,340,1103,423,1672,603,1221,293,256,218,411,156,764,83,89,227,367,247,741,316,1204,463,875,236,202,201,382,146,728,7725,6507,27,0,1127,0,0,0,0
2021-02-15T23:59:59+01:00,0,1,258,231,361,560,339,1097,421,1660,599,1215,293,256,218,410,155,764,82,87,223,356,239,729,306,1176,448,852,223,195,190,360,140,672,7717,6278,24,0,1097,0,0,0,0
2021-02-14T23:59:59+01:00,0,1,257,229,355,557,335,1087,417,1654,596,1212,293,256,218,410,155,764,78,85,216,351,236,721,301,1163,444,837,222,193,190,349,140,663,7707,6189,19,0,1070,0,0,0,0
2021-02-13T23:59:59+01:00,0,1,257,229,355,557,335,1087,416,1654,596,1211,292,256,218,410,155,764,78,85,216,351,236,721,301,1163,444,837,222,193,190,349,140,663,7705,6189,19,0,1069,0,0,0,0
2021-02-12T23:59:59+01:00,0,1,199,168,306,479,308,893,383,1416,559,996,284,241,217,410,155,764,75,84,213,350,234,718,294,1159,441,832,220,192,190,348,140,663,7693,6153,19,0,67,0,0,0,0
2021-02-11T23:59:59+01:00,0,0,197,167,300,468,304,879,377,1396,549,988,284,241,217,410,155,764,74,81,202,324,224,674,274,1108,424,784,219,189,190,343,140,660,7652,5910,16,0,28,0,0,0,0
2021-02-10T23:59:59+01:00,0,0,194,160,296,464,301,875,371,1385,545,980,282,239,215,409,155,762,69,75,186,298,213,615,257,1023,399,732,210,175,176,314,128,613,7610,5483,10,0,13,0,0,0,0
2021-02-09T23:59:59+01:00,0,0,189,154,293,455,300,866,371,1375,543,971,279,238,215,409,155,761,60,60,147,234,184,511,219,831,343,597,189,149,156,279,118,547,7566,4624,2,0,6,0,0,0,0
2021-02-08T23:59:59+01:00,0,0,182,148,290,444,295,856,367,1355,536,964,275,234,214,408,153,757,33,47,102,144,135,283,160,454,249,390,160,123,129,224,95,452,7470,3180,2,0,6,0,0,0,0
2021-02-07T23:59:59+01:00,0,0,180,146,287,443,294,854,366,1354,535,963,274,233,214,408,153,757,18,40,83,122,130,262,151,420,233,363,152,119,119,214,90,417,7460,2933,1,0,0,0,0,0,0
2021-02-06T23:59:59+01:00,0,0,180,146,287,443,294,854,366,1354,535,963,274,233,214,408,153,757,18,37,81,119,120,247,140,404,202,342,137,115,118,209,89,407,7460,2785,1,0,0,0,0,0,0
2021-02-05T23:59:59+01:00,0,0,180,144,287,440,293,843,364,1346,531,960,274,232,214,408,153,756,17,32,77,114,113,234,135,377,188,323,132,110,115,204,82,391,7424,2644,1,0,0,0,0,0,0
2021-02-04T23:59:59+01:00,0,0,172,139,286,436,286,834,361,1335,522,951,273,230,213,408,153,754,10,21,51,77,84,178,112,287,156,266,114,96,103,190,74,351,7353,2170,0,0,0,0,0,0,0
2021-02-03T23:59:59+01:00,0,0,154,132,276,430,282,828,359,1324,522,949,273,230,212,408,153,753,10,19,43,67,75,142,88,257,134,218,95,81,88,162,67,311,7285,1857,0,0,0,0,0,0,0
2021-02-02T23:59:59+01:00,0,0,133,126,264,428,279,821,354,1317,521,942,272,230,211,408,152,752,10,16,34,61,63,119,73,212,103,168,63,57,63,104,43,196,7210,1385,0,0,0,0,0,0,0
2021-02-01T23:59:59+01:00,0,0,128,121,259,413,277,804,352,1293,515,929,267,228,211,408,152,752,4,10,20,34,33,66,45,119,59,69,28,28,27,44,25,97,7109,708,0,0,0,0,0,0,0
2021-01-31T23:59:59+01:00,0,0,127,118,257,411,275,800,350,1287,511,927,267,225,210,407,152,752,4,6,15,23,28,47,32,73,39,42,14,8,13,28,20,59,7076,451,0,0,0,0,0,0,0
2021-01-30T23:59:59+01:00,0,0,127,118,257,411,275,799,350,1286,510,927,267,225,210,407,152,752,4,6,13,20,25,40,27,65,36,40,14,8,13,28,20,59,7073,418,0,0,0,0,0,0,0
2021-01-29T23:59:59+01:00,0,0,127,118,257,411,274,799,350,1286,510,927,267,225,210,407,152,752,4,6,7,18,23,31,22,57,32,37,14,8,13,27,19,58,7072,376,0,0,0,0,0,0,0
2021-01-28T23:59:59+01:00,0,0,125,115,253,405,270,793,347,1279,506,926,267,225,210,407,152,752,1,3,2,8,15,13,12,28,12,22,11,4,6,14,6,23,7032,180,0,0,0,0,0,0,0
2021-01-27T23:59:59+01:00,0,0,117,105,251,401,267,785,342,1272,500,919,262,222,209,406,152,752,0,0,1,4,11,11,8,21,10,17,10,4,6,14,6,23,6962,146,0,0,0,0,0,0,0
2021-01-26T23:59:59+01:00,0,0,88,93,233,384,259,760,329,1234,475,888,242,210,202,390,152,744,0,0,1,4,11,11,8,21,10,17,10,4,6,14,6,23,6683,146,0,0,0,0,0,0,0
2021-01-25T23:59:59+01:00,0,0,85,88,231,364,246,741,315,1200,457,863,226,203,193,370,148,689,0,0,1,4,11,9,7,14,7,13,10,4,6,14,6,23,6419,129,0,0,0,0,0,0,0
2021-01-24T23:59:59+01:00,0,0,85,86,227,360,245,736,312,1187,455,848,225,201,193,359,148,679,0,0,1,4,11,9,7,14,7,13,10,4,6,14,6,23,6346,129,0,0,0,0,0,0,0
2021-01-23T23:59:59+01:00,0,0,85,86,227,360,245,736,312,1187,455,848,225,201,193,359,148,679,0,0,1,4,11,9,7,14,7,13,10,4,6,14,6,23,6346,129,0,0,0,0,0,0,0
2021-01-22T23:59:59+01:00,0,0,85,85,225,358,245,733,308,1183,451,845,223,200,193,358,148,679,0,0,1,4,11,9,7,14,7,13,10,4,6,14,6,23,6319,129,0,0,0,0,0,0,0
2021-01-21T23:59:59+01:00,0,0,85,82,211,329,235,689,283,1132,437,812,222,196,192,352,148,676,0,0,1,2,9,8,6,13,6,11,10,4,6,14,6,23,6081,119,0,0,0,0,0,0,0
2021-01-20T23:59:59+01:00,0,0,79,76,197,308,223,625,269,1039,408,753,213,185,177,323,137,629,0,0,1,2,9,8,6,13,6,11,10,4,6,14,6,23,5641,119,0,0,0,0,0,0,0
2021-01-19T23:59:59+01:00,0,0,71,66,157,258,203,562,243,916,367,644,194,159,155,283,124,552,0,0,1,2,3,7,6,12,4,9,7,3,6,14,6,23,4954,103,0,0,0,0,0,0,0
2021-01-18T23:59:59+01:00,0,0,59,58,134,215,181,458,216,759,327,551,178,140,131,233,104,470,0,0,0,1,2,4,3,7,2,7,6,3,6,14,6,22,4214,83,0,0,0,0,0,0,0
2021-01-17T23:59:59+01:00,0,0,36,46,109,184,167,395,199,668,301,493,170,134,118,215,90,416,0,0,0,0,2,4,2,7,2,5,4,3,6,14,5,22,3741,76,0,0,0,0,0,0,0
2021-01-16T23:59:59+01:00,0,0,29,43,109,181,157,378,184,648,270,471,155,129,117,210,89,406,0,0,0,0,0,0,0,0,0,0,0,0,0,0,0,0,3576,0,0,0,0,0,0,0,0
2021-01-15T23:59:59+01:00,0,0,27,39,105,176,146,365,178,618,253,449,150,120,114,204,81,390,0,0,0,0,0,0,0,0,0,0,0,0,0,0,0,0,3415,0,0,0,0,0,0,0,0
2021-01-14T23:59:59+01:00,0,0,9,24,51,77,84,169,114,283,150,261,123,101,100,189,71,350,0,0,0,0,0,0,0,0,0,0,0,0,0,0,0,0,2156,0,0,0,0,0,0,0,0
2021-01-13T23:59:59+01:00,0,0,8,20,41,67,76,134,92,254,125,224,94,79,81,152,56,282,0,0,0,0,0,0,0,0,0,0,0,0,0,0,0,0,1785,0,0,0,0,0,0,0,0
2021-01-12T23:59:59+01:00,0,0,8,15,37,63,63,110,77,206,96,171,61,53,54,91,32,162,0,0,0,0,0,0,0,0,0,0,0,0,0,0,0,0,1299,0,0,0,0,0,0,0,0
2021-01-11T23:59:59+01:00,0,0,1,10,27,46,39,79,56,137,59,84,31,27,22,35,16,70,0,0,0,0,0,0,0,0,0,0,0,0,0,0,0,0,739,0,0,0,0,0,0,0,0
2021-01-10T23:59:59+01:00,0,0,1,5,20,32,34,55,37,90,38,52,14,7,7,18,11,31,0,0,0,0,0,0,0,0,0,0,0,0,0,0,0,0,452,0,0,0,0,0,0,0,0
2021-01-09T23:59:59+01:00,0,0,1,5,18,28,33,51,32,80,36,51,14,7,7,18,11,31,0,0,0,0,0,0,0,0,0,0,0,0,0,0,0,0,423,0,0,0,0,0,0,0,0
2021-01-08T23:59:59+01:00,0,0,1,5,15,26,30,40,26,71,32,47,13,7,6,16,10,30,0,0,0,0,0,0,0,0,0,0,0,0,0,0,0,0,375,0,0,0,0,0,0,0,0
2021-01-07T23:59:59+01:00,0,0,1,3,2,10,15,13,13,29,14,24,11,5,6,15,8,24,0,0,0,0,0,0,0,0,0,0,0,0,0,0,0,0,193,0,0,0,0,0,0,0,0
2021-01-06T23:59:59+01:00,0,0,1,0,2,4,13,11,9,23,12,19,11,5,6,15,8,24,0,0,0,0,0,0,0,0,0,0,0,0,0,0,0,0,163,0,0,0,0,0,0,0,0
2021-01-05T23:59:59+01:00,0,0,0,0,1,4,12,11,8,21,11,19,10,5,6,15,8,24,0,0,0,0,0,0,0,0,0,0,0,0,0,0,0,0,155,0,0,0,0,0,0,0,0
2021-01-04T23:59:59+01:00,0,0,0,0,1,4,12,10,7,17,9,17,10,5,6,15,8,24,0,0,0,0,0,0,0,0,0,0,0,0,0,0,0,0,145,0,0,0,0,0,0,0,0
2021-01-03T23:59:59+01:00,0,0,0,0,1,4,11,9,7,14,7,14,10,5,6,15,8,24,0,0,0,0,0,0,0,0,0,0,0,0,0,0,0,0,135,0,0,0,0,0,0,0,0
2021-01-02T23:59:59+01:00,0,0,0,0,1,4,11,9,7,14,7,14,10,5,6,15,8,24,0,0,0,0,0,0,0,0,0,0,0,0,0,0,0,0,135,0,0,0,0,0,0,0,0
2021-01-01T23:59:59+01:00,0,0,0,0,1,4,11,9,7,14,7,14,10,5,6,15,8,24,0,0,0,0,0,0,0,0,0,0,0,0,0,0,0,0,135,0,0,0,0,0,0,0,0
2020-12-31T23:59:59+01:00,0,0,0,0,1,4,11,9,7,14,7,14,10,5,6,15,8,24,0,0,0,0,0,0,0,0,0,0,0,0,0,0,0,0,135,0,0,0,0,0,0,0,0
2020-12-30T23:59:59+01:00,0,0,0,0,1,4,11,9,7,14,7,14,10,5,6,15,8,24,0,0,0,0,0,0,0,0,0,0,0,0,0,0,0,0,135,0,0,0,0,0,0,0,0
2020-12-29T23:59:59+01:00,0,0,0,0,1,4,8,9,7,14,5,12,10,5,6,15,8,24,0,0,0,0,0,0,0,0,0,0,0,0,0,0,0,0,128,0,0,0,0,0,0,0,0
2020-12-28T23:59:59+01:00,0,0,0,0,1,1,5,7,7,8,3,9,10,5,6,15,8,24,0,0,0,0,0,0,0,0,0,0,0,0,0,0,0,0,109,0,0,0,0,0,0,0,0
2020-12-27T23:59:59+01:00,0,0,0,0,0,0,2,4,2,7,2,6,4,4,6,15,7,23,0,0,0,0,0,0,0,0,0,0,0,0,0,0,0,0,82,0,0,0,0,0,0,0,0
