Datum,<15_m,<15_w,15-24_1_m,15-24_1_w,25-34_1_m,25-34_1_w,35-44_1_m,35-44_1_w,45-54_1_m,45-54_1_w,55-64_1_m,55-64_1_w,65-74_1_m,65-74_1_w,75-84_1_m,75-84_1_w,>84_1_m,>84_1_w,<24_2_m,<24_2_w,25-34_2_m,25-34_2_w,35-44_2_m,35-44_2_w,45-54_2_m,45-54_2_w,55-64_2_m,55-64_2_w,65-74_2_m,65-74_2_w,75-84_2_m,75-84_2_w,>84_2_m,>84_2_w,bp_1,bp_2,mo_1,mo_2,az_1,az_2,ja,unb_1,unb_2
2021-08-09T23:59:59+02:00,1288,1149,8818,8378,10086,9361,12577,13010,16705,17126,19983,20101,16068,16775,8922,10885,2810,5402,6821,6562,8896,8200,11384,11760,15532,15986,19036,19141,15602,16273,8699,10549,2754,5260,143510,130273,19678,18069,27850,26803,8397,9,6
2021-08-08T23:59:59+02:00,1288,1148,8815,8373,10085,9357,12572,13008,16702,17123,19981,20099,16066,16772,8922,10884,2809,5402,6818,6551,8879,8193,11372,11754,15527,15980,19034,19139,15599,16270,8699,10548,2753,5260,143500,130228,19677,18062,27850,26800,8370,9,6
2021-08-07T23:59:59+02:00,1288,1140,8806,8365,10074,9350,12570,13002,16695,17119,19975,20094,16062,16767,8920,10884,2808,5402,6169,5986,8608,7970,11104,11523,15329,15807,18950,19063,15579,16246,8692,10541,2750,5259,143453,127158,19676,18050,27850,26799,8333,9,6
2021-08-06T23:59:59+02:00,1282,1139,8797,8353,10061,9338,12550,12985,16678,17107,19958,20081,16055,16759,8920,10881,2808,5401,6157,5971,8594,7955,11080,11504,15308,15791,18933,19051,15572,16239,8692,10538,2750,5258,143415,127108,19674,18044,27850,26797,8205,9,6
2021-08-05T23:59:59+02:00,1279,1137,8791,8346,10052,9329,12539,12978,16672,17104,19952,20078,16054,16759,8920,10880,2808,5401,5885,5748,8269,7671,10733,11241,15001,15564,18693,18893,15555,16218,8682,10531,2749,5258,143373,127029,19670,15471,27846,26766,8181,9,6
2021-08-04T23:59:59+02:00,1278,1134,8785,8343,10047,9326,12532,12974,16668,17102,19950,20075,16053,16759,8919,10879,2808,5400,5872,5742,8241,7660,10714,11230,14987,15557,18688,18888,15553,16215,8681,10531,2748,5258,143342,126935,19669,15463,27845,26751,8167,9,6
2021-08-03T23:59:59+02:00,1271,1131,8781,8333,10043,9323,12527,12971,16663,17100,19945,20073,16051,16759,8918,10877,2808,5399,5760,5629,8149,7592,10597,11152,14939,15505,18660,18874,15549,16213,8680,10529,2746,5257,143298,126213,19667,15455,27845,26722,8154,9,6
2021-08-02T23:59:59+02:00,1265,1125,8768,8325,10035,9316,12523,12965,16658,17091,19938,20070,16049,16756,8916,10874,2807,5398,5592,5471,8018,7487,10474,11037,14869,15426,18628,18849,15541,16204,8674,10529,2746,5257,143219,125157,19661,15452,27844,26692,8146,9,6
2021-08-01T23:59:59+02:00,1264,1124,8762,8316,10028,9309,12517,12963,16654,17089,19933,20069,16049,16756,8915,10872,2807,5398,5533,5414,7967,7438,10412,10986,14835,15401,18615,18832,15539,16202,8672,10526,2746,5255,143176,124723,19658,15449,27843,26671,8139,9,6
2021-07-31T23:59:59+02:00,1264,1124,8761,8313,10028,9308,12515,12963,16653,17089,19932,20067,16049,16756,8915,10871,2807,5398,5508,5394,7951,7426,10397,10973,14822,15395,18612,18829,15538,16201,8672,10526,2746,5255,143173,124598,19657,15446,27843,26670,8131,9,6
2021-07-30T23:59:59+02:00,1133,1006,8533,8085,9935,9190,12434,12879,16575,17018,19873,20000,16017,16717,8909,10854,2806,5395,5217,5117,7813,7284,10210,10783,14685,15232,18549,18773,15513,16174,8659,10513,2742,5252,141727,122781,19655,15440,27843,26652,8125,9,6
2021-07-29T23:59:59+02:00,1126,998,8404,7996,9776,9093,12284,12779,16430,16925,19711,19890,15932,16650,8884,10835,2805,5388,4920,4886,7534,7091,9932,10582,14438,15060,18355,18656,15428,16101,8632,10492,2741,5242,141613,121679,19652,15398,27843,26626,6789,9,6
2021-07-28T23:59:59+02:00,1115,985,8375,7960,9762,9080,12263,12765,16413,16903,19693,19880,15925,16637,8877,10831,2805,5386,4500,4455,7217,6840,9615,10284,14203,14878,18298,18615,15414,16090,8627,10481,2741,5232,141378,119035,19650,15344,27841,26564,6777,9,6
2021-07-27T23:59:59+02:00,1105,977,8352,7945,9750,9073,12252,12756,16404,16898,19686,19867,15923,16631,8875,10828,2804,5384,4265,4207,6987,6641,9368,10009,14042,14719,18247,18552,15365,16044,8610,10465,2738,5226,141241,117022,19647,15343,27841,26541,6772,9,6
2021-07-26T23:59:59+02:00,1101,974,8338,7933,9743,9068,12246,12751,16397,16891,19679,19866,15920,16626,8873,10824,2803,5379,4157,4096,6885,6532,9243,9885,13961,14640,18202,18519,15354,16033,8600,10457,2735,5224,141163,116124,19643,15334,27831,26483,6766,9,6
2021-07-25T23:59:59+02:00,1100,973,8332,7929,9730,9064,12236,12748,16392,16885,19676,19865,15918,16626,8873,10824,2803,5379,4108,4043,6809,6481,9172,9831,13925,14607,18178,18505,15336,16020,8594,10451,2735,5222,141138,115681,19640,15318,27830,26462,6736,9,6
2021-07-24T23:59:59+02:00,1098,969,8243,7867,9656,8986,12169,12672,16326,16831,19636,19826,15897,16612,8870,10814,2803,5379,4065,4003,6751,6433,9096,9777,13863,14542,18146,18479,15325,16010,8586,10447,2735,5222,141119,115433,18982,15044,27830,26460,6714,9,6
2021-07-23T23:59:59+02:00,1071,944,8132,7779,9618,8952,12135,12643,16281,16797,19607,19807,15891,16606,8867,10810,2803,5379,3776,3718,6490,6222,8820,9494,13630,14371,18070,18423,15284,15967,8569,10428,2733,5216,140629,113208,18982,15020,27830,26454,6672,9,6
2021-07-22T23:59:59+02:00,981,858,7917,7550,9515,8863,12017,12548,16192,16710,19535,19723,15845,16566,8859,10795,2802,5373,3649,3591,6336,6131,8667,9365,13468,14230,17997,18356,15261,15943,8562,10419,2733,5215,139188,112065,18981,14947,27812,26361,6659,9,6
2021-07-21T23:59:59+02:00,961,844,7886,7510,9499,8852,11994,12525,16168,16694,19511,19702,15834,16559,8859,10790,2802,5373,3342,3322,5993,5874,8273,8983,13201,13996,17857,18230,15170,15862,8530,10389,2730,5204,138932,109265,18979,14876,27807,26262,6636,9,6
2021-07-20T23:59:59+02:00,960,843,7878,7505,9491,8849,11989,12523,16160,16693,19506,19698,15833,16558,8859,10789,2802,5373,3269,3269,5934,5820,8214,8922,13116,13952,17825,18216,15170,15862,8530,10387,2730,5204,138894,108877,18978,14861,27804,26130,6624,9,6
2021-07-19T23:59:59+02:00,959,843,7873,7505,9487,8843,11984,12521,16155,16687,19504,19698,15832,16555,8859,10787,2802,5372,3219,3235,5887,5781,8157,8878,13060,13926,17779,18204,15170,15860,8530,10385,2730,5203,138865,108612,18977,14845,27804,26005,6611,9,6
2021-07-18T23:59:59+02:00,958,842,7863,7496,9480,8837,11976,12517,16149,16682,19502,19697,15831,16553,8859,10787,2802,5372,3200,3219,5847,5749,8123,8850,13022,13910,17767,18201,15170,15859,8530,10385,2730,5202,138820,108427,18975,14812,27802,25996,6597,9,6
2021-07-17T23:59:59+02:00,842,723,7540,7205,9328,8668,11800,12357,16022,16543,19406,19602,15810,16532,8851,10774,2802,5369,3099,3112,5735,5656,7989,8695,12884,13786,17672,18126,15160,15840,8527,10378,2730,5202,136815,107258,18973,14808,27802,25991,6581,3,5
2021-07-16T23:59:59+02:00,685,571,7146,6882,9139,8513,11609,12147,15818,16367,19266,19475,15781,16495,8842,10760,2801,5367,3037,3053,5661,5592,7877,8593,12767,13652,17597,18052,15137,15825,8523,10376,2729,5202,134342,106377,18973,14803,27801,25985,6545,3,5
2021-07-15T23:59:59+02:00,683,571,7133,6874,9135,8512,11599,12143,15808,16360,19262,19469,15779,16493,8838,10758,2800,5358,2999,3018,5594,5551,7788,8542,12694,13612,17567,18031,15114,15811,8515,10369,2728,5193,134304,106149,18971,14648,27796,25864,6501,3,5
2021-07-14T23:59:59+02:00,681,570,7124,6866,9131,8510,11594,12139,15802,16357,19257,19464,15777,16490,8835,10755,2799,5354,2976,3006,5553,5520,7753,8520,12662,13596,17550,18020,15107,15808,8512,10365,2728,5189,134272,105998,18970,14615,27796,25824,6464,3,5
2021-07-13T23:59:59+02:00,676,567,7100,6849,9120,8494,11585,12125,15791,16339,19249,19457,15768,16486,8831,10745,2794,5346,2918,2955,5489,5453,7594,8386,12410,13379,17395,17893,15089,15797,8500,10352,2723,5178,134150,104786,18970,14563,27793,25789,6406,3,5
2021-07-12T23:59:59+02:00,670,560,7088,6834,9111,8483,11574,12116,15787,16328,19238,19453,15766,16482,8829,10745,2794,5343,2860,2902,5407,5378,7447,8272,12162,13168,17216,17749,15079,15792,8496,10345,2722,5178,134042,103553,18968,14512,27790,25740,6398,3,5
2021-07-11T23:59:59+02:00,669,559,7080,6831,9102,8474,11568,12108,15777,16325,19233,19448,15766,16479,8828,10743,2794,5343,2829,2867,5331,5302,7350,8185,11999,13013,17089,17617,15072,15781,8495,10342,2722,5178,134000,102670,18964,14462,27790,25699,6370,3,5
2021-07-10T23:59:59+02:00,496,402,6513,6285,8875,8290,11328,11914,15620,16194,19178,19399,15758,16469,8824,10738,2793,5342,2799,2834,5280,5260,7269,8105,11898,12916,17011,17550,15056,15766,8492,10332,2719,5176,131307,101982,18964,14460,27790,25690,6354,3,5
2021-07-09T23:59:59+02:00,485,395,6454,6257,8849,8253,11288,11885,15593,16181,19165,19383,15757,16466,8824,10735,2793,5342,2743,2768,5197,5192,7091,7929,11490,12618,16718,17346,15037,15739,8485,10327,2718,5174,131215,100966,18753,13606,27789,25676,6345,3,5
2021-07-08T23:59:59+02:00,480,393,6136,5994,8475,7962,10908,11576,15257,15935,18905,19211,15735,16442,8815,10728,2790,5341,2681,2718,5117,5118,6952,7839,11291,12475,16572,17223,15030,15731,8485,10325,2718,5173,131128,100111,15851,13440,27786,25602,6315,3,5
2021-07-07T23:59:59+02:00,478,389,6121,5981,8452,7946,10894,11560,15246,15925,18904,19206,15733,16439,8814,10726,2790,5339,2633,2663,5028,5060,6816,7746,11059,12294,16412,17091,15022,15725,8481,10320,2718,5173,131018,99091,15843,13321,27784,25554,6295,3,5
2021-07-06T23:59:59+02:00,452,368,6021,5888,8371,7880,10819,11491,15212,15885,18881,19190,15726,16429,8811,10724,2787,5337,2564,2593,4889,4947,6629,7613,10669,11884,16042,16718,14997,15692,8473,10313,2717,5169,130403,96942,15835,13238,27779,25494,6252,3,5
2021-07-05T23:59:59+02:00,411,334,5842,5716,8254,7784,10707,11376,15152,15818,18850,19158,15720,16421,8807,10719,2784,5336,2510,2518,4791,4850,6498,7477,10320,11569,15768,16414,14967,15662,8465,10298,2717,5164,129353,95159,15831,13174,27776,25440,6226,3,5
2021-07-04T23:59:59+02:00,391,304,5768,5638,8197,7729,10640,11320,15121,15786,18836,19139,15714,16418,8806,10717,2784,5334,2492,2487,4730,4804,6439,7427,10184,11460,15666,16342,14963,15656,8463,10297,2716,5164,128850,94594,15824,13107,27771,25405,6194,3,5
2021-07-03T23:59:59+02:00,386,302,5750,5630,8188,7720,10629,11317,15114,15780,18833,19137,15713,16418,8806,10717,2784,5334,2457,2456,4635,4775,6332,7402,10126,11416,15562,16256,14287,14949,8444,10272,2716,5164,128784,94481,15822,13105,27770,23493,6179,3,5
2021-07-02T23:59:59+02:00,342,264,5562,5479,8114,7645,10529,11220,15049,15724,18814,19131,15709,16414,8801,10715,2782,5331,2410,2408,4482,4697,6149,7328,9973,11262,15372,16053,13499,14032,8436,10257,2716,5163,127865,93921,15820,13062,27769,21095,6168,3,5
2021-07-01T23:59:59+02:00,281,210,5345,5299,7986,7534,10391,11095,14920,15628,18770,19106,15701,16407,8796,10709,2782,5330,2292,2287,4306,4525,5914,7079,9195,10581,14744,15583,13474,14004,8431,10253,2712,5161,126578,90439,15810,12967,27768,21011,6131,3,5
2021-06-30T23:59:59+02:00,151,121,4863,4823,7644,7259,10042,10757,14693,15450,18712,19062,15690,16396,8792,10701,2782,5327,2255,2241,4221,4456,5803,6985,9026,10460,14655,15507,13460,13996,8428,10250,2712,5159,123591,89849,15804,12794,27768,20879,6099,3,5
2021-06-29T23:59:59+02:00,115,100,4579,4541,7395,7041,9752,10458,14495,15260,18650,19001,15638,16346,8773,10686,2781,5322,2189,2159,4081,4319,5598,6807,8802,10234,14364,15285,13412,13947,8416,10226,2710,5146,121527,88415,15801,12642,27766,20807,5836,3,5
2021-06-28T23:59:59+02:00,99,79,4443,4396,7290,6930,9631,10329,14404,15153,18605,18959,15622,16330,8759,10675,2778,5320,2104,2033,3898,4114,5318,6465,8419,9726,13837,14750,13295,13858,8398,10202,2707,5134,120508,85224,15792,12560,27763,20742,5736,3,3
2021-06-27T23:59:59+02:00,94,77,4391,4347,7231,6874,9569,10275,14372,15120,18585,18942,15605,16318,8752,10668,2777,5315,2050,1998,3834,4068,5207,6352,8251,9598,13663,14639,13269,13839,8390,10193,2704,5132,120142,84436,15789,12526,27761,20611,5617,3,3
2021-06-26T23:59:59+02:00,81,75,4348,4319,7200,6847,9551,10254,14353,15105,18573,18929,15601,16311,8752,10668,2777,5315,1974,1906,3645,3909,4993,6095,7886,9143,13313,14342,13189,13782,8370,10165,2699,5123,119903,81798,15785,12526,27761,20606,5607,3,3
2021-06-25T23:59:59+02:00,69,62,4036,3992,6932,6608,9260,9961,14130,14918,18490,18873,15555,16265,8733,10649,2775,5308,1909,1822,3483,3791,4801,5866,7562,8729,13005,14007,13139,13726,8357,10141,2693,5117,117499,79459,15757,12495,27761,20601,5596,3,3
2021-06-24T23:59:59+02:00,62,55,3943,3900,6834,6522,9161,9869,14031,14833,18461,18839,15540,16249,8727,10642,2775,5307,1841,1746,3370,3695,4602,5724,7344,8535,12755,13810,12307,12800,8177,9876,2693,5116,116767,78254,15747,12390,27758,18275,5475,3,3
2021-06-23T23:59:59+02:00,49,50,3536,3522,6381,6173,8630,9359,13695,14531,18326,18703,15436,16157,8683,10606,2772,5293,1704,1571,3117,3494,4190,5400,6404,7827,12019,13111,12285,12788,8167,9869,2693,5112,113828,77634,15498,9077,27757,18227,4816,3,3
2021-06-22T23:59:59+02:00,40,42,3464,3451,6305,6114,8527,9282,13643,14486,18293,18686,15425,16150,8682,10601,2772,5290,1664,1517,3014,3393,4049,5251,6152,7644,11419,12409,12195,12696,8150,9836,2689,5104,113205,75323,15494,8996,27755,18070,4796,3,3
2021-06-21T23:59:59+02:00,34,39,3394,3390,6211,6060,8467,9210,13584,14442,18260,18665,15422,16148,8676,10598,2772,5289,1627,1466,2923,3296,3925,5101,5957,7419,10661,11489,11814,12245,7092,8616,2683,5098,112689,72671,15487,8895,27744,15110,4738,3,3
2021-06-20T23:59:59+02:00,34,38,3368,3368,6164,6028,8422,9180,13556,14427,18249,18661,15421,16148,8676,10598,2772,5289,1608,1449,2887,3270,3874,5064,5904,7396,10576,11416,11794,12226,7090,8609,2682,5098,112514,72360,15471,8819,27744,15098,4667,3,3
2021-06-19T23:59:59+02:00,32,36,3341,3345,6135,6008,8393,9161,13532,14421,18243,18656,15421,16147,8676,10598,2772,5289,1604,1437,2882,3261,3867,5059,5890,7391,10565,11409,11794,12226,7090,8608,2682,5098,112326,72282,15466,8819,27744,15096,4667,3,3
2021-06-18T23:59:59+02:00,28,31,3300,3303,6059,5969,8325,9107,13486,14390,18220,18645,15420,16145,8675,10597,2772,5289,1533,1344,2748,3086,3685,4784,5499,7016,9086,9853,11629,12058,7049,8558,2670,5080,111944,67145,15439,8818,27744,15085,4631,3,3
2021-06-17T23:59:59+02:00,26,28,3236,3252,5993,5931,8252,9054,13415,14345,18197,18634,15418,16140,8674,10594,2772,5286,1403,1251,2559,2874,3424,4497,5142,6627,8420,9127,11347,11817,7008,8501,2666,5077,111577,63464,15410,8702,27741,15059,4516,3,3
2021-06-16T23:59:59+02:00,26,25,3183,3191,5881,5866,8134,8960,13288,14259,18131,18599,15412,16131,8674,10591,2772,5286,1306,1195,2418,2766,3241,4340,4858,6356,7345,7838,11257,11710,6979,8464,2653,5059,110942,59712,15336,8656,27738,15028,4390,3,3
2021-06-15T23:59:59+02:00,21,24,3086,3109,5764,5777,7946,8783,13028,14039,17980,18473,15397,16120,8666,10585,2772,5284,1268,1163,2346,2710,3134,4266,4656,6231,7033,7587,10762,11150,6946,8429,2645,5046,109526,57468,15308,8624,27730,14995,4287,3,2
2021-06-14T23:59:59+02:00,20,22,3013,3039,5686,5720,7805,8664,12739,13803,17796,18301,15381,16106,8659,10580,2771,5283,1241,1135,2280,2654,3009,4170,4459,6092,6696,7286,10235,10541,6915,8392,2641,5037,108149,55109,15300,8519,27726,14948,4210,3,1
2021-06-13T23:59:59+02:00,20,22,2995,3007,5620,5682,7742,8598,12600,13667,17691,18179,15375,16097,8658,10577,2770,5283,1231,1123,2249,2640,2973,4159,4415,6072,6664,7270,10231,10534,6915,8391,2641,5037,107413,54969,15289,8513,27721,14909,4157,3,1
2021-06-12T23:59:59+02:00,18,22,2966,2989,5592,5657,7711,8580,12580,13649,17682,18176,15374,16096,8658,10577,2770,5283,1174,1061,2159,2565,2877,4024,4273,5941,6554,7185,10149,10456,6317,7665,2641,5037,107214,54854,15287,8513,27721,12559,4155,3,1
2021-06-11T23:59:59+02:00,18,19,2889,2913,5523,5592,7528,8394,12170,13343,17403,17973,15358,16071,8652,10569,2768,5281,1152,1044,2104,2525,2812,3976,4190,5879,6448,7098,10047,10343,6304,7659,2639,5031,106199,54332,14398,8255,27720,12523,4144,3,1
2021-06-10T23:59:59+02:00,14,17,2833,2871,5424,5541,7395,8313,11985,13204,17266,17856,15353,16067,8652,10568,2767,5280,1113,1018,2030,2459,2710,3899,4021,5750,6207,6886,9797,10076,6284,7631,2633,5025,105283,52775,14323,8252,27715,12433,4082,3,1
2021-06-09T23:59:59+02:00,13,15,2757,2802,5299,5447,7173,8141,11708,12962,17079,17709,15342,16053,8648,10559,2767,5277,1056,956,1900,2341,2506,3717,3693,5465,5591,6381,8978,9175,6227,7555,2619,4990,104079,48786,14172,8235,27706,12341,3791,3,1
2021-06-08T23:59:59+02:00,10,11,2660,2699,5166,5320,6977,7958,11274,12535,16702,17321,15323,16026,8637,10553,2766,5272,1019,928,1833,2277,2400,3644,3550,5399,5443,6252,8946,9156,6225,7545,2617,4986,101876,48281,14145,8186,27704,12274,3482,3,1
2021-06-07T23:59:59+02:00,8,10,2532,2601,4975,5191,6769,7795,10797,12176,16359,17027,15297,15998,8631,10536,2765,5268,948,891,1706,2223,2261,3562,3297,5310,5089,5968,8397,8532,6171,7486,2613,4977,99945,46070,14102,8172,27695,12202,2990,3,1
2021-06-06T23:59:59+02:00,8,8,2497,2577,4914,5132,6682,7739,10660,12066,16267,16963,15294,15994,8631,10536,2763,5267,932,881,1677,2204,2219,3535,3231,5286,5041,5944,8392,8531,6166,7479,2613,4976,99359,45916,14050,8163,27689,12134,2897,3,1
2021-06-05T23:59:59+02:00,7,7,2484,2555,4885,5105,6644,7712,10629,12039,16258,16957,15294,15994,8631,10536,2763,5267,916,866,1645,2177,2180,3483,3129,5204,4687,5619,7794,7830,6138,7426,2612,4974,99134,43540,14050,8158,27687,12092,2893,3,1
2021-06-04T23:59:59+02:00,6,6,2454,2527,4840,5060,6595,7661,10541,11936,16206,16894,15290,15987,8631,10535,2762,5266,904,849,1623,2158,2141,3447,3077,5145,4525,5431,7492,7463,6102,7384,2610,4968,98606,42264,14045,8156,27687,12046,2856,3,1
2021-06-03T23:59:59+02:00,6,6,2349,2396,4688,4889,6389,7413,9841,11302,15616,16446,15279,15978,8628,10530,2761,5265,887,819,1582,2098,2092,3368,2989,5036,4381,5266,7334,7274,6090,7357,2610,4964,95271,41221,14006,8146,27682,11963,2820,3,1
2021-06-02T23:59:59+02:00,6,6,2332,2371,4645,4856,6333,7375,9741,11213,15558,16393,15271,15974,8627,10526,2761,5264,874,807,1564,2075,2040,3332,2904,4950,4020,4877,6777,6638,6047,7301,2606,4954,94746,38890,14005,8142,27682,11920,2816,3,1
2021-06-01T23:59:59+02:00,6,5,2270,2330,4526,4767,6169,7264,9553,11066,15451,16317,15268,15970,8623,10522,2760,5259,842,781,1500,2025,1927,3270,2748,4859,3817,4750,6566,6408,6025,7283,2600,4947,93884,37808,13956,8120,27670,11808,2613,3,1
2021-05-31T23:59:59+02:00,2,5,2220,2271,4427,4674,6028,7137,9367,10922,15366,16263,15260,15963,8620,10522,2760,5259,819,745,1443,1966,1859,3222,2574,4806,3687,4698,6209,5993,6002,7262,2597,4939,93165,36633,13870,8114,27661,11708,2367,3,1
2021-05-30T23:59:59+02:00,2,5,2195,2249,4370,4613,5939,7077,9292,10860,15329,16244,15259,15961,8620,10522,2760,5259,807,734,1421,1945,1809,3198,2441,4771,3582,4680,6207,5991,6002,7262,2597,4939,92720,36318,13830,8092,27651,11625,2352,3,1
2021-05-29T23:59:59+02:00,2,5,2178,2234,4352,4602,5922,7061,9278,10847,15324,16241,15258,15961,8620,10522,2760,5259,788,681,1327,1687,1676,2838,2241,4223,3304,4253,6117,5897,5891,7129,2596,4939,92594,36268,13827,8087,27650,8881,2352,3,1
2021-05-28T23:59:59+02:00,2,5,2158,2211,4314,4557,5878,7016,9202,10777,15257,16189,15254,15959,8620,10522,2760,5258,769,591,1249,1436,1577,2437,2062,3533,3040,3657,5479,5157,5809,7038,2592,4926,92123,34970,13814,8087,27648,5945,2351,3,1
2021-05-27T23:59:59+02:00,2,5,2115,2173,4229,4490,5754,6942,9047,10677,15160,16106,15252,15958,8620,10521,2760,5258,740,556,1215,1355,1535,2299,1995,3391,2928,3537,5044,4672,5776,6999,2581,4897,91442,33847,13665,8078,27624,5261,2335,3,1
2021-05-26T23:59:59+02:00,2,5,2046,2055,4032,4345,5412,6680,8080,9935,14403,15401,15240,15952,8616,10515,2758,5256,729,540,1189,1297,1490,2244,1938,3280,2775,3391,3739,3295,5717,6926,2558,4840,90668,30580,10144,8063,27609,4997,2309,3,1
2021-05-25T23:59:59+02:00,2,5,2005,2016,3949,4278,5316,6614,7945,9828,14030,14968,15192,15915,8609,10500,2756,5252,720,530,1159,1262,1468,2221,1918,3253,2750,3366,3733,3285,5710,6923,2556,4839,89330,30494,9996,8054,27592,4887,2259,3,1
2021-05-24T23:59:59+02:00,2,5,1979,1971,3861,4204,5211,6532,7820,9704,13518,14354,15141,15847,8602,10486,2755,5247,714,523,1139,1251,1438,2208,1897,3235,2725,3344,3717,3267,5688,6899,2549,4823,87538,30367,9917,8003,27581,4848,2200,3,1
2021-05-23T23:59:59+02:00,2,5,1970,1958,3842,4181,5193,6519,7768,9673,13444,14291,15130,15843,8600,10485,2754,5247,707,511,1127,1238,1412,2182,1838,3199,2615,3244,3309,2834,5046,6089,2535,4778,87304,30196,9817,5442,27581,4827,2200,3,1
2021-05-22T23:59:59+02:00,2,5,1805,1916,3540,4131,4791,6475,7510,9617,13319,14212,15124,15842,8600,10484,2754,5247,547,480,834,1196,1035,2146,1597,3146,2501,3169,3305,2832,5046,6088,2535,4778,87154,30184,9817,5441,27579,4790,821,3,1
2021-05-21T23:59:59+02:00,2,4,1719,1807,3386,3939,4602,6180,7113,9251,12032,12871,14973,15694,8563,10437,2745,5236,544,468,824,1194,1033,2139,1562,3116,2424,3092,3132,2695,5020,6045,2532,4763,82382,29551,9777,5441,27573,4772,819,3,1
2021-05-20T23:59:59+02:00,2,4,1682,1771,3295,3888,4495,6099,6938,9172,11821,12644,14953,15676,8560,10430,2744,5235,524,455,784,1148,977,2075,1444,3045,2297,2995,2944,2526,4979,5969,2524,4748,81554,28809,9674,5426,27517,4537,662,2,1
2021-05-19T23:59:59+02:00,2,4,1659,1745,3238,3832,4401,6035,6823,9110,11589,12385,14941,15666,8558,10429,2744,5234,516,443,768,1111,959,2006,1333,2898,1970,2702,2382,2029,4874,5852,2503,4701,80745,26740,9534,5410,27490,4273,624,2,1
2021-05-18T23:59:59+02:00,2,4,1597,1711,3150,3742,4289,5932,6664,8951,11302,12131,14896,15618,8546,10406,2742,5224,513,431,753,1096,941,1989,1249,2832,1691,2480,1940,1683,4802,5769,2482,4658,79652,25199,9332,5400,27421,4210,500,2,1
2021-05-17T23:59:59+02:00,2,4,1548,1630,3020,3585,4083,5653,6317,8494,10756,11580,14788,15527,8527,10381,2737,5214,511,423,747,1089,923,1984,1225,2808,1663,2441,1923,1664,4795,5762,2479,4655,76764,25134,9297,5386,27396,4185,387,2,1
2021-05-16T23:59:59+02:00,2,4,1529,1608,2967,3545,3987,5566,6168,8358,10580,11447,14762,15505,8520,10373,2736,5212,504,417,724,1074,893,1968,1197,2780,1630,2417,1916,1655,4793,5758,2476,4653,76020,25105,9240,5368,27365,4140,242,2,1
2021-05-15T23:59:59+02:00,2,4,1442,1511,2756,3378,3758,5288,5807,7886,10228,11150,14677,15443,8501,10344,2730,5203,504,415,720,1072,893,1964,1192,2779,1625,2413,1904,1643,4787,5752,2476,4651,73267,25046,9240,5368,27358,4135,241,2,1
2021-05-14T23:59:59+02:00,2,4,1408,1449,2645,3282,3606,5131,5609,7597,10010,10898,14642,15405,8488,10321,2727,5199,455,374,649,906,821,1678,1062,2369,1445,2087,1870,1603,4784,5744,2475,4646,71631,24982,9219,5366,27334,2383,237,2,1
2021-05-13T23:59:59+02:00,2,4,1350,1382,2542,3198,3439,4995,5391,7390,9784,10720,14615,15377,8480,10318,2725,5196,448,360,621,878,720,1572,963,2286,1182,1876,1157,1023,4564,5511,2467,4614,70470,24864,8911,2837,27303,2319,222,2,1
2021-05-12T23:59:59+02:00,2,4,1343,1373,2526,3193,3421,4983,5371,7377,9770,10708,14613,15373,8478,10316,2724,5196,448,359,620,877,717,1569,957,2283,1178,1869,1139,1014,4551,5475,2435,4545,70360,24662,8887,2837,27301,2316,221,2,1
2021-05-11T23:59:59+02:00,2,3,1301,1331,2452,3109,3309,4856,5177,7232,9485,10400,14566,15316,8466,10296,2720,5187,442,346,602,863,696,1552,929,2259,1153,1842,1085,978,4489,5378,2393,4421,69026,24174,8764,2819,27216,2235,200,2,1
2021-05-10T23:59:59+02:00,2,3,1277,1304,2388,3032,3182,4732,5047,7075,9162,10020,14520,15277,8457,10277,2715,5185,441,344,589,853,682,1537,918,2244,1135,1828,1051,944,4429,5302,2354,4306,67674,23768,8644,2816,27145,2183,190,2,1
2021-05-09T23:59:59+02:00,2,3,1262,1287,2345,3019,3105,4697,4985,7041,9097,9976,14507,15262,8455,10272,2715,5183,433,342,575,848,659,1517,896,2223,1123,1814,1032,928,4417,5264,2339,4264,67437,23608,8570,2814,27101,2149,103,2,1
2021-05-08T23:59:59+02:00,1,3,1260,1283,2330,3007,3088,4687,4945,7027,9073,9968,14506,15262,8455,10271,2715,5183,433,342,575,848,658,1517,896,2222,1122,1813,1032,928,4416,5264,2339,4264,67296,23607,8564,2811,27099,2148,103,2,1
2021-05-07T23:59:59+02:00,1,3,1241,1262,2291,2966,3038,4638,4846,6935,8849,9721,14491,15240,8449,10265,2712,5179,383,314,543,779,621,1355,826,2016,1034,1626,1002,899,4396,5241,2337,4259,66392,23503,8558,2808,27072,1217,103,2,1
2021-05-06T23:59:59+02:00,1,3,1091,1171,2063,2723,2739,4329,4476,6535,8262,9116,14213,15001,8409,10208,2709,5178,382,310,531,760,604,1323,807,1981,1001,1598,975,868,4386,5227,2335,4255,62763,23374,8430,2758,26936,1115,96,2,1
2021-05-05T23:59:59+02:00,1,2,1026,1120,1954,2610,2580,4158,4181,6257,7250,7934,14128,14903,8374,10167,2696,5158,379,307,524,750,589,1314,773,1967,978,1577,900,806,4345,5157,2327,4239,59248,23053,8385,2739,26814,1090,50,2,1
2021-05-04T23:59:59+02:00,1,2,1004,1100,1903,2571,2478,4091,3961,6144,6969,7719,13621,14335,8344,10132,2691,5149,376,306,519,746,578,1309,756,1948,962,1570,881,782,4324,5141,2324,4230,57190,22918,8327,2724,26654,1068,42,2,1
2021-05-03T23:59:59+02:00,1,2,972,1062,1842,2518,2375,3981,3762,6027,6613,7419,13084,13711,8307,10094,2684,5134,370,305,517,742,568,1303,747,1937,948,1557,856,758,4307,5123,2318,4217,54769,22808,8301,2715,26515,1049,1,2,1
2021-05-02T23:59:59+02:00,1,2,967,1061,1823,2512,2350,3974,3720,6017,6579,7411,13083,13711,8307,10093,2684,5134,370,305,514,742,567,1301,742,1937,947,1554,854,754,4306,5119,2318,4217,54637,22791,8297,2713,26492,1042,1,2,1
2021-05-01T23:59:59+02:00,1,2,967,1059,1815,2510,2339,3969,3708,6009,6568,7402,13082,13709,8307,10093,2684,5134,370,305,514,742,567,1301,741,1936,945,1554,854,754,4306,5119,2318,4217,54568,22791,8297,2709,26490,1042,1,2,1
2021-04-30T23:59:59+02:00,0,2,951,1054,1794,2496,2318,3934,3671,5976,6490,7348,12987,13605,8306,10089,2681,5122,318,250,472,666,538,1122,711,1712,911,1350,842,737,4302,5117,2318,4217,54073,22777,8296,2705,26452,100,1,2,1
2021-04-29T23:59:59+02:00,0,2,896,1029,1737,2445,2255,3875,3525,5853,6253,7125,12728,13332,8284,10060,2677,5115,312,248,464,659,535,1115,704,1702,901,1341,834,722,4293,5109,2318,4215,52480,22694,8281,2699,26427,78,1,2,1
2021-04-28T23:59:59+02:00,0,2,835,995,1657,2383,2111,3765,3239,5600,5649,6622,11892,12415,8226,9971,2654,5078,311,245,462,652,527,1101,693,1682,890,1334,821,706,4274,5082,2316,4215,48431,22573,8274,2680,26386,57,1,2,1
2021-04-27T23:59:59+02:00,0,2,825,990,1639,2363,2066,3747,3168,5575,5523,6500,11863,12398,8224,9969,2654,5076,310,243,456,650,519,1095,684,1670,881,1328,809,695,4270,5076,2315,4209,47952,22495,8271,2665,26356,49,1,2,1
2021-04-26T23:59:59+02:00,0,2,815,977,1613,2345,2006,3707,2992,5498,5192,6215,11298,11753,8169,9904,2650,5067,308,242,455,649,513,1089,673,1664,872,1318,800,686,4265,5071,2315,4205,45625,22443,8262,2637,26313,44,1,2,1
2021-04-25T23:59:59+02:00,0,2,805,975,1599,2339,1968,3690,2866,5475,5100,6210,11294,11749,8166,9898,2649,5066,307,242,455,649,513,1082,673,1662,869,1316,800,685,4265,5071,2315,4205,45299,22438,8256,2633,26293,37,1,2,1
2021-04-24T23:59:59+02:00,0,2,791,965,1577,2319,1928,3645,2769,5407,4755,5891,10677,11024,8136,9840,2648,5064,307,242,455,649,513,1081,672,1661,868,1316,795,681,4256,5055,2313,4204,42893,22402,8255,2629,26287,36,1,2,1
2021-04-23T23:59:59+02:00,0,2,786,957,1564,2309,1899,3619,2729,5357,4594,5705,10368,10643,8096,9798,2645,5055,307,241,455,649,513,1080,671,1661,866,1316,795,680,4253,5052,2313,4204,41595,22391,8255,2628,26273,36,1,2,1
2021-04-22T23:59:59+02:00,0,2,770,942,1536,2266,1848,3551,2644,5267,4441,5551,10223,10449,8082,9767,2643,5047,307,240,453,638,511,1074,665,1653,860,1307,789,675,4250,5050,2313,4202,40594,22355,8229,2603,26203,28,1,2,1
2021-04-21T23:59:59+02:00,0,2,759,929,1512,2255,1795,3506,2540,5180,4057,5131,9626,9766,8033,9705,2639,5036,306,240,449,636,511,1073,661,1650,855,1302,777,663,4240,5036,2313,4198,38080,22304,8212,2579,26176,26,1,2,1
2021-04-20T23:59:59+02:00,0,2,752,918,1490,2228,1764,3477,2488,5122,3920,5035,9430,9547,8016,9695,2635,5033,306,238,449,635,510,1071,660,1645,852,1297,771,659,4236,5032,2313,4198,37245,22273,8201,2573,26103,26,1,2,0
2021-04-19T23:59:59+02:00,0,2,745,908,1481,2221,1747,3460,2456,5096,3856,4978,9061,9129,7991,9670,2632,5027,306,236,448,632,508,1068,656,1643,848,1293,765,653,4227,5030,2313,4196,36221,22234,8189,2562,26047,26,1,2,0
2021-04-18T23:59:59+02:00,0,2,741,906,1476,2215,1729,3453,2437,5084,3848,4976,9052,9118,7991,9669,2632,5027,305,236,448,628,507,1065,654,1640,845,1293,764,651,4227,5028,2313,4196,36161,22226,8169,2548,26023,26,1,2,0
2021-04-17T23:59:59+02:00,0,2,724,900,1388,2205,1629,3441,2400,5054,3768,4898,8340,8395,7975,9656,2632,5027,305,236,446,626,506,1065,653,1640,844,1290,764,651,4226,5028,2313,4196,36153,22215,8169,2548,24109,26,1,2,0
2021-04-16T23:59:59+02:00,0,2,708,882,1259,2183,1477,3419,2314,4989,3607,4733,7005,6844,7940,9607,2621,4996,305,235,441,620,502,1061,643,1638,840,1281,754,645,4217,5013,2310,4194,34782,22141,8159,2544,21642,14,1,2,0
2021-04-15T23:59:59+02:00,0,2,687,871,1249,2170,1457,3401,2257,4951,3536,4680,6567,6343,7899,9546,2599,4925,298,229,427,609,485,1047,609,1611,805,1251,664,584,3724,4504,2288,4159,33467,22084,8102,1200,21568,10,1,2,0
2021-04-14T23:59:59+02:00,0,2,682,867,1228,2157,1426,3382,2212,4916,3404,4586,5228,4940,7849,9480,2578,4888,290,224,424,602,478,1044,603,1603,799,1248,649,567,3713,4495,2284,4154,30242,21996,8091,1172,21489,9,1,2,0
2021-04-13T23:59:59+02:00,0,2,679,867,1219,2152,1411,3380,2204,4905,3384,4571,5209,4921,7843,9477,2577,4886,290,223,422,600,475,1041,601,1599,788,1246,631,562,3711,4492,2284,4154,30162,21976,8070,1134,21452,9,1,2,0
2021-04-12T23:59:59+02:00,0,2,673,859,1206,2143,1395,3369,2170,4891,3353,4547,5186,4906,7830,9466,2574,4853,289,222,420,599,474,1035,599,1595,780,1239,626,560,3706,4491,2284,4154,30034,21950,8025,1114,21361,9,1,2,0
2021-04-11T23:59:59+02:00,0,2,665,855,1190,2131,1377,3354,2103,4867,3235,4464,4766,4465,7163,8640,2567,4848,289,222,419,599,471,1034,593,1592,776,1238,622,557,3702,4486,2284,4154,30004,21942,5412,1087,21273,9,1,2,0
2021-04-10T23:59:59+02:00,0,2,665,853,1189,2130,1375,3350,2101,4864,3232,4457,4722,4418,7159,8634,2567,4847,283,219,417,588,458,1018,566,1575,744,1214,550,487,3133,3869,2235,4062,29881,20322,5409,1087,21272,9,1,2,0
2021-04-09T23:59:59+02:00,0,2,662,852,1181,2127,1371,3345,2070,4842,3154,4378,4526,4253,7124,8585,2563,4831,273,212,407,574,439,1002,541,1557,723,1191,469,425,2484,3049,2187,3968,29198,18406,5405,1086,21260,9,1,2,0
2021-04-08T23:59:59+02:00,0,2,652,842,1167,2116,1355,3315,2009,4789,3008,4267,3472,3102,6882,8222,2552,4816,260,204,390,556,416,989,519,1528,691,1168,450,399,2475,3041,2184,3965,28401,18188,5357,1038,18807,9,1,2,0
2021-04-07T23:59:59+02:00,0,2,645,836,1154,2107,1336,3303,1899,4710,2691,4018,2867,2574,6771,8099,2529,4763,246,197,362,532,378,954,475,1494,655,1141,423,374,2415,2979,2179,3958,26227,17735,5338,1019,18736,8,1,2,0
2021-04-06T23:59:59+02:00,0,2,635,828,1116,2100,1312,3284,1781,4660,2415,3849,2414,2227,6695,8008,2508,4726,222,184,328,506,353,936,438,1471,619,1109,388,332,2359,2905,2173,3949,24630,17262,5322,1002,18605,8,1,2,0
2021-04-05T23:59:59+02:00,0,2,632,826,1105,2096,1306,3281,1772,4650,2400,3833,2125,1880,5579,6692,2506,4726,222,184,327,502,347,930,434,1469,615,1104,384,329,2357,2899,2173,3948,24599,17251,5312,966,15497,7,1,2,0
2021-04-04T23:59:59+02:00,0,2,631,826,1105,2096,1306,3280,1772,4650,2398,3831,2124,1877,5579,6688,2506,4726,222,184,326,502,347,930,433,1469,615,1104,384,329,2356,2899,2173,3948,24591,17248,5312,966,15491,7,1,2,0
2021-04-03T23:59:59+02:00,0,2,631,826,1105,2095,1306,3280,1771,4648,2394,3831,2123,1874,5578,6688,2506,4726,222,184,326,502,347,930,433,1469,614,1104,384,329,2356,2899,2173,3948,24585,17247,5308,966,15488,7,1,2,0
2021-04-02T23:59:59+02:00,0,2,631,825,1105,2095,1302,3279,1769,4643,2393,3828,2115,1865,5566,6673,2503,4713,222,183,326,500,347,930,432,1468,613,1095,382,329,2356,2898,2173,3948,24517,17229,5304,966,15483,7,1,2,0
2021-04-01T23:59:59+02:00,0,2,627,814,1082,2077,1206,3184,1679,4575,2134,3620,1391,1278,5357,6463,2493,4686,218,182,326,499,346,929,431,1466,613,1094,379,327,2356,2898,2173,3944,24411,17217,2808,957,15446,7,1,2,0
2021-03-31T23:59:59+02:00,0,2,625,813,1078,2073,1201,3176,1668,4570,2116,3607,1364,1245,5328,6408,2456,4587,217,182,326,498,345,929,431,1465,612,1093,378,324,2352,2897,2171,3943,24092,17205,2794,951,15429,7,1,1,0
2021-03-30T23:59:59+02:00,0,2,623,804,1072,2069,1195,3171,1658,4556,2108,3593,1318,1200,5244,6279,2412,4441,217,181,326,497,342,925,426,1462,605,1083,363,313,2250,2745,2051,3718,23573,16587,2772,910,15399,7,1,0,0
2021-03-29T23:59:59+02:00,0,2,621,802,1069,2061,1185,3165,1651,4543,2096,3581,1282,1169,5184,6186,2363,4312,216,180,324,495,340,923,424,1457,600,1078,356,308,2027,2480,1824,3343,23141,15461,2748,907,15382,7,1,0,0
2021-03-28T23:59:59+02:00,0,2,621,799,1067,2055,1182,3158,1645,4533,2092,3576,1266,1160,5176,6164,2352,4280,214,180,323,492,333,919,421,1450,597,1066,350,296,2022,2466,1823,3340,23036,15435,2730,853,15361,4,1,0,0
2021-03-27T23:59:59+01:00,0,2,569,738,987,1987,1100,3040,1527,4409,1990,3494,1197,1090,4573,5432,2352,4280,212,179,323,492,333,919,416,1448,596,1063,349,296,2021,2465,1823,3340,23021,15419,2726,853,13019,3,1,0,0
2021-03-26T23:59:59+01:00,0,2,566,733,980,1977,1098,3034,1517,4402,1974,3486,1153,1059,4543,5398,2351,4276,211,176,323,490,330,918,414,1447,592,1056,341,291,1623,1934,1402,2620,22827,13318,2716,847,13005,3,1,0,0
2021-03-25T23:59:59+01:00,0,2,564,727,967,1969,1095,3025,1510,4390,1959,3476,1143,1048,4535,5393,2351,4275,210,173,322,489,328,912,411,1441,588,1047,337,287,1528,1813,1365,2548,22780,12972,2707,824,12941,3,1,0,0
2021-03-24T23:59:59+01:00,0,2,562,721,957,1956,1082,3010,1481,4372,1945,3467,1108,1018,4508,5360,2346,4270,210,173,321,488,325,908,406,1434,579,1031,323,277,1202,1432,1215,2282,22638,11841,2681,762,12845,3,1,0,0
2021-03-23T23:59:59+01:00,0,2,560,716,952,1942,1078,3000,1474,4358,1935,3460,1095,1007,4488,5345,2346,4267,209,173,319,485,318,905,405,1434,573,1027,315,270,967,1167,1101,2106,22563,11030,2672,741,12789,3,1,0,0
2021-03-22T23:59:59+01:00,0,2,559,707,947,1930,1072,2991,1464,4342,1921,3451,1092,1004,4483,5344,2346,4267,207,173,318,483,317,903,402,1431,570,1023,311,266,966,1163,1101,2103,22539,11013,2657,721,12725,3,1,0,0
2021-03-21T23:59:59+01:00,0,2,557,704,944,1921,1070,2987,1458,4329,1909,3444,1089,1003,4483,5343,2346,4267,207,173,318,482,316,899,402,1426,564,1021,301,261,962,1159,1100,2103,22535,11012,2643,679,12677,3,1,0,0
2021-03-20T23:59:59+01:00,0,2,552,696,939,1905,1053,2971,1430,4311,1875,3416,1017,932,3901,4709,2296,4170,207,173,318,482,316,899,402,1426,564,1021,301,261,962,1159,1099,2102,20876,11010,2642,679,12656,3,1,0,0
2021-03-19T23:59:59+01:00,0,2,543,687,922,1879,1026,2952,1394,4286,1849,3386,930,867,3231,3873,2249,4073,205,173,316,482,315,896,400,1424,560,1014,298,260,949,1146,1068,2062,18902,10988,2631,577,12615,3,1,0,0
2021-03-18T23:59:59+01:00,0,2,530,674,905,1853,1003,2925,1355,4246,1804,3334,832,803,2718,3341,2227,4039,200,171,313,478,312,886,396,1418,558,1009,295,254,846,1052,960,1873,18824,10610,1231,408,12535,3,1,0,0
2021-03-17T23:59:59+01:00,0,2,528,664,896,1833,990,2907,1333,4225,1786,3318,803,778,2633,3250,2221,4035,198,170,311,476,309,885,389,1414,555,1005,292,249,606,778,659,1428,18518,9691,1195,33,12488,0,1,0,0
2021-03-16T23:59:59+01:00,0,2,526,655,887,1811,969,2892,1316,4213,1762,3302,774,767,2585,3170,2219,4031,198,170,309,476,307,883,386,1412,552,1000,286,245,361,543,471,1121,18311,8694,1155,27,12415,0,0,0,0
2021-03-15T23:59:59+01:00,0,2,526,644,883,1793,960,2871,1310,4207,1754,3293,768,764,2582,3169,2219,4031,197,170,308,475,306,883,386,1412,549,1000,286,245,361,542,470,1121,18298,8688,1133,24,12345,0,0,0,0
2021-03-14T23:59:59+01:00,0,2,525,638,877,1781,953,2866,1300,4194,1744,3281,763,760,2577,3166,2219,4031,197,170,307,475,305,881,384,1410,549,1000,285,245,361,542,470,1121,18293,8685,1106,18,12278,0,0,0,0
2021-03-13T23:59:59+01:00,0,2,503,587,782,1519,823,2485,1106,3630,1462,2852,682,671,2474,3040,2218,4030,197,170,307,475,305,881,384,1410,549,1000,285,245,361,542,470,1121,18289,8685,1106,18,9471,0,0,0,0
2021-03-12T23:59:59+01:00,0,2,488,502,718,1253,731,2090,935,2940,1215,2261,542,518,2430,2995,2218,4030,197,168,307,475,305,879,383,1410,549,998,285,244,348,521,422,1058,18266,8531,1105,18,6497,0,0,0,0
2021-03-11T23:59:59+01:00,0,2,465,466,685,1182,685,1985,876,2795,1135,2150,487,459,2417,2985,2217,4029,197,168,306,473,304,878,383,1407,548,998,285,243,335,504,376,1015,18080,8405,1057,15,5883,0,0,0,0
2021-03-10T23:59:59+01:00,0,2,451,456,651,1149,645,1951,832,2759,1102,2122,467,443,2403,2966,2216,4026,193,166,302,466,304,877,378,1400,543,991,281,237,215,405,151,753,17804,7653,1037,9,5800,0,0,0,0
2021-03-09T23:59:59+01:00,0,2,435,439,619,1120,626,1933,809,2733,1080,2098,446,423,2310,2824,2093,3797,193,166,300,464,303,876,377,1397,543,988,279,236,215,405,151,752,17046,7645,1021,0,5720,0,0,0,0
2021-03-08T23:59:59+01:00,0,2,422,418,596,1090,608,1911,793,2708,1058,2072,424,395,2081,2550,1864,3420,193,165,300,462,302,872,377,1391,543,986,278,234,215,404,151,752,15803,7625,993,0,5616,0,0,0,0
2021-03-07T23:59:59+01:00,0,2,421,416,589,1073,596,1903,790,2695,1052,2061,423,394,2076,2542,1863,3418,193,165,300,461,302,871,377,1388,543,985,278,234,215,404,151,752,15777,7619,983,0,5554,0,0,0,0
2021-03-06T23:59:59+01:00,0,2,421,413,586,1059,593,1901,783,2688,1048,2054,422,394,2076,2542,1863,3418,193,165,300,461,302,871,377,1388,543,984,277,234,215,404,151,752,15769,7617,983,0,5511,0,0,0,0
2021-03-05T23:59:59+01:00,0,2,415,398,580,1047,587,1891,778,2679,1042,2046,409,386,1655,1980,1432,2666,190,160,296,461,299,870,375,1385,541,980,277,234,215,404,151,752,13548,7590,983,0,5462,0,0,0,0
2021-03-04T23:59:59+01:00,0,2,405,373,554,1008,568,1835,749,2626,1021,1996,405,382,1563,1863,1393,2593,179,152,285,451,298,862,373,1371,539,976,276,234,215,404,151,752,13198,7518,977,0,5161,0,0,0,0
2021-03-03T23:59:59+01:00,0,2,403,366,546,978,551,1803,724,2578,1004,1958,399,376,1241,1484,1240,2321,178,151,284,450,297,861,369,1364,536,969,274,232,214,403,149,747,12049,7478,970,0,4955,0,0,0,0
2021-03-02T23:59:59+01:00,0,2,399,361,538,944,537,1783,715,2554,993,1940,389,366,998,1217,1122,2143,178,149,283,439,293,855,369,1355,536,963,274,232,214,403,149,747,11230,7439,935,0,4836,0,0,0,0
2021-03-01T23:59:59+01:00,0,2,397,353,529,922,519,1752,706,2530,982,1923,385,359,997,1210,1122,2139,178,147,283,430,290,845,366,1340,533,957,272,230,213,402,149,747,11211,7382,900,0,4716,0,0,0,0
2021-02-28T23:59:59+01:00,0,2,394,350,526,914,514,1741,703,2520,977,1908,381,354,997,1208,1122,2139,176,146,283,430,290,844,366,1340,532,957,272,230,213,402,149,747,11211,7377,873,0,4666,0,0,0,0
2021-02-27T23:59:59+01:00,0,2,393,348,521,907,512,1735,700,2511,974,1906,380,353,997,1208,1121,2139,176,146,283,430,290,844,366,1340,531,957,272,230,213,402,149,747,11210,7376,873,0,4624,0,0,0,0
2021-02-26T23:59:59+01:00,0,2,345,301,452,734,436,1427,571,2093,804,1563,352,323,997,1205,1121,2139,176,144,283,427,288,836,364,1332,529,954,272,230,213,402,149,747,11199,7346,862,0,2804,0,0,0,0
2021-02-25T23:59:59+01:00,0,2,325,293,442,712,424,1391,556,2045,786,1531,344,316,913,1116,1049,2015,125,130,263,423,277,824,353,1316,524,947,272,228,213,402,149,747,10798,7193,832,0,2630,0,0,0,0
2021-02-24T23:59:59+01:00,0,2,320,287,437,696,417,1355,540,1997,764,1487,336,303,705,884,865,1710,125,124,262,417,274,815,351,1303,517,940,270,226,211,402,149,745,9859,7131,791,0,2455,0,0,0,0
2021-02-23T23:59:59+01:00,0,2,318,275,429,682,406,1332,532,1961,746,1468,322,293,456,638,674,1409,125,123,261,415,272,810,351,1296,516,932,269,225,210,402,148,744,8861,7099,747,0,2335,0,0,0,0
2021-02-22T23:59:59+01:00,0,2,318,273,428,675,405,1327,528,1951,741,1464,322,290,455,636,674,1408,125,118,256,405,271,793,347,1272,511,924,265,224,210,402,148,744,8857,7015,735,0,2305,0,0,0,0
2021-02-21T23:59:59+01:00,0,2,315,272,426,669,402,1319,526,1943,735,1460,311,285,451,632,672,1408,125,118,255,404,271,791,344,1269,504,921,264,223,209,401,147,735,8852,6981,694,0,2282,0,0,0,0
2021-02-20T23:59:59+01:00,0,2,315,269,426,667,402,1311,525,1934,733,1456,311,285,451,632,672,1408,125,118,255,404,271,791,344,1269,503,921,264,223,209,401,147,735,8852,6980,694,0,2253,0,0,0,0
2021-02-19T23:59:59+01:00,0,1,269,243,394,591,368,1142,467,1720,626,1246,302,269,425,596,593,1301,125,118,255,404,270,791,344,1269,503,921,264,223,209,401,147,735,8635,6979,588,0,1330,0,0,0,0
2021-02-18T23:59:59+01:00,0,1,268,238,387,582,357,1121,454,1702,616,1239,302,267,372,549,491,1173,122,115,251,399,263,785,341,1260,500,920,262,221,209,401,147,735,8456,6931,416,0,1247,0,0,0,0
2021-02-17T23:59:59+01:00,0,1,262,234,375,568,350,1112,431,1686,608,1227,297,260,218,413,156,764,114,102,247,393,258,770,335,1244,494,909,258,218,208,401,147,735,7739,6833,31,0,1192,0,0,0,0
2021-02-16T23:59:59+01:00,0,1,260,232,364,566,340,1103,423,1672,603,1221,294,257,218,412,156,764,83,90,227,367,247,740,317,1204,462,874,237,203,201,383,146,728,7732,6509,27,0,1127,0,0,0,0
2021-02-15T23:59:59+01:00,0,1,258,232,362,562,339,1097,421,1660,599,1215,294,257,218,411,155,764,82,88,223,356,239,728,307,1176,447,851,224,196,190,361,140,672,7724,6280,24,0,1097,0,0,0,0
2021-02-14T23:59:59+01:00,0,1,257,230,356,559,335,1087,417,1654,596,1212,294,257,218,411,155,764,78,86,216,351,236,720,302,1163,443,836,223,194,190,350,140,663,7714,6191,19,0,1070,0,0,0,0
2021-02-13T23:59:59+01:00,0,1,257,230,356,559,335,1087,416,1654,596,1211,293,257,218,411,155,764,78,86,216,351,236,720,302,1163,443,836,223,194,190,350,140,663,7712,6191,19,0,1069,0,0,0,0
2021-02-12T23:59:59+01:00,0,1,199,169,307,481,308,893,383,1416,559,996,285,242,217,411,155,764,75,85,213,350,234,717,295,1159,440,831,220,192,190,348,140,663,7700,6152,19,0,67,0,0,0,0
2021-02-11T23:59:59+01:00,0,0,197,168,301,470,304,879,377,1396,549,988,285,242,217,411,155,764,74,82,202,324,224,673,275,1108,423,783,219,189,190,343,140,660,7659,5909,16,0,28,0,0,0,0
2021-02-10T23:59:59+01:00,0,0,194,161,297,466,301,875,371,1385,545,980,283,240,215,410,155,762,69,76,186,298,213,614,258,1023,398,731,210,175,176,314,128,613,7617,5482,10,0,13,0,0,0,0
2021-02-09T23:59:59+01:00,0,0,189,155,294,457,300,866,371,1375,543,971,280,239,215,410,155,761,60,60,147,234,184,510,220,831,342,596,189,149,156,279,118,547,7573,4622,2,0,6,0,0,0,0
2021-02-08T23:59:59+01:00,0,0,182,148,290,444,295,856,367,1355,536,964,276,235,214,409,153,757,33,47,102,144,135,282,161,454,248,389,160,123,129,224,95,452,7473,3178,2,0,6,0,0,0,0
2021-02-07T23:59:59+01:00,0,0,180,146,287,443,294,854,366,1354,535,963,275,234,214,409,153,757,18,40,83,122,130,261,152,420,232,362,152,119,119,214,90,417,7463,2931,1,0,0,0,0,0,0
2021-02-06T23:59:59+01:00,0,0,180,146,287,443,294,854,366,1354,535,963,275,234,214,409,153,757,18,37,81,119,120,246,141,404,201,341,137,115,118,209,89,407,7463,2783,1,0,0,0,0,0,0
2021-02-05T23:59:59+01:00,0,0,180,144,287,440,293,843,364,1346,531,960,275,233,214,409,153,756,17,32,77,114,113,233,136,377,187,322,132,110,115,204,82,391,7427,2642,1,0,0,0,0,0,0
2021-02-04T23:59:59+01:00,0,0,172,139,286,436,286,834,361,1335,522,951,274,231,213,409,153,754,10,21,51,77,84,177,113,287,155,265,114,96,103,190,74,351,7356,2168,0,0,0,0,0,0,0
2021-02-03T23:59:59+01:00,0,0,154,132,276,430,282,828,359,1324,522,949,274,231,212,409,153,753,10,19,43,67,75,142,89,257,134,219,95,81,88,162,67,311,7288,1859,0,0,0,0,0,0,0
2021-02-02T23:59:59+01:00,0,0,133,126,264,428,279,821,354,1317,521,942,273,231,211,409,152,752,10,16,34,61,63,119,74,212,103,169,63,57,63,104,43,196,7213,1387,0,0,0,0,0,0,0
2021-02-01T23:59:59+01:00,0,0,128,121,259,413,277,804,352,1293,515,930,268,229,211,409,152,752,4,10,20,34,33,66,46,119,59,69,28,28,27,44,25,97,7113,709,0,0,0,0,0,0,0
2021-01-31T23:59:59+01:00,0,0,127,118,257,411,275,800,350,1287,511,928,268,226,210,408,152,752,4,6,15,23,28,47,32,73,39,42,14,8,13,28,20,59,7080,451,0,0,0,0,0,0,0
2021-01-30T23:59:59+01:00,0,0,127,118,257,411,275,799,350,1286,510,928,268,226,210,408,152,752,4,6,13,20,25,40,27,65,36,40,14,8,13,28,20,59,7077,418,0,0,0,0,0,0,0
2021-01-29T23:59:59+01:00,0,0,127,118,257,411,274,799,350,1286,510,928,268,226,210,408,152,752,4,6,7,18,23,31,22,57,32,37,14,8,13,27,19,58,7076,376,0,0,0,0,0,0,0
2021-01-28T23:59:59+01:00,0,0,125,115,253,405,270,793,347,1279,506,927,268,226,210,408,152,752,1,3,2,8,15,13,12,28,12,22,11,4,6,14,6,23,7036,180,0,0,0,0,0,0,0
2021-01-27T23:59:59+01:00,0,0,117,105,251,401,267,785,342,1272,500,920,263,223,209,407,152,752,0,0,1,4,11,11,8,21,10,17,10,4,6,14,6,23,6966,146,0,0,0,0,0,0,0
2021-01-26T23:59:59+01:00,0,0,88,93,233,384,259,760,329,1234,475,889,243,211,202,391,152,744,0,0,1,4,11,11,8,21,10,17,10,4,6,14,6,23,6687,146,0,0,0,0,0,0,0
2021-01-25T23:59:59+01:00,0,0,85,88,231,364,246,741,315,1200,457,864,227,204,193,371,148,689,0,0,1,4,11,9,7,14,7,13,10,4,6,14,6,23,6423,129,0,0,0,0,0,0,0
2021-01-24T23:59:59+01:00,0,0,85,86,227,360,245,736,312,1187,455,849,226,202,193,360,148,679,0,0,1,4,11,9,7,14,7,13,10,4,6,14,6,23,6350,129,0,0,0,0,0,0,0
2021-01-23T23:59:59+01:00,0,0,85,86,227,360,245,736,312,1187,455,849,226,202,193,360,148,679,0,0,1,4,11,9,7,14,7,13,10,4,6,14,6,23,6350,129,0,0,0,0,0,0,0
2021-01-22T23:59:59+01:00,0,0,85,85,225,358,245,733,308,1183,451,846,224,201,193,359,148,679,0,0,1,4,11,9,7,14,7,13,10,4,6,14,6,23,6323,129,0,0,0,0,0,0,0
2021-01-21T23:59:59+01:00,0,0,85,82,211,329,235,689,283,1132,437,813,223,197,192,353,148,676,0,0,1,2,9,8,6,13,6,11,10,4,6,14,6,23,6085,119,0,0,0,0,0,0,0
2021-01-20T23:59:59+01:00,0,0,79,76,197,308,223,625,269,1039,408,754,214,186,177,324,137,629,0,0,1,2,9,8,6,13,6,11,10,4,6,14,6,23,5645,119,0,0,0,0,0,0,0
2021-01-19T23:59:59+01:00,0,0,71,66,157,258,203,562,243,916,367,645,195,160,155,284,124,552,0,0,1,2,3,7,6,12,4,9,7,3,6,14,6,23,4958,103,0,0,0,0,0,0,0
2021-01-18T23:59:59+01:00,0,0,59,58,134,215,181,458,216,759,327,552,178,140,131,234,104,470,0,0,0,1,2,4,3,7,2,7,6,3,6,14,6,22,4216,83,0,0,0,0,0,0,0
2021-01-17T23:59:59+01:00,0,0,36,46,109,184,167,395,199,668,301,494,170,134,118,217,90,416,0,0,0,0,2,4,2,7,2,5,4,3,6,14,5,22,3744,76,0,0,0,0,0,0,0
2021-01-16T23:59:59+01:00,0,0,29,43,109,181,157,378,184,648,270,472,155,129,117,211,89,406,0,0,0,0,0,0,0,0,0,0,0,0,0,0,0,0,3578,0,0,0,0,0,0,0,0
2021-01-15T23:59:59+01:00,0,0,27,39,105,176,146,365,178,618,253,450,150,120,114,205,81,390,0,0,0,0,0,0,0,0,0,0,0,0,0,0,0,0,3417,0,0,0,0,0,0,0,0
2021-01-14T23:59:59+01:00,0,0,9,24,51,77,84,169,114,283,150,262,123,101,100,190,71,350,0,0,0,0,0,0,0,0,0,0,0,0,0,0,0,0,2158,0,0,0,0,0,0,0,0
2021-01-13T23:59:59+01:00,0,0,8,20,41,67,76,134,92,254,125,225,94,79,81,153,56,282,0,0,0,0,0,0,0,0,0,0,0,0,0,0,0,0,1787,0,0,0,0,0,0,0,0
2021-01-12T23:59:59+01:00,0,0,8,15,37,63,63,110,77,206,96,171,61,53,54,92,32,162,0,0,0,0,0,0,0,0,0,0,0,0,0,0,0,0,1300,0,0,0,0,0,0,0,0
2021-01-11T23:59:59+01:00,0,0,1,10,27,46,39,79,56,137,59,84,31,27,22,36,16,70,0,0,0,0,0,0,0,0,0,0,0,0,0,0,0,0,740,0,0,0,0,0,0,0,0
2021-01-10T23:59:59+01:00,0,0,1,5,20,32,34,55,37,90,38,52,14,7,7,19,11,31,0,0,0,0,0,0,0,0,0,0,0,0,0,0,0,0,453,0,0,0,0,0,0,0,0
2021-01-09T23:59:59+01:00,0,0,1,5,18,28,33,51,32,80,36,51,14,7,7,19,11,31,0,0,0,0,0,0,0,0,0,0,0,0,0,0,0,0,424,0,0,0,0,0,0,0,0
2021-01-08T23:59:59+01:00,0,0,1,5,15,26,30,40,26,71,32,47,13,7,6,17,10,30,0,0,0,0,0,0,0,0,0,0,0,0,0,0,0,0,376,0,0,0,0,0,0,0,0
2021-01-07T23:59:59+01:00,0,0,1,3,2,10,15,13,13,29,14,24,11,5,6,15,8,24,0,0,0,0,0,0,0,0,0,0,0,0,0,0,0,0,193,0,0,0,0,0,0,0,0
2021-01-06T23:59:59+01:00,0,0,1,0,2,4,13,11,9,23,12,19,11,5,6,15,8,24,0,0,0,0,0,0,0,0,0,0,0,0,0,0,0,0,163,0,0,0,0,0,0,0,0
2021-01-05T23:59:59+01:00,0,0,0,0,1,4,12,11,8,21,11,19,10,5,6,15,8,24,0,0,0,0,0,0,0,0,0,0,0,0,0,0,0,0,155,0,0,0,0,0,0,0,0
2021-01-04T23:59:59+01:00,0,0,0,0,1,4,12,10,7,17,9,17,10,5,6,15,8,24,0,0,0,0,0,0,0,0,0,0,0,0,0,0,0,0,145,0,0,0,0,0,0,0,0
2021-01-03T23:59:59+01:00,0,0,0,0,1,4,11,9,7,14,7,14,10,5,6,15,8,24,0,0,0,0,0,0,0,0,0,0,0,0,0,0,0,0,135,0,0,0,0,0,0,0,0
2021-01-02T23:59:59+01:00,0,0,0,0,1,4,11,9,7,14,7,14,10,5,6,15,8,24,0,0,0,0,0,0,0,0,0,0,0,0,0,0,0,0,135,0,0,0,0,0,0,0,0
2021-01-01T23:59:59+01:00,0,0,0,0,1,4,11,9,7,14,7,14,10,5,6,15,8,24,0,0,0,0,0,0,0,0,0,0,0,0,0,0,0,0,135,0,0,0,0,0,0,0,0
2020-12-31T23:59:59+01:00,0,0,0,0,1,4,11,9,7,14,7,14,10,5,6,15,8,24,0,0,0,0,0,0,0,0,0,0,0,0,0,0,0,0,135,0,0,0,0,0,0,0,0
2020-12-30T23:59:59+01:00,0,0,0,0,1,4,11,9,7,14,7,14,10,5,6,15,8,24,0,0,0,0,0,0,0,0,0,0,0,0,0,0,0,0,135,0,0,0,0,0,0,0,0
2020-12-29T23:59:59+01:00,0,0,0,0,1,4,8,9,7,14,5,12,10,5,6,15,8,24,0,0,0,0,0,0,0,0,0,0,0,0,0,0,0,0,128,0,0,0,0,0,0,0,0
2020-12-28T23:59:59+01:00,0,0,0,0,1,1,5,7,7,8,3,9,10,5,6,15,8,24,0,0,0,0,0,0,0,0,0,0,0,0,0,0,0,0,109,0,0,0,0,0,0,0,0
2020-12-27T23:59:59+01:00,0,0,0,0,0,0,2,4,2,7,2,6,4,4,6,15,7,23,0,0,0,0,0,0,0,0,0,0,0,0,0,0,0,0,82,0,0,0,0,0,0,0,0
