Datum,<15_m,<15_w,15-24_1_m,15-24_1_w,25-34_1_m,25-34_1_w,35-44_1_m,35-44_1_w,45-54_1_m,45-54_1_w,55-64_1_m,55-64_1_w,65-74_1_m,65-74_1_w,75-84_1_m,75-84_1_w,>84_1_m,>84_1_w,<24_2_m,<24_2_w,25-34_2_m,25-34_2_w,35-44_2_m,35-44_2_w,45-54_2_m,45-54_2_w,55-64_2_m,55-64_2_w,65-74_2_m,65-74_2_w,75-84_2_m,75-84_2_w,>84_2_m,>84_2_w,bp_1,bp_2,mo_1,mo_2,az_1,az_2,ja,unb_1,unb_2
2021-10-06T23:59:59+02:00,1878,1780,10035,9461,11043,10379,13578,14039,17623,17976,20807,20784,16458,17159,9197,11168,2963,5699,9261,8714,10512,9697,13012,13325,16987,17320,20272,20205,16096,16778,8974,10882,2866,5509,151743,144700,20214,19376,27925,27104,12146,9,8
2021-10-05T23:59:59+02:00,1868,1769,10022,9439,11033,10362,13562,14022,17614,17968,20797,20779,16454,17153,9196,11168,2962,5699,9241,8689,10497,9676,13002,13314,16979,17303,20260,20196,16090,16774,8971,10876,2863,5505,151604,144506,20214,19376,27925,27104,12125,9,8
2021-10-04T23:59:59+02:00,1856,1759,9998,9425,11022,10346,13548,14010,17603,17954,20785,20766,16453,17150,9194,11166,2961,5699,9219,8668,10477,9653,12998,13304,16970,17284,20251,20176,16088,16770,8969,10874,2862,5505,151454,144326,20209,19376,27925,27103,12108,9,8
2021-10-03T23:59:59+02:00,1850,1754,9991,9419,11011,10336,13543,14005,17596,17949,20777,20762,16450,17145,9192,11165,2961,5699,9211,8659,10464,9646,12994,13299,16966,17277,20242,20172,16086,16768,8969,10873,2862,5505,151395,144274,20209,19376,27925,27103,12077,9,8
2021-10-02T23:59:59+02:00,1850,1754,9989,9416,11009,10334,13540,14005,17596,17949,20775,20760,16449,17144,9192,11165,2961,5699,9210,8657,10461,9643,12992,13297,16966,17277,20241,20170,16085,16766,8969,10873,2862,5505,151387,144266,20209,19375,27925,27103,12067,9,8
2021-10-01T23:59:59+02:00,1847,1750,9975,9401,11000,10319,13531,13997,17587,17942,20770,20756,16445,17140,9190,11164,2959,5697,9193,8639,10447,9632,12990,13286,16955,17270,20232,20163,16084,16766,8968,10868,2861,5503,151288,144142,20208,19375,27925,27103,12050,9,8
2021-09-30T23:59:59+02:00,1844,1747,9960,9393,10988,10309,13521,13981,17580,17932,20763,20750,16445,17139,9188,11162,2958,5696,9170,8631,10435,9621,12983,13274,16945,17266,20225,20158,16081,16766,8965,10868,2861,5503,151221,144072,20206,19372,27925,27103,12005,9,8
2021-09-29T23:59:59+02:00,1831,1713,9932,9357,10964,10285,13507,13961,17565,17920,20744,20740,16437,17131,9186,11159,2957,5693,9160,8616,10422,9606,12980,13260,16940,17253,20215,20150,16075,16757,8962,10865,2860,5502,150965,143944,20206,19371,27925,27103,11987,9,8
2021-09-28T23:59:59+02:00,1804,1689,9879,9304,10943,10249,13476,13935,17537,17890,20727,20720,16427,17118,9182,11150,2956,5690,9142,8586,10409,9584,12962,13247,16930,17241,20202,20138,16066,16748,8956,10858,2860,5501,150586,143740,20206,19370,27924,27103,11961,9,8
2021-09-27T23:59:59+02:00,1787,1676,9854,9286,10918,10227,13457,13908,17519,17871,20718,20713,16421,17113,9178,11147,2956,5688,9123,8564,10387,9564,12942,13220,16915,17224,20191,20129,16063,16746,8954,10855,2860,5500,150418,143590,20198,19366,27924,27101,11898,9,8
2021-09-26T23:59:59+02:00,1780,1670,9843,9277,10902,10215,13447,13900,17513,17865,20708,20712,16419,17109,9178,11146,2955,5688,9118,8556,10379,9560,12933,13215,16911,17219,20184,20127,16061,16744,8954,10855,2860,5500,150338,143556,20197,19366,27924,27100,11869,9,8
2021-09-25T23:59:59+02:00,1780,1669,9840,9276,10901,10215,13445,13899,17513,17865,20708,20712,16419,17108,9178,11146,2955,5688,9118,8553,10377,9560,12932,13213,16911,17219,20184,20127,16061,16743,8954,10855,2860,5500,150333,143552,20197,19366,27924,27100,11864,9,8
2021-09-24T23:59:59+02:00,1772,1653,9823,9264,10897,10205,13441,13888,17510,17861,20705,20708,16416,17107,9178,11146,2954,5688,9101,8540,10371,9549,12928,13209,16905,17213,20183,20123,16059,16741,8953,10855,2860,5500,150244,143469,20195,19366,27924,27100,11854,9,8
2021-09-23T23:59:59+02:00,1769,1651,9760,9222,10789,10141,13343,13815,17426,17795,20652,20661,16392,17089,9171,11135,2954,5685,9043,8502,10264,9490,12838,13149,16825,17151,20132,20079,16036,16720,8945,10843,2860,5497,150167,143440,20193,19363,27924,27100,11166,9,8
2021-09-22T23:59:59+02:00,1747,1634,9731,9189,10774,10112,13317,13784,17398,17772,20637,20639,16388,17081,9169,11128,2951,5684,9018,8487,10243,9473,12823,13133,16806,17140,20121,20074,16030,16718,8942,10837,2858,5494,149881,143270,20189,19360,27924,27100,11141,9,8
2021-09-21T23:59:59+02:00,1716,1603,9675,9124,10740,10077,13290,13742,17368,17749,20623,20629,16375,17067,9164,11126,2949,5679,8984,8455,10227,9454,12801,13106,16780,17110,20111,20064,16020,16711,8937,10834,2858,5492,149460,142987,20187,19358,27923,27100,11126,9,8
2021-09-20T23:59:59+02:00,1684,1579,9620,9071,10692,10027,13254,13701,17347,17730,20599,20611,16365,17060,9155,11114,2948,5675,8949,8428,10208,9432,12774,13083,16759,17092,20094,20045,16012,16702,8930,10827,2856,5491,149058,142744,20185,19357,27923,27099,11066,9,8
2021-09-19T23:59:59+02:00,1683,1578,9616,9063,10685,10022,13246,13698,17339,17724,20592,20607,16363,17057,9154,11112,2945,5672,8943,8422,10204,9430,12770,13081,16756,17090,20091,20041,16011,16702,8930,10827,2856,5490,149003,142722,20182,19355,27923,27098,11048,9,8
2021-09-18T23:59:59+02:00,1683,1578,9616,9062,10683,10018,13243,13694,17336,17724,20591,20607,16363,17057,9154,11112,2945,5672,8941,8419,10202,9428,12769,13078,16752,17089,20090,20041,16011,16702,8930,10827,2856,5490,148997,142713,20182,19355,27923,27098,11036,9,8
2021-09-17T23:59:59+02:00,1677,1570,9599,9039,10671,10002,13227,13680,17325,17713,20587,20597,16361,17055,9153,11110,2944,5671,8934,8413,10196,9422,12760,13073,16748,17084,20087,20033,16011,16700,8929,10826,2856,5490,148883,142689,20181,19355,27923,27097,10994,9,8
2021-09-16T23:59:59+02:00,1673,1569,9583,9023,10655,9986,13216,13667,17313,17704,20575,20586,16360,17051,9150,11107,2944,5669,8928,8407,10188,9415,12752,13067,16740,17079,20077,20028,16011,16699,8929,10823,2856,5488,148780,142660,20178,19352,27922,27094,10951,9,8
2021-09-15T23:59:59+02:00,1660,1554,9556,8996,10631,9966,13187,13639,17294,17680,20558,20568,16354,17044,9141,11099,2944,5665,8881,8368,10157,9375,12719,13027,16715,17059,20048,20008,16004,16687,8924,10820,2856,5486,148613,142325,20110,19340,27922,27091,10891,9,8
2021-09-14T23:59:59+02:00,1647,1544,9522,8965,10615,9946,13169,13616,17271,17662,20544,20554,16337,17031,9131,11088,2940,5653,8847,8335,10141,9358,12710,13004,16699,17040,20031,19988,16000,16680,8921,10813,2855,5482,148412,142084,20032,19339,27922,27091,10869,9,8
2021-09-13T23:59:59+02:00,1614,1509,9479,8910,10589,9912,13146,13573,17250,17643,20522,20541,16331,17025,9128,11082,2938,5647,8812,8307,10125,9336,12689,12972,16686,17023,20015,19972,15994,16666,8915,10811,2854,5478,148194,141830,19879,19331,27922,27090,10845,8,8
2021-09-12T23:59:59+02:00,1612,1506,9466,8903,10576,9906,13139,13563,17245,17639,20519,20536,16330,17022,9126,11081,2938,5644,8788,8285,10104,9325,12672,12958,16675,17015,20007,19963,15991,16662,8914,10805,2854,5477,148143,141670,19873,19330,27922,27089,10814,8,8
2021-09-11T23:59:59+02:00,1612,1506,9464,8898,10572,9903,13136,13561,17244,17636,20516,20534,16330,17020,9125,11081,2938,5644,8779,8283,10102,9324,12667,12957,16674,17012,20005,19962,15991,16661,8913,10805,2854,5477,148132,141664,19871,19325,27922,27089,10796,8,8
2021-09-10T23:59:59+02:00,1611,1505,9460,8894,10563,9896,13124,13556,17239,17629,20514,20530,16329,17019,9125,11081,2938,5644,8775,8280,10096,9316,12657,12951,16668,17007,20002,19958,15991,16660,8913,10804,2854,5477,148103,141644,19870,19319,27922,27089,10763,8,8
2021-09-09T23:59:59+02:00,1608,1500,9444,8888,10552,9883,13110,13539,17223,17620,20499,20519,16327,17018,9123,11077,2937,5641,8765,8275,10089,9306,12652,12938,16650,17000,19990,19949,15989,16658,8911,10797,2853,5475,148021,141592,19868,19319,27922,27088,10697,8,8
2021-09-08T23:59:59+02:00,1570,1451,9400,8829,10521,9845,13083,13502,17191,17594,20480,20499,16311,17004,9119,11071,2937,5639,8741,8259,10071,9290,12633,12923,16635,16991,19974,19942,15982,16652,8910,10793,2853,5475,147609,141464,19867,19314,27922,27088,10648,8,8
2021-09-07T23:59:59+02:00,1552,1426,9380,8805,10503,9825,13073,13492,17182,17582,20474,20494,16307,17001,9118,11066,2936,5637,8733,8251,10063,9288,12625,12921,16631,16983,19970,19939,15982,16650,8910,10790,2853,5475,147433,141423,19865,19312,27922,27084,10633,8,8
2021-09-06T23:59:59+02:00,1539,1414,9356,8780,10483,9804,13063,13478,17171,17568,20465,20478,16305,16998,9116,11066,2935,5637,8727,8242,10055,9281,12620,12912,16625,16978,19965,19932,15980,16649,8906,10787,2853,5474,147257,141364,19864,19309,27920,27083,10615,8,8
2021-09-05T23:59:59+02:00,1536,1411,9348,8769,10475,9799,13058,13472,17168,17561,20459,20476,16302,16995,9116,11065,2935,5637,8719,8236,10048,9271,12613,12906,16619,16972,19957,19930,15978,16647,8906,10786,2853,5474,147207,141309,19864,19309,27920,27080,10591,8,8
2021-09-04T23:59:59+02:00,1535,1411,9347,8767,10474,9799,13057,13471,17168,17561,20457,20474,16302,16995,9116,11065,2935,5637,8719,8236,10047,9269,12612,12906,16618,16971,19956,19930,15978,16647,8906,10786,2853,5474,147201,141303,19861,19309,27920,27080,10589,8,8
2021-09-03T23:59:59+02:00,1525,1397,9326,8749,10461,9787,13053,13461,17153,17550,20445,20464,16298,16989,9115,11060,2935,5634,8703,8224,10035,9262,12605,12899,16602,16961,19953,19922,15974,16640,8905,10782,2853,5471,147100,141252,19858,19307,27920,27080,10524,8,8
2021-09-02T23:59:59+02:00,1514,1388,9272,8717,10401,9736,12978,13403,17103,17513,20387,20421,16266,16962,9105,11049,2934,5629,8658,8199,9976,9218,12536,12849,16558,16928,19893,19881,15942,16617,8898,10774,2853,5466,146973,141195,19857,19303,27919,27078,10029,8,8
2021-09-01T23:59:59+02:00,1510,1371,9252,8703,10378,9725,12965,13390,17091,17499,20377,20417,16262,16956,9098,11045,2934,5628,8640,8178,9960,9201,12525,12838,16546,16917,19877,19870,15938,16612,8895,10768,2853,5465,146865,141061,19833,19301,27919,27077,9984,8,8
2021-08-31T23:59:59+02:00,1493,1353,9237,8676,10367,9711,12954,13382,17086,17488,20370,20409,16257,16952,9096,11040,2934,5628,8623,8161,9954,9189,12510,12827,16535,16912,19874,19863,15934,16610,8894,10765,2853,5465,146708,140936,19832,19298,27919,27074,9974,8,8
2021-08-30T23:59:59+02:00,1472,1336,9219,8653,10353,9695,12943,13367,17073,17468,20358,20400,16253,16949,9094,11038,2934,5627,8596,8147,9940,9177,12499,12808,16522,16895,19865,19856,15928,16604,8892,10760,2851,5463,146543,140798,19832,19294,27916,27065,9940,8,8
2021-08-29T23:59:59+02:00,1471,1335,9217,8647,10346,9686,12941,13362,17064,17463,20354,20395,16250,16944,9094,11038,2934,5626,8593,8141,9931,9166,12495,12802,16514,16890,19861,19853,15925,16597,8891,10760,2851,5462,146525,140778,19832,19293,27916,27059,9893,8,8
2021-08-28T23:59:59+02:00,1470,1335,9214,8643,10346,9685,12940,13361,17064,17462,20354,20394,16250,16944,9094,11038,2934,5626,8589,8141,9929,9166,12494,12801,16514,16889,19861,19852,15925,16597,8891,10760,2851,5462,146517,140772,19832,19291,27916,27059,9888,8,8
2021-08-27T23:59:59+02:00,1460,1324,9201,8636,10341,9679,12937,13359,17061,17456,20349,20389,16249,16942,9093,11038,2934,5626,8579,8134,9926,9160,12487,12799,16511,16882,19860,19851,15923,16596,8890,10759,2851,5462,146443,140722,19832,19289,27916,27054,9882,8,8
2021-08-26T23:59:59+02:00,1457,1323,9194,8632,10336,9673,12929,13358,17058,17454,20347,20384,16246,16939,9090,11033,2933,5626,8570,8123,9920,9154,12479,12796,16506,16880,19858,19846,15920,16592,8887,10756,2850,5462,146422,140691,19830,19289,27916,27048,9843,8,8
2021-08-25T23:59:59+02:00,1443,1299,9087,8576,10250,9601,12840,13284,16939,17370,20252,20328,16199,16901,9075,11012,2928,5615,8479,8069,9837,9092,12388,12731,16402,16807,19771,19792,15876,16553,8873,10736,2845,5449,146181,140546,19829,19288,27916,27046,9072,8,8
2021-08-24T23:59:59+02:00,1424,1274,9056,8546,10236,9581,12811,13255,16908,17334,20238,20312,16184,16891,9070,11006,2928,5612,8456,8056,9820,9080,12372,12720,16391,16792,19763,19782,15870,16549,8873,10734,2845,5448,145892,140427,19827,19286,27916,27046,9030,8,8
2021-08-23T23:59:59+02:00,1406,1249,9014,8509,10222,9563,12780,13235,16889,17316,20225,20288,16172,16879,9059,11000,2927,5607,8431,8040,9793,9061,12358,12714,16378,16783,19752,19766,15864,16542,8869,10729,2844,5445,145636,140331,19827,19284,27916,27025,8960,8,8
2021-08-22T23:59:59+02:00,1406,1249,9004,8504,10215,9557,12779,13231,16885,17310,20222,20285,16169,16875,9055,11000,2927,5606,8415,8034,9786,9050,12354,12709,16375,16776,19750,19762,15861,16537,8865,10727,2844,5444,145623,140302,19827,19282,27916,27022,8912,8,8
2021-08-21T23:59:59+02:00,1406,1248,8999,8504,10214,9555,12776,13230,16884,17310,20221,20284,16169,16875,9055,11000,2927,5606,8293,7954,9685,8956,12266,12599,16284,16705,19694,19718,15841,16522,8862,10716,2843,5442,145617,140298,19824,18381,27916,27021,8905,8,8
2021-08-20T23:59:59+02:00,1405,1246,8991,8502,10207,9547,12770,13220,16881,17308,20214,20279,16166,16875,9055,10998,2926,5605,7935,7628,9532,8796,12123,12459,16161,16595,19586,19622,15802,16473,8850,10692,2841,5441,145583,138200,19824,18381,27916,27020,8871,8,8
2021-08-19T23:59:59+02:00,1400,1244,8980,8496,10200,9538,12761,13215,16876,17306,20209,20277,16165,16873,9055,10997,2926,5604,7676,7360,9402,8691,11980,12340,16067,16489,19489,19535,15760,16425,8839,10672,2840,5433,145542,136473,19821,18373,27915,27011,8843,8,8
2021-08-18T23:59:59+02:00,1376,1212,8934,8460,10172,9507,12734,13180,16846,17283,20183,20248,16152,16859,9049,10991,2922,5599,7663,7350,9390,8683,11966,12323,16053,16480,19481,19526,15754,16418,8835,10668,2837,5430,145236,136426,19808,18372,27912,27010,8749,8,8
2021-08-17T23:59:59+02:00,1351,1199,8898,8428,10157,9486,12720,13156,16831,17262,20160,20226,16144,16849,9046,10984,2920,5594,7650,7335,9372,8675,11955,12314,16046,16470,19470,19520,15748,16413,8834,10666,2836,5428,144994,136355,19805,18367,27911,27004,8699,8,8
2021-08-16T23:59:59+02:00,1328,1181,8860,8402,10138,9467,12696,13132,16821,17245,20140,20211,16139,16837,9042,10983,2919,5594,7641,7323,9356,8672,11945,12308,16044,16465,19461,19513,15745,16410,8834,10666,2836,5428,144761,136315,19803,18363,27911,27003,8658,8,8
2021-08-15T23:59:59+02:00,1310,1164,8841,8383,10125,9453,12680,13119,16808,17235,20126,20199,16133,16831,9042,10978,2919,5594,7629,7312,9340,8656,11931,12297,16037,16457,19455,19509,15737,16406,8833,10663,2836,5428,144613,136258,19802,18358,27908,26984,8615,8,8
2021-08-14T23:59:59+02:00,1309,1164,8841,8383,10124,9453,12679,13117,16808,17234,20125,20197,16133,16831,9042,10978,2919,5594,7313,7019,9196,8488,11757,12132,15919,16327,19361,19421,15711,16382,8824,10650,2836,5424,144607,134269,19802,18356,27908,26976,8612,8,8
2021-08-13T23:59:59+02:00,1304,1162,8829,8374,10113,9445,12667,13107,16792,17225,20117,20189,16129,16825,9040,10977,2918,5594,6924,6658,9025,8327,11549,11916,15701,16146,19220,19299,15676,16343,8812,10636,2834,5420,144579,131788,19802,18356,27908,26973,8516,8,8
2021-08-12T23:59:59+02:00,1304,1162,8828,8371,10106,9440,12664,13107,16786,17216,20113,20184,16128,16821,9038,10975,2918,5594,6917,6651,9011,8320,11538,11914,15690,16139,19216,19293,15674,16338,8810,10635,2834,5420,144564,131754,19801,18353,27908,26955,8479,8,8
2021-08-11T23:59:59+02:00,1301,1158,8824,8364,10097,9433,12656,13103,16780,17212,20107,20182,16126,16818,9037,10975,2918,5593,6910,6641,8995,8309,11527,11910,15686,16132,19208,19287,15670,16335,8809,10635,2834,5418,144514,131692,19797,18347,27908,26941,8462,8,8
2021-08-10T23:59:59+02:00,1300,1158,8822,8363,10093,9428,12653,13098,16778,17210,20106,20177,16124,16816,9037,10974,2918,5593,6866,6596,8962,8294,11508,11890,15660,16120,19201,19277,15668,16333,8809,10633,2834,5418,144487,131449,19797,18343,27908,26934,8453,8,8
2021-08-09T23:59:59+02:00,1300,1156,8816,8362,10089,9420,12651,13095,16771,17208,20100,20177,16122,16816,9036,10974,2918,5593,6847,6572,8941,8277,11495,11879,15644,16108,19195,19272,15665,16332,8807,10632,2834,5418,144461,131315,19797,18339,27906,26925,8437,8,8
2021-08-08T23:59:59+02:00,1300,1155,8813,8356,10087,9416,12642,13092,16766,17204,20098,20174,16120,16812,9035,10973,2917,5592,6844,6561,8925,8269,11478,11871,15637,16099,19193,19267,15662,16328,8806,10631,2833,5417,144449,131266,19796,18331,27906,26921,8398,8,8
2021-08-07T23:59:59+02:00,1300,1147,8804,8349,10076,9409,12639,13085,16759,17200,20092,20169,16116,16807,9033,10973,2916,5592,6192,5990,8654,8046,11208,11641,15438,15925,19108,19191,15642,16304,8799,10624,2830,5416,144400,128178,19795,18319,27906,26920,8362,8,8
2021-08-06T23:59:59+02:00,1294,1146,8795,8337,10062,9397,12619,13066,16741,17188,20075,20157,16109,16799,9033,10970,2916,5591,6179,5976,8639,8031,11184,11620,15416,15908,19091,19179,15635,16297,8799,10621,2830,5415,144362,128125,19792,18313,27906,26918,8232,8,8
2021-08-05T23:59:59+02:00,1291,1144,8788,8330,10053,9388,12605,13058,16735,17185,20067,20153,16108,16799,9033,10969,2916,5591,5895,5740,8290,7735,10818,11344,15093,15669,18841,19011,15615,16273,8789,10614,2829,5414,144313,128030,19788,15609,27902,26885,8207,8,8
2021-08-04T23:59:59+02:00,1290,1141,8782,8326,10048,9386,12599,13054,16730,17183,20065,20150,16107,16799,9032,10968,2916,5590,5881,5732,8261,7725,10798,11332,15076,15663,18836,19006,15612,16270,8788,10614,2829,5414,144281,127930,19787,15601,27901,26869,8194,8,8
2021-08-03T23:59:59+02:00,1283,1138,8778,8316,10043,9381,12594,13051,16725,17181,20060,20148,16105,16799,9031,10966,2916,5589,5769,5618,8168,7655,10681,11255,15027,15610,18807,18991,15608,16268,8787,10612,2827,5413,144236,127204,19785,15593,27901,26840,8179,8,8
2021-08-02T23:59:59+02:00,1277,1132,8765,8308,10036,9374,12589,13045,16720,17171,20053,20144,16103,16796,9029,10963,2915,5588,5598,5458,8039,7548,10557,11140,14955,15527,18775,18966,15600,16259,8781,10612,2826,5413,144155,126137,19779,15588,27900,26809,8171,8,8
2021-08-01T23:59:59+02:00,1275,1131,8758,8301,10029,9367,12583,13043,16715,17169,20048,20142,16103,16796,9028,10961,2915,5588,5537,5401,7988,7499,10495,11088,14919,15502,18762,18948,15597,16256,8779,10609,2826,5411,144111,125698,19777,15584,27899,26788,8162,8,8
2021-07-31T23:59:59+02:00,1275,1131,8757,8298,10029,9366,12581,13043,16714,17169,20047,20140,16103,16796,9028,10961,2915,5588,5511,5381,7972,7486,10478,11074,14906,15496,18758,18945,15596,16255,8779,10609,2826,5411,144109,125568,19776,15580,27899,26787,8154,8,8
2021-07-30T23:59:59+02:00,1143,1010,8529,8069,9935,9248,12501,12959,16634,17097,19987,20073,16071,16757,9022,10944,2914,5585,5217,5107,7834,7343,10290,10881,14770,15330,18690,18888,15572,16228,8766,10596,2822,5407,142654,123738,19774,15572,27899,26770,8148,8,8
2021-07-29T23:59:59+02:00,1136,1002,8398,7979,9776,9150,12347,12857,16485,17002,19823,19963,15985,16688,8997,10925,2913,5578,4922,4873,7557,7150,10009,10680,14523,15155,18495,18770,15486,16153,8739,10575,2821,5397,142533,122638,19771,15531,27899,26745,6798,8,8
2021-07-28T23:59:59+02:00,1125,988,8369,7942,9762,9134,12325,12843,16468,16979,19803,19953,15978,16675,8990,10921,2913,5576,4500,4443,7239,6899,9691,10380,14287,14973,18439,18729,15471,16142,8733,10564,2821,5387,142290,119988,19769,15477,27897,26682,6785,8,8
2021-07-27T23:59:59+02:00,1115,980,8346,7927,9749,9127,12313,12834,16460,16973,19796,19940,15976,16669,8988,10918,2912,5574,4266,4197,7008,6700,9444,10101,14127,14812,18388,18662,15422,16096,8716,10548,2818,5380,142151,117968,19767,15474,27897,26657,6779,8,8
2021-07-26T23:59:59+02:00,1111,977,8333,7915,9742,9122,12307,12828,16453,16965,19789,19939,15973,16664,8986,10914,2911,5569,4160,4089,6905,6589,9318,9979,14044,14729,18341,18628,15411,16085,8706,10540,2815,5378,142072,117065,19764,15464,27886,26599,6773,8,8
2021-07-25T23:59:59+02:00,1110,976,8324,7912,9729,9118,12297,12825,16448,16958,19786,19938,15971,16664,8985,10914,2911,5569,4109,4039,6828,6540,9246,9923,14008,14697,18317,18614,15393,16072,8699,10534,2815,5376,142046,116624,19760,15448,27885,26577,6741,8,8
2021-07-24T23:59:59+02:00,1108,972,8236,7850,9655,9037,12230,12748,16379,16905,19745,19899,15950,16650,8982,10904,2911,5568,4066,3997,6771,6490,9168,9866,13943,14631,18285,18588,15381,16061,8691,10530,2815,5376,142027,116370,19095,15166,27885,26575,6719,8,8
2021-07-23T23:59:59+02:00,1082,947,8124,7761,9617,9002,12196,12719,16334,16870,19716,19880,15944,16644,8978,10900,2911,5568,3775,3712,6514,6285,8885,9580,13707,14455,18205,18527,15339,16018,8673,10511,2813,5370,141533,114123,19095,15143,27885,26569,6677,8,8
2021-07-22T23:59:59+02:00,989,860,7908,7531,9513,8913,12078,12623,16242,16786,19641,19795,15898,16604,8969,10885,2910,5562,3650,3585,6360,6192,8731,9451,13545,14312,18130,18459,15318,15992,8665,10501,2813,5369,140070,112973,19093,15071,27878,26474,6663,8,8
2021-07-21T23:59:59+02:00,969,846,7876,7491,9497,8902,12056,12600,16218,16770,19617,19774,15887,16597,8969,10880,2910,5562,3345,3319,6013,5933,8336,9068,13278,14076,17988,18334,15226,15911,8633,10471,2810,5357,139814,110164,19091,14999,27873,26377,6640,8,8
2021-07-20T23:59:59+02:00,968,845,7868,7486,9490,8899,12051,12598,16210,16769,19612,19769,15886,16596,8969,10879,2910,5562,3272,3268,5953,5877,8278,9009,13194,14032,17956,18319,15226,15911,8633,10469,2810,5357,139776,109778,19090,14984,27870,26245,6628,8,8
2021-07-19T23:59:59+02:00,967,845,7861,7484,9487,8891,12046,12596,16205,16762,19609,19769,15884,16593,8969,10877,2910,5561,3220,3233,5902,5835,8217,8964,13137,14005,17910,18306,15226,15908,8633,10467,2810,5356,139739,109497,19089,14967,27870,26118,6615,8,8
2021-07-18T23:59:59+02:00,966,844,7850,7475,9482,8886,12037,12591,16200,16756,19607,19767,15883,16591,8969,10877,2910,5561,3200,3215,5863,5804,8182,8935,13098,13989,17895,18302,15226,15907,8633,10467,2810,5355,139692,109309,19088,14933,27868,26105,6601,8,8
2021-07-17T23:59:59+02:00,851,725,7528,7185,9330,8715,11862,12429,16071,16617,19510,19671,15862,16570,8961,10864,2910,5558,3099,3107,5752,5712,8049,8776,12957,13861,17800,18224,15216,15889,8630,10460,2810,5355,137679,108128,19087,14928,27868,26101,6585,5,8
2021-07-16T23:59:59+02:00,695,574,7132,6857,9146,8555,11670,12218,15868,16440,19368,19543,15832,16533,8951,10850,2909,5556,3037,3046,5676,5649,7936,8669,12837,13725,17721,18149,15194,15873,8626,10458,2809,5355,135194,107229,19087,14923,27867,26094,6549,5,8
2021-07-15T23:59:59+02:00,693,574,7118,6849,9143,8553,11658,12214,15858,16433,19364,19537,15830,16530,8947,10848,2908,5547,2998,3011,5610,5606,7846,8619,12762,13684,17691,18125,15171,15857,8618,10451,2808,5346,135154,106997,19085,14769,27862,25969,6502,5,8
2021-07-14T23:59:59+02:00,691,573,7109,6840,9138,8551,11654,12209,15852,16430,19359,19532,15828,16527,8944,10845,2908,5543,2975,2998,5569,5574,7810,8598,12729,13668,17673,18114,15164,15854,8615,10447,2808,5342,135121,106844,19084,14735,27862,25928,6465,5,8
2021-07-13T23:59:59+02:00,686,571,7084,6823,9124,8534,11645,12194,15841,16411,19349,19526,15819,16523,8940,10835,2903,5535,2918,2947,5505,5508,7650,8463,12475,13450,17517,17986,15145,15843,8603,10434,2803,5331,134994,105629,19084,14682,27859,25893,6405,5,8
2021-07-12T23:59:59+02:00,680,563,7070,6808,9113,8523,11635,12184,15836,16398,19337,19522,15817,16519,8938,10835,2903,5532,2862,2893,5422,5433,7502,8348,12228,13237,17336,17839,15135,15838,8599,10427,2802,5331,134878,104391,19082,14629,27855,25843,6397,5,8
2021-07-11T23:59:59+02:00,679,562,7061,6806,9103,8515,11628,12176,15826,16395,19332,19517,15817,16516,8937,10833,2903,5532,2831,2858,5345,5360,7404,8261,12061,13080,17210,17706,15127,15827,8598,10424,2802,5331,134834,103502,19078,14580,27855,25800,6370,5,8
2021-07-10T23:59:59+02:00,505,404,6497,6255,8878,8329,11385,11984,15669,16262,19277,19468,15809,16506,8933,10828,2902,5531,2802,2824,5293,5314,7321,8181,11958,12980,17132,17639,15112,15811,8595,10413,2799,5329,132138,102804,19078,14578,27855,25792,6350,5,8
2021-07-09T23:59:59+02:00,494,397,6438,6227,8851,8292,11345,11956,15642,16249,19264,19452,15808,16503,8933,10825,2902,5531,2745,2757,5211,5245,7142,8004,11546,12681,16835,17432,15091,15783,8588,10408,2797,5327,132046,101776,18868,13718,27854,25777,6340,5,8
2021-07-08T23:59:59+02:00,488,395,6122,5968,8478,8004,10963,11650,15305,16001,19005,19278,15786,16479,8924,10818,2899,5530,2684,2706,5129,5169,7003,7913,11345,12539,16683,17308,15084,15775,8588,10406,2797,5326,131959,100913,15975,13548,27849,25702,6309,5,8
2021-07-07T23:59:59+02:00,486,391,6107,5956,8454,7989,10948,11633,15294,15991,19004,19273,15784,16475,8923,10816,2899,5528,2635,2654,5039,5110,6864,7819,11110,12357,16519,17174,15076,15768,8583,10400,2797,5326,131851,99890,15966,13423,27847,25653,6282,5,8
2021-07-06T23:59:59+02:00,459,371,6006,5863,8381,7923,10875,11564,15261,15951,18981,19256,15776,16465,8920,10814,2896,5526,2567,2584,4906,4995,6681,7686,10721,11945,16147,16798,15050,15735,8575,10393,2796,5322,131233,97732,15958,13341,27842,25592,6250,5,8
2021-07-05T23:59:59+02:00,418,337,5828,5692,8263,7830,10761,11450,15202,15881,18949,19225,15770,16457,8916,10809,2893,5525,2514,2508,4807,4897,6548,7551,10369,11626,15873,16492,15020,15705,8567,10378,2796,5317,130184,95936,15954,13277,27839,25539,6224,5,8
2021-07-04T23:59:59+02:00,398,307,5754,5612,8206,7773,10694,11392,15172,15850,18935,19206,15763,16453,8915,10807,2893,5523,2495,2478,4745,4850,6487,7501,10232,11517,15772,16420,15015,15697,8565,10377,2795,5317,129678,95372,15947,13208,27834,25501,6189,5,8
2021-07-03T23:59:59+02:00,392,305,5735,5602,8196,7764,10683,11388,15165,15844,18932,19203,15763,16453,8915,10807,2893,5523,2460,2446,4649,4822,6380,7475,10174,11471,15667,16334,14336,14990,8546,10352,2795,5317,129607,95257,15945,13206,27834,23585,6172,5,8
2021-07-02T23:59:59+02:00,346,266,5546,5453,8124,7692,10585,11291,15100,15788,18913,19196,15759,16449,8910,10805,2891,5520,2413,2398,4493,4744,6196,7401,10020,11314,15477,16131,13546,14072,8538,10337,2795,5316,128694,94694,15943,13162,27833,21182,6159,5,8
2021-07-01T23:59:59+02:00,284,211,5330,5271,7996,7580,10445,11165,14972,15693,18869,19171,15752,16442,8905,10799,2891,5519,2296,2278,4317,4571,5959,7147,9239,10629,14848,15661,13521,14043,8533,10332,2791,5314,127405,91197,15931,13066,27832,21098,6122,5,8
2021-06-30T23:59:59+02:00,154,121,4848,4798,7655,7303,10092,10827,14745,15516,18812,19127,15741,16431,8901,10791,2891,5516,2260,2231,4232,4499,5848,7050,9068,10506,14758,15583,13507,14035,8530,10329,2791,5312,124419,90597,15925,12893,27832,20965,6088,5,8
2021-06-29T23:59:59+02:00,117,99,4564,4518,7403,7086,9802,10527,14546,15326,18749,19066,15689,16381,8881,10776,2890,5511,2193,2151,4089,4363,5641,6869,8842,10277,14463,15358,13460,13987,8517,10305,2789,5299,122348,89145,15921,12740,27830,20893,5827,5,8
2021-06-28T23:59:59+02:00,101,78,4429,4375,7298,6976,9680,10402,14454,15219,18704,19023,15673,16365,8867,10765,2887,5509,2106,2024,3908,4157,5360,6527,8458,9767,13932,14822,13341,13898,8498,10281,2786,5285,121335,85938,15910,12659,27827,20826,5728,5,6
2021-06-27T23:59:59+02:00,96,76,4375,4328,7239,6921,9618,10347,14421,15185,18684,19006,15656,16353,8860,10758,2886,5504,2052,1990,3844,4113,5246,6413,8289,9638,13756,14709,13315,13878,8488,10272,2783,5283,120969,85149,15906,12624,27824,20687,5609,5,6
2021-06-26T23:59:59+02:00,83,74,4331,4298,7208,6893,9600,10325,14401,15169,18671,18993,15652,16347,8860,10758,2886,5504,1976,1897,3655,3955,5031,6157,7926,9183,13405,14413,13235,13820,8468,10244,2778,5274,120725,82513,15900,12624,27824,20681,5599,5,6
2021-06-25T23:59:59+02:00,70,61,4020,3972,6945,6656,9306,10032,14178,14980,18588,18936,15606,16302,8841,10739,2884,5497,1911,1813,3489,3833,4837,5926,7601,8768,13094,14078,13185,13764,8455,10219,2772,5268,118324,80157,15873,12593,27824,20676,5587,5,6
2021-06-24T23:59:59+02:00,63,54,3927,3882,6847,6571,9206,9942,14079,14895,18560,18903,15591,16285,8835,10732,2884,5496,1844,1739,3375,3736,4638,5784,7381,8569,12845,13877,12352,12833,8275,9956,2772,5267,117594,78940,15864,12487,27820,18347,5469,5,6
2021-06-23T23:59:59+02:00,49,49,3522,3509,6393,6224,8674,9435,13742,14592,18424,18767,15487,16193,8792,10696,2881,5482,1706,1567,3124,3532,4219,5455,6433,7858,12102,13179,12329,12821,8265,9949,2772,5263,114658,78306,15616,9157,27819,18298,4813,5,6
2021-06-22T23:59:59+02:00,40,41,3449,3436,6314,6165,8571,9357,13691,14544,18391,18750,15476,16186,8791,10691,2881,5479,1665,1514,3020,3429,4075,5305,6179,7674,11490,12469,12239,12727,8247,9916,2768,5255,114029,75966,15610,9075,27817,18139,4792,5,6
2021-06-21T23:59:59+02:00,34,38,3378,3375,6222,6106,8511,9286,13630,14498,18358,18730,15474,16184,8788,10688,2881,5478,1629,1463,2929,3332,3949,5155,5983,7448,10732,11549,11851,12271,7168,8689,2762,5248,113508,73311,15603,8974,27810,15139,4733,5,6
2021-06-20T23:59:59+02:00,34,37,3353,3353,6174,6075,8467,9254,13601,14481,18347,18726,15473,16184,8788,10688,2881,5478,1611,1446,2892,3304,3898,5117,5930,7424,10644,11473,11831,12252,7165,8682,2761,5248,113331,72994,15586,8897,27810,15123,4662,5,6
2021-06-19T23:59:59+02:00,32,35,3326,3328,6145,6052,8437,9235,13577,14475,18341,18721,15473,16183,8788,10688,2881,5478,1607,1433,2887,3295,3890,5112,5915,7419,10633,11466,11831,12252,7165,8681,2761,5248,113138,72913,15580,8897,27810,15121,4662,5,6
2021-06-18T23:59:59+02:00,28,30,3284,3285,6071,6012,8368,9180,13531,14444,18318,18710,15472,16181,8787,10687,2881,5478,1532,1339,2750,3119,3707,4836,5518,7046,9140,9898,11664,12084,7124,8631,2749,5230,112754,67734,15553,8896,27810,15110,4625,5,6
2021-06-17T23:59:59+02:00,26,26,3220,3233,6004,5972,8294,9126,13458,14399,18294,18699,15470,16176,8785,10684,2881,5475,1403,1246,2561,2904,3444,4544,5156,6650,8467,9166,11380,11841,7083,8574,2745,5227,112378,64017,15524,8781,27806,15082,4509,5,6
2021-06-16T23:59:59+02:00,26,23,3167,3172,5892,5904,8174,9033,13330,14313,18228,18663,15464,16167,8785,10681,2881,5475,1306,1190,2420,2796,3261,4384,4872,6377,7390,7875,11289,11733,7052,8537,2732,5209,111739,60254,15449,8735,27802,15049,4383,5,6
2021-06-15T23:59:59+02:00,21,22,3071,3086,5774,5814,7989,8854,13067,14094,18079,18536,15449,16155,8777,10675,2881,5473,1269,1157,2347,2740,3157,4309,4669,6253,7078,7624,10794,11174,7018,8503,2724,5196,110318,58010,15421,8703,27792,15017,4281,5,5
2021-06-14T23:59:59+02:00,20,20,2997,3016,5693,5756,7846,8735,12778,13856,17891,18360,15433,16141,8770,10670,2880,5472,1242,1129,2281,2684,3032,4213,4470,6114,6737,7319,10268,10563,6987,8466,2720,5186,108925,55642,15412,8596,27788,14969,4204,5,4
2021-06-13T23:59:59+02:00,20,20,2979,2986,5627,5718,7783,8669,12638,13721,17785,18238,15427,16132,8769,10667,2879,5472,1231,1116,2252,2668,2995,4202,4424,6094,6704,7302,10263,10557,6987,8465,2720,5186,108188,55500,15401,8588,27784,14926,4152,5,4
2021-06-12T23:59:59+02:00,18,20,2950,2968,5599,5693,7752,8650,12619,13702,17777,18235,15426,16130,8769,10667,2879,5472,1175,1054,2163,2592,2901,4066,4282,5962,6594,7217,10181,10479,6391,7741,2720,5186,107989,55385,15398,8588,27784,12581,4150,5,4
2021-06-11T23:59:59+02:00,18,17,2874,2894,5530,5629,7571,8464,12209,13396,17496,18030,15410,16105,8763,10659,2876,5470,1151,1037,2108,2551,2836,4017,4197,5900,6483,7126,10078,10366,6377,7734,2718,5180,106977,54859,14507,8319,27783,12542,4139,5,4
2021-06-10T23:59:59+02:00,14,15,2820,2853,5430,5576,7439,8383,12022,13257,17358,17912,15405,16101,8763,10658,2875,5469,1110,1012,2033,2485,2735,3939,4027,5770,6238,6913,9827,10098,6357,7706,2712,5174,106056,53294,14434,8315,27778,12450,4077,5,4
2021-06-09T23:59:59+02:00,13,14,2742,2784,5308,5481,7217,8213,11743,13015,17171,17763,15394,16087,8759,10649,2875,5466,1053,947,1902,2367,2530,3756,3701,5486,5616,6402,9004,9195,6300,7630,2698,5139,104849,49284,14282,8297,27769,12356,3789,5,4
2021-06-08T23:59:59+02:00,10,10,2644,2682,5173,5353,7021,8028,11313,12588,16794,17374,15375,16060,8748,10642,2874,5461,1016,918,1832,2302,2425,3682,3561,5420,5466,6270,8970,9176,6298,7618,2696,5135,102645,48773,14255,8246,27767,12288,3478,5,4
2021-06-07T23:59:59+02:00,8,9,2517,2584,4982,5222,6814,7863,10835,12227,16451,17078,15350,16032,8742,10625,2873,5457,947,881,1704,2245,2284,3598,3306,5330,5111,5985,8421,8551,6245,7559,2692,5126,100709,46556,14212,8230,27758,12214,2985,5,4
2021-06-06T23:59:59+02:00,8,7,2480,2559,4921,5165,6728,7806,10696,12116,16360,17013,15347,16028,8742,10625,2871,5456,931,871,1676,2225,2240,3570,3235,5305,5063,5961,8416,8550,6240,7551,2692,5125,100118,46395,14161,8220,27751,12143,2893,5,4
2021-06-05T23:59:59+02:00,7,6,2466,2537,4893,5140,6691,7776,10666,12089,16351,17006,15347,16028,8742,10625,2871,5456,915,856,1643,2196,2200,3514,3132,5223,4710,5632,7821,7845,6212,7497,2691,5123,99893,44008,14161,8214,27749,12099,2889,5,4
2021-06-04T23:59:59+02:00,6,5,2435,2508,4848,5096,6643,7723,10577,11985,16299,16942,15343,16021,8742,10624,2870,5455,903,838,1620,2176,2158,3477,3080,5165,4546,5443,7520,7477,6176,7455,2689,5117,99362,42721,14154,8212,27749,12055,2852,5,4
2021-06-03T23:59:59+02:00,6,5,2332,2380,4697,4922,6434,7475,9876,11352,15709,16492,15332,16011,8739,10618,2869,5454,886,808,1580,2117,2109,3397,2990,5055,4400,5276,7361,7288,6164,7428,2689,5113,96024,41673,14115,8202,27744,11971,2815,5,4
2021-06-02T23:59:59+02:00,6,5,2315,2355,4652,4889,6379,7438,9776,11264,15649,16439,15324,16007,8738,10614,2869,5453,874,796,1561,2093,2056,3360,2904,4969,4039,4887,6804,6649,6120,7372,2685,5102,95499,39334,14113,8197,27744,11928,2811,5,4
2021-06-01T23:59:59+02:00,6,4,2252,2315,4531,4796,6214,7321,9587,11116,15541,16362,15321,16003,8734,10610,2868,5448,840,769,1496,2044,1940,3297,2750,4876,3836,4760,6594,6417,6098,7354,2679,5095,94625,38251,14063,8175,27732,11813,2604,5,4
2021-05-31T23:59:59+02:00,2,4,2202,2256,4433,4704,6070,7196,9401,10967,15455,16306,15313,15996,8731,10610,2868,5448,817,735,1439,1985,1868,3248,2575,4820,3706,4706,6237,6003,6075,7333,2676,5087,93903,37071,13976,8168,27721,11712,2357,5,4
2021-05-30T23:59:59+02:00,2,4,2177,2235,4377,4643,5975,7136,9326,10905,15418,16286,15312,15993,8731,10610,2868,5448,805,724,1416,1962,1818,3222,2442,4785,3601,4688,6235,6001,6075,7333,2676,5087,93452,36754,13937,8146,27711,11627,2341,5,4
2021-05-29T23:59:59+02:00,2,4,2161,2220,4357,4631,5958,7119,9313,10892,15413,16283,15311,15993,8731,10610,2868,5448,787,672,1323,1703,1684,2861,2242,4237,3322,4259,6145,5907,5963,7201,2675,5087,93323,36701,13934,8140,27711,8884,2341,5,4
2021-05-28T23:59:59+02:00,2,4,2140,2197,4318,4585,5913,7074,9235,10822,15345,16231,15307,15991,8731,10610,2868,5447,768,582,1245,1450,1586,2459,2064,3549,3058,3664,5506,5166,5881,7110,2671,5074,92845,35400,13921,8140,27709,5951,2340,5,4
2021-05-27T23:59:59+02:00,2,4,2098,2159,4231,4518,5790,7000,9079,10722,15247,16147,15306,15990,8731,10610,2868,5447,738,548,1213,1367,1544,2321,1994,3408,2945,3545,5070,4685,5848,7071,2660,5045,92162,34276,13771,8131,27686,5268,2325,5,4
2021-05-26T23:59:59+02:00,2,4,2030,2040,4036,4373,5449,6735,8108,9978,14484,15444,15294,15984,8727,10604,2866,5444,727,533,1187,1306,1498,2262,1936,3293,2793,3401,3762,3304,5789,6999,2637,4987,91385,30998,10243,8114,27670,5001,2299,5,4
2021-05-25T23:59:59+02:00,2,4,1993,2003,3956,4306,5354,6669,7973,9871,14106,15008,15246,15947,8720,10589,2864,5440,722,526,1159,1271,1478,2237,1916,3265,2767,3375,3756,3294,5782,6996,2635,4986,90040,30909,10094,8104,27654,4892,2258,5,4
2021-05-24T23:59:59+02:00,2,4,1967,1959,3869,4230,5248,6587,7848,9747,13596,14393,15195,15880,8713,10576,2863,5435,716,518,1140,1259,1446,2222,1894,3246,2741,3353,3739,3276,5760,6972,2626,4970,88252,30775,10015,8053,27643,4852,2197,5,3
2021-05-23T23:59:59+02:00,2,4,1958,1947,3850,4208,5230,6574,7796,9716,13520,14330,15184,15876,8711,10575,2862,5435,709,507,1129,1246,1421,2198,1836,3210,2633,3255,3327,2843,5116,6162,2611,4925,88019,30601,9914,5498,27643,4831,2197,5,3
2021-05-22T23:59:59+02:00,2,4,1791,1905,3548,4158,4829,6531,7539,9659,13395,14251,15178,15875,8711,10574,2862,5435,547,476,836,1204,1045,2163,1596,3157,2519,3180,3324,2841,5116,6161,2611,4925,87868,30589,9914,5497,27641,4795,819,5,3
2021-05-21T23:59:59+02:00,2,3,1706,1797,3391,3966,4639,6236,7142,9293,12102,12917,15027,15727,8674,10527,2853,5424,543,464,826,1202,1043,2155,1561,3127,2441,3104,3150,2704,5090,6118,2608,4910,83095,29955,9874,5496,27635,4776,817,5,3
2021-05-20T23:59:59+02:00,2,3,1668,1763,3296,3916,4532,6153,6966,9210,11891,12687,15006,15709,8670,10520,2852,5423,522,449,784,1156,986,2091,1440,3055,2315,3008,2962,2533,5049,6042,2600,4895,82253,29208,9771,5481,27579,4536,660,4,3
2021-05-19T23:59:59+02:00,2,3,1647,1737,3238,3860,4437,6086,6849,9145,11658,12426,14995,15698,8667,10519,2852,5422,513,437,768,1119,969,2022,1330,2907,1989,2714,2399,2038,4944,5924,2578,4848,81432,27142,9632,5466,27552,4268,621,4,3
2021-05-18T23:59:59+02:00,2,3,1586,1704,3149,3770,4324,5982,6689,8986,11366,12169,14950,15650,8655,10496,2850,5412,510,425,752,1103,951,2005,1247,2842,1709,2491,1957,1694,4871,5841,2557,4805,80330,25602,9430,5456,27483,4204,496,4,3
2021-05-17T23:59:59+02:00,2,3,1537,1623,3019,3612,4120,5703,6341,8527,10817,11620,14841,15557,8636,10471,2845,5401,508,417,746,1096,932,2000,1223,2818,1682,2454,1941,1674,4864,5834,2554,4803,77432,25538,9393,5442,27459,4177,387,4,3
2021-05-16T23:59:59+02:00,2,3,1518,1601,2966,3571,4025,5616,6192,8391,10641,11486,14815,15535,8628,10463,2844,5399,501,411,724,1081,902,1984,1194,2790,1649,2430,1934,1665,4861,5830,2551,4801,76686,25508,9334,5424,27429,4131,243,4,3
2021-05-15T23:59:59+02:00,2,3,1432,1503,2756,3405,3796,5339,5833,7919,10288,11191,14730,15473,8609,10434,2838,5390,501,409,720,1079,902,1980,1189,2789,1643,2425,1922,1653,4854,5824,2551,4799,73939,25446,9334,5424,27422,4126,242,4,3
2021-05-14T23:59:59+02:00,2,3,1398,1440,2645,3308,3644,5182,5634,7630,10068,10938,14695,15435,8596,10411,2835,5386,452,368,649,913,829,1694,1061,2379,1462,2100,1888,1613,4851,5816,2550,4795,72294,25383,9315,5422,27399,2375,238,4,3
2021-05-13T23:59:59+02:00,2,3,1341,1372,2543,3224,3475,5045,5415,7424,9841,10759,14669,15406,8586,10408,2833,5383,445,356,622,885,727,1587,961,2294,1198,1887,1169,1033,4630,5581,2542,4762,71131,25263,9002,2881,27369,2310,223,4,3
2021-05-12T23:59:59+02:00,2,3,1334,1362,2526,3218,3457,5031,5394,7411,9826,10748,14667,15402,8584,10406,2832,5383,445,355,621,884,723,1585,956,2294,1194,1881,1150,1024,4617,5543,2508,4693,71015,25061,8978,2881,27367,2307,222,4,3
2021-05-11T23:59:59+02:00,2,2,1292,1320,2453,3136,3343,4904,5198,7264,9539,10440,14619,15344,8572,10386,2828,5374,439,342,603,870,700,1568,928,2270,1168,1855,1095,988,4554,5445,2465,4569,69675,24569,8855,2863,27282,2225,200,4,3
2021-05-10T23:59:59+02:00,2,2,1270,1293,2389,3059,3216,4778,5067,7106,9214,10060,14573,15305,8563,10367,2823,5372,438,340,590,861,686,1553,916,2254,1150,1841,1060,954,4492,5369,2424,4451,68319,24154,8733,2860,27213,2173,190,4,3
2021-05-09T23:59:59+02:00,2,2,1255,1276,2347,3044,3137,4742,5003,7073,9148,10015,14560,15290,8561,10362,2823,5370,430,338,576,856,663,1533,894,2234,1138,1827,1041,938,4479,5331,2408,4408,68080,23991,8657,2858,27165,2139,104,4,3
2021-05-08T23:59:59+02:00,1,2,1253,1272,2333,3032,3119,4731,4963,7058,9124,10007,14559,15290,8561,10361,2823,5370,430,338,575,856,662,1533,894,2233,1137,1826,1041,938,4478,5331,2408,4408,67937,23989,8651,2855,27163,2138,104,4,3
2021-05-07T23:59:59+02:00,1,2,1233,1251,2293,2991,3067,4683,4864,6966,8899,9760,14542,15267,8555,10355,2820,5366,382,312,543,788,625,1371,824,2026,1047,1637,1011,909,4457,5309,2406,4403,67026,23884,8644,2851,27137,1209,104,4,3
2021-05-06T23:59:59+02:00,1,2,1086,1159,2065,2748,2768,4372,4493,6565,8308,9153,14262,15028,8515,10298,2817,5365,381,308,530,769,608,1339,805,1991,1014,1609,984,877,4447,5295,2404,4399,63387,23754,8516,2800,27001,1107,97,4,3
2021-05-05T23:59:59+02:00,1,1,1021,1107,1953,2635,2608,4200,4197,6286,7291,7967,14176,14929,8480,10257,2804,5345,378,305,523,759,593,1330,771,1977,988,1589,911,814,4406,5223,2396,4383,59857,23433,8470,2779,26877,1082,50,4,3
2021-05-04T23:59:59+02:00,1,1,999,1087,1901,2596,2506,4132,3977,6172,7010,7749,13670,14362,8449,10224,2799,5336,375,304,518,755,581,1325,754,1958,972,1582,893,790,4385,5207,2393,4374,57798,23298,8411,2764,26716,1060,42,4,3
2021-05-03T23:59:59+02:00,1,1,967,1050,1839,2543,2400,4021,3776,6054,6652,7447,13134,13736,8412,10186,2792,5321,369,303,516,749,570,1318,745,1947,958,1569,867,766,4367,5189,2387,4361,55369,23186,8385,2753,26573,1039,1,4,3
2021-05-02T23:59:59+02:00,1,1,962,1049,1820,2537,2371,4012,3731,6044,6616,7438,13133,13735,8412,10185,2792,5321,369,303,513,749,569,1316,740,1947,957,1565,865,762,4365,5185,2387,4361,55230,23167,8379,2751,26546,1032,1,4,3
2021-05-01T23:59:59+02:00,1,1,962,1047,1812,2533,2359,4004,3718,6036,6602,7429,13132,13732,8412,10185,2792,5321,369,303,513,749,569,1316,739,1946,955,1565,865,762,4365,5185,2387,4361,55152,23167,8377,2747,26544,1032,1,4,3
2021-04-30T23:59:59+02:00,0,1,946,1042,1792,2517,2338,3969,3681,6003,6523,7375,13037,13628,8411,10180,2789,5309,319,248,472,673,540,1137,708,1723,921,1361,854,744,4361,5182,2387,4361,54654,23153,8376,2742,26506,93,1,4,3
2021-04-29T23:59:59+02:00,0,1,892,1017,1736,2467,2274,3910,3533,5879,6285,7152,12776,13354,8389,10151,2785,5302,312,246,462,666,537,1129,701,1712,910,1351,846,729,4352,5174,2387,4359,53057,23063,8360,2736,26481,71,1,4,3
2021-04-28T23:59:59+02:00,0,1,831,983,1656,2404,2130,3799,3249,5626,5682,6645,11939,12435,8330,10062,2761,5265,311,243,460,659,529,1116,690,1691,900,1344,831,713,4333,5147,2385,4359,48999,22940,8353,2717,26441,51,1,4,3
2021-04-27T23:59:59+02:00,0,1,822,978,1638,2383,2085,3780,3178,5601,5556,6521,11910,12418,8328,10060,2761,5263,310,241,454,657,521,1110,681,1679,890,1338,820,701,4329,5141,2384,4353,48520,22862,8348,2701,26410,43,1,4,3
2021-04-26T23:59:59+02:00,0,1,812,966,1612,2365,2025,3739,3000,5523,5224,6235,11345,11773,8273,9995,2756,5253,308,240,453,656,516,1104,670,1673,881,1327,810,692,4324,5136,2384,4349,46187,22811,8339,2672,26367,38,1,3,2
2021-04-25T23:59:59+02:00,0,1,802,964,1595,2359,1987,3722,2874,5500,5130,6230,11341,11769,8269,9989,2755,5252,307,239,453,656,516,1097,670,1671,878,1325,810,691,4324,5136,2384,4349,45858,22805,8333,2668,26344,31,1,3,2
2021-04-24T23:59:59+02:00,0,1,788,954,1573,2339,1947,3677,2777,5431,4787,5906,10727,11044,8238,9930,2754,5250,307,239,453,656,516,1096,669,1669,877,1325,805,687,4314,5120,2382,4348,43449,22768,8332,2663,26338,30,1,3,2
2021-04-23T23:59:59+02:00,0,1,783,946,1560,2329,1917,3650,2738,5378,4626,5720,10418,10662,8198,9888,2751,5241,307,238,453,656,516,1095,668,1669,875,1325,805,686,4311,5117,2382,4348,42148,22757,8331,2662,26323,30,1,3,2
2021-04-22T23:59:59+02:00,0,1,766,932,1532,2286,1867,3581,2651,5287,4473,5566,10274,10468,8184,9857,2749,5233,307,237,451,645,514,1089,662,1661,869,1316,799,682,4308,5115,2382,4346,41147,22721,8303,2638,26253,22,1,3,2
2021-04-21T23:59:59+02:00,0,1,755,920,1507,2274,1815,3536,2546,5199,4088,5146,9677,9784,8135,9793,2745,5222,305,237,449,644,514,1088,658,1658,864,1311,786,670,4298,5101,2382,4342,38628,22671,8287,2614,26224,20,1,3,2
2021-04-20T23:59:59+02:00,0,1,748,908,1486,2247,1784,3505,2496,5141,3951,5051,9480,9564,8118,9783,2741,5219,305,236,449,643,513,1086,657,1654,861,1305,780,665,4294,5096,2382,4342,37793,22639,8275,2608,26151,20,1,3,1
2021-04-19T23:59:59+02:00,0,1,741,899,1478,2239,1765,3487,2464,5114,3886,4992,9109,9147,8093,9758,2738,5213,305,234,448,639,511,1083,654,1652,857,1301,775,659,4285,5094,2382,4340,36763,22601,8263,2597,26094,20,1,3,1
2021-04-18T23:59:59+02:00,0,1,737,896,1473,2233,1747,3480,2445,5102,3878,4990,9099,9136,8093,9757,2738,5213,304,234,448,636,510,1079,652,1649,854,1301,774,657,4285,5092,2382,4340,36703,22593,8243,2583,26068,20,1,3,1
2021-04-17T23:59:59+02:00,0,1,721,890,1385,2223,1647,3468,2408,5072,3797,4912,8384,8414,8077,9744,2738,5213,304,234,446,634,509,1078,651,1649,853,1298,774,657,4284,5092,2382,4340,36695,22581,8243,2583,24152,20,1,3,1
2021-04-16T23:59:59+02:00,0,1,706,872,1256,2200,1495,3445,2322,5006,3635,4747,7044,6863,8042,9695,2725,5181,304,233,441,626,505,1074,641,1647,849,1288,764,651,4278,5078,2379,4338,35316,22504,8233,2579,21682,12,1,3,1
2021-04-15T23:59:59+02:00,0,1,685,862,1245,2187,1474,3427,2264,4969,3563,4695,6606,6364,8001,9631,2701,5106,297,227,427,615,488,1060,607,1620,814,1258,673,590,3780,4565,2355,4302,33992,22445,8178,1224,21607,8,1,3,1
2021-04-14T23:59:59+02:00,0,1,680,858,1226,2173,1442,3408,2219,4932,3431,4601,5265,4959,7950,9566,2679,5069,289,222,424,609,481,1057,600,1612,809,1255,658,574,3767,4555,2351,4297,30759,22357,8166,1195,21530,7,1,3,1
2021-04-13T23:59:59+02:00,0,1,677,858,1217,2168,1426,3406,2211,4921,3411,4586,5246,4942,7944,9563,2678,5067,289,221,422,607,478,1054,598,1608,798,1252,640,569,3765,4552,2351,4297,30678,22336,8145,1157,21495,7,1,3,1
2021-04-12T23:59:59+02:00,0,1,672,850,1204,2158,1410,3395,2176,4906,3380,4562,5221,4927,7931,9551,2675,5034,288,220,420,607,476,1048,596,1604,790,1244,635,566,3759,4551,2351,4297,30545,22308,8100,1136,21404,7,1,3,1
2021-04-11T23:59:59+02:00,0,1,664,846,1188,2146,1392,3380,2108,4881,3261,4478,4802,4485,7257,8725,2668,5029,288,220,418,607,474,1046,591,1601,786,1242,631,563,3755,4546,2351,4297,30515,22301,5480,1107,21312,7,1,3,1
2021-04-10T23:59:59+02:00,0,1,664,844,1187,2145,1390,3376,2106,4878,3258,4471,4758,4438,7253,8719,2668,5028,283,217,416,596,461,1030,564,1584,754,1217,559,493,3187,3926,2301,4202,30392,20675,5477,1107,21311,7,1,3,1
2021-04-09T23:59:59+02:00,0,1,660,843,1179,2142,1386,3371,2074,4856,3179,4390,4560,4272,7218,8670,2664,5012,273,210,406,582,442,1014,538,1565,733,1194,479,432,2530,3106,2252,4106,29702,18748,5473,1106,21298,7,1,3,1
2021-04-08T23:59:59+02:00,0,1,650,833,1163,2130,1369,3339,2012,4802,3029,4279,3505,3115,6977,8306,2653,4997,260,202,389,564,418,1000,516,1534,700,1172,458,405,2520,3097,2249,4103,28895,18520,5423,1059,18838,7,1,3,1
2021-04-07T23:59:59+02:00,0,1,643,827,1150,2121,1350,3326,1903,4722,2707,4029,2896,2586,6865,8182,2628,4944,246,195,362,540,380,966,473,1500,664,1144,431,381,2460,3033,2244,4095,26710,18068,5402,1040,18764,6,1,3,0
2021-04-06T23:59:59+02:00,0,1,633,818,1111,2114,1326,3308,1785,4671,2428,3861,2443,2237,6787,8091,2606,4906,222,182,328,513,355,947,436,1477,629,1113,396,339,2405,2958,2238,4085,25106,17595,5385,1022,18631,6,1,3,0
2021-04-05T23:59:59+02:00,0,1,630,816,1100,2109,1320,3305,1776,4661,2413,3844,2150,1891,5663,6772,2604,4905,222,182,327,509,349,941,432,1475,625,1109,393,336,2403,2952,2238,4083,25074,17585,5373,985,15510,6,1,2,0
2021-04-04T23:59:59+02:00,0,1,629,815,1100,2109,1320,3304,1776,4661,2411,3842,2149,1888,5663,6768,2604,4905,222,182,326,509,349,941,431,1475,625,1109,393,336,2402,2952,2238,4083,25065,17582,5373,985,15504,6,1,2,0
2021-04-03T23:59:59+02:00,0,1,629,815,1100,2108,1320,3304,1775,4659,2407,3842,2148,1885,5662,6768,2604,4905,222,182,326,509,349,941,431,1475,624,1109,393,336,2402,2952,2238,4083,25059,17581,5369,985,15501,6,1,2,0
2021-04-02T23:59:59+02:00,0,1,629,814,1100,2108,1316,3303,1772,4654,2406,3839,2140,1876,5650,6752,2600,4893,222,182,326,507,349,940,430,1474,623,1098,391,336,2402,2951,2238,4083,24990,17561,5364,985,15496,6,1,2,0
2021-04-01T23:59:59+02:00,0,1,625,803,1078,2089,1218,3208,1681,4585,2147,3631,1407,1287,5440,6539,2590,4863,218,181,326,506,348,939,429,1472,623,1097,388,334,2402,2951,2238,4079,24879,17549,2852,976,15458,6,1,2,0
2021-03-31T23:59:59+02:00,0,1,623,802,1074,2085,1213,3200,1670,4580,2129,3618,1379,1254,5411,6484,2549,4763,217,181,326,505,347,939,429,1471,622,1095,385,331,2398,2950,2236,4077,24553,17535,2838,968,15441,6,1,2,0
2021-03-30T23:59:59+02:00,0,1,621,795,1069,2081,1207,3195,1660,4566,2122,3603,1332,1208,5324,6353,2502,4608,217,180,326,504,344,935,424,1468,615,1084,370,320,2295,2797,2113,3850,24016,16910,2816,926,15413,6,1,1,0
2021-03-29T23:59:59+02:00,0,1,619,793,1066,2073,1197,3189,1653,4554,2109,3590,1296,1177,5260,6258,2448,4474,216,179,324,502,342,933,422,1463,610,1079,363,315,2070,2530,1886,3470,23571,15775,2789,923,15395,6,1,1,0
2021-03-28T23:59:59+02:00,0,1,619,790,1064,2067,1194,3182,1648,4543,2103,3585,1280,1168,5249,6236,2436,4441,214,179,323,499,333,929,419,1456,607,1067,356,303,2065,2516,1885,3467,23461,15747,2771,868,15372,3,1,1,0
2021-03-27T23:59:59+01:00,0,1,566,729,984,1999,1113,3063,1530,4418,2001,3503,1211,1098,4646,5503,2436,4441,212,178,323,499,333,929,415,1454,606,1064,355,303,2064,2515,1885,3467,23444,15731,2766,868,13030,3,1,1,0
2021-03-26T23:59:59+01:00,0,1,563,724,977,1988,1111,3057,1520,4411,1984,3495,1167,1067,4616,5469,2435,4437,211,175,323,497,330,928,413,1453,601,1057,347,298,1659,1979,1460,2740,23248,13606,2756,862,13016,3,1,1,0
2021-03-25T23:59:59+01:00,0,1,560,718,964,1980,1108,3048,1513,4399,1969,3485,1157,1057,4608,5464,2435,4435,210,172,321,496,328,923,410,1447,597,1048,343,294,1562,1857,1423,2664,23202,13253,2748,839,12949,3,1,1,0
2021-03-24T23:59:59+01:00,0,1,558,712,956,1969,1095,3032,1484,4380,1955,3477,1122,1027,4581,5429,2430,4430,209,172,320,495,324,919,406,1439,587,1030,330,284,1234,1474,1267,2395,23061,12103,2722,779,12853,3,1,1,0
2021-03-23T23:59:59+01:00,0,1,556,707,951,1956,1091,3022,1477,4366,1945,3469,1109,1016,4562,5415,2430,4426,208,172,318,492,315,916,405,1439,581,1026,322,277,995,1208,1151,2215,22986,11280,2713,757,12798,3,1,1,0
2021-03-22T23:59:59+01:00,0,1,555,698,946,1942,1085,3013,1468,4350,1931,3459,1106,1012,4557,5414,2430,4426,207,172,317,490,314,914,402,1436,578,1022,318,273,994,1204,1151,2212,22961,11264,2697,737,12733,3,1,1,0
2021-03-21T23:59:59+01:00,0,1,552,695,943,1934,1082,3009,1460,4337,1919,3452,1103,1011,4557,5412,2430,4426,206,172,317,489,312,910,402,1431,572,1020,308,268,990,1199,1150,2212,22957,11261,2684,694,12680,3,1,1,0
2021-03-20T23:59:59+01:00,0,1,547,688,938,1917,1065,2992,1432,4319,1885,3423,1031,940,3971,4772,2378,4326,206,172,317,489,312,910,402,1431,572,1020,308,268,990,1199,1149,2211,21282,11259,2683,694,12658,3,1,1,0
2021-03-19T23:59:59+01:00,0,1,538,679,920,1889,1038,2972,1396,4293,1859,3392,944,875,3290,3932,2327,4227,203,172,315,489,311,907,400,1429,568,1013,305,267,977,1186,1118,2171,19284,11236,2672,592,12614,3,1,1,0
2021-03-18T23:59:59+01:00,0,1,525,667,903,1863,1015,2946,1356,4252,1815,3339,846,811,2774,3397,2304,4193,198,170,312,485,308,897,396,1423,566,1008,302,260,871,1089,1005,1978,19205,10850,1264,415,12536,3,1,1,0
2021-03-17T23:59:59+01:00,0,1,523,657,894,1843,1002,2925,1333,4230,1797,3323,816,786,2686,3306,2298,4188,196,169,310,483,305,896,389,1419,563,1004,299,255,628,814,699,1527,18896,9922,1225,34,12486,0,1,0,0
2021-03-16T23:59:59+01:00,0,1,521,648,885,1822,981,2909,1316,4218,1773,3307,787,775,2638,3225,2296,4183,196,169,308,483,303,893,386,1417,560,999,293,251,380,574,508,1217,18688,8910,1185,28,12412,0,0,0,0
2021-03-15T23:59:59+01:00,0,1,521,638,880,1802,970,2887,1311,4211,1765,3298,781,771,2635,3224,2296,4183,195,169,307,482,302,893,386,1416,557,999,293,251,380,573,507,1217,18673,8903,1162,25,12339,0,0,0,0
2021-03-14T23:59:59+01:00,0,1,520,632,873,1790,963,2880,1301,4198,1755,3285,776,767,2630,3221,2296,4183,195,169,306,482,301,891,384,1414,557,999,292,251,380,573,507,1217,18668,8900,1132,19,12271,0,0,0,0
2021-03-13T23:59:59+01:00,0,1,499,581,780,1529,832,2497,1107,3634,1473,2857,697,678,2527,3095,2295,4182,195,169,306,482,301,891,384,1414,557,999,292,251,380,573,507,1217,18664,8900,1132,19,9468,0,0,0,0
2021-03-12T23:59:59+01:00,0,1,484,498,716,1260,741,2101,935,2946,1226,2263,556,526,2483,3050,2295,4182,195,167,306,482,301,889,383,1414,557,996,292,250,367,552,458,1151,18635,8741,1131,19,6497,0,0,0,0
2021-03-11T23:59:59+01:00,0,1,460,462,682,1189,694,1995,875,2800,1144,2151,500,466,2469,3038,2294,4180,195,167,305,480,300,888,383,1411,556,996,292,249,354,535,409,1106,18438,8610,1083,16,5879,0,0,0,0
2021-03-10T23:59:59+01:00,0,1,446,452,649,1155,654,1962,833,2764,1111,2122,481,450,2455,3018,2293,4176,191,165,301,473,300,887,378,1405,550,989,288,243,229,436,176,837,18162,7838,1063,10,5797,0,0,0,0
2021-03-09T23:59:59+01:00,0,1,430,435,618,1125,631,1942,810,2736,1089,2098,459,429,2361,2875,2167,3944,191,165,299,471,299,886,377,1402,550,986,286,242,229,436,175,836,17393,7830,1046,0,5711,0,0,0,0
2021-03-08T23:59:59+01:00,0,1,417,414,596,1095,613,1920,794,2711,1067,2072,437,401,2130,2599,1938,3562,191,164,299,469,298,881,377,1396,550,984,285,240,229,435,175,836,16142,7809,1017,0,5608,0,0,0,0
2021-03-07T23:59:59+01:00,0,1,416,413,589,1077,599,1912,791,2698,1062,2062,436,400,2125,2591,1937,3559,191,164,298,468,298,880,377,1393,550,983,285,240,229,435,175,836,16114,7802,1007,0,5547,0,0,0,0
2021-03-06T23:59:59+01:00,0,1,416,410,586,1064,596,1910,784,2691,1058,2055,435,400,2125,2591,1937,3559,191,164,298,468,298,880,377,1393,550,982,284,240,229,435,175,836,16106,7800,1007,0,5505,0,0,0,0
2021-03-05T23:59:59+01:00,0,1,410,395,580,1052,591,1901,779,2681,1051,2047,421,392,1701,2026,1501,2802,188,159,294,468,295,878,375,1390,548,978,284,240,229,435,175,836,13867,7772,1007,0,5457,0,0,0,0
2021-03-04T23:59:59+01:00,0,1,400,370,552,1013,572,1844,750,2627,1030,1998,417,388,1608,1907,1461,2725,177,151,283,457,294,870,373,1376,546,974,283,240,229,435,175,836,13509,7699,1001,0,5153,0,0,0,0
2021-03-03T23:59:59+01:00,0,1,397,364,545,982,554,1812,726,2579,1012,1958,409,382,1282,1527,1302,2451,176,150,282,456,293,869,369,1369,543,967,281,238,228,434,173,831,12345,7659,992,0,4946,0,0,0,0
2021-03-02T23:59:59+01:00,0,1,393,359,537,948,540,1792,717,2555,1001,1939,398,372,1036,1258,1182,2268,176,148,281,446,289,863,369,1360,543,961,281,238,228,434,173,831,11514,7621,955,0,4827,0,0,0,0
2021-03-01T23:59:59+01:00,0,1,391,352,528,925,521,1761,708,2531,990,1922,394,365,1035,1251,1182,2264,176,146,281,437,286,853,366,1345,540,955,279,236,227,433,173,831,11494,7564,920,0,4707,0,0,0,0
2021-02-28T23:59:59+01:00,0,1,386,349,525,917,513,1750,704,2519,985,1907,389,360,1035,1249,1182,2264,174,145,281,436,286,852,366,1345,539,955,279,236,227,433,173,831,11488,7558,892,0,4655,0,0,0,0
2021-02-27T23:59:59+01:00,0,1,385,347,520,910,511,1744,701,2510,982,1905,388,359,1035,1249,1181,2264,174,145,281,436,286,852,366,1345,538,955,279,236,227,433,173,831,11487,7557,892,0,4613,0,0,0,0
2021-02-26T23:59:59+01:00,0,1,338,301,452,738,435,1436,574,2093,811,1564,360,329,1035,1246,1181,2264,174,143,281,432,284,844,364,1337,536,952,279,236,227,433,173,831,11476,7526,881,0,2801,0,0,0,0
2021-02-25T23:59:59+01:00,0,1,318,292,441,717,423,1400,559,2045,793,1532,352,321,949,1154,1107,2138,123,130,261,427,275,832,352,1321,531,945,279,234,227,433,173,831,11065,7374,851,0,2626,0,0,0,0
2021-02-24T23:59:59+01:00,0,1,313,286,436,701,416,1365,543,1997,771,1488,345,308,739,920,920,1829,123,124,259,421,272,822,350,1308,524,939,277,232,225,432,173,829,10116,7310,810,0,2452,0,0,0,0
2021-02-23T23:59:59+01:00,0,1,311,274,428,687,405,1341,535,1963,752,1469,331,298,486,671,727,1522,123,123,258,419,270,816,350,1302,523,931,276,231,224,432,171,828,9103,7277,765,0,2333,0,0,0,0
2021-02-22T23:59:59+01:00,0,1,311,273,427,680,404,1336,531,1952,747,1465,331,296,485,669,727,1521,123,118,253,409,269,799,346,1277,518,923,272,230,224,432,171,828,9098,7192,754,0,2304,0,0,0,0
2021-02-21T23:59:59+01:00,0,1,308,272,425,674,401,1327,528,1944,741,1461,320,291,481,664,725,1521,123,118,252,408,269,796,343,1274,510,920,271,229,223,431,170,817,9093,7154,712,0,2279,0,0,0,0
2021-02-20T23:59:59+01:00,0,1,308,269,425,672,401,1319,527,1935,739,1457,320,291,481,664,725,1521,123,118,252,408,269,796,343,1274,509,920,271,229,223,431,170,817,9093,7153,712,0,2250,0,0,0,0
2021-02-19T23:59:59+01:00,0,0,262,243,393,596,367,1150,469,1722,630,1247,311,275,455,628,643,1412,123,118,252,408,268,796,343,1274,509,920,271,229,223,431,170,817,8871,7152,605,0,1327,0,0,0,0
2021-02-18T23:59:59+01:00,0,0,261,238,385,587,356,1128,456,1704,620,1240,311,273,401,580,530,1280,120,115,248,402,261,789,340,1265,506,919,269,227,223,431,170,817,8683,7102,424,0,1243,0,0,0,0
2021-02-17T23:59:59+01:00,0,0,255,234,373,573,349,1119,433,1688,612,1228,306,266,240,444,185,861,112,102,245,396,256,773,334,1249,500,908,265,224,222,431,170,817,7946,7004,32,0,1188,0,0,0,0
2021-02-16T23:59:59+01:00,0,0,253,232,362,571,339,1110,425,1674,607,1221,303,263,239,443,185,861,83,89,225,370,245,743,316,1209,468,873,243,209,214,411,169,810,7937,6677,28,0,1123,0,0,0,0
2021-02-15T23:59:59+01:00,0,0,251,232,360,566,337,1104,423,1662,604,1215,303,263,239,442,184,861,82,87,221,359,238,731,306,1182,452,850,230,202,201,387,162,753,7930,6443,25,0,1091,0,0,0,0
2021-02-14T23:59:59+01:00,0,0,250,230,354,563,333,1095,419,1656,601,1212,303,263,239,442,184,861,78,85,214,354,235,723,301,1169,448,835,229,200,201,376,162,743,7920,6353,20,0,1065,0,0,0,0
2021-02-13T23:59:59+01:00,0,0,250,230,354,563,333,1095,417,1656,601,1211,302,263,239,442,184,861,78,85,214,354,235,723,301,1169,448,835,229,200,201,376,162,743,7918,6353,20,0,1063,0,0,0,0
2021-02-12T23:59:59+01:00,0,0,194,169,306,485,306,899,384,1418,564,998,294,248,238,442,184,861,75,84,211,353,233,720,295,1165,445,830,225,197,201,374,162,743,7905,6313,20,0,65,0,0,0,0
2021-02-11T23:59:59+01:00,0,0,192,168,300,474,302,885,378,1399,554,990,294,248,238,442,184,861,74,81,200,327,223,676,275,1114,427,780,224,194,201,369,162,740,7865,6067,17,0,27,0,0,0,0
2021-02-10T23:59:59+01:00,0,0,190,161,296,470,299,880,372,1388,550,982,292,246,236,441,184,859,69,75,183,299,212,616,258,1029,402,727,215,179,187,339,147,689,7822,5626,11,0,13,0,0,0,0
2021-02-09T23:59:59+01:00,0,0,185,154,292,462,298,871,372,1378,548,973,289,245,236,441,183,858,60,60,145,236,183,511,220,837,346,592,194,153,165,303,137,612,7777,4754,2,0,6,0,0,0,0
2021-02-08T23:59:59+01:00,0,0,179,147,288,450,293,861,368,1358,541,966,285,241,235,440,181,854,33,47,100,146,134,284,161,457,252,386,163,125,136,245,112,508,7679,3289,2,0,6,0,0,0,0
2021-02-07T23:59:59+01:00,0,0,177,145,285,449,292,859,367,1357,540,965,284,240,235,440,181,854,19,40,82,124,129,263,152,423,236,360,153,120,126,234,105,470,7669,3036,1,0,0,0,0,0,0
2021-02-06T23:59:59+01:00,0,0,177,145,285,449,292,859,367,1357,540,965,284,240,235,440,181,854,19,37,80,121,119,248,141,406,205,339,138,116,125,229,104,459,7669,2886,1,0,0,0,0,0,0
2021-02-05T23:59:59+01:00,0,0,177,143,285,445,291,848,365,1349,536,962,284,239,235,440,181,853,18,33,76,116,112,234,135,379,188,321,133,111,121,224,96,442,7632,2739,1,0,0,0,0,0,0
2021-02-04T23:59:59+01:00,0,0,169,138,284,441,284,839,361,1338,527,953,283,237,234,439,181,851,11,20,50,78,83,177,113,288,155,263,115,97,109,206,86,398,7559,2249,0,0,0,0,0,0,0
2021-02-03T23:59:59+01:00,0,0,151,131,274,435,281,832,359,1327,527,951,283,237,233,439,181,850,11,18,42,67,74,142,89,256,134,222,96,83,94,177,78,350,7491,1933,0,0,0,0,0,0,0
2021-02-02T23:59:59+01:00,0,0,131,126,262,433,278,824,354,1321,526,944,282,237,232,439,180,849,11,15,34,61,62,120,74,212,103,172,64,58,69,114,53,225,7418,1447,0,0,0,0,0,0,0
2021-02-01T23:59:59+01:00,0,0,126,121,257,418,276,807,352,1296,520,932,277,235,232,439,180,849,4,9,19,33,31,66,45,118,59,71,29,29,29,48,28,109,7317,727,0,0,0,0,0,0,0
2021-01-31T23:59:59+01:00,0,0,125,118,255,415,275,803,349,1290,515,930,277,232,231,438,180,849,4,6,14,23,26,47,32,72,39,43,15,9,14,28,22,63,7282,457,0,0,0,0,0,0,0
2021-01-30T23:59:59+01:00,0,0,125,118,255,415,275,802,349,1289,514,930,277,232,231,438,180,849,4,6,13,20,23,40,27,64,36,41,15,9,14,28,22,63,7279,425,0,0,0,0,0,0,0
2021-01-29T23:59:59+01:00,0,0,125,118,255,415,274,802,349,1289,514,930,277,232,231,438,180,849,4,6,7,18,21,31,22,56,32,38,15,9,14,27,21,62,7278,383,0,0,0,0,0,0,0
2021-01-28T23:59:59+01:00,0,0,123,115,251,408,270,795,346,1282,510,929,277,232,231,438,180,849,1,3,2,8,13,13,12,27,12,23,11,5,7,14,7,25,7236,183,0,0,0,0,0,0,0
2021-01-27T23:59:59+01:00,0,0,115,105,249,403,267,786,341,1275,504,922,272,229,230,437,180,849,0,0,1,4,9,11,8,20,10,17,10,5,7,14,7,25,7164,148,0,0,0,0,0,0,0
2021-01-26T23:59:59+01:00,0,0,88,93,231,386,259,761,328,1237,478,891,252,217,220,419,180,841,0,0,1,4,9,11,8,20,10,17,10,5,7,14,7,25,6881,148,0,0,0,0,0,0,0
2021-01-25T23:59:59+01:00,0,0,85,88,229,366,246,742,314,1204,460,866,235,210,209,397,175,785,0,0,1,4,9,9,7,13,7,13,10,5,7,14,7,25,6611,131,0,0,0,0,0,0,0
2021-01-24T23:59:59+01:00,0,0,85,86,225,362,245,737,311,1191,458,851,234,208,209,386,175,774,0,0,1,4,9,9,7,13,7,13,10,5,7,14,7,25,6537,131,0,0,0,0,0,0,0
2021-01-23T23:59:59+01:00,0,0,85,86,225,362,245,737,311,1191,458,851,234,208,209,386,175,774,0,0,1,4,9,9,7,13,7,13,10,5,7,14,7,25,6537,131,0,0,0,0,0,0,0
2021-01-22T23:59:59+01:00,0,0,85,85,223,360,245,734,308,1187,454,848,232,207,209,385,175,774,0,0,1,4,9,9,7,13,7,13,10,5,7,14,7,25,6511,131,0,0,0,0,0,0,0
2021-01-21T23:59:59+01:00,0,0,85,82,209,331,235,690,283,1137,439,814,231,203,208,379,174,771,0,0,1,2,7,8,6,12,6,11,10,5,7,14,7,25,6271,121,0,0,0,0,0,0,0
2021-01-20T23:59:59+01:00,0,0,79,76,194,308,223,624,269,1044,410,753,222,191,194,348,160,719,0,0,1,2,7,8,6,12,6,11,10,5,7,14,7,25,5814,121,0,0,0,0,0,0,0
2021-01-19T23:59:59+01:00,0,0,71,66,155,259,203,561,243,921,369,644,201,165,168,306,146,629,0,0,1,2,3,7,6,11,4,9,7,4,7,14,7,25,5107,107,0,0,0,0,0,0,0
2021-01-18T23:59:59+01:00,0,0,59,59,132,216,182,458,216,763,329,551,182,144,143,255,124,540,0,0,0,1,2,4,3,6,2,7,6,4,7,14,7,23,4353,86,0,0,0,0,0,0,0
2021-01-17T23:59:59+01:00,0,0,40,47,108,186,167,399,199,677,304,496,173,137,130,238,107,480,0,0,0,0,2,4,2,6,2,5,4,4,7,14,6,23,3888,79,0,0,0,0,0,0,0
2021-01-16T23:59:59+01:00,0,0,33,44,108,183,157,383,184,657,273,474,157,132,129,232,106,468,0,0,0,0,0,0,0,0,0,0,0,0,0,0,0,0,3720,0,0,0,0,0,0,0,0
2021-01-15T23:59:59+01:00,0,0,31,40,104,178,146,369,178,627,254,452,152,123,125,226,97,450,0,0,0,0,0,0,0,0,0,0,0,0,0,0,0,0,3552,0,0,0,0,0,0,0,0
2021-01-14T23:59:59+01:00,0,0,13,23,51,78,84,173,114,290,149,263,124,104,111,207,85,405,0,0,0,0,0,0,0,0,0,0,0,0,0,0,0,0,2274,0,0,0,0,0,0,0,0
2021-01-13T23:59:59+01:00,0,0,12,20,41,67,76,138,92,260,124,226,95,82,91,166,67,324,0,0,0,0,0,0,0,0,0,0,0,0,0,0,0,0,1881,0,0,0,0,0,0,0,0
2021-01-12T23:59:59+01:00,0,0,12,15,37,63,63,114,77,211,95,172,62,54,61,100,39,189,0,0,0,0,0,0,0,0,0,0,0,0,0,0,0,0,1364,0,0,0,0,0,0,0,0
2021-01-11T23:59:59+01:00,0,0,4,10,26,45,39,83,56,141,58,85,32,28,25,40,18,81,0,0,0,0,0,0,0,0,0,0,0,0,0,0,0,0,771,0,0,0,0,0,0,0,0
2021-01-10T23:59:59+01:00,0,0,3,6,19,32,34,58,38,94,37,53,15,8,8,19,12,34,0,0,0,0,0,0,0,0,0,0,0,0,0,0,0,0,470,0,0,0,0,0,0,0,0
2021-01-09T23:59:59+01:00,0,0,3,6,18,28,33,54,33,84,35,52,15,8,8,19,12,34,0,0,0,0,0,0,0,0,0,0,0,0,0,0,0,0,442,0,0,0,0,0,0,0,0
2021-01-08T23:59:59+01:00,0,0,3,6,15,26,29,43,27,75,31,48,14,8,7,17,11,33,0,0,0,0,0,0,0,0,0,0,0,0,0,0,0,0,393,0,0,0,0,0,0,0,0
2021-01-07T23:59:59+01:00,0,0,1,4,2,9,15,13,14,28,13,24,11,6,7,15,9,26,0,0,0,0,0,0,0,0,0,0,0,0,0,0,0,0,197,0,0,0,0,0,0,0,0
2021-01-06T23:59:59+01:00,0,0,1,0,2,4,13,11,9,22,11,19,11,6,7,15,9,26,0,0,0,0,0,0,0,0,0,0,0,0,0,0,0,0,166,0,0,0,0,0,0,0,0
2021-01-05T23:59:59+01:00,0,0,0,0,1,4,12,11,8,20,10,19,10,6,7,15,9,26,0,0,0,0,0,0,0,0,0,0,0,0,0,0,0,0,158,0,0,0,0,0,0,0,0
2021-01-04T23:59:59+01:00,0,0,0,0,1,4,12,10,7,16,8,17,10,6,7,15,9,26,0,0,0,0,0,0,0,0,0,0,0,0,0,0,0,0,148,0,0,0,0,0,0,0,0
2021-01-03T23:59:59+01:00,0,0,0,0,1,4,11,9,7,13,6,14,10,6,7,15,9,26,0,0,0,0,0,0,0,0,0,0,0,0,0,0,0,0,138,0,0,0,0,0,0,0,0
2021-01-02T23:59:59+01:00,0,0,0,0,1,4,11,9,7,13,6,14,10,6,7,15,9,26,0,0,0,0,0,0,0,0,0,0,0,0,0,0,0,0,138,0,0,0,0,0,0,0,0
2021-01-01T23:59:59+01:00,0,0,0,0,1,4,11,9,7,13,6,14,10,6,7,15,9,26,0,0,0,0,0,0,0,0,0,0,0,0,0,0,0,0,138,0,0,0,0,0,0,0,0
2020-12-31T23:59:59+01:00,0,0,0,0,1,4,11,9,7,13,6,14,10,6,7,15,9,26,0,0,0,0,0,0,0,0,0,0,0,0,0,0,0,0,138,0,0,0,0,0,0,0,0
2020-12-30T23:59:59+01:00,0,0,0,0,1,4,11,9,7,13,6,14,10,6,7,15,9,26,0,0,0,0,0,0,0,0,0,0,0,0,0,0,0,0,138,0,0,0,0,0,0,0,0
2020-12-29T23:59:59+01:00,0,0,0,0,1,4,8,9,7,13,4,12,10,6,7,15,9,26,0,0,0,0,0,0,0,0,0,0,0,0,0,0,0,0,131,0,0,0,0,0,0,0,0
2020-12-28T23:59:59+01:00,0,0,0,0,1,1,5,7,7,7,2,9,10,6,7,15,9,26,0,0,0,0,0,0,0,0,0,0,0,0,0,0,0,0,112,0,0,0,0,0,0,0,0
2020-12-27T23:59:59+01:00,0,0,0,0,0,0,2,4,2,6,1,6,4,5,7,15,8,25,0,0,0,0,0,0,0,0,0,0,0,0,0,0,0,0,85,0,0,0,0,0,0,0,0
