Datum,<15_1_m,<15_1_w,15-24_1_m,15-24_1_w,25-34_1_m,25-34_1_w,35-44_1_m,35-44_1_w,45-54_1_m,45-54_1_w,55-64_1_m,55-64_1_w,65-74_1_m,65-74_1_w,75-84_1_m,75-84_1_w,>84_1_m,>84_1_w,<15_2_m,<15_2_w,15-24_2_m,15-24_2_w,25-34_2_m,25-34_2_w,35-44_2_m,35-44_2_w,45-54_2_m,45-54_2_w,55-64_2_m,55-64_2_w,65-74_2_m,65-74_2_w,75-84_2_m,75-84_2_w,>84_2_m,>84_2_w,bp_1,bp_2,mo_1,mo_2,az_1,az_2,ja,unb_1,unb_2
2021-11-29T23:59:59+01:00,2804,2710,11325,10486,12176,11505,14683,15057,18530,18835,21512,21405,16712,17440,9287,11326,3005,5795,2003,1963,10237,9591,11268,10503,13763,14096,17640,17978,20837,20702,16368,17063,9102,11072,2913,5620,163393,153043,20926,20144,27905,27145,12372,14,15
2021-11-28T23:59:59+01:00,2768,2681,11322,10479,12168,11499,14679,15052,18524,18824,21507,21396,16710,17436,9286,11322,3005,5793,1996,1960,10230,9589,11253,10494,13755,14088,17632,17973,20834,20695,16367,17061,9101,11071,2913,5620,163263,152962,20914,20138,27905,27145,12372,14,15
2021-11-27T23:59:59+01:00,2742,2663,11318,10473,12159,11490,14668,15041,18520,18816,21504,21390,16709,17430,9282,11321,3003,5792,1992,1955,10215,9572,11228,10479,13733,14076,17610,17951,20822,20690,16367,17061,9101,11070,2912,5620,163159,152803,20888,20119,27905,27145,12372,14,15
2021-11-26T23:59:59+01:00,2707,2628,11303,10451,12145,11470,14659,15018,18509,18799,21485,21377,16698,17421,9280,11321,3002,5789,1977,1942,10198,9557,11203,10462,13712,14055,17588,17932,20805,20669,16361,17055,9100,11070,2912,5619,162905,152575,20883,20110,27905,27145,12372,14,15
2021-11-25T23:59:59+01:00,2655,2587,11282,10433,12130,11456,14647,15001,18492,18777,21465,21362,16688,17414,9278,11313,3000,5785,1966,1925,10166,9538,11179,10444,13691,14032,17564,17907,20786,20652,16360,17052,9097,11069,2912,5618,162617,152317,20874,20109,27905,27145,12372,14,15
2021-11-24T23:59:59+01:00,2621,2540,11259,10405,12116,11423,14628,14985,18479,18747,21447,21348,16675,17396,9273,11300,3000,5780,1958,1910,10142,9519,11147,10420,13665,14017,17542,17889,20764,20636,16352,17041,9094,11063,2911,5616,162284,152058,20866,20098,27905,27145,12370,14,15
2021-11-23T23:59:59+01:00,2582,2499,11242,10390,12101,11406,14603,14970,18460,18732,21433,21330,16665,17386,9268,11292,2998,5777,1946,1901,10133,9505,11126,10403,13647,14002,17531,17863,20749,20625,16348,17035,9093,11061,2910,5612,162032,151875,20831,20086,27905,27145,12369,14,15
2021-11-22T23:59:59+01:00,2552,2474,11222,10379,12083,11383,14577,14948,18448,18720,21420,21316,16658,17376,9263,11285,2996,5771,1940,1897,10123,9497,11117,10389,13633,13992,17525,17854,20739,20618,16345,17032,9091,11058,2910,5611,161778,151765,20823,20079,27905,27144,12368,14,15
2021-11-21T23:59:59+01:00,2532,2454,11219,10374,12074,11366,14571,14936,18440,18712,21408,21304,16654,17371,9263,11280,2994,5767,1940,1893,10117,9491,11105,10382,13630,13987,17513,17847,20735,20613,16342,17028,9090,11056,2909,5609,161629,151683,20820,20077,27905,27144,12368,14,15
2021-11-20T23:59:59+01:00,2518,2439,11189,10362,12044,11339,14535,14906,18412,18688,21390,21286,16645,17363,9262,11279,2994,5766,1938,1890,10090,9475,11077,10360,13609,13971,17482,17829,20719,20601,16337,17020,9089,11054,2908,5608,161379,151460,20768,20070,27905,27144,12368,14,15
2021-11-19T23:59:59+01:00,2475,2394,11118,10293,11993,11282,14481,14845,18367,18645,21359,21259,16631,17342,9255,11274,2993,5764,1922,1870,10045,9447,11046,10325,13563,13932,17449,17801,20688,20570,16326,17013,9085,11047,2908,5604,160736,151050,20764,20064,27905,27144,12368,14,15
2021-11-18T23:59:59+01:00,2429,2363,11076,10255,11950,11240,14444,14795,18335,18613,21340,21250,16626,17334,9250,11269,2993,5763,1916,1854,10018,9433,11024,10307,13542,13911,17432,17786,20675,20556,16323,17009,9081,11044,2907,5603,160307,150834,20750,20062,27905,27144,12366,14,15
2021-11-17T23:59:59+01:00,2382,2322,11011,10212,11903,11196,14408,14743,18302,18575,21302,21219,16617,17314,9245,11262,2989,5755,1906,1839,9999,9411,11004,10282,13512,13887,17410,17757,20655,20535,16304,16991,9076,11038,2905,5601,159745,150531,20746,20058,27905,27144,12364,14,15
2021-11-16T23:59:59+01:00,2370,2301,10982,10187,11874,11159,14380,14720,18274,18546,21283,21192,16607,17304,9240,11252,2988,5753,1900,1835,9988,9401,10995,10266,13500,13876,17403,17748,20645,20527,16295,16986,9071,11033,2905,5600,159519,150418,20630,20036,27905,27144,12361,14,15
2021-11-15T23:59:59+01:00,2342,2281,10945,10156,11845,11122,14359,14683,18245,18515,21270,21172,16598,17299,9240,11247,2986,5746,1894,1819,9947,9379,10975,10247,13486,13852,17384,17730,20627,20515,16288,16977,9069,11028,2904,5598,159175,150170,20618,20034,27905,27144,12356,14,15
2021-11-14T23:59:59+01:00,2338,2276,10926,10142,11824,11109,14339,14671,18231,18502,21262,21162,16595,17295,9238,11246,2984,5746,1891,1815,9942,9370,10966,10239,13479,13846,17376,17725,20624,20511,16284,16977,9066,11025,2903,5597,159031,150097,20602,20029,27905,27144,12351,14,15
2021-11-13T23:59:59+01:00,2335,2275,10919,10136,11817,11106,14334,14669,18228,18494,21258,21160,16595,17294,9237,11246,2984,5746,1891,1815,9935,9367,10965,10237,13478,13845,17375,17721,20622,20509,16282,16975,9066,11024,2903,5597,158990,150076,20596,20027,27905,27144,12345,14,15
2021-11-12T23:59:59+01:00,2325,2273,10896,10111,11807,11090,14317,14664,18219,18485,21255,21154,16590,17293,9237,11246,2983,5746,1887,1814,9929,9364,10958,10231,13474,13842,17373,17717,20618,20505,16281,16975,9066,11023,2903,5597,158852,150033,20595,20024,27905,27144,12341,14,15
2021-11-11T23:59:59+01:00,2313,2257,10845,10075,11774,11059,14280,14633,18192,18465,21242,21138,16588,17292,9236,11240,2982,5746,1884,1806,9905,9344,10941,10221,13456,13834,17367,17705,20606,20495,16281,16973,9066,11022,2903,5596,158548,149912,20571,19999,27905,27144,12335,14,15
2021-11-10T23:59:59+01:00,2295,2244,10807,10039,11736,11027,14247,14601,18163,18445,21233,21127,16584,17288,9234,11234,2981,5745,1874,1792,9884,9328,10926,10200,13437,13820,17352,17690,20599,20489,16280,16968,9064,11019,2903,5595,158239,149771,20561,19966,27905,27141,12327,14,15
2021-11-09T23:59:59+01:00,2267,2213,10784,10019,11717,10996,14232,14585,18145,18430,21222,21115,16574,17279,9232,11230,2981,5741,1868,1787,9868,9315,10914,10185,13429,13809,17345,17678,20589,20479,16274,16959,9062,11017,2901,5593,157994,149670,20540,19921,27905,27141,12325,14,15
2021-11-08T23:59:59+01:00,2244,2183,10744,9971,11677,10958,14207,14563,18119,18418,21205,21101,16570,17273,9229,11226,2981,5738,1861,1781,9837,9295,10895,10163,13419,13797,17338,17664,20575,20467,16269,16950,9059,11013,2899,5592,157652,149534,20533,19866,27905,27140,12319,14,15
2021-11-07T23:59:59+01:00,2216,2163,10711,9957,11655,10939,14186,14552,18102,18406,21199,21093,16567,17271,9227,11222,2981,5736,1858,1775,9823,9289,10884,10154,13408,13786,17326,17648,20563,20460,16263,16944,9058,11009,2899,5592,157449,149470,20521,19805,27905,27139,12310,14,15
2021-11-06T23:59:59+01:00,2181,2131,10648,9903,11599,10869,14124,14502,18054,18373,21178,21068,16560,17262,9224,11219,2980,5735,1856,1773,9815,9283,10879,10150,13401,13781,17321,17642,20558,20458,16262,16941,9056,11009,2899,5591,156881,149410,20520,19805,27905,27139,12306,14,15
2021-11-05T23:59:59+01:00,2142,2091,10586,9849,11536,10819,14070,14444,17999,18319,21146,21041,16553,17250,9221,11215,2979,5735,1847,1759,9797,9269,10869,10138,13385,13770,17307,17628,20548,20448,16256,16933,9054,11005,2899,5591,156271,149244,20520,19804,27905,27139,12301,14,15
2021-11-04T23:59:59+01:00,2111,2053,10561,9831,11519,10806,14052,14427,17991,18309,21139,21033,16550,17247,9219,11213,2979,5734,1834,1744,9782,9245,10852,10116,13366,13751,17296,17610,20534,20431,16252,16927,9049,10997,2894,5584,156064,149017,20513,19799,27905,27139,12294,14,15
2021-11-03T23:59:59+01:00,2084,2029,10518,9797,11480,10767,14014,14404,17965,18283,21119,21013,16543,17242,9216,11211,2977,5731,1824,1732,9760,9230,10837,10102,13348,13730,17286,17596,20522,20422,16246,16920,9045,10995,2891,5578,155698,148824,20505,19799,27905,27139,12287,14,15
2021-11-02T23:59:59+01:00,2064,2014,10503,9784,11465,10748,13999,14392,17951,18273,21107,21002,16543,17239,9216,11206,2977,5729,1813,1718,9738,9210,10822,10084,13336,13715,17277,17585,20515,20415,16239,16913,9042,10992,2888,5574,155523,148644,20505,19797,27905,27139,12281,14,15
2021-11-01T23:59:59+01:00,2055,2002,10492,9763,11442,10734,13980,14384,17939,18264,21101,20998,16540,17238,9216,11206,2977,5728,1798,1699,9717,9189,10802,10068,13320,13697,17268,17579,20506,20406,16234,16907,9039,10990,2888,5571,155382,148460,20499,19789,27905,27139,12275,14,15
2021-10-31T23:59:59+01:00,2055,2002,10491,9762,11441,10733,13979,14383,17939,18264,21100,20998,16540,17237,9216,11205,2977,5728,1795,1697,9716,9189,10802,10067,13320,13697,17267,17578,20505,20406,16232,16905,9038,10989,2888,5571,155373,148444,20499,19789,27905,27139,12275,14,15
2021-10-30T23:59:59+02:00,2048,1993,10446,9741,11390,10699,13935,14345,17880,18230,21067,20976,16536,17232,9216,11203,2976,5727,1795,1697,9714,9186,10798,10064,13318,13696,17265,17574,20499,20402,16232,16904,9038,10989,2888,5571,154963,148412,20499,19789,27905,27139,12275,14,15
2021-10-29T23:59:59+02:00,2034,1974,10408,9720,11348,10662,13901,14304,17843,18197,21045,20957,16529,17226,9214,11202,2975,5726,1792,1697,9706,9182,10794,10058,13308,13688,17254,17569,20491,20395,16229,16903,9038,10987,2888,5570,154593,148338,20499,19787,27905,27139,12270,14,15
2021-10-28T23:59:59+02:00,2026,1966,10392,9709,11330,10652,13885,14298,17833,18185,21035,20954,16527,17225,9211,11199,2975,5724,1786,1696,9685,9169,10782,10046,13297,13680,17246,17563,20487,20390,16227,16901,9038,10984,2888,5569,154473,148240,20496,19785,27904,27139,12255,14,15
2021-10-27T23:59:59+02:00,2015,1956,10378,9700,11315,10643,13868,14287,17822,18178,21029,20950,16527,17219,9210,11195,2973,5720,1763,1667,9652,9130,10766,10010,13278,13650,17226,17547,20473,20380,16215,16898,9038,10983,2885,5567,154346,147945,20487,19779,27904,27139,12250,14,15
2021-10-26T23:59:59+02:00,2004,1940,10359,9683,11297,10633,13850,14272,17814,18165,21022,20944,16526,17218,9205,11189,2973,5718,1727,1631,9587,9065,10738,9972,13254,13616,17202,17517,20460,20368,16208,16887,9034,10977,2884,5565,154183,147521,20487,19778,27904,27138,12240,14,15
2021-10-25T23:59:59+02:00,2002,1937,10343,9676,11287,10627,13848,14267,17809,18162,21020,20941,16524,17217,9204,11188,2973,5718,1724,1625,9582,9062,10734,9970,13249,13615,17197,17514,20457,20368,16206,16886,9034,10974,2884,5563,154121,147478,20486,19778,27903,27138,12235,14,15
2021-10-24T23:59:59+02:00,1996,1933,10332,9670,11274,10622,13843,14263,17806,18160,21016,20937,16523,17217,9204,11185,2972,5717,1714,1619,9565,9049,10726,9961,13244,13608,17195,17511,20451,20368,16205,16884,9034,10973,2882,5563,154056,147392,20484,19778,27903,27138,12229,14,15
2021-10-23T23:59:59+02:00,1993,1930,10293,9642,11238,10597,13813,14234,17777,18138,20995,20922,16517,17208,9201,11180,2972,5715,1714,1618,9564,9048,10726,9958,13241,13605,17194,17511,20451,20368,16205,16883,9034,10972,2882,5563,153753,147379,20484,19778,27903,27138,12227,14,15
2021-10-22T23:59:59+02:00,1982,1917,10262,9621,11224,10566,13775,14217,17757,18119,20971,20905,16511,17208,9200,11178,2972,5715,1706,1609,9546,9038,10719,9947,13232,13593,17191,17503,20446,20365,16202,16878,9033,10971,2881,5560,153499,147272,20482,19778,27903,27137,12218,14,15
2021-10-21T23:59:59+02:00,1977,1914,10256,9615,11207,10555,13762,14214,17747,18114,20968,20904,16510,17207,9198,11178,2972,5714,1700,1600,9535,9031,10714,9936,13228,13580,17183,17496,20442,20358,16200,16877,9032,10969,2881,5560,153418,147182,20478,19773,27903,27137,12215,14,15
2021-10-20T23:59:59+02:00,1968,1905,10236,9605,11196,10536,13752,14206,17742,18104,20960,20899,16507,17203,9196,11175,2972,5714,1682,1581,9511,8996,10700,9915,13210,13560,17163,17480,20428,20345,16198,16871,9030,10966,2879,5560,153289,146942,20476,19771,27903,27137,12210,14,15
2021-10-19T23:59:59+02:00,1962,1899,10224,9598,11187,10526,13745,14201,17736,18100,20953,20895,16506,17201,9196,11175,2971,5713,1660,1561,9467,8952,10667,9884,13185,13534,17136,17457,20417,20334,16189,16858,9025,10963,2879,5559,153212,146604,20474,19770,27903,27137,12201,14,15
2021-10-18T23:59:59+02:00,1956,1882,10195,9580,11171,10510,13736,14187,17722,18093,20941,20887,16502,17196,9193,11169,2971,5710,1634,1540,9437,8913,10642,9858,13162,13505,17114,17441,20400,20320,16180,16850,9017,10953,2878,5556,153027,146280,20473,19768,27903,27137,12200,14,15
2021-10-17T23:59:59+02:00,1956,1881,10190,9579,11168,10506,13732,14185,17720,18089,20938,20886,16499,17196,9193,11169,2969,5708,1634,1537,9435,8909,10635,9856,13160,13504,17109,17436,20398,20319,16179,16849,9017,10952,2878,5556,152993,146247,20472,19766,27903,27137,12198,14,15
2021-10-16T23:59:59+02:00,1952,1877,10180,9573,11163,10506,13726,14174,17717,18087,20933,20884,16497,17192,9191,11168,2969,5707,1634,1537,9435,8908,10634,9856,13159,13503,17109,17434,20397,20319,16179,16849,9017,10952,2878,5556,152926,146241,20472,19766,27903,27137,12197,14,15
2021-10-15T23:59:59+02:00,1949,1873,10172,9560,11156,10500,13718,14162,17708,18076,20928,20873,16496,17191,9190,11167,2969,5706,1630,1530,9419,8894,10624,9849,13150,13496,17105,17429,20391,20314,16177,16849,9017,10952,2877,5556,152827,146148,20472,19765,27903,27137,12194,14,15
2021-10-14T23:59:59+02:00,1944,1865,10160,9549,11147,10485,13702,14154,17702,18066,20917,20862,16493,17188,9190,11164,2968,5704,1623,1527,9409,8881,10615,9838,13141,13488,17099,17424,20381,20306,16171,16843,9014,10951,2877,5556,152735,146054,20441,19756,27903,27137,12182,14,15
2021-10-13T23:59:59+02:00,1940,1854,10145,9530,11133,10478,13688,14144,17687,18055,20910,20854,16490,17180,9187,11158,2966,5703,1614,1520,9398,8862,10601,9825,13128,13475,17087,17413,20376,20296,16169,16837,9009,10942,2876,5553,152616,145975,20404,19675,27903,27136,12180,14,15
2021-10-12T23:59:59+02:00,1930,1845,10129,9517,11123,10461,13684,14139,17685,18049,20904,20851,16488,17177,9185,11157,2966,5703,1602,1510,9370,8839,10592,9810,13115,13459,17074,17403,20366,20287,16160,16828,9004,10934,2875,5545,152575,145850,20337,19593,27903,27136,12179,14,15
2021-10-11T23:59:59+02:00,1921,1836,10110,9501,11105,10452,13670,14131,17675,18033,20896,20841,16482,17175,9182,11153,2965,5701,1574,1483,9338,8799,10571,9779,13092,13431,17060,17388,20354,20278,16151,16824,9001,10930,2874,5541,152475,145701,20278,19442,27903,27136,12174,14,15
2021-10-10T23:59:59+02:00,1920,1831,10100,9494,11100,10445,13660,14124,17667,18025,20886,20835,16482,17175,9179,11149,2964,5701,1572,1482,9331,8795,10563,9775,13086,13426,17055,17385,20349,20278,16150,16824,8999,10927,2874,5539,152450,145657,20215,19432,27903,27136,12170,14,15
2021-10-09T23:59:59+02:00,1920,1831,10100,9494,11099,10445,13660,14124,17666,18025,20886,20835,16482,17175,9179,11149,2964,5701,1571,1482,9328,8791,10563,9773,13085,13425,17053,17385,20348,20277,16150,16824,8999,10927,2874,5539,152449,145644,20214,19429,27903,27136,12170,14,15
2021-10-08T23:59:59+02:00,1911,1822,10085,9486,11090,10439,13650,14113,17656,18017,20876,20830,16475,17169,9178,11146,2963,5700,1565,1475,9322,8782,10557,9767,13079,13418,17051,17382,20347,20276,16148,16823,8999,10926,2874,5539,152322,145588,20214,19423,27903,27136,12168,14,15
2021-10-07T23:59:59+02:00,1899,1808,10055,9453,11062,10411,13621,14095,17648,18004,20858,20817,16469,17164,9175,11142,2962,5698,1559,1467,9310,8763,10548,9751,13073,13407,17046,17373,20339,20271,16144,16819,8995,10923,2874,5538,152079,145477,20209,19421,27903,27136,12151,14,15
2021-10-06T23:59:59+02:00,1881,1784,10029,9433,11046,10396,13605,14075,17640,17992,20846,20808,16465,17159,9172,11140,2962,5697,1518,1411,9268,8700,10525,9714,13039,13369,17019,17346,20319,20252,16133,16810,8990,10919,2874,5534,151876,145026,20206,19420,27903,27136,12143,14,15
2021-10-05T23:59:59+02:00,1871,1772,10016,9411,11035,10379,13590,14059,17631,17983,20836,20803,16461,17153,9171,11140,2961,5697,1500,1388,9248,8675,10510,9693,13029,13357,17011,17330,20307,20243,16127,16806,8987,10913,2870,5530,151736,144831,20206,19420,27903,27136,12122,14,15
2021-10-04T23:59:59+02:00,1859,1761,9990,9397,11022,10363,13575,14046,17620,17969,20822,20790,16460,17148,9169,11138,2960,5697,1484,1374,9226,8654,10488,9670,13024,13346,17002,17310,20296,20224,16124,16801,8985,10911,2869,5530,151582,144650,20201,19420,27903,27135,12098,14,15
2021-10-03T23:59:59+02:00,1853,1756,9983,9390,11011,10352,13570,14039,17613,17964,20814,20786,16457,17143,9167,11137,2960,5697,1481,1369,9218,8645,10475,9663,13020,13341,16998,17303,20287,20219,16121,16799,8985,10909,2869,5530,151519,144595,20201,19420,27903,27135,12067,14,15
2021-10-02T23:59:59+02:00,1853,1756,9982,9387,11009,10351,13567,14039,17613,17964,20812,20784,16456,17142,9167,11137,2960,5697,1481,1369,9217,8643,10472,9659,13018,13339,16998,17303,20286,20217,16120,16797,8985,10909,2869,5530,151513,144587,20201,19418,27903,27135,12057,14,15
2021-10-01T23:59:59+02:00,1850,1752,9967,9372,11001,10336,13558,14031,17604,17957,20806,20780,16453,17138,9165,11136,2958,5695,1471,1355,9200,8625,10458,9648,13016,13328,16987,17296,20277,20210,16119,16797,8984,10904,2868,5528,151415,144463,20200,19418,27902,27135,12040,14,15
2021-09-30T23:59:59+02:00,1847,1748,9951,9364,10989,10326,13548,14014,17596,17944,20796,20773,16453,17137,9163,11134,2957,5694,1462,1351,9177,8617,10446,9638,13009,13316,16977,17292,20271,20206,16117,16797,8981,10904,2868,5528,151337,144397,20198,19415,27902,27135,11995,14,15
2021-09-29T23:59:59+02:00,1834,1714,9922,9329,10965,10300,13533,13994,17581,17932,20778,20762,16445,17129,9161,11131,2956,5691,1458,1337,9167,8602,10432,9623,13006,13302,16972,17279,20262,20198,16111,16788,8977,10902,2867,5527,151077,144268,20198,19414,27902,27135,11978,14,15
2021-09-28T23:59:59+02:00,1807,1689,9869,9275,10943,10264,13501,13967,17553,17901,20761,20742,16436,17116,9157,11121,2955,5688,1437,1321,9148,8574,10418,9601,12989,13289,16962,17267,20249,20187,16102,16779,8970,10895,2867,5526,150692,144066,20198,19413,27901,27135,11952,14,15
2021-09-27T23:59:59+02:00,1790,1676,9843,9257,10916,10242,13481,13940,17535,17881,20752,20735,16430,17111,9153,11118,2955,5687,1423,1309,9129,8552,10395,9581,12968,13263,16947,17250,20238,20178,16098,16776,8969,10893,2867,5525,150524,143919,20189,19408,27901,27133,11886,14,15
2021-09-26T23:59:59+02:00,1783,1670,9832,9247,10898,10229,13471,13933,17528,17875,20742,20734,16428,17107,9153,11117,2954,5687,1421,1308,9123,8544,10386,9577,12959,13257,16943,17245,20231,20176,16096,16774,8969,10893,2867,5525,150441,143884,20188,19407,27901,27132,11856,14,15
2021-09-25T23:59:59+02:00,1783,1669,9829,9246,10897,10229,13469,13932,17528,17875,20742,20734,16428,17106,9153,11117,2954,5687,1421,1308,9123,8541,10384,9577,12958,13255,16942,17245,20231,20176,16096,16773,8969,10893,2867,5525,150436,143879,20188,19407,27901,27132,11851,14,15
2021-09-24T23:59:59+02:00,1775,1653,9812,9234,10894,10219,13465,13921,17525,17871,20739,20730,16425,17105,9153,11117,2953,5687,1411,1302,9106,8528,10378,9566,12954,13251,16936,17239,20230,20172,16094,16771,8968,10893,2867,5525,150348,143796,20186,19407,27901,27132,11841,14,15
2021-09-23T23:59:59+02:00,1772,1651,9749,9190,10792,10154,13367,13847,17440,17805,20686,20683,16401,17087,9146,11106,2953,5684,1410,1299,9048,8489,10277,9506,12865,13190,16855,17177,20179,20128,16071,16750,8960,10881,2867,5522,150270,143768,20184,19404,27901,27132,11155,14,15
2021-09-22T23:59:59+02:00,1750,1634,9720,9157,10776,10125,13341,13816,17412,17782,20671,20661,16397,17079,9144,11099,2950,5683,1404,1282,9023,8474,10255,9489,12850,13175,16836,17167,20168,20123,16065,16748,8957,10875,2865,5519,149984,143598,20180,19401,27901,27132,11129,14,15
2021-09-21T23:59:59+02:00,1719,1604,9663,9091,10740,10090,13313,13774,17382,17759,20656,20650,16385,17065,9140,11097,2948,5677,1388,1251,8986,8440,10239,9471,12828,13148,16810,17137,20157,20112,16055,16741,8952,10872,2865,5517,149561,143312,20178,19399,27900,27132,11111,14,15
2021-09-20T23:59:59+02:00,1687,1580,9608,9039,10693,10039,13277,13733,17361,17740,20632,20632,16375,17058,9131,11085,2947,5673,1371,1224,8951,8413,10220,9448,12800,13125,16788,17119,20137,20092,16046,16732,8945,10864,2863,5515,149160,143058,20176,19398,27900,27131,11051,14,15
2021-09-19T23:59:59+02:00,1686,1579,9604,9031,10685,10034,13269,13731,17353,17734,20625,20628,16373,17055,9130,11083,2944,5670,1367,1223,8945,8407,10215,9446,12796,13123,16785,17117,20134,20088,16045,16732,8945,10864,2863,5514,149106,143036,20173,19396,27900,27130,11032,14,15
2021-09-18T23:59:59+02:00,1686,1579,9604,9030,10683,10030,13266,13727,17350,17734,20624,20628,16373,17055,9130,11083,2944,5670,1365,1223,8943,8404,10213,9444,12795,13120,16781,17116,20133,20088,16045,16732,8945,10864,2863,5514,149100,143027,20173,19396,27900,27130,11020,14,15
2021-09-17T23:59:59+02:00,1680,1569,9587,9007,10670,10014,13250,13713,17339,17723,20619,20617,16371,17053,9129,11081,2943,5669,1363,1221,8936,8398,10206,9438,12786,13114,16777,17111,20130,20079,16045,16730,8944,10863,2863,5514,148985,143003,20171,19396,27900,27129,10975,14,15
2021-09-16T23:59:59+02:00,1676,1568,9570,8991,10654,9997,13239,13701,17327,17715,20607,20606,16370,17049,9126,11078,2943,5667,1360,1221,8930,8392,10198,9431,12778,13108,16769,17106,20120,20074,16045,16729,8944,10860,2863,5512,148881,142974,20168,19393,27900,27126,10932,14,15
2021-09-15T23:59:59+02:00,1663,1553,9543,8964,10630,9977,13210,13673,17308,17691,20590,20588,16364,17042,9117,11070,2943,5663,1336,1187,8883,8352,10168,9390,12744,13068,16744,17085,20091,20054,16038,16717,8939,10857,2863,5510,148714,142636,20100,19380,27900,27123,10872,14,15
2021-09-14T23:59:59+02:00,1651,1543,9510,8934,10613,9957,13191,13650,17285,17673,20575,20573,16347,17029,9107,11059,2939,5651,1314,1175,8850,8320,10151,9373,12734,13045,16728,17066,20074,20034,16034,16710,8936,10850,2862,5506,148511,142395,20023,19379,27900,27123,10850,14,15
2021-09-13T23:59:59+02:00,1617,1507,9467,8879,10587,9923,13168,13607,17264,17654,20553,20560,16341,17023,9104,11053,2937,5645,1291,1160,8815,8292,10135,9350,12713,13013,16715,17049,20058,20018,16028,16696,8930,10848,2861,5502,148292,142140,19868,19371,27900,27122,10826,14,15
2021-09-12T23:59:59+02:00,1615,1504,9455,8872,10575,9917,13161,13597,17259,17650,20550,20555,16340,17020,9102,11052,2937,5642,1274,1144,8791,8271,10114,9339,12696,12999,16704,17042,20050,20009,16025,16692,8929,10842,2861,5501,148243,141982,19862,19370,27900,27121,10795,14,15
2021-09-11T23:59:59+02:00,1615,1504,9453,8867,10570,9913,13158,13595,17258,17647,20547,20553,16340,17018,9101,11052,2937,5642,1274,1144,8782,8268,10112,9338,12691,12998,16703,17039,20048,20008,16025,16691,8928,10842,2861,5501,148232,141976,19858,19365,27900,27121,10777,14,14
2021-09-10T23:59:59+02:00,1614,1503,9449,8863,10561,9905,13146,13590,17253,17640,20545,20549,16339,17017,9101,11052,2937,5642,1273,1143,8778,8265,10105,9329,12680,12992,16697,17034,20045,20004,16025,16690,8928,10841,2861,5501,148203,141954,19857,19359,27900,27121,10743,14,14
2021-09-09T23:59:59+02:00,1611,1498,9433,8857,10550,9892,13132,13573,17237,17631,20530,20537,16336,17016,9099,11048,2936,5639,1270,1139,8768,8259,10098,9319,12674,12978,16679,17027,20033,19994,16023,16688,8926,10834,2860,5499,148120,141899,19855,19359,27900,27120,10676,14,14
2021-09-08T23:59:59+02:00,1573,1450,9390,8798,10519,9853,13105,13536,17203,17605,20511,20517,16320,17002,9095,11042,2936,5637,1268,1132,8744,8243,10079,9303,12654,12961,16663,17018,20017,19986,16016,16682,8925,10830,2860,5499,147709,141767,19854,19354,27900,27120,10625,14,14
2021-09-07T23:59:59+02:00,1555,1425,9370,8776,10500,9834,13095,13526,17194,17593,20505,20512,16316,16999,9094,11037,2935,5635,1268,1130,8736,8236,10071,9301,12646,12959,16659,17009,20013,19983,16016,16680,8925,10827,2860,5499,147534,141725,19852,19352,27900,27116,10611,14,14
2021-09-06T23:59:59+02:00,1542,1413,9346,8752,10479,9813,13085,13512,17183,17579,20496,20496,16314,16996,9092,11037,2934,5635,1265,1130,8730,8226,10062,9294,12641,12951,16653,17004,20008,19976,16014,16680,8922,10824,2860,5498,147358,141667,19851,19349,27898,27115,10593,14,14
2021-09-05T23:59:59+02:00,1539,1410,9338,8742,10471,9808,13080,13506,17180,17572,20490,20493,16310,16993,9092,11036,2934,5635,1262,1122,8722,8220,10055,9284,12635,12945,16647,16998,20000,19974,16012,16678,8922,10823,2860,5498,147307,141613,19851,19349,27898,27112,10569,14,14
2021-09-04T23:59:59+02:00,1538,1410,9337,8740,10470,9808,13079,13505,17180,17572,20488,20491,16310,16993,9092,11036,2934,5635,1261,1122,8722,8220,10054,9282,12634,12945,16646,16997,19999,19974,16012,16678,8922,10823,2860,5498,147301,141607,19848,19349,27898,27112,10567,14,14
2021-09-03T23:59:59+02:00,1528,1396,9316,8722,10457,9797,13074,13495,17165,17560,20476,20481,16306,16987,9091,11031,2934,5632,1261,1121,8706,8208,10042,9274,12627,12938,16630,16987,19996,19966,16008,16671,8921,10819,2860,5495,147199,141555,19844,19347,27898,27112,10502,14,14
2021-09-02T23:59:59+02:00,1517,1387,9263,8691,10397,9746,12999,13437,17115,17523,20417,20437,16274,16960,9081,11020,2933,5627,1253,1116,8662,8183,9984,9230,12558,12888,16586,16954,19936,19925,15976,16648,8914,10811,2860,5490,147070,141498,19843,19343,27897,27110,10009,14,14
2021-09-01T23:59:59+02:00,1513,1370,9243,8677,10375,9734,12986,13424,17103,17509,20407,20433,16270,16954,9074,11016,2933,5626,1242,1108,8645,8163,9968,9213,12547,12877,16573,16943,19920,19915,15972,16643,8911,10805,2860,5489,146959,141365,19821,19341,27897,27109,9965,14,14
2021-08-31T23:59:59+02:00,1497,1352,9229,8651,10364,9722,12975,13417,17098,17497,20400,20425,16265,16950,9072,11011,2933,5626,1229,1094,8629,8145,9962,9201,12532,12866,16562,16938,19918,19908,15968,16641,8910,10802,2860,5489,146805,141239,19820,19338,27897,27106,9957,14,14
2021-08-30T23:59:59+02:00,1476,1336,9211,8629,10350,9706,12964,13402,17085,17477,20388,20416,16261,16947,9070,11009,2933,5625,1221,1082,8603,8131,9948,9189,12521,12846,16549,16921,19910,19901,15963,16635,8908,10797,2858,5487,146642,141102,19820,19334,27894,27097,9923,14,14
2021-08-29T23:59:59+02:00,1475,1335,9209,8623,10343,9697,12962,13397,17076,17472,20384,20411,16258,16942,9070,11009,2933,5624,1220,1079,8600,8125,9939,9177,12516,12840,16541,16916,19906,19898,15960,16628,8907,10797,2858,5486,146625,141080,19820,19333,27894,27091,9875,14,14
2021-08-28T23:59:59+02:00,1474,1335,9206,8619,10343,9696,12961,13396,17076,17471,20383,20410,16258,16942,9070,11009,2933,5624,1219,1077,8596,8125,9938,9177,12515,12839,16541,16915,19905,19897,15960,16628,8907,10797,2858,5486,146617,141075,19820,19331,27894,27091,9869,14,14
2021-08-27T23:59:59+02:00,1464,1324,9193,8612,10338,9689,12958,13394,17073,17465,20378,20405,16257,16940,9069,11009,2933,5624,1214,1071,8586,8118,9935,9172,12510,12836,16539,16908,19904,19896,15959,16627,8906,10796,2858,5486,146543,141029,19819,19329,27894,27086,9863,14,14
2021-08-26T23:59:59+02:00,1461,1323,9186,8608,10331,9683,12950,13393,17070,17463,20376,20400,16254,16937,9066,11004,2932,5624,1211,1069,8577,8107,9927,9166,12502,12833,16534,16906,19902,19891,15956,16623,8903,10793,2857,5486,146522,140998,19817,19329,27894,27080,9822,14,14
2021-08-25T23:59:59+02:00,1447,1298,9079,8552,10244,9611,12861,13320,16951,17380,20281,20344,16207,16900,9051,10983,2927,5613,1199,1061,8484,8053,9843,9104,12411,12768,16429,16833,19815,19837,15912,16585,8889,10773,2852,5473,146283,140851,19816,19328,27894,27078,9050,14,14
2021-08-24T23:59:59+02:00,1428,1273,9047,8522,10230,9591,12832,13291,16920,17344,20267,20328,16192,16890,9046,10977,2927,5610,1194,1052,8461,8040,9826,9092,12395,12757,16418,16818,19808,19827,15906,16581,8889,10771,2852,5472,145993,140733,19814,19326,27894,27078,9008,14,14
2021-08-23T23:59:59+02:00,1410,1248,9005,8485,10216,9572,12800,13271,16901,17326,20251,20303,16179,16878,9035,10970,2926,5604,1193,1046,8436,8024,9800,9073,12381,12751,16406,16809,19797,19811,15900,16573,8884,10766,2851,5469,145727,140635,19814,19324,27894,27058,8939,14,14
2021-08-22T23:59:59+02:00,1410,1248,8995,8480,10209,9565,12799,13267,16896,17320,20248,20300,16176,16874,9031,10970,2926,5603,1192,1045,8420,8018,9792,9062,12377,12746,16403,16802,19795,19807,15897,16568,8880,10764,2851,5468,145712,140606,19814,19321,27894,27055,8891,14,14
2021-08-21T23:59:59+02:00,1410,1247,8990,8480,10208,9563,12796,13266,16895,17320,20247,20299,16176,16874,9031,10970,2926,5603,1190,1043,8298,7937,9691,8968,12289,12636,16311,16732,19739,19764,15877,16553,8877,10753,2850,5466,145706,140601,19811,18421,27894,27054,8884,14,14
2021-08-20T23:59:59+02:00,1409,1245,8982,8478,10200,9555,12789,13256,16892,17318,20240,20294,16174,16874,9031,10968,2925,5602,1041,902,7941,7612,9539,8809,12145,12495,16188,16623,19631,19668,15838,16504,8865,10729,2848,5465,145672,138506,19811,18421,27894,27053,8849,14,14
2021-08-19T23:59:59+02:00,1404,1243,8971,8472,10193,9546,12780,13250,16887,17316,20235,20292,16173,16872,9031,10967,2925,5601,921,788,7680,7343,9410,8703,12001,12376,16094,16518,19534,19581,15796,16457,8854,10710,2847,5457,145630,136778,19808,18413,27893,27044,8821,14,14
2021-08-18T23:59:59+02:00,1380,1211,8925,8436,10166,9515,12752,13214,16857,17293,20209,20263,16160,16858,9025,10961,2921,5596,920,787,7667,7333,9398,8695,11987,12359,16080,16509,19526,19572,15790,16450,8850,10706,2844,5454,145323,136731,19795,18412,27890,27043,8727,14,14
2021-08-17T23:59:59+02:00,1355,1198,8889,8404,10151,9494,12736,13189,16842,17272,20186,20241,16152,16848,9023,10954,2919,5591,915,785,7654,7318,9381,8687,11976,12350,16073,16499,19515,19566,15783,16444,8849,10704,2843,5452,145079,136661,19792,18407,27889,27037,8677,14,12
2021-08-16T23:59:59+02:00,1332,1180,8851,8378,10132,9475,12712,13164,16832,17255,20166,20226,16147,16836,9019,10953,2918,5591,914,785,7645,7306,9365,8684,11966,12344,16070,16493,19506,19559,15780,16441,8849,10704,2843,5452,144845,136619,19790,18403,27889,27036,8636,14,12
2021-08-15T23:59:59+02:00,1314,1163,8832,8359,10119,9461,12696,13151,16820,17246,20152,20213,16141,16830,9019,10948,2918,5591,912,784,7633,7296,9348,8668,11952,12333,16062,16485,19500,19554,15771,16437,8848,10701,2843,5452,144698,136561,19789,18398,27887,27016,8592,14,12
2021-08-14T23:59:59+02:00,1313,1163,8832,8359,10118,9461,12695,13149,16820,17245,20151,20211,16141,16830,9019,10948,2918,5591,793,667,7315,7004,9202,8501,11779,12168,15944,16355,19406,19466,15745,16413,8839,10688,2843,5448,144692,134572,19789,18396,27887,27007,8589,14,12
2021-08-13T23:59:59+02:00,1308,1161,8820,8351,10108,9453,12682,13138,16804,17236,20143,20203,16138,16825,9017,10947,2917,5591,632,522,6928,6644,9032,8341,11571,11951,15724,16175,19265,19343,15711,16374,8827,10674,2841,5444,144663,132091,19789,18396,27887,27004,8496,14,12
2021-08-12T23:59:59+02:00,1307,1161,8819,8348,10101,9447,12678,13138,16798,17226,20139,20198,16137,16821,9015,10945,2917,5591,628,520,6921,6637,9018,8333,11559,11949,15713,16168,19261,19337,15709,16369,8825,10673,2841,5444,144644,132055,19788,18393,27887,26986,8459,14,12
2021-08-11T23:59:59+02:00,1304,1157,8815,8341,10092,9440,12671,13134,16792,17222,20133,20196,16135,16818,9014,10945,2917,5590,624,519,6914,6626,9000,8322,11547,11945,15709,16161,19253,19331,15705,16366,8824,10673,2841,5442,144595,131989,19784,18387,27887,26972,8442,14,12
2021-08-10T23:59:59+02:00,1303,1157,8813,8339,10087,9433,12668,13129,16790,17220,20132,20191,16133,16816,9014,10944,2917,5590,607,511,6869,6580,8965,8305,11528,11925,15683,16149,19246,19321,15703,16364,8824,10671,2841,5442,144566,131743,19784,18383,27887,26965,8431,14,12
2021-08-09T23:59:59+02:00,1303,1155,8807,8336,10083,9424,12666,13126,16783,17218,20126,20191,16131,16816,9013,10944,2917,5590,601,506,6849,6557,8943,8285,11515,11914,15667,16137,19240,19316,15700,16363,8822,10670,2841,5442,144538,131606,19784,18379,27885,26956,8415,13,12
2021-08-08T23:59:59+02:00,1303,1154,8804,8330,10081,9420,12657,13123,16778,17214,20124,20188,16129,16812,9012,10943,2916,5589,600,504,6846,6546,8929,8278,11498,11906,15660,16128,19238,19311,15697,16359,8821,10669,2840,5441,144526,131559,19783,18372,27885,26952,8376,13,12
2021-08-07T23:59:59+02:00,1303,1146,8796,8323,10072,9413,12654,13117,16771,17210,20117,20183,16125,16807,9010,10942,2915,5589,423,357,6194,5976,8658,8055,11227,11675,15461,15953,19152,19235,15677,16335,8814,10662,2837,5440,144480,128470,19782,18359,27885,26951,8339,13,12
2021-08-06T23:59:59+02:00,1297,1145,8787,8311,10058,9401,12634,13098,16753,17198,20100,20171,16118,16799,9010,10939,2915,5588,420,356,6181,5962,8642,8040,11203,11653,15439,15936,19135,19223,15670,16328,8814,10659,2837,5439,144442,128415,19779,18352,27885,26949,8209,13,12
2021-08-05T23:59:59+02:00,1294,1143,8779,8304,10049,9392,12621,13090,16747,17195,20092,20167,16117,16799,9010,10938,2915,5588,418,351,5896,5726,8292,7743,10839,11377,15114,15698,18886,19054,15650,16303,8804,10652,2836,5438,144394,128318,19775,15648,27881,26916,8183,13,12
2021-08-04T23:59:59+02:00,1293,1140,8773,8300,10044,9390,12615,13086,16742,17193,20090,20164,16117,16799,9009,10937,2915,5587,416,349,5882,5718,8263,7733,10818,11365,15097,15692,18881,19049,15649,16300,8803,10652,2836,5438,144362,128218,19774,15640,27880,26900,8171,13,12
2021-08-03T23:59:59+02:00,1286,1137,8769,8290,10039,9386,12610,13083,16737,17191,20085,20163,16115,16799,9008,10935,2915,5586,395,333,5770,5605,8168,7663,10701,11288,15048,15639,18852,19034,15645,16298,8802,10650,2834,5437,144319,127491,19772,15632,27880,26871,8156,13,12
2021-08-02T23:59:59+02:00,1280,1131,8756,8282,10031,9379,12605,13077,16731,17181,20078,20159,16113,16796,9006,10932,2914,5585,358,301,5600,5445,8040,7556,10576,11172,14976,15557,18820,19009,15637,16289,8796,10650,2834,5437,144236,126426,19766,15627,27879,26840,8148,13,12
2021-08-01T23:59:59+02:00,1278,1130,8749,8275,10024,9372,12599,13075,16726,17179,20073,20157,16113,16796,9005,10930,2914,5585,342,281,5540,5388,7990,7507,10514,11120,14939,15531,18807,18991,15634,16286,8794,10647,2834,5435,144192,125985,19764,15623,27878,26821,8139,13,12
2021-07-31T23:59:59+02:00,1278,1130,8748,8272,10024,9371,12596,13075,16725,17179,20072,20155,16113,16796,9005,10930,2914,5585,337,277,5514,5367,7974,7494,10495,11106,14926,15525,18802,18988,15633,16285,8794,10647,2834,5435,144190,125852,19763,15619,27878,26820,8130,13,12
2021-07-30T23:59:59+02:00,1146,1009,8520,8044,9931,9252,12516,12991,16645,17107,20012,20088,16081,16757,8999,10913,2913,5582,281,214,5221,5094,7836,7353,10307,10913,14789,15360,18734,18931,15609,16257,8781,10634,2830,5431,142736,124025,19761,15611,27878,26803,8124,13,12
2021-07-29T23:59:59+02:00,1139,1000,8390,7955,9777,9155,12364,12890,16496,17012,19849,19978,15995,16689,8974,10894,2912,5575,234,181,4927,4862,7561,7162,10028,10712,14542,15185,18540,18811,15523,16183,8754,10613,2829,5421,142614,122923,19758,15570,27878,26777,6786,13,12
2021-07-28T23:59:59+02:00,1128,986,8361,7919,9763,9139,12342,12875,16478,16989,19831,19968,15988,16676,8967,10890,2912,5573,137,106,4505,4434,7244,6911,9708,10412,14306,15003,18483,18770,15508,16172,8749,10602,2829,5411,142372,120275,19756,15516,27876,26714,6773,13,12
2021-07-27T23:59:59+02:00,1118,978,8337,7905,9750,9132,12330,12866,16471,16983,19824,19955,15986,16670,8965,10887,2911,5571,111,90,4270,4187,7013,6712,9461,10133,14147,14842,18432,18705,15459,16126,8732,10586,2826,5404,142234,118255,19754,15513,27876,26689,6767,13,12
2021-07-26T23:59:59+02:00,1114,975,8324,7893,9743,9127,12324,12860,16464,16975,19817,19954,15983,16665,8963,10883,2910,5566,108,84,4163,4080,6910,6600,9334,10011,14063,14759,18385,18671,15448,16115,8722,10578,2823,5402,142155,117350,19751,15502,27865,26631,6761,13,12
2021-07-25T23:59:59+02:00,1113,974,8315,7890,9730,9123,12314,12857,16459,16968,19814,19953,15981,16665,8963,10883,2910,5566,106,82,4113,4030,6832,6551,9262,9955,14026,14727,18360,18657,15430,16102,8715,10572,2823,5400,142129,116909,19747,15485,27864,26608,6729,13,12
2021-07-24T23:59:59+02:00,1111,971,8229,7828,9657,9043,12247,12780,16391,16915,19773,19915,15960,16651,8960,10873,2910,5565,99,80,4069,3986,6771,6500,9183,9897,13959,14662,18328,18631,15419,16091,8707,10568,2823,5400,142109,116646,19090,15203,27864,26605,6707,13,12
2021-07-23T23:59:59+02:00,1085,945,8117,7738,9619,9008,12213,12751,16346,16881,19745,19896,15955,16644,8956,10869,2910,5565,85,66,3776,3704,6515,6295,8899,9611,13722,14483,18247,18570,15376,16048,8689,10549,2821,5394,141615,114395,19090,15179,27864,26599,6665,13,12
2021-07-22T23:59:59+02:00,992,858,7902,7508,9515,8919,12095,12655,16255,16797,19670,19811,15909,16604,8947,10854,2909,5559,67,49,3651,3577,6363,6201,8744,9482,13557,14340,18172,18502,15355,16022,8681,10539,2821,5392,140155,113242,19087,15106,27857,26504,6651,13,12
2021-07-21T23:59:59+02:00,972,844,7870,7468,9497,8908,12072,12632,16231,16781,19646,19790,15898,16597,8947,10849,2909,5559,54,36,3345,3313,6018,5941,8349,9099,13292,14104,18030,18377,15263,15941,8649,10509,2818,5380,139896,110435,19085,15035,27852,26408,6628,13,12
2021-07-20T23:59:59+02:00,972,843,7862,7463,9489,8905,12067,12630,16223,16780,19641,19785,15896,16594,8947,10848,2909,5559,50,29,3272,3261,5958,5885,8291,9041,13208,14060,17998,18361,15263,15941,8649,10507,2818,5380,139857,110049,19084,15019,27849,26276,6616,11,12
2021-07-19T23:59:59+02:00,971,843,7854,7461,9485,8897,12062,12628,16218,16774,19638,19785,15894,16591,8947,10846,2909,5558,48,28,3220,3226,5908,5845,8229,8996,13150,14033,17952,18348,15263,15938,8649,10506,2818,5379,139818,109768,19083,15002,27849,26150,6604,11,12
2021-07-18T23:59:59+02:00,970,842,7843,7453,9481,8893,12053,12623,16213,16768,19636,19783,15893,16589,8947,10846,2909,5558,47,28,3200,3208,5869,5812,8193,8966,13111,14018,17936,18343,15263,15937,8649,10506,2818,5378,139774,109578,19082,14967,27847,26135,6590,11,12
2021-07-17T23:59:59+02:00,855,723,7521,7163,9329,8723,11879,12461,16084,16629,19539,19688,15872,16568,8939,10833,2909,5555,32,21,3099,3101,5757,5720,8061,8805,12970,13890,17841,18265,15253,15919,8646,10499,2818,5378,137763,108396,19081,14962,27847,26131,6574,9,12
2021-07-16T23:59:59+02:00,698,572,7131,6836,9149,8566,11687,12250,15882,16454,19397,19564,15842,16532,8929,10819,2908,5553,25,18,3037,3040,5681,5656,7947,8697,12850,13753,17762,18189,15231,15903,8642,10497,2817,5378,135299,107492,19081,14957,27846,26124,6538,9,12
2021-07-15T23:59:59+02:00,696,572,7117,6827,9145,8563,11674,12246,15871,16447,19393,19558,15840,16529,8924,10817,2907,5544,24,18,2996,3004,5615,5613,7857,8647,12773,13712,17731,18161,15208,15886,8634,10490,2816,5369,135254,107253,19078,14803,27841,25995,6491,9,12
2021-07-14T23:59:59+02:00,693,571,7108,6818,9140,8561,11670,12241,15865,16444,19388,19553,15838,16526,8921,10814,2907,5540,24,18,2974,2991,5574,5581,7821,8626,12741,13696,17713,18150,15201,15883,8631,10486,2816,5365,135220,107101,19077,14769,27841,25955,6454,9,12
2021-07-13T23:59:59+02:00,688,569,7083,6801,9128,8544,11661,12226,15854,16425,19378,19547,15829,16522,8917,10804,2902,5532,22,17,2918,2940,5510,5515,7661,8488,12487,13477,17555,18020,15182,15872,8619,10473,2811,5354,135095,105879,19077,14716,27838,25920,6394,9,12
2021-07-12T23:59:59+02:00,682,561,7070,6787,9117,8533,11651,12216,15849,16412,19366,19543,15827,16518,8915,10804,2902,5529,21,15,2861,2885,5428,5440,7513,8373,12238,13264,17374,17873,15172,15867,8615,10466,2810,5354,134981,104637,19075,14663,27834,25871,6386,9,12
2021-07-11T23:59:59+02:00,681,560,7061,6785,9107,8525,11643,12208,15839,16409,19361,19538,15827,16515,8914,10802,2902,5529,20,14,2830,2850,5351,5367,7414,8286,12071,13107,17248,17740,15163,15856,8614,10463,2810,5354,134936,103746,19071,14614,27834,25827,6359,9,12
2021-07-10T23:59:59+02:00,507,402,6500,6235,8881,8339,11401,12016,15682,16276,19306,19489,15819,16505,8910,10797,2901,5528,18,10,2801,2816,5300,5321,7331,8206,11967,13007,17170,17672,15148,15840,8611,10452,2807,5352,132245,103049,19071,14612,27834,25818,6338,9,12
2021-07-09T23:59:59+02:00,496,395,6442,6207,8854,8302,11361,11988,15654,16263,19293,19473,15818,16502,8910,10794,2901,5528,16,10,2744,2749,5219,5252,7152,8029,11555,12708,16871,17463,15128,15812,8604,10447,2805,5350,132153,102021,18861,13750,27833,25803,6328,9,12
2021-07-08T23:59:59+02:00,490,393,6125,5949,8483,8014,10982,11682,15315,16016,19035,19301,15796,16478,8901,10787,2898,5527,15,9,2682,2698,5136,5175,7011,7938,11354,12566,16719,17339,15121,15804,8604,10445,2805,5349,132064,101154,15977,13580,27828,25727,6297,9,12
2021-07-07T23:59:59+02:00,488,389,6110,5937,8459,7999,10968,11665,15304,16006,19034,19296,15794,16474,8900,10785,2898,5525,15,9,2634,2646,5045,5113,6873,7844,11120,12384,16555,17205,15113,15797,8599,10439,2805,5349,131956,100130,15968,13453,27826,25678,6272,9,12
2021-07-06T23:59:59+02:00,461,369,6009,5845,8386,7933,10895,11596,15270,15966,19011,19280,15786,16464,8897,10783,2895,5523,12,8,2566,2576,4913,4999,6691,7711,10730,11972,16182,16828,15087,15764,8591,10432,2804,5345,131339,97968,15960,13372,27820,25618,6241,9,12
2021-07-05T23:59:59+02:00,420,335,5831,5675,8269,7841,10781,11481,15211,15896,18979,19249,15780,16456,8893,10778,2892,5522,8,6,2514,2498,4816,4901,6558,7574,10378,11654,15908,16522,15057,15734,8583,10417,2804,5340,130293,96172,15956,13308,27817,25566,6214,9,12
2021-07-04T23:59:59+02:00,400,305,5756,5596,8212,7784,10714,11423,15181,15865,18965,19230,15773,16452,8892,10776,2892,5520,7,6,2494,2469,4754,4854,6497,7524,10241,11544,15807,16450,15052,15727,8581,10416,2803,5340,129787,95608,15949,13239,27812,25528,6179,9,12
2021-07-03T23:59:59+02:00,394,303,5735,5584,8201,7775,10701,11419,15174,15859,18962,19227,15773,16452,8892,10776,2892,5520,6,6,2459,2439,4658,4825,6389,7498,10183,11498,15702,16364,14373,15020,8562,10391,2803,5340,129711,95492,15946,13237,27812,23614,6161,9,12
2021-07-02T23:59:59+02:00,348,264,5547,5436,8127,7704,10603,11322,15109,15802,18943,19220,15769,16448,8887,10774,2890,5517,6,6,2412,2391,4500,4747,6205,7424,10029,11341,15511,16161,13579,14101,8554,10376,2803,5339,128799,94928,15943,13193,27811,21204,6148,9,12
2021-07-01T23:59:59+02:00,286,209,5331,5254,7999,7592,10462,11196,14980,15707,18899,19195,15762,16440,8882,10768,2890,5516,5,5,2293,2271,4323,4574,5967,7169,9248,10657,14883,15689,13554,14072,8549,10371,2799,5337,127509,91428,15930,13096,27810,21120,6110,9,12
2021-06-30T23:59:59+02:00,156,119,4849,4783,7659,7314,10107,10858,14753,15530,18842,19151,15751,16429,8878,10760,2890,5513,5,5,2257,2225,4237,4503,5853,7072,9076,10532,14793,15611,13540,14064,8546,10368,2799,5335,124523,90825,15924,12923,27810,20985,6076,9,12
2021-06-29T23:59:59+02:00,119,97,4565,4503,7409,7094,9817,10558,14555,15340,18778,19091,15699,16379,8858,10745,2889,5508,4,4,2189,2144,4094,4366,5646,6891,8849,10303,14497,15386,13493,14016,8533,10344,2797,5322,122453,89368,15920,12771,27808,20913,5814,9,12
2021-06-28T23:59:59+02:00,103,77,4429,4362,7304,6983,9695,10433,14462,15232,18733,19048,15683,16363,8844,10734,2886,5506,2,3,2102,2017,3912,4160,5365,6549,8464,9790,13965,14848,13374,13927,8514,10320,2794,5308,121440,86154,15909,12690,27805,20846,5714,9,10
2021-06-27T23:59:59+02:00,98,75,4376,4316,7246,6928,9635,10378,14429,15198,18713,19031,15666,16351,8837,10727,2885,5501,2,2,2049,1983,3848,4114,5251,6435,8296,9661,13789,14735,13348,13908,8505,10311,2791,5306,121076,85361,15905,12655,27803,20711,5597,9,10
2021-06-26T23:59:59+02:00,85,73,4331,4286,7215,6900,9617,10357,14409,15182,18700,19018,15662,16345,8837,10727,2885,5501,2,2,1973,1891,3660,3956,5037,6176,7933,9205,13438,14439,13268,13849,8485,10283,2786,5297,120832,82724,15899,12655,27803,20704,5587,9,10
2021-06-25T23:59:59+02:00,72,60,4020,3964,6954,6664,9324,10064,14185,14993,18616,18961,15616,16300,8818,10708,2883,5495,2,2,1908,1807,3495,3834,4842,5943,7606,8790,13126,14103,13218,13793,8472,10258,2780,5291,118438,80365,15872,12623,27803,20699,5575,9,8
2021-06-24T23:59:59+02:00,65,53,3926,3874,6852,6578,9223,9974,14085,14906,18588,18928,15601,16283,8812,10701,2883,5493,2,2,1838,1734,3378,3736,4642,5800,7386,8590,12877,13901,12383,12860,8292,9995,2780,5290,117704,79141,15863,12517,27799,18370,5450,9,8
2021-06-23T23:59:59+02:00,51,48,3521,3503,6400,6231,8692,9467,13750,14605,18452,18792,15497,16191,8769,10665,2880,5479,2,2,1699,1563,3123,3531,4222,5469,6438,7879,12133,13199,12360,12848,8282,9988,2780,5286,114777,78501,15616,9184,27798,18318,4793,9,8
2021-06-22T23:59:59+02:00,42,40,3447,3430,6320,6172,8589,9389,13699,14558,18419,18775,15486,16184,8768,10660,2880,5476,2,2,1658,1510,3019,3430,4077,5319,6184,7694,11521,12486,12270,12754,8264,9955,2776,5278,114147,76158,15610,9102,27796,18159,4772,9,8
2021-06-21T23:59:59+02:00,36,37,3376,3369,6229,6110,8528,9317,13638,14512,18386,18755,15484,16183,8767,10659,2880,5475,1,2,1623,1459,2928,3333,3950,5169,5988,7466,10762,11570,11881,12298,7187,8722,2770,5271,113622,73504,15602,9000,27794,15154,4714,9,8
2021-06-20T23:59:59+02:00,36,36,3351,3347,6181,6079,8483,9285,13610,14494,18375,18751,15483,16183,8767,10659,2880,5475,0,2,1605,1442,2890,3305,3900,5131,5936,7441,10673,11494,11861,12279,7184,8715,2769,5271,113443,73185,15584,8922,27794,15138,4645,9,8
2021-06-19T23:59:59+02:00,34,34,3324,3323,6152,6056,8452,9266,13586,14488,18368,18746,15483,16182,8767,10659,2880,5475,0,2,1601,1430,2885,3296,3892,5126,5920,7436,10662,11486,11861,12279,7184,8714,2769,5271,113249,73104,15578,8922,27794,15135,4645,9,8
2021-06-18T23:59:59+02:00,30,29,3281,3280,6078,6017,8383,9211,13540,14456,18344,18735,15482,16180,8766,10658,2880,5475,0,2,1526,1335,2748,3120,3707,4849,5524,7063,9166,9914,11695,12110,7142,8664,2757,5253,112864,67915,15550,8921,27794,15123,4608,9,8
2021-06-17T23:59:59+02:00,27,25,3217,3228,6008,5978,8308,9156,13468,14411,18320,18724,15480,16175,8764,10655,2880,5472,0,2,1400,1241,2560,2907,3446,4556,5160,6666,8495,9183,11409,11867,7101,8606,2753,5250,112484,64201,15520,8806,27789,15093,4494,9,8
2021-06-16T23:59:59+02:00,27,22,3162,3166,5894,5911,8188,9062,13339,14326,18254,18686,15474,16166,8764,10653,2880,5472,0,2,1302,1185,2419,2801,3263,4395,4874,6390,7416,7892,11318,11759,7070,8568,2740,5232,111840,60433,15446,8760,27785,15059,4366,9,8
2021-06-15T23:59:59+02:00,22,21,3068,3079,5776,5822,8003,8884,13076,14106,18104,18558,15459,16154,8756,10647,2880,5470,0,2,1266,1152,2345,2746,3159,4320,4671,6265,7103,7640,10821,11200,7036,8534,2732,5219,110416,58184,15419,8728,27775,15026,4266,9,7
2021-06-14T23:59:59+02:00,21,19,2994,3009,5696,5764,7860,8764,12785,13869,17916,18382,15443,16140,8749,10642,2879,5469,0,2,1238,1124,2280,2689,3034,4225,4470,6126,6760,7334,10293,10588,7005,8497,2728,5209,109022,55810,15410,8621,27771,14976,4189,9,6
2021-06-13T23:59:59+02:00,21,19,2976,2978,5631,5725,7797,8698,12645,13735,17810,18260,15437,16131,8748,10639,2878,5469,0,2,1227,1111,2252,2673,2997,4214,4423,6106,6727,7317,10288,10581,7005,8496,2728,5209,108284,55667,15399,8612,27767,14933,4138,9,6
2021-06-12T23:59:59+02:00,19,19,2948,2960,5601,5698,7766,8679,12625,13716,17802,18257,15436,16129,8748,10639,2878,5469,0,2,1172,1049,2164,2597,2903,4077,4281,5973,6618,7232,10206,10503,6409,7769,2728,5209,108081,55551,15396,8611,27767,12588,4136,9,6
2021-06-11T23:59:59+02:00,19,16,2871,2886,5531,5633,7584,8493,12215,13409,17519,18051,15420,16104,8742,10631,2875,5467,0,2,1148,1033,2109,2556,2838,4028,4196,5911,6507,7141,10104,10391,6394,7762,2726,5203,107063,55026,14503,8344,27766,12548,4125,9,6
2021-06-10T23:59:59+02:00,15,14,2816,2844,5431,5580,7452,8412,12029,13270,17381,17934,15415,16100,8742,10630,2874,5466,0,2,1107,1008,2033,2489,2737,3950,4027,5780,6262,6928,9853,10121,6374,7734,2720,5197,106143,53457,14429,8340,27762,12457,4062,9,6
2021-06-09T23:59:59+02:00,14,13,2738,2776,5309,5485,7229,8241,11750,13027,17195,17785,15404,16086,8738,10621,2874,5463,0,2,1050,943,1902,2371,2531,3767,3701,5497,5640,6413,9028,9215,6317,7658,2707,5162,104935,49440,14277,8322,27753,12362,3774,9,6
2021-06-08T23:59:59+02:00,11,9,2641,2672,5174,5359,7032,8055,11320,12599,16818,17396,15385,16059,8727,10614,2873,5458,0,2,1013,914,1832,2306,2425,3693,3562,5430,5488,6281,8994,9196,6315,7646,2705,5158,102728,48926,14250,8271,27751,12293,3464,9,6
2021-06-07T23:59:59+02:00,9,8,2514,2574,4982,5230,6825,7890,10842,12240,16474,17099,15360,16031,8721,10597,2872,5454,0,2,944,877,1701,2251,2283,3608,3307,5340,5132,5996,8444,8570,6262,7587,2701,5148,100794,46704,14208,8255,27742,12219,2969,9,6
2021-06-06T23:59:59+02:00,9,6,2476,2549,4920,5173,6739,7832,10703,12129,16383,17034,15357,16028,8721,10597,2870,5453,0,2,928,867,1673,2230,2237,3580,3238,5315,5083,5972,8439,8568,6257,7579,2701,5147,100201,46541,14155,8244,27736,12147,2878,9,6
2021-06-05T23:59:59+02:00,8,5,2462,2527,4891,5148,6702,7801,10674,12102,16374,17027,15357,16028,8721,10597,2870,5453,0,2,912,852,1640,2200,2197,3524,3132,5232,4729,5640,7842,7863,6229,7525,2700,5145,99973,44145,14155,8238,27736,12101,2874,9,6
2021-06-04T23:59:59+02:00,7,4,2431,2498,4846,5103,6654,7748,10585,11997,16322,16963,15353,16021,8721,10596,2869,5452,0,2,900,834,1617,2179,2155,3487,3080,5173,4563,5451,7540,7495,6193,7483,2698,5139,99441,42855,14148,8236,27736,12056,2836,9,6
2021-06-03T23:59:59+02:00,7,4,2328,2370,4695,4929,6445,7500,9881,11362,15733,16511,15342,16011,8718,10590,2868,5451,0,2,883,804,1577,2120,2107,3406,2990,5062,4415,5285,7379,7305,6181,7456,2698,5135,96097,41802,14109,8225,27731,11973,2799,9,6
2021-06-02T23:59:59+02:00,7,4,2311,2346,4650,4897,6389,7463,9781,11274,15673,16458,15334,16007,8717,10586,2868,5450,0,2,872,792,1558,2097,2052,3368,2904,4976,4053,4896,6821,6664,6137,7399,2694,5124,95574,39461,14107,8220,27731,11928,2794,9,6
2021-06-01T23:59:59+02:00,6,3,2248,2306,4529,4804,6222,7344,9592,11126,15564,16381,15331,16003,8713,10582,2867,5445,0,1,838,765,1493,2047,1936,3305,2751,4883,3849,4767,6611,6432,6114,7380,2688,5115,94696,38371,14056,8198,27719,11814,2586,9,6
2021-05-31T23:59:59+02:00,2,3,2199,2247,4429,4710,6077,7219,9406,10977,15479,16325,15323,15996,8710,10582,2867,5445,0,1,814,731,1436,1989,1864,3256,2576,4827,3718,4713,6255,6017,6091,7359,2685,5107,93970,37190,13969,8191,27709,11713,2339,9,6
2021-05-30T23:59:59+02:00,2,3,2174,2225,4374,4650,5982,7159,9331,10914,15442,16305,15322,15993,8710,10582,2867,5445,0,1,802,720,1413,1965,1815,3228,2443,4792,3612,4695,6253,6015,6090,7359,2685,5107,93518,36871,13930,8168,27699,11626,2324,9,6
2021-05-29T23:59:59+02:00,2,3,2157,2210,4354,4638,5965,7142,9318,10901,15437,16301,15321,15993,8710,10582,2867,5445,0,1,784,669,1320,1706,1681,2866,2243,4244,3333,4265,6163,5921,5979,7227,2684,5107,93388,36818,13926,8163,27699,8882,2324,9,6
2021-05-28T23:59:59+02:00,2,3,2136,2187,4316,4592,5920,7096,9240,10831,15369,16248,15317,15991,8710,10582,2867,5444,0,1,767,579,1242,1454,1583,2465,2065,3556,3068,3670,5527,5179,5897,7136,2680,5094,92909,35518,13913,8163,27697,5953,2323,9,6
2021-05-27T23:59:59+02:00,2,3,2094,2149,4231,4523,5798,7022,9085,10731,15272,16164,15316,15990,8710,10582,2867,5444,0,1,737,544,1211,1371,1542,2328,1994,3415,2955,3550,5090,4698,5864,7096,2669,5065,92226,34393,13765,8154,27674,5269,2309,9,5
2021-05-26T23:59:59+02:00,2,3,2026,2031,4035,4376,5456,6757,8113,9987,14510,15460,15304,15983,8706,10576,2865,5441,0,1,726,529,1185,1310,1496,2269,1936,3300,2802,3407,3782,3313,5805,7022,2646,5006,91448,31111,10235,8136,27657,5002,2282,9,4
2021-05-25T23:59:59+02:00,2,3,1989,1994,3955,4310,5363,6691,7978,9880,14132,15024,15256,15946,8699,10561,2863,5437,0,1,721,522,1157,1276,1478,2244,1916,3272,2776,3381,3776,3303,5798,7019,2644,5005,90103,31022,10086,8126,27641,4893,2244,9,4
2021-05-24T23:59:59+02:00,2,3,1963,1950,3868,4235,5257,6609,7852,9756,13621,14408,15204,15879,8692,10548,2862,5432,0,1,715,514,1138,1265,1446,2229,1894,3253,2749,3359,3759,3285,5776,6995,2635,4990,88313,30888,10006,8075,27629,4853,2184,9,3
2021-05-23T23:59:59+02:00,2,3,1954,1938,3849,4213,5239,6596,7799,9725,13545,14345,15193,15875,8690,10547,2861,5432,0,1,708,504,1127,1252,1421,2205,1838,3217,2639,3262,3347,2852,5131,6185,2620,4945,88079,30715,9905,5520,27629,4832,2184,9,3
2021-05-22T23:59:59+02:00,2,3,1787,1895,3548,4164,4841,6553,7543,9667,13422,14267,15187,15874,8690,10546,2861,5432,0,1,546,472,835,1211,1048,2169,1599,3164,2527,3188,3344,2850,5131,6184,2620,4945,87928,30703,9904,5518,27627,4796,814,9,3
2021-05-21T23:59:59+02:00,2,3,1702,1788,3392,3972,4647,6257,7146,9302,12130,12935,15037,15726,8654,10499,2852,5421,0,1,541,460,825,1208,1045,2161,1564,3133,2449,3111,3169,2713,5104,6141,2617,4930,83161,30062,9863,5517,27621,4777,813,7,3
2021-05-20T23:59:59+02:00,2,3,1665,1753,3296,3922,4539,6172,6969,9220,11920,12706,15017,15708,8650,10492,2851,5420,0,1,520,445,784,1161,988,2096,1442,3061,2323,3013,2977,2542,5063,6064,2609,4915,82316,29310,9761,5502,27567,4534,655,6,3
2021-05-19T23:59:59+02:00,2,3,1643,1727,3237,3867,4445,6102,6852,9155,11687,12443,15006,15697,8647,10491,2851,5419,0,1,511,434,768,1123,972,2027,1332,2915,1996,2719,2413,2048,4958,5946,2587,4868,81489,27245,9622,5487,27541,4267,616,6,3
2021-05-18T23:59:59+02:00,2,3,1583,1694,3147,3779,4332,5998,6692,8997,11395,12186,14961,15650,8635,10468,2849,5409,0,1,508,422,752,1108,954,2009,1249,2851,1715,2495,1967,1706,4885,5861,2565,4824,80389,25697,9419,5477,27473,4202,493,6,3
2021-05-17T23:59:59+02:00,2,3,1534,1613,3017,3621,4128,5719,6343,8534,10844,11635,14852,15557,8616,10443,2844,5398,0,1,506,414,746,1101,935,2004,1225,2826,1688,2458,1951,1686,4878,5854,2562,4821,77483,25632,9382,5463,27449,4175,383,6,3
2021-05-16T23:59:59+02:00,2,3,1515,1591,2963,3579,4033,5632,6194,8398,10668,11501,14826,15535,8608,10435,2843,5396,0,1,499,408,724,1086,904,1988,1196,2798,1654,2434,1944,1677,4875,5850,2560,4819,76735,25601,9323,5445,27419,4129,239,6,3
2021-05-15T23:59:59+02:00,2,3,1429,1494,2755,3413,3805,5355,5836,7925,10315,11205,14741,15473,8589,10406,2837,5387,0,1,499,406,720,1084,904,1984,1191,2796,1648,2429,1932,1665,4868,5844,2560,4817,73991,25538,9323,5445,27412,4124,238,6,3
2021-05-14T23:59:59+02:00,2,3,1395,1431,2643,3316,3653,5198,5636,7636,10093,10950,14706,15435,8576,10383,2834,5383,0,1,450,368,649,919,829,1698,1063,2384,1466,2104,1898,1624,4865,5836,2559,4813,72340,25475,9304,5443,27389,2371,234,6,3
2021-05-13T23:59:59+02:00,2,3,1337,1364,2540,3232,3484,5061,5416,7431,9866,10770,14680,15406,8566,10380,2832,5380,0,1,443,356,622,891,727,1591,963,2299,1202,1888,1178,1042,4643,5602,2551,4781,71176,25355,8991,2896,27358,2307,219,6,3
2021-05-12T23:59:59+02:00,2,3,1329,1354,2523,3226,3466,5047,5395,7418,9851,10760,14678,15402,8564,10378,2831,5380,0,1,443,355,621,890,723,1590,958,2299,1198,1882,1159,1033,4630,5564,2517,4712,71060,25154,8967,2896,27356,2304,218,6,3
2021-05-11T23:59:59+02:00,2,2,1289,1311,2449,3144,3352,4921,5199,7271,9563,10451,14630,15344,8552,10358,2827,5371,0,1,438,342,603,875,701,1573,930,2275,1172,1854,1104,997,4565,5466,2474,4587,69720,24658,8843,2877,27271,2223,196,6,3
2021-05-10T23:59:59+02:00,2,2,1267,1284,2384,3066,3224,4795,5067,7114,9239,10071,14585,15305,8543,10339,2822,5369,0,1,437,340,590,866,689,1558,918,2260,1154,1840,1068,962,4503,5388,2433,4468,68363,24239,8720,2873,27201,2172,188,6,3
2021-05-09T23:59:59+02:00,2,2,1252,1267,2342,3050,3145,4759,5002,7081,9172,10026,14572,15289,8541,10334,2822,5367,0,1,429,338,576,861,666,1537,896,2240,1142,1826,1049,946,4490,5350,2417,4425,68121,24075,8644,2871,27152,2138,102,6,3
2021-05-08T23:59:59+02:00,1,2,1250,1263,2328,3038,3127,4747,4963,7066,9147,10018,14571,15289,8541,10333,2822,5367,0,1,429,338,575,861,665,1537,896,2239,1141,1825,1049,946,4489,5350,2417,4425,67977,24073,8638,2868,27150,2137,102,6,3
2021-05-07T23:59:59+02:00,1,2,1230,1242,2288,2997,3074,4699,4864,6974,8922,9771,14554,15265,8535,10327,2819,5363,0,1,380,312,543,792,628,1375,826,2031,1051,1636,1019,917,4468,5327,2415,4420,67064,23966,8631,2863,27124,1207,102,6,3
2021-05-06T23:59:59+02:00,1,2,1085,1150,2060,2754,2773,4391,4492,6572,8335,9167,14276,15028,8495,10271,2816,5362,0,1,379,308,530,773,611,1343,807,1996,1019,1608,991,883,4458,5313,2413,4416,63440,23833,8501,2812,26987,1105,96,6,3
2021-05-05T23:59:59+02:00,1,1,1020,1098,1949,2642,2613,4218,4196,6293,7319,7981,14190,14929,8460,10230,2803,5342,0,1,376,305,522,763,596,1333,774,1982,993,1588,918,820,4417,5241,2405,4400,59913,23512,8455,2791,26863,1080,48,6,3
2021-05-04T23:59:59+02:00,1,1,998,1078,1898,2603,2511,4150,3976,6178,7038,7763,13684,14362,8429,10197,2798,5333,0,1,372,304,517,759,584,1328,757,1963,977,1581,899,796,4394,5225,2402,4391,57853,23374,8396,2775,26703,1058,40,6,3
2021-05-03T23:59:59+02:00,1,1,967,1043,1836,2550,2404,4038,3775,6060,6678,7461,13149,13736,8392,10159,2791,5318,0,1,367,303,515,753,574,1321,748,1951,963,1568,873,772,4377,5207,2396,4378,55422,23262,8369,2765,26562,1037,0,6,3
2021-05-02T23:59:59+02:00,1,1,962,1042,1817,2543,2374,4028,3730,6050,6641,7452,13148,13735,8392,10158,2791,5318,0,1,367,303,512,753,573,1319,743,1951,962,1564,871,768,4375,5202,2396,4378,55281,23242,8362,2763,26534,1030,0,6,3
2021-05-01T23:59:59+02:00,1,1,962,1040,1809,2539,2362,4020,3715,6042,6627,7442,13147,13732,8392,10158,2791,5318,0,1,367,303,512,753,573,1319,742,1950,960,1564,871,768,4375,5202,2396,4378,55200,23242,8360,2759,26532,1030,0,6,3
2021-04-30T23:59:59+02:00,0,1,946,1035,1790,2523,2341,3985,3678,6009,6545,7388,13052,13628,8391,10153,2788,5306,0,1,318,248,471,677,544,1140,711,1727,926,1360,860,750,4371,5199,2396,4378,54700,23228,8359,2754,26494,92,0,6,3
2021-04-29T23:59:59+02:00,0,1,893,1011,1734,2473,2278,3926,3530,5882,6307,7165,12791,13353,8369,10124,2784,5299,0,1,311,246,461,670,541,1132,704,1716,915,1351,852,735,4362,5191,2396,4376,53101,23138,8344,2748,26469,71,0,6,3
2021-04-28T23:59:59+02:00,0,1,832,978,1654,2409,2134,3814,3246,5629,5703,6656,11952,12433,8310,10035,2760,5262,0,1,310,243,459,663,533,1119,693,1695,904,1344,836,718,4343,5164,2394,4376,49036,23013,8337,2728,26429,51,0,6,3
2021-04-27T23:59:59+02:00,0,1,823,973,1636,2388,2090,3795,3176,5603,5575,6530,11923,12416,8308,10033,2760,5260,0,1,309,241,453,661,525,1112,684,1683,894,1338,825,706,4339,5158,2393,4369,48555,22933,8332,2712,26397,43,0,6,3
2021-04-26T23:59:59+02:00,0,1,813,961,1610,2370,2030,3755,2998,5525,5243,6244,11356,11770,8253,9968,2755,5250,0,1,307,240,452,660,520,1106,673,1677,885,1327,815,696,4334,5152,2393,4365,46221,22882,8323,2681,26354,38,0,4,2
2021-04-25T23:59:59+02:00,0,1,803,959,1593,2363,1992,3738,2872,5502,5148,6239,11351,11766,8249,9962,2754,5249,0,1,306,239,452,660,520,1099,673,1675,882,1325,815,695,4334,5152,2393,4365,45890,22876,8317,2677,26330,31,0,4,2
2021-04-24T23:59:59+02:00,0,1,789,949,1571,2343,1952,3692,2776,5432,4805,5914,10738,11040,8218,9903,2753,5247,0,1,306,239,452,660,520,1098,672,1673,881,1325,810,691,4324,5136,2391,4364,43480,22839,8315,2672,26324,30,0,4,2
2021-04-23T23:59:59+02:00,0,1,784,941,1558,2333,1922,3665,2737,5379,4643,5726,10429,10658,8178,9861,2750,5238,0,1,306,238,452,660,520,1097,671,1673,879,1325,810,690,4321,5133,2391,4364,42178,22828,8314,2671,26307,30,0,4,2
2021-04-22T23:59:59+02:00,0,1,767,927,1531,2290,1873,3596,2649,5287,4489,5572,10284,10463,8164,9830,2748,5230,0,1,306,237,450,649,518,1091,665,1665,873,1316,804,686,4318,5131,2391,4362,41176,22792,8285,2647,26236,22,0,4,2
2021-04-21T23:59:59+02:00,0,1,756,915,1506,2277,1821,3551,2544,5199,4104,5152,9686,9778,8115,9766,2744,5219,0,1,304,237,448,648,518,1090,661,1662,868,1311,791,674,4308,5117,2391,4358,38654,22742,8269,2623,26207,20,0,4,2
2021-04-20T23:59:59+02:00,0,1,749,903,1485,2250,1790,3520,2494,5142,3966,5056,9489,9559,8097,9756,2740,5216,0,1,304,236,448,647,517,1088,660,1658,865,1305,785,669,4304,5112,2391,4358,37817,22710,8257,2617,26135,20,0,4,1
2021-04-19T23:59:59+02:00,0,1,742,894,1477,2242,1773,3502,2463,5115,3901,4997,9119,9142,8072,9731,2737,5210,0,1,304,234,447,642,515,1085,657,1655,861,1301,780,663,4295,5110,2391,4356,36790,22670,8245,2606,26079,20,0,4,1
2021-04-18T23:59:59+02:00,0,1,738,891,1472,2236,1755,3495,2445,5103,3893,4995,9109,9131,8072,9730,2737,5210,0,1,303,234,447,639,514,1081,655,1652,858,1301,779,661,4295,5108,2391,4356,36731,22662,8225,2592,26053,20,0,4,1
2021-04-17T23:59:59+02:00,0,1,719,885,1384,2226,1655,3483,2408,5073,3812,4916,8392,8409,8056,9717,2737,5210,0,1,303,234,445,637,513,1080,654,1652,857,1298,779,661,4294,5108,2391,4356,36722,22650,8225,2592,24132,20,0,4,1
2021-04-16T23:59:59+02:00,0,1,704,867,1255,2203,1503,3460,2322,5007,3650,4751,7050,6857,8021,9668,2724,5179,0,1,303,233,440,629,508,1076,644,1650,853,1289,769,655,4289,5094,2388,4354,35344,22575,8215,2587,21659,12,0,4,1
2021-04-15T23:59:59+02:00,0,1,683,857,1244,2190,1482,3441,2264,4970,3578,4699,6610,6356,7980,9602,2700,5104,0,1,296,227,425,617,491,1062,610,1623,817,1259,678,594,3791,4581,2364,4318,34013,22513,8160,1232,21584,8,0,4,1
2021-04-14T23:59:59+02:00,0,1,678,853,1225,2175,1449,3422,2220,4933,3445,4604,5270,4952,7929,9537,2678,5067,0,1,288,222,422,611,484,1059,603,1615,812,1256,663,578,3778,4571,2360,4312,30780,22424,8147,1203,21507,7,0,4,1
2021-04-13T23:59:59+02:00,0,1,674,853,1216,2170,1433,3420,2212,4922,3425,4588,5250,4935,7923,9534,2677,5065,0,1,288,221,420,609,481,1056,601,1611,801,1253,645,573,3776,4568,2360,4312,30697,22403,8125,1165,21472,7,0,4,1
2021-04-12T23:59:59+02:00,0,1,669,845,1203,2160,1417,3409,2178,4907,3393,4564,5225,4919,7910,9522,2674,5032,0,1,287,220,418,609,479,1050,599,1607,793,1245,640,570,3770,4566,2359,4312,30564,22375,8079,1142,21381,7,0,4,1
2021-04-11T23:59:59+02:00,0,1,661,841,1187,2148,1398,3394,2110,4882,3274,4480,4808,4479,7240,8700,2667,5027,0,1,287,220,416,609,477,1048,594,1604,789,1243,636,567,3766,4561,2359,4312,30533,22368,5471,1113,21289,7,0,4,1
2021-04-10T23:59:59+02:00,0,1,661,839,1186,2147,1396,3390,2108,4879,3271,4473,4764,4432,7236,8694,2667,5026,0,1,281,217,414,598,464,1032,567,1587,757,1218,564,497,3197,3943,2310,4217,30410,20743,5468,1113,21288,7,0,4,1
2021-04-09T23:59:59+02:00,0,1,657,838,1178,2143,1390,3385,2076,4855,3192,4392,4566,4266,7201,8645,2663,5010,0,1,271,210,404,584,445,1016,540,1568,736,1195,484,436,2539,3124,2260,4121,29715,18814,5464,1112,21275,7,0,4,1
2021-04-08T23:59:59+02:00,0,1,647,828,1161,2131,1373,3353,2014,4801,3042,4281,3512,3111,6962,8281,2652,4995,0,1,258,202,387,566,421,1002,518,1537,703,1173,461,409,2529,3115,2256,4118,28908,18584,5414,1064,18819,7,0,4,1
2021-04-07T23:59:59+02:00,0,1,640,822,1148,2122,1355,3340,1905,4721,2720,4031,2903,2581,6850,8157,2627,4942,0,1,244,195,360,542,383,968,475,1503,666,1145,433,384,2468,3049,2251,4109,26724,18126,5393,1044,18744,6,0,4,0
2021-04-06T23:59:59+02:00,0,1,630,813,1108,2115,1331,3321,1787,4671,2439,3864,2450,2233,6771,8065,2605,4904,0,1,220,182,326,515,358,949,438,1480,631,1113,398,342,2413,2974,2245,4098,25118,17651,5374,1026,18612,6,0,4,0
2021-04-05T23:59:59+02:00,0,1,627,811,1097,2110,1325,3318,1778,4661,2424,3847,2158,1889,5662,6763,2603,4903,0,1,220,182,325,511,352,943,434,1478,627,1109,395,339,2411,2968,2245,4096,25086,17641,5362,989,15526,6,0,3,0
2021-04-04T23:59:59+02:00,0,1,626,810,1097,2110,1325,3317,1778,4661,2422,3845,2156,1886,5662,6759,2603,4903,0,1,220,182,324,511,352,943,433,1478,627,1109,395,339,2410,2968,2245,4096,25077,17638,5362,989,15519,6,0,3,0
2021-04-03T23:59:59+02:00,0,1,626,810,1097,2109,1325,3317,1777,4659,2418,3845,2155,1882,5661,6759,2603,4903,0,1,220,182,324,511,352,943,433,1478,626,1109,395,339,2410,2968,2245,4096,25071,17637,5358,989,15515,6,0,3,0
2021-04-02T23:59:59+02:00,0,1,626,809,1097,2109,1320,3316,1774,4653,2416,3842,2147,1873,5649,6743,2599,4891,0,1,220,182,324,509,352,942,432,1477,625,1098,393,339,2410,2967,2245,4096,25000,17617,5353,989,15509,6,0,3,0
2021-04-01T23:59:59+02:00,0,1,622,798,1077,2090,1222,3221,1683,4584,2157,3634,1417,1287,5440,6530,2589,4861,0,1,216,181,324,508,351,941,431,1475,625,1097,390,337,2410,2967,2245,4092,24889,17605,2850,980,15471,6,0,3,0
2021-03-31T23:59:59+02:00,0,1,620,797,1073,2086,1217,3213,1672,4579,2138,3621,1388,1254,5412,6475,2548,4761,0,1,215,181,323,507,350,941,431,1474,624,1095,387,334,2406,2966,2243,4090,24562,17590,2835,972,15455,6,0,3,0
2021-03-30T23:59:59+02:00,0,1,618,790,1068,2082,1211,3208,1662,4565,2131,3606,1341,1209,5324,6343,2501,4608,0,1,215,180,323,506,347,937,426,1471,617,1084,372,323,2302,2813,2120,3864,24026,16966,2813,929,15427,6,0,2,0
2021-03-29T23:59:59+02:00,0,1,616,788,1065,2073,1202,3201,1655,4552,2117,3593,1303,1175,5260,6247,2447,4476,0,1,214,179,321,504,345,935,424,1466,611,1079,365,318,2076,2545,1892,3483,23577,15826,2785,926,15407,6,0,2,0
2021-03-28T23:59:59+02:00,0,1,616,785,1063,2067,1199,3194,1650,4541,2111,3588,1287,1166,5249,6224,2435,4443,0,1,212,179,320,501,336,931,421,1459,608,1067,358,306,2071,2531,1891,3480,23466,15798,2767,871,15384,3,0,2,0
2021-03-27T23:59:59+01:00,0,1,564,724,983,1999,1118,3074,1531,4416,2009,3505,1218,1096,4644,5492,2435,4443,0,1,210,178,320,500,336,931,417,1457,607,1064,357,306,2070,2530,1891,3480,23449,15782,2762,871,13040,2,0,1,0
2021-03-26T23:59:59+01:00,0,1,561,719,976,1989,1116,3068,1521,4409,1992,3497,1174,1065,4614,5458,2434,4439,0,1,209,175,320,498,333,930,415,1456,602,1058,349,301,1661,1992,1464,2750,23254,13647,2752,865,13026,2,0,1,0
2021-03-25T23:59:59+01:00,0,1,558,713,964,1981,1113,3059,1514,4397,1976,3487,1163,1055,4606,5453,2434,4437,0,1,208,172,318,497,331,925,411,1450,598,1049,345,297,1564,1869,1427,2674,23207,13292,2744,842,12959,2,0,1,0
2021-03-24T23:59:59+01:00,0,1,556,707,956,1971,1100,3043,1485,4378,1961,3479,1127,1025,4579,5418,2429,4432,0,1,207,172,317,496,327,921,407,1442,588,1031,333,287,1235,1485,1271,2404,23066,12139,2718,783,12862,2,0,1,0
2021-03-23T23:59:59+01:00,0,1,554,702,950,1958,1096,3033,1478,4364,1951,3471,1114,1014,4559,5404,2429,4428,0,1,206,172,315,493,318,918,406,1442,582,1027,325,280,997,1218,1155,2223,22990,11315,2709,761,12806,2,0,1,0
2021-03-22T23:59:59+01:00,0,1,553,693,945,1944,1090,3024,1469,4348,1937,3461,1111,1010,4554,5403,2429,4427,0,1,205,172,314,491,317,916,403,1439,579,1023,321,276,996,1214,1155,2219,22965,11298,2693,741,12740,2,0,1,0
2021-03-21T23:59:59+01:00,0,1,550,690,943,1936,1087,3020,1461,4335,1925,3454,1108,1009,4554,5401,2429,4427,0,1,204,172,314,490,315,912,403,1434,573,1021,311,271,992,1209,1154,2219,22961,11295,2680,698,12688,2,0,1,0
2021-03-20T23:59:59+01:00,0,1,545,683,939,1919,1070,3003,1433,4317,1890,3424,1036,939,3969,4762,2378,4327,0,1,204,172,314,490,315,912,403,1434,573,1021,311,271,992,1209,1153,2218,21290,11293,2679,698,12665,2,0,1,0
2021-03-19T23:59:59+01:00,0,1,536,674,921,1891,1042,2983,1397,4291,1864,3393,949,875,3289,3925,2326,4228,0,1,201,172,312,490,314,909,401,1432,569,1015,308,270,979,1196,1122,2178,19296,11271,2667,596,12621,2,0,1,0
2021-03-18T23:59:59+01:00,0,1,523,661,904,1865,1019,2957,1357,4250,1819,3340,850,811,2774,3393,2302,4195,0,1,196,170,309,486,311,899,397,1426,567,1010,305,263,873,1098,1010,1984,19214,10885,1265,418,12541,2,0,1,0
2021-03-17T23:59:59+01:00,0,1,521,652,895,1846,1006,2936,1334,4228,1801,3324,820,786,2686,3300,2296,4189,0,1,194,169,307,484,308,898,390,1422,564,1006,302,258,630,822,702,1534,18903,9956,1226,35,12492,0,0,0,0
2021-03-16T23:59:59+01:00,0,1,519,643,886,1825,986,2920,1317,4216,1777,3307,790,775,2638,3219,2294,4183,0,1,194,169,305,484,307,895,387,1420,561,1002,296,254,383,581,512,1223,18693,8945,1186,29,12417,0,0,0,0
2021-03-15T23:59:59+01:00,0,1,519,633,881,1806,975,2898,1312,4209,1769,3297,784,771,2635,3217,2293,4183,0,1,193,169,304,483,306,895,387,1419,558,1002,296,254,383,580,511,1223,18678,8938,1161,26,12344,0,0,0,0
2021-03-14T23:59:59+01:00,0,1,517,627,873,1794,968,2890,1302,4196,1759,3284,779,766,2629,3214,2293,4183,0,1,193,169,303,483,305,893,385,1417,557,1002,295,254,383,580,511,1223,18672,8934,1131,20,12272,0,0,0,0
2021-03-13T23:59:59+01:00,0,1,496,576,780,1531,837,2507,1107,3632,1477,2856,699,678,2526,3088,2292,4182,0,1,193,169,303,483,305,893,385,1417,557,1002,295,254,383,580,511,1223,18668,8934,1131,20,9466,0,0,0,0
2021-03-12T23:59:59+01:00,0,1,482,493,716,1262,746,2110,935,2946,1230,2262,557,527,2482,3044,2292,4182,0,0,193,167,303,483,305,891,384,1417,557,999,295,253,370,559,462,1157,18638,8775,1130,20,6499,0,0,0,0
2021-03-11T23:59:59+01:00,0,1,458,457,682,1191,699,2004,875,2800,1147,2150,500,467,2468,3032,2291,4180,0,0,193,167,302,481,304,890,384,1414,556,999,295,252,357,542,413,1112,18441,8644,1082,17,5879,0,0,0,0
2021-03-10T23:59:59+01:00,0,1,444,447,648,1158,658,1970,833,2764,1114,2121,481,451,2454,3012,2290,4176,0,0,189,165,298,474,304,889,379,1408,550,992,291,246,232,443,179,842,18164,7870,1062,11,5796,0,0,0,0
2021-03-09T23:59:59+01:00,0,1,429,430,617,1128,635,1950,810,2736,1092,2097,459,430,2360,2870,2163,3945,0,0,189,165,296,472,303,888,378,1405,550,989,289,245,232,443,178,841,17397,7862,1045,1,5710,0,0,0,0
2021-03-08T23:59:59+01:00,0,1,416,409,595,1098,617,1928,794,2711,1070,2071,437,402,2129,2595,1934,3564,0,0,189,164,296,470,302,883,378,1399,550,987,288,243,232,442,178,841,16148,7841,1016,1,5607,0,0,0,0
2021-03-07T23:59:59+01:00,0,1,415,408,588,1080,603,1920,791,2698,1065,2061,436,401,2124,2587,1933,3561,0,0,189,164,295,469,302,882,378,1396,550,986,288,243,232,442,178,841,16120,7834,1006,1,5546,0,0,0,0
2021-03-06T23:59:59+01:00,0,1,415,405,584,1066,600,1918,784,2691,1061,2054,435,401,2124,2587,1933,3561,0,0,189,164,295,469,302,882,378,1396,550,985,287,243,232,442,178,841,16110,7832,1006,1,5504,0,0,0,0
2021-03-05T23:59:59+01:00,0,1,409,390,578,1054,594,1909,779,2681,1054,2046,421,393,1703,2029,1501,2809,0,0,187,159,291,469,299,880,376,1393,548,981,287,243,232,442,178,841,13890,7805,1006,1,5455,0,0,0,0
2021-03-04T23:59:59+01:00,0,1,398,365,550,1015,575,1852,748,2627,1033,1996,417,389,1610,1909,1461,2732,0,0,176,151,280,456,298,872,374,1379,546,977,286,243,232,442,178,841,13530,7730,1000,1,5148,0,0,0,0
2021-03-03T23:59:59+01:00,0,1,395,359,543,984,557,1820,724,2580,1015,1956,409,383,1283,1528,1302,2456,0,0,175,150,279,455,297,871,370,1372,543,970,284,241,231,441,176,836,12362,7690,991,1,4942,0,0,0,0
2021-03-02T23:59:59+01:00,0,1,391,354,535,950,543,1799,715,2556,1004,1937,398,373,1037,1261,1182,2272,0,0,175,148,278,445,293,865,370,1363,543,964,284,241,231,441,176,836,11532,7652,954,1,4822,0,0,0,0
2021-03-01T23:59:59+01:00,0,1,389,347,526,927,524,1768,706,2532,994,1920,394,366,1036,1254,1182,2267,0,0,175,146,278,436,290,855,367,1348,539,958,282,239,230,440,176,836,11510,7594,919,1,4704,0,0,0,0
2021-02-28T23:59:59+01:00,0,1,385,344,523,919,516,1757,702,2520,989,1905,389,361,1036,1252,1182,2267,0,0,173,145,278,435,290,854,367,1348,538,958,282,239,230,440,176,836,11504,7588,891,1,4653,0,0,0,0
2021-02-27T23:59:59+01:00,0,1,384,342,518,912,514,1751,699,2511,986,1903,388,360,1036,1252,1181,2267,0,0,173,145,278,435,290,854,367,1348,537,958,282,239,230,440,176,836,11503,7587,891,1,4611,0,0,0,0
2021-02-26T23:59:59+01:00,0,1,337,299,450,740,437,1443,572,2093,815,1563,360,330,1036,1249,1181,2267,0,0,173,143,278,431,288,846,365,1340,535,955,282,239,230,440,176,836,11493,7556,880,1,2800,0,0,0,0
2021-02-25T23:59:59+01:00,0,1,317,290,439,719,425,1407,557,2045,795,1531,352,322,950,1156,1108,2141,0,0,122,130,258,426,279,833,353,1324,530,948,282,237,230,440,176,836,11082,7404,849,0,2624,0,0,0,0
2021-02-24T23:59:59+01:00,0,1,312,284,434,703,418,1372,541,1997,773,1487,345,309,741,922,921,1832,0,0,122,124,256,420,276,823,351,1311,523,942,279,234,228,439,176,834,10134,7338,808,0,2450,0,0,0,0
2021-02-23T23:59:59+01:00,0,1,310,272,426,689,407,1347,533,1962,753,1468,331,299,488,673,730,1525,0,0,122,123,255,418,274,817,351,1305,522,934,278,233,227,439,174,833,9122,7305,763,0,2329,0,0,0,0
2021-02-22T23:59:59+01:00,0,1,310,271,425,682,406,1342,529,1951,748,1464,331,297,487,671,730,1524,0,0,122,118,250,408,273,800,347,1279,517,926,274,232,227,439,174,833,9117,7219,752,0,2300,0,0,0,0
2021-02-21T23:59:59+01:00,0,1,307,270,423,676,403,1333,526,1943,742,1460,320,292,483,666,728,1524,0,0,122,118,249,407,272,797,344,1276,510,922,273,231,226,438,173,822,9112,7180,710,0,2275,0,0,0,0
2021-02-20T23:59:59+01:00,0,1,307,267,423,674,403,1325,525,1934,740,1456,320,292,483,666,728,1524,0,0,122,118,249,407,272,797,344,1276,509,922,273,231,226,438,173,822,9112,7179,710,0,2246,0,0,0,0
2021-02-19T23:59:59+01:00,0,0,261,241,391,598,369,1156,467,1721,631,1246,311,276,457,630,646,1415,0,0,122,118,249,407,271,797,344,1276,509,922,273,231,226,438,173,822,8890,7178,603,0,1323,0,0,0,0
2021-02-18T23:59:59+01:00,0,0,260,236,383,589,358,1134,454,1703,621,1239,311,274,403,582,533,1283,0,0,119,115,245,401,264,790,341,1267,505,921,271,229,226,438,173,822,8701,7127,423,0,1239,0,0,0,0
2021-02-17T23:59:59+01:00,0,0,254,232,371,575,351,1125,431,1687,613,1227,306,267,242,446,187,866,0,0,111,102,242,395,259,774,335,1251,499,910,267,226,225,438,173,822,7963,7029,33,0,1184,0,0,0,0
2021-02-16T23:59:59+01:00,0,0,253,230,360,573,341,1116,423,1673,608,1220,303,264,241,445,187,866,0,0,83,89,222,369,248,744,318,1211,467,875,245,211,217,418,172,815,7954,6704,29,0,1120,0,0,0,0
2021-02-15T23:59:59+01:00,0,0,249,229,357,568,339,1109,421,1661,603,1214,303,264,241,444,186,866,0,0,82,87,218,358,241,732,308,1184,451,852,232,204,204,394,165,758,7940,6470,26,0,1088,0,0,0,0
2021-02-14T23:59:59+01:00,0,0,248,227,351,565,335,1100,417,1655,600,1211,303,264,241,444,186,866,0,0,78,85,211,353,238,724,303,1171,447,837,231,202,204,383,165,748,7930,6380,21,0,1062,0,0,0,0
2021-02-13T23:59:59+01:00,0,0,248,227,351,565,335,1100,415,1655,600,1210,302,264,241,444,186,866,0,0,78,85,211,352,238,724,303,1171,447,837,231,202,204,383,165,748,7928,6379,21,0,1060,0,0,0,0
2021-02-12T23:59:59+01:00,0,0,193,167,303,486,308,903,382,1418,563,997,294,249,240,444,186,866,0,0,75,84,208,351,236,721,297,1167,444,832,227,199,204,381,165,748,7915,6339,21,0,63,0,0,0,0
2021-02-11T23:59:59+01:00,0,0,191,166,297,473,304,889,376,1398,553,990,294,249,240,444,186,866,0,0,74,81,198,325,226,677,277,1116,426,782,226,196,204,376,165,745,7872,6094,18,0,26,0,0,0,0
2021-02-10T23:59:59+01:00,0,0,189,159,293,469,301,884,370,1387,549,982,292,247,238,443,186,864,0,0,69,76,181,297,215,617,260,1032,401,730,217,181,190,346,150,694,7829,5656,12,0,12,0,0,0,0
2021-02-09T23:59:59+01:00,0,0,184,153,289,461,300,875,370,1377,547,973,289,246,238,443,185,863,0,0,60,60,143,233,186,512,222,840,346,594,195,155,168,309,140,617,7785,4780,3,0,5,0,0,0,0
2021-02-08T23:59:59+01:00,0,0,178,147,285,449,295,865,366,1357,541,966,285,242,237,442,183,859,0,0,33,47,98,144,137,285,163,460,252,387,164,127,139,251,115,512,7689,3314,3,0,5,0,0,0,0
2021-02-07T23:59:59+01:00,0,0,176,145,283,448,294,863,365,1356,540,965,284,241,237,442,183,859,0,0,19,40,80,122,132,264,154,426,236,361,154,122,129,240,108,474,7679,3061,2,0,0,0,0,0,0
2021-02-06T23:59:59+01:00,0,0,176,145,283,448,294,863,365,1356,540,965,284,241,237,442,183,859,0,0,19,37,78,119,122,249,143,409,205,340,139,118,128,235,107,463,7679,2911,2,0,0,0,0,0,0
2021-02-05T23:59:59+01:00,0,0,176,143,283,444,293,852,363,1348,536,962,284,240,237,442,183,858,0,0,18,33,75,114,115,235,137,382,188,322,134,113,124,230,99,446,7642,2765,2,0,0,0,0,0,0
2021-02-04T23:59:59+01:00,0,0,168,138,282,440,286,843,359,1337,527,953,283,238,236,441,183,856,0,0,11,20,48,76,86,178,114,290,155,263,116,99,112,210,89,402,7569,2269,1,0,0,0,0,0,0
2021-02-03T23:59:59+01:00,0,0,150,131,272,434,283,836,357,1326,527,951,283,238,235,441,183,855,0,0,11,18,41,65,77,143,90,258,134,222,97,85,97,181,80,354,7501,1953,1,0,0,0,0,0,0
2021-02-02T23:59:59+01:00,0,0,130,126,260,432,280,828,352,1320,526,944,282,238,234,441,182,854,0,0,11,15,33,59,65,121,75,213,103,172,65,60,72,118,55,227,7428,1464,1,0,0,0,0,0,0
2021-02-01T23:59:59+01:00,0,0,125,121,255,417,278,811,350,1294,520,932,277,236,234,441,182,854,0,0,4,9,18,31,34,66,46,118,59,71,30,31,32,52,30,111,7326,742,1,0,0,0,0,0,0
2021-01-31T23:59:59+01:00,0,0,124,118,253,414,276,807,348,1288,515,930,277,233,233,440,182,854,0,0,4,6,13,22,29,47,32,72,39,43,16,11,16,32,24,65,7291,471,1,0,0,0,0,0,0
2021-01-30T23:59:59+01:00,0,0,124,118,253,414,276,806,348,1287,514,930,277,233,233,440,182,854,0,0,4,6,12,19,26,40,27,64,36,41,16,11,16,32,24,65,7288,439,1,0,0,0,0,0,0
2021-01-29T23:59:59+01:00,0,0,124,118,253,414,275,806,348,1287,514,930,277,233,233,440,182,854,0,0,4,6,6,18,24,32,22,56,32,38,16,11,16,31,23,64,7287,399,1,0,0,0,0,0,0
2021-01-28T23:59:59+01:00,0,0,122,115,249,407,271,799,345,1280,509,929,277,233,233,440,182,854,0,0,1,3,2,8,16,14,12,27,12,23,12,7,9,18,8,27,7244,199,1,0,0,0,0,0,0
2021-01-27T23:59:59+01:00,0,0,114,105,247,402,268,790,340,1273,503,922,272,230,232,439,182,854,0,0,0,0,1,4,12,12,8,20,10,17,11,7,9,18,8,27,7172,164,1,0,0,0,0,0,0
2021-01-26T23:59:59+01:00,0,0,88,93,229,385,260,765,328,1235,477,891,252,218,222,421,182,846,0,0,0,0,1,4,12,12,8,20,10,17,11,7,9,18,8,27,6891,164,1,0,0,0,0,0,0
2021-01-25T23:59:59+01:00,0,0,85,88,227,365,247,745,314,1202,459,866,235,211,211,399,177,790,0,0,0,0,1,4,12,10,7,13,7,13,11,7,9,18,8,27,6621,147,0,0,0,0,0,0,0
2021-01-24T23:59:59+01:00,0,0,85,86,223,361,246,740,311,1189,457,851,234,209,211,388,177,779,0,0,0,0,1,4,11,10,7,13,7,13,11,7,9,18,8,27,6547,146,0,0,0,0,0,0,0
2021-01-23T23:59:59+01:00,0,0,85,86,223,361,246,740,311,1189,457,851,234,209,211,388,177,779,0,0,0,0,1,4,11,10,7,13,7,13,11,7,9,18,8,27,6547,146,0,0,0,0,0,0,0
2021-01-22T23:59:59+01:00,0,0,85,85,221,358,246,737,308,1185,453,848,232,208,211,387,177,779,0,0,0,0,1,4,11,10,7,13,7,13,11,7,9,18,8,27,6520,146,0,0,0,0,0,0,0
2021-01-21T23:59:59+01:00,0,0,85,82,208,328,236,693,283,1136,438,814,231,204,210,381,176,776,0,0,0,0,1,2,9,9,6,12,6,11,11,7,9,18,8,27,6281,136,0,0,0,0,0,0,0
2021-01-20T23:59:59+01:00,0,0,79,77,193,305,224,627,269,1043,409,754,222,192,195,350,162,724,0,0,0,0,1,2,9,9,6,12,6,11,11,7,9,18,8,27,5825,136,0,0,0,0,0,0,0
2021-01-19T23:59:59+01:00,0,0,71,67,154,256,204,564,243,920,369,645,201,166,169,308,148,634,0,0,0,0,1,2,3,7,6,11,4,9,8,6,9,18,8,27,5119,119,0,0,0,0,0,0,0
2021-01-18T23:59:59+01:00,0,0,59,59,131,213,183,461,216,762,329,552,182,145,144,257,126,545,0,0,0,0,0,1,2,4,3,6,2,7,7,6,9,18,8,25,4364,98,0,0,0,0,0,0,0
2021-01-17T23:59:59+01:00,0,0,40,47,107,183,168,402,200,678,305,497,173,138,131,239,109,485,0,0,0,0,0,0,2,4,2,6,2,5,4,4,7,14,6,23,3902,79,0,0,0,0,0,0,0
2021-01-16T23:59:59+01:00,0,0,33,44,107,180,158,385,185,658,274,476,157,133,130,233,108,473,0,0,0,0,0,0,0,0,0,0,0,0,0,0,0,0,0,0,3734,0,0,0,0,0,0,0,0
2021-01-15T23:59:59+01:00,0,0,31,40,104,175,147,371,179,628,255,454,152,124,126,227,99,455,0,0,0,0,0,0,0,0,0,0,0,0,0,0,0,0,0,0,3567,0,0,0,0,0,0,0,0
2021-01-14T23:59:59+01:00,0,0,13,23,50,76,85,174,115,290,150,264,124,105,112,207,87,410,0,0,0,0,0,0,0,0,0,0,0,0,0,0,0,0,0,0,2285,0,0,0,0,0,0,0,0
2021-01-13T23:59:59+01:00,0,0,12,20,40,65,77,139,93,260,125,227,95,83,92,166,68,328,0,0,0,0,0,0,0,0,0,0,0,0,0,0,0,0,0,0,1890,0,0,0,0,0,0,0,0
2021-01-12T23:59:59+01:00,0,0,12,15,36,61,64,115,78,211,96,173,62,55,62,100,40,192,0,0,0,0,0,0,0,0,0,0,0,0,0,0,0,0,0,0,1372,0,0,0,0,0,0,0,0
2021-01-11T23:59:59+01:00,0,0,4,10,25,43,40,83,57,143,59,86,33,30,27,43,19,84,0,0,0,0,0,0,0,0,0,0,0,0,0,0,0,0,0,0,786,0,0,0,0,0,0,0,0
2021-01-10T23:59:59+01:00,0,0,3,6,18,31,35,58,38,96,38,54,16,10,10,22,13,37,0,0,0,0,0,0,0,0,0,0,0,0,0,0,0,0,0,0,485,0,0,0,0,0,0,0,0
2021-01-09T23:59:59+01:00,0,0,3,6,17,27,34,54,33,86,36,53,16,10,10,22,13,37,0,0,0,0,0,0,0,0,0,0,0,0,0,0,0,0,0,0,457,0,0,0,0,0,0,0,0
2021-01-08T23:59:59+01:00,0,0,3,6,14,26,30,44,27,77,32,49,15,10,9,20,12,36,0,0,0,0,0,0,0,0,0,0,0,0,0,0,0,0,0,0,410,0,0,0,0,0,0,0,0
2021-01-07T23:59:59+01:00,0,0,1,4,2,9,16,14,14,28,13,24,12,8,9,18,9,29,0,0,0,0,0,0,0,0,0,0,0,0,0,0,0,0,0,0,210,0,0,0,0,0,0,0,0
2021-01-06T23:59:59+01:00,0,0,1,0,2,4,14,12,9,22,11,19,12,8,9,18,9,29,0,0,0,0,0,0,0,0,0,0,0,0,0,0,0,0,0,0,179,0,0,0,0,0,0,0,0
2021-01-05T23:59:59+01:00,0,0,0,0,1,4,13,12,8,20,10,19,11,8,9,18,9,29,0,0,0,0,0,0,0,0,0,0,0,0,0,0,0,0,0,0,171,0,0,0,0,0,0,0,0
2021-01-04T23:59:59+01:00,0,0,0,0,1,4,13,11,7,16,8,17,11,8,9,18,9,29,0,0,0,0,0,0,0,0,0,0,0,0,0,0,0,0,0,0,161,0,0,0,0,0,0,0,0
2021-01-03T23:59:59+01:00,0,0,0,0,1,4,12,10,7,13,6,14,11,8,9,18,9,29,0,0,0,0,0,0,0,0,0,0,0,0,0,0,0,0,0,0,151,0,0,0,0,0,0,0,0
2021-01-02T23:59:59+01:00,0,0,0,0,1,4,12,10,7,13,6,14,11,8,9,18,9,29,0,0,0,0,0,0,0,0,0,0,0,0,0,0,0,0,0,0,151,0,0,0,0,0,0,0,0
2021-01-01T23:59:59+01:00,0,0,0,0,1,4,12,10,7,13,6,14,11,8,9,18,9,29,0,0,0,0,0,0,0,0,0,0,0,0,0,0,0,0,0,0,151,0,0,0,0,0,0,0,0
2020-12-31T23:59:59+01:00,0,0,0,0,1,4,12,10,7,13,6,14,11,8,9,18,9,29,0,0,0,0,0,0,0,0,0,0,0,0,0,0,0,0,0,0,151,0,0,0,0,0,0,0,0
2020-12-30T23:59:59+01:00,0,0,0,0,1,4,12,10,7,13,6,14,11,8,9,18,9,29,0,0,0,0,0,0,0,0,0,0,0,0,0,0,0,0,0,0,151,0,0,0,0,0,0,0,0
2020-12-29T23:59:59+01:00,0,0,0,0,1,4,8,9,7,13,4,12,11,8,9,18,9,29,0,0,0,0,0,0,0,0,0,0,0,0,0,0,0,0,0,0,142,0,0,0,0,0,0,0,0
2020-12-28T23:59:59+01:00,0,0,0,0,1,1,5,7,7,7,2,9,11,8,9,18,9,29,0,0,0,0,0,0,0,0,0,0,0,0,0,0,0,0,0,0,123,0,0,0,0,0,0,0,0
2020-12-27T23:59:59+01:00,0,0,0,0,0,0,2,4,2,6,1,6,5,6,8,15,8,26,0,0,0,0,0,0,0,0,0,0,0,0,0,0,0,0,0,0,89,0,0,0,0,0,0,0,0
