Datum,<15_m,<15_w,15-24_1_m,15-24_1_w,25-34_1_m,25-34_1_w,35-44_1_m,35-44_1_w,45-54_1_m,45-54_1_w,55-64_1_m,55-64_1_w,65-74_1_m,65-74_1_w,75-84_1_m,75-84_1_w,>84_1_m,>84_1_w,<24_2_m,<24_2_w,25-34_2_m,25-34_2_w,35-44_2_m,35-44_2_w,45-54_2_m,45-54_2_w,55-64_2_m,55-64_2_w,65-74_2_m,65-74_2_w,75-84_2_m,75-84_2_w,>84_2_m,>84_2_w,bp_1,bp_2,mo_1,mo_2,az_1,az_2,ja,unb_1,unb_2
2021-08-11T23:59:59+02:00,1289,1151,8831,8383,10099,9373,12586,13017,16715,17131,19990,20107,16071,16777,8925,10886,2810,5403,6889,6635,8955,8236,11423,11796,15579,16013,19050,19159,15608,16277,8705,10552,2754,5263,143565,130657,19679,18103,27853,26821,8438,9,6
2021-08-10T23:59:59+02:00,1288,1151,8827,8381,10094,9368,12584,13013,16714,17129,19990,20102,16070,16775,8925,10885,2810,5403,6844,6591,8924,8221,11404,11775,15554,16001,19044,19149,15606,16275,8705,10550,2754,5263,143539,130416,19679,18099,27853,26815,8429,9,6
2021-08-09T23:59:59+02:00,1288,1149,8820,8380,10089,9362,12583,13012,16709,17128,19985,20102,16069,16775,8924,10885,2810,5403,6827,6569,8904,8205,11392,11765,15540,15990,19038,19145,15604,16274,8703,10549,2754,5263,143517,130291,19679,18095,27851,26806,8417,9,6
2021-08-08T23:59:59+02:00,1288,1148,8817,8374,10087,9358,12574,13009,16704,17124,19983,20099,16067,16772,8923,10884,2809,5402,6824,6557,8887,8197,11376,11758,15533,15983,19036,19142,15601,16271,8702,10548,2753,5262,143506,130245,19678,18088,27851,26803,8378,9,6
2021-08-07T23:59:59+02:00,1288,1140,8808,8366,10076,9351,12572,13003,16697,17120,19977,20094,16063,16767,8921,10884,2808,5402,6175,5992,8616,7974,11108,11527,15335,15810,18952,19066,15581,16247,8695,10541,2750,5261,143459,127175,19677,18076,27851,26802,8341,9,6
2021-08-06T23:59:59+02:00,1282,1139,8799,8354,10062,9339,12552,12986,16680,17108,19960,20081,16056,16759,8921,10881,2808,5401,6163,5977,8601,7959,11084,11508,15314,15794,18935,19054,15574,16240,8695,10538,2750,5260,143421,127125,19675,18070,27851,26800,8212,9,6
2021-08-05T23:59:59+02:00,1279,1137,8793,8347,10053,9330,12541,12979,16674,17105,19953,20078,16055,16759,8921,10880,2808,5401,5887,5750,8272,7672,10736,11244,15004,15565,18693,18895,15557,16218,8685,10531,2749,5259,143379,127044,19671,15473,27847,26769,8187,9,6
2021-08-04T23:59:59+02:00,1278,1134,8787,8344,10048,9327,12534,12975,16669,17103,19951,20075,16054,16759,8920,10879,2808,5400,5874,5744,8244,7661,10717,11233,14989,15558,18688,18890,15555,16215,8684,10531,2748,5259,143348,126950,19670,15465,27846,26754,8172,9,6
2021-08-03T23:59:59+02:00,1271,1131,8783,8334,10043,9323,12529,12972,16664,17101,19946,20073,16052,16759,8919,10877,2808,5399,5762,5631,8151,7592,10600,11155,14941,15506,18660,18876,15551,16213,8683,10529,2746,5258,143304,126228,19668,15457,27846,26725,8157,9,6
2021-08-02T23:59:59+02:00,1265,1125,8770,8326,10035,9316,12524,12966,16659,17092,19939,20070,16050,16756,8917,10874,2807,5398,5594,5473,8020,7487,10476,11040,14871,15427,18628,18851,15543,16204,8677,10529,2746,5258,143225,125172,19662,15454,27845,26695,8148,9,6
2021-08-01T23:59:59+02:00,1264,1124,8764,8317,10028,9309,12518,12964,16655,17090,19934,20069,16050,16756,8916,10872,2807,5398,5535,5416,7969,7438,10414,10989,14837,15402,18615,18834,15541,16202,8675,10526,2746,5256,143182,124738,19659,15451,27844,26674,8141,9,6
2021-07-31T23:59:59+02:00,1264,1124,8763,8314,10028,9308,12516,12964,16654,17090,19933,20067,16050,16756,8916,10871,2807,5398,5510,5396,7953,7426,10399,10976,14824,15396,18612,18831,15540,16201,8675,10526,2746,5256,143179,124613,19658,15448,27844,26673,8133,9,6
2021-07-30T23:59:59+02:00,1133,1006,8535,8086,9935,9190,12435,12880,16576,17019,19874,20000,16018,16717,8910,10854,2806,5395,5219,5119,7815,7284,10212,10786,14687,15233,18549,18775,15515,16174,8662,10513,2742,5253,141733,122796,19656,15442,27844,26655,8127,9,6
2021-07-29T23:59:59+02:00,1126,998,8406,7997,9776,9093,12285,12779,16431,16926,19712,19890,15933,16650,8885,10835,2805,5388,4922,4888,7536,7091,9934,10584,14440,15061,18355,18658,15430,16101,8635,10492,2741,5243,141619,121694,19653,15400,27844,26629,6790,9,6
2021-07-28T23:59:59+02:00,1115,985,8377,7961,9762,9080,12264,12765,16414,16904,19694,19880,15926,16637,8878,10831,2805,5386,4502,4457,7218,6840,9617,10286,14205,14879,18298,18617,15415,16090,8630,10481,2741,5233,141384,119048,19651,15346,27842,26567,6778,9,6
2021-07-27T23:59:59+02:00,1105,977,8354,7946,9750,9073,12253,12756,16405,16899,19687,19867,15924,16631,8876,10828,2804,5384,4267,4209,6988,6641,9370,10011,14044,14720,18247,18554,15366,16044,8613,10465,2738,5227,141247,117035,19648,15345,27842,26544,6773,9,6
2021-07-26T23:59:59+02:00,1101,974,8340,7934,9743,9068,12247,12751,16398,16892,19680,19866,15921,16626,8874,10824,2803,5379,4159,4098,6886,6532,9245,9887,13963,14641,18202,18521,15355,16033,8603,10457,2735,5225,141169,116137,19644,15336,27832,26486,6767,9,6
2021-07-25T23:59:59+02:00,1100,973,8334,7930,9730,9064,12237,12748,16393,16886,19677,19865,15919,16626,8874,10824,2803,5379,4110,4045,6810,6481,9174,9833,13927,14608,18178,18507,15337,16020,8597,10451,2735,5223,141144,115694,19641,15320,27831,26465,6737,9,6
2021-07-24T23:59:59+02:00,1098,969,8245,7868,9656,8986,12170,12672,16327,16832,19637,19826,15898,16612,8871,10814,2803,5379,4067,4005,6752,6433,9097,9779,13865,14543,18146,18481,15326,16010,8589,10447,2735,5223,141125,115445,18983,15046,27831,26463,6715,9,6
2021-07-23T23:59:59+02:00,1071,944,8134,7780,9618,8952,12136,12643,16282,16798,19608,19807,15892,16606,8868,10810,2803,5379,3778,3720,6491,6222,8821,9496,13632,14372,18070,18425,15285,15967,8572,10428,2733,5217,140635,113220,18983,15022,27831,26457,6673,9,6
2021-07-22T23:59:59+02:00,981,858,7919,7551,9515,8863,12018,12548,16193,16711,19536,19723,15846,16566,8860,10795,2802,5373,3651,3593,6337,6131,8668,9367,13470,14231,17997,18358,15262,15943,8565,10419,2733,5216,139194,112077,18982,14949,27813,26364,6660,9,6
2021-07-21T23:59:59+02:00,961,844,7888,7511,9499,8852,11995,12525,16169,16695,19512,19702,15835,16559,8860,10790,2802,5373,3344,3323,5994,5874,8274,8985,13203,13997,17857,18232,15171,15862,8533,10389,2730,5204,138938,109275,18980,14878,27808,26265,6637,9,6
2021-07-20T23:59:59+02:00,960,843,7880,7506,9491,8849,11990,12523,16161,16694,19507,19698,15834,16558,8860,10789,2802,5373,3271,3270,5935,5820,8215,8924,13118,13953,17825,18218,15171,15862,8533,10387,2730,5204,138900,108887,18979,14863,27805,26133,6625,9,6
2021-07-19T23:59:59+02:00,959,843,7875,7506,9487,8843,11985,12521,16156,16688,19505,19698,15833,16555,8860,10787,2802,5372,3221,3235,5888,5781,8158,8880,13062,13927,17779,18206,15171,15860,8533,10385,2730,5203,138871,108621,18978,14847,27805,26008,6612,9,6
2021-07-18T23:59:59+02:00,958,842,7865,7497,9480,8837,11977,12517,16150,16683,19503,19697,15832,16553,8860,10787,2802,5372,3202,3219,5848,5749,8124,8852,13024,13911,17767,18203,15171,15859,8533,10385,2730,5202,138826,108436,18976,14814,27803,25999,6598,9,6
2021-07-17T23:59:59+02:00,842,723,7542,7206,9328,8668,11801,12357,16023,16544,19407,19602,15811,16532,8852,10774,2802,5369,3101,3112,5736,5656,7990,8697,12886,13787,17672,18127,15161,15840,8530,10378,2730,5202,136821,107266,18974,14810,27803,25994,6582,3,5
2021-07-16T23:59:59+02:00,685,571,7148,6883,9139,8513,11610,12147,15819,16368,19267,19475,15782,16495,8843,10760,2801,5367,3039,3053,5662,5592,7878,8595,12769,13653,17597,18053,15138,15825,8526,10376,2729,5202,134348,106385,18974,14805,27802,25988,6546,3,5
2021-07-15T23:59:59+02:00,683,571,7135,6875,9135,8512,11600,12143,15809,16361,19263,19469,15780,16493,8839,10758,2800,5358,3001,3018,5595,5551,7789,8544,12696,13613,17567,18032,15115,15811,8518,10369,2728,5193,134310,106157,18972,14650,27797,25867,6502,3,5
2021-07-14T23:59:59+02:00,681,570,7126,6867,9131,8510,11595,12139,15803,16358,19258,19464,15778,16490,8836,10755,2799,5354,2978,3006,5554,5520,7754,8522,12664,13597,17550,18021,15108,15808,8515,10365,2728,5189,134278,106006,18971,14617,27797,25827,6465,3,5
2021-07-13T23:59:59+02:00,676,567,7102,6850,9120,8494,11586,12125,15792,16340,19250,19457,15769,16486,8832,10745,2794,5346,2920,2955,5490,5453,7595,8388,12412,13380,17395,17894,15090,15797,8503,10352,2723,5178,134156,104794,18971,14565,27794,25792,6407,3,5
2021-07-12T23:59:59+02:00,670,560,7090,6835,9111,8483,11575,12116,15788,16329,19238,19453,15767,16482,8830,10745,2794,5343,2862,2902,5408,5378,7448,8274,12164,13169,17216,17750,15080,15792,8499,10345,2722,5178,134047,103561,18969,14514,27791,25743,6399,3,5
2021-07-11T23:59:59+02:00,669,559,7082,6832,9102,8474,11569,12108,15778,16326,19233,19448,15767,16479,8829,10743,2794,5343,2831,2867,5332,5302,7351,8187,12001,13014,17089,17618,15073,15781,8498,10342,2722,5178,134005,102678,18965,14464,27791,25702,6371,3,5
2021-07-10T23:59:59+02:00,496,402,6515,6286,8875,8290,11329,11914,15621,16195,19178,19399,15759,16469,8825,10738,2793,5342,2801,2834,5281,5260,7270,8107,11900,12917,17011,17551,15057,15766,8495,10332,2719,5176,131312,101990,18965,14462,27791,25693,6355,3,5
2021-07-09T23:59:59+02:00,485,395,6456,6258,8849,8253,11289,11885,15594,16182,19165,19383,15758,16466,8825,10735,2793,5342,2745,2768,5198,5192,7092,7931,11492,12619,16718,17347,15038,15739,8488,10327,2718,5174,131220,100974,18754,13608,27790,25679,6346,3,5
2021-07-08T23:59:59+02:00,480,393,6138,5995,8475,7962,10909,11576,15258,15936,18905,19211,15736,16442,8816,10728,2790,5341,2683,2718,5118,5118,6953,7841,11293,12476,16572,17224,15031,15731,8488,10325,2718,5173,131133,100119,15852,13442,27787,25605,6316,3,5
2021-07-07T23:59:59+02:00,478,389,6123,5982,8452,7946,10895,11560,15247,15926,18904,19206,15734,16439,8815,10726,2790,5339,2635,2663,5029,5060,6817,7748,11061,12295,16412,17092,15023,15725,8484,10320,2718,5173,131023,99099,15844,13323,27785,25557,6296,3,5
2021-07-06T23:59:59+02:00,452,368,6023,5889,8371,7880,10820,11491,15213,15886,18881,19190,15727,16429,8812,10724,2787,5337,2566,2593,4890,4947,6630,7615,10671,11885,16042,16719,14998,15692,8476,10313,2717,5169,130408,96950,15836,13240,27780,25497,6253,3,5
2021-07-05T23:59:59+02:00,411,334,5844,5717,8254,7784,10708,11376,15153,15819,18850,19158,15721,16421,8808,10719,2784,5336,2512,2518,4792,4850,6499,7479,10322,11570,15768,16415,14968,15662,8468,10298,2717,5164,129358,95167,15832,13176,27777,25443,6227,3,5
2021-07-04T23:59:59+02:00,391,304,5770,5639,8197,7729,10641,11320,15122,15787,18836,19139,15715,16418,8807,10717,2784,5334,2494,2487,4731,4804,6440,7429,10186,11461,15666,16343,14964,15656,8466,10297,2716,5164,128855,94602,15825,13109,27772,25408,6195,3,5
2021-07-03T23:59:59+02:00,386,302,5752,5631,8188,7720,10630,11317,15115,15781,18833,19137,15714,16418,8807,10717,2784,5334,2459,2456,4636,4775,6333,7404,10128,11417,15562,16257,14288,14949,8447,10272,2716,5164,128789,94489,15823,13107,27771,23496,6180,3,5
2021-07-02T23:59:59+02:00,342,264,5564,5480,8114,7645,10530,11220,15050,15725,18814,19131,15710,16414,8802,10715,2782,5331,2412,2408,4483,4697,6150,7330,9975,11263,15372,16054,13500,14032,8439,10257,2716,5163,127870,93929,15821,13064,27770,21098,6169,3,5
2021-07-01T23:59:59+02:00,281,210,5347,5300,7986,7534,10392,11095,14921,15629,18770,19106,15702,16407,8797,10709,2782,5330,2294,2287,4307,4525,5915,7081,9197,10582,14744,15584,13475,14004,8434,10253,2712,5161,126583,90447,15811,12969,27769,21014,6132,3,5
2021-06-30T23:59:59+02:00,151,121,4865,4824,7644,7259,10043,10757,14694,15451,18712,19062,15691,16396,8793,10701,2782,5327,2257,2241,4222,4456,5804,6986,9028,10461,14655,15508,13461,13996,8431,10250,2712,5159,123596,89857,15805,12795,27769,20882,6100,3,5
2021-06-29T23:59:59+02:00,115,100,4581,4542,7395,7041,9753,10458,14495,15261,18650,19001,15639,16346,8774,10686,2781,5322,2191,2159,4082,4319,5599,6808,8804,10235,14364,15286,13413,13947,8419,10226,2710,5146,121531,88423,15802,12643,27767,20810,5837,3,5
2021-06-28T23:59:59+02:00,99,79,4445,4397,7290,6930,9632,10329,14404,15154,18605,18959,15623,16330,8760,10675,2778,5320,2106,2033,3899,4114,5319,6466,8421,9727,13837,14751,13296,13858,8401,10202,2707,5134,120512,85232,15793,12561,27764,20745,5737,3,3
2021-06-27T23:59:59+02:00,94,77,4393,4348,7231,6874,9570,10275,14372,15121,18585,18942,15606,16318,8753,10668,2777,5315,2052,1998,3835,4068,5208,6353,8253,9599,13663,14641,13270,13839,8393,10193,2704,5132,120146,84445,15790,12527,27762,20614,5618,3,3
2021-06-26T23:59:59+02:00,81,75,4350,4320,7200,6847,9552,10254,14353,15106,18573,18929,15602,16311,8753,10668,2777,5315,1976,1906,3646,3909,4994,6096,7887,9144,13313,14344,13190,13782,8373,10165,2699,5123,119907,81806,15786,12527,27762,20609,5608,3,3
2021-06-25T23:59:59+02:00,69,62,4038,3993,6932,6608,9261,9961,14130,14919,18490,18873,15556,16265,8734,10649,2775,5308,1911,1822,3484,3791,4802,5866,7563,8730,13005,14009,13140,13726,8360,10141,2693,5117,117503,79466,15758,12496,27762,20604,5597,3,3
2021-06-24T23:59:59+02:00,62,55,3945,3901,6834,6522,9162,9869,14031,14834,18461,18839,15541,16249,8728,10642,2775,5307,1843,1746,3371,3695,4603,5724,7345,8536,12755,13812,12308,12800,8180,9876,2693,5116,116771,78261,15748,12391,27759,18278,5476,3,3
2021-06-23T23:59:59+02:00,49,50,3538,3523,6381,6173,8631,9359,13695,14532,18326,18703,15437,16157,8684,10606,2772,5293,1706,1571,3118,3494,4191,5400,6405,7828,12019,13113,12286,12788,8170,9869,2693,5112,113832,77641,15499,9078,27758,18230,4817,3,3
2021-06-22T23:59:59+02:00,40,42,3466,3452,6305,6114,8528,9282,13643,14487,18293,18686,15426,16150,8683,10601,2772,5290,1666,1517,3015,3393,4050,5251,6153,7645,11419,12411,12196,12696,8153,9836,2689,5104,113209,75330,15495,8997,27756,18073,4797,3,3
2021-06-21T23:59:59+02:00,34,39,3396,3391,6211,6060,8468,9210,13584,14443,18260,18665,15423,16148,8677,10598,2772,5289,1629,1466,2924,3296,3926,5101,5958,7420,10661,11491,11815,12245,7094,8616,2683,5098,112693,72678,15488,8896,27745,15112,4739,3,3
2021-06-20T23:59:59+02:00,34,38,3370,3369,6164,6028,8423,9180,13556,14428,18249,18661,15422,16148,8677,10598,2772,5289,1610,1449,2888,3270,3875,5064,5905,7397,10576,11418,11795,12226,7092,8609,2682,5098,112518,72367,15472,8820,27745,15100,4668,3,3
2021-06-19T23:59:59+02:00,32,36,3343,3346,6135,6008,8394,9161,13532,14422,18243,18656,15422,16147,8677,10598,2772,5289,1606,1437,2883,3261,3868,5059,5891,7392,10565,11411,11795,12226,7092,8608,2682,5098,112330,72289,15467,8820,27745,15098,4668,3,3
2021-06-18T23:59:59+02:00,28,31,3302,3304,6059,5969,8326,9107,13486,14391,18220,18645,15421,16145,8676,10597,2772,5289,1534,1344,2749,3086,3686,4784,5500,7017,9086,9855,11630,12058,7051,8558,2670,5080,111948,67151,15440,8819,27745,15087,4632,3,3
2021-06-17T23:59:59+02:00,26,28,3238,3253,5993,5931,8253,9054,13415,14346,18197,18634,15419,16140,8675,10594,2772,5286,1404,1251,2560,2874,3425,4497,5143,6628,8420,9129,11348,11817,7010,8501,2666,5077,111581,63470,15411,8703,27742,15061,4517,3,3
2021-06-16T23:59:59+02:00,26,25,3185,3192,5881,5866,8135,8960,13288,14260,18131,18599,15413,16131,8675,10591,2772,5286,1307,1195,2419,2766,3242,4340,4859,6357,7345,7840,11258,11710,6981,8464,2653,5059,110946,59718,15337,8657,27739,15030,4391,3,3
2021-06-15T23:59:59+02:00,21,24,3088,3110,5764,5777,7947,8783,13028,14040,17980,18473,15398,16120,8667,10585,2772,5284,1269,1163,2347,2710,3135,4266,4657,6232,7033,7589,10763,11150,6948,8429,2645,5046,109530,57474,15309,8625,27731,14997,4288,3,2
2021-06-14T23:59:59+02:00,20,22,3015,3039,5686,5720,7806,8664,12739,13804,17796,18301,15382,16106,8660,10580,2771,5283,1242,1135,2281,2654,3010,4170,4459,6093,6696,7288,10236,10541,6917,8392,2641,5037,108152,55114,15301,8520,27727,14950,4211,3,1
2021-06-13T23:59:59+02:00,20,22,2997,3007,5620,5682,7743,8598,12600,13668,17691,18179,15376,16097,8659,10577,2770,5283,1232,1123,2250,2640,2974,4159,4415,6073,6664,7272,10232,10534,6917,8391,2641,5037,107416,54974,15290,8514,27722,14911,4158,3,1
2021-06-12T23:59:59+02:00,18,22,2968,2989,5592,5657,7712,8580,12580,13650,17682,18176,15375,16096,8659,10577,2770,5283,1175,1061,2160,2565,2878,4024,4273,5942,6554,7187,10150,10456,6319,7665,2641,5037,107217,54859,15288,8514,27722,12561,4156,3,1
2021-06-11T23:59:59+02:00,18,19,2891,2913,5523,5592,7529,8394,12170,13344,17403,17973,15359,16071,8653,10569,2768,5281,1153,1044,2105,2525,2813,3976,4190,5880,6448,7100,10048,10343,6306,7659,2639,5031,106202,54337,14399,8256,27721,12525,4145,3,1
2021-06-10T23:59:59+02:00,14,17,2835,2871,5424,5541,7396,8313,11985,13205,17266,17856,15354,16067,8653,10568,2767,5280,1114,1018,2031,2459,2711,3899,4021,5751,6207,6888,9798,10076,6286,7631,2633,5025,105286,52780,14324,8253,27716,12435,4083,3,1
2021-06-09T23:59:59+02:00,13,15,2759,2802,5300,5447,7174,8141,11708,12963,17079,17709,15343,16053,8649,10559,2767,5277,1057,956,1900,2341,2507,3717,3693,5466,5591,6383,8979,9175,6229,7555,2619,4990,104083,48790,14173,8236,27707,12343,3792,3,1
2021-06-08T23:59:59+02:00,10,11,2662,2699,5167,5320,6978,7958,11274,12536,16702,17321,15324,16026,8638,10553,2766,5272,1020,928,1833,2277,2401,3644,3550,5400,5443,6254,8947,9156,6227,7545,2617,4986,101880,48285,14146,8187,27705,12276,3483,3,1
2021-06-07T23:59:59+02:00,8,10,2534,2601,4976,5191,6770,7795,10797,12177,16359,17027,15298,15998,8632,10536,2765,5268,949,891,1706,2223,2262,3562,3297,5311,5089,5970,8398,8532,6173,7486,2613,4977,99949,46074,14103,8173,27696,12204,2991,3,1
2021-06-06T23:59:59+02:00,8,8,2499,2577,4915,5132,6683,7739,10660,12067,16267,16963,15295,15994,8632,10536,2763,5267,933,881,1677,2204,2220,3535,3231,5287,5041,5946,8393,8531,6168,7479,2613,4976,99363,45920,14051,8164,27690,12136,2898,3,1
2021-06-05T23:59:59+02:00,7,7,2486,2555,4886,5105,6645,7712,10629,12040,16258,16957,15295,15994,8632,10536,2763,5267,917,866,1645,2177,2181,3483,3129,5205,4687,5620,7795,7830,6140,7426,2612,4974,99138,43543,14051,8159,27688,12094,2894,3,1
2021-06-04T23:59:59+02:00,6,6,2456,2527,4841,5060,6596,7661,10541,11937,16206,16894,15291,15987,8632,10535,2762,5266,905,849,1623,2158,2142,3447,3077,5146,4525,5432,7493,7463,6104,7384,2610,4968,98610,42267,14046,8157,27688,12048,2857,3,1
2021-06-03T23:59:59+02:00,6,6,2351,2396,4689,4889,6390,7413,9841,11303,15616,16446,15280,15978,8629,10530,2761,5265,888,819,1582,2098,2093,3368,2989,5037,4381,5267,7335,7274,6092,7357,2610,4964,95275,41224,14007,8147,27683,11965,2821,3,1
2021-06-02T23:59:59+02:00,6,6,2334,2371,4646,4856,6334,7374,9741,11214,15558,16393,15272,15974,8628,10526,2761,5264,875,807,1564,2075,2041,3332,2904,4951,4020,4878,6778,6638,6049,7301,2606,4954,94750,38893,14005,8143,27683,11922,2817,3,1
2021-06-01T23:59:59+02:00,6,5,2272,2330,4527,4767,6170,7263,9553,11067,15451,16317,15269,15970,8624,10522,2760,5259,843,781,1500,2025,1928,3270,2748,4860,3817,4751,6567,6408,6027,7283,2600,4947,93888,37811,13956,8121,27671,11810,2614,3,1
2021-05-31T23:59:59+02:00,2,5,2222,2271,4428,4674,6029,7137,9367,10923,15366,16263,15261,15963,8621,10522,2760,5259,820,745,1443,1966,1860,3222,2574,4807,3687,4699,6210,5993,6004,7262,2597,4939,93170,36636,13870,8115,27662,11710,2368,3,1
2021-05-30T23:59:59+02:00,2,5,2197,2249,4371,4613,5940,7077,9292,10861,15329,16244,15260,15961,8621,10522,2760,5259,808,734,1421,1945,1810,3198,2441,4772,3582,4681,6208,5991,6004,7262,2597,4939,92725,36321,13830,8093,27652,11627,2353,3,1
2021-05-29T23:59:59+02:00,2,5,2180,2234,4353,4602,5923,7061,9278,10848,15324,16241,15259,15961,8621,10522,2760,5259,789,681,1327,1687,1677,2838,2241,4224,3304,4254,6118,5897,5892,7129,2596,4939,92599,36271,13827,8088,27651,8882,2353,3,1
2021-05-28T23:59:59+02:00,2,5,2160,2211,4315,4557,5879,7016,9202,10778,15257,16189,15255,15959,8621,10522,2760,5258,770,591,1249,1436,1578,2437,2062,3534,3040,3658,5480,5157,5810,7038,2592,4926,92128,34973,13814,8088,27649,5946,2352,3,1
2021-05-27T23:59:59+02:00,2,5,2117,2173,4230,4490,5755,6942,9047,10678,15160,16106,15253,15958,8621,10521,2760,5258,741,556,1215,1355,1536,2299,1995,3392,2928,3538,5045,4672,5777,6999,2581,4897,91447,33850,13665,8079,27625,5262,2336,3,1
2021-05-26T23:59:59+02:00,2,5,2048,2055,4033,4345,5413,6680,8080,9936,14403,15401,15241,15952,8617,10515,2758,5256,730,540,1189,1297,1491,2244,1938,3281,2775,3392,3740,3295,5718,6926,2558,4840,90673,30583,10144,8064,27610,4998,2310,3,1
2021-05-25T23:59:59+02:00,2,5,2007,2016,3950,4278,5317,6614,7945,9829,14030,14968,15193,15915,8610,10500,2756,5252,721,530,1159,1262,1469,2221,1918,3254,2750,3367,3734,3285,5711,6923,2556,4839,89335,30497,9996,8055,27593,4888,2260,3,1
2021-05-24T23:59:59+02:00,2,5,1981,1971,3862,4204,5212,6532,7820,9705,13518,14354,15142,15847,8603,10486,2755,5247,715,523,1139,1251,1439,2208,1897,3236,2725,3345,3718,3267,5689,6899,2549,4823,87543,30370,9917,8004,27582,4849,2201,3,1
2021-05-23T23:59:59+02:00,2,5,1972,1958,3843,4181,5194,6519,7768,9674,13444,14291,15131,15843,8601,10485,2754,5247,708,511,1127,1238,1413,2182,1838,3200,2615,3245,3310,2834,5047,6089,2535,4778,87309,30199,9817,5443,27582,4828,2201,3,1
2021-05-22T23:59:59+02:00,2,5,1807,1916,3541,4131,4791,6475,7510,9618,13319,14212,15125,15842,8601,10484,2754,5247,548,480,834,1196,1035,2146,1597,3147,2501,3170,3306,2832,5047,6088,2535,4778,87159,30187,9817,5442,27580,4791,821,3,1
2021-05-21T23:59:59+02:00,2,4,1721,1807,3387,3939,4602,6180,7113,9252,12032,12871,14974,15694,8564,10437,2745,5236,545,468,824,1194,1033,2139,1562,3117,2424,3093,3133,2695,5021,6045,2532,4763,82387,29554,9777,5442,27574,4773,819,3,1
2021-05-20T23:59:59+02:00,2,4,1683,1771,3296,3888,4495,6099,6938,9173,11821,12644,14954,15676,8561,10430,2744,5235,525,455,784,1148,977,2075,1444,3046,2297,2996,2945,2526,4980,5969,2524,4748,81558,28812,9674,5427,27518,4538,662,2,1
2021-05-19T23:59:59+02:00,2,4,1660,1745,3239,3832,4401,6035,6823,9111,11589,12385,14942,15666,8559,10429,2744,5234,517,443,768,1111,959,2006,1333,2899,1970,2703,2383,2029,4875,5852,2503,4701,80749,26743,9534,5411,27491,4274,624,2,1
2021-05-18T23:59:59+02:00,2,4,1598,1711,3151,3742,4289,5932,6664,8952,11302,12131,14897,15618,8547,10406,2742,5224,514,431,753,1096,941,1989,1249,2833,1691,2481,1941,1683,4803,5769,2482,4658,79656,25202,9332,5401,27422,4211,500,2,1
2021-05-17T23:59:59+02:00,2,4,1549,1630,3021,3585,4083,5653,6317,8495,10756,11580,14789,15527,8528,10381,2737,5214,512,423,747,1089,923,1984,1225,2809,1663,2442,1924,1664,4796,5762,2479,4655,76768,25137,9297,5387,27397,4186,387,2,1
2021-05-16T23:59:59+02:00,2,4,1530,1608,2968,3545,3987,5566,6168,8359,10580,11447,14763,15505,8521,10373,2736,5212,505,417,724,1074,893,1968,1197,2781,1630,2418,1917,1655,4794,5758,2476,4653,76024,25108,9240,5369,27366,4141,242,2,1
2021-05-15T23:59:59+02:00,2,4,1443,1511,2757,3378,3758,5288,5807,7887,10228,11150,14678,15443,8502,10344,2730,5203,505,415,720,1072,893,1964,1192,2780,1625,2414,1905,1643,4788,5752,2476,4651,73271,25049,9240,5369,27359,4136,241,2,1
2021-05-14T23:59:59+02:00,2,4,1409,1449,2646,3282,3606,5131,5609,7598,10010,10898,14643,15405,8489,10321,2727,5199,456,374,649,906,821,1678,1062,2370,1445,2088,1871,1603,4785,5744,2475,4646,71635,24985,9219,5367,27335,2384,237,2,1
2021-05-13T23:59:59+02:00,2,4,1351,1382,2543,3198,3439,4995,5391,7391,9784,10720,14616,15377,8481,10318,2725,5196,449,360,621,878,720,1572,963,2287,1182,1876,1158,1023,4565,5511,2467,4614,70474,24867,8911,2837,27304,2320,222,2,1
2021-05-12T23:59:59+02:00,2,4,1344,1373,2527,3193,3421,4983,5371,7378,9770,10708,14614,15373,8479,10316,2724,5196,449,359,620,877,717,1569,957,2284,1178,1870,1140,1014,4552,5475,2435,4545,70364,24666,8887,2837,27302,2317,221,2,1
2021-05-11T23:59:59+02:00,2,3,1302,1331,2453,3109,3309,4856,5177,7233,9485,10400,14567,15316,8467,10296,2720,5187,443,346,602,863,696,1552,929,2260,1153,1843,1086,978,4490,5378,2393,4421,69030,24178,8764,2819,27217,2236,200,2,1
2021-05-10T23:59:59+02:00,2,3,1278,1304,2389,3032,3182,4732,5047,7076,9162,10020,14521,15277,8458,10277,2715,5185,442,344,589,853,682,1537,918,2245,1135,1829,1052,944,4430,5302,2354,4306,67678,23772,8644,2816,27146,2184,190,2,1
2021-05-09T23:59:59+02:00,2,3,1263,1287,2346,3019,3105,4697,4985,7042,9097,9976,14508,15262,8456,10272,2715,5183,434,342,575,848,659,1517,896,2224,1123,1815,1033,928,4418,5264,2339,4264,67441,23612,8570,2814,27102,2150,103,2,1
2021-05-08T23:59:59+02:00,1,3,1261,1283,2331,3007,3088,4687,4945,7028,9073,9968,14507,15262,8456,10271,2715,5183,434,342,575,848,658,1517,896,2223,1122,1814,1033,928,4417,5264,2339,4264,67300,23611,8564,2811,27100,2149,103,2,1
2021-05-07T23:59:59+02:00,1,3,1242,1262,2292,2966,3038,4638,4846,6936,8849,9721,14492,15240,8450,10265,2712,5179,384,314,543,779,621,1355,826,2016,1034,1627,1003,899,4397,5241,2337,4259,66396,23507,8558,2808,27073,1217,103,2,1
2021-05-06T23:59:59+02:00,1,3,1092,1171,2064,2723,2739,4329,4476,6536,8262,9116,14214,15001,8410,10208,2709,5178,383,310,531,760,604,1323,807,1981,1001,1599,976,868,4387,5227,2335,4255,62767,23378,8430,2758,26937,1115,96,2,1
2021-05-05T23:59:59+02:00,1,2,1027,1120,1954,2610,2580,4158,4181,6258,7250,7934,14129,14903,8375,10167,2696,5158,380,307,524,750,589,1314,773,1967,978,1578,901,806,4346,5157,2327,4239,59251,23057,8385,2739,26815,1090,50,2,1
2021-05-04T23:59:59+02:00,1,2,1005,1100,1903,2571,2478,4091,3961,6145,6969,7719,13622,14335,8345,10132,2691,5149,377,306,519,746,578,1309,756,1948,962,1571,882,782,4325,5141,2324,4230,57193,22922,8327,2724,26655,1068,42,2,1
2021-05-03T23:59:59+02:00,1,2,973,1062,1842,2518,2375,3981,3762,6028,6613,7419,13085,13711,8308,10094,2684,5134,371,305,517,742,568,1303,747,1937,948,1558,857,758,4308,5123,2318,4217,54772,22812,8301,2715,26516,1049,1,2,1
2021-05-02T23:59:59+02:00,1,2,968,1061,1823,2512,2350,3974,3720,6018,6579,7411,13084,13711,8308,10093,2684,5134,371,305,514,742,567,1301,742,1937,947,1555,855,754,4307,5119,2318,4217,54640,22795,8297,2713,26493,1042,1,2,1
2021-05-01T23:59:59+02:00,1,2,968,1059,1815,2510,2339,3969,3708,6010,6568,7402,13083,13709,8308,10093,2684,5134,371,305,514,742,567,1301,741,1936,945,1555,855,754,4307,5119,2318,4217,54571,22795,8297,2709,26491,1042,1,2,1
2021-04-30T23:59:59+02:00,0,2,952,1054,1794,2496,2318,3934,3671,5977,6490,7348,12988,13605,8307,10089,2681,5122,319,250,472,666,538,1122,711,1712,911,1351,843,737,4303,5117,2318,4217,54076,22781,8296,2705,26453,100,1,2,1
2021-04-29T23:59:59+02:00,0,2,897,1029,1737,2445,2255,3875,3525,5854,6253,7125,12729,13332,8285,10060,2677,5115,313,248,463,659,535,1115,704,1702,901,1342,835,722,4294,5109,2318,4215,52483,22697,8281,2699,26428,78,1,2,1
2021-04-28T23:59:59+02:00,0,2,836,995,1657,2383,2111,3765,3239,5601,5649,6622,11893,12415,8227,9971,2654,5078,312,245,461,652,527,1101,693,1682,890,1335,822,706,4275,5082,2316,4215,48434,22576,8274,2680,26387,57,1,2,1
2021-04-27T23:59:59+02:00,0,2,826,990,1639,2363,2066,3747,3168,5576,5523,6500,11864,12398,8225,9969,2654,5076,311,243,455,650,519,1095,684,1670,881,1329,810,695,4271,5076,2315,4209,47955,22498,8271,2665,26357,49,1,2,1
2021-04-26T23:59:59+02:00,0,2,816,977,1613,2345,2006,3707,2992,5499,5192,6215,11299,11753,8170,9904,2650,5067,309,242,454,649,513,1089,673,1664,872,1319,801,686,4266,5071,2315,4205,45628,22446,8262,2637,26314,44,1,2,1
2021-04-25T23:59:59+02:00,0,2,806,975,1599,2339,1968,3690,2866,5476,5100,6210,11295,11749,8167,9898,2649,5066,308,242,454,649,513,1082,673,1662,869,1317,801,685,4266,5071,2315,4205,45302,22441,8256,2633,26294,37,1,2,1
2021-04-24T23:59:59+02:00,0,2,792,965,1577,2319,1928,3645,2769,5408,4755,5891,10678,11024,8137,9840,2648,5064,308,242,454,649,513,1081,672,1661,868,1317,796,681,4257,5055,2313,4204,42896,22405,8255,2629,26288,36,1,2,1
2021-04-23T23:59:59+02:00,0,2,787,957,1564,2309,1899,3619,2729,5358,4594,5705,10369,10643,8097,9798,2645,5055,308,241,454,649,513,1080,671,1661,866,1317,796,680,4254,5052,2313,4204,41598,22394,8255,2628,26274,36,1,2,1
2021-04-22T23:59:59+02:00,0,2,771,942,1536,2266,1848,3551,2644,5268,4441,5551,10224,10449,8083,9767,2643,5047,308,240,452,638,511,1074,665,1653,860,1308,790,675,4251,5050,2313,4202,40597,22358,8229,2603,26204,28,1,2,1
2021-04-21T23:59:59+02:00,0,2,760,929,1512,2255,1795,3506,2540,5181,4057,5131,9627,9766,8034,9705,2639,5036,306,240,449,636,511,1073,661,1650,855,1303,778,663,4241,5036,2313,4198,38083,22307,8212,2579,26177,26,1,2,1
2021-04-20T23:59:59+02:00,0,2,753,918,1490,2228,1764,3477,2488,5123,3920,5035,9431,9547,8017,9695,2635,5033,306,238,449,635,510,1071,660,1645,852,1298,772,659,4237,5032,2313,4198,37248,22276,8201,2573,26104,26,1,2,0
2021-04-19T23:59:59+02:00,0,2,746,908,1481,2221,1747,3460,2456,5097,3856,4978,9062,9129,7992,9670,2632,5027,306,236,448,632,508,1068,656,1643,848,1294,766,653,4228,5030,2313,4196,36224,22237,8189,2562,26048,26,1,2,0
2021-04-18T23:59:59+02:00,0,2,742,906,1476,2215,1729,3453,2437,5085,3848,4976,9053,9118,7992,9669,2632,5027,305,236,448,628,507,1065,654,1640,845,1294,765,651,4228,5028,2313,4196,36164,22229,8169,2548,26024,26,1,2,0
2021-04-17T23:59:59+02:00,0,2,725,900,1388,2205,1629,3441,2400,5055,3768,4898,8341,8395,7976,9656,2632,5027,305,236,446,626,506,1065,653,1640,844,1291,765,651,4227,5028,2313,4196,36156,22218,8169,2548,24110,26,1,2,0
2021-04-16T23:59:59+02:00,0,2,709,882,1259,2183,1477,3419,2314,4990,3607,4733,7006,6844,7941,9607,2621,4996,305,235,441,620,502,1061,643,1638,840,1282,755,645,4218,5013,2310,4194,34785,22144,8159,2544,21643,14,1,2,0
2021-04-15T23:59:59+02:00,0,2,688,871,1249,2170,1457,3401,2257,4952,3536,4680,6568,6343,7900,9546,2599,4925,298,229,427,609,485,1047,609,1611,805,1252,665,584,3725,4504,2288,4159,33470,22087,8102,1200,21569,10,1,2,0
2021-04-14T23:59:59+02:00,0,2,683,867,1228,2157,1426,3382,2212,4917,3404,4586,5229,4940,7850,9480,2578,4888,290,224,424,602,478,1044,603,1603,799,1249,650,567,3714,4495,2284,4154,30245,21999,8091,1172,21490,9,1,2,0
2021-04-13T23:59:59+02:00,0,2,680,867,1219,2152,1411,3380,2204,4906,3384,4571,5210,4921,7844,9477,2577,4886,290,223,422,600,475,1041,601,1599,788,1247,632,562,3712,4492,2284,4154,30165,21979,8070,1134,21453,9,1,2,0
2021-04-12T23:59:59+02:00,0,2,674,859,1206,2143,1395,3369,2170,4892,3353,4547,5187,4906,7831,9466,2574,4853,289,222,420,599,474,1035,599,1595,780,1240,627,560,3707,4491,2284,4154,30037,21953,8025,1114,21362,9,1,2,0
2021-04-11T23:59:59+02:00,0,2,666,855,1190,2131,1377,3354,2103,4868,3235,4464,4767,4465,7164,8640,2567,4848,289,222,419,599,471,1034,593,1592,776,1239,623,557,3703,4486,2284,4154,30007,21945,5412,1087,21274,9,1,2,0
2021-04-10T23:59:59+02:00,0,2,666,853,1189,2130,1375,3350,2101,4865,3232,4457,4723,4418,7160,8634,2567,4847,283,219,417,588,458,1018,566,1575,744,1215,551,487,3134,3869,2235,4062,29884,20325,5409,1087,21273,9,1,2,0
2021-04-09T23:59:59+02:00,0,2,663,852,1181,2127,1371,3345,2070,4843,3154,4378,4527,4253,7125,8585,2563,4831,273,212,407,574,439,1002,541,1557,723,1192,470,425,2485,3049,2187,3968,29201,18409,5405,1086,21261,9,1,2,0
2021-04-08T23:59:59+02:00,0,2,653,842,1167,2116,1355,3315,2009,4790,3008,4267,3473,3102,6883,8222,2552,4816,260,204,390,556,416,989,519,1528,691,1169,451,399,2476,3041,2184,3965,28404,18191,5357,1038,18808,9,1,2,0
2021-04-07T23:59:59+02:00,0,2,646,836,1154,2107,1336,3303,1899,4711,2691,4018,2868,2574,6772,8099,2529,4763,246,197,362,532,378,954,475,1494,655,1142,424,374,2416,2979,2179,3958,26230,17738,5338,1019,18737,8,1,2,0
2021-04-06T23:59:59+02:00,0,2,636,828,1116,2100,1312,3284,1781,4661,2415,3849,2415,2227,6696,8008,2508,4726,222,184,328,506,353,936,438,1471,619,1110,389,332,2360,2905,2173,3949,24633,17265,5322,1002,18606,8,1,2,0
2021-04-05T23:59:59+02:00,0,2,633,826,1105,2096,1306,3281,1772,4651,2400,3833,2126,1880,5579,6692,2506,4726,222,184,327,502,347,930,434,1469,615,1105,385,329,2358,2899,2173,3948,24601,17254,5312,966,15498,7,1,2,0
2021-04-04T23:59:59+02:00,0,2,632,826,1105,2096,1306,3280,1772,4651,2398,3831,2125,1877,5579,6688,2506,4726,222,184,326,502,347,930,433,1469,615,1105,385,329,2357,2899,2173,3948,24593,17251,5312,966,15492,7,1,2,0
2021-04-03T23:59:59+02:00,0,2,632,826,1105,2095,1306,3280,1771,4649,2394,3831,2124,1874,5578,6688,2506,4726,222,184,326,502,347,930,433,1469,614,1105,385,329,2357,2899,2173,3948,24587,17250,5308,966,15489,7,1,2,0
2021-04-02T23:59:59+02:00,0,2,632,825,1105,2095,1302,3279,1769,4644,2393,3828,2116,1865,5566,6673,2503,4713,222,183,326,500,347,930,432,1468,613,1096,383,329,2357,2898,2173,3948,24519,17232,5304,966,15484,7,1,2,0
2021-04-01T23:59:59+02:00,0,2,628,814,1082,2077,1206,3184,1679,4576,2134,3620,1392,1278,5357,6463,2493,4686,218,182,326,499,346,929,431,1466,613,1095,380,327,2357,2898,2173,3944,24413,17220,2808,957,15447,7,1,2,0
2021-03-31T23:59:59+02:00,0,2,626,813,1078,2073,1201,3176,1668,4571,2116,3607,1365,1245,5328,6408,2456,4587,217,182,326,498,345,929,431,1465,612,1094,379,324,2353,2897,2171,3943,24094,17208,2794,951,15430,7,1,1,0
2021-03-30T23:59:59+02:00,0,2,624,804,1072,2069,1195,3171,1658,4557,2108,3593,1319,1200,5244,6279,2412,4441,217,181,326,497,342,925,426,1462,605,1084,364,313,2251,2745,2051,3718,23575,16590,2772,910,15400,7,1,0,0
2021-03-29T23:59:59+02:00,0,2,622,802,1069,2061,1185,3165,1651,4544,2096,3581,1283,1169,5184,6186,2363,4312,216,180,324,495,340,923,424,1457,600,1079,357,308,2028,2480,1824,3343,23143,15464,2748,907,15383,7,1,0,0
2021-03-28T23:59:59+02:00,0,2,622,799,1067,2055,1182,3158,1645,4534,2092,3576,1267,1160,5176,6164,2352,4280,214,180,323,492,333,919,421,1450,597,1067,351,296,2023,2466,1823,3340,23038,15438,2730,853,15362,4,1,0,0
2021-03-27T23:59:59+01:00,0,2,569,738,987,1987,1100,3040,1527,4410,1990,3494,1198,1090,4573,5432,2352,4280,212,179,323,492,333,919,416,1448,596,1064,350,296,2022,2465,1823,3340,23022,15422,2726,853,13020,3,1,0,0
2021-03-26T23:59:59+01:00,0,2,566,733,980,1977,1098,3034,1517,4403,1974,3486,1154,1059,4543,5398,2351,4276,211,176,323,490,330,918,414,1447,592,1057,342,291,1623,1934,1402,2620,22828,13320,2716,847,13006,3,1,0,0
2021-03-25T23:59:59+01:00,0,2,564,727,967,1969,1095,3025,1510,4391,1959,3476,1144,1048,4535,5393,2351,4275,210,173,322,489,328,912,411,1441,588,1048,338,287,1528,1813,1365,2548,22781,12974,2707,824,12942,3,1,0,0
2021-03-24T23:59:59+01:00,0,2,562,721,957,1956,1082,3010,1481,4373,1945,3467,1109,1018,4508,5360,2346,4270,210,173,321,488,325,908,406,1434,579,1032,324,277,1202,1432,1215,2282,22639,11843,2681,762,12846,3,1,0,0
2021-03-23T23:59:59+01:00,0,2,560,716,952,1942,1078,3000,1474,4359,1935,3460,1096,1007,4488,5345,2346,4267,209,173,319,485,318,905,405,1434,573,1028,316,270,967,1167,1101,2106,22564,11032,2672,741,12790,3,1,0,0
2021-03-22T23:59:59+01:00,0,2,559,707,947,1930,1072,2991,1464,4343,1921,3451,1093,1004,4483,5344,2346,4267,207,173,318,483,317,903,402,1431,570,1024,312,266,966,1163,1101,2103,22540,11015,2657,721,12726,3,1,0,0
2021-03-21T23:59:59+01:00,0,2,557,704,944,1921,1070,2987,1458,4330,1909,3444,1090,1003,4483,5343,2346,4267,207,173,318,482,316,899,402,1426,564,1022,302,261,962,1159,1100,2103,22536,11014,2643,679,12678,3,1,0,0
2021-03-20T23:59:59+01:00,0,2,552,696,939,1905,1053,2971,1430,4312,1875,3416,1018,932,3901,4709,2296,4170,207,173,318,482,316,899,402,1426,564,1022,302,261,962,1159,1099,2102,20877,11012,2642,679,12657,3,1,0,0
2021-03-19T23:59:59+01:00,0,2,543,687,922,1879,1026,2952,1394,4287,1849,3386,931,867,3231,3873,2249,4073,205,173,316,482,315,896,400,1424,560,1015,299,260,949,1146,1068,2062,18903,10990,2631,577,12616,3,1,0,0
2021-03-18T23:59:59+01:00,0,2,530,674,905,1853,1003,2925,1355,4247,1804,3334,833,803,2718,3341,2227,4039,200,171,313,478,312,886,396,1418,558,1010,296,254,846,1052,960,1873,18825,10612,1231,408,12536,3,1,0,0
2021-03-17T23:59:59+01:00,0,2,528,664,896,1833,990,2907,1333,4226,1786,3318,804,778,2633,3250,2221,4035,198,170,311,476,309,885,389,1414,555,1006,293,249,606,778,659,1428,18519,9693,1195,33,12489,0,1,0,0
2021-03-16T23:59:59+01:00,0,2,526,655,887,1811,969,2892,1316,4214,1762,3302,775,767,2585,3170,2219,4031,198,170,309,476,307,883,386,1412,552,1001,287,245,361,543,471,1121,18312,8696,1155,27,12416,0,0,0,0
2021-03-15T23:59:59+01:00,0,2,526,644,883,1793,960,2871,1310,4208,1754,3293,769,764,2582,3169,2219,4031,197,170,308,475,306,883,386,1412,549,1001,287,245,361,542,470,1121,18299,8690,1133,24,12346,0,0,0,0
2021-03-14T23:59:59+01:00,0,2,525,638,877,1781,953,2866,1300,4195,1744,3281,764,760,2577,3166,2219,4031,197,170,307,475,305,881,384,1410,549,1001,286,245,361,542,470,1121,18294,8687,1106,18,12279,0,0,0,0
2021-03-13T23:59:59+01:00,0,2,503,587,782,1519,823,2485,1106,3631,1462,2852,683,671,2474,3040,2218,4030,197,170,307,475,305,881,384,1410,549,1001,286,245,361,542,470,1121,18290,8687,1106,18,9472,0,0,0,0
2021-03-12T23:59:59+01:00,0,2,488,502,718,1253,731,2090,935,2941,1215,2261,543,518,2430,2995,2218,4030,197,168,307,475,305,879,383,1410,549,999,286,244,348,521,422,1058,18267,8533,1105,18,6498,0,0,0,0
2021-03-11T23:59:59+01:00,0,2,465,466,685,1182,685,1985,876,2796,1135,2150,488,459,2417,2985,2217,4029,197,168,306,473,304,878,383,1407,548,999,286,243,335,504,376,1015,18081,8407,1057,15,5884,0,0,0,0
2021-03-10T23:59:59+01:00,0,2,451,456,651,1149,645,1951,832,2760,1102,2122,468,443,2403,2966,2216,4026,193,166,302,466,304,877,378,1400,543,992,282,237,215,405,151,753,17805,7655,1037,9,5801,0,0,0,0
2021-03-09T23:59:59+01:00,0,2,435,439,619,1120,626,1933,809,2734,1080,2098,447,423,2310,2824,2093,3797,193,166,300,464,303,876,377,1397,543,989,280,236,215,405,151,752,17047,7647,1021,0,5721,0,0,0,0
2021-03-08T23:59:59+01:00,0,2,422,418,596,1090,608,1911,793,2709,1058,2072,425,395,2081,2550,1864,3420,193,165,300,462,302,872,377,1391,543,987,279,234,215,404,151,752,15804,7627,993,0,5617,0,0,0,0
2021-03-07T23:59:59+01:00,0,2,421,416,589,1073,596,1903,790,2696,1052,2061,424,394,2076,2542,1863,3418,193,165,300,461,302,871,377,1388,543,986,279,234,215,404,151,752,15778,7621,983,0,5555,0,0,0,0
2021-03-06T23:59:59+01:00,0,2,421,413,586,1059,593,1901,783,2689,1048,2054,423,394,2076,2542,1863,3418,193,165,300,461,302,871,377,1388,543,985,278,234,215,404,151,752,15770,7619,983,0,5512,0,0,0,0
2021-03-05T23:59:59+01:00,0,2,415,398,580,1047,587,1891,778,2680,1042,2046,410,386,1655,1980,1432,2666,190,160,296,461,299,870,375,1385,541,981,278,234,215,404,151,752,13549,7592,983,0,5463,0,0,0,0
2021-03-04T23:59:59+01:00,0,2,405,373,554,1008,568,1835,749,2627,1021,1996,406,382,1563,1863,1393,2593,179,152,285,451,298,862,373,1371,539,977,277,234,215,404,151,752,13199,7520,977,0,5162,0,0,0,0
2021-03-03T23:59:59+01:00,0,2,403,366,546,978,551,1803,724,2579,1004,1958,400,376,1241,1484,1240,2321,178,151,284,450,297,861,369,1364,536,970,275,232,214,403,149,747,12050,7480,970,0,4956,0,0,0,0
2021-03-02T23:59:59+01:00,0,2,399,361,538,944,537,1783,715,2555,993,1940,390,366,998,1217,1122,2143,178,149,283,439,293,855,369,1355,536,964,275,232,214,403,149,747,11231,7441,935,0,4837,0,0,0,0
2021-03-01T23:59:59+01:00,0,2,397,353,529,922,519,1752,706,2531,982,1923,386,359,997,1210,1122,2139,178,147,283,430,290,845,366,1340,533,958,273,230,213,402,149,747,11212,7384,900,0,4717,0,0,0,0
2021-02-28T23:59:59+01:00,0,2,394,350,526,914,514,1741,703,2521,977,1908,382,354,997,1208,1122,2139,176,146,283,430,290,844,366,1340,532,958,273,230,213,402,149,747,11212,7379,873,0,4667,0,0,0,0
2021-02-27T23:59:59+01:00,0,2,393,348,521,907,512,1735,700,2512,974,1906,381,353,997,1208,1121,2139,176,146,283,430,290,844,366,1340,531,958,273,230,213,402,149,747,11211,7378,873,0,4625,0,0,0,0
2021-02-26T23:59:59+01:00,0,2,345,301,452,734,436,1427,571,2094,804,1563,353,323,997,1205,1121,2139,176,144,283,427,288,836,364,1332,529,955,273,230,213,402,149,747,11200,7348,862,0,2805,0,0,0,0
2021-02-25T23:59:59+01:00,0,2,325,293,442,712,424,1391,556,2046,786,1531,345,316,913,1116,1049,2015,125,130,263,423,277,824,353,1316,524,948,273,228,213,402,149,747,10799,7195,832,0,2631,0,0,0,0
2021-02-24T23:59:59+01:00,0,2,320,287,437,696,417,1355,540,1998,764,1487,337,303,705,884,865,1710,125,124,262,417,274,815,351,1303,517,941,271,226,211,402,149,745,9860,7133,791,0,2456,0,0,0,0
2021-02-23T23:59:59+01:00,0,2,318,275,429,682,406,1332,532,1962,746,1468,323,293,456,638,674,1409,125,123,261,415,272,810,351,1296,516,933,270,225,210,402,148,744,8862,7101,747,0,2336,0,0,0,0
2021-02-22T23:59:59+01:00,0,2,318,273,428,675,405,1327,528,1952,741,1464,323,290,455,636,674,1408,125,118,256,405,271,793,347,1272,511,925,266,224,210,402,148,744,8858,7017,735,0,2306,0,0,0,0
2021-02-21T23:59:59+01:00,0,2,315,272,426,669,402,1319,526,1944,735,1460,312,285,451,632,672,1408,125,118,255,404,271,791,344,1269,504,922,265,223,209,401,147,735,8853,6983,694,0,2283,0,0,0,0
2021-02-20T23:59:59+01:00,0,2,315,269,426,667,402,1311,525,1935,733,1456,312,285,451,632,672,1408,125,118,255,404,271,791,344,1269,503,922,265,223,209,401,147,735,8853,6982,694,0,2254,0,0,0,0
2021-02-19T23:59:59+01:00,0,1,269,243,394,591,368,1142,467,1720,626,1246,303,269,425,596,593,1301,125,118,255,404,270,791,344,1269,503,922,265,223,209,401,147,735,8636,6981,588,0,1330,0,0,0,0
2021-02-18T23:59:59+01:00,0,1,268,238,387,582,357,1121,454,1702,616,1239,303,267,372,549,491,1173,122,115,251,399,263,785,341,1260,500,921,263,221,209,401,147,735,8457,6933,416,0,1247,0,0,0,0
2021-02-17T23:59:59+01:00,0,1,262,234,375,568,350,1112,431,1686,608,1227,298,260,218,413,156,764,114,102,247,393,258,770,335,1244,494,910,259,218,208,401,147,735,7740,6835,31,0,1192,0,0,0,0
2021-02-16T23:59:59+01:00,0,1,260,232,364,566,340,1103,423,1672,603,1221,295,257,218,412,156,764,83,90,227,367,247,740,317,1204,462,875,238,203,201,383,146,728,7733,6511,27,0,1127,0,0,0,0
2021-02-15T23:59:59+01:00,0,1,258,232,362,562,339,1097,421,1660,599,1215,295,257,218,411,155,764,82,88,223,356,239,728,307,1176,447,852,225,196,190,361,140,672,7725,6282,24,0,1097,0,0,0,0
2021-02-14T23:59:59+01:00,0,1,257,230,356,559,335,1087,417,1654,596,1212,295,257,218,411,155,764,78,86,216,351,236,720,302,1163,443,837,224,194,190,350,140,663,7715,6193,19,0,1070,0,0,0,0
2021-02-13T23:59:59+01:00,0,1,257,230,356,559,335,1087,416,1654,596,1211,294,257,218,411,155,764,78,86,216,351,236,720,302,1163,443,837,224,194,190,350,140,663,7713,6193,19,0,1069,0,0,0,0
2021-02-12T23:59:59+01:00,0,1,199,169,307,481,308,893,383,1416,559,996,286,242,217,411,155,764,75,85,213,350,234,717,295,1159,440,832,220,192,190,348,140,663,7701,6153,19,0,67,0,0,0,0
2021-02-11T23:59:59+01:00,0,0,197,168,301,470,304,879,377,1396,549,988,286,242,217,411,155,764,74,82,202,324,224,673,275,1108,423,784,219,189,190,343,140,660,7660,5910,16,0,28,0,0,0,0
2021-02-10T23:59:59+01:00,0,0,194,161,297,466,301,875,371,1385,545,980,284,240,215,410,155,762,69,76,186,298,213,614,258,1023,398,732,210,175,176,314,128,613,7618,5483,10,0,13,0,0,0,0
2021-02-09T23:59:59+01:00,0,0,189,155,294,457,300,866,371,1375,543,971,281,239,215,410,155,761,60,60,147,234,184,510,220,831,342,597,189,149,156,279,118,547,7574,4623,2,0,6,0,0,0,0
2021-02-08T23:59:59+01:00,0,0,182,148,290,444,295,856,367,1355,536,964,277,235,214,409,153,757,33,47,102,144,135,282,161,454,248,390,160,123,129,224,95,452,7474,3179,2,0,6,0,0,0,0
2021-02-07T23:59:59+01:00,0,0,180,146,287,443,294,854,366,1354,535,963,276,234,214,409,153,757,18,40,83,122,130,261,152,420,232,363,152,119,119,214,90,417,7464,2932,1,0,0,0,0,0,0
2021-02-06T23:59:59+01:00,0,0,180,146,287,443,294,854,366,1354,535,963,276,234,214,409,153,757,18,37,81,119,120,246,141,404,201,342,137,115,118,209,89,407,7464,2784,1,0,0,0,0,0,0
2021-02-05T23:59:59+01:00,0,0,180,144,287,440,293,843,364,1346,531,960,276,233,214,409,153,756,17,32,77,114,113,233,136,377,187,323,132,110,115,204,82,391,7428,2643,1,0,0,0,0,0,0
2021-02-04T23:59:59+01:00,0,0,172,139,286,436,286,834,361,1335,522,951,275,231,213,409,153,754,10,21,51,77,84,177,113,287,155,266,114,96,103,190,74,351,7357,2169,0,0,0,0,0,0,0
2021-02-03T23:59:59+01:00,0,0,154,132,276,430,282,828,359,1324,522,949,275,231,212,409,153,753,10,19,43,67,75,142,89,257,134,220,95,81,88,162,67,311,7289,1860,0,0,0,0,0,0,0
2021-02-02T23:59:59+01:00,0,0,133,126,264,428,279,821,354,1317,521,942,274,231,211,409,152,752,10,16,34,61,63,119,74,212,103,170,63,57,63,104,43,196,7214,1388,0,0,0,0,0,0,0
2021-02-01T23:59:59+01:00,0,0,128,121,259,413,277,804,352,1293,515,930,269,229,211,409,152,752,4,10,20,34,33,66,46,119,59,70,28,28,27,44,25,97,7114,710,0,0,0,0,0,0,0
2021-01-31T23:59:59+01:00,0,0,127,118,257,411,275,800,350,1287,511,928,269,226,210,408,152,752,4,6,15,23,28,47,32,73,39,43,14,8,13,28,20,59,7081,452,0,0,0,0,0,0,0
2021-01-30T23:59:59+01:00,0,0,127,118,257,411,275,799,350,1286,510,928,269,226,210,408,152,752,4,6,13,20,25,40,27,65,36,41,14,8,13,28,20,59,7078,419,0,0,0,0,0,0,0
2021-01-29T23:59:59+01:00,0,0,127,118,257,411,274,799,350,1286,510,928,269,226,210,408,152,752,4,6,7,18,23,31,22,57,32,38,14,8,13,27,19,58,7077,377,0,0,0,0,0,0,0
2021-01-28T23:59:59+01:00,0,0,125,115,253,405,270,793,347,1279,506,927,269,226,210,408,152,752,1,3,2,8,15,13,12,28,12,23,11,4,6,14,6,23,7037,181,0,0,0,0,0,0,0
2021-01-27T23:59:59+01:00,0,0,117,105,251,401,267,785,342,1272,500,920,264,223,209,407,152,752,0,0,1,4,11,11,8,21,10,17,10,4,6,14,6,23,6967,146,0,0,0,0,0,0,0
2021-01-26T23:59:59+01:00,0,0,88,93,233,384,259,760,329,1234,475,889,244,211,202,391,152,744,0,0,1,4,11,11,8,21,10,17,10,4,6,14,6,23,6688,146,0,0,0,0,0,0,0
2021-01-25T23:59:59+01:00,0,0,85,88,231,364,246,741,315,1200,457,864,228,204,193,371,148,689,0,0,1,4,11,9,7,14,7,13,10,4,6,14,6,23,6424,129,0,0,0,0,0,0,0
2021-01-24T23:59:59+01:00,0,0,85,86,227,360,245,736,312,1187,455,849,227,202,193,360,148,679,0,0,1,4,11,9,7,14,7,13,10,4,6,14,6,23,6351,129,0,0,0,0,0,0,0
2021-01-23T23:59:59+01:00,0,0,85,86,227,360,245,736,312,1187,455,849,227,202,193,360,148,679,0,0,1,4,11,9,7,14,7,13,10,4,6,14,6,23,6351,129,0,0,0,0,0,0,0
2021-01-22T23:59:59+01:00,0,0,85,85,225,358,245,733,308,1183,451,846,225,201,193,359,148,679,0,0,1,4,11,9,7,14,7,13,10,4,6,14,6,23,6324,129,0,0,0,0,0,0,0
2021-01-21T23:59:59+01:00,0,0,85,82,211,329,235,689,283,1132,437,813,224,197,192,353,148,676,0,0,1,2,9,8,6,13,6,11,10,4,6,14,6,23,6086,119,0,0,0,0,0,0,0
2021-01-20T23:59:59+01:00,0,0,79,76,197,308,223,625,269,1039,408,754,215,186,177,324,137,629,0,0,1,2,9,8,6,13,6,11,10,4,6,14,6,23,5646,119,0,0,0,0,0,0,0
2021-01-19T23:59:59+01:00,0,0,71,66,157,258,203,562,243,916,367,645,196,160,155,284,124,552,0,0,1,2,3,7,6,12,4,9,7,3,6,14,6,23,4959,103,0,0,0,0,0,0,0
2021-01-18T23:59:59+01:00,0,0,59,58,134,215,181,458,216,759,327,552,179,140,131,234,104,470,0,0,0,1,2,4,3,7,2,7,6,3,6,14,6,22,4217,83,0,0,0,0,0,0,0
2021-01-17T23:59:59+01:00,0,0,36,46,109,184,167,395,199,668,301,494,171,134,118,217,90,416,0,0,0,0,2,4,2,7,2,5,4,3,6,14,5,22,3745,76,0,0,0,0,0,0,0
2021-01-16T23:59:59+01:00,0,0,29,43,109,181,157,378,184,648,270,472,155,129,117,211,89,406,0,0,0,0,0,0,0,0,0,0,0,0,0,0,0,0,3578,0,0,0,0,0,0,0,0
2021-01-15T23:59:59+01:00,0,0,27,39,105,176,146,365,178,618,253,450,150,120,114,205,81,390,0,0,0,0,0,0,0,0,0,0,0,0,0,0,0,0,3417,0,0,0,0,0,0,0,0
2021-01-14T23:59:59+01:00,0,0,9,24,51,77,84,169,114,283,150,262,123,101,100,190,71,350,0,0,0,0,0,0,0,0,0,0,0,0,0,0,0,0,2158,0,0,0,0,0,0,0,0
2021-01-13T23:59:59+01:00,0,0,8,20,41,67,76,134,92,254,125,225,94,79,81,153,56,282,0,0,0,0,0,0,0,0,0,0,0,0,0,0,0,0,1787,0,0,0,0,0,0,0,0
2021-01-12T23:59:59+01:00,0,0,8,15,37,63,63,110,77,206,96,171,61,53,54,92,32,162,0,0,0,0,0,0,0,0,0,0,0,0,0,0,0,0,1300,0,0,0,0,0,0,0,0
2021-01-11T23:59:59+01:00,0,0,1,10,27,46,39,79,56,137,59,84,31,27,22,36,16,70,0,0,0,0,0,0,0,0,0,0,0,0,0,0,0,0,740,0,0,0,0,0,0,0,0
2021-01-10T23:59:59+01:00,0,0,1,5,20,32,34,55,37,90,38,52,14,7,7,19,11,31,0,0,0,0,0,0,0,0,0,0,0,0,0,0,0,0,453,0,0,0,0,0,0,0,0
2021-01-09T23:59:59+01:00,0,0,1,5,18,28,33,51,32,80,36,51,14,7,7,19,11,31,0,0,0,0,0,0,0,0,0,0,0,0,0,0,0,0,424,0,0,0,0,0,0,0,0
2021-01-08T23:59:59+01:00,0,0,1,5,15,26,30,40,26,71,32,47,13,7,6,17,10,30,0,0,0,0,0,0,0,0,0,0,0,0,0,0,0,0,376,0,0,0,0,0,0,0,0
2021-01-07T23:59:59+01:00,0,0,1,3,2,10,15,13,13,29,14,24,11,5,6,15,8,24,0,0,0,0,0,0,0,0,0,0,0,0,0,0,0,0,193,0,0,0,0,0,0,0,0
2021-01-06T23:59:59+01:00,0,0,1,0,2,4,13,11,9,23,12,19,11,5,6,15,8,24,0,0,0,0,0,0,0,0,0,0,0,0,0,0,0,0,163,0,0,0,0,0,0,0,0
2021-01-05T23:59:59+01:00,0,0,0,0,1,4,12,11,8,21,11,19,10,5,6,15,8,24,0,0,0,0,0,0,0,0,0,0,0,0,0,0,0,0,155,0,0,0,0,0,0,0,0
2021-01-04T23:59:59+01:00,0,0,0,0,1,4,12,10,7,17,9,17,10,5,6,15,8,24,0,0,0,0,0,0,0,0,0,0,0,0,0,0,0,0,145,0,0,0,0,0,0,0,0
2021-01-03T23:59:59+01:00,0,0,0,0,1,4,11,9,7,14,7,14,10,5,6,15,8,24,0,0,0,0,0,0,0,0,0,0,0,0,0,0,0,0,135,0,0,0,0,0,0,0,0
2021-01-02T23:59:59+01:00,0,0,0,0,1,4,11,9,7,14,7,14,10,5,6,15,8,24,0,0,0,0,0,0,0,0,0,0,0,0,0,0,0,0,135,0,0,0,0,0,0,0,0
2021-01-01T23:59:59+01:00,0,0,0,0,1,4,11,9,7,14,7,14,10,5,6,15,8,24,0,0,0,0,0,0,0,0,0,0,0,0,0,0,0,0,135,0,0,0,0,0,0,0,0
2020-12-31T23:59:59+01:00,0,0,0,0,1,4,11,9,7,14,7,14,10,5,6,15,8,24,0,0,0,0,0,0,0,0,0,0,0,0,0,0,0,0,135,0,0,0,0,0,0,0,0
2020-12-30T23:59:59+01:00,0,0,0,0,1,4,11,9,7,14,7,14,10,5,6,15,8,24,0,0,0,0,0,0,0,0,0,0,0,0,0,0,0,0,135,0,0,0,0,0,0,0,0
2020-12-29T23:59:59+01:00,0,0,0,0,1,4,8,9,7,14,5,12,10,5,6,15,8,24,0,0,0,0,0,0,0,0,0,0,0,0,0,0,0,0,128,0,0,0,0,0,0,0,0
2020-12-28T23:59:59+01:00,0,0,0,0,1,1,5,7,7,8,3,9,10,5,6,15,8,24,0,0,0,0,0,0,0,0,0,0,0,0,0,0,0,0,109,0,0,0,0,0,0,0,0
2020-12-27T23:59:59+01:00,0,0,0,0,0,0,2,4,2,7,2,6,4,4,6,15,7,23,0,0,0,0,0,0,0,0,0,0,0,0,0,0,0,0,82,0,0,0,0,0,0,0,0
