Datum,<15_m,<15_w,15-24_1_m,15-24_1_w,25-34_1_m,25-34_1_w,35-44_1_m,35-44_1_w,45-54_1_m,45-54_1_w,55-64_1_m,55-64_1_w,65-74_1_m,65-74_1_w,75-84_1_m,75-84_1_w,>84_1_m,>84_1_w,<24_2_m,<24_2_w,25-34_2_m,25-34_2_w,35-44_2_m,35-44_2_w,45-54_2_m,45-54_2_w,55-64_2_m,55-64_2_w,65-74_2_m,65-74_2_w,75-84_2_m,75-84_2_w,>84_2_m,>84_2_w,bp_1,bp_2,mo_1,mo_2,az_1,az_2,ja,unb_1,unb_2
2021-09-28T23:59:59+02:00,1796,1681,9920,9344,10936,10198,13406,13859,17483,17827,20653,20659,16378,17084,9072,11065,2849,5499,9182,8620,10397,9536,12898,13179,16886,17183,20141,20085,16043,16720,8879,10792,2785,5355,149874,143189,20092,19292,27830,27021,11915,7,6
2021-09-27T23:59:59+02:00,1779,1669,9895,9326,10911,10177,13389,13833,17466,17808,20644,20652,16372,17079,9068,11062,2849,5498,9162,8601,10375,9516,12879,13152,16871,17166,20130,20075,16040,16718,8877,10789,2785,5354,149711,143039,20085,19288,27830,27019,11853,7,6
2021-09-26T23:59:59+02:00,1772,1663,9881,9317,10896,10164,13378,13826,17460,17803,20634,20651,16370,17075,9068,11061,2848,5498,9155,8593,10367,9511,12870,13147,16867,17161,20123,20073,16038,16716,8877,10789,2785,5354,149629,143003,20084,19287,27830,27018,11824,7,6
2021-09-25T23:59:59+02:00,1772,1662,9878,9316,10895,10164,13376,13825,17460,17803,20634,20651,16370,17074,9068,11061,2848,5498,9154,8590,10365,9511,12869,13145,16867,17161,20123,20073,16038,16715,8877,10789,2785,5354,149625,142999,20084,19287,27830,27018,11818,7,6
2021-09-24T23:59:59+02:00,1764,1646,9860,9304,10891,10154,13372,13814,17457,17799,20631,20647,16367,17073,9068,11061,2847,5498,9136,8577,10358,9501,12865,13141,16861,17155,20122,20069,16036,16713,8876,10789,2785,5354,149536,142916,20082,19287,27830,27018,11807,7,6
2021-09-23T23:59:59+02:00,1762,1644,9800,9260,10796,10091,13279,13742,17376,17733,20579,20600,16342,17055,9061,11050,2847,5495,9081,8538,10265,9443,12780,13082,16784,17093,20072,20025,16013,16692,8868,10777,2785,5351,149457,142887,20080,19284,27830,27018,11146,7,6
2021-09-22T23:59:59+02:00,1740,1627,9772,9226,10781,10061,13253,13712,17347,17711,20564,20579,16337,17047,9059,11043,2844,5494,9055,8523,10245,9426,12764,13067,16764,17083,20061,20020,16007,16690,8865,10771,2783,5348,149171,142717,20076,19281,27830,27018,11121,7,6
2021-09-21T23:59:59+02:00,1709,1596,9717,9159,10748,10027,13227,13670,17319,17688,20550,20569,16324,17033,9054,11041,2842,5489,9021,8491,10229,9407,12744,13041,16739,17053,20051,20010,15997,16683,8860,10768,2783,5346,148755,142439,20074,19279,27829,27018,11105,7,6
2021-09-20T23:59:59+02:00,1677,1572,9663,9106,10699,9975,13192,13630,17299,17669,20526,20551,16313,17026,9045,11029,2841,5485,8986,8464,10210,9385,12717,13018,16718,17035,20034,19991,15989,16674,8853,10761,2781,5345,148352,142196,20072,19278,27829,27017,11046,7,6
2021-09-19T23:59:59+02:00,1676,1571,9657,9098,10693,9971,13184,13627,17291,17663,20519,20547,16311,17023,9044,11027,2838,5482,8979,8458,10207,9383,12713,13016,16715,17033,20031,19987,15989,16674,8853,10761,2781,5344,148298,142175,20069,19276,27829,27017,11027,7,6
2021-09-18T23:59:59+02:00,1676,1571,9657,9097,10691,9967,13181,13623,17289,17663,20518,20547,16311,17023,9044,11027,2838,5482,8977,8455,10205,9381,12712,13013,16712,17032,20030,19987,15989,16674,8853,10761,2781,5344,148292,142166,20069,19276,27829,27017,11016,7,6
2021-09-17T23:59:59+02:00,1670,1563,9640,9075,10677,9953,13165,13609,17278,17652,20514,20538,16309,17021,9043,11025,2837,5481,8970,8449,10199,9375,12703,13008,16708,17027,20027,19980,15989,16672,8852,10760,2781,5344,148180,142142,20067,19276,27829,27016,10975,7,6
2021-09-16T23:59:59+02:00,1666,1561,9623,9060,10662,9937,13154,13595,17266,17643,20502,20527,16308,17017,9040,11022,2837,5479,8964,8442,10191,9368,12694,13002,16700,17022,20017,19975,15989,16671,8852,10757,2781,5342,148075,142111,20065,19273,27828,27013,10932,7,6
2021-09-15T23:59:59+02:00,1653,1546,9595,9032,10638,9917,13124,13568,17247,17618,20485,20509,16302,17010,9031,11014,2837,5475,8916,8403,10161,9329,12661,12963,16677,17002,19988,19955,15982,16659,8847,10754,2781,5340,147905,141781,19998,19261,27828,27010,10871,7,6
2021-09-14T23:59:59+02:00,1642,1537,9562,9001,10621,9898,13107,13546,17224,17601,20471,20495,16285,16997,9022,11003,2833,5463,8882,8369,10145,9312,12653,12940,16661,16983,19972,19935,15978,16652,8845,10747,2780,5336,147708,141542,19924,19260,27828,27010,10849,7,6
2021-09-13T23:59:59+02:00,1609,1502,9520,8947,10594,9865,13086,13504,17204,17581,20449,20483,16279,16991,9019,10997,2831,5457,8847,8339,10129,9290,12633,12908,16647,16966,19956,19919,15972,16638,8839,10745,2780,5332,147488,141285,19778,19253,27828,27009,10826,6,6
2021-09-12T23:59:59+02:00,1607,1499,9506,8940,10582,9860,13080,13494,17200,17577,20446,20478,16278,16988,9017,10996,2831,5454,8821,8318,10110,9280,12617,12894,16637,16958,19948,19910,15969,16634,8838,10739,2780,5331,147436,141125,19772,19252,27828,27008,10799,6,6
2021-09-11T23:59:59+02:00,1607,1499,9504,8936,10578,9857,13077,13492,17199,17574,20443,20476,16278,16986,9016,10996,2831,5454,8812,8316,10108,9279,12612,12893,16636,16955,19946,19909,15969,16633,8837,10739,2780,5331,147425,141119,19771,19247,27828,27008,10781,6,6
2021-09-10T23:59:59+02:00,1606,1498,9500,8932,10569,9850,13065,13487,17194,17567,20441,20472,16277,16985,9016,10996,2831,5454,8808,8313,10102,9271,12602,12887,16630,16950,19943,19905,15969,16632,8837,10738,2780,5331,147396,141099,19770,19241,27828,27008,10748,6,6
2021-09-09T23:59:59+02:00,1603,1493,9483,8926,10558,9838,13054,13471,17178,17558,20426,20461,16274,16984,9014,10992,2830,5452,8798,8308,10095,9262,12597,12874,16612,16943,19931,19896,15967,16630,8835,10731,2779,5329,147318,141046,19768,19241,27828,27008,10682,6,6
2021-09-08T23:59:59+02:00,1565,1444,9438,8866,10526,9800,13026,13434,17147,17533,20407,20439,16258,16970,9010,10986,2830,5450,8774,8292,10075,9246,12578,12859,16599,16934,19917,19890,15960,16625,8834,10726,2779,5329,146903,140921,19767,19237,27828,27008,10632,6,6
2021-09-07T23:59:59+02:00,1547,1419,9417,8843,10507,9780,13018,13424,17138,17521,20401,20434,16254,16967,9009,10981,2829,5448,8765,8284,10065,9244,12570,12857,16595,16926,19913,19887,15960,16623,8834,10723,2779,5329,146729,140879,19766,19235,27828,27004,10615,6,6
2021-09-06T23:59:59+02:00,1534,1407,9394,8820,10486,9759,13009,13410,17127,17507,20392,20417,16252,16964,9008,10981,2828,5448,8759,8274,10055,9237,12564,12847,16589,16921,19908,19880,15958,16622,8830,10720,2779,5328,146557,140816,19765,19232,27826,27003,10596,6,6
2021-09-05T23:59:59+02:00,1530,1404,9386,8808,10477,9754,13004,13404,17124,17500,20386,20415,16249,16961,9008,10980,2828,5448,8752,8268,10048,9227,12558,12841,16583,16915,19900,19877,15956,16620,8830,10719,2779,5328,146505,140762,19764,19232,27826,27000,10572,6,6
2021-09-04T23:59:59+02:00,1529,1404,9385,8806,10476,9754,13003,13403,17124,17500,20384,20413,16249,16961,9008,10980,2828,5448,8752,8268,10047,9226,12557,12841,16582,16914,19899,19877,15956,16620,8830,10719,2779,5328,146499,140757,19761,19232,27826,27000,10570,6,6
2021-09-03T23:59:59+02:00,1519,1390,9364,8789,10463,9742,12999,13393,17109,17489,20372,20403,16245,16955,9007,10975,2828,5445,8736,8257,10035,9219,12550,12834,16566,16904,19896,19869,15952,16613,8829,10715,2779,5325,146399,140706,19758,19231,27826,27000,10505,6,6
2021-09-02T23:59:59+02:00,1508,1381,9311,8758,10404,9691,12927,13337,17059,17451,20314,20360,16213,16928,8997,10964,2827,5440,8691,8233,9976,9174,12482,12785,16522,16871,19836,19828,15920,16590,8822,10707,2779,5320,146277,140648,19756,19227,27825,26998,10013,6,6
2021-09-01T23:59:59+02:00,1504,1365,9293,8745,10386,9682,12914,13324,17049,17438,20305,20357,16209,16922,8990,10960,2827,5439,8672,8211,9961,9158,12471,12774,16511,16860,19820,19817,15916,16585,8819,10701,2779,5319,146169,140512,19745,19225,27825,26997,9971,6,6
2021-08-31T23:59:59+02:00,1487,1347,9278,8717,10375,9668,12904,13316,17044,17427,20298,20349,16204,16918,8988,10955,2827,5439,8655,8194,9955,9146,12456,12762,16500,16855,19817,19810,15912,16583,8818,10698,2779,5319,146012,140387,19744,19222,27825,26994,9961,6,6
2021-08-30T23:59:59+02:00,1466,1330,9257,8694,10360,9652,12892,13301,17031,17408,20286,20341,16200,16915,8986,10953,2827,5438,8625,8181,9941,9134,12444,12744,16487,16840,19808,19803,15906,16577,8816,10693,2777,5317,145844,140250,19744,19217,27822,26985,9927,6,6
2021-08-29T23:59:59+02:00,1465,1329,9254,8688,10354,9643,12889,13296,17022,17403,20282,20336,16197,16910,8986,10953,2827,5437,8622,8174,9932,9124,12439,12738,16479,16836,19804,19800,15903,16570,8815,10693,2777,5316,145825,140231,19744,19215,27822,26979,9880,6,6
2021-08-28T23:59:59+02:00,1464,1329,9251,8684,10354,9642,12888,13295,17022,17402,20282,20335,16197,16910,8986,10953,2827,5437,8618,8174,9930,9124,12438,12737,16479,16835,19804,19799,15903,16570,8815,10693,2777,5316,145817,140225,19744,19213,27822,26979,9875,6,6
2021-08-27T23:59:59+02:00,1454,1318,9239,8676,10349,9636,12885,13293,17019,17396,20277,20330,16196,16908,8985,10953,2827,5437,8610,8167,9927,9118,12430,12735,16476,16828,19803,19798,15901,16569,8814,10692,2777,5316,145742,140175,19744,19211,27822,26974,9870,6,6
2021-08-26T23:59:59+02:00,1451,1317,9231,8672,10344,9630,12876,13292,17016,17394,20275,20325,16193,16905,8982,10948,2826,5437,8600,8155,9921,9113,12422,12732,16471,16826,19801,19793,15898,16565,8811,10689,2776,5316,145720,140145,19742,19211,27822,26968,9830,6,6
2021-08-25T23:59:59+02:00,1438,1293,9128,8616,10262,9557,12788,13218,16898,17310,20182,20269,16147,16867,8967,10928,2821,5426,8515,8102,9843,9051,12332,12667,16368,16753,19715,19739,15854,16526,8797,10669,2771,5303,145479,140001,19741,19210,27822,26966,9073,6,6
2021-08-24T23:59:59+02:00,1419,1268,9096,8586,10248,9537,12760,13189,16868,17274,20168,20253,16132,16857,8962,10922,2821,5423,8491,8088,9826,9039,12316,12655,16356,16737,19707,19728,15848,16521,8797,10667,2771,5302,145192,139877,19739,19207,27822,26966,9030,6,6
2021-08-23T23:59:59+02:00,1401,1243,9057,8548,10234,9519,12729,13169,16849,17256,20155,20229,16121,16845,8951,10916,2820,5418,8467,8072,9801,9020,12301,12649,16343,16728,19697,19712,15841,16514,8793,10662,2770,5299,144937,139782,19739,19205,27822,26945,8962,6,6
2021-08-22T23:59:59+02:00,1401,1243,9047,8543,10227,9513,12728,13165,16846,17250,20152,20226,16118,16842,8947,10916,2820,5417,8451,8065,9794,9008,12297,12644,16340,16721,19695,19708,15838,16510,8789,10660,2770,5298,144924,139751,19739,19202,27822,26942,8916,6,6
2021-08-21T23:59:59+02:00,1401,1242,9042,8543,10226,9510,12725,13164,16845,17250,20151,20225,16118,16842,8947,10916,2820,5417,8328,7984,9690,8915,12209,12534,16251,16650,19640,19664,15818,16495,8786,10649,2769,5296,144918,139747,19736,18301,27822,26941,8908,6,6
2021-08-20T23:59:59+02:00,1400,1240,9034,8541,10219,9502,12718,13154,16842,17248,20144,20220,16115,16842,8947,10914,2819,5416,7967,7658,9538,8752,12064,12395,16129,16539,19532,19568,15779,16446,8774,10625,2767,5295,144884,137645,19736,18301,27822,26940,8873,6,6
2021-08-19T23:59:59+02:00,1395,1238,9023,8535,10212,9492,12709,13149,16837,17246,20139,20218,16114,16840,8947,10913,2819,5415,7707,7391,9407,8647,11922,12276,16037,16432,19436,19479,15737,16398,8764,10605,2766,5287,144842,135918,19733,18295,27821,26931,8845,6,6
2021-08-18T23:59:59+02:00,1370,1206,8977,8498,10185,9463,12683,13115,16807,17223,20112,20189,16101,16826,8941,10907,2815,5410,7693,7381,9395,8639,11908,12260,16022,16423,19428,19470,15731,16391,8760,10601,2763,5284,144536,135868,19720,18294,27818,26930,8753,6,6
2021-08-17T23:59:59+02:00,1345,1193,8940,8465,10170,9442,12670,13091,16792,17202,20090,20167,16093,16816,8938,10900,2813,5405,7678,7366,9378,8632,11899,12251,16015,16412,19417,19464,15726,16386,8759,10599,2762,5282,144296,135801,19717,18289,27817,26924,8701,6,6
2021-08-16T23:59:59+02:00,1322,1175,8903,8439,10150,9422,12646,13067,16782,17183,20070,20152,16088,16804,8934,10899,2813,5405,7670,7355,9362,8630,11889,12245,16013,16407,19408,19457,15723,16383,8759,10599,2762,5282,144060,135764,19715,18285,27817,26922,8661,6,6
2021-08-15T23:59:59+02:00,1304,1158,8882,8420,10138,9406,12630,13055,16769,17173,20056,20140,16082,16798,8934,10894,2813,5405,7658,7345,9347,8614,11876,12235,16006,16399,19402,19453,15716,16379,8758,10596,2762,5282,143910,135712,19714,18281,27815,26903,8617,6,6
2021-08-14T23:59:59+02:00,1303,1158,8882,8420,10137,9406,12629,13053,16769,17172,20055,20138,16082,16798,8934,10894,2813,5405,7341,7050,9202,8448,11700,12070,15888,16269,19308,19367,15690,16355,8749,10583,2762,5278,143904,133720,19714,18279,27815,26895,8614,6,6
2021-08-13T23:59:59+02:00,1298,1156,8869,8410,10126,9398,12617,13044,16754,17163,20047,20130,16078,16792,8932,10893,2812,5405,6953,6692,9029,8289,11492,11855,15670,16089,19168,19245,15655,16316,8738,10569,2760,5274,143874,131245,19714,18279,27815,26892,8520,6,6
2021-08-12T23:59:59+02:00,1298,1156,8868,8406,10119,9392,12613,13043,16748,17154,20043,20124,16077,16788,8930,10891,2812,5405,6947,6685,9016,8281,11481,11853,15659,16082,19164,19238,15653,16310,8736,10568,2760,5274,143857,131212,19713,18276,27815,26874,8481,6,6
2021-08-11T23:59:59+02:00,1295,1152,8865,8400,10109,9387,12605,13040,16744,17150,20038,20122,16075,16785,8929,10891,2812,5404,6941,6675,9001,8271,11470,11849,15655,16075,19156,19232,15649,16307,8735,10568,2760,5272,143813,131153,19710,18269,27815,26861,8464,6,6
2021-08-10T23:59:59+02:00,1294,1152,8861,8398,10104,9382,12603,13036,16743,17148,20037,20117,16073,16783,8929,10890,2812,5404,6896,6630,8970,8256,11451,11828,15630,16063,19149,19222,15647,16305,8735,10566,2760,5272,143786,130911,19710,18265,27815,26855,8454,6,6
2021-08-09T23:59:59+02:00,1294,1150,8854,8397,10099,9374,12602,13034,16736,17146,20031,20117,16071,16783,8928,10890,2812,5404,6877,6608,8949,8240,11439,11818,15614,16052,19143,19218,15644,16304,8733,10565,2760,5272,143759,130784,19710,18261,27813,26845,8439,6,6
2021-08-08T23:59:59+02:00,1294,1149,8851,8391,10097,9370,12593,13031,16731,17142,20029,20114,16069,16780,8927,10889,2811,5403,6874,6596,8932,8232,11423,11811,15607,16044,19141,19215,15641,16301,8732,10564,2759,5271,143748,130737,19709,18254,27813,26842,8400,6,6
2021-08-07T23:59:59+02:00,1294,1141,8842,8383,10086,9363,12590,13024,16724,17138,20023,20109,16065,16775,8925,10889,2810,5403,6221,6026,8660,8008,11153,11579,15408,15871,19057,19139,15621,16277,8725,10557,2756,5270,143699,127649,19708,18242,27813,26841,8363,6,6
2021-08-06T23:59:59+02:00,1288,1140,8832,8371,10071,9351,12570,13006,16706,17126,20006,20096,16058,16767,8925,10886,2810,5402,6207,6011,8644,7993,11129,11559,15386,15855,19040,19127,15614,16270,8725,10554,2756,5269,143661,127598,19706,18236,27813,26839,8230,6,6
2021-08-05T23:59:59+02:00,1285,1138,8825,8364,10062,9342,12555,12998,16700,17123,19999,20092,16057,16767,8925,10885,2810,5402,5922,5773,8295,7697,10766,11284,15065,15616,18790,18960,15594,16247,8715,10547,2755,5268,143612,127513,19702,15529,27809,26806,8205,6,6
2021-08-04T23:59:59+02:00,1284,1135,8819,8361,10057,9339,12548,12994,16695,17121,19997,20089,16056,16767,8924,10884,2810,5401,5908,5766,8267,7686,10747,11273,15049,15609,18785,18955,15591,16244,8714,10547,2754,5268,143581,127415,19701,15521,27808,26791,8190,6,6
2021-08-03T23:59:59+02:00,1277,1132,8815,8351,10052,9334,12543,12991,16690,17119,19992,20087,16054,16767,8923,10882,2810,5400,5796,5652,8174,7617,10630,11195,15000,15557,18756,18940,15587,16242,8713,10545,2752,5267,143536,126689,19699,15513,27808,26762,8175,6,6
2021-08-02T23:59:59+02:00,1271,1126,8802,8343,10044,9327,12538,12985,16685,17110,19985,20083,16052,16764,8921,10879,2809,5399,5624,5493,8042,7511,10506,11080,14929,15476,18724,18915,15579,16233,8707,10545,2751,5267,143456,125622,19693,15510,27807,26731,8166,6,6
2021-08-01T23:59:59+02:00,1269,1125,8795,8334,10037,9320,12532,12983,16680,17108,19980,20081,16052,16764,8920,10877,2809,5399,5562,5436,7991,7462,10444,11029,14894,15451,18711,18898,15576,16230,8705,10542,2751,5265,143411,125184,19690,15507,27806,26710,8157,6,6
2021-07-31T23:59:59+02:00,1269,1125,8794,8331,10037,9319,12530,12983,16679,17108,19979,20079,16052,16764,8920,10876,2809,5399,5537,5416,7975,7450,10428,11016,14881,15445,18708,18895,15575,16229,8705,10542,2751,5265,143408,125058,19689,15504,27806,26709,8149,6,6
2021-07-30T23:59:59+02:00,1138,1007,8563,8102,9944,9201,12448,12899,16600,17035,19920,20011,16020,16725,8914,10859,2808,5396,5246,5139,7837,7308,10240,10825,14744,15280,18641,18839,15550,16202,8692,10528,2747,5261,141953,123233,19687,15496,27806,26691,8143,6,6
2021-07-29T23:59:59+02:00,1131,999,8433,8013,9784,9104,12296,12796,16454,16941,19756,19901,15935,16657,8889,10840,2807,5389,4948,4906,7557,7115,9961,10622,14496,15106,18445,18721,15465,16128,8665,10507,2746,5251,141835,122126,19684,15454,27806,26665,6799,6,6
2021-07-28T23:59:59+02:00,1120,985,8402,7976,9770,9089,12275,12782,16437,16919,19736,19891,15928,16644,8882,10836,2807,5387,4527,4475,7238,6861,9644,10323,14261,14924,18388,18680,15450,16117,8659,10496,2746,5241,141593,119473,19682,15400,27804,26603,6786,6,6
2021-07-27T23:59:59+02:00,1110,977,8379,7961,9758,9082,12264,12773,16428,16914,19729,19878,15926,16638,8880,10833,2806,5385,4292,4227,7008,6662,9397,10044,14100,14764,18337,18615,15401,16071,8642,10480,2743,5234,141456,117451,19679,15399,27804,26580,6781,6,6
2021-07-26T23:59:59+02:00,1106,974,8365,7949,9752,9077,12258,12767,16421,16906,19722,19877,15923,16633,8878,10829,2805,5380,4184,4115,6906,6552,9272,9919,14019,14684,18292,18582,15390,16060,8632,10472,2740,5232,141378,116549,19675,15390,27793,26522,6775,6,6
2021-07-25T23:59:59+02:00,1105,973,8358,7945,9739,9073,12248,12764,16416,16901,19719,19876,15921,16633,8877,10829,2805,5380,4135,4062,6830,6501,9201,9865,13982,14651,18268,18568,15372,16047,8625,10466,2740,5230,141353,116105,19672,15374,27792,26501,6744,6,6
2021-07-24T23:59:59+02:00,1103,969,8269,7883,9665,8994,12181,12687,16349,16847,19679,19837,15900,16619,8874,10819,2805,5379,4092,4022,6772,6451,9123,9811,13917,14585,18235,18542,15360,16037,8617,10462,2740,5230,141334,115855,19010,15092,27792,26499,6722,6,6
2021-07-23T23:59:59+02:00,1076,944,8157,7794,9627,8959,12147,12658,16304,16812,19649,19818,15894,16613,8870,10815,2805,5379,3798,3734,6510,6240,8842,9525,13681,14409,18155,18483,15318,15993,8599,10443,2738,5224,140838,113595,19010,15068,27792,26493,6680,6,6
2021-07-22T23:59:59+02:00,985,858,7941,7565,9522,8869,12029,12562,16213,16725,19576,19732,15848,16573,8862,10800,2804,5373,3671,3607,6354,6148,8690,9395,13519,14267,18082,18416,15296,15968,8591,10434,2738,5223,139375,112445,19009,14996,27785,26400,6667,6,6
2021-07-21T23:59:59+02:00,965,844,7909,7525,9506,8858,12006,12539,16189,16709,19552,19711,15837,16566,8862,10795,2804,5373,3363,3337,6009,5891,8295,9011,13252,14031,17940,18290,15204,15887,8559,10404,2735,5211,139118,109633,19007,14924,27780,26301,6644,6,6
2021-07-20T23:59:59+02:00,964,843,7901,7520,9497,8855,12001,12537,16181,16708,19547,19706,15836,16565,8862,10794,2804,5373,3290,3284,5950,5837,8236,8950,13167,13987,17908,18276,15204,15887,8559,10402,2735,5211,139078,109245,19006,14909,27777,26169,6632,6,6
2021-07-19T23:59:59+02:00,963,843,7895,7520,9493,8848,11996,12535,16176,16702,19545,19706,15835,16562,8862,10792,2804,5372,3240,3249,5903,5798,8178,8906,13110,13960,17862,18265,15204,15885,8559,10400,2735,5210,139047,108977,19005,14893,27777,26044,6619,6,6
2021-07-18T23:59:59+02:00,962,842,7885,7511,9486,8842,11988,12531,16170,16697,19543,19705,15834,16560,8862,10792,2804,5372,3221,3232,5863,5767,8144,8878,13071,13944,17849,18262,15204,15884,8559,10400,2735,5209,139002,108790,19003,14860,27775,26035,6605,6,6
2021-07-17T23:59:59+02:00,846,723,7561,7218,9334,8673,11810,12369,16041,16558,19447,19610,15813,16539,8854,10779,2804,5369,3120,3123,5751,5674,8011,8722,12930,13817,17754,18185,15194,15866,8556,10393,2735,5209,136985,107610,19001,14856,27775,26031,6589,3,6
2021-07-16T23:59:59+02:00,689,571,7164,6893,9145,8516,11618,12159,15837,16382,19306,19482,15783,16502,8845,10765,2803,5367,3058,3062,5675,5610,7898,8618,12811,13683,17675,18110,15172,15850,8552,10391,2734,5209,134501,106715,19001,14851,27774,26025,6553,3,6
2021-07-15T23:59:59+02:00,687,571,7151,6885,9141,8515,11607,12155,15827,16375,19302,19476,15781,16500,8841,10763,2802,5358,3020,3027,5608,5569,7808,8566,12736,13643,17645,18088,15149,15835,8544,10384,2733,5200,134463,106484,18999,14696,27769,25903,6507,3,6
2021-07-14T23:59:59+02:00,685,570,7142,6877,9137,8513,11602,12151,15821,16372,19297,19471,15779,16497,8838,10760,2801,5354,2997,3015,5567,5538,7773,8544,12703,13627,17628,18077,15142,15832,8541,10380,2733,5196,134431,106332,18998,14663,27769,25863,6470,3,6
2021-07-13T23:59:59+02:00,680,567,7118,6860,9125,8497,11593,12137,15810,16352,19288,19464,15770,16493,8834,10750,2796,5346,2939,2964,5503,5470,7612,8410,12449,13409,17471,17948,15123,15821,8529,10367,2728,5185,134305,105110,18998,14610,27766,25828,6412,3,6
2021-07-12T23:59:59+02:00,674,559,7104,6844,9115,8486,11582,12128,15805,16339,19276,19460,15768,16489,8832,10750,2796,5343,2881,2910,5421,5395,7465,8294,12201,13197,17292,17803,15113,15816,8525,10360,2727,5185,134189,103873,18996,14559,27762,25778,6404,3,6
2021-07-11T23:59:59+02:00,673,558,7096,6841,9106,8477,11576,12120,15795,16336,19271,19455,15768,16486,8831,10748,2796,5343,2850,2875,5345,5319,7368,8206,12036,13041,17165,17671,15106,15805,8524,10357,2727,5185,134147,102986,18992,14509,27762,25737,6376,3,6
2021-07-10T23:59:59+02:00,499,401,6528,6292,8879,8293,11334,11926,15638,16203,19216,19406,15760,16476,8827,10743,2795,5342,2820,2841,5294,5276,7287,8125,11934,12941,17087,17604,15090,15789,8521,10346,2724,5183,131446,102289,18992,14507,27762,25729,6359,3,6
2021-07-09T23:59:59+02:00,488,394,6469,6264,8853,8256,11294,11897,15612,16190,19203,19390,15759,16473,8827,10740,2795,5342,2763,2774,5211,5208,7109,7949,11524,12642,16790,17397,15070,15761,8514,10341,2723,5181,131355,101267,18781,13645,27761,25715,6350,3,6
2021-07-08T23:59:59+02:00,483,392,6150,6001,8479,7965,10913,11589,15275,15943,18944,19217,15737,16449,8818,10733,2792,5341,2701,2724,5130,5133,6969,7857,11324,12500,16640,17274,15063,15753,8514,10339,2723,5180,131269,100406,15876,13476,27757,25641,6320,3,6
2021-07-07T23:59:59+02:00,481,388,6135,5988,8456,7949,10899,11572,15264,15933,18943,19212,15735,16445,8817,10731,2792,5339,2653,2669,5041,5075,6833,7764,11090,12320,16476,17141,15055,15746,8509,10334,2723,5180,131158,99385,15867,13354,27755,25593,6296,3,6
2021-07-06T23:59:59+02:00,454,367,6033,5895,8375,7883,10823,11503,15230,15893,18920,19195,15728,16435,8814,10729,2789,5337,2584,2599,4903,4961,6646,7631,10700,11908,16106,16766,15030,15713,8501,10327,2722,5176,130537,97232,15859,13271,27751,25533,6253,3,6
2021-07-05T23:59:59+02:00,413,333,5854,5723,8258,7787,10710,11388,15171,15825,18888,19164,15722,16427,8810,10724,2786,5336,2530,2524,4805,4864,6515,7495,10350,11591,15831,16461,14999,15683,8493,10312,2722,5171,129486,95442,15855,13207,27748,25480,6227,3,6
2021-07-04T23:59:59+02:00,393,303,5779,5644,8201,7732,10643,11332,15140,15794,18874,19145,15716,16424,8809,10722,2786,5334,2511,2494,4744,4818,6456,7444,10213,11482,15730,16389,14994,15676,8491,10311,2721,5171,128981,94878,15849,13138,27743,25443,6195,3,6
2021-07-03T23:59:59+02:00,388,301,5761,5636,8192,7723,10632,11329,15133,15788,18871,19143,15716,16424,8809,10722,2786,5334,2476,2463,4649,4789,6348,7419,10155,11437,15627,16303,14316,14968,8472,10286,2721,5171,128915,94764,15847,13136,27743,23528,6180,3,6
2021-07-02T23:59:59+02:00,344,262,5573,5485,8118,7648,10534,11232,15068,15732,18852,19137,15712,16420,8804,10720,2784,5331,2428,2415,4494,4710,6165,7345,10001,11281,15437,16100,13524,14051,8464,10271,2721,5170,127997,94201,15845,13092,27742,21123,6169,3,6
2021-07-01T23:59:59+02:00,283,208,5355,5304,7989,7537,10397,11107,14939,15637,18807,19112,15704,16413,8799,10714,2784,5330,2310,2294,4318,4537,5928,7095,9220,10597,14808,15630,13499,14022,8459,10266,2717,5168,126708,90706,15835,12997,27741,21039,6132,3,6
2021-06-30T23:59:59+02:00,153,119,4873,4828,7647,7261,10047,10768,14711,15460,18749,19068,15693,16402,8795,10706,2784,5327,2273,2248,4233,4468,5817,6999,9049,10475,14720,15552,13485,14014,8456,10263,2717,5166,123718,90110,15829,12824,27741,20907,6100,3,6
2021-06-29T23:59:59+02:00,117,98,4589,4546,7397,7043,9757,10468,14512,15270,18685,19008,15641,16352,8776,10691,2783,5322,2206,2166,4090,4331,5611,6820,8824,10248,14425,15330,13437,13965,8444,10239,2715,5153,121651,88666,15825,12671,27739,20834,5837,3,6
2021-06-28T23:59:59+02:00,101,77,4452,4401,7292,6932,9635,10339,14421,15163,18640,18966,15625,16336,8762,10680,2780,5320,2121,2039,3907,4125,5330,6478,8439,9737,13893,14794,13318,13875,8426,10215,2712,5141,120630,85458,15816,12589,27736,20769,5737,3,4
2021-06-27T23:59:59+02:00,96,75,4400,4352,7233,6876,9573,10285,14388,15130,18620,18949,15608,16324,8755,10673,2779,5315,2067,2004,3843,4079,5218,6365,8271,9609,13718,14682,13292,13855,8417,10206,2709,5139,120263,84668,15813,12554,27734,20636,5618,3,4
2021-06-26T23:59:59+02:00,83,73,4356,4324,7202,6849,9555,10264,14369,15114,18608,18936,15604,16318,8755,10673,2779,5315,1990,1912,3653,3919,5003,6108,7905,9154,13368,14385,13212,13797,8397,10178,2704,5130,120023,82025,15809,12554,27734,20630,5608,3,4
2021-06-25T23:59:59+02:00,70,60,4043,3997,6934,6610,9264,9972,14146,14926,18525,18880,15558,16272,8736,10654,2777,5308,1925,1828,3490,3800,4811,5876,7580,8740,13058,14050,13162,13741,8384,10153,2698,5124,117617,79677,15781,12523,27734,20625,5597,3,4
2021-06-24T23:59:59+02:00,63,53,3949,3904,6835,6524,9165,9880,14047,14842,18497,18847,15543,16256,8730,10647,2777,5307,1856,1752,3377,3704,4613,5734,7360,8544,12807,13850,12328,12811,8204,9890,2698,5123,116885,78463,15771,12418,27731,18296,5476,3,4
2021-06-23T23:59:59+02:00,49,48,3542,3526,6382,6175,8634,9370,13709,14539,18361,18712,15439,16164,8687,10610,2774,5293,1718,1576,3123,3501,4199,5406,6415,7834,12067,13149,12305,12799,8194,9883,2698,5119,113942,77835,15522,9089,27730,18247,4817,3,4
2021-06-22T23:59:59+02:00,40,40,3470,3454,6306,6116,8531,9293,13657,14492,18328,18695,15428,16157,8686,10605,2774,5290,1678,1522,3020,3399,4057,5256,6163,7650,11457,12442,12215,12707,8177,9850,2694,5111,113316,75508,15518,9008,27728,18087,4797,3,4
2021-06-21T23:59:59+02:00,34,37,3399,3393,6212,6062,8472,9221,13597,14448,18295,18675,15425,16155,8683,10602,2774,5289,1641,1471,2929,3302,3933,5106,5967,7424,10702,11519,11829,12252,7101,8624,2688,5104,112800,72852,15511,8907,27720,15095,4739,3,4
2021-06-20T23:59:59+02:00,34,36,3373,3371,6165,6030,8427,9191,13569,14433,18284,18671,15424,16155,8683,10602,2774,5289,1622,1454,2893,3275,3882,5069,5914,7401,10615,11445,11809,12233,7099,8617,2687,5104,112625,72538,15495,8831,27720,15082,4668,3,4
2021-06-19T23:59:59+02:00,32,34,3346,3347,6136,6009,8398,9172,13545,14427,18278,18666,15424,16154,8683,10602,2774,5289,1618,1442,2888,3266,3874,5064,5900,7396,10604,11438,11809,12233,7099,8616,2687,5104,112436,72459,15489,8831,27720,15080,4668,3,4
2021-06-18T23:59:59+02:00,28,29,3305,3305,6060,5970,8330,9118,13500,14396,18255,18655,15423,16152,8682,10601,2774,5289,1543,1347,2752,3091,3691,4788,5503,7022,9113,9868,11642,12064,7058,8566,2675,5086,112055,67278,15462,8830,27720,15069,4632,3,4
2021-06-17T23:59:59+02:00,26,26,3241,3253,5994,5932,8257,9065,13427,14351,18232,18644,15421,16147,8680,10598,2774,5286,1411,1252,2563,2876,3429,4498,5142,6626,8440,9136,11359,11822,7017,8509,2671,5083,111684,63561,15433,8714,27717,15042,4517,3,4
2021-06-16T23:59:59+02:00,26,23,3188,3192,5882,5866,8139,8971,13300,14265,18166,18608,15415,16138,8680,10595,2774,5286,1314,1196,2422,2768,3246,4340,4858,6355,7362,7846,11268,11715,6986,8472,2658,5065,111046,59800,15359,8668,27714,15011,4392,3,4
2021-06-15T23:59:59+02:00,21,22,3091,3107,5765,5777,7950,8794,13039,14046,18015,18481,15400,16126,8672,10589,2774,5284,1276,1163,2350,2712,3139,4266,4656,6231,7050,7596,10773,11156,6953,8437,2650,5052,109625,57558,15331,8636,27705,14978,4289,3,3
2021-06-14T23:59:59+02:00,20,20,3018,3036,5687,5720,7809,8675,12750,13809,17830,18307,15384,16112,8665,10584,2773,5283,1249,1135,2284,2656,3014,4170,4458,6091,6711,7294,10245,10545,6922,8400,2646,5043,108244,55192,15323,8531,27701,14931,4211,3,2
2021-06-13T23:59:59+02:00,20,20,3000,3005,5621,5682,7746,8609,12610,13673,17725,18185,15378,16103,8664,10581,2772,5283,1239,1122,2253,2642,2977,4159,4414,6071,6679,7278,10241,10538,6922,8399,2646,5043,107507,55051,15312,8525,27697,14891,4158,3,2
2021-06-12T23:59:59+02:00,18,20,2971,2987,5593,5657,7715,8591,12590,13655,17716,18182,15377,16102,8664,10581,2772,5283,1182,1060,2163,2567,2881,4024,4272,5940,6569,7193,10159,10460,6326,7675,2646,5043,107308,54936,15310,8525,27697,12545,4156,3,2
2021-06-11T23:59:59+02:00,18,17,2894,2911,5524,5592,7532,8405,12180,13347,17434,17977,15361,16077,8658,10573,2770,5281,1159,1043,2108,2527,2816,3976,4187,5878,6459,7103,10057,10347,6312,7669,2644,5037,106290,54413,14417,8257,27696,12509,4145,3,2
2021-06-10T23:59:59+02:00,14,15,2838,2870,5425,5541,7399,8322,11993,13209,17298,17860,15356,16073,8658,10572,2769,5280,1120,1018,2033,2461,2715,3899,4017,5748,6217,6891,9806,10079,6292,7641,2638,5031,105372,52853,14343,8253,27691,12419,4083,3,2
2021-06-09T23:59:59+02:00,13,14,2762,2801,5301,5447,7176,8150,11716,12967,17111,17712,15345,16059,8654,10563,2769,5277,1063,956,1901,2343,2511,3718,3689,5463,5596,6383,8985,9178,6235,7565,2624,4996,104169,48855,14191,8235,27682,12326,3792,3,2
2021-06-08T23:59:59+02:00,10,10,2664,2697,5168,5320,6980,7967,11284,12540,16734,17324,15326,16032,8643,10556,2768,5272,1026,927,1834,2279,2405,3645,3547,5397,5447,6254,8952,9159,6233,7554,2622,4992,101966,48348,14164,8186,27680,12259,3482,3,2
2021-06-07T23:59:59+02:00,8,9,2536,2599,4977,5191,6772,7804,10807,12180,16391,17028,15300,16004,8637,10539,2767,5268,955,890,1707,2225,2266,3563,3294,5308,5093,5969,8403,8535,6180,7495,2618,4983,100032,46137,14121,8172,27671,12187,2990,3,2
2021-06-06T23:59:59+02:00,8,7,2500,2575,4916,5132,6685,7748,10670,12070,16299,16964,15297,16000,8637,10539,2765,5267,939,880,1678,2206,2224,3536,3228,5284,5045,5945,8398,8534,6175,7488,2618,4982,99445,45983,14069,8163,27665,12119,2897,3,2
2021-06-05T23:59:59+02:00,7,6,2487,2553,4887,5105,6647,7721,10639,12043,16290,16958,15297,16000,8637,10539,2765,5267,923,865,1646,2179,2185,3484,3126,5202,4690,5617,7800,7831,6147,7435,2617,4980,99220,43601,14069,8158,27663,12077,2893,3,2
2021-06-04T23:59:59+02:00,6,5,2457,2525,4842,5060,6599,7670,10550,11940,16238,16894,15293,15993,8637,10538,2764,5266,911,847,1623,2160,2143,3447,3074,5144,4527,5428,7498,7463,6111,7393,2615,4974,98691,42316,14064,8156,27663,12032,2856,3,2
2021-06-03T23:59:59+02:00,6,5,2353,2394,4689,4889,6391,7421,9848,11305,15648,16445,15282,15983,8634,10532,2763,5265,894,816,1582,2100,2094,3367,2984,5035,4382,5262,7339,7274,6099,7366,2615,4970,95347,41266,14025,8146,27658,11949,2820,3,2
2021-06-02T23:59:59+02:00,6,5,2336,2369,4645,4856,6336,7382,9748,11216,15590,16392,15274,15979,8633,10528,2763,5264,881,803,1564,2077,2042,3330,2899,4950,4020,4873,6782,6636,6055,7310,2611,4959,94822,38929,14023,8142,27658,11906,2816,3,2
2021-06-01T23:59:59+02:00,6,4,2274,2328,4526,4766,6172,7270,9560,11069,15483,16316,15271,15975,8629,10524,2762,5259,849,777,1499,2027,1929,3268,2743,4859,3817,4746,6571,6404,6033,7292,2605,4952,93958,37845,13974,8120,27647,11794,2612,3,2
2021-05-31T23:59:59+02:00,2,4,2224,2269,4426,4673,6030,7144,9375,10923,15397,16262,15263,15968,8626,10524,2762,5259,826,741,1441,1968,1860,3221,2568,4806,3687,4692,6213,5989,6010,7271,2602,4944,93238,36666,13888,8114,27636,11693,2366,3,2
2021-05-30T23:59:59+02:00,2,4,2199,2248,4369,4612,5941,7084,9300,10861,15360,16243,15262,15966,8626,10524,2762,5259,814,730,1418,1947,1810,3197,2435,4771,3583,4674,6211,5987,6010,7271,2602,4944,92794,36350,13848,8092,27626,11611,2351,3,2
2021-05-29T23:59:59+02:00,2,4,2182,2233,4351,4601,5924,7068,9287,10848,15355,16240,15261,15966,8626,10524,2762,5259,795,677,1324,1688,1677,2836,2235,4224,3304,4246,6121,5893,5898,7139,2601,4944,92668,36299,13845,8086,27626,8866,2351,3,2
2021-05-28T23:59:59+02:00,2,4,2161,2210,4313,4556,5880,7023,9211,10778,15288,16188,15257,15964,8626,10524,2762,5258,776,587,1246,1438,1578,2434,2056,3537,3040,3650,5483,5152,5816,7048,2597,4931,92196,34999,13832,8086,27624,5934,2350,3,2
2021-05-27T23:59:59+02:00,2,4,2118,2172,4228,4489,5756,6949,9056,10678,15191,16104,15256,15963,8626,10524,2762,5258,747,552,1213,1356,1536,2297,1988,3396,2927,3530,5046,4669,5783,7009,2586,4902,91515,33874,13683,8077,27601,5252,2334,3,2
2021-05-26T23:59:59+02:00,2,4,2049,2054,4031,4344,5414,6686,8088,9936,14432,15399,15244,15957,8622,10518,2760,5256,736,536,1187,1297,1491,2242,1930,3283,2776,3386,3741,3289,5724,6936,2563,4845,90742,30604,10157,8062,27586,4988,2308,3,2
2021-05-25T23:59:59+02:00,2,4,2008,2015,3948,4277,5318,6620,7954,9829,14057,14965,15196,15920,8615,10503,2758,5252,727,526,1157,1262,1469,2219,1911,3256,2751,3360,3735,3279,5717,6933,2561,4844,89401,30517,10009,8053,27569,4878,2259,3,2
2021-05-24T23:59:59+02:00,2,4,1982,1969,3859,4203,5213,6538,7829,9705,13546,14351,15145,15852,8608,10489,2757,5247,721,518,1137,1250,1439,2205,1890,3238,2726,3338,3719,3261,5695,6909,2554,4828,87610,30390,9930,8002,27557,4838,2199,3,1
2021-05-23T23:59:59+02:00,2,4,1973,1956,3840,4180,5195,6525,7777,9674,13470,14288,15134,15848,8606,10488,2756,5247,714,507,1127,1237,1414,2181,1832,3203,2618,3240,3308,2828,5053,6098,2540,4783,87375,30218,9829,5450,27557,4817,2199,3,1
2021-05-22T23:59:59+02:00,2,4,1806,1914,3538,4130,4793,6481,7522,9618,13345,14209,15128,15847,8606,10487,2756,5247,552,476,834,1195,1037,2145,1594,3150,2504,3165,3305,2826,5053,6097,2540,4783,87225,30206,9829,5449,27555,4781,821,3,1
2021-05-21T23:59:59+02:00,2,3,1720,1805,3384,3938,4604,6186,7125,9252,12054,12872,14977,15698,8569,10440,2747,5236,548,464,824,1193,1035,2138,1559,3120,2427,3089,3132,2690,5027,6054,2537,4768,82452,29574,9789,5449,27549,4763,819,3,1
2021-05-20T23:59:59+02:00,2,3,1682,1770,3292,3887,4497,6105,6948,9172,11843,12644,14956,15680,8566,10433,2746,5235,528,451,783,1147,979,2074,1439,3049,2301,2993,2944,2521,4986,5978,2529,4753,81619,28831,9686,5434,27492,4528,662,2,1
2021-05-19T23:59:59+02:00,2,3,1660,1744,3235,3831,4404,6039,6833,9109,11610,12384,14945,15670,8564,10432,2746,5234,519,439,767,1110,961,2005,1328,2901,1976,2701,2382,2027,4881,5861,2508,4706,80806,26769,9546,5418,27467,4261,624,2,1
2021-05-18T23:59:59+02:00,2,3,1598,1710,3146,3741,4292,5936,6674,8950,11321,12130,14900,15622,8552,10409,2744,5224,516,427,752,1095,943,1988,1245,2835,1698,2478,1942,1683,4808,5778,2487,4663,79710,25232,9344,5408,27398,4198,500,2,1
2021-05-17T23:59:59+02:00,2,3,1549,1629,3016,3583,4087,5657,6326,8492,10773,11580,14792,15531,8533,10384,2739,5214,514,419,746,1088,925,1983,1221,2811,1670,2440,1926,1664,4801,5771,2484,4660,76818,25168,9309,5394,27373,4173,388,2,1
2021-05-16T23:59:59+02:00,2,3,1530,1607,2963,3543,3992,5570,6177,8356,10597,11447,14766,15509,8526,10376,2738,5212,507,413,723,1073,895,1967,1193,2783,1637,2416,1919,1655,4798,5767,2481,4658,76074,25138,9252,5376,27343,4128,243,2,1
2021-05-15T23:59:59+02:00,2,3,1443,1510,2752,3376,3763,5292,5816,7884,10245,11151,14681,15447,8507,10347,2732,5203,507,411,719,1071,895,1963,1188,2782,1631,2411,1907,1643,4792,5761,2481,4656,73322,25077,9252,5376,27336,4123,242,2,1
2021-05-14T23:59:59+02:00,2,3,1409,1447,2640,3280,3611,5135,5619,7596,10026,10898,14646,15409,8494,10324,2729,5199,458,370,647,905,822,1677,1058,2371,1450,2086,1873,1603,4789,5753,2480,4651,71683,25013,9232,5374,27312,2368,238,2,1
2021-05-13T23:59:59+02:00,2,3,1352,1380,2538,3196,3443,4999,5400,7390,9798,10719,14620,15380,8485,10321,2727,5196,451,357,620,877,721,1569,959,2286,1185,1874,1158,1023,4569,5519,2472,4619,70523,24893,8920,2839,27281,2304,223,2,1
2021-05-12T23:59:59+02:00,2,3,1345,1371,2522,3191,3425,4986,5379,7377,9784,10707,14618,15376,8483,10319,2726,5196,451,356,619,876,717,1566,954,2286,1181,1868,1139,1014,4556,5483,2440,4550,70411,24694,8896,2839,27279,2301,222,2,1
2021-05-11T23:59:59+02:00,2,2,1303,1329,2449,3108,3312,4859,5185,7232,9497,10399,14571,15319,8471,10299,2722,5187,445,343,601,862,696,1549,926,2262,1155,1841,1084,978,4493,5386,2398,4426,69075,24204,8774,2821,27195,2220,200,2,1
2021-05-10T23:59:59+02:00,2,2,1279,1302,2386,3031,3186,4734,5055,7075,9173,10018,14525,15280,8462,10280,2717,5185,444,341,588,852,682,1534,914,2247,1137,1827,1049,944,4432,5310,2359,4311,67722,23795,8654,2818,27124,2168,190,2,1
2021-05-09T23:59:59+02:00,2,2,1264,1285,2343,3018,3108,4698,4993,7041,9108,9974,14512,15265,8460,10275,2717,5183,436,339,574,847,659,1514,892,2226,1125,1813,1030,928,4420,5272,2344,4269,67485,23635,8580,2816,27078,2134,103,2,1
2021-05-08T23:59:59+02:00,1,2,1262,1281,2328,3006,3091,4687,4953,7027,9084,9966,14511,15265,8460,10274,2717,5183,436,339,574,847,658,1514,892,2225,1124,1812,1030,928,4419,5272,2344,4269,67343,23634,8574,2813,27076,2133,103,2,1
2021-05-07T23:59:59+02:00,1,2,1243,1260,2289,2965,3039,4638,4854,6935,8860,9719,14496,15243,8454,10268,2714,5179,387,312,542,779,621,1353,822,2018,1036,1623,1000,899,4399,5249,2342,4264,66436,23530,8568,2810,27050,1203,103,2,1
2021-05-06T23:59:59+02:00,1,2,1094,1167,2061,2722,2741,4328,4483,6534,8273,9114,14218,15004,8414,10211,2711,5178,386,308,530,760,604,1322,803,1983,1003,1595,973,868,4389,5235,2340,4260,62803,23401,8440,2760,26915,1102,96,2,1
2021-05-05T23:59:59+02:00,1,1,1029,1116,1952,2609,2582,4157,4187,6255,7257,7931,14133,14906,8379,10170,2698,5158,383,305,523,750,589,1313,769,1969,980,1575,898,806,4348,5163,2332,4244,59282,23079,8395,2741,26792,1077,50,2,1
2021-05-04T23:59:59+02:00,1,1,1007,1096,1901,2570,2480,4090,3966,6142,6976,7716,13627,14338,8349,10136,2693,5149,380,304,518,746,578,1308,752,1950,964,1568,880,782,4328,5147,2329,4235,57225,22946,8337,2726,26632,1055,42,2,1
2021-05-03T23:59:59+02:00,1,1,975,1059,1840,2517,2377,3981,3767,6025,6619,7416,13090,13713,8312,10098,2686,5134,374,303,516,742,567,1302,743,1939,950,1555,855,758,4311,5129,2323,4222,54804,22835,8311,2717,26493,1036,1,2,1
2021-05-02T23:59:59+02:00,1,1,970,1058,1821,2511,2352,3974,3725,6015,6585,7408,13089,13713,8312,10097,2686,5134,374,303,513,742,566,1300,738,1939,949,1551,853,754,4310,5125,2323,4222,54672,22817,8307,2715,26470,1029,1,2,1
2021-05-01T23:59:59+02:00,1,1,970,1056,1813,2509,2341,3969,3713,6007,6572,7399,13088,13711,8312,10097,2686,5134,374,303,513,742,566,1300,737,1938,947,1551,853,754,4310,5125,2323,4222,54603,22817,8305,2711,26468,1029,1,2,1
2021-04-30T23:59:59+02:00,0,1,954,1051,1792,2495,2320,3934,3676,5974,6494,7345,12992,13607,8311,10093,2683,5122,322,248,472,667,537,1124,708,1715,913,1347,842,736,4306,5123,2323,4222,54108,22803,8304,2707,26429,94,1,2,1
2021-04-29T23:59:59+02:00,0,1,899,1026,1735,2444,2257,3875,3529,5851,6257,7122,12733,13334,8289,10064,2679,5115,315,246,462,660,534,1117,701,1705,903,1337,834,721,4297,5115,2323,4220,52514,22716,8289,2701,26404,72,1,2,1
2021-04-28T23:59:59+02:00,0,1,838,992,1656,2382,2113,3765,3244,5598,5653,6617,11897,12417,8231,9975,2656,5078,314,243,460,653,526,1103,690,1684,892,1330,820,705,4278,5088,2321,4220,48464,22593,8282,2682,26364,51,1,2,1
2021-04-27T23:59:59+02:00,0,1,828,987,1638,2362,2068,3747,3173,5573,5527,6495,11868,12400,8229,9973,2656,5076,313,241,454,651,518,1097,681,1672,883,1324,808,694,4274,5082,2320,4214,47985,22515,8279,2667,26334,43,1,2,1
2021-04-26T23:59:59+02:00,0,1,818,974,1612,2344,2008,3706,2996,5495,5196,6210,11303,11755,8174,9908,2652,5067,311,240,453,650,512,1091,670,1666,874,1314,799,685,4269,5077,2320,4210,45657,22463,8270,2639,26290,38,1,1,1
2021-04-25T23:59:59+02:00,0,1,808,972,1597,2338,1970,3689,2870,5472,5103,6205,11299,11751,8171,9902,2651,5066,310,240,453,650,512,1084,670,1664,871,1312,799,684,4269,5077,2320,4210,45330,22458,8264,2635,26269,31,1,1,1
2021-04-24T23:59:59+02:00,0,1,794,962,1575,2318,1930,3644,2773,5404,4758,5885,10682,11026,8141,9844,2650,5064,310,240,453,650,512,1083,669,1663,870,1312,794,680,4259,5061,2318,4209,42923,22421,8263,2631,26263,30,1,1,1
2021-04-23T23:59:59+02:00,0,1,789,954,1562,2308,1901,3618,2732,5353,4597,5699,10373,10645,8101,9802,2647,5055,310,239,453,650,512,1082,668,1663,868,1312,794,679,4256,5058,2318,4209,41623,22410,8263,2630,26249,30,1,1,1
2021-04-22T23:59:59+02:00,0,1,773,939,1534,2265,1851,3550,2646,5263,4444,5545,10229,10451,8087,9771,2645,5047,310,238,451,639,510,1076,662,1655,862,1303,788,674,4253,5056,2318,4207,40622,22374,8237,2605,26180,22,1,1,1
2021-04-21T23:59:59+02:00,0,1,762,926,1510,2253,1798,3505,2542,5176,4059,5125,9632,9768,8038,9709,2641,5036,308,238,449,637,510,1075,658,1652,857,1298,776,662,4243,5042,2318,4203,38106,22324,8220,2581,26153,20,1,1,1
2021-04-20T23:59:59+02:00,0,1,755,915,1488,2226,1767,3476,2490,5119,3922,5029,9436,9548,8021,9699,2637,5033,308,236,449,636,509,1073,657,1647,854,1293,770,658,4239,5038,2318,4203,37271,22293,8209,2575,26080,20,1,1,0
2021-04-19T23:59:59+02:00,0,1,748,905,1479,2219,1750,3459,2458,5093,3858,4970,9065,9130,7996,9674,2634,5027,308,234,448,633,507,1070,653,1645,850,1289,765,652,4230,5036,2318,4201,36243,22255,8197,2564,26024,20,1,1,0
2021-04-18T23:59:59+02:00,0,1,744,903,1474,2213,1732,3452,2439,5081,3850,4968,9056,9119,7996,9673,2634,5027,307,234,448,629,506,1067,651,1642,847,1289,764,650,4230,5034,2318,4201,36183,22247,8177,2550,26000,20,1,1,0
2021-04-17T23:59:59+02:00,0,1,728,897,1386,2203,1632,3440,2402,5051,3770,4890,8343,8395,7980,9660,2634,5027,307,234,446,627,505,1067,650,1642,846,1286,764,650,4229,5034,2318,4201,36175,22236,8177,2550,24085,20,1,1,0
2021-04-16T23:59:59+02:00,0,1,712,879,1257,2180,1480,3418,2316,4986,3609,4725,7007,6844,7945,9611,2623,4996,307,233,441,621,501,1063,640,1640,842,1277,754,644,4223,5020,2315,4199,34803,22162,8167,2546,21617,12,1,1,0
2021-04-15T23:59:59+02:00,0,1,691,868,1247,2167,1459,3400,2258,4948,3538,4672,6570,6344,7905,9550,2601,4925,300,227,427,610,484,1049,606,1613,806,1247,663,583,3729,4509,2293,4164,33489,22104,8111,1198,21542,8,1,1,0
2021-04-14T23:59:59+02:00,0,1,686,864,1226,2154,1428,3381,2213,4913,3406,4579,5232,4940,7855,9484,2580,4888,292,222,424,603,477,1046,600,1605,800,1244,648,567,3718,4500,2289,4159,30264,22016,8100,1171,21464,7,1,1,0
2021-04-13T23:59:59+02:00,0,1,683,864,1217,2149,1413,3379,2205,4902,3386,4564,5213,4922,7849,9481,2579,4886,292,221,422,601,474,1043,598,1601,789,1242,630,562,3716,4497,2289,4159,30184,21996,8079,1133,21428,7,1,1,0
2021-04-12T23:59:59+02:00,0,1,677,856,1204,2140,1397,3368,2170,4888,3355,4540,5190,4907,7836,9470,2576,4853,291,220,420,600,473,1037,596,1597,781,1235,625,560,3711,4496,2289,4159,30055,21970,8034,1113,21337,7,1,1,0
2021-04-11T23:59:59+02:00,0,1,669,852,1188,2128,1379,3353,2103,4864,3237,4457,4770,4466,7169,8644,2569,4848,291,220,419,600,471,1036,591,1594,777,1234,621,557,3707,4491,2289,4159,30025,21963,5421,1087,21249,7,1,1,0
2021-04-10T23:59:59+02:00,0,1,669,850,1187,2127,1377,3349,2101,4861,3234,4450,4726,4419,7165,8638,2569,4847,286,217,417,589,458,1020,564,1577,745,1209,549,487,3141,3874,2240,4067,29902,20346,5418,1087,21248,7,1,1,0
2021-04-09T23:59:59+02:00,0,1,665,849,1179,2124,1373,3344,2070,4839,3156,4370,4529,4254,7130,8589,2565,4831,276,210,407,575,439,1005,539,1559,724,1186,469,426,2491,3056,2192,3973,29216,18434,5414,1086,21236,7,1,1,0
2021-04-08T23:59:59+02:00,0,1,655,839,1165,2113,1357,3314,2008,4786,3009,4259,3474,3101,6888,8227,2554,4816,263,202,390,557,416,991,517,1530,691,1163,449,399,2481,3047,2189,3970,28418,18210,5365,1038,18781,7,1,1,0
2021-04-07T23:59:59+02:00,0,1,648,833,1152,2104,1338,3302,1898,4706,2692,4010,2870,2574,6777,8104,2531,4763,249,195,362,533,378,956,473,1496,655,1136,423,375,2421,2984,2184,3963,26244,17758,5346,1019,18711,6,1,1,0
2021-04-06T23:59:59+02:00,0,1,638,825,1114,2097,1314,3284,1780,4655,2415,3841,2418,2227,6700,8013,2510,4726,225,182,328,507,353,937,436,1473,620,1105,388,333,2366,2909,2178,3954,24647,17286,5330,1002,18579,6,1,1,0
2021-04-05T23:59:59+02:00,0,1,635,823,1103,2093,1308,3281,1771,4645,2400,3824,2129,1881,5581,6697,2508,4726,225,182,327,503,347,931,432,1471,616,1101,385,330,2364,2903,2178,3953,24614,17276,5320,966,15470,6,1,1,0
2021-04-04T23:59:59+02:00,0,1,634,823,1103,2093,1308,3280,1771,4645,2398,3822,2128,1878,5581,6694,2508,4726,225,182,326,503,347,931,431,1471,616,1101,385,330,2363,2903,2178,3953,24607,17273,5320,966,15464,6,1,1,0
2021-04-03T23:59:59+02:00,0,1,634,823,1103,2092,1308,3280,1770,4643,2394,3822,2127,1875,5580,6694,2508,4726,225,182,326,503,347,931,431,1471,615,1101,385,330,2363,2903,2178,3953,24601,17272,5316,966,15461,6,1,1,0
2021-04-02T23:59:59+02:00,0,1,634,822,1103,2092,1304,3279,1767,4638,2393,3819,2119,1866,5568,6679,2505,4713,225,181,326,501,347,931,430,1470,614,1092,383,330,2363,2902,2178,3953,24532,17254,5312,966,15456,6,1,1,0
2021-04-01T23:59:59+02:00,0,1,630,811,1080,2074,1207,3183,1677,4569,2134,3612,1394,1279,5359,6469,2495,4686,221,180,326,500,346,930,429,1468,614,1091,380,328,2363,2902,2178,3949,24427,17242,2812,957,15419,6,1,1,0
2021-03-31T23:59:59+02:00,0,1,628,810,1076,2070,1202,3175,1666,4564,2116,3599,1367,1246,5330,6414,2458,4587,220,180,326,499,345,930,429,1467,613,1090,379,325,2359,2901,2176,3948,24107,17230,2798,951,15402,6,1,1,0
2021-03-30T23:59:59+02:00,0,1,626,802,1070,2066,1196,3170,1656,4550,2108,3585,1320,1201,5245,6285,2414,4441,220,179,326,498,342,926,424,1464,606,1080,364,314,2257,2749,2056,3723,23586,16612,2776,910,15373,6,1,0,0
2021-03-29T23:59:59+02:00,0,1,624,800,1067,2058,1186,3164,1649,4537,2096,3573,1284,1170,5185,6192,2365,4312,219,178,324,496,340,924,422,1459,601,1075,357,309,2034,2483,1829,3348,23154,15485,2752,907,15356,6,1,0,0
2021-03-28T23:59:59+02:00,0,1,624,797,1065,2052,1183,3157,1644,4526,2091,3568,1268,1161,5177,6170,2354,4280,217,178,323,493,331,920,419,1452,598,1063,351,297,2029,2469,1828,3345,23049,15457,2734,853,15334,3,1,0,0
2021-03-27T23:59:59+01:00,0,1,571,736,985,1984,1101,3039,1526,4402,1989,3486,1199,1091,4574,5438,2354,4280,215,177,323,493,331,920,415,1450,597,1060,350,297,2028,2468,1828,3345,23033,15441,2730,853,12992,3,1,0,0
2021-03-26T23:59:59+01:00,0,1,568,731,978,1974,1099,3033,1516,4395,1972,3478,1155,1060,4544,5404,2353,4276,214,174,323,491,328,919,413,1449,593,1053,342,292,1624,1936,1407,2622,22838,13330,2720,847,12978,3,1,0,0
2021-03-25T23:59:59+01:00,0,1,566,725,965,1966,1096,3024,1509,4383,1957,3468,1145,1049,4536,5399,2353,4275,213,171,322,490,326,913,410,1443,589,1044,338,288,1528,1815,1370,2550,22791,12983,2711,824,12914,3,1,0,0
2021-03-24T23:59:59+01:00,0,1,564,719,956,1953,1083,3009,1480,4365,1943,3460,1110,1019,4509,5366,2348,4270,212,171,321,489,323,909,405,1435,580,1026,324,278,1203,1434,1220,2284,22650,11848,2685,763,12819,3,1,0,0
2021-03-23T23:59:59+01:00,0,1,562,714,951,1939,1079,2999,1473,4351,1933,3453,1097,1008,4490,5352,2348,4267,211,171,319,486,315,906,404,1435,574,1022,316,271,968,1170,1105,2108,22577,11036,2676,742,12763,3,1,0,0
2021-03-22T23:59:59+01:00,0,1,561,705,946,1927,1073,2990,1463,4335,1919,3444,1094,1004,4485,5351,2348,4267,209,171,318,484,314,904,401,1432,571,1018,312,267,967,1166,1105,2105,22553,11019,2660,722,12699,3,1,0,0
2021-03-21T23:59:59+01:00,0,1,559,702,943,1918,1071,2986,1457,4322,1907,3437,1091,1003,4485,5350,2348,4267,208,171,318,483,312,900,401,1427,565,1016,302,262,963,1162,1104,2105,22549,11016,2646,680,12651,3,1,0,0
2021-03-20T23:59:59+01:00,0,1,554,695,938,1902,1054,2970,1429,4304,1873,3408,1019,932,3903,4716,2298,4170,208,171,318,483,312,900,401,1427,565,1016,302,262,963,1162,1103,2104,20889,11014,2645,680,12631,3,1,0,0
2021-03-19T23:59:59+01:00,0,1,545,686,921,1876,1027,2951,1393,4279,1847,3378,932,867,3232,3880,2251,4073,205,171,316,483,311,897,399,1425,561,1009,299,261,950,1149,1072,2064,18914,10991,2634,578,12590,3,1,0,0
2021-03-18T23:59:59+01:00,0,1,532,673,904,1850,1004,2925,1354,4239,1803,3326,835,803,2719,3346,2229,4039,200,169,313,479,308,887,395,1419,559,1004,296,255,847,1055,963,1875,18837,10612,1232,409,12512,3,1,0,0
2021-03-17T23:59:59+01:00,0,1,529,663,895,1830,991,2906,1332,4217,1784,3310,806,778,2633,3255,2223,4035,198,168,311,477,305,886,388,1415,556,1000,293,250,605,782,662,1430,18529,9693,1195,33,12463,0,1,0,0
2021-03-16T23:59:59+01:00,0,1,527,654,886,1808,970,2891,1315,4205,1760,3294,777,767,2585,3174,2221,4031,198,168,309,477,303,883,385,1413,553,995,287,246,359,545,473,1123,18321,8691,1155,27,12390,0,0,0,0
2021-03-15T23:59:59+01:00,0,1,527,643,882,1790,960,2870,1309,4199,1752,3285,771,764,2582,3173,2221,4031,197,168,308,476,302,883,385,1413,550,995,287,246,359,544,472,1123,18307,8685,1133,24,12320,0,0,0,0
2021-03-14T23:59:59+01:00,0,1,526,637,876,1778,953,2865,1299,4186,1742,3273,766,760,2577,3170,2221,4031,197,168,307,476,301,881,383,1411,550,995,286,246,359,544,472,1123,18302,8682,1106,18,12253,0,0,0,0
2021-03-13T23:59:59+01:00,0,1,504,585,780,1517,823,2484,1105,3624,1460,2845,685,671,2474,3044,2220,4030,197,168,307,476,301,881,383,1411,550,995,286,246,359,544,472,1123,18298,8682,1106,18,9448,0,0,0,0
2021-03-12T23:59:59+01:00,0,1,489,501,716,1251,731,2088,934,2935,1213,2256,545,519,2430,2999,2220,4030,197,166,307,476,301,879,382,1411,550,993,286,245,346,524,424,1060,18275,8529,1105,18,6478,0,0,0,0
2021-03-11T23:59:59+01:00,0,1,466,465,683,1180,685,1983,875,2791,1132,2145,488,459,2416,2987,2219,4029,197,166,306,474,300,878,382,1408,549,993,286,244,333,507,378,1017,18081,8403,1057,15,5866,0,0,0,0
2021-03-10T23:59:59+01:00,0,1,452,455,649,1147,645,1949,832,2755,1099,2117,469,443,2402,2968,2218,4026,193,164,302,467,300,877,377,1402,544,986,282,238,213,409,153,755,17806,7653,1037,9,5784,0,0,0,0
2021-03-09T23:59:59+01:00,0,1,436,438,617,1118,626,1930,809,2729,1077,2093,447,422,2309,2826,2095,3797,193,164,300,465,299,876,376,1399,544,983,280,237,213,409,153,754,17045,7645,1021,0,5704,0,0,0,0
2021-03-08T23:59:59+01:00,0,1,423,417,594,1088,608,1908,793,2704,1055,2067,425,394,2080,2551,1866,3420,193,163,300,463,298,871,376,1393,544,981,279,235,213,408,153,754,15801,7624,993,0,5600,0,0,0,0
2021-03-07T23:59:59+01:00,0,1,422,415,587,1071,594,1900,790,2691,1050,2056,424,393,2075,2543,1865,3418,193,163,300,462,298,870,376,1390,544,980,279,235,213,408,153,754,15773,7618,983,0,5539,0,0,0,0
2021-03-06T23:59:59+01:00,0,1,422,412,584,1057,591,1898,783,2684,1046,2049,423,393,2075,2543,1865,3418,193,163,300,462,298,870,376,1390,544,979,278,235,213,408,153,754,15765,7616,983,0,5496,0,0,0,0
2021-03-05T23:59:59+01:00,0,1,416,397,578,1045,586,1888,778,2675,1040,2041,410,385,1654,1981,1433,2666,190,158,296,462,295,869,374,1387,542,975,278,235,213,408,153,754,13543,7589,983,0,5448,0,0,0,0
2021-03-04T23:59:59+01:00,0,1,406,372,552,1006,567,1832,750,2622,1019,1992,406,381,1562,1863,1394,2593,179,150,285,452,294,861,372,1373,540,971,277,235,213,408,153,754,13192,7517,977,0,5149,0,0,0,0
2021-03-03T23:59:59+01:00,0,1,404,365,544,976,550,1801,725,2574,1002,1953,400,375,1241,1484,1241,2321,178,149,284,451,293,860,368,1366,537,964,275,233,212,407,151,749,12043,7477,970,0,4944,0,0,0,0
2021-03-02T23:59:59+01:00,0,1,400,360,536,942,536,1781,716,2550,991,1935,390,365,998,1217,1123,2143,178,147,283,440,289,854,368,1357,537,958,275,233,212,407,151,749,11224,7438,935,0,4825,0,0,0,0
2021-03-01T23:59:59+01:00,0,1,398,352,527,919,518,1750,707,2526,980,1918,386,358,997,1210,1123,2139,178,145,283,431,286,844,365,1342,534,952,273,231,211,406,151,749,11204,7381,900,0,4705,0,0,0,0
2021-02-28T23:59:59+01:00,0,1,393,349,524,911,511,1739,703,2515,975,1903,382,353,997,1208,1123,2139,176,144,283,430,286,843,365,1342,533,952,273,231,211,406,151,749,11199,7375,873,0,4654,0,0,0,0
2021-02-27T23:59:59+01:00,0,1,392,347,519,904,509,1733,700,2506,972,1901,381,352,997,1208,1122,2139,176,144,283,430,286,843,365,1342,532,952,273,231,211,406,151,749,11198,7374,873,0,4612,0,0,0,0
2021-02-26T23:59:59+01:00,0,1,344,301,450,731,433,1425,571,2088,801,1560,353,322,997,1205,1122,2139,176,142,283,427,284,835,363,1334,530,949,273,231,211,406,151,749,11187,7344,862,0,2794,0,0,0,0
2021-02-25T23:59:59+01:00,0,1,324,293,440,709,421,1389,556,2040,783,1528,346,315,913,1116,1049,2015,123,128,263,422,275,823,352,1318,525,942,273,229,211,406,151,749,10786,7190,832,0,2620,0,0,0,0
2021-02-24T23:59:59+01:00,0,1,319,287,435,693,414,1353,540,1992,761,1484,338,302,705,884,865,1710,123,122,261,416,272,814,350,1305,518,936,271,227,209,406,151,747,9847,7128,791,0,2445,0,0,0,0
2021-02-23T23:59:59+01:00,0,1,317,275,427,679,403,1329,532,1958,743,1465,324,292,456,638,674,1409,123,121,260,414,270,809,350,1298,517,928,270,226,208,406,150,746,8848,7096,747,0,2327,0,0,0,0
2021-02-22T23:59:59+01:00,0,1,317,273,426,672,402,1324,528,1948,738,1461,324,290,455,636,674,1408,123,116,255,404,269,792,346,1274,512,920,266,225,208,406,150,746,8844,7012,736,0,2297,0,0,0,0
2021-02-21T23:59:59+01:00,0,1,314,272,424,666,399,1316,526,1940,732,1457,313,285,451,632,672,1408,123,116,254,403,269,790,343,1271,505,917,265,224,207,405,149,737,8839,6978,695,0,2274,0,0,0,0
2021-02-20T23:59:59+01:00,0,1,314,269,424,664,399,1308,525,1931,730,1453,313,285,451,632,672,1408,123,116,254,403,269,790,343,1271,504,917,265,224,207,405,149,737,8839,6977,695,0,2245,0,0,0,0
2021-02-19T23:59:59+01:00,0,0,268,243,392,588,365,1139,467,1717,623,1243,304,269,425,596,593,1301,123,116,254,403,268,790,343,1271,504,917,265,224,207,405,149,737,8622,6976,589,0,1322,0,0,0,0
2021-02-18T23:59:59+01:00,0,0,267,238,385,579,354,1117,454,1699,613,1236,304,267,372,549,491,1173,120,113,250,398,261,784,340,1262,501,916,263,222,207,405,149,737,8442,6928,417,0,1239,0,0,0,0
2021-02-17T23:59:59+01:00,0,0,261,234,373,565,347,1108,431,1683,605,1224,299,260,216,413,156,765,112,100,247,392,256,769,334,1246,495,906,259,219,206,405,149,737,7725,6832,31,0,1184,0,0,0,0
2021-02-16T23:59:59+01:00,0,0,259,232,362,563,338,1099,423,1669,600,1218,296,257,216,412,156,765,83,88,227,366,245,739,316,1206,463,872,237,204,199,387,148,730,7718,6510,27,0,1120,0,0,0,0
2021-02-15T23:59:59+01:00,0,0,257,232,360,559,337,1093,421,1657,597,1212,296,257,216,411,155,765,82,86,223,355,237,727,306,1178,447,849,225,197,188,365,142,674,7711,6281,24,0,1090,0,0,0,0
2021-02-14T23:59:59+01:00,0,0,256,230,354,556,333,1083,417,1651,594,1209,296,257,216,411,155,765,78,84,216,350,234,719,301,1165,443,834,224,195,188,354,142,665,7701,6192,19,0,1063,0,0,0,0
2021-02-13T23:59:59+01:00,0,0,256,230,354,556,333,1083,416,1651,594,1208,295,257,216,411,155,765,78,84,216,350,234,719,301,1165,443,834,224,195,188,354,142,665,7699,6192,19,0,1062,0,0,0,0
2021-02-12T23:59:59+01:00,0,0,198,169,306,479,306,889,383,1413,557,996,287,242,215,411,155,765,75,83,213,349,232,716,294,1161,440,829,220,192,188,352,142,665,7687,6151,19,0,65,0,0,0,0
2021-02-11T23:59:59+01:00,0,0,196,168,300,468,302,875,377,1394,548,988,287,242,215,411,155,765,74,80,202,323,222,672,274,1109,423,781,219,189,188,347,142,662,7648,5907,16,0,27,0,0,0,0
2021-02-10T23:59:59+01:00,0,0,193,161,296,465,299,871,371,1383,544,980,285,240,213,410,155,763,69,74,186,297,211,613,257,1024,398,729,210,175,174,318,130,615,7606,5480,10,0,13,0,0,0,0
2021-02-09T23:59:59+01:00,0,0,188,154,293,456,298,862,371,1373,542,971,282,239,213,410,155,762,60,59,147,234,182,509,219,832,342,594,190,149,154,283,120,549,7561,4623,2,0,6,0,0,0,0
2021-02-08T23:59:59+01:00,0,0,182,147,289,444,293,852,367,1353,535,964,278,235,212,409,153,758,33,46,102,144,133,281,160,454,248,387,160,124,127,228,97,453,7463,3177,2,0,6,0,0,0,0
2021-02-07T23:59:59+01:00,0,0,180,145,286,443,292,850,366,1352,534,963,277,234,212,409,153,758,19,40,84,122,128,260,151,420,232,360,152,120,117,218,92,418,7453,2933,1,0,0,0,0,0,0
2021-02-06T23:59:59+01:00,0,0,180,145,286,443,292,850,366,1352,534,963,277,234,212,409,153,758,19,37,82,119,118,245,140,403,201,339,137,116,116,213,91,408,7453,2784,1,0,0,0,0,0,0
2021-02-05T23:59:59+01:00,0,0,180,143,286,440,291,839,364,1344,530,960,277,233,212,409,153,757,18,32,78,114,111,232,135,376,187,321,132,111,113,208,84,392,7417,2644,1,0,0,0,0,0,0
2021-02-04T23:59:59+01:00,0,0,172,138,285,436,284,830,361,1333,521,951,276,231,211,409,153,755,11,21,52,77,82,176,113,286,155,263,115,96,101,194,76,352,7346,2170,0,0,0,0,0,0,0
2021-02-03T23:59:59+01:00,0,0,153,131,275,430,281,824,359,1322,521,949,276,231,210,409,153,754,11,19,44,67,73,141,89,255,134,222,96,81,86,166,69,312,7278,1865,0,0,0,0,0,0,0
2021-02-02T23:59:59+01:00,0,0,132,125,263,428,278,817,354,1315,520,942,275,231,209,409,152,753,11,16,35,61,61,119,74,211,103,172,64,57,61,106,45,198,7203,1394,0,0,0,0,0,0,0
2021-02-01T23:59:59+01:00,0,0,127,120,258,413,276,801,352,1291,514,930,270,229,209,409,152,753,4,10,20,33,31,66,45,118,59,71,29,28,26,44,25,98,7104,707,0,0,0,0,0,0,0
2021-01-31T23:59:59+01:00,0,0,126,117,256,410,275,797,349,1285,510,928,270,226,208,408,152,753,4,6,15,23,26,47,32,72,39,43,15,8,13,28,20,60,7070,451,0,0,0,0,0,0,0
2021-01-30T23:59:59+01:00,0,0,126,117,256,410,275,796,349,1284,509,928,270,226,208,408,152,753,4,6,13,20,23,40,27,64,36,41,15,8,13,28,20,60,7067,418,0,0,0,0,0,0,0
2021-01-29T23:59:59+01:00,0,0,126,117,256,410,274,796,349,1284,509,928,270,226,208,408,152,753,4,6,7,18,21,31,22,56,32,38,15,8,13,27,19,59,7066,376,0,0,0,0,0,0,0
2021-01-28T23:59:59+01:00,0,0,124,114,252,404,270,790,346,1277,505,927,270,226,208,408,152,753,1,3,2,8,13,13,12,27,12,23,11,4,6,14,6,23,7026,178,0,0,0,0,0,0,0
2021-01-27T23:59:59+01:00,0,0,116,104,250,399,267,782,341,1270,499,920,265,223,207,407,152,753,0,0,1,4,9,11,8,20,10,17,10,4,6,14,6,23,6955,143,0,0,0,0,0,0,0
2021-01-26T23:59:59+01:00,0,0,89,92,232,382,259,757,328,1232,473,889,245,211,200,391,152,745,0,0,1,4,9,11,8,20,10,17,10,4,6,14,6,23,6677,143,0,0,0,0,0,0,0
2021-01-25T23:59:59+01:00,0,0,86,87,230,362,246,738,314,1198,455,864,229,204,192,371,148,690,0,0,1,4,9,9,7,13,7,13,10,4,6,14,6,23,6414,126,0,0,0,0,0,0,0
2021-01-24T23:59:59+01:00,0,0,86,85,226,358,245,733,311,1185,453,849,228,202,192,360,148,680,0,0,1,4,9,9,7,13,7,13,10,4,6,14,6,23,6341,126,0,0,0,0,0,0,0
2021-01-23T23:59:59+01:00,0,0,86,85,226,358,245,733,311,1185,453,849,228,202,192,360,148,680,0,0,1,4,9,9,7,13,7,13,10,4,6,14,6,23,6341,126,0,0,0,0,0,0,0
2021-01-22T23:59:59+01:00,0,0,86,84,224,356,245,730,307,1181,449,846,226,201,192,359,148,680,0,0,1,4,9,9,7,13,7,13,10,4,6,14,6,23,6314,126,0,0,0,0,0,0,0
2021-01-21T23:59:59+01:00,0,0,86,81,210,327,235,686,282,1130,435,813,225,197,191,353,148,677,0,0,1,2,7,8,6,12,6,11,10,4,6,14,6,23,6076,116,0,0,0,0,0,0,0
2021-01-20T23:59:59+01:00,0,0,80,75,196,306,223,621,268,1037,406,754,216,186,177,324,137,630,0,0,1,2,7,8,6,12,6,11,10,4,6,14,6,23,5636,116,0,0,0,0,0,0,0
2021-01-19T23:59:59+01:00,0,0,72,65,156,256,203,558,242,914,365,645,197,160,155,284,124,553,0,0,1,2,3,7,6,11,4,9,7,3,6,14,6,23,4949,102,0,0,0,0,0,0,0
2021-01-18T23:59:59+01:00,0,0,60,58,133,214,181,455,215,758,325,552,179,140,131,235,104,471,0,0,0,1,2,4,3,6,2,7,6,3,6,14,6,22,4211,82,0,0,0,0,0,0,0
2021-01-17T23:59:59+01:00,0,0,40,46,109,184,166,396,198,672,300,496,171,134,118,218,90,417,0,0,0,0,2,4,2,6,2,5,4,3,6,14,5,22,3755,75,0,0,0,0,0,0,0
2021-01-16T23:59:59+01:00,0,0,33,43,109,181,156,380,183,652,269,474,155,129,117,212,89,407,0,0,0,0,0,0,0,0,0,0,0,0,0,0,0,0,3589,0,0,0,0,0,0,0,0
2021-01-15T23:59:59+01:00,0,0,31,39,105,176,145,367,177,623,252,452,150,120,114,206,81,391,0,0,0,0,0,0,0,0,0,0,0,0,0,0,0,0,3429,0,0,0,0,0,0,0,0
2021-01-14T23:59:59+01:00,0,0,13,24,51,77,83,172,113,287,149,263,123,101,100,191,71,351,0,0,0,0,0,0,0,0,0,0,0,0,0,0,0,0,2169,0,0,0,0,0,0,0,0
2021-01-13T23:59:59+01:00,0,0,12,20,41,67,75,137,91,257,124,226,94,79,81,154,56,283,0,0,0,0,0,0,0,0,0,0,0,0,0,0,0,0,1797,0,0,0,0,0,0,0,0
2021-01-12T23:59:59+01:00,0,0,12,15,37,63,62,114,76,209,95,172,61,53,54,92,32,163,0,0,0,0,0,0,0,0,0,0,0,0,0,0,0,0,1310,0,0,0,0,0,0,0,0
2021-01-11T23:59:59+01:00,0,0,4,10,26,45,38,83,55,140,58,85,31,27,22,36,16,71,0,0,0,0,0,0,0,0,0,0,0,0,0,0,0,0,747,0,0,0,0,0,0,0,0
2021-01-10T23:59:59+01:00,0,0,3,5,20,32,33,58,37,93,37,53,15,7,7,19,11,32,0,0,0,0,0,0,0,0,0,0,0,0,0,0,0,0,462,0,0,0,0,0,0,0,0
2021-01-09T23:59:59+01:00,0,0,3,5,18,28,32,54,32,83,35,52,15,7,7,19,11,32,0,0,0,0,0,0,0,0,0,0,0,0,0,0,0,0,433,0,0,0,0,0,0,0,0
2021-01-08T23:59:59+01:00,0,0,3,5,15,26,29,43,26,74,31,48,14,7,6,17,10,31,0,0,0,0,0,0,0,0,0,0,0,0,0,0,0,0,385,0,0,0,0,0,0,0,0
2021-01-07T23:59:59+01:00,0,0,1,3,2,9,15,13,13,28,13,24,11,5,6,15,8,24,0,0,0,0,0,0,0,0,0,0,0,0,0,0,0,0,190,0,0,0,0,0,0,0,0
2021-01-06T23:59:59+01:00,0,0,1,0,2,4,13,11,9,22,11,19,11,5,6,15,8,24,0,0,0,0,0,0,0,0,0,0,0,0,0,0,0,0,161,0,0,0,0,0,0,0,0
2021-01-05T23:59:59+01:00,0,0,0,0,1,4,12,11,8,20,10,19,10,5,6,15,8,24,0,0,0,0,0,0,0,0,0,0,0,0,0,0,0,0,153,0,0,0,0,0,0,0,0
2021-01-04T23:59:59+01:00,0,0,0,0,1,4,12,10,7,16,8,17,10,5,6,15,8,24,0,0,0,0,0,0,0,0,0,0,0,0,0,0,0,0,143,0,0,0,0,0,0,0,0
2021-01-03T23:59:59+01:00,0,0,0,0,1,4,11,9,7,13,6,14,10,5,6,15,8,24,0,0,0,0,0,0,0,0,0,0,0,0,0,0,0,0,133,0,0,0,0,0,0,0,0
2021-01-02T23:59:59+01:00,0,0,0,0,1,4,11,9,7,13,6,14,10,5,6,15,8,24,0,0,0,0,0,0,0,0,0,0,0,0,0,0,0,0,133,0,0,0,0,0,0,0,0
2021-01-01T23:59:59+01:00,0,0,0,0,1,4,11,9,7,13,6,14,10,5,6,15,8,24,0,0,0,0,0,0,0,0,0,0,0,0,0,0,0,0,133,0,0,0,0,0,0,0,0
2020-12-31T23:59:59+01:00,0,0,0,0,1,4,11,9,7,13,6,14,10,5,6,15,8,24,0,0,0,0,0,0,0,0,0,0,0,0,0,0,0,0,133,0,0,0,0,0,0,0,0
2020-12-30T23:59:59+01:00,0,0,0,0,1,4,11,9,7,13,6,14,10,5,6,15,8,24,0,0,0,0,0,0,0,0,0,0,0,0,0,0,0,0,133,0,0,0,0,0,0,0,0
2020-12-29T23:59:59+01:00,0,0,0,0,1,4,8,9,7,13,4,12,10,5,6,15,8,24,0,0,0,0,0,0,0,0,0,0,0,0,0,0,0,0,126,0,0,0,0,0,0,0,0
2020-12-28T23:59:59+01:00,0,0,0,0,1,1,5,7,7,7,2,9,10,5,6,15,8,24,0,0,0,0,0,0,0,0,0,0,0,0,0,0,0,0,107,0,0,0,0,0,0,0,0
2020-12-27T23:59:59+01:00,0,0,0,0,0,0,2,4,2,6,1,6,4,4,6,15,7,23,0,0,0,0,0,0,0,0,0,0,0,0,0,0,0,0,80,0,0,0,0,0,0,0,0
