Datum,<24_1_m,<24_1_w,25-34_1_m,25-34_1_w,35-44_1_m,35-44_1_w,45-54_1_m,45-54_1_w,55-64_1_m,55-64_1_w,65-74_1_m,65-74_1_w,75-84_1_m,75-84_1_w,>84_1_m,>84_1_w,<24_2_m,<24_2_w,25-34_2_m,25-34_2_w,35-44_2_m,35-44_2_w,45-54_2_m,45-54_2_w,55-64_2_m,55-64_2_w,65-74_2_m,65-74_2_w,75-84_2_m,75-84_2_w,>84_2_m,>84_2_w,bp_1,bp_2,mo_1,mo_2,az_1,az_2,ja
2021-06-24T23:59:59+02:00,4547,4519,6987,6604,9280,10203,14755,15340,18349,18762,14692,15418,8341,10489,2249,4518,2088,2060,3449,3724,4693,5914,7686,8888,13153,14086,11555,12040,7818,9753,2171,4352,116251,77698,15686,12154,27669,18131,5447
2021-06-23T23:59:59+02:00,4093,4115,6546,6242,8756,9724,14457,15078,18214,18633,14601,15338,8305,10452,2247,4509,1933,1865,3181,3521,4276,5596,6660,8102,12552,13499,11537,12030,7811,9748,2171,4348,113409,77095,15442,8859,27668,18085,4791
2021-06-22T23:59:59+02:00,4004,4031,6468,6184,8658,9648,14413,15034,18183,18618,14592,15333,8304,10448,2247,4506,1885,1805,3076,3421,4127,5448,6406,7905,11969,12810,11465,11950,7795,9721,2168,4342,112796,74816,15438,8779,27666,17927,4771
2021-06-21T23:59:59+02:00,3915,3963,6384,6133,8593,9578,14361,14994,18152,18599,14586,15331,8297,10444,2247,4505,1840,1747,2984,3323,4003,5296,6202,7656,11215,11897,10767,11216,7080,8822,2164,4337,112287,72165,15432,8685,27650,14986,4713
2021-06-20T23:59:59+02:00,3882,3936,6341,6107,8550,9551,14335,14980,18141,18595,14586,15331,8297,10444,2247,4505,1817,1729,2949,3299,3951,5260,6147,7629,11134,11824,10750,11197,7079,8817,2163,4337,112119,71856,15416,8609,27650,14974,4643
2021-06-19T23:59:59+02:00,3851,3908,6311,6085,8523,9535,14312,14973,18136,18590,14586,15331,8297,10444,2247,4505,1813,1717,2943,3294,3945,5255,6132,7624,11124,11817,10750,11196,7079,8817,2163,4337,111930,71782,15411,8609,27650,14972,4643
2021-06-18T23:59:59+02:00,3797,3859,6236,6042,8461,9485,14269,14949,18117,18580,14585,15329,8296,10443,2247,4505,1737,1614,2799,3110,3760,4967,5707,7229,9665,10283,10625,11069,7037,8769,2154,4323,111557,66673,15386,8608,27650,14960,4607
2021-06-17T23:59:59+02:00,3728,3798,6170,6005,8391,9428,14203,14911,18096,18572,14583,15324,8296,10441,2247,4502,1592,1503,2609,2897,3495,4680,5334,6820,9015,9586,10368,10851,7005,8725,2151,4320,111197,63029,15357,8494,27647,14934,4494
2021-06-16T23:59:59+02:00,3666,3726,6051,5943,8275,9333,14084,14833,18041,18539,14577,15317,8296,10438,2247,4502,1480,1440,2473,2793,3307,4517,5030,6546,7972,8300,10301,10784,6974,8690,2141,4305,110570,59330,15283,8448,27644,14904,4371
2021-06-15T23:59:59+02:00,3562,3644,5943,5856,8080,9151,13815,14618,17921,18438,14570,15310,8290,10432,2247,4501,1434,1402,2409,2740,3191,4439,4817,6414,7510,7890,9980,10404,6945,8656,2134,4295,109219,57103,15255,8416,27636,14873,4268
2021-06-14T23:59:59+02:00,3483,3569,5858,5797,7933,9023,13515,14364,17767,18298,14556,15300,8284,10427,2246,4500,1405,1368,2341,2684,3061,4342,4601,6268,7086,7456,9581,9953,6919,8623,2132,4287,107848,54776,15247,8311,27632,14827,4193
2021-06-13T23:59:59+02:00,3454,3530,5802,5765,7860,8947,13371,14215,17680,18203,14550,15292,8283,10424,2245,4500,1392,1351,2312,2674,3023,4329,4557,6248,7059,7441,9578,9946,6919,8622,2132,4287,107121,54637,15236,8305,27626,14790,4138
2021-06-12T23:59:59+02:00,3422,3511,5772,5741,7830,8929,13352,14198,17674,18201,14550,15291,8283,10424,2245,4500,1327,1279,2224,2591,2922,4197,4414,6127,6953,7359,9496,9863,6336,7906,2132,4287,106925,54524,15235,8305,27626,12447,4137
2021-06-11T23:59:59+02:00,3336,3426,5702,5676,7631,8723,12925,13893,17439,18020,14537,15266,8276,10417,2244,4498,1299,1258,2177,2550,2854,4148,4329,6063,6825,7248,9426,9785,6324,7901,2130,4281,105912,54001,14347,8059,27624,12412,4126
2021-06-10T23:59:59+02:00,3271,3382,5603,5627,7504,8641,12743,13759,17332,17923,14534,15263,8275,10417,2244,4497,1254,1224,2105,2488,2743,4069,4164,5925,6543,6996,9228,9577,6309,7875,2124,4276,105058,52455,14272,8056,27619,12323,4066
2021-06-09T23:59:59+02:00,3179,3306,5477,5533,7290,8463,12443,13514,17180,17794,14526,15249,8271,10408,2244,4496,1190,1155,1962,2367,2540,3874,3799,5638,5831,6375,8572,8811,6258,7808,2113,4248,103862,48494,14126,8039,27610,12233,3775
2021-06-08T23:59:59+02:00,3067,3186,5343,5412,7096,8267,11965,13071,16862,17449,14512,15224,8261,10401,2243,4493,1147,1118,1890,2312,2442,3796,3655,5577,5692,6248,8546,8796,6256,7797,2111,4245,101676,48001,14099,7991,27608,12167,3469
2021-06-07T23:59:59+02:00,2922,3073,5151,5289,6884,8098,11443,12691,16587,17188,14491,15200,8256,10387,2242,4489,1069,1074,1758,2259,2299,3713,3385,5486,5333,5938,8031,8206,6214,7745,2108,4237,99757,45804,14056,7977,27599,12095,2979
2021-06-06T23:59:59+02:00,2883,3042,5086,5232,6795,8043,11308,12576,16503,17130,14489,15198,8256,10387,2240,4488,1050,1063,1728,2241,2257,3684,3318,5461,5289,5916,8028,8203,6209,7740,2108,4236,99176,45649,14004,7968,27591,12029,2885
2021-06-05T23:59:59+02:00,2869,3017,5059,5204,6755,8021,11278,12549,16495,17124,14489,15198,8256,10387,2240,4488,1031,1046,1698,2214,2213,3626,3205,5374,4914,5568,7470,7535,6183,7697,2107,4234,98957,43281,14004,7963,27587,11990,2881
2021-06-04T23:59:59+02:00,2834,2980,5012,5161,6710,7968,11188,12447,16449,17069,14486,15192,8256,10386,2239,4487,1015,1031,1678,2191,2173,3589,3153,5315,4728,5344,7195,7209,6152,7658,2105,4230,98434,42017,13999,7961,27587,11944,2844
2021-06-03T23:59:59+02:00,2712,2832,4860,4990,6505,7719,10383,11747,15984,16712,14478,15184,8254,10381,2238,4486,997,993,1633,2134,2124,3506,3055,5204,4565,5164,7075,7050,6141,7630,2105,4228,95113,40984,13962,7951,27582,11861,2808
2021-06-02T23:59:59+02:00,2689,2805,4821,4957,6447,7680,10277,11656,15935,16666,14472,15180,8253,10377,2238,4485,985,979,1611,2113,2073,3467,2953,5110,4158,4715,6588,6484,6100,7581,2102,4219,94590,38669,13962,7947,27582,11818,2804
2021-06-01T23:59:59+02:00,2615,2757,4698,4860,6287,7568,10086,11518,15845,16601,14469,15178,8250,10371,2237,4482,947,947,1544,2064,1960,3403,2784,5012,3961,4578,6395,6277,6076,7566,2100,4213,93740,37593,13912,7927,27569,11706,2601
2021-05-31T23:59:59+02:00,2553,2691,4597,4762,6146,7433,9889,11385,15773,16556,14464,15170,8247,10371,2237,4482,922,903,1489,2009,1889,3357,2654,4964,3862,4511,6049,5882,6055,7544,2098,4207,93016,36514,13826,7922,27560,11605,2354
2021-05-30T23:59:59+02:00,2524,2665,4538,4698,6054,7372,9816,11328,15744,16538,14463,15168,8247,10371,2237,4482,907,889,1468,1992,1834,3328,2512,4932,3774,4498,6048,5880,6055,7544,2098,4207,92569,36201,13787,7900,27550,11526,2339
2021-05-29T23:59:59+02:00,2505,2649,4521,4685,6035,7359,9805,11315,15740,16535,14462,15168,8247,10371,2237,4482,885,813,1358,1737,1706,2948,2303,4378,3499,4110,5973,5787,5951,7426,2097,4207,92443,36152,13785,7895,27549,8792,2339
2021-05-28T23:59:59+02:00,2479,2623,4483,4638,5993,7319,9724,11241,15680,16491,14460,15166,8247,10371,2237,4481,864,706,1277,1483,1605,2519,2117,3692,3172,3504,5415,5130,5878,7350,2094,4196,91977,34858,13772,7895,27546,5911,2338
2021-05-27T23:59:59+02:00,2428,2582,4393,4574,5866,7242,9571,11139,15601,16416,14458,15165,8247,10370,2237,4481,834,662,1241,1405,1560,2383,2051,3540,3028,3369,5018,4684,5847,7312,2086,4170,91302,33745,13623,7886,27522,5236,2323
2021-05-26T23:59:59+02:00,2346,2453,4183,4426,5517,6970,8495,10305,14986,15832,14449,15159,8243,10365,2236,4479,822,642,1212,1347,1516,2326,1989,3417,2823,3196,3773,3354,5793,7242,2066,4120,90530,30495,10108,7872,27508,4973,2298
2021-05-25T23:59:59+02:00,2295,2410,4096,4355,5422,6907,8357,10195,14618,15400,14410,15127,8237,10353,2235,4476,808,630,1185,1309,1493,2303,1967,3394,2799,3170,3769,3346,5786,7240,2064,4119,89195,30410,9962,7863,27491,4864,2245
2021-05-24T23:59:59+02:00,2260,2359,4009,4282,5315,6825,8222,10056,14112,14784,14371,15080,8232,10341,2234,4472,801,621,1164,1297,1458,2292,1951,3376,2776,3149,3746,3323,5769,7221,2056,4104,87405,30281,9883,7812,27480,4825,2186
2021-05-23T23:59:59+02:00,2250,2345,3988,4258,5297,6813,8167,10020,14042,14727,14361,15075,8231,10341,2233,4472,793,611,1153,1285,1434,2270,1900,3340,2663,3046,3257,2794,5290,6595,2043,4062,87171,30109,9783,5437,27480,4804,2186
2021-05-22T23:59:59+02:00,2069,2302,3662,4207,4898,6769,7933,9955,13938,14662,14355,15075,8231,10340,2233,4472,618,576,839,1244,1057,2233,1684,3277,2568,2984,3253,2793,5290,6594,2043,4062,87024,30097,9783,5437,27480,4767,814
2021-05-21T23:59:59+02:00,1976,2177,3499,4006,4708,6472,7507,9572,12667,13330,14237,14963,8194,10295,2227,4465,615,562,830,1243,1055,2225,1636,3242,2480,2909,3099,2659,5269,6552,2040,4050,82264,29467,9743,5437,27475,4749,813
2021-05-20T23:59:59+02:00,1935,2135,3398,3949,4600,6394,7332,9493,12463,13108,14225,14952,8191,10289,2226,4464,595,544,786,1199,995,2159,1511,3161,2356,2816,2918,2494,5237,6480,2033,4037,81438,28726,9640,5422,27419,4516,657
2021-05-19T23:59:59+02:00,1907,2101,3337,3896,4501,6331,7228,9431,12232,12853,14217,14947,8189,10288,2226,4463,587,523,767,1168,977,2085,1369,2981,1998,2524,2411,2033,5141,6362,2013,4000,80634,26662,9501,5406,27393,4252,619
2021-05-18T23:59:59+02:00,1836,2062,3248,3804,4387,6225,7066,9272,11966,12611,14175,14903,8179,10264,2224,4456,584,508,750,1154,961,2068,1264,2902,1685,2277,2025,1733,5068,6274,1998,3964,79557,25133,9300,5396,27324,4189,497
2021-05-17T23:59:59+02:00,1777,1971,3107,3637,4179,5922,6700,8806,11450,12103,14084,14828,8164,10239,2219,4449,582,500,743,1147,942,2061,1239,2878,1658,2237,2010,1718,5062,6268,1994,3961,76687,25070,9265,5382,27299,4164,384
2021-05-16T23:59:59+02:00,1754,1947,3051,3597,4075,5821,6550,8675,11284,11982,14068,14808,8156,10231,2219,4448,572,493,719,1132,913,2044,1210,2852,1627,2213,2005,1710,5060,6264,1991,3959,75950,25041,9209,5364,27268,4120,239
2021-05-15T23:59:59+02:00,1652,1834,2831,3421,3847,5533,6161,8186,10979,11733,13987,14751,8141,10202,2215,4442,571,492,716,1129,913,2042,1206,2851,1622,2206,1990,1701,5058,6258,1991,3957,73207,24986,9209,5364,27261,4115,238
2021-05-14T23:59:59+02:00,1606,1767,2723,3329,3699,5358,5958,7896,10772,11511,13955,14714,8129,10184,2213,4437,519,445,638,953,844,1731,1070,2430,1438,1917,1975,1684,5056,6250,1990,3952,71577,24925,9203,5362,27237,2371,234
2021-05-13T23:59:59+02:00,1536,1694,2624,3248,3527,5219,5730,7678,10579,11358,13929,14689,8123,10183,2211,4434,512,427,609,928,730,1612,980,2357,1177,1708,1228,1066,4874,6058,1983,3921,70425,24809,8910,2834,27208,2308,219
2021-05-12T23:59:59+02:00,1529,1685,2608,3243,3510,5207,5710,7665,10564,11346,13929,14686,8122,10181,2210,4434,512,426,608,926,727,1612,975,2356,1172,1702,1213,1055,4859,6016,1953,3862,70319,24617,8886,2834,27206,2305,218
2021-05-11T23:59:59+02:00,1480,1636,2532,3157,3391,5082,5513,7509,10290,11049,13887,14637,8110,10163,2206,4427,505,410,590,914,705,1596,947,2330,1146,1677,1158,1016,4799,5913,1915,3750,68989,24132,8762,2817,27120,2224,198
2021-05-10T23:59:59+02:00,1451,1602,2460,3082,3267,4958,5375,7334,9978,10691,13849,14602,8101,10145,2203,4425,502,407,578,902,693,1583,935,2311,1130,1663,1122,985,4738,5824,1876,3650,67640,23724,8644,2814,27050,2172,189
2021-05-09T23:59:59+02:00,1429,1580,2422,3071,3189,4925,5302,7298,9924,10647,13839,14588,8100,10141,2203,4423,490,404,569,895,671,1565,909,2292,1120,1650,1105,968,4723,5787,1863,3610,67403,23567,8570,2812,27006,2140,102
2021-05-08T23:59:59+02:00,1424,1575,2407,3060,3173,4915,5264,7284,9899,10640,13839,14587,8100,10141,2203,4423,490,404,569,895,670,1565,909,2291,1119,1649,1105,968,4722,5787,1863,3610,67263,23566,8564,2809,27005,2139,102
2021-05-07T23:59:59+02:00,1404,1552,2365,3019,3116,4858,5166,7195,9680,10396,13829,14571,8094,10136,2200,4419,439,373,536,816,631,1402,832,2075,1033,1480,1081,948,4705,5764,1861,3605,66362,23462,8558,2806,26978,1211,102
2021-05-06T23:59:59+02:00,1240,1438,2135,2772,2810,4550,4772,6772,9119,9811,13570,14345,8062,10095,2198,4418,436,368,525,794,614,1370,810,2040,1002,1455,1057,914,4696,5754,1859,3601,62739,23335,8430,2756,26843,1109,95
2021-05-05T23:59:59+02:00,1170,1376,2022,2658,2639,4365,4459,6502,8136,8614,13505,14282,8024,10054,2188,4403,433,364,516,785,596,1360,777,2025,979,1435,980,850,4663,5689,1851,3588,59241,23021,8385,2737,26722,1084,49
2021-05-04T23:59:59+02:00,1146,1353,1967,2620,2531,4294,4223,6382,7703,8230,13177,13896,7997,10021,2183,4396,430,362,510,782,585,1351,758,2009,964,1427,960,828,4649,5675,1848,3579,57189,22892,8327,2722,26562,1062,41
2021-05-03T23:59:59+02:00,1112,1311,1906,2565,2416,4181,4004,6253,7250,7791,12768,13426,7964,9988,2178,4382,424,360,508,778,572,1343,752,1999,949,1416,936,803,4633,5658,1843,3566,54770,22783,8301,2713,26424,1044,0
2021-05-02T23:59:59+02:00,1103,1310,1889,2559,2390,4173,3959,6242,7221,7784,12767,13425,7964,9988,2178,4382,424,360,505,778,571,1341,748,1999,948,1412,934,799,4632,5655,1843,3566,54636,22767,8297,2711,26401,1037,0
2021-05-01T23:59:59+02:00,1103,1308,1881,2557,2380,4167,3948,6233,7210,7776,12766,13424,7964,9988,2178,4382,424,360,505,778,571,1341,747,1998,946,1412,934,799,4632,5655,1843,3566,54569,22767,8297,2707,26399,1037,0
2021-04-30T23:59:59+02:00,1085,1300,1860,2542,2355,4134,3913,6197,7104,7692,12703,13355,7962,9985,2176,4370,361,302,472,692,539,1157,719,1771,913,1221,922,793,4630,5653,1843,3566,54075,22753,8296,2703,26362,98,0
2021-04-29T23:59:59+02:00,1024,1267,1808,2497,2283,4068,3769,6064,6821,7429,12495,13142,7945,9959,2172,4364,355,300,464,686,536,1149,710,1761,907,1214,913,778,4621,5645,1843,3565,52488,22673,8281,2697,26338,77,0
2021-04-28T23:59:59+02:00,954,1230,1731,2433,2132,3945,3447,5804,6114,6807,11817,12360,7892,9875,2149,4336,354,297,462,680,527,1133,698,1743,898,1208,898,761,4604,5620,1841,3565,48454,22553,8275,2679,26297,57,0
2021-04-27T23:59:59+02:00,940,1223,1714,2412,2085,3926,3373,5775,5993,6690,11794,12345,7890,9873,2149,4334,352,295,456,678,519,1128,688,1730,890,1201,885,750,4602,5616,1840,3559,47975,22476,8272,2664,26269,49,0
2021-04-26T23:59:59+02:00,931,1209,1683,2394,2019,3882,3183,5696,5646,6370,11261,11736,7845,9815,2145,4325,350,294,455,676,513,1123,674,1722,884,1194,876,743,4598,5610,1840,3556,45652,22427,8263,2637,26225,44,0
2021-04-25T23:59:59+02:00,920,1207,1668,2388,1978,3861,3047,5677,5569,6365,11257,11733,7842,9809,2144,4324,349,294,455,676,513,1116,674,1719,881,1193,876,742,4598,5610,1840,3556,45327,22422,8257,2633,26205,37,0
2021-04-24T23:59:59+02:00,903,1195,1646,2368,1935,3811,2937,5603,5203,6016,10679,11039,7814,9761,2143,4322,349,294,455,676,513,1115,673,1718,879,1192,872,736,4589,5597,1838,3555,42918,22386,8257,2629,26200,36,0
2021-04-23T23:59:59+02:00,894,1187,1635,2358,1905,3781,2894,5552,5010,5785,10403,10702,7779,9723,2140,4315,349,293,455,676,513,1114,672,1718,877,1192,872,734,4586,5595,1838,3555,41619,22375,8257,2628,26187,36,0
2021-04-22T23:59:59+02:00,877,1164,1602,2319,1854,3708,2801,5462,4839,5614,10290,10530,7766,9693,2138,4309,349,291,453,666,511,1108,663,1708,874,1184,866,730,4584,5592,1838,3554,40618,22340,8231,2603,26117,28,0
2021-04-21T23:59:59+02:00,865,1150,1577,2308,1798,3661,2682,5367,4405,5126,9763,9922,7718,9638,2136,4299,348,291,449,664,511,1107,659,1706,868,1178,855,720,4574,5579,1838,3550,38110,22291,8214,2580,26091,26,0
2021-04-20T23:59:59+02:00,856,1134,1557,2284,1766,3630,2624,5303,4258,5022,9582,9720,7698,9629,2135,4297,348,289,449,663,510,1105,659,1701,865,1174,849,716,4571,5575,1838,3550,37274,22261,8203,2575,26018,26,0
2021-04-19T23:59:59+02:00,849,1122,1547,2277,1747,3613,2592,5271,4187,4951,9223,9320,7675,9606,2133,4292,348,287,448,660,508,1102,655,1699,859,1170,845,709,4562,5574,1838,3548,36251,22222,8191,2564,25963,26,0
2021-04-18T23:59:59+02:00,845,1119,1542,2272,1729,3606,2573,5259,4178,4948,9217,9310,7675,9605,2133,4292,347,286,448,657,506,1099,654,1696,856,1170,844,706,4562,5573,1838,3548,36191,22214,8171,2550,25941,26,0
2021-04-17T23:59:59+02:00,827,1110,1437,2265,1644,3593,2532,5222,4054,4825,8556,8640,7662,9597,2133,4292,346,286,447,655,505,1099,653,1695,855,1168,844,706,4561,5573,1838,3548,36183,22203,8171,2550,24035,26,0
2021-04-16T23:59:59+02:00,808,1090,1293,2243,1505,3568,2440,5148,3823,4579,7305,7178,7627,9555,2121,4264,345,284,443,649,500,1096,644,1692,848,1161,833,695,4555,5563,1836,3546,34810,22130,8161,2546,21576,14,0
2021-04-15T23:59:59+02:00,786,1079,1282,2229,1483,3547,2382,5109,3732,4503,6888,6698,7585,9491,2104,4200,336,276,429,640,483,1083,611,1666,813,1133,718,606,4087,5075,1816,3519,33492,22075,8103,1206,21503,10,0
2021-04-14T23:59:59+02:00,779,1072,1257,2219,1454,3528,2334,5068,3541,4369,5605,5337,7540,9426,2085,4169,328,271,426,634,476,1079,606,1658,807,1129,700,591,4077,5065,1813,3515,30266,21989,8092,1177,21425,9,0
2021-04-13T23:59:59+02:00,775,1072,1249,2214,1440,3525,2320,5055,3521,4354,5591,5321,7535,9423,2084,4167,328,269,424,633,473,1076,603,1653,793,1127,686,586,4075,5064,1813,3515,30186,21969,8071,1140,21389,9,0
2021-04-12T23:59:59+02:00,769,1061,1235,2206,1422,3515,2288,5040,3490,4330,5568,5306,7526,9411,2081,4136,327,268,422,632,472,1070,601,1649,784,1119,681,584,4072,5063,1813,3515,30058,21944,8026,1119,21300,9,0
2021-04-11T23:59:59+02:00,759,1057,1220,2194,1403,3496,2215,5015,3359,4230,5025,4730,7005,8743,2074,4132,327,268,420,632,470,1069,596,1646,781,1118,677,581,4068,5058,1813,3515,30028,21938,5417,1092,21212,9,0
2021-04-10T23:59:59+02:00,759,1056,1219,2193,1401,3493,2214,5012,3356,4221,4982,4684,7003,8738,2074,4131,322,262,417,623,458,1054,570,1628,745,1091,569,484,3531,4455,1771,3440,29911,20319,5414,1092,21211,9,0
2021-04-09T23:59:59+02:00,756,1055,1211,2189,1396,3490,2173,4984,3264,4138,4806,4526,6973,8690,2070,4118,311,256,403,605,444,1043,544,1610,724,1062,448,397,2916,3645,1729,3366,29228,18403,5410,1091,21201,9,0
2021-04-08T23:59:59+02:00,745,1044,1196,2174,1379,3462,2095,4921,3116,4027,3721,3344,6787,8379,2062,4105,297,246,386,588,419,1026,523,1582,694,1040,429,376,2909,3638,1726,3363,28431,18190,5362,1043,18764,9,0
2021-04-07T23:59:59+02:00,738,1038,1182,2165,1358,3446,1956,4811,2762,3770,3171,2850,6688,8256,2040,4062,282,237,353,560,382,994,481,1546,659,1015,401,352,2850,3577,1723,3357,26256,17737,5343,1024,18694,8,0
2021-04-06T23:59:59+02:00,721,1028,1150,2156,1332,3427,1817,4749,2459,3570,2765,2547,6613,8164,2022,4029,253,221,320,535,358,976,444,1523,625,981,367,314,2795,3503,1718,3349,24659,17267,5327,1007,18563,8,0
2021-04-05T23:59:59+02:00,717,1026,1139,2152,1328,3424,1803,4738,2449,3551,2118,1848,5859,7206,2020,4029,253,221,319,531,352,969,440,1522,620,977,363,309,2794,3499,1718,3348,24628,17257,5317,971,15462,7,0
2021-04-04T23:59:59+02:00,716,1026,1138,2152,1328,3424,1803,4737,2446,3550,2118,1844,5859,7203,2020,4029,253,221,319,531,352,969,439,1522,620,977,363,309,2793,3499,1718,3348,24620,17255,5317,971,15456,7,0
2021-04-03T23:59:59+02:00,716,1026,1138,2151,1328,3424,1801,4735,2443,3550,2117,1842,5858,7203,2020,4029,253,221,319,531,352,969,439,1522,619,977,363,309,2793,3499,1718,3348,24614,17254,5313,971,15454,7,0
2021-04-02T23:59:59+02:00,716,1025,1138,2151,1324,3423,1799,4729,2441,3547,2106,1833,5850,7187,2017,4018,253,220,319,529,352,969,438,1520,618,970,361,309,2793,3498,1718,3348,24546,17237,5309,971,15449,7,0
2021-04-01T23:59:59+02:00,712,1013,1113,2131,1211,3315,1723,4675,2180,3341,1345,1208,5682,7008,2009,3994,249,219,319,528,351,968,437,1518,617,969,359,307,2793,3498,1718,3344,24437,17225,2810,962,15413,7,0
2021-03-31T23:59:59+02:00,710,1012,1110,2127,1206,3307,1711,4669,2162,3328,1318,1172,5653,6953,1972,3901,248,219,319,527,350,968,437,1517,616,967,358,305,2789,3497,1717,3343,24119,17214,2796,956,15396,7,0
2021-03-30T23:59:59+02:00,708,1003,1104,2122,1199,3302,1702,4654,2152,3314,1265,1124,5573,6812,1932,3771,248,218,319,526,347,963,432,1515,609,956,343,294,2663,3310,1622,3152,23597,16595,2774,915,15366,7,0
2021-03-29T23:59:59+02:00,706,1001,1099,2114,1190,3295,1694,4640,2138,3302,1229,1089,5512,6714,1884,3654,246,216,318,525,344,961,429,1511,606,951,333,287,2382,2966,1457,2856,23161,15468,2751,913,15349,7,0
2021-03-28T23:59:59+02:00,706,997,1097,2109,1186,3287,1690,4630,2134,3298,1213,1077,5503,6693,1874,3624,244,216,316,521,337,958,427,1503,602,937,328,278,2377,2952,1456,2854,23056,15443,2733,859,15329,4,0
2021-03-27T23:59:59+01:00,646,925,1020,2036,1100,3170,1568,4514,2038,3220,1145,1003,4907,5968,1874,3624,242,215,316,521,337,958,422,1500,600,935,328,278,2376,2951,1456,2854,23041,15427,2729,859,12988,3,0
2021-03-26T23:59:59+01:00,641,918,1014,2027,1098,3165,1557,4506,2018,3212,1100,973,4883,5935,1873,3620,241,212,315,519,335,957,420,1499,596,928,318,273,1868,2259,1146,2295,22848,13325,2719,853,12973,3,0
2021-03-25T23:59:59+01:00,638,912,1001,2016,1096,3159,1548,4494,2004,3202,1090,962,4875,5931,1873,3619,240,209,314,518,333,950,417,1494,592,918,313,269,1766,2123,1119,2238,22801,12980,2710,830,12909,3,0
2021-03-24T23:59:59+01:00,636,907,987,2001,1085,3146,1518,4478,1993,3191,1055,931,4850,5901,1868,3614,240,209,313,516,329,946,413,1487,582,901,298,258,1404,1692,1002,2025,22661,11844,2685,768,12815,3,0
2021-03-23T23:59:59+01:00,633,898,983,1990,1079,3135,1513,4465,1983,3186,1041,921,4832,5885,1868,3612,239,209,311,513,322,943,412,1487,576,897,291,251,1137,1389,919,1887,22586,11033,2677,747,12761,3,0
2021-03-22T23:59:59+01:00,632,886,979,1981,1073,3124,1502,4451,1970,3178,1038,918,4827,5884,1868,3612,237,209,310,510,321,942,409,1484,573,893,287,247,1135,1386,919,1884,22564,11016,2662,727,12697,3,0
2021-03-21T23:59:59+01:00,630,880,976,1975,1070,3118,1497,4441,1962,3171,1035,917,4827,5883,1868,3612,237,209,310,508,320,938,409,1479,566,891,278,243,1130,1381,919,1884,22561,11015,2648,684,12653,3,0
2021-03-20T23:59:59+01:00,625,869,970,1961,1054,3103,1470,4422,1924,3140,925,817,4278,5264,1825,3533,237,209,310,508,320,938,409,1479,566,891,278,243,1130,1381,918,1883,20901,11013,2647,684,12632,3,0
2021-03-19T23:59:59+01:00,615,860,949,1931,1031,3087,1434,4399,1897,3104,797,726,3642,4439,1785,3457,234,209,309,508,319,935,407,1477,561,884,276,242,1109,1361,895,1850,18926,10991,2636,582,12591,3,0
2021-03-18T23:59:59+01:00,600,840,932,1912,1007,3061,1398,4356,1852,3056,672,635,3155,3930,1765,3430,229,207,305,503,317,926,404,1471,559,878,272,238,990,1240,801,1686,18852,10613,1238,410,12511,3,0
2021-03-17T23:59:59+01:00,598,828,921,1892,996,3045,1375,4334,1834,3040,643,611,3070,3839,1760,3426,227,206,303,501,314,925,397,1466,556,873,269,234,696,909,553,1298,18547,9694,1201,33,12464,0,0
2021-03-16T23:59:59+01:00,595,813,909,1875,980,3031,1357,4320,1807,3025,618,597,3022,3764,1759,3422,226,206,302,501,313,923,394,1464,552,868,264,230,424,638,392,1024,18341,8694,1162,27,12391,0,0
2021-03-15T23:59:59+01:00,595,799,905,1859,971,3010,1351,4315,1797,3014,612,595,3021,3763,1759,3422,225,206,301,500,312,923,393,1463,550,868,264,230,424,637,391,1024,18328,8687,1139,24,12321,0,0
2021-03-14T23:59:59+01:00,594,793,898,1846,965,3006,1341,4301,1785,3003,609,591,3016,3760,1759,3422,225,206,300,500,311,921,391,1461,550,868,264,230,424,637,391,1024,18323,8685,1112,18,12254,0,0
2021-03-13T23:59:59+01:00,568,721,789,1580,839,2609,1135,3730,1509,2614,543,507,2918,3645,1758,3421,225,206,300,500,311,921,391,1461,550,868,264,230,424,637,391,1024,18319,8685,1112,18,9455,0,0
2021-03-12T23:59:59+01:00,549,613,722,1309,744,2181,954,3028,1212,2014,469,433,2881,3605,1758,3421,225,205,300,500,311,919,390,1460,550,867,264,229,400,606,353,970,18297,8531,1111,18,6485,0,0
2021-03-11T23:59:59+01:00,524,571,689,1239,695,2068,896,2876,1114,1907,437,390,2869,3597,1757,3421,225,205,299,498,310,918,390,1457,549,867,264,228,381,583,313,933,18113,8405,1063,15,5874,0,0
2021-03-10T23:59:59+01:00,509,558,650,1202,656,2037,855,2838,1079,1880,420,377,2856,3579,1756,3418,220,202,296,491,310,918,385,1449,544,861,260,222,214,442,133,710,17836,7648,1043,9,5791,0,0
2021-03-09T23:59:59+01:00,489,540,620,1174,637,2017,832,2810,1058,1857,399,360,2738,3403,1658,3222,220,202,294,489,309,917,384,1446,544,858,258,221,214,441,133,710,17076,7640,1027,0,5711,0,0
2021-03-08T23:59:59+01:00,473,512,599,1146,618,1997,816,2789,1039,1828,374,332,2451,3050,1490,2925,220,201,294,487,308,912,384,1441,544,856,257,219,214,440,133,710,15831,7620,999,0,5609,0,0
2021-03-07T23:59:59+01:00,471,507,591,1129,607,1989,813,2775,1035,1821,373,330,2446,3042,1489,2924,220,201,294,486,308,910,384,1438,544,856,257,219,214,440,133,710,15805,7614,989,0,5548,0,0
2021-03-06T23:59:59+01:00,471,502,587,1117,604,1988,807,2766,1030,1816,373,330,2446,3042,1489,2924,220,201,294,486,308,910,384,1438,544,855,256,219,214,440,133,710,15797,7612,989,0,5506,0,0
2021-03-05T23:59:59+01:00,465,485,580,1104,599,1981,802,2758,1023,1808,359,321,1908,2316,1173,2334,217,196,290,486,305,909,382,1435,542,851,256,219,214,440,133,710,13569,7585,989,0,5458,0,0
2021-03-04T23:59:59+01:00,454,452,552,1073,580,1918,775,2703,1002,1767,355,316,1806,2183,1145,2277,206,189,282,477,304,902,380,1421,540,847,255,219,214,440,133,710,13218,7519,983,0,5157,0,0
2021-03-03T23:59:59+01:00,451,442,543,1043,562,1881,751,2655,986,1735,349,311,1446,1751,1025,2059,205,188,281,476,302,901,376,1413,538,841,253,217,213,437,131,707,12063,7479,976,0,4951,0,0
2021-03-02T23:59:59+01:00,446,433,536,1012,548,1859,742,2632,976,1718,340,301,1169,1443,939,1920,205,186,280,464,298,896,376,1403,538,836,253,217,213,437,131,707,11241,7440,941,0,4832,0,0
2021-03-01T23:59:59+01:00,444,425,526,985,529,1833,730,2604,970,1703,336,296,1167,1437,939,1916,205,183,280,455,295,885,374,1388,536,832,251,215,212,436,131,707,11222,7385,906,0,4712,0,0
2021-02-28T23:59:59+01:00,441,421,522,976,525,1822,727,2594,964,1689,333,292,1167,1435,939,1916,204,182,280,455,295,884,374,1388,535,832,251,215,212,436,131,707,11222,7381,879,0,4662,0,0
2021-02-27T23:59:59+01:00,440,417,517,970,523,1817,724,2585,961,1687,332,291,1167,1435,938,1916,204,182,280,455,295,884,373,1388,535,832,251,215,212,436,131,707,11221,7380,879,0,4620,0,0
2021-02-26T23:59:59+01:00,389,363,440,786,451,1475,586,2157,790,1386,321,281,1167,1432,938,1916,204,180,280,452,293,873,371,1383,533,829,251,215,212,436,131,707,11210,7350,868,0,2800,0,0
2021-02-25T23:59:59+01:00,369,352,428,763,439,1438,572,2113,773,1352,312,275,1074,1332,876,1804,148,166,263,446,284,861,361,1368,528,825,251,213,212,436,131,707,10809,7200,838,0,2625,0,0
2021-02-24T23:59:59+01:00,364,344,422,746,433,1400,555,2060,751,1315,304,264,843,1073,717,1527,148,160,262,440,280,852,360,1354,521,819,248,211,211,436,131,705,9871,7138,797,0,2450,0,0
2021-02-23T23:59:59+01:00,361,330,414,731,423,1378,545,2023,734,1299,292,254,565,790,553,1259,148,159,261,438,278,845,360,1345,520,815,247,210,210,436,130,704,8867,7106,753,0,2331,0,0
2021-02-22T23:59:59+01:00,361,327,413,724,422,1372,540,2014,730,1295,292,251,564,788,553,1258,148,153,256,428,275,827,357,1321,515,809,244,209,210,436,130,704,8862,7022,741,0,2301,0,0
2021-02-21T23:59:59+01:00,358,326,410,717,420,1365,538,2004,723,1292,283,247,559,783,552,1258,148,152,255,428,274,825,354,1318,508,806,243,208,209,435,129,695,8858,6987,699,0,2278,0,0
2021-02-20T23:59:59+01:00,358,323,410,715,420,1356,537,1995,721,1289,283,247,559,783,552,1258,148,152,255,428,274,825,353,1318,508,806,243,208,209,435,129,695,8858,6986,699,0,2249,0,0
2021-02-19T23:59:59+01:00,311,292,377,630,384,1183,474,1773,616,1096,280,241,514,730,491,1167,148,152,255,428,273,825,353,1318,508,806,243,208,209,435,129,695,8637,6985,593,0,1329,0,0
2021-02-18T23:59:59+01:00,310,286,369,619,372,1163,461,1756,608,1090,280,239,445,661,403,1060,145,148,250,423,267,819,350,1309,505,805,241,207,209,435,129,695,8458,6937,418,0,1246,0,0
2021-02-17T23:59:59+01:00,303,280,358,606,363,1153,439,1739,601,1081,275,232,217,453,138,719,136,133,247,419,262,801,344,1293,499,796,237,205,208,435,129,695,7735,6839,31,0,1191,0,0
2021-02-16T23:59:59+01:00,299,278,348,603,354,1144,431,1726,597,1075,272,229,216,452,138,719,102,117,229,394,251,773,328,1252,466,760,217,190,201,420,128,688,7727,6516,27,0,1127,0,0
2021-02-15T23:59:59+01:00,297,277,346,599,352,1136,430,1715,593,1070,272,229,216,451,137,719,101,115,224,383,242,759,319,1223,449,739,207,183,190,392,122,639,7719,6287,24,0,1096,0,0
2021-02-14T23:59:59+01:00,295,273,341,598,348,1127,426,1709,590,1067,272,229,216,451,137,719,97,113,217,377,239,751,313,1207,446,728,206,180,190,381,122,631,7709,6198,19,0,1070,0,0
2021-02-13T23:59:59+01:00,295,273,341,598,348,1127,425,1709,590,1066,271,229,216,451,137,719,97,113,217,377,239,751,313,1207,446,728,206,180,190,381,122,631,7707,6198,19,0,1069,0,0
2021-02-12T23:59:59+01:00,225,208,302,507,318,931,394,1466,554,863,264,226,216,451,137,719,94,112,214,376,236,748,307,1202,443,723,204,179,190,381,122,631,7695,6162,19,0,67,0,0
2021-02-11T23:59:59+01:00,222,206,297,495,312,916,388,1448,546,855,264,226,216,451,137,719,93,106,201,346,225,709,287,1143,428,685,203,176,190,376,122,628,7654,5918,16,0,28,0,0
2021-02-10T23:59:59+01:00,219,199,293,490,308,913,381,1437,544,847,262,224,214,449,137,718,86,99,186,316,212,648,270,1056,405,641,193,162,175,344,112,585,7612,5490,10,0,13,0,0
2021-02-09T23:59:59+01:00,213,193,291,479,307,906,381,1425,542,840,259,223,214,448,137,718,75,79,147,250,180,542,236,851,345,526,176,134,155,309,103,523,7568,4631,2,0,6,0,0
2021-02-08T23:59:59+01:00,209,186,288,468,302,894,377,1407,536,834,255,219,213,446,135,715,43,58,105,157,132,294,170,467,250,353,154,110,126,256,83,428,7476,3186,2,0,6,0,0
2021-02-07T23:59:59+01:00,207,184,285,467,301,892,376,1405,535,834,254,218,213,446,135,715,25,48,88,136,127,273,159,434,235,327,146,104,116,244,79,396,7466,2937,1,0,0,0,0
2021-02-06T23:59:59+01:00,207,184,285,467,301,892,376,1405,535,834,254,218,213,446,135,715,25,45,85,133,116,259,150,416,202,304,133,104,115,239,78,385,7466,2789,1,0,0,0,0
2021-02-05T23:59:59+01:00,207,182,285,464,300,878,373,1400,532,831,254,217,213,446,135,714,24,40,80,126,110,245,143,390,190,286,127,100,112,233,72,370,7430,2648,1,0,0,0,0
2021-02-04T23:59:59+01:00,198,177,285,460,293,867,370,1388,523,825,253,215,212,446,135,712,15,25,53,86,84,188,117,299,158,236,112,90,101,216,65,332,7359,2177,0,0,0,0,0
2021-02-03T23:59:59+01:00,179,170,276,454,289,863,368,1376,523,824,252,215,212,446,135,711,14,23,45,72,75,151,92,271,135,191,91,75,87,185,59,294,7293,1860,0,0,0,0,0
2021-02-02T23:59:59+01:00,156,164,266,451,285,856,364,1366,522,821,251,215,211,446,134,710,13,20,36,66,64,127,74,221,106,144,59,55,61,117,37,186,7218,1386,0,0,0,0,0
2021-02-01T23:59:59+01:00,151,157,260,437,282,838,363,1341,516,811,247,213,211,446,134,710,7,13,18,36,39,73,42,112,59,63,24,28,27,47,21,96,7117,705,0,0,0,0,0
2021-01-31T23:59:59+01:00,150,154,257,435,281,834,361,1336,512,809,247,210,210,445,134,710,5,9,15,23,32,53,29,63,38,40,12,9,12,29,17,59,7085,445,0,0,0,0,0
2021-01-30T23:59:59+01:00,150,154,257,435,281,832,360,1336,512,809,247,210,210,445,134,710,5,9,13,19,29,47,24,54,35,39,12,9,12,29,17,59,7082,412,0,0,0,0,0
2021-01-29T23:59:59+01:00,150,154,257,435,280,832,360,1336,512,809,247,210,210,445,134,710,4,8,8,18,27,38,19,46,31,36,12,9,11,27,17,59,7081,370,0,0,0,0,0
2021-01-28T23:59:59+01:00,148,151,253,427,275,828,358,1329,508,808,247,210,210,445,134,710,1,3,2,8,16,16,11,23,13,20,8,5,5,15,4,23,7041,173,0,0,0,0,0
2021-01-27T23:59:59+01:00,139,141,252,423,271,819,354,1321,502,802,242,208,209,444,134,710,0,0,1,4,11,12,8,18,11,15,7,5,5,15,4,23,6971,139,0,0,0,0,0
2021-01-26T23:59:59+01:00,107,125,236,410,263,791,342,1284,477,771,222,196,202,430,134,702,0,0,1,4,11,12,8,18,11,15,7,5,5,15,4,23,6692,139,0,0,0,0,0
2021-01-25T23:59:59+01:00,104,118,233,390,248,771,330,1249,456,750,210,187,193,405,130,654,0,0,1,4,11,9,7,12,8,11,7,5,5,15,4,23,6428,122,0,0,0,0,0
2021-01-24T23:59:59+01:00,104,116,229,384,247,767,327,1233,454,739,209,184,193,394,130,645,0,0,1,4,11,9,7,12,8,11,7,5,5,15,4,23,6355,122,0,0,0,0,0
2021-01-23T23:59:59+01:00,104,116,229,384,247,767,327,1233,454,739,209,184,193,394,130,645,0,0,1,4,11,9,7,12,8,11,7,5,5,15,4,23,6355,122,0,0,0,0,0
2021-01-22T23:59:59+01:00,104,115,227,382,247,764,323,1229,450,735,207,183,193,394,130,645,0,0,1,4,11,9,7,12,8,11,7,5,5,15,4,23,6328,122,0,0,0,0,0
2021-01-21T23:59:59+01:00,104,109,210,350,237,724,299,1172,437,710,206,179,192,388,130,642,0,0,1,2,9,8,6,10,7,10,7,5,5,15,4,23,6089,112,0,0,0,0,0
2021-01-20T23:59:59+01:00,96,103,197,325,224,657,284,1075,410,661,196,168,176,356,121,599,0,0,1,2,9,8,6,10,7,10,7,5,5,15,4,23,5648,112,0,0,0,0,0
2021-01-19T23:59:59+01:00,86,89,158,276,202,593,260,941,366,564,180,139,155,315,108,528,0,0,1,2,3,7,5,9,4,8,6,4,5,15,4,23,4960,96,0,0,0,0,0
2021-01-18T23:59:59+01:00,73,77,134,231,182,481,228,781,329,484,165,121,131,266,89,447,0,0,0,1,2,3,2,4,2,7,5,4,5,15,4,21,4219,75,0,0,0,0,0
2021-01-17T23:59:59+01:00,47,59,110,202,169,416,210,689,303,431,155,114,119,248,76,392,0,0,0,0,2,3,1,4,2,5,5,4,5,15,4,21,3740,71,0,0,0,0,0
2021-01-16T23:59:59+01:00,40,56,109,199,157,400,198,666,270,407,142,114,118,243,75,381,0,0,0,0,0,0,0,0,0,0,0,0,0,0,0,0,3575,0,0,0,0,0,0
2021-01-15T23:59:59+01:00,38,52,104,192,146,386,191,636,255,387,136,106,114,236,69,366,0,0,0,0,0,0,0,0,0,0,0,0,0,0,0,0,3414,0,0,0,0,0,0
2021-01-14T23:59:59+01:00,14,29,53,85,85,180,119,297,153,228,116,92,100,218,61,328,0,0,0,0,0,0,0,0,0,0,0,0,0,0,0,0,2158,0,0,0,0,0,0
2021-01-13T23:59:59+01:00,13,25,42,71,78,144,96,270,126,192,87,73,79,176,50,263,0,0,0,0,0,0,0,0,0,0,0,0,0,0,0,0,1785,0,0,0,0,0,0
2021-01-12T23:59:59+01:00,12,20,38,65,66,120,78,217,99,142,54,50,52,102,26,153,0,0,0,0,0,0,0,0,0,0,0,0,0,0,0,0,1294,0,0,0,0,0,0
2021-01-11T23:59:59+01:00,5,15,26,45,44,86,52,135,60,71,24,26,23,39,12,67,0,0,0,0,0,0,0,0,0,0,0,0,0,0,0,0,730,0,0,0,0,0,0
2021-01-10T23:59:59+01:00,2,10,22,29,37,62,33,84,38,43,9,7,7,20,8,29,0,0,0,0,0,0,0,0,0,0,0,0,0,0,0,0,440,0,0,0,0,0,0
2021-01-09T23:59:59+01:00,2,9,20,26,35,58,29,74,36,42,9,7,7,20,8,29,0,0,0,0,0,0,0,0,0,0,0,0,0,0,0,0,411,0,0,0,0,0,0
2021-01-08T23:59:59+01:00,1,8,18,24,32,48,23,63,32,40,8,7,5,17,8,29,0,0,0,0,0,0,0,0,0,0,0,0,0,0,0,0,363,0,0,0,0,0,0
2021-01-07T23:59:59+01:00,1,3,2,10,16,16,12,24,15,21,8,6,5,16,6,24,0,0,0,0,0,0,0,0,0,0,0,0,0,0,0,0,185,0,0,0,0,0,0
2021-01-06T23:59:59+01:00,1,0,2,4,14,13,8,19,13,16,8,6,5,16,6,24,0,0,0,0,0,0,0,0,0,0,0,0,0,0,0,0,155,0,0,0,0,0,0
2021-01-05T23:59:59+01:00,0,0,1,4,12,12,8,18,12,16,7,6,5,16,6,24,0,0,0,0,0,0,0,0,0,0,0,0,0,0,0,0,147,0,0,0,0,0,0
2021-01-04T23:59:59+01:00,0,0,1,4,12,11,7,14,10,14,7,6,5,16,6,24,0,0,0,0,0,0,0,0,0,0,0,0,0,0,0,0,137,0,0,0,0,0,0
2021-01-03T23:59:59+01:00,0,0,1,4,11,9,7,12,8,11,7,6,5,16,6,24,0,0,0,0,0,0,0,0,0,0,0,0,0,0,0,0,127,0,0,0,0,0,0
2021-01-02T23:59:59+01:00,0,0,1,4,11,9,7,12,8,11,7,6,5,16,6,24,0,0,0,0,0,0,0,0,0,0,0,0,0,0,0,0,127,0,0,0,0,0,0
2021-01-01T23:59:59+01:00,0,0,1,4,11,9,7,12,8,11,7,6,5,16,6,24,0,0,0,0,0,0,0,0,0,0,0,0,0,0,0,0,127,0,0,0,0,0,0
2020-12-31T23:59:59+01:00,0,0,1,4,11,9,7,12,8,11,7,6,5,16,6,24,0,0,0,0,0,0,0,0,0,0,0,0,0,0,0,0,127,0,0,0,0,0,0
2020-12-30T23:59:59+01:00,0,0,1,4,11,9,7,12,8,11,7,6,5,16,6,24,0,0,0,0,0,0,0,0,0,0,0,0,0,0,0,0,127,0,0,0,0,0,0
2020-12-29T23:59:59+01:00,0,0,1,4,8,9,6,12,7,9,7,6,5,16,6,24,0,0,0,0,0,0,0,0,0,0,0,0,0,0,0,0,120,0,0,0,0,0,0
2020-12-28T23:59:59+01:00,0,0,1,1,5,6,6,5,5,8,7,6,5,16,6,24,0,0,0,0,0,0,0,0,0,0,0,0,0,0,0,0,101,0,0,0,0,0,0
2020-12-27T23:59:59+01:00,0,0,0,0,2,3,1,4,2,6,5,5,5,15,6,24,0,0,0,0,0,0,0,0,0,0,0,0,0,0,0,0,78,0,0,0,0,0,0
