Datum,<15_1_m,<15_1_w,15-24_1_m,15-24_1_w,25-34_1_m,25-34_1_w,35-44_1_m,35-44_1_w,45-54_1_m,45-54_1_w,55-64_1_m,55-64_1_w,65-74_1_m,65-74_1_w,75-84_1_m,75-84_1_w,>84_1_m,>84_1_w,<15_2_m,<15_2_w,15-24_2_m,15-24_2_w,25-34_2_m,25-34_2_w,35-44_2_m,35-44_2_w,45-54_2_m,45-54_2_w,55-64_2_m,55-64_2_w,65-74_2_m,65-74_2_w,75-84_2_m,75-84_2_w,>84_2_m,>84_2_w,bp_1,bp_2,mo_1,mo_2,az_1,az_2,ja,unb_1,unb_2
2021-11-23T23:59:59+01:00,2581,2499,11234,10388,12095,11401,14592,14962,18454,18726,21423,21326,16658,17387,9266,11292,2996,5777,1945,1898,10127,9500,11126,10400,13639,13996,17527,17859,20743,20617,16340,17032,9093,11059,2910,5610,161972,151828,20822,20072,27897,27139,12367,16,15
2021-11-22T23:59:59+01:00,2551,2474,11214,10376,12080,11378,14567,14941,18444,18714,21412,21312,16652,17377,9262,11285,2995,5771,1939,1894,10117,9493,11118,10387,13625,13986,17521,17851,20734,20610,16337,17029,9091,11057,2910,5609,161728,151723,20814,20065,27897,27138,12367,16,15
2021-11-21T23:59:59+01:00,2531,2454,11211,10371,12071,11362,14562,14929,18437,18706,21400,21300,16649,17372,9262,11281,2993,5767,1939,1890,10111,9488,11107,10380,13622,13981,17509,17844,20730,20605,16334,17025,9090,11055,2909,5607,161584,151643,20811,20063,27897,27138,12367,16,15
2021-11-20T23:59:59+01:00,2516,2439,11181,10359,12041,11335,14526,14899,18409,18682,21382,21282,16640,17364,9261,11280,2993,5766,1937,1887,10084,9472,11079,10358,13601,13966,17478,17826,20714,20593,16329,17017,9089,11053,2908,5606,161333,151421,20759,20056,27897,27138,12367,16,15
2021-11-19T23:59:59+01:00,2473,2394,11111,10290,11990,11278,14472,14838,18365,18639,21351,21255,16626,17344,9254,11275,2992,5764,1921,1867,10039,9444,11048,10324,13555,13927,17445,17799,20683,20562,16318,17010,9085,11046,2908,5602,160693,151013,20755,20050,27897,27138,12367,16,15
2021-11-18T23:59:59+01:00,2428,2363,11069,10252,11948,11237,14435,14789,18333,18607,21332,21246,16621,17336,9249,11270,2992,5763,1915,1851,10012,9430,11026,10306,13534,13906,17428,17784,20670,20548,16315,17006,9081,11043,2907,5601,160268,150797,20741,20048,27897,27138,12365,16,15
2021-11-17T23:59:59+01:00,2381,2322,11004,10209,11901,11193,14399,14737,18300,18569,21294,21214,16612,17316,9244,11263,2988,5755,1905,1836,9994,9408,11006,10281,13505,13882,17406,17755,20650,20527,16296,16989,9076,11037,2905,5599,159706,150497,20736,20044,27897,27138,12363,16,15
2021-11-16T23:59:59+01:00,2369,2301,10975,10184,11872,11156,14371,14714,18272,18541,21275,21188,16602,17306,9239,11253,2987,5753,1899,1832,9983,9399,10996,10265,13493,13871,17399,17747,20640,20519,16287,16983,9071,11032,2905,5598,159481,150383,20621,20023,27897,27138,12360,16,15
2021-11-15T23:59:59+01:00,2341,2281,10938,10153,11843,11119,14350,14677,18243,18510,21262,21168,16592,17301,9239,11248,2986,5746,1893,1816,9942,9377,10976,10246,13479,13847,17381,17729,20622,20507,16280,16974,9069,11027,2904,5596,159137,150136,20609,20021,27897,27138,12355,16,15
2021-11-14T23:59:59+01:00,2337,2276,10919,10139,11822,11106,14330,14665,18229,18497,21254,21157,16589,17297,9237,11247,2984,5746,1891,1812,9937,9368,10967,10238,13472,13841,17373,17724,20619,20503,16276,16974,9066,11024,2903,5595,158992,150064,20593,20016,27897,27138,12350,16,15
2021-11-13T23:59:59+01:00,2334,2275,10912,10133,11815,11103,14325,14663,18226,18489,21251,21155,16589,17296,9236,11247,2984,5746,1891,1812,9930,9365,10966,10236,13471,13840,17372,17720,20617,20501,16274,16972,9066,11023,2903,5595,158952,150043,20587,20014,27897,27138,12344,16,15
2021-11-12T23:59:59+01:00,2324,2273,10889,10108,11805,11087,14307,14658,18217,18480,21248,21149,16584,17295,9236,11247,2983,5746,1887,1811,9924,9362,10959,10230,13467,13837,17370,17716,20613,20497,16273,16972,9066,11022,2903,5595,158813,150000,20586,20011,27897,27138,12340,16,15
2021-11-11T23:59:59+01:00,2312,2257,10838,10072,11772,11056,14271,14628,18191,18461,21237,21133,16582,17294,9235,11241,2982,5746,1884,1803,9900,9342,10942,10220,13449,13829,17364,17704,20601,20487,16273,16970,9066,11021,2903,5594,158509,149879,20568,19986,27897,27138,12334,16,15
2021-11-10T23:59:59+01:00,2294,2244,10800,10036,11734,11024,14238,14596,18162,18441,21228,21122,16578,17290,9233,11235,2981,5745,1874,1789,9879,9326,10927,10199,13430,13815,17349,17689,20594,20481,16272,16965,9064,11018,2903,5593,158200,149738,20558,19953,27897,27135,12326,16,15
2021-11-09T23:59:59+01:00,2266,2213,10777,10016,11715,10993,14224,14580,18144,18426,21217,21110,16568,17281,9231,11231,2981,5741,1868,1784,9863,9313,10915,10184,13422,13804,17342,17677,20584,20471,16266,16956,9062,11016,2901,5591,157955,149637,20538,19908,27897,27135,12324,16,15
2021-11-08T23:59:59+01:00,2243,2183,10737,9968,11675,10955,14199,14558,18118,18414,21200,21096,16564,17275,9228,11227,2981,5738,1861,1778,9832,9293,10896,10162,13412,13792,17335,17663,20570,20459,16261,16947,9059,11012,2899,5590,157613,149501,20531,19853,27897,27134,12318,16,15
2021-11-07T23:59:59+01:00,2215,2163,10704,9954,11653,10936,14178,14547,18101,18402,21194,21088,16561,17273,9226,11223,2981,5736,1858,1772,9818,9287,10885,10152,13401,13781,17323,17647,20558,20452,16255,16941,9058,11008,2899,5590,157410,149436,20519,19792,27897,27133,12309,16,15
2021-11-06T23:59:59+01:00,2180,2131,10641,9900,11597,10866,14116,14497,18053,18369,21173,21063,16554,17264,9223,11220,2980,5735,1856,1770,9810,9281,10880,10148,13394,13776,17318,17641,20553,20450,16254,16938,9056,11008,2899,5589,156842,149376,20518,19792,27897,27133,12305,16,15
2021-11-05T23:59:59+01:00,2141,2091,10579,9846,11534,10816,14062,14440,17998,18315,21141,21036,16547,17252,9220,11216,2979,5735,1847,1756,9792,9267,10870,10136,13378,13765,17304,17627,20543,20440,16248,16930,9054,11004,2899,5589,156233,149210,20518,19791,27897,27133,12300,16,15
2021-11-04T23:59:59+01:00,2110,2053,10554,9829,11518,10803,14044,14424,17990,18305,21134,21028,16544,17248,9217,11213,2978,5732,1834,1741,9777,9243,10853,10114,13359,13746,17293,17609,20529,20423,16244,16924,9049,10996,2894,5582,156029,148983,20505,19786,27897,27133,12293,16,15
2021-11-03T23:59:59+01:00,2083,2028,10511,9795,11479,10764,14006,14401,17964,18279,21114,21008,16537,17243,9214,11211,2976,5729,1824,1730,9755,9228,10838,10100,13341,13725,17283,17595,20517,20414,16238,16917,9045,10994,2891,5576,155662,148791,20497,19786,27897,27133,12286,16,15
2021-11-02T23:59:59+01:00,2063,2013,10497,9782,11464,10746,13992,14389,17950,18269,21103,20997,16537,17240,9214,11206,2976,5727,1813,1716,9733,9208,10823,10082,13329,13710,17274,17584,20510,20407,16231,16910,9042,10991,2888,5572,155491,148611,20497,19784,27897,27133,12280,16,15
2021-11-01T23:59:59+01:00,2054,2001,10486,9762,11441,10732,13973,14381,17938,18260,21097,20993,16534,17239,9214,11206,2976,5726,1798,1697,9712,9187,10803,10066,13313,13692,17265,17578,20501,20398,16226,16904,9039,10989,2888,5569,155351,148427,20491,19776,27897,27133,12274,16,15
2021-10-31T23:59:59+01:00,2054,2001,10485,9761,11440,10731,13972,14380,17938,18260,21096,20993,16534,17238,9214,11205,2976,5726,1795,1695,9711,9187,10803,10065,13313,13692,17264,17577,20500,20398,16224,16902,9038,10988,2888,5569,155342,148411,20491,19776,27897,27133,12274,16,15
2021-10-30T23:59:59+02:00,2047,1992,10440,9740,11388,10697,13928,14342,17879,18226,21063,20971,16530,17233,9214,11203,2975,5725,1795,1695,9709,9184,10799,10062,13311,13691,17262,17573,20494,20394,16224,16901,9038,10988,2888,5569,154931,148379,20491,19776,27897,27133,12274,16,15
2021-10-29T23:59:59+02:00,2033,1973,10402,9719,11346,10660,13894,14301,17842,18193,21041,20952,16523,17227,9212,11202,2974,5724,1792,1695,9701,9180,10795,10056,13301,13683,17251,17568,20486,20387,16221,16900,9038,10986,2888,5568,154561,148305,20491,19774,27897,27133,12269,16,15
2021-10-28T23:59:59+02:00,2025,1965,10386,9708,11328,10650,13877,14295,17832,18181,21031,20949,16521,17226,9209,11199,2974,5722,1786,1694,9680,9167,10783,10044,13290,13675,17243,17562,20482,20382,16219,16898,9038,10983,2888,5567,154440,148207,20488,19772,27896,27133,12254,16,15
2021-10-27T23:59:59+02:00,2014,1955,10372,9700,11313,10641,13860,14284,17821,18174,21025,20945,16521,17220,9208,11195,2972,5718,1763,1665,9647,9128,10767,10008,13271,13645,17223,17546,20468,20372,16207,16895,9038,10982,2885,5565,154314,147912,20479,19766,27896,27133,12249,16,15
2021-10-26T23:59:59+02:00,2003,1939,10353,9683,11295,10631,13842,14269,17813,18161,21018,20939,16520,17219,9203,11189,2972,5716,1727,1629,9582,9063,10739,9970,13247,13611,17199,17516,20455,20360,16200,16884,9034,10976,2884,5563,154151,147488,20479,19765,27896,27132,12239,16,15
2021-10-25T23:59:59+02:00,2001,1936,10337,9676,11286,10625,13840,14264,17808,18158,21016,20936,16518,17218,9202,11188,2972,5716,1724,1623,9577,9060,10735,9968,13242,13610,17194,17513,20452,20360,16198,16883,9034,10973,2884,5561,154090,147445,20478,19765,27895,27132,12234,16,15
2021-10-24T23:59:59+02:00,1995,1932,10326,9670,11273,10620,13835,14260,17805,18156,21012,20932,16517,17218,9202,11185,2971,5715,1714,1617,9560,9047,10727,9959,13237,13603,17192,17510,20446,20360,16197,16881,9034,10972,2882,5561,154025,147359,20476,19765,27895,27132,12228,16,15
2021-10-23T23:59:59+02:00,1992,1929,10288,9642,11237,10595,13805,14231,17776,18134,20991,20917,16511,17209,9199,11180,2971,5713,1714,1616,9559,9046,10727,9956,13234,13600,17191,17510,20446,20360,16197,16880,9034,10971,2882,5561,153723,147346,20476,19765,27895,27132,12226,16,15
2021-10-22T23:59:59+02:00,1981,1916,10257,9621,11223,10564,13767,14214,17756,18115,20967,20900,16505,17209,9198,11178,2971,5713,1706,1607,9541,9036,10720,9945,13225,13588,17188,17502,20441,20357,16194,16875,9033,10970,2881,5558,153469,147239,20474,19765,27895,27131,12217,16,15
2021-10-21T23:59:59+02:00,1976,1913,10251,9615,11206,10553,13754,14211,17746,18110,20964,20899,16504,17208,9196,11178,2971,5712,1700,1598,9530,9029,10715,9934,13221,13575,17180,17495,20437,20350,16192,16874,9032,10968,2881,5558,153388,147149,20470,19760,27895,27131,12214,16,15
2021-10-20T23:59:59+02:00,1967,1904,10231,9605,11195,10534,13744,14203,17741,18100,20956,20894,16501,17204,9194,11175,2971,5712,1682,1579,9506,8994,10701,9913,13203,13555,17160,17479,20423,20337,16190,16868,9030,10965,2879,5558,153259,146909,20468,19758,27895,27131,12209,16,15
2021-10-19T23:59:59+02:00,1962,1898,10219,9598,11186,10524,13737,14198,17735,18096,20949,20890,16500,17202,9194,11175,2970,5711,1660,1559,9462,8950,10668,9882,13178,13529,17133,17456,20412,20326,16181,16855,9025,10962,2879,5557,153183,146571,20466,19757,27895,27131,12200,16,15
2021-10-18T23:59:59+02:00,1956,1881,10190,9580,11170,10508,13728,14184,17721,18089,20937,20882,16496,17197,9191,11169,2970,5708,1634,1539,9432,8911,10643,9856,13155,13500,17111,17440,20395,20312,16172,16847,9017,10952,2878,5554,152998,146248,20465,19755,27895,27131,12199,16,15
2021-10-17T23:59:59+02:00,1956,1880,10185,9579,11167,10504,13724,14182,17719,18085,20934,20881,16493,17197,9191,11169,2968,5706,1634,1536,9430,8907,10636,9854,13153,13499,17106,17435,20393,20311,16171,16846,9017,10951,2878,5554,152964,146215,20464,19753,27895,27131,12197,16,15
2021-10-16T23:59:59+02:00,1952,1876,10175,9573,11162,10504,13718,14171,17716,18083,20929,20879,16491,17193,9189,11168,2968,5705,1634,1536,9430,8906,10635,9854,13152,13498,17106,17433,20392,20311,16171,16846,9017,10951,2878,5554,152897,146209,20464,19753,27895,27131,12196,16,15
2021-10-15T23:59:59+02:00,1949,1872,10167,9560,11155,10498,13710,14159,17707,18072,20924,20867,16490,17192,9188,11167,2968,5704,1630,1529,9414,8892,10625,9847,13143,13491,17102,17428,20386,20306,16169,16846,9017,10951,2877,5554,152797,146116,20464,19752,27895,27131,12193,16,15
2021-10-14T23:59:59+02:00,1944,1864,10155,9549,11146,10483,13694,14151,17701,18062,20913,20856,16487,17189,9188,11164,2967,5702,1623,1526,9404,8879,10616,9836,13134,13483,17096,17423,20376,20298,16163,16840,9014,10950,2877,5554,152705,146022,20433,19743,27895,27131,12181,16,15
2021-10-13T23:59:59+02:00,1940,1853,10140,9530,11132,10476,13680,14141,17686,18051,20906,20848,16484,17181,9185,11158,2965,5701,1614,1519,9393,8860,10602,9823,13121,13470,17084,17412,20371,20288,16161,16834,9009,10941,2876,5551,152586,145943,20396,19662,27895,27130,12179,16,15
2021-10-12T23:59:59+02:00,1930,1844,10125,9517,11122,10459,13675,14136,17684,18045,20900,20845,16482,17178,9183,11157,2965,5701,1602,1509,9365,8837,10593,9808,13108,13454,17071,17402,20361,20279,16152,16825,9004,10933,2875,5543,152546,145818,20328,19580,27895,27130,12178,16,15
2021-10-11T23:59:59+02:00,1921,1835,10106,9501,11104,10450,13661,14128,17674,18029,20892,20835,16476,17176,9180,11153,2964,5699,1574,1482,9333,8797,10572,9777,13085,13426,17057,17387,20349,20270,16143,16821,9001,10929,2874,5539,152446,145669,20269,19429,27895,27130,12173,16,15
2021-10-10T23:59:59+02:00,1920,1830,10096,9494,11099,10443,13651,14121,17666,18021,20882,20829,16476,17176,9177,11149,2963,5699,1572,1481,9326,8793,10564,9773,13079,13421,17052,17384,20344,20270,16142,16821,8999,10926,2874,5537,152421,145625,20206,19419,27895,27130,12169,16,15
2021-10-09T23:59:59+02:00,1920,1830,10096,9494,11098,10443,13651,14121,17665,18021,20882,20829,16476,17176,9177,11149,2963,5699,1571,1481,9323,8789,10564,9771,13078,13420,17050,17384,20343,20269,16142,16821,8999,10926,2874,5537,152420,145612,20205,19416,27895,27130,12169,16,15
2021-10-08T23:59:59+02:00,1911,1821,10081,9486,11089,10437,13641,14110,17655,18013,20872,20824,16469,17170,9176,11146,2962,5698,1565,1474,9317,8780,10558,9765,13072,13413,17048,17381,20342,20268,16140,16820,8999,10925,2874,5537,152293,145556,20205,19410,27895,27130,12167,16,15
2021-10-07T23:59:59+02:00,1899,1807,10051,9453,11061,10409,13612,14092,17647,18000,20854,20811,16463,17165,9173,11142,2961,5696,1559,1466,9305,8761,10549,9749,13066,13402,17043,17372,20334,20263,16136,16816,8995,10922,2874,5536,152050,145445,20200,19408,27895,27130,12150,16,15
2021-10-06T23:59:59+02:00,1881,1783,10025,9433,11045,10394,13596,14072,17639,17988,20842,20802,16459,17160,9170,11140,2961,5695,1518,1410,9263,8698,10526,9712,13032,13364,17016,17345,20314,20244,16125,16807,8990,10918,2874,5532,151847,144994,20197,19407,27895,27130,12142,16,15
2021-10-05T23:59:59+02:00,1871,1771,10012,9411,11034,10377,13582,14056,17630,17979,20832,20797,16455,17154,9169,11140,2960,5695,1500,1387,9243,8673,10511,9691,13022,13352,17008,17329,20302,20235,16119,16803,8987,10912,2870,5528,151708,144799,20197,19407,27895,27130,12121,16,15
2021-10-04T23:59:59+02:00,1859,1761,9986,9397,11021,10361,13567,14043,17619,17965,20818,20784,16454,17149,9167,11138,2959,5695,1484,1373,9221,8652,10489,9668,13017,13341,16999,17309,20291,20215,16117,16798,8985,10910,2869,5528,151555,144618,20192,19407,27895,27129,12097,16,15
2021-10-03T23:59:59+02:00,1853,1756,9979,9390,11010,10350,13562,14036,17612,17960,20810,20780,16451,17144,9165,11137,2959,5695,1481,1368,9213,8643,10476,9661,13013,13336,16995,17302,20282,20210,16114,16796,8985,10908,2869,5528,151492,144563,20192,19407,27895,27129,12066,16,15
2021-10-02T23:59:59+02:00,1853,1756,9978,9387,11008,10349,13559,14036,17612,17960,20808,20778,16450,17143,9165,11137,2959,5695,1481,1368,9212,8641,10473,9657,13011,13334,16995,17302,20281,20208,16113,16794,8985,10908,2869,5528,151486,144555,20192,19405,27895,27129,12056,16,15
2021-10-01T23:59:59+02:00,1850,1752,9963,9372,11000,10334,13550,14028,17603,17953,20802,20774,16447,17139,9163,11136,2957,5693,1471,1354,9195,8623,10459,9646,13009,13323,16984,17295,20272,20201,16112,16794,8984,10903,2868,5526,151388,144431,20191,19405,27894,27129,12039,16,15
2021-09-30T23:59:59+02:00,1847,1748,9947,9364,10988,10324,13540,14011,17595,17940,20792,20767,16447,17138,9161,11134,2956,5692,1462,1350,9172,8615,10447,9636,13002,13311,16974,17291,20266,20197,16110,16794,8981,10903,2868,5526,151310,144365,20189,19402,27894,27129,11994,16,15
2021-09-29T23:59:59+02:00,1834,1714,9918,9328,10964,10298,13525,13991,17580,17928,20774,20756,16439,17130,9159,11131,2955,5689,1458,1336,9162,8600,10433,9621,12999,13297,16969,17278,20257,20189,16104,16785,8977,10900,2867,5525,151049,144235,20189,19401,27894,27129,11977,16,15
2021-09-28T23:59:59+02:00,1807,1689,9865,9274,10942,10262,13493,13964,17552,17898,20757,20736,16430,17117,9155,11121,2954,5686,1437,1320,9143,8572,10419,9599,12982,13284,16959,17266,20244,20178,16095,16776,8970,10893,2867,5524,150665,144033,20189,19400,27893,27129,11951,16,15
2021-09-27T23:59:59+02:00,1790,1676,9839,9256,10915,10240,13473,13937,17534,17878,20748,20729,16424,17112,9151,11118,2954,5685,1423,1308,9124,8550,10396,9579,12961,13258,16944,17249,20233,20169,16091,16773,8968,10890,2867,5523,150497,143884,20180,19395,27893,27127,11885,16,15
2021-09-26T23:59:59+02:00,1783,1670,9828,9246,10897,10227,13463,13930,17527,17872,20738,20728,16422,17108,9151,11117,2953,5685,1421,1307,9118,8542,10386,9575,12952,13252,16940,17244,20226,20167,16089,16771,8968,10890,2867,5523,150414,143848,20179,19394,27893,27126,11855,16,15
2021-09-25T23:59:59+02:00,1783,1669,9825,9245,10896,10227,13461,13929,17527,17872,20738,20728,16422,17107,9151,11117,2953,5685,1421,1307,9118,8539,10384,9575,12951,13250,16940,17244,20226,20167,16089,16770,8968,10890,2867,5523,150409,143844,20179,19394,27893,27126,11850,16,15
2021-09-24T23:59:59+02:00,1775,1653,9808,9233,10893,10217,13457,13918,17524,17868,20735,20724,16419,17106,9151,11117,2952,5685,1411,1301,9101,8526,10378,9564,12947,13246,16934,17238,20225,20163,16087,16768,8967,10890,2867,5523,150321,143761,20177,19394,27893,27126,11840,16,15
2021-09-23T23:59:59+02:00,1772,1651,9745,9189,10791,10152,13359,13844,17439,17802,20682,20677,16395,17088,9144,11106,2952,5682,1410,1298,9043,8487,10277,9504,12858,13185,16853,17176,20174,20119,16064,16747,8959,10878,2867,5520,150243,143733,20175,19391,27893,27126,11154,16,15
2021-09-22T23:59:59+02:00,1750,1634,9716,9156,10775,10123,13333,13813,17411,17779,20667,20655,16391,17080,9142,11099,2949,5681,1404,1281,9018,8472,10255,9487,12843,13170,16834,17166,20163,20114,16058,16745,8956,10872,2865,5517,149957,143563,20171,19388,27893,27126,11128,16,15
2021-09-21T23:59:59+02:00,1719,1604,9659,9090,10739,10088,13305,13771,17381,17756,20652,20644,16379,17066,9138,11097,2947,5675,1388,1250,8982,8438,10239,9469,12821,13143,16808,17136,20152,20103,16048,16738,8951,10869,2865,5515,149534,143278,20169,19386,27892,27126,11110,16,15
2021-09-20T23:59:59+02:00,1687,1580,9604,9038,10692,10037,13269,13730,17360,17737,20628,20626,16369,17059,9129,11085,2946,5671,1371,1223,8947,8411,10220,9446,12793,13120,16786,17118,20132,20083,16039,16729,8944,10861,2863,5513,149133,143024,20167,19385,27892,27125,11050,16,15
2021-09-19T23:59:59+02:00,1686,1579,9600,9030,10684,10032,13261,13728,17352,17731,20621,20622,16367,17056,9128,11083,2943,5668,1367,1222,8941,8405,10215,9444,12789,13118,16783,17116,20129,20079,16038,16729,8944,10861,2863,5512,149079,143002,20164,19383,27892,27124,11031,16,15
2021-09-18T23:59:59+02:00,1686,1579,9600,9029,10682,10028,13258,13724,17349,17731,20620,20622,16367,17056,9128,11083,2943,5668,1365,1222,8939,8402,10213,9442,12788,13115,16779,17115,20128,20079,16038,16729,8944,10861,2863,5512,149073,142993,20164,19383,27892,27124,11019,16,15
2021-09-17T23:59:59+02:00,1680,1569,9583,9006,10669,10012,13242,13710,17338,17720,20615,20611,16365,17054,9127,11081,2942,5667,1363,1220,8932,8396,10206,9436,12779,13109,16775,17110,20125,20070,16038,16727,8943,10860,2863,5512,148958,142969,20162,19383,27892,27123,10974,16,15
2021-09-16T23:59:59+02:00,1676,1568,9566,8990,10653,9995,13231,13698,17326,17712,20603,20600,16364,17050,9124,11078,2942,5665,1360,1220,8926,8390,10198,9429,12771,13103,16767,17105,20115,20065,16038,16726,8943,10857,2863,5510,148854,142940,20159,19380,27892,27120,10931,16,15
2021-09-15T23:59:59+02:00,1663,1553,9539,8963,10629,9975,13202,13670,17307,17688,20586,20582,16358,17043,9115,11070,2942,5661,1336,1186,8879,8350,10168,9388,12737,13063,16742,17084,20086,20045,16031,16714,8938,10854,2863,5508,148687,142602,20091,19367,27892,27117,10871,16,15
2021-09-14T23:59:59+02:00,1651,1543,9506,8933,10612,9955,13183,13647,17284,17670,20571,20567,16341,17030,9105,11059,2938,5649,1314,1174,8846,8318,10151,9371,12727,13040,16726,17065,20069,20025,16027,16707,8935,10847,2862,5504,148484,142361,20014,19366,27892,27117,10849,16,15
2021-09-13T23:59:59+02:00,1617,1507,9463,8878,10586,9921,13160,13604,17263,17651,20549,20554,16335,17024,9102,11053,2936,5643,1291,1159,8811,8290,10135,9348,12706,13008,16713,17048,20053,20009,16021,16693,8929,10845,2861,5500,148265,142106,19859,19358,27892,27116,10825,16,15
2021-09-12T23:59:59+02:00,1615,1504,9451,8871,10574,9915,13153,13594,17258,17647,20546,20549,16334,17021,9100,11052,2936,5640,1274,1143,8787,8269,10114,9337,12689,12994,16702,17041,20045,20000,16018,16689,8928,10839,2861,5499,148216,141948,19853,19357,27892,27115,10794,16,15
2021-09-11T23:59:59+02:00,1615,1504,9449,8866,10569,9911,13150,13592,17257,17644,20543,20547,16334,17019,9099,11052,2936,5640,1274,1143,8778,8266,10112,9336,12684,12993,16701,17038,20043,19999,16018,16688,8927,10839,2861,5499,148205,141942,19849,19352,27892,27115,10776,16,14
2021-09-10T23:59:59+02:00,1614,1503,9445,8862,10560,9903,13138,13587,17252,17637,20541,20543,16333,17018,9099,11052,2936,5640,1273,1142,8774,8263,10105,9327,12673,12987,16695,17033,20040,19995,16018,16687,8927,10838,2861,5499,148176,141920,19848,19346,27892,27115,10742,16,14
2021-09-09T23:59:59+02:00,1611,1498,9429,8856,10549,9890,13124,13570,17236,17628,20526,20531,16330,17017,9097,11048,2935,5637,1270,1138,8764,8257,10098,9317,12667,12973,16677,17026,20028,19985,16016,16685,8925,10831,2860,5497,148093,141865,19846,19346,27892,27114,10675,16,14
2021-09-08T23:59:59+02:00,1573,1450,9386,8797,10518,9851,13097,13533,17202,17602,20507,20511,16314,17003,9093,11042,2935,5635,1268,1131,8740,8241,10079,9301,12647,12956,16661,17017,20012,19977,16009,16679,8924,10827,2860,5497,147682,141733,19845,19341,27892,27114,10624,16,14
2021-09-07T23:59:59+02:00,1555,1425,9366,8775,10499,9832,13087,13523,17193,17590,20501,20506,16310,17000,9092,11037,2934,5633,1268,1129,8732,8234,10071,9299,12639,12954,16657,17008,20008,19974,16009,16677,8924,10824,2860,5497,147507,141691,19843,19339,27892,27110,10610,16,14
2021-09-06T23:59:59+02:00,1542,1413,9342,8751,10478,9811,13077,13509,17182,17576,20492,20490,16308,16997,9090,11037,2933,5633,1265,1129,8726,8224,10063,9292,12634,12946,16651,17003,20003,19967,16007,16677,8921,10821,2860,5496,147331,141634,19842,19336,27890,27109,10592,16,14
2021-09-05T23:59:59+02:00,1539,1410,9334,8741,10469,9806,13072,13503,17179,17569,20486,20487,16304,16994,9090,11036,2933,5633,1262,1121,8718,8218,10056,9282,12628,12940,16645,16997,19995,19965,16005,16675,8921,10820,2860,5496,147279,141580,19842,19336,27890,27106,10568,16,14
2021-09-04T23:59:59+02:00,1538,1410,9333,8739,10468,9806,13071,13502,17179,17569,20484,20485,16304,16994,9090,11036,2933,5633,1261,1121,8718,8218,10055,9280,12627,12940,16644,16996,19994,19965,16005,16675,8921,10820,2860,5496,147273,141574,19839,19336,27890,27106,10566,16,14
2021-09-03T23:59:59+02:00,1528,1396,9312,8721,10455,9795,13066,13492,17164,17557,20472,20475,16300,16988,9089,11031,2933,5630,1261,1120,8702,8206,10043,9272,12620,12933,16628,16986,19991,19957,16001,16668,8920,10816,2860,5493,147171,141522,19835,19334,27890,27106,10501,16,14
2021-09-02T23:59:59+02:00,1517,1387,9259,8690,10395,9744,12991,13434,17114,17520,20413,20431,16268,16961,9079,11020,2932,5625,1253,1115,8658,8181,9985,9228,12551,12883,16584,16953,19931,19916,15969,16645,8913,10808,2860,5488,147042,141465,19834,19330,27889,27104,10008,16,14
2021-09-01T23:59:59+02:00,1513,1370,9239,8676,10373,9732,12978,13421,17102,17506,20403,20426,16264,16955,9072,11016,2932,5624,1242,1107,8641,8161,9969,9211,12540,12872,16571,16942,19915,19905,15965,16640,8910,10802,2860,5487,146931,141332,19812,19328,27889,27103,9963,16,14
2021-08-31T23:59:59+02:00,1497,1352,9225,8650,10362,9720,12967,13414,17097,17494,20396,20418,16259,16951,9070,11011,2932,5624,1229,1093,8625,8143,9963,9199,12525,12861,16560,16937,19912,19898,15961,16638,8909,10799,2860,5487,146777,141205,19811,19325,27889,27100,9955,16,14
2021-08-30T23:59:59+02:00,1476,1335,9207,8628,10348,9704,12956,13399,17084,17474,20384,20409,16255,16948,9068,11009,2932,5623,1221,1082,8599,8129,9949,9187,12514,12841,16547,16920,19904,19891,15956,16632,8907,10794,2858,5485,146613,141069,19811,19321,27886,27091,9921,16,14
2021-08-29T23:59:59+02:00,1475,1334,9205,8622,10341,9695,12954,13394,17075,17469,20380,20404,16252,16943,9068,11009,2932,5622,1220,1079,8596,8123,9940,9175,12509,12835,16539,16915,19900,19888,15953,16625,8906,10794,2858,5484,146596,141047,19811,19320,27886,27085,9873,16,14
2021-08-28T23:59:59+02:00,1474,1334,9202,8618,10341,9694,12953,13393,17075,17468,20379,20403,16252,16943,9068,11009,2932,5622,1219,1077,8592,8123,9939,9175,12508,12834,16539,16914,19899,19887,15953,16625,8906,10794,2858,5484,146588,141042,19811,19318,27886,27085,9867,16,14
2021-08-27T23:59:59+02:00,1464,1323,9189,8611,10336,9687,12950,13391,17072,17462,20374,20398,16251,16941,9067,11009,2932,5622,1214,1071,8582,8116,9936,9170,12503,12831,16537,16907,19898,19886,15952,16624,8905,10793,2858,5484,146514,140996,19810,19316,27886,27080,9861,16,14
2021-08-26T23:59:59+02:00,1461,1322,9182,8607,10329,9681,12942,13390,17069,17460,20372,20393,16248,16938,9064,11004,2931,5622,1211,1069,8573,8105,9928,9164,12495,12828,16532,16905,19896,19881,15949,16620,8902,10790,2857,5484,146493,140965,19808,19316,27886,27074,9820,16,14
2021-08-25T23:59:59+02:00,1447,1297,9075,8551,10242,9609,12853,13317,16950,17377,20277,20337,16201,16901,9049,10983,2926,5611,1199,1061,8480,8051,9844,9102,12404,12763,16427,16832,19809,19827,15905,16582,8888,10770,2852,5471,146254,140818,19807,19315,27886,27072,9048,16,14
2021-08-24T23:59:59+02:00,1428,1272,9044,8521,10228,9589,12824,13288,16919,17341,20263,20321,16186,16891,9044,10977,2926,5608,1194,1052,8457,8038,9827,9090,12388,12752,16416,16817,19802,19817,15899,16578,8888,10768,2852,5470,145965,140700,19805,19313,27886,27072,9006,16,14
2021-08-23T23:59:59+02:00,1410,1247,9002,8484,10214,9570,12792,13268,16900,17323,20247,20296,16173,16879,9033,10970,2925,5602,1193,1046,8432,8022,9801,9071,12374,12746,16404,16808,19791,19801,15893,16570,8883,10763,2851,5467,145699,140602,19805,19311,27886,27052,8937,16,14
2021-08-22T23:59:59+02:00,1410,1247,8992,8479,10207,9563,12791,13264,16896,17317,20244,20293,16170,16875,9029,10970,2925,5601,1192,1045,8416,8016,9794,9060,12370,12741,16401,16801,19789,19797,15890,16565,8879,10761,2851,5466,145685,140573,19805,19309,27886,27049,8889,16,14
2021-08-21T23:59:59+02:00,1410,1246,8987,8479,10206,9561,12788,13263,16895,17317,20243,20292,16170,16875,9029,10970,2925,5601,1190,1043,8294,7935,9693,8966,12282,12631,16309,16731,19733,19754,15870,16550,8876,10750,2850,5464,145679,140568,19802,18409,27886,27048,8882,16,14
2021-08-20T23:59:59+02:00,1409,1244,8979,8477,10198,9553,12781,13253,16892,17315,20236,20287,16167,16875,9029,10968,2924,5600,1041,902,7937,7610,9541,8807,12138,12490,16186,16622,19626,19658,15831,16501,8864,10726,2848,5463,145644,138474,19802,18409,27886,27047,8847,16,14
2021-08-19T23:59:59+02:00,1404,1242,8968,8471,10191,9544,12772,13247,16887,17313,20231,20285,16166,16873,9029,10967,2924,5599,921,788,7676,7341,9412,8701,11994,12371,16092,16517,19529,19571,15789,16454,8853,10707,2847,5455,145602,136746,19799,18401,27885,27038,8819,16,14
2021-08-18T23:59:59+02:00,1380,1210,8922,8435,10164,9513,12744,13211,16857,17290,20205,20256,16153,16859,9023,10961,2920,5594,920,787,7663,7331,9400,8693,11980,12354,16078,16508,19521,19562,15783,16447,8849,10703,2844,5452,145295,136699,19786,18400,27882,27037,8725,16,14
2021-08-17T23:59:59+02:00,1355,1197,8886,8403,10149,9492,12728,13186,16842,17269,20182,20234,16145,16849,9021,10954,2918,5589,915,785,7650,7316,9383,8685,11969,12345,16071,16498,19510,19556,15776,16441,8848,10701,2843,5450,145051,136629,19783,18395,27881,27031,8675,16,12
2021-08-16T23:59:59+02:00,1332,1179,8848,8377,10130,9473,12704,13161,16832,17252,20162,20219,16140,16837,9017,10953,2917,5589,914,785,7641,7304,9367,8682,11959,12339,16068,16492,19501,19549,15773,16438,8848,10701,2843,5450,144817,136587,19781,18391,27881,27030,8634,16,12
2021-08-15T23:59:59+02:00,1314,1162,8829,8358,10117,9459,12688,13148,16820,17243,20148,20206,16134,16831,9017,10948,2917,5589,912,784,7629,7294,9350,8666,11945,12328,16060,16484,19495,19544,15764,16434,8847,10698,2843,5450,144670,136529,19780,18386,27879,27010,8590,16,12
2021-08-14T23:59:59+02:00,1313,1162,8829,8358,10116,9459,12687,13146,16820,17242,20147,20204,16134,16831,9017,10948,2917,5589,793,667,7311,7002,9204,8499,11772,12163,15942,16354,19401,19456,15738,16410,8838,10685,2843,5446,144664,134540,19780,18384,27879,27001,8587,16,12
2021-08-13T23:59:59+02:00,1308,1160,8817,8350,10106,9451,12674,13135,16804,17233,20139,20196,16131,16826,9015,10947,2916,5589,632,522,6924,6642,9034,8339,11564,11946,15722,16174,19260,19333,15704,16371,8826,10671,2841,5442,144635,132059,19780,18384,27879,26998,8494,16,12
2021-08-12T23:59:59+02:00,1307,1160,8816,8347,10099,9445,12670,13135,16798,17223,20135,20191,16130,16822,9013,10945,2916,5589,628,520,6917,6635,9020,8331,11552,11944,15711,16167,19256,19327,15702,16366,8824,10670,2841,5442,144616,132023,19779,18381,27879,26980,8457,16,12
2021-08-11T23:59:59+02:00,1304,1156,8812,8340,10090,9438,12663,13131,16792,17219,20129,20189,16128,16819,9012,10945,2916,5588,624,519,6910,6624,9002,8320,11541,11940,15707,16160,19248,19321,15698,16363,8823,10670,2841,5440,144567,131958,19775,18375,27879,26966,8440,16,12
2021-08-10T23:59:59+02:00,1303,1156,8810,8338,10085,9431,12660,13126,16790,17217,20128,20184,16126,16817,9012,10944,2916,5588,607,511,6865,6578,8967,8303,11522,11920,15681,16148,19241,19311,15696,16361,8823,10668,2841,5440,144538,131712,19775,18371,27879,26959,8429,16,12
2021-08-09T23:59:59+02:00,1303,1154,8804,8335,10081,9422,12658,13123,16783,17215,20122,20184,16124,16817,9011,10944,2916,5588,601,506,6845,6555,8945,8283,11509,11909,15665,16136,19235,19306,15693,16360,8821,10667,2841,5440,144510,131575,19775,18367,27877,26950,8413,15,12
2021-08-08T23:59:59+02:00,1303,1153,8801,8329,10079,9418,12649,13120,16778,17211,20120,20181,16122,16813,9010,10943,2915,5587,600,504,6842,6544,8931,8276,11492,11901,15658,16127,19233,19301,15690,16356,8820,10666,2840,5439,144498,131528,19774,18360,27877,26946,8374,15,12
2021-08-07T23:59:59+02:00,1303,1145,8793,8322,10070,9411,12646,13114,16771,17207,20113,20176,16118,16808,9008,10942,2914,5587,423,357,6190,5974,8660,8053,11221,11670,15459,15952,19147,19225,15670,16332,8813,10659,2837,5438,144452,128439,19773,18347,27877,26945,8337,15,12
2021-08-06T23:59:59+02:00,1297,1144,8784,8310,10056,9399,12626,13095,16753,17195,20096,20164,16111,16800,9008,10939,2914,5586,420,356,6177,5960,8644,8038,11197,11648,15437,15935,19130,19213,15663,16325,8813,10656,2837,5437,144414,128384,19770,18340,27877,26943,8207,15,12
2021-08-05T23:59:59+02:00,1294,1142,8776,8303,10047,9390,12613,13087,16747,17192,20088,20160,16110,16800,9008,10938,2914,5586,418,351,5892,5724,8294,7741,10833,11372,15112,15697,18881,19045,15643,16300,8803,10649,2836,5436,144366,128287,19766,15637,27873,26910,8181,15,12
2021-08-04T23:59:59+02:00,1293,1139,8770,8299,10042,9388,12607,13083,16742,17190,20086,20157,16110,16800,9007,10937,2914,5585,416,349,5878,5716,8265,7731,10812,11360,15095,15691,18876,19040,15642,16297,8802,10649,2836,5436,144334,128187,19765,15629,27872,26894,8169,15,12
2021-08-03T23:59:59+02:00,1286,1136,8766,8289,10037,9384,12602,13080,16737,17188,20081,20156,16108,16800,9006,10935,2914,5584,395,333,5766,5603,8170,7661,10695,11283,15046,15638,18847,19025,15638,16295,8801,10647,2834,5435,144291,127460,19763,15621,27872,26865,8154,15,12
2021-08-02T23:59:59+02:00,1280,1130,8753,8281,10030,9377,12597,13074,16731,17178,20074,20152,16106,16797,9004,10932,2913,5583,358,301,5596,5443,8042,7554,10570,11167,14974,15556,18815,19000,15630,16286,8795,10647,2834,5435,144209,126395,19757,15616,27871,26834,8146,15,12
2021-08-01T23:59:59+02:00,1278,1129,8746,8274,10023,9370,12591,13072,16726,17176,20069,20150,16106,16797,9003,10930,2913,5583,342,281,5536,5386,7992,7505,10508,11115,14937,15530,18802,18982,15627,16283,8793,10644,2834,5433,144165,125954,19755,15612,27870,26815,8137,15,12
2021-07-31T23:59:59+02:00,1278,1129,8745,8271,10023,9369,12588,13072,16725,17176,20068,20148,16106,16797,9003,10930,2913,5583,337,277,5510,5365,7976,7492,10489,11101,14924,15524,18797,18979,15626,16282,8793,10644,2834,5433,144163,125821,19754,15608,27870,26814,8128,15,12
2021-07-30T23:59:59+02:00,1146,1008,8517,8043,9930,9250,12508,12988,16645,17104,20008,20081,16074,16758,8997,10913,2912,5580,281,214,5217,5092,7838,7351,10301,10908,14788,15359,18729,18922,15602,16254,8780,10631,2830,5429,142709,123995,19752,15600,27870,26797,8122,15,12
2021-07-29T23:59:59+02:00,1139,1000,8387,7954,9776,9153,12356,12887,16496,17009,19845,19971,15988,16690,8972,10894,2911,5573,234,181,4923,4860,7563,7160,10022,10707,14541,15184,18535,18802,15516,16180,8753,10610,2829,5419,142588,122893,19749,15559,27870,26771,6784,15,12
2021-07-28T23:59:59+02:00,1128,986,8358,7918,9762,9137,12334,12872,16478,16986,19827,19961,15981,16677,8965,10890,2911,5571,137,106,4501,4432,7246,6909,9702,10407,14305,15002,18478,18761,15501,16169,8748,10599,2829,5409,142346,120245,19747,15505,27868,26708,6771,15,12
2021-07-27T23:59:59+02:00,1118,978,8334,7904,9749,9130,12322,12863,16471,16980,19820,19948,15979,16671,8963,10887,2910,5569,111,90,4266,4185,7015,6710,9455,10128,14146,14841,18427,18696,15452,16123,8731,10583,2826,5402,142208,118225,19745,15502,27868,26683,6765,15,12
2021-07-26T23:59:59+02:00,1114,975,8321,7892,9742,9125,12316,12857,16464,16972,19813,19947,15976,16666,8961,10883,2909,5564,108,84,4159,4078,6912,6598,9328,10006,14062,14758,18380,18662,15441,16112,8721,10575,2823,5400,142129,117320,19742,15491,27857,26625,6759,15,12
2021-07-25T23:59:59+02:00,1113,974,8312,7889,9729,9121,12306,12854,16459,16965,19810,19946,15974,16666,8961,10883,2909,5564,106,82,4109,4028,6834,6549,9256,9950,14025,14726,18355,18648,15423,16099,8714,10569,2823,5398,142103,116879,19738,15474,27856,26602,6727,15,12
2021-07-24T23:59:59+02:00,1111,971,8226,7827,9656,9041,12239,12777,16391,16912,19769,19908,15953,16652,8958,10873,2909,5563,99,80,4065,3984,6773,6498,9177,9892,13959,14661,18323,18622,15412,16088,8706,10565,2823,5398,142083,116616,19081,15193,27856,26599,6705,15,12
2021-07-23T23:59:59+02:00,1085,945,8114,7737,9618,9006,12205,12748,16346,16878,19741,19889,15948,16645,8954,10869,2909,5563,85,66,3772,3702,6517,6293,8893,9606,13722,14482,18242,18561,15370,16045,8688,10546,2821,5392,141589,114366,19081,15169,27856,26593,6663,15,12
2021-07-22T23:59:59+02:00,992,858,7899,7507,9515,8917,12087,12652,16255,16794,19666,19804,15902,16605,8945,10854,2908,5557,67,49,3647,3575,6365,6199,8739,9477,13557,14339,18167,18493,15349,16019,8680,10536,2821,5390,140129,113214,19079,15096,27849,26498,6649,15,12
2021-07-21T23:59:59+02:00,972,844,7867,7467,9497,8906,12065,12629,16231,16778,19642,19783,15891,16598,8945,10849,2908,5557,54,36,3341,3311,6020,5940,8344,9094,13292,14104,18025,18368,15257,15938,8648,10506,2818,5378,139871,110409,19077,15025,27844,26402,6626,15,12
2021-07-20T23:59:59+02:00,972,843,7859,7462,9489,8903,12060,12627,16223,16777,19637,19778,15889,16595,8945,10848,2908,5557,50,29,3268,3259,5960,5884,8286,9036,13207,14060,17993,18353,15257,15938,8648,10504,2818,5378,139832,110022,19076,15010,27841,26270,6614,13,12
2021-07-19T23:59:59+02:00,971,843,7851,7460,9485,8895,12055,12625,16218,16771,19634,19778,15887,16592,8945,10846,2908,5556,48,28,3216,3224,5910,5844,8224,8991,13149,14033,17947,18340,15257,15935,8648,10502,2818,5377,139793,109741,19075,14993,27841,26143,6602,13,12
2021-07-18T23:59:59+02:00,970,842,7840,7452,9481,8891,12046,12620,16213,16765,19632,19776,15886,16590,8945,10846,2908,5556,47,28,3196,3206,5871,5811,8188,8961,13110,14018,17931,18335,15257,15934,8648,10502,2818,5376,139749,109551,19074,14958,27839,26128,6588,13,12
2021-07-17T23:59:59+02:00,855,723,7518,7162,9329,8721,11872,12458,16084,16626,19535,19681,15865,16569,8937,10833,2908,5553,32,21,3095,3099,5759,5719,8056,8800,12969,13890,17836,18257,15247,15916,8645,10495,2818,5376,137739,108369,19073,14953,27839,26124,6572,10,12
2021-07-16T23:59:59+02:00,698,572,7128,6835,9149,8564,11680,12247,15882,16451,19393,19556,15835,16533,8927,10819,2907,5551,25,18,3033,3038,5683,5655,7942,8692,12849,13753,17757,18182,15225,15900,8641,10493,2817,5376,135274,107466,19073,14948,27838,26117,6536,10,12
2021-07-15T23:59:59+02:00,696,572,7114,6826,9145,8561,11667,12243,15871,16444,19389,19550,15833,16530,8922,10817,2906,5542,24,18,2992,3002,5617,5612,7852,8642,12772,13712,17726,18154,15202,15883,8633,10486,2816,5367,135229,107227,19070,14794,27833,25988,6489,10,12
2021-07-14T23:59:59+02:00,693,571,7105,6817,9140,8559,11663,12238,15865,16441,19384,19545,15831,16527,8919,10814,2906,5538,24,18,2970,2989,5576,5580,7816,8621,12740,13696,17708,18143,15195,15880,8630,10482,2816,5363,135195,107075,19069,14760,27833,25948,6452,10,12
2021-07-13T23:59:59+02:00,688,569,7080,6800,9128,8542,11654,12223,15854,16422,19374,19539,15822,16523,8915,10804,2901,5530,22,17,2914,2938,5512,5514,7656,8483,12486,13477,17550,18014,15176,15869,8618,10469,2811,5352,135070,105854,19069,14707,27830,25913,6392,10,12
2021-07-12T23:59:59+02:00,682,561,7067,6785,9117,8531,11644,12213,15849,16409,19362,19535,15820,16519,8913,10804,2901,5527,21,15,2857,2884,5430,5439,7508,8368,12237,13264,17369,17867,15166,15864,8614,10462,2810,5352,134955,104613,19067,14654,27826,25864,6384,10,12
2021-07-11T23:59:59+02:00,681,560,7058,6783,9107,8523,11636,12205,15839,16406,19357,19530,15820,16516,8912,10802,2901,5527,20,14,2826,2849,5353,5366,7409,8281,12070,13107,17243,17734,15157,15853,8613,10459,2810,5352,134910,103722,19063,14605,27826,25820,6357,10,12
2021-07-10T23:59:59+02:00,507,402,6497,6233,8881,8337,11394,12013,15682,16273,19302,19481,15812,16506,8908,10797,2900,5526,18,10,2797,2815,5302,5320,7326,8201,11966,13007,17165,17666,15142,15837,8610,10448,2807,5350,132219,103025,19063,14603,27826,25811,6336,10,12
2021-07-09T23:59:59+02:00,496,395,6439,6205,8854,8300,11354,11985,15654,16260,19289,19465,15811,16503,8908,10794,2900,5526,16,10,2740,2748,5221,5251,7147,8024,11554,12708,16866,17457,15122,15809,8603,10443,2805,5348,132127,101997,18853,13741,27825,25796,6326,10,12
2021-07-08T23:59:59+02:00,490,393,6122,5947,8483,8012,10975,11679,15315,16013,19031,19293,15789,16479,8899,10787,2897,5525,15,9,2679,2697,5138,5174,7006,7933,11353,12566,16714,17332,15115,15801,8603,10441,2805,5347,132038,101131,15969,13570,27820,25720,6295,10,12
2021-07-07T23:59:59+02:00,488,389,6107,5935,8459,7997,10961,11662,15304,16003,19030,19288,15787,16475,8898,10785,2897,5523,15,9,2631,2645,5047,5112,6868,7839,11119,12384,16550,17198,15107,15794,8598,10435,2805,5347,131930,100107,15960,13443,27818,25671,6270,10,12
2021-07-06T23:59:59+02:00,461,369,6006,5843,8386,7931,10888,11593,15270,15963,19007,19272,15779,16465,8895,10783,2894,5521,12,8,2563,2575,4915,4998,6686,7706,10730,11972,16177,16821,15081,15761,8590,10428,2804,5343,131313,97946,15952,13362,27812,25611,6239,10,12
2021-07-05T23:59:59+02:00,420,335,5828,5673,8269,7839,10774,11478,15211,15893,18975,19241,15773,16457,8891,10778,2891,5520,8,6,2511,2497,4817,4900,6553,7569,10378,11654,15903,16515,15051,15731,8582,10413,2804,5338,130267,96149,15948,13298,27809,25559,6212,10,12
2021-07-04T23:59:59+02:00,400,305,5753,5594,8212,7782,10707,11420,15181,15862,18961,19222,15766,16453,8890,10776,2891,5518,7,6,2491,2468,4755,4853,6492,7519,10241,11544,15802,16443,15046,15724,8580,10412,2803,5338,129761,95585,15941,13229,27804,25521,6177,10,12
2021-07-03T23:59:59+02:00,394,303,5732,5582,8201,7773,10694,11416,15174,15856,18958,19219,15766,16453,8890,10776,2891,5518,6,6,2456,2438,4659,4824,6384,7493,10183,11498,15697,16357,14367,15017,8561,10387,2803,5338,129685,95469,15938,13227,27804,23607,6159,10,12
2021-07-02T23:59:59+02:00,348,264,5544,5434,8127,7702,10596,11319,15110,15799,18939,19212,15762,16449,8885,10774,2889,5515,6,6,2409,2390,4501,4746,6201,7419,10029,11341,15506,16154,13574,14098,8553,10372,2803,5337,128774,94905,15935,13183,27803,21199,6146,10,12
2021-07-01T23:59:59+02:00,286,209,5328,5252,7999,7590,10455,11193,14981,15704,18895,19187,15755,16441,8880,10768,2889,5514,5,5,2291,2270,4324,4573,5963,7165,9248,10656,14878,15682,13549,14069,8548,10367,2799,5335,127484,91405,15922,13087,27802,21115,6108,10,12
2021-06-30T23:59:59+02:00,156,119,4846,4781,7659,7312,10100,10855,14754,15527,18838,19143,15744,16430,8876,10760,2889,5511,5,5,2255,2224,4238,4502,5849,7068,9076,10531,14788,15604,13535,14061,8545,10364,2799,5333,124498,90802,15916,12914,27802,20980,6074,10,12
2021-06-29T23:59:59+02:00,119,97,4562,4501,7409,7092,9810,10555,14556,15337,18774,19083,15692,16380,8856,10745,2888,5506,4,4,2187,2143,4095,4365,5642,6887,8849,10302,14492,15379,13488,14013,8532,10340,2797,5320,122428,89345,15912,12762,27800,20908,5812,10,12
2021-06-28T23:59:59+02:00,103,77,4426,4360,7304,6981,9688,10430,14463,15229,18729,19040,15676,16364,8842,10734,2885,5504,2,3,2100,2016,3913,4159,5361,6545,8464,9789,13959,14842,13369,13924,8513,10316,2794,5306,121415,86131,15901,12681,27797,20841,5712,10,10
2021-06-27T23:59:59+02:00,98,75,4373,4314,7246,6926,9628,10375,14430,15195,18709,19023,15659,16352,8835,10727,2884,5499,2,2,2047,1982,3849,4113,5247,6431,8296,9660,13783,14729,13343,13905,8504,10307,2791,5304,121051,85338,15897,12646,27795,20706,5595,10,10
2021-06-26T23:59:59+02:00,85,73,4328,4284,7215,6898,9610,10354,14410,15179,18696,19010,15655,16346,8835,10727,2884,5499,2,2,1971,1890,3661,3955,5033,6173,7933,9203,13432,14433,13263,13846,8484,10279,2786,5295,120807,82701,15891,12646,27795,20699,5585,10,10
2021-06-25T23:59:59+02:00,72,60,4017,3962,6954,6662,9317,10061,14186,14990,18612,18953,15609,16301,8816,10708,2882,5493,2,2,1906,1806,3496,3833,4838,5941,7606,8788,13120,14097,13213,13790,8471,10254,2780,5289,118413,80343,15864,12614,27795,20694,5573,10,8
2021-06-24T23:59:59+02:00,65,53,3923,3872,6853,6576,9216,9971,14086,14904,18584,18920,15594,16284,8810,10701,2882,5491,2,2,1836,1733,3380,3735,4638,5798,7386,8588,12871,13895,12377,12858,8291,9991,2780,5288,117680,79119,15855,12508,27791,18365,5449,10,8
2021-06-23T23:59:59+02:00,51,48,3518,3501,6401,6229,8685,9464,13751,14603,18448,18784,15490,16192,8767,10665,2879,5477,2,2,1697,1562,3125,3530,4219,5468,6438,7877,12127,13194,12354,12846,8281,9984,2780,5284,114753,78479,15608,9178,27790,18313,4792,10,8
2021-06-22T23:59:59+02:00,42,40,3444,3428,6321,6170,8582,9386,13700,14556,18415,18767,15479,16185,8766,10660,2879,5474,2,2,1656,1509,3021,3428,4074,5318,6184,7692,11515,12482,12264,12752,8263,9951,2776,5276,114123,76136,15602,9096,27788,18154,4771,10,8
2021-06-21T23:59:59+02:00,36,37,3373,3367,6230,6108,8521,9314,13639,14510,18382,18747,15477,16184,8765,10659,2879,5473,1,2,1621,1458,2930,3331,3947,5168,5988,7464,10756,11565,11876,12296,7186,8718,2770,5269,113598,73481,15594,8994,27786,15150,4713,10,8
2021-06-20T23:59:59+02:00,36,36,3348,3345,6182,6077,8476,9282,13611,14492,18371,18743,15476,16184,8765,10659,2879,5473,0,2,1603,1441,2892,3303,3897,5130,5936,7439,10667,11489,11856,12277,7183,8711,2769,5269,113419,73162,15576,8916,27786,15134,4644,10,8
2021-06-19T23:59:59+02:00,34,34,3321,3321,6153,6054,8445,9263,13587,14486,18364,18738,15476,16183,8765,10659,2879,5473,0,2,1599,1429,2887,3294,3889,5125,5920,7434,10656,11481,11856,12277,7183,8710,2769,5269,113225,73081,15570,8916,27786,15131,4644,10,8
2021-06-18T23:59:59+02:00,30,29,3278,3278,6079,6015,8376,9208,13541,14454,18340,18727,15475,16181,8764,10658,2879,5473,0,2,1524,1334,2751,3118,3704,4848,5524,7061,9161,9912,11690,12109,7141,8660,2757,5251,112840,67898,15542,8915,27786,15119,4607,10,8
2021-06-17T23:59:59+02:00,27,25,3215,3226,6009,5976,8301,9153,13469,14409,18316,18716,15473,16176,8762,10655,2879,5470,0,2,1398,1241,2562,2905,3443,4555,5162,6665,8490,9181,11405,11866,7100,8602,2753,5248,112461,64187,15512,8800,27781,15090,4493,10,8
2021-06-16T23:59:59+02:00,27,22,3160,3164,5895,5909,8181,9059,13340,14324,18250,18678,15467,16167,8762,10652,2879,5470,0,2,1300,1185,2421,2799,3260,4394,4876,6389,7412,7890,11314,11758,7069,8564,2740,5230,111817,60420,15438,8754,27776,15056,4365,10,8
2021-06-15T23:59:59+02:00,22,21,3066,3077,5777,5820,7996,8881,13077,14104,18100,18550,15452,16155,8754,10646,2879,5468,0,2,1264,1152,2347,2744,3156,4319,4673,6264,7099,7638,10817,11199,7035,8530,2732,5217,110393,58171,15411,8722,27766,15023,4265,10,7
2021-06-14T23:59:59+02:00,21,19,2993,3007,5697,5762,7853,8761,12786,13867,17912,18374,15436,16141,8747,10641,2878,5467,0,2,1237,1124,2282,2687,3031,4224,4472,6125,6756,7332,10289,10587,7004,8493,2728,5207,108999,55797,15402,8615,27762,14973,4189,10,6
2021-06-13T23:59:59+02:00,21,19,2975,2976,5632,5723,7790,8695,12646,13733,17806,18252,15430,16132,8746,10638,2877,5467,0,2,1226,1111,2254,2671,2994,4213,4425,6105,6723,7315,10284,10580,7004,8492,2728,5207,108261,55654,15391,8606,27758,14930,4138,10,6
2021-06-12T23:59:59+02:00,19,19,2947,2958,5602,5696,7759,8676,12626,13714,17798,18249,15429,16130,8746,10638,2877,5467,0,2,1171,1049,2166,2595,2900,4076,4283,5972,6614,7230,10202,10502,6409,7766,2728,5207,108058,55538,15388,8605,27758,12587,4136,10,6
2021-06-11T23:59:59+02:00,19,16,2870,2884,5532,5631,7578,8490,12216,13407,17515,18043,15413,16105,8740,10630,2874,5465,0,2,1147,1033,2111,2554,2835,4027,4198,5910,6503,7139,10100,10390,6394,7759,2726,5201,107041,55013,14495,8338,27757,12547,4125,10,6
2021-06-10T23:59:59+02:00,15,14,2815,2842,5432,5578,7446,8409,12030,13268,17377,17926,15408,16101,8740,10629,2873,5464,0,2,1106,1008,2035,2487,2734,3949,4029,5779,6258,6926,9849,10121,6374,7731,2720,5195,106121,53445,14421,8334,27753,12456,4062,10,6
2021-06-09T23:59:59+02:00,14,13,2737,2774,5310,5483,7223,8238,11751,13025,17191,17777,15397,16087,8736,10620,2873,5461,0,2,1049,943,1904,2369,2529,3766,3703,5496,5636,6411,9025,9216,6317,7655,2707,5160,104913,49430,14269,8316,27744,12362,3774,10,6
2021-06-08T23:59:59+02:00,11,9,2640,2670,5175,5357,7026,8052,11321,12597,16814,17388,15378,16060,8725,10613,2872,5456,0,2,1012,914,1834,2304,2423,3692,3563,5429,5484,6279,8991,9197,6315,7643,2705,5156,102707,48916,14242,8265,27742,12293,3463,10,6
2021-06-07T23:59:59+02:00,9,8,2513,2572,4983,5228,6819,7887,10843,12238,16470,17091,15353,16032,8719,10596,2871,5452,0,2,943,877,1703,2249,2281,3608,3308,5339,5129,5994,8442,8571,6262,7584,2701,5146,100773,46697,14200,8249,27733,12219,2968,10,6
2021-06-06T23:59:59+02:00,9,6,2475,2547,4921,5171,6733,7829,10704,12127,16379,17026,15350,16029,8719,10596,2869,5451,0,2,927,867,1675,2228,2235,3580,3238,5314,5080,5970,8437,8569,6257,7576,2701,5145,100180,46533,14147,8238,27727,12147,2877,10,6
2021-06-05T23:59:59+02:00,8,5,2461,2525,4892,5146,6696,7798,10675,12100,16370,17019,15350,16029,8719,10596,2869,5451,0,2,911,852,1642,2198,2195,3524,3132,5231,4726,5638,7841,7864,6229,7522,2700,5143,99952,44138,14147,8232,27727,12101,2873,10,6
2021-06-04T23:59:59+02:00,7,4,2430,2496,4847,5101,6648,7745,10586,11995,16318,16955,15346,16022,8719,10595,2868,5450,0,2,899,834,1619,2177,2153,3487,3080,5172,4560,5449,7539,7496,6193,7480,2698,5137,99420,42848,14140,8230,27727,12056,2835,10,6
2021-06-03T23:59:59+02:00,7,4,2327,2368,4696,4927,6439,7497,9882,11360,15729,16503,15335,16012,8716,10589,2867,5449,0,2,882,804,1579,2118,2105,3406,2990,5061,4412,5282,7378,7306,6181,7453,2698,5133,96076,41795,14101,8219,27722,11972,2798,10,6
2021-06-02T23:59:59+02:00,7,4,2310,2344,4651,4895,6383,7460,9782,11272,15669,16450,15327,16008,8715,10585,2867,5448,0,2,871,792,1560,2095,2050,3368,2904,4975,4050,4893,6820,6666,6137,7396,2694,5122,95553,39455,14099,8214,27722,11927,2793,10,6
2021-06-01T23:59:59+02:00,6,3,2247,2304,4530,4802,6216,7341,9593,11124,15560,16373,15324,16004,8711,10581,2866,5443,0,1,837,765,1495,2045,1934,3305,2751,4881,3846,4764,6610,6434,6114,7377,2688,5113,94675,38365,14048,8192,27710,11812,2585,10,6
2021-05-31T23:59:59+02:00,2,3,2198,2245,4430,4708,6071,7216,9407,10975,15475,16317,15316,15997,8708,10581,2866,5443,0,1,813,731,1438,1987,1862,3256,2576,4825,3715,4710,6254,6019,6091,7356,2685,5105,93949,37184,13961,8185,27700,11711,2338,10,6
2021-05-30T23:59:59+02:00,2,3,2173,2223,4375,4648,5976,7156,9332,10912,15438,16297,15315,15994,8708,10581,2866,5443,0,1,801,720,1415,1963,1813,3228,2443,4790,3609,4692,6252,6017,6090,7356,2685,5105,93497,36865,13922,8162,27690,11624,2323,10,6
2021-05-29T23:59:59+02:00,2,3,2157,2208,4355,4636,5959,7139,9319,10899,15433,16293,15314,15994,8708,10581,2866,5443,0,1,783,669,1322,1704,1679,2866,2243,4242,3330,4262,6162,5923,5979,7224,2684,5105,93367,36812,13919,8157,27690,8880,2323,10,6
2021-05-28T23:59:59+02:00,2,3,2136,2185,4317,4590,5914,7093,9241,10829,15365,16240,15310,15992,8708,10581,2866,5442,0,1,766,579,1244,1452,1581,2465,2065,3554,3066,3668,5526,5182,5897,7133,2680,5092,92888,35513,13906,8157,27688,5953,2322,10,6
2021-05-27T23:59:59+02:00,2,3,2094,2147,4232,4521,5792,7019,9085,10729,15268,16156,15309,15991,8708,10581,2866,5442,0,1,736,544,1213,1369,1540,2328,1994,3413,2953,3548,5089,4701,5864,7093,2669,5063,92204,34388,13758,8148,27665,5269,2308,10,5
2021-05-26T23:59:59+02:00,2,3,2026,2029,4036,4374,5451,6755,8113,9985,14506,15453,15297,15984,8704,10575,2864,5439,0,1,725,529,1187,1308,1494,2269,1936,3298,2801,3405,3781,3315,5805,7019,2646,5004,91426,31105,10231,8131,27648,5002,2281,10,4
2021-05-25T23:59:59+02:00,2,3,1989,1992,3956,4308,5358,6689,7978,9878,14128,15017,15249,15947,8697,10560,2862,5435,0,1,720,522,1159,1274,1476,2244,1916,3270,2775,3379,3775,3305,5798,7016,2644,5003,90081,31016,10082,8121,27632,4893,2243,10,4
2021-05-24T23:59:59+02:00,2,3,1963,1948,3869,4232,5252,6607,7852,9754,13617,14401,15197,15880,8690,10547,2861,5430,0,1,714,514,1140,1262,1444,2229,1894,3251,2749,3357,3758,3287,5776,6992,2635,4988,88291,30883,10002,8070,27620,4853,2182,10,3
2021-05-23T23:59:59+02:00,2,3,1954,1936,3850,4210,5234,6594,7799,9723,13541,14338,15186,15876,8688,10546,2860,5430,0,1,707,504,1129,1249,1419,2205,1838,3215,2639,3260,3346,2854,5132,6183,2620,4943,88057,30710,9901,5517,27620,4832,2182,10,3
2021-05-22T23:59:59+02:00,2,3,1787,1893,3549,4161,4836,6551,7543,9665,13418,14261,15180,15875,8688,10545,2860,5430,0,1,545,472,837,1208,1046,2169,1599,3162,2527,3187,3343,2852,5132,6182,2620,4943,87906,30698,9900,5515,27618,4796,813,10,3
2021-05-21T23:59:59+02:00,2,3,1702,1786,3393,3969,4642,6255,7146,9300,12127,12931,15030,15727,8652,10498,2851,5419,0,1,540,460,827,1206,1044,2161,1564,3132,2449,3110,3168,2715,5105,6139,2617,4928,83142,30060,9859,5514,27612,4777,812,8,3
2021-05-20T23:59:59+02:00,2,3,1665,1752,3297,3919,4534,6171,6969,9218,11917,12702,15010,15709,8648,10491,2850,5418,0,1,519,445,786,1159,987,2096,1442,3060,2323,3013,2976,2544,5064,6063,2609,4913,82299,29309,9757,5499,27558,4535,654,7,3
2021-05-19T23:59:59+02:00,2,3,1643,1726,3238,3864,4440,6101,6852,9153,11684,12439,14999,15698,8645,10490,2850,5417,0,1,510,434,770,1121,971,2027,1332,2914,1996,2719,2412,2050,4959,5945,2587,4866,81472,27244,9618,5484,27532,4268,615,7,3
2021-05-18T23:59:59+02:00,2,3,1583,1693,3148,3776,4327,5997,6692,8995,11392,12182,14954,15651,8633,10467,2848,5407,0,1,507,422,754,1106,953,2009,1249,2850,1715,2495,1966,1706,4886,5860,2565,4822,80372,25694,9415,5474,27464,4203,492,7,3
2021-05-17T23:59:59+02:00,2,3,1534,1612,3018,3618,4123,5718,6343,8532,10841,11632,14845,15558,8614,10442,2843,5396,0,1,505,414,748,1099,934,2004,1225,2825,1688,2458,1950,1686,4879,5853,2562,4819,77467,25629,9378,5460,27440,4176,382,7,3
2021-05-16T23:59:59+02:00,2,3,1515,1590,2964,3576,4028,5631,6194,8396,10665,11498,14819,15536,8606,10434,2842,5394,0,1,498,408,726,1084,903,1988,1196,2797,1654,2434,1943,1677,4876,5849,2560,4817,76719,25598,9319,5442,27410,4130,238,7,3
2021-05-15T23:59:59+02:00,2,3,1429,1493,2756,3410,3800,5354,5835,7923,10312,11202,14734,15474,8587,10405,2836,5385,0,1,498,406,722,1082,903,1984,1191,2796,1648,2429,1931,1665,4869,5843,2560,4815,73974,25536,9319,5442,27403,4125,237,7,3
2021-05-14T23:59:59+02:00,2,3,1395,1430,2644,3313,3648,5197,5635,7634,10090,10947,14699,15436,8574,10382,2833,5381,0,1,449,368,651,917,828,1698,1063,2384,1466,2104,1897,1624,4866,5835,2559,4811,72323,25473,9300,5440,27380,2372,233,7,3
2021-05-13T23:59:59+02:00,2,3,1337,1363,2541,3229,3479,5060,5415,7429,9863,10767,14673,15407,8564,10379,2831,5378,0,1,442,356,624,889,726,1591,963,2299,1202,1888,1177,1042,4644,5601,2551,4779,71159,25353,8987,2893,27349,2308,218,7,3
2021-05-12T23:59:59+02:00,2,3,1329,1353,2524,3223,3461,5046,5394,7416,9848,10757,14671,15403,8562,10377,2830,5378,0,1,442,355,623,888,722,1590,958,2299,1198,1882,1158,1033,4631,5563,2517,4710,71043,25152,8963,2893,27347,2305,217,7,3
2021-05-11T23:59:59+02:00,2,2,1288,1310,2450,3141,3347,4920,5198,7269,9560,10448,14623,15345,8550,10357,2826,5369,0,1,437,342,605,873,700,1573,930,2275,1172,1854,1103,997,4567,5465,2474,4586,69702,24658,8839,2874,27262,2224,195,7,3
2021-05-10T23:59:59+02:00,2,2,1266,1283,2385,3063,3219,4794,5066,7112,9236,10067,14578,15306,8541,10338,2821,5367,0,1,436,340,592,864,688,1558,918,2260,1154,1840,1067,962,4505,5387,2433,4467,68344,24239,8716,2870,27192,2173,187,7,3
2021-05-09T23:59:59+02:00,2,2,1251,1266,2343,3047,3141,4758,5001,7079,9169,10022,14565,15290,8539,10333,2821,5365,0,1,428,338,578,859,666,1537,896,2240,1142,1826,1048,946,4492,5349,2417,4424,68102,24075,8640,2868,27143,2139,102,7,3
2021-05-08T23:59:59+02:00,1,2,1249,1262,2329,3035,3123,4746,4962,7064,9144,10014,14564,15290,8539,10332,2821,5365,0,1,428,338,577,859,665,1537,896,2239,1141,1825,1048,946,4491,5349,2417,4424,67958,24073,8634,2865,27141,2138,102,7,3
2021-05-07T23:59:59+02:00,1,2,1229,1241,2289,2994,3070,4698,4863,6972,8919,9767,14547,15266,8533,10326,2818,5361,0,1,379,312,545,790,628,1375,826,2031,1052,1636,1018,917,4470,5326,2415,4419,67045,23966,8627,2861,27115,1208,102,7,3
2021-05-06T23:59:59+02:00,1,2,1084,1150,2061,2751,2769,4390,4492,6571,8332,9163,14269,15029,8493,10270,2815,5360,0,1,378,308,532,771,611,1343,807,1996,1019,1608,990,883,4460,5312,2413,4415,63424,23833,8497,2810,26978,1105,96,7,3
2021-05-05T23:59:59+02:00,1,1,1019,1098,1950,2639,2609,4217,4196,6292,7316,7977,14183,14930,8458,10229,2802,5340,0,1,375,305,524,761,596,1333,774,1982,993,1588,917,820,4419,5240,2405,4399,59897,23512,8451,2789,26854,1080,48,7,3
2021-05-04T23:59:59+02:00,1,1,997,1078,1899,2600,2507,4149,3976,6177,7035,7759,13677,14363,8427,10196,2797,5331,0,1,371,304,519,757,584,1328,757,1963,977,1581,898,796,4396,5224,2402,4390,57837,23374,8392,2773,26694,1058,40,7,3
2021-05-03T23:59:59+02:00,1,1,966,1043,1837,2547,2400,4037,3775,6059,6675,7457,13142,13737,8390,10158,2790,5316,0,1,366,303,517,751,574,1321,748,1951,963,1568,872,772,4378,5206,2396,4377,55406,23261,8365,2763,26553,1037,0,7,3
2021-05-02T23:59:59+02:00,1,1,961,1042,1818,2540,2370,4027,3730,6049,6638,7448,13141,13736,8390,10157,2790,5316,0,1,366,303,514,751,573,1319,743,1951,962,1564,870,768,4376,5201,2396,4377,55265,23241,8358,2761,26525,1030,0,7,3
2021-05-01T23:59:59+02:00,1,1,961,1040,1810,2536,2358,4019,3715,6041,6624,7438,13140,13733,8390,10157,2790,5316,0,1,366,303,514,751,573,1319,742,1950,960,1564,870,768,4376,5201,2396,4377,55184,23241,8356,2757,26523,1030,0,7,3
2021-04-30T23:59:59+02:00,0,1,945,1035,1791,2520,2337,3984,3678,6008,6542,7384,13045,13629,8389,10152,2787,5304,0,1,317,248,473,675,544,1139,711,1727,926,1360,859,750,4372,5198,2396,4377,54684,23227,8355,2752,26485,91,0,7,3
2021-04-29T23:59:59+02:00,0,1,892,1011,1735,2470,2274,3925,3530,5881,6304,7161,12784,13354,8367,10123,2783,5297,0,1,310,246,463,668,541,1131,704,1716,915,1351,851,735,4363,5190,2396,4375,53085,23137,8340,2746,26460,70,0,7,3
2021-04-28T23:59:59+02:00,0,1,831,978,1655,2406,2130,3814,3246,5628,5700,6652,11946,12434,8308,10034,2759,5260,0,1,309,243,461,661,533,1118,693,1695,904,1344,836,718,4344,5163,2394,4375,49022,23012,8333,2727,26420,50,0,7,3
2021-04-27T23:59:59+02:00,0,1,822,973,1637,2385,2086,3795,3176,5602,5572,6527,11917,12417,8306,10032,2759,5258,0,1,308,241,455,659,525,1112,684,1683,894,1338,825,706,4340,5157,2393,4369,48541,22934,8328,2711,26389,42,0,7,3
2021-04-26T23:59:59+02:00,0,1,812,961,1611,2367,2026,3754,2998,5524,5240,6241,11351,11771,8251,9967,2754,5248,0,1,306,240,454,658,520,1106,673,1677,885,1327,815,696,4335,5151,2393,4365,46208,22883,8319,2680,26346,37,0,4,2
2021-04-25T23:59:59+02:00,0,1,802,959,1594,2360,1988,3737,2872,5501,5145,6236,11346,11767,8247,9961,2753,5247,0,1,305,239,454,658,520,1099,673,1675,882,1325,815,695,4335,5151,2393,4365,45877,22877,8313,2676,26322,30,0,4,2
2021-04-24T23:59:59+02:00,0,1,788,949,1572,2340,1948,3691,2776,5432,4802,5911,10733,11041,8216,9902,2752,5245,0,1,305,239,454,658,520,1098,672,1673,881,1325,810,691,4325,5135,2391,4364,43468,22840,8311,2671,26316,29,0,4,2
2021-04-23T23:59:59+02:00,0,1,783,941,1559,2330,1918,3664,2737,5379,4640,5723,10424,10659,8176,9860,2749,5236,0,1,305,238,454,658,520,1097,671,1673,879,1325,810,690,4322,5132,2391,4364,42166,22829,8310,2670,26299,29,0,4,2
2021-04-22T23:59:59+02:00,0,1,766,927,1532,2287,1869,3595,2649,5287,4486,5569,10279,10464,8162,9829,2747,5228,0,1,305,237,452,647,518,1091,665,1665,873,1316,804,686,4319,5130,2391,4362,41164,22793,8281,2646,26228,21,0,4,2
2021-04-21T23:59:59+02:00,0,1,755,915,1507,2274,1817,3550,2544,5199,4101,5149,9681,9779,8113,9765,2743,5217,0,1,303,237,450,646,518,1090,661,1662,868,1311,791,674,4309,5116,2391,4358,38642,22743,8265,2622,26199,19,0,4,2
2021-04-20T23:59:59+02:00,0,1,748,903,1486,2247,1786,3519,2494,5142,3964,5053,9484,9560,8095,9755,2739,5214,0,1,303,236,450,645,517,1088,660,1658,865,1305,785,669,4305,5111,2391,4358,37806,22711,8253,2616,26127,19,0,4,1
2021-04-19T23:59:59+02:00,0,1,741,894,1478,2239,1769,3501,2463,5115,3899,4994,9114,9143,8070,9730,2736,5208,0,1,303,234,449,640,515,1085,657,1655,861,1301,780,663,4296,5109,2391,4356,36779,22671,8241,2605,26071,19,0,4,1
2021-04-18T23:59:59+02:00,0,1,737,891,1473,2233,1751,3494,2445,5103,3891,4992,9104,9132,8070,9729,2736,5208,0,1,302,234,449,637,514,1081,655,1652,858,1301,779,661,4296,5107,2391,4356,36720,22663,8221,2591,26045,19,0,4,1
2021-04-17T23:59:59+02:00,0,1,718,885,1385,2223,1651,3482,2408,5073,3810,4913,8387,8410,8054,9716,2736,5208,0,1,302,234,447,635,513,1080,654,1652,857,1298,779,661,4295,5107,2391,4356,36711,22651,8221,2591,24124,19,0,4,1
2021-04-16T23:59:59+02:00,0,1,703,867,1256,2200,1500,3459,2322,5007,3648,4748,7045,6859,8019,9667,2723,5177,0,1,302,233,442,628,508,1076,644,1650,853,1289,769,655,4290,5093,2388,4354,35334,22576,8211,2586,21652,12,0,4,1
2021-04-15T23:59:59+02:00,0,1,682,857,1245,2187,1479,3440,2264,4970,3576,4697,6605,6358,7978,9601,2699,5103,0,1,295,227,427,617,491,1062,610,1623,817,1259,678,594,3792,4580,2364,4318,34005,22515,8156,1231,21577,8,0,4,1
2021-04-14T23:59:59+02:00,0,1,677,853,1226,2172,1446,3421,2220,4933,3443,4602,5265,4953,7927,9536,2677,5066,0,1,287,222,424,611,484,1059,603,1615,812,1256,663,578,3779,4570,2360,4312,30771,22426,8143,1202,21500,7,0,4,1
2021-04-13T23:59:59+02:00,0,1,673,853,1217,2167,1430,3419,2212,4922,3423,4586,5246,4936,7921,9533,2676,5064,0,1,287,221,422,609,481,1056,601,1611,801,1253,645,573,3777,4567,2360,4312,30688,22405,8121,1164,21466,7,0,4,1
2021-04-12T23:59:59+02:00,0,1,668,845,1204,2157,1414,3408,2178,4907,3391,4562,5221,4920,7908,9521,2673,5031,0,1,286,220,420,609,479,1050,599,1607,793,1245,640,570,3771,4565,2359,4312,30555,22377,8075,1141,21375,7,0,4,1
2021-04-11T23:59:59+02:00,0,1,660,841,1188,2145,1395,3393,2110,4882,3272,4478,4804,4480,7239,8699,2666,5026,0,1,286,220,418,609,477,1048,594,1604,789,1243,636,567,3767,4560,2359,4312,30524,22370,5468,1112,21283,7,0,4,1
2021-04-10T23:59:59+02:00,0,1,660,839,1187,2144,1393,3389,2108,4879,3269,4471,4760,4433,7235,8693,2666,5025,0,1,280,217,416,598,464,1032,567,1587,757,1218,564,497,3198,3942,2310,4217,30401,20745,5465,1112,21282,7,0,4,1
2021-04-09T23:59:59+02:00,0,1,656,838,1179,2141,1388,3384,2076,4856,3190,4390,4562,4267,7200,8644,2662,5009,0,1,270,210,406,584,445,1016,540,1568,736,1195,484,436,2540,3123,2260,4121,29709,18816,5461,1111,21269,7,0,4,1
2021-04-08T23:59:59+02:00,0,1,646,828,1162,2129,1371,3352,2014,4802,3040,4279,3508,3112,6961,8280,2651,4994,0,1,257,202,389,566,421,1002,518,1537,703,1173,462,409,2530,3114,2256,4118,28902,18586,5411,1064,18813,7,0,4,1
2021-04-07T23:59:59+02:00,0,1,639,822,1149,2120,1353,3339,1905,4722,2718,4029,2900,2582,6849,8156,2626,4941,0,1,243,195,362,542,383,968,475,1503,666,1145,434,384,2469,3048,2251,4109,26718,18128,5390,1044,18739,6,0,4,0
2021-04-06T23:59:59+02:00,0,1,629,813,1109,2113,1329,3321,1787,4672,2438,3862,2447,2233,6770,8064,2604,4903,0,1,220,182,328,515,358,949,438,1480,631,1113,399,342,2414,2973,2245,4098,25112,17654,5372,1026,18607,6,0,4,0
2021-04-05T23:59:59+02:00,0,1,626,811,1098,2108,1323,3318,1778,4662,2423,3845,2156,1889,5661,6762,2602,4902,0,1,220,182,327,511,352,943,434,1478,627,1109,396,339,2412,2967,2245,4096,25080,17644,5360,989,15522,6,0,3,0
2021-04-04T23:59:59+02:00,0,1,625,810,1098,2108,1323,3317,1778,4662,2421,3843,2154,1886,5661,6758,2602,4902,0,1,220,182,326,511,352,943,433,1478,627,1109,396,339,2411,2967,2245,4096,25071,17641,5360,989,15515,6,0,3,0
2021-04-03T23:59:59+02:00,0,1,625,810,1098,2107,1323,3317,1777,4660,2417,3843,2153,1882,5660,6758,2602,4902,0,1,220,182,326,511,352,943,433,1478,626,1109,396,339,2411,2967,2245,4096,25065,17640,5356,989,15511,6,0,3,0
2021-04-02T23:59:59+02:00,0,1,625,809,1098,2107,1319,3316,1774,4654,2415,3840,2145,1873,5648,6742,2598,4890,0,1,220,182,326,509,352,942,432,1477,625,1098,394,339,2411,2966,2245,4096,24994,17620,5351,989,15506,6,0,3,0
2021-04-01T23:59:59+02:00,0,1,621,798,1078,2088,1221,3221,1683,4585,2156,3632,1415,1287,5439,6529,2588,4860,0,1,216,181,326,508,351,941,431,1475,625,1097,391,337,2411,2966,2245,4092,24883,17608,2848,980,15468,6,0,3,0
2021-03-31T23:59:59+02:00,0,1,619,797,1074,2084,1216,3213,1672,4580,2137,3619,1387,1254,5411,6474,2547,4760,0,1,215,181,325,507,350,941,431,1474,624,1095,388,334,2407,2965,2243,4090,24556,17593,2834,972,15452,6,0,3,0
2021-03-30T23:59:59+02:00,0,1,617,790,1069,2080,1210,3208,1662,4566,2130,3604,1340,1209,5323,6342,2500,4607,0,1,215,180,325,506,347,937,426,1471,617,1084,373,323,2303,2812,2120,3864,24020,16969,2812,929,15424,6,0,2,0
2021-03-29T23:59:59+02:00,0,1,615,788,1066,2071,1201,3201,1655,4553,2116,3591,1302,1175,5259,6247,2447,4476,0,1,214,179,323,504,345,935,424,1466,611,1079,366,318,2077,2544,1892,3483,23574,15829,2784,926,15404,6,0,2,0
2021-03-28T23:59:59+02:00,0,1,615,785,1064,2065,1198,3194,1650,4542,2110,3586,1286,1166,5248,6224,2435,4443,0,1,212,179,322,501,336,931,421,1459,608,1067,359,306,2072,2530,1891,3480,23463,15801,2766,871,15381,3,0,2,0
2021-03-27T23:59:59+01:00,0,1,563,724,984,1997,1117,3074,1531,4417,2008,3503,1217,1096,4643,5492,2435,4443,0,1,210,178,322,500,336,931,417,1457,607,1064,358,306,2071,2529,1891,3480,23446,15785,2761,871,13037,2,0,1,0
2021-03-26T23:59:59+01:00,0,1,560,719,977,1987,1115,3068,1521,4410,1991,3495,1173,1065,4613,5458,2434,4439,0,1,209,175,322,498,333,930,415,1456,602,1058,350,301,1662,1990,1464,2750,23251,13649,2751,865,13023,2,0,1,0
2021-03-25T23:59:59+01:00,0,1,557,713,965,1979,1112,3059,1514,4398,1975,3485,1163,1055,4605,5453,2434,4437,0,1,208,172,320,497,331,925,411,1450,598,1049,346,297,1565,1867,1427,2674,23204,13294,2743,842,12957,2,0,1,0
2021-03-24T23:59:59+01:00,0,1,555,707,957,1969,1099,3043,1485,4379,1960,3477,1127,1025,4578,5418,2429,4432,0,1,207,172,319,496,327,921,407,1442,588,1031,333,287,1236,1483,1271,2404,23063,12141,2717,782,12860,2,0,1,0
2021-03-23T23:59:59+01:00,0,1,553,702,951,1956,1095,3033,1478,4365,1950,3469,1114,1014,4558,5404,2429,4428,0,1,206,172,317,493,318,918,406,1442,582,1027,325,280,998,1216,1155,2223,22987,11317,2708,760,12804,2,0,1,0
2021-03-22T23:59:59+01:00,0,1,552,693,946,1942,1089,3024,1469,4349,1936,3459,1111,1010,4553,5403,2429,4427,0,1,205,172,316,491,317,916,403,1439,579,1023,321,276,997,1212,1155,2219,22962,11300,2692,740,12738,2,0,1,0
2021-03-21T23:59:59+01:00,0,1,549,690,944,1934,1086,3020,1461,4336,1924,3452,1108,1009,4553,5401,2429,4427,0,1,204,172,316,490,315,912,403,1434,573,1021,311,271,993,1207,1154,2219,22958,11297,2679,697,12686,2,0,1,0
2021-03-20T23:59:59+01:00,0,1,544,683,940,1917,1069,3003,1433,4318,1890,3423,1036,939,3968,4762,2378,4327,0,1,204,172,316,490,315,912,403,1434,573,1021,311,271,993,1207,1153,2218,21287,11295,2678,697,12665,2,0,1,0
2021-03-19T23:59:59+01:00,0,1,535,674,922,1889,1041,2983,1397,4292,1864,3392,949,875,3288,3925,2326,4228,0,1,201,172,314,490,314,909,401,1432,569,1015,308,270,980,1194,1122,2178,19293,11273,2666,595,12621,2,0,1,0
2021-03-18T23:59:59+01:00,0,1,522,661,905,1863,1018,2957,1357,4251,1819,3340,850,811,2773,3393,2302,4195,0,1,196,170,311,486,311,899,397,1426,567,1010,305,263,874,1096,1010,1984,19211,10887,1265,417,12541,2,0,1,0
2021-03-17T23:59:59+01:00,0,1,520,652,896,1844,1005,2936,1334,4229,1801,3324,820,786,2685,3300,2296,4189,0,1,194,169,309,484,308,898,390,1422,564,1006,302,258,631,821,702,1534,18900,9958,1226,35,12492,0,0,0,0
2021-03-16T23:59:59+01:00,0,1,518,643,887,1823,985,2920,1317,4217,1777,3307,790,775,2637,3219,2294,4183,0,1,194,169,307,484,307,895,387,1420,561,1002,296,254,383,580,512,1223,18690,8946,1186,29,12417,0,0,0,0
2021-03-15T23:59:59+01:00,0,1,518,633,882,1804,974,2898,1312,4210,1769,3297,784,771,2634,3217,2293,4183,0,1,193,169,306,483,306,895,387,1419,558,1002,296,254,383,579,511,1223,18675,8939,1161,26,12344,0,0,0,0
2021-03-14T23:59:59+01:00,0,1,517,627,874,1792,967,2890,1302,4197,1759,3284,779,766,2628,3214,2293,4183,0,1,193,169,305,483,305,893,385,1417,557,1002,295,254,383,579,511,1223,18670,8935,1131,20,12272,0,0,0,0
2021-03-13T23:59:59+01:00,0,1,496,576,781,1529,836,2507,1107,3633,1477,2856,699,678,2525,3088,2292,4182,0,1,193,169,305,483,305,893,385,1417,557,1002,295,254,383,579,511,1223,18666,8935,1131,20,9466,0,0,0,0
2021-03-12T23:59:59+01:00,0,1,482,493,717,1260,745,2110,935,2946,1230,2262,557,527,2481,3044,2292,4182,0,0,193,167,305,483,305,891,384,1417,557,999,295,253,370,558,462,1157,18636,8776,1130,20,6498,0,0,0,0
2021-03-11T23:59:59+01:00,0,1,458,457,683,1189,698,2004,875,2800,1147,2150,500,467,2467,3032,2291,4180,0,0,193,167,304,481,304,890,384,1414,556,999,295,252,357,541,413,1112,18439,8645,1082,17,5878,0,0,0,0
2021-03-10T23:59:59+01:00,0,1,444,447,649,1156,657,1970,833,2764,1114,2121,481,451,2453,3012,2290,4176,0,0,189,165,300,474,304,889,379,1408,550,992,291,246,232,442,179,842,18162,7871,1062,11,5795,0,0,0,0
2021-03-09T23:59:59+01:00,0,1,429,430,618,1126,634,1950,810,2736,1092,2097,459,430,2359,2870,2163,3945,0,0,189,165,298,472,303,888,378,1405,550,989,289,245,232,442,178,841,17395,7863,1045,1,5709,0,0,0,0
2021-03-08T23:59:59+01:00,0,1,416,409,596,1096,616,1928,794,2711,1070,2071,437,402,2128,2595,1934,3564,0,0,189,164,298,470,302,883,378,1399,550,987,288,243,232,441,178,841,16146,7842,1016,1,5606,0,0,0,0
2021-03-07T23:59:59+01:00,0,1,415,408,589,1078,602,1920,791,2698,1065,2061,436,401,2123,2587,1933,3561,0,0,189,164,297,469,302,882,378,1396,550,986,288,243,232,441,178,841,16118,7835,1006,1,5545,0,0,0,0
2021-03-06T23:59:59+01:00,0,1,415,405,585,1065,599,1918,784,2691,1061,2054,435,401,2123,2587,1933,3561,0,0,189,164,297,469,302,882,378,1396,550,985,287,243,232,441,178,841,16109,7833,1006,1,5503,0,0,0,0
2021-03-05T23:59:59+01:00,0,1,409,390,579,1053,593,1909,779,2681,1054,2046,421,393,1702,2028,1501,2809,0,0,187,159,293,469,299,880,376,1393,548,981,287,243,232,441,178,841,13888,7806,1006,1,5454,0,0,0,0
2021-03-04T23:59:59+01:00,0,1,398,365,551,1014,574,1852,748,2627,1033,1996,417,389,1609,1908,1461,2732,0,0,176,151,282,456,298,872,374,1379,546,977,286,243,232,441,178,841,13528,7731,1000,1,5147,0,0,0,0
2021-03-03T23:59:59+01:00,0,1,395,359,544,983,556,1820,724,2580,1015,1956,409,383,1282,1527,1302,2456,0,0,175,150,281,455,297,871,370,1372,543,970,284,241,231,440,176,836,12360,7691,991,1,4941,0,0,0,0
2021-03-02T23:59:59+01:00,0,1,391,354,536,949,542,1799,715,2556,1004,1937,398,373,1037,1260,1182,2272,0,0,175,148,280,445,293,865,370,1363,543,964,284,241,231,440,176,836,11531,7653,954,1,4821,0,0,0,0
2021-03-01T23:59:59+01:00,0,1,389,347,527,926,523,1768,706,2532,993,1920,394,366,1036,1253,1182,2267,0,0,175,146,280,436,290,855,367,1348,540,958,282,239,230,439,176,836,11509,7596,919,1,4702,0,0,0,0
2021-02-28T23:59:59+01:00,0,1,385,344,524,918,515,1757,702,2520,988,1905,389,361,1036,1251,1182,2267,0,0,173,145,280,435,290,854,367,1348,539,958,282,239,230,439,176,836,11503,7590,891,1,4651,0,0,0,0
2021-02-27T23:59:59+01:00,0,1,384,342,519,911,513,1751,699,2511,985,1903,388,360,1036,1251,1181,2267,0,0,173,145,280,435,290,854,367,1348,538,958,282,239,230,439,176,836,11502,7589,891,1,4609,0,0,0,0
2021-02-26T23:59:59+01:00,0,1,337,299,451,739,436,1443,572,2093,814,1563,360,330,1036,1248,1181,2267,0,0,173,143,280,431,288,846,365,1340,536,955,282,239,230,439,176,836,11492,7558,880,1,2798,0,0,0,0
2021-02-25T23:59:59+01:00,0,1,317,290,440,718,424,1407,557,2045,795,1531,352,322,950,1155,1108,2141,0,0,122,130,260,426,279,833,353,1324,531,948,282,237,230,439,176,836,11081,7406,849,0,2623,0,0,0,0
2021-02-24T23:59:59+01:00,0,1,312,284,435,702,417,1372,541,1997,773,1487,345,309,741,921,921,1832,0,0,122,124,258,420,276,823,351,1311,524,942,279,234,228,438,176,834,10133,7340,808,0,2449,0,0,0,0
2021-02-23T23:59:59+01:00,0,1,310,272,427,688,406,1347,533,1962,753,1468,331,299,488,672,730,1525,0,0,122,123,257,418,274,817,351,1305,523,934,278,233,227,438,174,833,9121,7307,763,0,2328,0,0,0,0
2021-02-22T23:59:59+01:00,0,1,310,271,426,681,405,1342,529,1951,748,1464,331,297,487,670,730,1524,0,0,122,118,252,408,273,800,347,1279,518,926,274,232,227,438,174,833,9116,7221,752,0,2299,0,0,0,0
2021-02-21T23:59:59+01:00,0,1,307,270,424,675,402,1333,526,1943,742,1460,320,292,483,665,728,1524,0,0,122,118,251,407,272,797,344,1276,510,922,273,231,226,437,173,822,9111,7181,710,0,2274,0,0,0,0
2021-02-20T23:59:59+01:00,0,1,307,267,424,673,402,1325,525,1934,740,1456,320,292,483,665,728,1524,0,0,122,118,251,407,272,797,344,1276,509,922,273,231,226,437,173,822,9111,7180,710,0,2245,0,0,0,0
2021-02-19T23:59:59+01:00,0,0,261,241,392,597,368,1156,467,1721,631,1246,311,276,457,629,646,1415,0,0,122,118,251,407,271,797,344,1276,509,922,273,231,226,437,173,822,8889,7179,603,0,1322,0,0,0,0
2021-02-18T23:59:59+01:00,0,0,260,236,384,588,357,1134,454,1703,621,1239,311,274,403,581,533,1283,0,0,119,115,247,401,264,790,341,1267,505,921,271,229,226,437,173,822,8700,7128,423,0,1238,0,0,0,0
2021-02-17T23:59:59+01:00,0,0,254,232,372,574,350,1125,431,1687,613,1227,306,267,242,445,187,866,0,0,111,102,244,395,259,774,335,1251,499,910,267,226,225,437,173,822,7962,7030,33,0,1183,0,0,0,0
2021-02-16T23:59:59+01:00,0,0,253,230,361,572,341,1116,423,1673,608,1220,303,264,241,444,187,866,0,0,83,89,224,369,248,744,318,1211,467,875,245,211,217,417,172,815,7954,6705,29,0,1119,0,0,0,0
2021-02-15T23:59:59+01:00,0,0,249,229,358,567,339,1109,421,1661,603,1214,303,264,241,443,186,866,0,0,82,87,220,358,241,732,308,1184,451,852,232,204,204,393,165,758,7940,6471,26,0,1087,0,0,0,0
2021-02-14T23:59:59+01:00,0,0,248,227,352,564,335,1100,417,1655,600,1211,303,264,241,443,186,866,0,0,78,85,213,353,238,724,303,1171,447,837,231,202,204,382,165,748,7930,6381,21,0,1061,0,0,0,0
2021-02-13T23:59:59+01:00,0,0,248,227,352,564,335,1100,415,1655,600,1210,302,264,241,443,186,866,0,0,78,85,213,352,238,724,303,1171,447,837,231,202,204,382,165,748,7928,6380,21,0,1059,0,0,0,0
2021-02-12T23:59:59+01:00,0,0,193,167,304,486,308,903,382,1418,563,997,294,249,240,443,186,866,0,0,75,84,210,351,236,721,297,1167,444,832,227,199,204,380,165,748,7915,6340,21,0,63,0,0,0,0
2021-02-11T23:59:59+01:00,0,0,191,166,298,473,304,889,376,1398,553,990,294,249,240,443,186,866,0,0,74,81,200,325,226,677,277,1116,426,782,226,196,204,375,165,745,7872,6095,18,0,26,0,0,0,0
2021-02-10T23:59:59+01:00,0,0,189,159,294,469,301,884,370,1387,549,982,292,247,238,442,186,864,0,0,69,76,183,297,215,617,260,1032,401,730,217,181,190,345,150,694,7829,5657,12,0,12,0,0,0,0
2021-02-09T23:59:59+01:00,0,0,184,153,290,461,300,875,370,1377,547,973,289,246,238,442,185,863,0,0,60,60,145,233,186,512,222,840,346,594,195,155,168,308,140,617,7785,4781,3,0,5,0,0,0,0
2021-02-08T23:59:59+01:00,0,0,178,147,286,449,295,865,366,1357,541,966,285,242,237,441,183,859,0,0,33,47,100,144,137,285,163,460,252,387,164,127,139,250,115,512,7689,3315,3,0,5,0,0,0,0
2021-02-07T23:59:59+01:00,0,0,176,145,284,448,294,863,365,1356,540,965,284,241,237,441,183,859,0,0,19,40,82,122,132,264,154,426,236,361,154,122,129,239,108,474,7679,3062,2,0,0,0,0,0,0
2021-02-06T23:59:59+01:00,0,0,176,145,284,448,294,863,365,1356,540,965,284,241,237,441,183,859,0,0,19,37,80,119,122,249,143,409,205,340,139,118,128,234,107,463,7679,2912,2,0,0,0,0,0,0
2021-02-05T23:59:59+01:00,0,0,176,143,284,444,293,852,363,1348,536,962,284,240,237,441,183,858,0,0,18,33,77,114,115,235,137,382,188,322,134,113,124,229,99,446,7642,2766,2,0,0,0,0,0,0
2021-02-04T23:59:59+01:00,0,0,168,138,283,440,286,843,359,1337,527,953,283,238,236,440,183,856,0,0,11,20,50,76,86,178,114,290,155,263,116,99,112,210,89,402,7569,2271,1,0,0,0,0,0,0
2021-02-03T23:59:59+01:00,0,0,150,131,273,434,283,836,357,1326,527,951,283,238,235,440,183,855,0,0,11,18,42,65,77,143,90,258,134,222,97,85,97,181,80,354,7501,1954,1,0,0,0,0,0,0
2021-02-02T23:59:59+01:00,0,0,130,126,261,432,280,828,352,1320,526,944,282,238,234,440,182,854,0,0,11,15,34,59,65,121,75,213,103,172,65,60,72,118,55,227,7428,1465,1,0,0,0,0,0,0
2021-02-01T23:59:59+01:00,0,0,125,121,256,417,278,811,350,1294,520,932,277,236,234,440,182,854,0,0,4,9,19,31,34,66,46,118,59,71,30,31,32,52,30,111,7326,743,1,0,0,0,0,0,0
2021-01-31T23:59:59+01:00,0,0,124,118,254,414,276,807,348,1288,515,930,277,233,233,439,182,854,0,0,4,6,14,22,29,47,32,72,39,43,16,11,16,32,24,65,7291,472,1,0,0,0,0,0,0
2021-01-30T23:59:59+01:00,0,0,124,118,254,414,276,806,348,1287,514,930,277,233,233,439,182,854,0,0,4,6,13,19,26,40,27,64,36,41,16,11,16,32,24,65,7288,440,1,0,0,0,0,0,0
2021-01-29T23:59:59+01:00,0,0,124,118,254,414,275,806,348,1287,514,930,277,233,233,439,182,854,0,0,4,6,7,18,24,32,22,56,32,38,16,11,16,31,23,64,7287,400,1,0,0,0,0,0,0
2021-01-28T23:59:59+01:00,0,0,122,115,250,407,271,799,345,1280,509,929,277,233,233,439,182,854,0,0,1,3,2,8,16,14,12,27,12,23,12,7,9,18,8,27,7244,199,1,0,0,0,0,0,0
2021-01-27T23:59:59+01:00,0,0,114,105,248,402,268,790,340,1273,503,922,272,230,232,438,182,854,0,0,0,0,1,4,12,12,8,20,10,17,11,7,9,18,8,27,7172,164,1,0,0,0,0,0,0
2021-01-26T23:59:59+01:00,0,0,88,93,230,385,260,765,328,1235,477,891,252,218,222,420,182,846,0,0,0,0,1,4,12,12,8,20,10,17,11,7,9,18,8,27,6891,164,1,0,0,0,0,0,0
2021-01-25T23:59:59+01:00,0,0,85,88,228,365,247,745,314,1202,459,866,235,211,211,398,177,790,0,0,0,0,1,4,12,10,7,13,7,13,11,7,9,18,8,27,6621,147,0,0,0,0,0,0,0
2021-01-24T23:59:59+01:00,0,0,85,86,224,361,246,740,311,1189,457,851,234,209,211,387,177,779,0,0,0,0,1,4,11,10,7,13,7,13,11,7,9,18,8,27,6547,146,0,0,0,0,0,0,0
2021-01-23T23:59:59+01:00,0,0,85,86,224,361,246,740,311,1189,457,851,234,209,211,387,177,779,0,0,0,0,1,4,11,10,7,13,7,13,11,7,9,18,8,27,6547,146,0,0,0,0,0,0,0
2021-01-22T23:59:59+01:00,0,0,85,85,222,358,246,737,308,1185,453,848,232,208,211,386,177,779,0,0,0,0,1,4,11,10,7,13,7,13,11,7,9,18,8,27,6520,146,0,0,0,0,0,0,0
2021-01-21T23:59:59+01:00,0,0,85,82,209,328,236,693,283,1136,438,814,231,204,210,380,176,776,0,0,0,0,1,2,9,9,6,12,6,11,11,7,9,18,8,27,6281,136,0,0,0,0,0,0,0
2021-01-20T23:59:59+01:00,0,0,79,77,194,305,224,627,269,1043,409,754,222,192,195,349,162,724,0,0,0,0,1,2,9,9,6,12,6,11,11,7,9,18,8,27,5825,136,0,0,0,0,0,0,0
2021-01-19T23:59:59+01:00,0,0,71,67,155,256,204,564,243,920,369,645,201,166,169,307,148,634,0,0,0,0,1,2,3,7,6,11,4,9,8,6,9,18,8,27,5119,119,0,0,0,0,0,0,0
2021-01-18T23:59:59+01:00,0,0,59,59,132,213,183,461,216,762,329,552,182,145,144,256,126,545,0,0,0,0,0,1,2,4,3,6,2,7,7,6,9,18,8,25,4364,98,0,0,0,0,0,0,0
2021-01-17T23:59:59+01:00,0,0,40,47,108,183,168,402,200,676,305,497,173,138,131,238,109,485,0,0,0,0,0,0,2,4,2,6,2,5,4,4,7,14,6,23,3900,79,0,0,0,0,0,0,0
2021-01-16T23:59:59+01:00,0,0,33,44,108,180,158,385,185,656,274,476,157,133,130,232,108,473,0,0,0,0,0,0,0,0,0,0,0,0,0,0,0,0,0,0,3732,0,0,0,0,0,0,0,0
2021-01-15T23:59:59+01:00,0,0,31,40,105,175,147,371,179,626,255,454,152,124,126,226,99,455,0,0,0,0,0,0,0,0,0,0,0,0,0,0,0,0,0,0,3565,0,0,0,0,0,0,0,0
2021-01-14T23:59:59+01:00,0,0,13,23,51,76,85,174,115,288,150,264,124,105,112,207,87,410,0,0,0,0,0,0,0,0,0,0,0,0,0,0,0,0,0,0,2284,0,0,0,0,0,0,0,0
2021-01-13T23:59:59+01:00,0,0,12,20,41,65,77,139,93,258,125,227,95,83,92,166,68,328,0,0,0,0,0,0,0,0,0,0,0,0,0,0,0,0,0,0,1889,0,0,0,0,0,0,0,0
2021-01-12T23:59:59+01:00,0,0,12,15,37,61,64,115,78,209,96,173,62,55,62,100,40,192,0,0,0,0,0,0,0,0,0,0,0,0,0,0,0,0,0,0,1371,0,0,0,0,0,0,0,0
2021-01-11T23:59:59+01:00,0,0,4,10,26,43,40,83,57,141,59,86,33,30,27,43,19,84,0,0,0,0,0,0,0,0,0,0,0,0,0,0,0,0,0,0,785,0,0,0,0,0,0,0,0
2021-01-10T23:59:59+01:00,0,0,3,6,19,31,35,58,38,94,38,54,16,10,10,22,13,37,0,0,0,0,0,0,0,0,0,0,0,0,0,0,0,0,0,0,484,0,0,0,0,0,0,0,0
2021-01-09T23:59:59+01:00,0,0,3,6,18,27,34,54,33,84,36,53,16,10,10,22,13,37,0,0,0,0,0,0,0,0,0,0,0,0,0,0,0,0,0,0,456,0,0,0,0,0,0,0,0
2021-01-08T23:59:59+01:00,0,0,3,6,15,26,30,44,27,75,32,49,15,10,9,20,12,36,0,0,0,0,0,0,0,0,0,0,0,0,0,0,0,0,0,0,409,0,0,0,0,0,0,0,0
2021-01-07T23:59:59+01:00,0,0,1,4,2,9,16,14,14,28,13,24,12,8,9,18,9,29,0,0,0,0,0,0,0,0,0,0,0,0,0,0,0,0,0,0,210,0,0,0,0,0,0,0,0
2021-01-06T23:59:59+01:00,0,0,1,0,2,4,14,12,9,22,11,19,12,8,9,18,9,29,0,0,0,0,0,0,0,0,0,0,0,0,0,0,0,0,0,0,179,0,0,0,0,0,0,0,0
2021-01-05T23:59:59+01:00,0,0,0,0,1,4,13,12,8,20,10,19,11,8,9,18,9,29,0,0,0,0,0,0,0,0,0,0,0,0,0,0,0,0,0,0,171,0,0,0,0,0,0,0,0
2021-01-04T23:59:59+01:00,0,0,0,0,1,4,13,11,7,16,8,17,11,8,9,18,9,29,0,0,0,0,0,0,0,0,0,0,0,0,0,0,0,0,0,0,161,0,0,0,0,0,0,0,0
2021-01-03T23:59:59+01:00,0,0,0,0,1,4,12,10,7,13,6,14,11,8,9,18,9,29,0,0,0,0,0,0,0,0,0,0,0,0,0,0,0,0,0,0,151,0,0,0,0,0,0,0,0
2021-01-02T23:59:59+01:00,0,0,0,0,1,4,12,10,7,13,6,14,11,8,9,18,9,29,0,0,0,0,0,0,0,0,0,0,0,0,0,0,0,0,0,0,151,0,0,0,0,0,0,0,0
2021-01-01T23:59:59+01:00,0,0,0,0,1,4,12,10,7,13,6,14,11,8,9,18,9,29,0,0,0,0,0,0,0,0,0,0,0,0,0,0,0,0,0,0,151,0,0,0,0,0,0,0,0
2020-12-31T23:59:59+01:00,0,0,0,0,1,4,12,10,7,13,6,14,11,8,9,18,9,29,0,0,0,0,0,0,0,0,0,0,0,0,0,0,0,0,0,0,151,0,0,0,0,0,0,0,0
2020-12-30T23:59:59+01:00,0,0,0,0,1,4,12,10,7,13,6,14,11,8,9,18,9,29,0,0,0,0,0,0,0,0,0,0,0,0,0,0,0,0,0,0,151,0,0,0,0,0,0,0,0
2020-12-29T23:59:59+01:00,0,0,0,0,1,4,8,9,7,13,4,12,11,8,9,18,9,29,0,0,0,0,0,0,0,0,0,0,0,0,0,0,0,0,0,0,142,0,0,0,0,0,0,0,0
2020-12-28T23:59:59+01:00,0,0,0,0,1,1,5,7,7,7,2,9,11,8,9,18,9,29,0,0,0,0,0,0,0,0,0,0,0,0,0,0,0,0,0,0,123,0,0,0,0,0,0,0,0
2020-12-27T23:59:59+01:00,0,0,0,0,0,0,2,4,2,6,1,6,5,6,8,15,8,26,0,0,0,0,0,0,0,0,0,0,0,0,0,0,0,0,0,0,89,0,0,0,0,0,0,0,0
