Datum,<15_m,<15_w,15-24_1_m,15-24_1_w,25-34_1_m,25-34_1_w,35-44_1_m,35-44_1_w,45-54_1_m,45-54_1_w,55-64_1_m,55-64_1_w,65-74_1_m,65-74_1_w,75-84_1_m,75-84_1_w,>84_1_m,>84_1_w,<24_2_m,<24_2_w,25-34_2_m,25-34_2_w,35-44_2_m,35-44_2_w,45-54_2_m,45-54_2_w,55-64_2_m,55-64_2_w,65-74_2_m,65-74_2_w,75-84_2_m,75-84_2_w,>84_2_m,>84_2_w,bp_1,bp_2,mo_1,mo_2,az_1,az_2,ja,unb_1,unb_2
2021-08-24T23:59:59+02:00,1413,1266,9076,8579,10247,9530,12746,13181,16844,17259,20136,20243,16127,16852,8958,10919,2820,5423,8434,8047,9796,9013,12279,12621,16305,16691,19629,19668,15820,16491,8774,10657,2765,5293,145025,139388,19720,19143,27854,26949,9013,7,6
2021-08-23T23:59:59+02:00,1396,1241,9037,8541,10234,9512,12716,13161,16827,17241,20123,20219,16118,16840,8947,10913,2819,5418,8410,8031,9771,8995,12267,12616,16292,16682,19619,19653,15816,16484,8771,10652,2764,5290,144775,139299,19720,19142,27854,26930,8947,7,6
2021-08-22T23:59:59+02:00,1396,1241,9027,8536,10227,9506,12715,13157,16824,17235,20120,20216,16115,16837,8943,10913,2819,5417,8394,8024,9764,8983,12263,12611,16289,16675,19617,19649,15813,16480,8767,10650,2764,5289,144762,139268,19720,19139,27854,26927,8901,7,6
2021-08-21T23:59:59+02:00,1396,1240,9022,8536,10226,9503,12712,13156,16823,17235,20119,20215,16115,16837,8943,10913,2819,5417,8272,7943,9660,8890,12175,12502,16201,16604,19562,19606,15793,16466,8765,10639,2763,5287,144756,139264,19717,18244,27854,26926,8893,7,6
2021-08-20T23:59:59+02:00,1395,1238,9014,8534,10219,9496,12706,13146,16820,17233,20112,20211,16114,16837,8943,10911,2818,5416,7927,7636,9519,8735,12036,12367,16085,16501,19460,19513,15756,16423,8754,10615,2762,5286,144725,137266,19717,18244,27854,26925,8860,7,6
2021-08-19T23:59:59+02:00,1390,1236,9003,8528,10212,9486,12697,13141,16815,17232,20107,20209,16113,16835,8943,10910,2818,5415,7670,7369,9388,8630,11894,12249,15994,16395,19366,19426,15714,16376,8744,10597,2761,5278,144684,135554,19714,18238,27853,26916,8832,7,6
2021-08-18T23:59:59+02:00,1365,1204,8957,8490,10185,9457,12671,13107,16786,17209,20080,20180,16100,16821,8937,10904,2814,5410,7656,7359,9376,8622,11881,12233,15980,16386,19358,19418,15708,16369,8740,10593,2758,5275,144378,135506,19701,18237,27850,26915,8741,7,6
2021-08-17T23:59:59+02:00,1340,1191,8920,8457,10170,9436,12658,13083,16772,17189,20059,20158,16092,16812,8935,10897,2812,5405,7642,7344,9359,8615,11872,12224,15973,16376,19347,19412,15703,16364,8739,10591,2757,5273,144143,135441,19698,18232,27849,26909,8689,7,6
2021-08-16T23:59:59+02:00,1317,1173,8883,8432,10150,9416,12634,13059,16762,17172,20039,20143,16087,16800,8931,10896,2812,5405,7635,7333,9344,8613,11862,12218,15971,16371,19338,19405,15700,16361,8739,10591,2757,5273,143910,135406,19696,18228,27849,26907,8649,7,6
2021-08-15T23:59:59+02:00,1299,1157,8862,8413,10138,9400,12618,13047,16750,17162,20025,20132,16081,16794,8931,10891,2812,5405,7623,7323,9329,8598,11850,12208,15964,16363,19332,19401,15693,16357,8738,10588,2757,5273,143761,135356,19696,18224,27848,26888,8605,7,6
2021-08-14T23:59:59+02:00,1298,1157,8862,8413,10137,9400,12617,13045,16750,17161,20024,20130,16081,16794,8931,10891,2812,5405,7306,7031,9186,8432,11674,12045,15847,16233,19238,19316,15667,16334,8729,10575,2757,5269,143756,133374,19696,18222,27848,26881,8601,7,6
2021-08-13T23:59:59+02:00,1293,1155,8849,8403,10126,9392,12605,13036,16735,17152,20016,20122,16077,16788,8929,10890,2811,5405,6927,6675,9015,8273,11470,11834,15633,16053,19100,19195,15634,16295,8718,10561,2755,5265,143726,130935,19696,18222,27848,26878,8507,7,6
2021-08-12T23:59:59+02:00,1293,1155,8848,8399,10119,9386,12601,13035,16729,17143,20012,20117,16076,16784,8927,10888,2811,5405,6921,6668,9002,8265,11459,11832,15622,16046,19096,19189,15632,16290,8716,10560,2755,5265,143709,130904,19695,18219,27848,26860,8469,7,6
2021-08-11T23:59:59+02:00,1290,1151,8845,8393,10109,9381,12593,13031,16726,17139,20007,20115,16074,16781,8926,10888,2811,5404,6915,6658,8987,8255,11448,11828,15618,16039,19088,19183,15628,16287,8715,10560,2755,5263,143665,130845,19692,18212,27848,26847,8452,7,6
2021-08-10T23:59:59+02:00,1289,1151,8841,8391,10104,9376,12591,13027,16725,17137,20006,20110,16073,16779,8926,10887,2811,5404,6870,6614,8956,8240,11429,11807,15593,16027,19081,19173,15626,16285,8715,10558,2755,5263,143639,130604,19692,18208,27848,26841,8442,7,6
2021-08-09T23:59:59+02:00,1289,1149,8834,8390,10099,9369,12590,13025,16718,17136,20000,20110,16071,16779,8925,10887,2811,5404,6852,6592,8936,8224,11417,11797,15577,16016,19075,19169,15623,16284,8713,10557,2755,5263,143614,130478,19692,18204,27846,26832,8427,7,6
2021-08-08T23:59:59+02:00,1289,1148,8831,8384,10097,9365,12581,13022,16713,17132,19998,20107,16069,16776,8924,10886,2810,5403,6849,6580,8919,8216,11401,11790,15570,16009,19073,19166,15620,16281,8712,10556,2754,5262,143603,130432,19691,18197,27846,26829,8388,7,6
2021-08-07T23:59:59+02:00,1289,1140,8822,8376,10086,9358,12579,13016,16706,17128,19992,20102,16065,16771,8922,10886,2809,5403,6198,6011,8647,7992,11132,11558,15371,15836,18989,19090,15600,16257,8705,10549,2751,5261,143556,127351,19690,18185,27846,26828,8351,7,6
2021-08-06T23:59:59+02:00,1283,1139,8812,8364,10072,9346,12559,12998,16688,17116,19975,20089,16058,16763,8922,10883,2809,5402,6185,5996,8632,7977,11108,11538,15349,15820,18972,19078,15593,16250,8705,10546,2751,5260,143518,127301,19688,18179,27846,26826,8219,7,6
2021-08-05T23:59:59+02:00,1280,1137,8805,8357,10063,9337,12547,12990,16682,17113,19968,20086,16057,16763,8922,10882,2809,5402,5902,5760,8287,7681,10748,11265,15030,15585,18723,18913,15574,16227,8695,10539,2750,5259,143473,127220,19684,15490,27842,26794,8194,7,6
2021-08-04T23:59:59+02:00,1279,1134,8799,8354,10058,9334,12540,12986,16677,17111,19966,20083,16056,16763,8921,10881,2809,5401,5888,5754,8259,7670,10729,11254,15014,15578,18718,18908,15572,16224,8694,10539,2749,5259,143442,127124,19683,15482,27841,26779,8179,7,6
2021-08-03T23:59:59+02:00,1272,1131,8795,8344,10053,9330,12535,12983,16672,17109,19961,20081,16054,16763,8920,10879,2809,5400,5776,5641,8166,7601,10612,11176,14965,15526,18689,18894,15568,16222,8693,10537,2747,5258,143398,126401,19681,15473,27841,26750,8164,7,6
2021-08-02T23:59:59+02:00,1266,1125,8782,8336,10045,9323,12530,12977,16667,17100,19954,20078,16052,16760,8918,10876,2808,5399,5608,5482,8035,7496,10488,11061,14895,15447,18657,18869,15560,16213,8687,10537,2747,5258,143319,125345,19675,15470,27840,26719,8155,7,6
2021-08-01T23:59:59+02:00,1265,1124,8775,8327,10038,9316,12524,12975,16662,17098,19949,20076,16052,16760,8917,10874,2808,5399,5548,5425,7984,7447,10426,11010,14860,15422,18644,18852,15558,16211,8685,10534,2747,5256,143275,124911,19672,15467,27839,26698,8146,7,6
2021-07-31T23:59:59+02:00,1265,1124,8774,8324,10038,9315,12522,12975,16661,17098,19948,20074,16052,16760,8917,10873,2808,5399,5523,5405,7968,7435,10410,10997,14847,15416,18641,18849,15557,16210,8685,10534,2747,5256,143272,124785,19671,15464,27839,26697,8138,7,6
2021-07-30T23:59:59+02:00,1134,1006,8545,8095,9945,9197,12441,12891,16583,17027,19889,20007,16020,16721,8911,10856,2807,5396,5232,5128,7830,7293,10222,10807,14710,15253,18578,18793,15532,16183,8672,10521,2743,5253,141824,122967,19669,15458,27839,26679,8132,7,6
2021-07-29T23:59:59+02:00,1127,998,8416,8006,9786,9100,12291,12790,16438,16933,19726,19897,15935,16654,8886,10837,2806,5389,4935,4896,7551,7100,9944,10605,14463,15081,18383,18676,15447,16110,8645,10500,2742,5243,141709,121864,19666,15416,27839,26653,6794,7,6
2021-07-28T23:59:59+02:00,1116,985,8387,7970,9772,9086,12270,12776,16421,16911,19706,19887,15928,16641,8879,10833,2806,5387,4515,4465,7232,6848,9627,10307,14228,14899,18326,18635,15432,16099,8640,10489,2742,5233,141471,119215,19664,15362,27837,26591,6782,7,6
2021-07-27T23:59:59+02:00,1106,977,8364,7955,9760,9079,12259,12767,16412,16906,19699,19874,15926,16635,8877,10830,2805,5385,4280,4217,7002,6649,9380,10031,14067,14739,18275,18572,15383,16053,8623,10473,2739,5227,141334,117200,19661,15361,27837,26568,6777,7,6
2021-07-26T23:59:59+02:00,1102,974,8350,7943,9753,9074,12253,12762,16405,16898,19692,19873,15923,16630,8875,10826,2804,5380,4172,4106,6900,6539,9255,9906,13986,14660,18230,18539,15372,16042,8613,10465,2736,5225,141256,116300,19657,15352,27826,26510,6771,7,6
2021-07-25T23:59:59+02:00,1101,973,8344,7939,9740,9070,12243,12759,16400,16892,19689,19872,15921,16630,8875,10826,2804,5380,4123,4053,6824,6488,9184,9852,13950,14627,18206,18525,15354,16029,8607,10459,2736,5223,141231,115857,19654,15336,27825,26489,6741,7,6
2021-07-24T23:59:59+02:00,1099,969,8255,7877,9666,8991,12176,12682,16333,16838,19649,19833,15900,16616,8872,10816,2804,5379,4080,4013,6766,6438,9106,9798,13886,14561,18174,18499,15343,16019,8599,10455,2736,5223,141212,115607,18992,15057,27825,26487,6719,7,6
2021-07-23T23:59:59+02:00,1072,944,8143,7788,9628,8956,12142,12653,16288,16803,19619,19814,15894,16610,8868,10812,2804,5379,3790,3728,6504,6227,8828,9514,13653,14386,18097,18443,15302,15976,8582,10436,2734,5217,140716,113372,18992,15033,27825,26481,6677,7,6
2021-07-22T23:59:59+02:00,981,858,7927,7559,9523,8866,12024,12558,16199,16716,19547,19729,15848,16570,8860,10797,2803,5373,3663,3601,6350,6135,8676,9384,13491,14245,18024,18376,15280,15952,8575,10427,2734,5216,139257,112228,18991,14961,27819,26388,6664,7,6
2021-07-21T23:59:59+02:00,961,844,7896,7519,9507,8855,12001,12535,16175,16700,19523,19708,15837,16563,8860,10792,2803,5373,3356,3331,6006,5878,8282,9002,13224,14011,17884,18250,15189,15871,8543,10397,2731,5204,139001,109425,18989,14890,27814,26289,6641,7,6
2021-07-20T23:59:59+02:00,960,843,7888,7514,9499,8852,11996,12533,16167,16699,19518,19704,15836,16562,8860,10791,2803,5373,3283,3278,5947,5824,8223,8941,13139,13967,17852,18236,15189,15871,8543,10395,2731,5204,138963,109037,18988,14875,27811,26157,6629,7,6
2021-07-19T23:59:59+02:00,959,843,7882,7514,9495,8846,11991,12531,16162,16693,19516,19704,15835,16559,8860,10789,2803,5372,3233,3243,5900,5785,8166,8897,13083,13941,17806,18224,15189,15869,8543,10393,2731,5203,138933,108771,18987,14859,27811,26032,6616,7,6
2021-07-18T23:59:59+02:00,958,842,7872,7505,9488,8840,11983,12527,16156,16688,19514,19703,15834,16557,8860,10789,2803,5372,3214,3227,5860,5753,8132,8869,13045,13925,17794,18221,15189,15868,8543,10393,2731,5202,138888,108586,18985,14826,27809,26023,6602,7,6
2021-07-17T23:59:59+02:00,842,723,7549,7214,9336,8671,11807,12366,16028,16549,19418,19608,15813,16536,8852,10776,2803,5369,3113,3118,5748,5660,7998,8714,12906,13801,17699,18145,15179,15850,8540,10386,2731,5202,136878,107412,18983,14822,27809,26019,6586,4,6
2021-07-16T23:59:59+02:00,685,571,7153,6889,9146,8514,11615,12156,15824,16373,19278,19481,15784,16499,8843,10762,2802,5367,3051,3058,5672,5596,7886,8611,12789,13667,17622,18071,15157,15835,8536,10384,2730,5202,134397,106526,18983,14817,27808,26013,6550,4,6
2021-07-15T23:59:59+02:00,683,571,7140,6881,9142,8513,11605,12152,15814,16366,19274,19475,15782,16497,8839,10760,2801,5358,3013,3023,5605,5555,7797,8559,12716,13627,17592,18050,15134,15821,8528,10377,2729,5193,134359,106297,18981,14662,27803,25892,6506,4,6
2021-07-14T23:59:59+02:00,681,570,7131,6873,9138,8511,11600,12148,15808,16363,19269,19470,15780,16494,8836,10757,2800,5354,2990,3011,5564,5524,7762,8537,12684,13611,17575,18039,15127,15818,8525,10373,2729,5189,134327,106146,18980,14629,27803,25852,6469,4,6
2021-07-13T23:59:59+02:00,676,567,7107,6856,9127,8495,11591,12134,15797,16345,19261,19463,15771,16490,8832,10747,2795,5346,2932,2960,5500,5456,7603,8403,12432,13394,17420,17912,15109,15807,8513,10360,2724,5178,134205,104934,18980,14576,27800,25817,6411,4,6
2021-07-12T23:59:59+02:00,670,560,7095,6841,9117,8484,11580,12125,15793,16333,19249,19459,15769,16486,8830,10747,2795,5343,2874,2907,5418,5381,7456,8289,12184,13183,17241,17768,15099,15802,8509,10353,2723,5178,134095,103701,18978,14525,27796,25768,6403,4,6
2021-07-11T23:59:59+02:00,669,559,7087,6838,9108,8475,11574,12117,15783,16330,19244,19454,15769,16483,8829,10745,2795,5343,2843,2872,5342,5305,7359,8202,12021,13028,17114,17636,15092,15791,8508,10350,2723,5178,134053,102818,18974,14475,27796,25727,6375,4,6
2021-07-10T23:59:59+02:00,496,402,6519,6289,8881,8291,11333,11923,15626,16199,19189,19405,15761,16473,8825,10740,2794,5342,2813,2838,5291,5263,7278,8121,11920,12928,17036,17569,15077,15776,8505,10340,2720,5176,131356,102126,18974,14473,27796,25719,6358,4,6
2021-07-09T23:59:59+02:00,485,395,6460,6261,8855,8254,11293,11894,15599,16186,19176,19389,15760,16470,8825,10737,2794,5342,2756,2772,5208,5195,7100,7945,11512,12630,16743,17364,15058,15749,8498,10335,2719,5174,131264,101109,18763,13618,27795,25705,6349,4,6
2021-07-08T23:59:59+02:00,480,393,6142,5998,8481,7963,10913,11585,15263,15940,18916,19216,15738,16446,8816,10730,2791,5341,2694,2722,5127,5121,6961,7855,11313,12488,16597,17241,15051,15741,8498,10333,2719,5173,131177,100252,15860,13454,27792,25631,6319,4,6
2021-07-07T23:59:59+02:00,478,389,6127,5985,8458,7947,10899,11568,15252,15929,18914,19211,15736,16443,8815,10728,2791,5339,2646,2667,5038,5063,6825,7762,11081,12308,16437,17109,15043,15735,8494,10328,2719,5173,131064,99233,15852,13335,27790,25583,6299,4,6
2021-07-06T23:59:59+02:00,452,368,6027,5892,8377,7881,10823,11499,15218,15889,18891,19195,15729,16433,8812,10726,2788,5337,2577,2597,4900,4950,6638,7629,10691,11897,16067,16736,15018,15702,8486,10321,2718,5169,130448,97084,15844,13252,27785,25523,6256,4,6
2021-07-05T23:59:59+02:00,411,334,5848,5720,8260,7785,10710,11384,15159,15822,18860,19163,15723,16425,8808,10721,2785,5336,2523,2522,4802,4853,6507,7493,10342,11582,15793,16432,14988,15672,8478,10306,2718,5164,129398,95301,15840,13188,27782,25469,6230,4,6
2021-07-04T23:59:59+02:00,391,304,5774,5642,8203,7730,10643,11328,15128,15791,18846,19144,15717,16422,8807,10719,2785,5334,2504,2491,4741,4807,6448,7443,10205,11473,15692,16360,14984,15666,8476,10305,2717,5164,128895,94736,15834,13121,27777,25433,6198,4,6
2021-07-03T23:59:59+02:00,386,302,5756,5634,8194,7721,10632,11325,15121,15785,18843,19142,15716,16422,8807,10719,2785,5334,2469,2460,4646,4778,6341,7418,10147,11429,15588,16274,14308,14957,8457,10280,2717,5164,128829,94623,15832,13119,27776,23519,6183,4,6
2021-07-02T23:59:59+02:00,342,264,5568,5483,8120,7646,10533,11228,15056,15729,18824,19136,15712,16418,8802,10717,2783,5331,2422,2412,4492,4700,6158,7344,9993,11274,15398,16071,13517,14039,8449,10265,2717,5163,127911,94061,15830,13076,27775,21116,6172,4,6
2021-07-01T23:59:59+02:00,281,210,5351,5303,7992,7535,10395,11103,14927,15634,18779,19111,15704,16411,8797,10711,2783,5330,2304,2291,4316,4528,5922,7095,9215,10592,14769,15601,13492,14011,8444,10261,2713,5161,126624,90576,15820,12981,27774,21032,6135,4,6
2021-06-30T23:59:59+02:00,151,121,4869,4827,7650,7260,10046,10765,14699,15456,18721,19067,15693,16400,8793,10703,2783,5327,2267,2245,4231,4459,5811,6999,9044,10470,14680,15525,13478,14003,8441,10258,2713,5159,123636,89982,15814,12807,27774,20900,6103,4,6
2021-06-29T23:59:59+02:00,115,100,4585,4545,7400,7042,9756,10466,14500,15266,18659,19006,15641,16350,8774,10688,2782,5322,2201,2163,4090,4322,5605,6821,8820,10244,14388,15303,13430,13954,8429,10234,2711,5146,121570,88545,15811,12655,27772,20828,5840,4,6
2021-06-28T23:59:59+02:00,99,79,4449,4400,7295,6931,9635,10337,14409,15159,18614,18964,15625,16334,8760,10677,2779,5320,2116,2037,3907,4117,5325,6479,8436,9735,13860,14768,13313,13865,8411,10210,2708,5134,120551,85351,15802,12573,27769,20763,5740,4,4
2021-06-27T23:59:59+02:00,94,77,4397,4351,7236,6875,9573,10283,14377,15126,18594,18947,15608,16322,8753,10670,2778,5315,2062,2002,3843,4071,5214,6366,8268,9607,13686,14657,13287,13846,8403,10201,2705,5132,120185,84563,15799,12539,27767,20632,5621,4,4
2021-06-26T23:59:59+02:00,81,75,4354,4323,7205,6848,9555,10262,14358,15111,18582,18934,15604,16315,8753,10670,2778,5315,1986,1910,3654,3912,4999,6109,7902,9152,13336,14360,13207,13789,8383,10173,2700,5123,119946,81923,15795,12539,27767,20627,5611,4,4
2021-06-25T23:59:59+02:00,69,62,4041,3996,6937,6609,9264,9969,14135,14923,18499,18878,15558,16269,8734,10651,2776,5308,1921,1826,3491,3794,4807,5879,7578,8738,13028,14025,13157,13733,8370,10148,2694,5117,117540,79581,15767,12508,27767,20622,5600,4,4
2021-06-24T23:59:59+02:00,62,55,3948,3904,6839,6523,9165,9877,14036,14838,18471,18845,15543,16253,8728,10644,2776,5307,1853,1750,3378,3698,4609,5737,7360,8543,12777,13827,12324,12807,8190,9884,2694,5116,116810,78375,15757,12403,27764,18295,5479,4,4
2021-06-23T23:59:59+02:00,49,50,3541,3526,6386,6174,8634,9367,13700,14536,18336,18709,15439,16161,8684,10608,2773,5293,1716,1575,3125,3497,4196,5410,6418,7834,12041,13127,12302,12795,8180,9877,2694,5112,113871,77751,15508,9086,27763,18247,4820,4,4
2021-06-22T23:59:59+02:00,40,42,3469,3455,6310,6115,8531,9290,13648,14491,18303,18692,15428,16154,8683,10603,2773,5290,1676,1521,3022,3396,4055,5260,6166,7651,11441,12425,12212,12703,8163,9844,2690,5104,113248,75440,15504,9005,27761,18089,4800,4,4
2021-06-21T23:59:59+02:00,34,39,3399,3394,6216,6061,8471,9218,13589,14447,18270,18671,15425,16152,8678,10600,2773,5289,1639,1470,2931,3299,3931,5110,5971,7426,10683,11505,11829,12249,7102,8623,2684,5098,112732,72788,15497,8904,27751,15120,4742,4,4
2021-06-20T23:59:59+02:00,34,38,3373,3372,6169,6029,8426,9188,13561,14432,18259,18667,15424,16152,8678,10600,2773,5289,1620,1453,2895,3273,3880,5073,5918,7403,10597,11432,11809,12230,7100,8616,2683,5098,112557,72476,15481,8828,27751,15108,4671,4,4
2021-06-19T23:59:59+02:00,32,36,3346,3348,6140,6008,8397,9169,13537,14426,18253,18662,15424,16151,8678,10600,2773,5289,1616,1441,2890,3264,3872,5068,5904,7398,10586,11425,11809,12230,7100,8615,2683,5098,112368,72397,15475,8828,27751,15106,4671,4,4
2021-06-18T23:59:59+02:00,28,31,3305,3306,6064,5969,8329,9115,13491,14395,18230,18651,15423,16149,8677,10599,2773,5289,1539,1346,2754,3089,3688,4790,5506,7023,9102,9862,11643,12062,7059,8565,2671,5080,111986,67222,15448,8827,27751,15095,4635,4,4
2021-06-17T23:59:59+02:00,26,28,3241,3255,5998,5931,8256,9062,13420,14350,18207,18640,15421,16144,8676,10596,2773,5286,1408,1253,2565,2875,3427,4502,5147,6631,8436,9135,11360,11821,7018,8508,2667,5077,111619,63531,15419,8711,27748,15068,4520,4,4
2021-06-16T23:59:59+02:00,26,25,3188,3194,5886,5866,8138,8968,13293,14264,18141,18605,15415,16135,8676,10593,2773,5286,1311,1197,2424,2767,3244,4345,4863,6360,7359,7845,11269,11714,6987,8471,2654,5059,110984,59773,15345,8665,27745,15037,4394,4,4
2021-06-15T23:59:59+02:00,21,24,3091,3112,5769,5777,7950,8791,13033,14044,17990,18479,15400,16124,8668,10587,2773,5284,1273,1165,2352,2711,3137,4271,4661,6235,7047,7594,10774,11154,6954,8436,2646,5046,109568,57529,15317,8633,27737,15004,4291,4,3
2021-06-14T23:59:59+02:00,20,22,3018,3041,5691,5720,7809,8672,12744,13808,17806,18307,15384,16110,8661,10582,2772,5283,1246,1137,2286,2655,3012,4175,4463,6096,6709,7293,10247,10545,6923,8399,2642,5037,108190,55168,15309,8528,27733,14957,4214,4,2
2021-06-13T23:59:59+02:00,20,22,3000,3009,5625,5682,7746,8606,12605,13672,17701,18185,15378,16101,8660,10579,2771,5283,1236,1125,2255,2641,2975,4164,4419,6076,6677,7277,10243,10538,6923,8398,2642,5037,107454,55027,15298,8522,27728,14918,4161,4,2
2021-06-12T23:59:59+02:00,18,22,2971,2991,5597,5657,7715,8588,12585,13654,17692,18182,15377,16100,8660,10579,2771,5283,1179,1063,2165,2566,2879,4029,4277,5945,6567,7192,10161,10460,6325,7671,2642,5037,107255,54912,15296,8522,27728,12567,4159,4,2
2021-06-11T23:59:59+02:00,18,19,2894,2915,5528,5592,7532,8402,12176,13348,17412,17978,15361,16075,8654,10571,2769,5281,1156,1046,2110,2526,2814,3981,4193,5883,6459,7104,10059,10347,6312,7665,2640,5031,106240,54389,14406,8260,27727,12531,4148,4,2
2021-06-10T23:59:59+02:00,14,17,2838,2873,5429,5541,7399,8319,11991,13209,17275,17861,15356,16071,8654,10570,2768,5280,1117,1021,2036,2460,2712,3904,4023,5754,6218,6892,9808,10080,6292,7637,2634,5025,105322,52831,14331,8257,27722,12441,4086,4,2
2021-06-09T23:59:59+02:00,13,15,2762,2804,5305,5447,7177,8147,11714,12967,17088,17714,15345,16057,8650,10561,2768,5277,1060,959,1905,2342,2508,3722,3695,5469,5599,6387,8987,9179,6235,7561,2620,4990,104119,48836,14180,8240,27713,12349,3795,4,2
2021-06-08T23:59:59+02:00,10,11,2665,2701,5172,5320,6981,7964,11281,12540,16711,17326,15326,16030,8639,10555,2767,5272,1023,931,1838,2278,2402,3649,3552,5403,5451,6258,8954,9160,6233,7551,2618,4986,101917,48330,14153,8191,27711,12282,3486,4,2
2021-06-07T23:59:59+02:00,8,10,2537,2603,4981,5191,6773,7801,10804,12181,16368,17032,15300,16002,8633,10538,2766,5268,952,894,1711,2224,2263,3567,3299,5314,5096,5974,8405,8536,6179,7492,2614,4977,99986,46118,14110,8177,27702,12210,2994,4,2
2021-06-06T23:59:59+02:00,8,8,2502,2579,4920,5132,6686,7745,10667,12071,16276,16968,15297,15998,8633,10538,2764,5267,936,884,1682,2205,2221,3540,3233,5290,5048,5950,8400,8535,6174,7485,2614,4976,99400,45964,14058,8168,27696,12142,2901,4,2
2021-06-05T23:59:59+02:00,7,7,2489,2557,4891,5105,6648,7718,10636,12044,16267,16962,15297,15998,8633,10538,2764,5267,920,869,1650,2178,2182,3488,3131,5208,4694,5623,7802,7833,6146,7432,2613,4974,99175,43585,14058,8163,27694,12100,2897,4,2
2021-06-04T23:59:59+02:00,6,6,2459,2529,4846,5060,6600,7667,10548,11941,16215,16899,15293,15991,8633,10537,2763,5266,908,851,1627,2159,2142,3452,3079,5149,4531,5435,7500,7466,6110,7390,2611,4968,98648,42305,14053,8161,27694,12054,2860,4,2
2021-06-03T23:59:59+02:00,6,6,2354,2398,4693,4889,6393,7418,9848,11307,15625,16451,15282,15982,8630,10532,2762,5265,891,820,1586,2099,2093,3373,2990,5040,4386,5270,7341,7277,6098,7363,2611,4964,95311,41258,14014,8151,27688,11971,2824,4,2
2021-06-02T23:59:59+02:00,6,6,2337,2373,4650,4856,6337,7379,9748,11218,15567,16398,15274,15978,8629,10528,2762,5264,878,808,1568,2076,2041,3337,2905,4954,4024,4881,6784,6640,6055,7307,2607,4954,94786,38925,14012,8147,27688,11928,2820,4,2
2021-06-01T23:59:59+02:00,6,5,2275,2332,4530,4767,6173,7268,9560,11071,15460,16322,15271,15974,8625,10524,2761,5259,846,782,1503,2026,1928,3275,2749,4863,3821,4754,6573,6410,6033,7289,2601,4947,93924,37843,13963,8125,27676,11816,2616,4,2
2021-05-31T23:59:59+02:00,2,5,2225,2273,4431,4674,6032,7142,9374,10927,15375,16268,15263,15967,8622,10524,2761,5259,823,746,1445,1967,1860,3227,2575,4810,3691,4701,6216,5995,6010,7268,2598,4939,93206,36667,13877,8119,27667,11715,2370,4,2
2021-05-30T23:59:59+02:00,2,5,2200,2251,4374,4613,5943,7082,9299,10865,15338,16249,15262,15965,8622,10524,2761,5259,811,735,1423,1946,1810,3203,2442,4775,3586,4683,6214,5993,6010,7268,2598,4939,92761,36352,13837,8097,27657,11632,2355,4,2
2021-05-29T23:59:59+02:00,2,5,2183,2236,4356,4602,5926,7066,9285,10852,15333,16246,15261,15965,8622,10524,2761,5259,793,682,1329,1688,1677,2842,2242,4226,3308,4255,6124,5899,5898,7135,2597,4939,92635,36303,13834,8092,27656,8884,2355,4,2
2021-05-28T23:59:59+02:00,2,5,2162,2213,4318,4557,5882,7021,9209,10782,15266,16194,15257,15963,8622,10524,2761,5258,774,592,1251,1437,1578,2441,2063,3536,3044,3659,5486,5159,5816,7044,2593,4926,92163,35005,13821,8092,27654,5948,2354,4,2
2021-05-27T23:59:59+02:00,2,5,2119,2175,4233,4490,5758,6947,9054,10682,15169,16111,15255,15962,8622,10524,2761,5258,745,556,1217,1355,1536,2303,1996,3394,2932,3539,5051,4674,5783,7005,2582,4897,91483,33880,13672,8083,27630,5264,2338,4,2
2021-05-26T23:59:59+02:00,2,5,2050,2057,4036,4345,5416,6685,8086,9940,14412,15406,15243,15956,8618,10518,2759,5256,734,540,1191,1297,1491,2248,1939,3282,2779,3393,3746,3296,5724,6932,2559,4840,90709,30611,10150,8068,27615,5000,2312,4,2
2021-05-25T23:59:59+02:00,2,5,2009,2018,3953,4278,5320,6619,7951,9833,14039,14973,15195,15919,8611,10503,2757,5252,725,530,1161,1262,1469,2225,1919,3255,2754,3367,3740,3286,5717,6929,2557,4839,89371,30524,10002,8059,27598,4890,2262,4,2
2021-05-24T23:59:59+02:00,2,5,1983,1972,3864,4204,5215,6537,7826,9709,13527,14359,15144,15851,8604,10489,2756,5247,719,522,1141,1251,1439,2211,1898,3237,2729,3345,3724,3268,5695,6905,2550,4823,87579,30397,9923,8008,27586,4851,2202,4,1
2021-05-23T23:59:59+02:00,2,5,1974,1959,3845,4181,5197,6524,7774,9678,13452,14296,15133,15847,8602,10488,2755,5247,712,510,1129,1238,1414,2186,1840,3201,2621,3245,3316,2835,5053,6095,2536,4778,87344,30226,9823,5452,27586,4830,2202,4,1
2021-05-22T23:59:59+02:00,2,5,1809,1917,3543,4131,4794,6480,7516,9622,13327,14217,15127,15846,8602,10487,2755,5247,552,479,836,1196,1036,2150,1599,3148,2507,3170,3312,2833,5053,6094,2536,4778,87194,30214,9823,5451,27584,4793,822,4,1
2021-05-21T23:59:59+02:00,2,4,1723,1808,3389,3939,4605,6185,7119,9256,12039,12876,14976,15698,8565,10440,2746,5236,548,467,826,1194,1034,2143,1564,3118,2430,3093,3138,2696,5027,6051,2533,4763,82421,29579,9783,5451,27578,4775,820,4,1
2021-05-20T23:59:59+02:00,2,4,1685,1772,3298,3888,4498,6104,6943,9176,11828,12649,14956,15680,8562,10433,2745,5235,528,454,786,1148,978,2079,1445,3047,2303,2996,2950,2527,4986,5975,2525,4748,81590,28836,9680,5436,27522,4540,663,3,1
2021-05-19T23:59:59+02:00,2,4,1662,1746,3241,3832,4404,6038,6828,9114,11596,12389,14944,15670,8560,10432,2745,5234,520,442,770,1111,960,2010,1334,2900,1976,2703,2387,2030,4881,5858,2504,4701,80778,26766,9540,5420,27495,4276,625,3,1
2021-05-18T23:59:59+02:00,2,4,1600,1712,3153,3742,4292,5935,6669,8955,11309,12135,14899,15622,8548,10409,2743,5224,517,430,755,1096,942,1993,1250,2834,1696,2481,1945,1684,4809,5775,2483,4658,79685,25224,9338,5410,27426,4213,501,3,1
2021-05-17T23:59:59+02:00,2,4,1551,1631,3023,3585,4086,5656,6321,8497,10763,11584,14791,15531,8529,10384,2738,5214,515,422,749,1089,924,1988,1226,2810,1668,2442,1928,1665,4802,5768,2480,4655,76795,25159,9303,5396,27401,4188,388,3,1
2021-05-16T23:59:59+02:00,2,4,1532,1609,2970,3545,3991,5569,6172,8361,10587,11451,14765,15509,8522,10376,2737,5212,508,416,726,1074,894,1972,1198,2782,1635,2418,1921,1656,4800,5764,2477,4653,76051,25130,9246,5378,27371,4143,243,3,1
2021-05-15T23:59:59+02:00,2,4,1445,1512,2759,3378,3762,5291,5811,7889,10235,11154,14680,15447,8503,10347,2731,5203,508,414,722,1072,894,1968,1193,2781,1630,2414,1909,1644,4794,5758,2477,4651,73298,25071,9246,5378,27364,4138,242,3,1
2021-05-14T23:59:59+02:00,2,4,1411,1449,2647,3282,3610,5134,5613,7600,10016,10902,14645,15409,8490,10324,2728,5199,459,373,650,906,822,1682,1063,2371,1449,2088,1875,1604,4791,5750,2476,4646,71659,25007,9225,5376,27340,2384,238,3,1
2021-05-13T23:59:59+02:00,2,4,1353,1382,2544,3198,3443,4998,5395,7393,9789,10723,14619,15381,8482,10321,2726,5196,452,360,622,878,721,1574,962,2288,1184,1876,1161,1024,4571,5517,2468,4614,70498,24889,8916,2840,27309,2320,223,3,1
2021-05-12T23:59:59+02:00,2,4,1346,1373,2528,3193,3425,4986,5375,7380,9775,10711,14617,15377,8480,10319,2725,5196,452,359,621,877,718,1571,957,2285,1180,1870,1142,1015,4558,5481,2436,4545,70388,24688,8892,2840,27307,2317,222,3,1
2021-05-11T23:59:59+02:00,2,3,1304,1331,2454,3109,3312,4859,5181,7235,9489,10403,14570,15320,8468,10299,2721,5187,446,346,603,863,697,1554,929,2261,1154,1843,1087,979,4495,5384,2394,4421,69053,24198,8769,2822,27222,2236,200,3,1
2021-05-10T23:59:59+02:00,2,3,1280,1304,2390,3032,3185,4735,5051,7078,9166,10023,14524,15281,8459,10280,2716,5185,445,344,590,853,683,1539,918,2246,1136,1829,1052,945,4435,5308,2355,4306,67701,23791,8649,2819,27151,2184,190,3,1
2021-05-09T23:59:59+02:00,2,3,1265,1287,2347,3019,3108,4700,4989,7044,9101,9979,14511,15266,8457,10275,2716,5183,437,342,576,848,660,1519,896,2225,1124,1815,1033,929,4423,5270,2340,4264,67464,23631,8575,2817,27107,2150,103,3,1
2021-05-08T23:59:59+02:00,1,3,1263,1283,2332,3007,3091,4690,4949,7030,9077,9971,14510,15266,8457,10274,2716,5183,437,342,576,848,659,1519,896,2224,1123,1814,1033,929,4422,5270,2340,4264,67323,23630,8569,2814,27105,2149,103,3,1
2021-05-07T23:59:59+02:00,1,3,1244,1262,2293,2966,3040,4641,4849,6938,8853,9724,14495,15244,8451,10268,2713,5179,387,314,544,779,622,1357,826,2017,1035,1627,1003,900,4402,5247,2338,4259,66417,23526,8563,2811,27078,1217,103,3,1
2021-05-06T23:59:59+02:00,1,3,1094,1171,2065,2723,2741,4332,4477,6538,8267,9119,14217,15005,8411,10211,2710,5178,386,310,532,760,605,1325,807,1982,1002,1599,976,869,4392,5233,2336,4255,62787,23397,8435,2761,26942,1115,96,3,1
2021-05-05T23:59:59+02:00,1,2,1029,1120,1955,2610,2582,4161,4182,6259,7255,7937,14132,14907,8376,10170,2697,5158,383,307,525,750,590,1316,773,1968,979,1578,901,807,4351,5163,2328,4239,59270,23076,8390,2742,26820,1090,50,3,1
2021-05-04T23:59:59+02:00,1,2,1007,1100,1904,2571,2480,4094,3962,6146,6974,7722,13625,14339,8346,10135,2692,5149,380,306,520,746,579,1311,756,1949,963,1571,882,783,4331,5147,2325,4230,57212,22942,8332,2727,26660,1068,42,3,1
2021-05-03T23:59:59+02:00,1,2,975,1062,1843,2518,2377,3984,3763,6029,6617,7422,13088,13715,8309,10097,2685,5134,374,305,518,742,569,1305,747,1938,949,1558,857,759,4314,5129,2319,4217,54790,22832,8306,2718,26521,1049,1,3,1
2021-05-02T23:59:59+02:00,1,2,970,1061,1824,2512,2352,3977,3721,6019,6583,7414,13087,13715,8309,10096,2685,5134,374,305,515,742,568,1303,742,1938,948,1555,855,755,4313,5125,2319,4217,54658,22815,8302,2716,26498,1042,1,3,1
2021-05-01T23:59:59+02:00,1,2,970,1059,1816,2510,2341,3972,3709,6011,6572,7405,13086,13713,8309,10096,2685,5134,374,305,515,742,568,1303,741,1937,946,1555,855,755,4313,5125,2319,4217,54589,22815,8302,2712,26496,1042,1,3,1
2021-04-30T23:59:59+02:00,0,2,954,1054,1795,2496,2320,3937,3672,5978,6494,7351,12991,13609,8308,10092,2682,5122,322,250,473,666,539,1124,711,1713,912,1351,843,738,4309,5123,2319,4217,54094,22801,8301,2708,26458,100,1,3,1
2021-04-29T23:59:59+02:00,0,2,899,1029,1738,2445,2257,3878,3526,5855,6257,7128,12732,13336,8286,10063,2678,5115,315,248,464,659,536,1117,704,1703,902,1341,835,723,4300,5115,2319,4215,52501,22715,8286,2702,26433,78,1,3,1
2021-04-28T23:59:59+02:00,0,2,838,995,1658,2383,2113,3768,3240,5602,5653,6624,11895,12419,8228,9974,2655,5078,314,245,462,652,528,1103,693,1683,891,1334,822,707,4281,5088,2317,4215,48450,22594,8279,2683,26392,57,1,3,1
2021-04-27T23:59:59+02:00,0,2,828,990,1640,2363,2068,3750,3169,5577,5527,6502,11866,12402,8226,9972,2655,5076,313,243,456,650,520,1097,684,1671,882,1328,810,696,4277,5082,2316,4209,47971,22516,8276,2668,26362,49,1,3,1
2021-04-26T23:59:59+02:00,0,2,818,977,1614,2345,2008,3709,2993,5500,5196,6217,11301,11757,8171,9907,2651,5067,311,242,455,649,514,1091,673,1665,873,1318,801,687,4272,5077,2316,4205,45644,22464,8267,2640,26319,44,1,2,1
2021-04-25T23:59:59+02:00,0,2,808,975,1600,2339,1970,3692,2867,5477,5104,6212,11297,11753,8168,9901,2650,5066,310,242,455,649,514,1084,673,1663,870,1316,801,686,4272,5077,2316,4205,45318,22459,8261,2636,26299,37,1,2,1
2021-04-24T23:59:59+02:00,0,2,794,965,1578,2319,1930,3647,2770,5409,4759,5893,10680,11027,8138,9843,2649,5064,310,242,455,649,514,1083,672,1662,869,1316,796,682,4263,5061,2314,4204,42911,22423,8260,2632,26293,36,1,2,1
2021-04-23T23:59:59+02:00,0,2,789,957,1565,2309,1901,3621,2730,5359,4598,5707,10371,10646,8098,9801,2646,5055,310,241,455,649,514,1082,671,1662,867,1316,796,681,4260,5058,2314,4204,41613,22412,8260,2631,26279,36,1,2,1
2021-04-22T23:59:59+02:00,0,2,773,942,1537,2266,1850,3553,2645,5269,4445,5553,10227,10452,8084,9770,2644,5047,310,240,453,638,512,1076,665,1654,861,1307,790,676,4257,5056,2314,4202,40613,22376,8234,2606,26209,28,1,2,1
2021-04-21T23:59:59+02:00,0,2,762,929,1513,2255,1797,3508,2541,5182,4061,5133,9630,9768,8035,9708,2640,5036,308,240,450,636,512,1075,661,1651,856,1302,778,664,4247,5042,2314,4198,38098,22325,8217,2582,26182,26,1,2,1
2021-04-20T23:59:59+02:00,0,2,755,918,1491,2228,1766,3479,2489,5124,3924,5037,9434,9549,8018,9698,2636,5033,308,238,450,635,511,1073,660,1646,853,1297,772,660,4243,5038,2314,4198,37263,22294,8206,2576,26109,26,1,2,0
2021-04-19T23:59:59+02:00,0,2,748,908,1482,2221,1749,3462,2457,5098,3860,4979,9065,9131,7993,9673,2633,5027,308,236,449,632,509,1070,656,1644,849,1293,766,654,4234,5036,2314,4196,36238,22255,8194,2565,26053,26,1,2,0
2021-04-18T23:59:59+02:00,0,2,744,906,1477,2215,1731,3455,2438,5086,3852,4977,9056,9120,7993,9672,2633,5027,307,236,449,628,508,1067,654,1641,846,1293,765,652,4234,5034,2314,4196,36178,22247,8174,2551,26029,26,1,2,0
2021-04-17T23:59:59+02:00,0,2,727,900,1389,2205,1631,3443,2401,5056,3772,4899,8344,8396,7977,9659,2633,5027,307,236,447,626,507,1067,653,1641,845,1290,765,652,4233,5034,2314,4196,36170,22236,8174,2551,24114,26,1,2,0
2021-04-16T23:59:59+02:00,0,2,711,882,1260,2183,1479,3421,2315,4991,3611,4734,7009,6845,7942,9610,2622,4996,307,235,442,620,503,1063,643,1639,841,1281,755,646,4225,5019,2311,4194,34799,22162,8164,2547,21647,15,1,2,0
2021-04-15T23:59:59+02:00,0,2,690,871,1250,2170,1459,3403,2257,4953,3540,4681,6571,6344,7902,9549,2600,4925,300,229,428,609,486,1049,609,1612,806,1251,665,585,3731,4509,2289,4159,33484,22105,8108,1201,21572,11,1,2,0
2021-04-14T23:59:59+02:00,0,2,685,867,1229,2157,1428,3384,2212,4918,3408,4587,5232,4940,7852,9483,2579,4888,292,224,425,602,479,1046,603,1604,800,1248,650,568,3720,4500,2285,4154,30258,22017,8097,1173,21493,10,1,2,0
2021-04-13T23:59:59+02:00,0,2,682,867,1220,2152,1413,3382,2204,4907,3388,4572,5213,4922,7846,9480,2578,4886,292,223,423,600,476,1043,601,1600,789,1246,632,563,3718,4497,2285,4154,30178,21997,8076,1135,21457,10,1,2,0
2021-04-12T23:59:59+02:00,0,2,676,859,1207,2143,1397,3371,2170,4893,3357,4548,5190,4907,7833,9469,2575,4853,291,222,421,599,475,1037,599,1596,781,1239,627,561,3713,4496,2285,4154,30050,21971,8031,1115,21366,10,1,2,0
2021-04-11T23:59:59+02:00,0,2,668,855,1191,2131,1379,3356,2103,4869,3239,4465,4770,4466,7166,8643,2568,4848,291,222,420,599,472,1036,593,1593,777,1238,623,558,3709,4491,2285,4154,30020,21963,5418,1088,21278,10,1,2,0
2021-04-10T23:59:59+02:00,0,2,668,853,1190,2130,1377,3352,2101,4866,3236,4458,4726,4419,7162,8637,2568,4847,285,219,418,588,459,1020,566,1576,745,1214,551,488,3140,3874,2236,4062,29897,20343,5415,1088,21277,10,1,2,0
2021-04-09T23:59:59+02:00,0,2,664,852,1182,2127,1373,3347,2070,4844,3158,4379,4529,4254,7127,8588,2564,4831,275,212,408,574,440,1004,541,1558,724,1191,470,426,2491,3054,2188,3968,29212,18427,5411,1087,21265,10,1,2,0
2021-04-08T23:59:59+02:00,0,2,654,842,1168,2116,1357,3317,2009,4791,3011,4268,3475,3102,6885,8225,2553,4816,262,204,391,556,417,990,519,1529,691,1168,451,400,2482,3045,2185,3965,28415,18206,5363,1039,18810,10,1,2,0
2021-04-07T23:59:59+02:00,0,2,647,836,1155,2107,1338,3305,1899,4712,2694,4019,2870,2574,6774,8102,2530,4763,248,197,363,532,379,955,475,1495,655,1141,424,375,2422,2983,2180,3958,26241,17753,5344,1020,18739,9,1,2,0
2021-04-06T23:59:59+02:00,0,2,637,828,1117,2100,1314,3286,1781,4662,2418,3850,2417,2227,6698,8011,2509,4726,224,184,329,506,354,937,438,1472,619,1109,389,333,2366,2909,2174,3949,24644,17280,5328,1003,18608,9,1,2,0
2021-04-05T23:59:59+02:00,0,2,634,826,1106,2096,1308,3283,1772,4652,2403,3834,2128,1881,5580,6695,2507,4726,224,184,328,502,348,931,434,1470,615,1104,385,330,2364,2903,2174,3948,24612,17269,5318,967,15500,8,1,2,0
2021-04-04T23:59:59+02:00,0,2,633,826,1106,2096,1308,3282,1772,4652,2401,3832,2127,1878,5580,6692,2507,4726,224,184,327,502,348,931,433,1470,615,1104,385,330,2363,2903,2174,3948,24605,17266,5318,967,15494,8,1,2,0
2021-04-03T23:59:59+02:00,0,2,633,826,1106,2095,1308,3282,1771,4650,2397,3832,2126,1875,5579,6692,2507,4726,224,184,327,502,348,931,433,1470,614,1104,385,330,2363,2903,2174,3948,24599,17265,5314,967,15491,8,1,2,0
2021-04-02T23:59:59+02:00,0,2,633,825,1106,2095,1304,3281,1769,4645,2396,3829,2118,1866,5567,6677,2504,4713,224,183,327,500,348,931,432,1469,613,1095,383,330,2363,2902,2174,3948,24531,17247,5310,967,15486,8,1,2,0
2021-04-01T23:59:59+02:00,0,2,629,814,1084,2077,1207,3185,1679,4577,2136,3621,1394,1279,5358,6467,2494,4686,220,182,327,499,347,930,431,1467,613,1094,380,328,2363,2902,2174,3944,24426,17235,2811,958,15449,8,1,2,0
2021-03-31T23:59:59+02:00,0,2,627,813,1080,2073,1202,3177,1668,4572,2118,3608,1367,1246,5329,6412,2457,4587,219,182,327,498,346,930,431,1466,612,1093,379,325,2359,2901,2172,3943,24107,17223,2797,952,15432,8,1,1,0
2021-03-30T23:59:59+02:00,0,2,625,804,1074,2069,1196,3172,1658,4558,2110,3594,1320,1201,5245,6283,2413,4441,219,181,327,497,343,926,426,1463,605,1083,364,314,2257,2749,2052,3718,23587,16605,2775,911,15402,8,1,0,0
2021-03-29T23:59:59+02:00,0,2,623,802,1071,2061,1186,3166,1651,4545,2098,3582,1284,1170,5185,6190,2364,4312,218,180,325,495,341,924,424,1458,600,1078,357,309,2034,2484,1825,3343,23155,15479,2751,908,15385,8,1,0,0
2021-03-28T23:59:59+02:00,0,2,623,799,1069,2055,1183,3159,1645,4535,2094,3577,1268,1161,5177,6168,2353,4280,216,180,324,492,333,920,421,1451,597,1066,351,297,2029,2470,1824,3340,23050,15452,2733,854,15364,5,1,0,0
2021-03-27T23:59:59+01:00,0,2,570,738,989,1987,1101,3041,1527,4411,1992,3495,1199,1091,4574,5436,2353,4280,214,179,324,492,333,920,416,1449,596,1063,350,297,2028,2469,1824,3340,23034,15436,2729,854,13022,4,1,0,0
2021-03-26T23:59:59+01:00,0,2,567,733,982,1977,1099,3035,1517,4404,1976,3487,1155,1060,4544,5402,2352,4276,213,176,324,490,330,919,414,1448,592,1056,342,292,1625,1937,1402,2620,22840,13328,2719,848,13008,4,1,0,0
2021-03-25T23:59:59+01:00,0,2,565,727,969,1969,1096,3026,1510,4392,1961,3477,1145,1049,4536,5397,2352,4275,212,173,323,489,328,913,411,1442,588,1047,338,288,1530,1816,1365,2548,22793,12982,2710,825,12944,4,1,0,0
2021-03-24T23:59:59+01:00,0,2,563,721,959,1956,1083,3011,1481,4374,1947,3468,1110,1019,4509,5364,2347,4270,212,173,322,488,325,909,406,1435,579,1031,324,278,1204,1435,1215,2282,22651,11851,2684,763,12848,4,1,0,0
2021-03-23T23:59:59+01:00,0,2,561,716,954,1942,1079,3001,1474,4360,1937,3461,1097,1008,4490,5349,2347,4267,211,173,320,485,318,906,405,1435,573,1027,316,271,969,1170,1101,2106,22577,11040,2675,742,12792,4,1,0,0
2021-03-22T23:59:59+01:00,0,2,560,707,949,1930,1073,2992,1464,4344,1923,3452,1094,1005,4485,5348,2347,4267,209,173,319,483,317,904,402,1432,570,1023,312,267,968,1166,1101,2103,22553,11023,2660,722,12728,4,1,0,0
2021-03-21T23:59:59+01:00,0,2,558,704,946,1921,1071,2988,1458,4331,1911,3445,1091,1004,4485,5347,2347,4267,209,173,319,482,316,900,402,1427,564,1021,302,262,964,1162,1100,2103,22549,11022,2646,680,12680,4,1,0,0
2021-03-20T23:59:59+01:00,0,2,553,696,941,1905,1054,2972,1430,4313,1877,3417,1019,933,3903,4713,2297,4170,209,173,319,482,316,900,402,1427,564,1021,302,262,964,1162,1099,2102,20890,11020,2645,680,12659,4,1,0,0
2021-03-19T23:59:59+01:00,0,2,544,687,924,1879,1027,2953,1394,4288,1851,3387,932,868,3233,3877,2250,4073,206,173,317,482,315,897,400,1425,560,1014,299,261,951,1149,1068,2062,18916,10997,2634,578,12618,4,1,0,0
2021-03-18T23:59:59+01:00,0,2,531,674,907,1853,1004,2927,1355,4248,1806,3335,834,804,2719,3344,2228,4039,201,171,314,478,312,886,396,1419,558,1009,296,255,848,1055,960,1873,18838,10619,1232,409,12539,3,1,0,0
2021-03-17T23:59:59+01:00,0,2,529,664,898,1833,991,2908,1333,4227,1787,3319,805,779,2634,3253,2222,4035,199,170,312,476,309,885,389,1415,555,1005,293,250,607,781,659,1428,18530,9700,1196,33,12492,0,1,0,0
2021-03-16T23:59:59+01:00,0,2,527,655,889,1811,970,2893,1316,4215,1763,3303,776,768,2586,3173,2220,4031,199,170,310,476,307,883,386,1413,552,1000,287,246,361,544,471,1121,18323,8700,1156,27,12419,0,0,0,0
2021-03-15T23:59:59+01:00,0,2,527,644,885,1793,961,2872,1310,4209,1755,3294,770,765,2583,3172,2220,4031,198,170,309,475,306,883,386,1413,549,1000,287,246,361,543,470,1121,18310,8694,1134,24,12349,0,0,0,0
2021-03-14T23:59:59+01:00,0,2,526,638,879,1781,954,2867,1300,4196,1745,3282,765,761,2578,3169,2220,4031,198,170,308,475,305,881,384,1411,549,1000,286,246,361,543,470,1121,18305,8691,1107,18,12282,0,0,0,0
2021-03-13T23:59:59+01:00,0,2,504,587,784,1519,824,2486,1106,3632,1463,2852,684,672,2475,3043,2219,4030,198,170,308,475,305,881,384,1411,549,1000,286,246,361,543,470,1121,18301,8691,1107,18,9474,0,0,0,0
2021-03-12T23:59:59+01:00,0,2,489,502,720,1253,732,2091,935,2942,1216,2261,544,519,2431,2998,2219,4030,198,168,308,475,305,879,383,1411,549,998,286,245,348,522,422,1058,18278,8537,1106,18,6500,0,0,0,0
2021-03-11T23:59:59+01:00,0,2,466,466,687,1182,686,1986,876,2797,1136,2150,489,460,2418,2986,2218,4029,198,168,307,473,304,878,383,1408,548,998,286,244,335,505,376,1015,18090,8411,1058,15,5886,0,0,0,0
2021-03-10T23:59:59+01:00,0,2,452,456,653,1149,646,1952,832,2761,1103,2122,469,444,2404,2967,2217,4026,194,166,303,466,304,877,378,1401,543,991,282,238,215,406,151,753,17814,7659,1038,9,5803,0,0,0,0
2021-03-09T23:59:59+01:00,0,2,436,439,620,1120,627,1934,809,2735,1081,2098,447,423,2311,2825,2094,3797,194,166,301,464,303,876,377,1398,543,988,280,237,215,406,151,752,17053,7651,1022,0,5723,0,0,0,0
2021-03-08T23:59:59+01:00,0,2,423,418,597,1090,609,1912,793,2710,1059,2072,425,395,2082,2551,1865,3420,194,165,301,462,302,872,377,1392,543,986,279,235,215,405,151,752,15810,7631,994,0,5619,0,0,0,0
2021-03-07T23:59:59+01:00,0,2,422,416,590,1073,596,1904,790,2697,1053,2061,424,394,2077,2543,1864,3418,194,165,301,461,302,871,377,1389,543,985,279,235,215,405,151,752,15783,7625,984,0,5557,0,0,0,0
2021-03-06T23:59:59+01:00,0,2,422,413,587,1059,593,1902,783,2690,1049,2054,423,394,2077,2543,1864,3418,194,165,301,461,302,871,377,1389,543,984,278,235,215,405,151,752,15775,7623,984,0,5514,0,0,0,0
2021-03-05T23:59:59+01:00,0,2,416,398,581,1047,587,1892,778,2681,1043,2046,410,386,1656,1981,1432,2666,191,160,297,461,299,870,375,1386,541,980,278,235,215,405,151,752,13553,7596,984,0,5465,0,0,0,0
2021-03-04T23:59:59+01:00,0,2,406,373,555,1008,568,1836,749,2628,1022,1996,406,382,1564,1863,1393,2593,180,152,286,451,298,862,373,1372,539,976,277,235,215,405,151,752,13202,7524,978,0,5164,0,0,0,0
2021-03-03T23:59:59+01:00,0,2,404,366,547,978,551,1804,724,2580,1005,1958,400,376,1242,1484,1240,2321,179,151,285,450,297,861,369,1365,536,969,275,233,214,404,149,747,12053,7484,971,0,4958,0,0,0,0
2021-03-02T23:59:59+01:00,0,2,400,361,539,944,537,1784,715,2556,994,1940,390,366,999,1217,1122,2143,179,149,284,439,293,855,369,1356,536,963,275,233,214,404,149,747,11234,7445,936,0,4839,0,0,0,0
2021-03-01T23:59:59+01:00,0,2,398,353,530,922,519,1753,706,2532,983,1923,386,359,998,1210,1122,2139,179,147,284,430,290,845,366,1341,533,957,273,231,213,403,149,747,11215,7388,901,0,4719,0,0,0,0
2021-02-28T23:59:59+01:00,0,2,395,350,527,914,514,1742,703,2522,978,1908,382,354,998,1208,1122,2139,177,146,284,430,290,844,366,1341,532,957,273,231,213,403,149,747,11215,7383,874,0,4669,0,0,0,0
2021-02-27T23:59:59+01:00,0,2,394,348,522,907,512,1736,700,2513,975,1906,381,353,998,1208,1121,2139,177,146,284,430,290,844,366,1341,531,957,273,231,213,403,149,747,11214,7382,874,0,4627,0,0,0,0
2021-02-26T23:59:59+01:00,0,2,346,301,453,734,436,1428,571,2095,804,1563,353,323,998,1205,1121,2139,177,144,284,427,288,836,364,1333,529,954,273,231,213,403,149,747,11203,7352,863,0,2806,0,0,0,0
2021-02-25T23:59:59+01:00,0,2,326,293,443,712,424,1392,556,2047,786,1531,345,316,914,1116,1049,2015,126,130,264,423,277,824,353,1317,524,947,273,229,213,403,149,747,10802,7199,833,0,2632,0,0,0,0
2021-02-24T23:59:59+01:00,0,2,321,287,438,696,417,1356,540,1999,764,1487,337,303,706,884,865,1710,126,124,263,417,274,815,351,1304,517,940,271,227,211,403,149,745,9863,7137,792,0,2457,0,0,0,0
2021-02-23T23:59:59+01:00,0,2,319,275,430,682,406,1333,532,1963,746,1468,323,293,457,638,674,1409,126,123,262,415,272,810,351,1297,516,932,270,226,210,403,148,744,8865,7105,748,0,2337,0,0,0,0
2021-02-22T23:59:59+01:00,0,2,319,273,429,675,405,1328,528,1953,741,1464,323,290,456,636,674,1408,126,118,257,405,271,793,347,1273,511,924,266,225,210,403,148,744,8861,7021,736,0,2307,0,0,0,0
2021-02-21T23:59:59+01:00,0,2,316,272,427,669,402,1320,526,1945,735,1460,312,285,452,632,672,1408,126,118,256,404,271,791,344,1270,504,921,265,224,209,402,147,735,8856,6987,695,0,2284,0,0,0,0
2021-02-20T23:59:59+01:00,0,2,316,269,427,667,402,1312,525,1936,733,1456,312,285,452,632,672,1408,126,118,256,404,271,791,344,1270,503,921,265,224,209,402,147,735,8856,6986,695,0,2255,0,0,0,0
2021-02-19T23:59:59+01:00,0,1,270,243,395,591,368,1143,467,1721,626,1246,303,269,426,596,593,1301,126,118,256,404,270,791,344,1270,503,921,265,224,209,402,147,735,8639,6985,589,0,1331,0,0,0,0
2021-02-18T23:59:59+01:00,0,1,269,238,388,582,357,1122,454,1703,616,1239,303,267,373,549,491,1173,123,115,252,399,263,785,341,1261,500,920,263,222,209,402,147,735,8460,6937,417,0,1248,0,0,0,0
2021-02-17T23:59:59+01:00,0,1,263,234,376,568,350,1113,431,1687,608,1227,298,260,218,413,156,764,115,102,248,393,258,770,335,1245,494,909,259,219,208,402,147,735,7743,6839,31,0,1193,0,0,0,0
2021-02-16T23:59:59+01:00,0,1,261,232,365,566,340,1104,423,1673,603,1221,295,257,218,412,156,764,84,90,228,367,247,740,317,1205,462,874,238,204,201,384,146,728,7736,6515,27,0,1128,0,0,0,0
2021-02-15T23:59:59+01:00,0,1,259,232,363,562,339,1098,421,1661,599,1215,295,257,218,411,155,764,83,88,224,356,239,728,307,1177,447,851,225,197,190,362,140,672,7728,6286,24,0,1098,0,0,0,0
2021-02-14T23:59:59+01:00,0,1,258,230,357,559,335,1088,417,1655,596,1212,295,257,218,411,155,764,79,86,217,351,236,720,302,1164,443,836,224,195,190,351,140,663,7718,6197,19,0,1071,0,0,0,0
2021-02-13T23:59:59+01:00,0,1,258,230,357,559,335,1088,416,1655,596,1211,294,257,218,411,155,764,79,86,217,351,236,720,302,1164,443,836,224,195,190,351,140,663,7716,6197,19,0,1070,0,0,0,0
2021-02-12T23:59:59+01:00,0,1,200,169,308,481,308,893,383,1417,559,996,286,242,217,411,155,764,76,85,214,350,234,717,295,1160,440,831,220,193,190,349,140,663,7704,6157,19,0,67,0,0,0,0
2021-02-11T23:59:59+01:00,0,0,198,168,302,470,304,879,377,1397,549,988,286,242,217,411,155,764,75,82,203,324,224,673,275,1109,423,783,219,190,190,344,140,660,7663,5914,16,0,28,0,0,0,0
2021-02-10T23:59:59+01:00,0,0,195,161,298,466,301,875,371,1386,545,980,284,240,215,410,155,762,70,76,187,298,213,614,258,1024,398,731,210,176,176,315,128,613,7621,5487,10,0,13,0,0,0,0
2021-02-09T23:59:59+01:00,0,0,190,155,295,457,300,866,371,1376,543,971,281,239,215,410,155,761,61,60,148,234,184,510,220,832,342,596,189,150,156,280,118,547,7577,4627,2,0,6,0,0,0,0
2021-02-08T23:59:59+01:00,0,0,183,148,291,444,295,856,367,1356,536,964,277,235,214,409,153,757,34,47,103,144,135,282,161,455,248,389,160,124,129,225,95,452,7477,3183,2,0,6,0,0,0,0
2021-02-07T23:59:59+01:00,0,0,181,146,288,443,294,854,366,1355,535,963,276,234,214,409,153,757,19,40,84,122,130,261,152,421,232,362,152,120,119,215,90,417,7467,2936,1,0,0,0,0,0,0
2021-02-06T23:59:59+01:00,0,0,181,146,288,443,294,854,366,1355,535,963,276,234,214,409,153,757,19,37,82,119,120,246,141,405,201,341,137,116,118,210,89,407,7467,2788,1,0,0,0,0,0,0
2021-02-05T23:59:59+01:00,0,0,181,144,288,440,293,843,364,1347,531,960,276,233,214,409,153,756,18,32,78,114,113,233,136,378,187,322,132,111,115,205,82,391,7431,2647,1,0,0,0,0,0,0
2021-02-04T23:59:59+01:00,0,0,173,139,287,436,286,834,361,1336,522,951,275,231,213,409,153,754,11,21,52,77,84,177,113,288,155,265,114,96,103,191,74,351,7360,2172,0,0,0,0,0,0,0
2021-02-03T23:59:59+01:00,0,0,155,132,277,430,282,828,359,1325,522,949,275,231,212,409,153,753,11,19,44,67,75,142,89,257,134,221,95,81,88,163,67,311,7292,1864,0,0,0,0,0,0,0
2021-02-02T23:59:59+01:00,0,0,134,126,265,428,279,821,354,1318,521,942,274,231,211,409,152,752,11,16,35,61,63,119,74,212,103,171,63,57,63,104,43,196,7217,1391,0,0,0,0,0,0,0
2021-02-01T23:59:59+01:00,0,0,129,121,260,413,277,805,352,1294,515,930,269,229,211,409,152,752,4,10,20,34,33,66,46,119,59,71,28,28,27,44,25,97,7118,711,0,0,0,0,0,0,0
2021-01-31T23:59:59+01:00,0,0,128,118,258,411,275,801,350,1288,511,928,269,226,210,408,152,752,4,6,15,23,28,47,32,73,39,43,14,8,13,28,20,59,7085,452,0,0,0,0,0,0,0
2021-01-30T23:59:59+01:00,0,0,128,118,258,411,275,800,350,1287,510,928,269,226,210,408,152,752,4,6,13,20,25,40,27,65,36,41,14,8,13,28,20,59,7082,419,0,0,0,0,0,0,0
2021-01-29T23:59:59+01:00,0,0,128,118,258,411,274,800,350,1287,510,928,269,226,210,408,152,752,4,6,7,18,23,31,22,57,32,38,14,8,13,27,19,58,7081,377,0,0,0,0,0,0,0
2021-01-28T23:59:59+01:00,0,0,126,115,254,405,270,794,347,1280,506,927,269,226,210,408,152,752,1,3,2,8,15,14,12,28,12,23,11,4,6,14,6,23,7041,182,0,0,0,0,0,0,0
2021-01-27T23:59:59+01:00,0,0,118,105,252,401,267,786,342,1273,500,920,264,223,209,407,152,752,0,0,1,4,11,12,8,21,10,17,10,4,6,14,6,23,6971,147,0,0,0,0,0,0,0
2021-01-26T23:59:59+01:00,0,0,89,93,234,384,259,761,329,1235,475,889,244,211,202,391,152,744,0,0,1,4,11,12,8,21,10,17,10,4,6,14,6,23,6692,147,0,0,0,0,0,0,0
2021-01-25T23:59:59+01:00,0,0,86,88,232,364,246,742,315,1201,457,864,228,204,193,371,148,689,0,0,1,4,11,10,7,14,7,13,10,4,6,14,6,23,6428,130,0,0,0,0,0,0,0
2021-01-24T23:59:59+01:00,0,0,86,86,228,360,245,737,312,1188,455,849,227,202,193,360,148,679,0,0,1,4,11,10,7,14,7,13,10,4,6,14,6,23,6355,130,0,0,0,0,0,0,0
2021-01-23T23:59:59+01:00,0,0,86,86,228,360,245,737,312,1188,455,849,227,202,193,360,148,679,0,0,1,4,11,10,7,14,7,13,10,4,6,14,6,23,6355,130,0,0,0,0,0,0,0
2021-01-22T23:59:59+01:00,0,0,86,85,226,358,245,734,308,1184,451,846,225,201,193,359,148,679,0,0,1,4,11,10,7,14,7,13,10,4,6,14,6,23,6328,130,0,0,0,0,0,0,0
2021-01-21T23:59:59+01:00,0,0,86,82,212,329,235,690,283,1133,437,813,224,197,192,353,148,676,0,0,1,2,9,9,6,13,6,11,10,4,6,14,6,23,6090,120,0,0,0,0,0,0,0
2021-01-20T23:59:59+01:00,0,0,80,76,198,308,223,625,269,1040,408,754,215,186,177,324,137,629,0,0,1,2,9,9,6,13,6,11,10,4,6,14,6,23,5649,120,0,0,0,0,0,0,0
2021-01-19T23:59:59+01:00,0,0,72,66,158,258,203,562,243,917,367,645,196,160,155,284,124,552,0,0,1,2,3,7,6,12,4,9,7,3,6,14,6,23,4962,103,0,0,0,0,0,0,0
2021-01-18T23:59:59+01:00,0,0,60,58,135,215,181,458,216,760,327,552,179,140,131,234,104,470,0,0,0,1,2,4,3,7,2,7,6,3,6,14,6,22,4220,83,0,0,0,0,0,0,0
2021-01-17T23:59:59+01:00,0,0,37,46,110,185,167,397,199,670,301,495,171,134,118,217,90,416,0,0,0,0,2,4,2,7,2,5,4,3,6,14,5,22,3753,76,0,0,0,0,0,0,0
2021-01-16T23:59:59+01:00,0,0,30,43,110,182,157,380,184,650,270,473,155,129,117,211,89,406,0,0,0,0,0,0,0,0,0,0,0,0,0,0,0,0,3586,0,0,0,0,0,0,0,0
2021-01-15T23:59:59+01:00,0,0,28,39,106,177,146,367,178,620,253,451,150,120,114,205,81,390,0,0,0,0,0,0,0,0,0,0,0,0,0,0,0,0,3425,0,0,0,0,0,0,0,0
2021-01-14T23:59:59+01:00,0,0,10,24,52,78,84,171,114,285,150,263,123,101,100,190,71,350,0,0,0,0,0,0,0,0,0,0,0,0,0,0,0,0,2166,0,0,0,0,0,0,0,0
2021-01-13T23:59:59+01:00,0,0,9,20,42,68,76,136,92,255,125,226,94,79,81,153,56,282,0,0,0,0,0,0,0,0,0,0,0,0,0,0,0,0,1794,0,0,0,0,0,0,0,0
2021-01-12T23:59:59+01:00,0,0,9,15,38,64,63,112,77,207,96,172,61,53,54,92,32,162,0,0,0,0,0,0,0,0,0,0,0,0,0,0,0,0,1307,0,0,0,0,0,0,0,0
2021-01-11T23:59:59+01:00,0,0,1,10,27,47,39,81,56,138,59,85,31,27,22,36,16,70,0,0,0,0,0,0,0,0,0,0,0,0,0,0,0,0,745,0,0,0,0,0,0,0,0
2021-01-10T23:59:59+01:00,0,0,1,5,20,33,34,57,37,91,38,53,14,7,7,19,11,31,0,0,0,0,0,0,0,0,0,0,0,0,0,0,0,0,458,0,0,0,0,0,0,0,0
2021-01-09T23:59:59+01:00,0,0,1,5,18,29,33,53,32,81,36,52,14,7,7,19,11,31,0,0,0,0,0,0,0,0,0,0,0,0,0,0,0,0,429,0,0,0,0,0,0,0,0
2021-01-08T23:59:59+01:00,0,0,1,5,15,27,30,42,26,72,32,48,13,7,6,17,10,30,0,0,0,0,0,0,0,0,0,0,0,0,0,0,0,0,381,0,0,0,0,0,0,0,0
2021-01-07T23:59:59+01:00,0,0,1,3,2,10,15,13,13,29,14,24,11,5,6,15,8,24,0,0,0,0,0,0,0,0,0,0,0,0,0,0,0,0,193,0,0,0,0,0,0,0,0
2021-01-06T23:59:59+01:00,0,0,1,0,2,4,13,11,9,23,12,19,11,5,6,15,8,24,0,0,0,0,0,0,0,0,0,0,0,0,0,0,0,0,163,0,0,0,0,0,0,0,0
2021-01-05T23:59:59+01:00,0,0,0,0,1,4,12,11,8,21,11,19,10,5,6,15,8,24,0,0,0,0,0,0,0,0,0,0,0,0,0,0,0,0,155,0,0,0,0,0,0,0,0
2021-01-04T23:59:59+01:00,0,0,0,0,1,4,12,10,7,17,9,17,10,5,6,15,8,24,0,0,0,0,0,0,0,0,0,0,0,0,0,0,0,0,145,0,0,0,0,0,0,0,0
2021-01-03T23:59:59+01:00,0,0,0,0,1,4,11,9,7,14,7,14,10,5,6,15,8,24,0,0,0,0,0,0,0,0,0,0,0,0,0,0,0,0,135,0,0,0,0,0,0,0,0
2021-01-02T23:59:59+01:00,0,0,0,0,1,4,11,9,7,14,7,14,10,5,6,15,8,24,0,0,0,0,0,0,0,0,0,0,0,0,0,0,0,0,135,0,0,0,0,0,0,0,0
2021-01-01T23:59:59+01:00,0,0,0,0,1,4,11,9,7,14,7,14,10,5,6,15,8,24,0,0,0,0,0,0,0,0,0,0,0,0,0,0,0,0,135,0,0,0,0,0,0,0,0
2020-12-31T23:59:59+01:00,0,0,0,0,1,4,11,9,7,14,7,14,10,5,6,15,8,24,0,0,0,0,0,0,0,0,0,0,0,0,0,0,0,0,135,0,0,0,0,0,0,0,0
2020-12-30T23:59:59+01:00,0,0,0,0,1,4,11,9,7,14,7,14,10,5,6,15,8,24,0,0,0,0,0,0,0,0,0,0,0,0,0,0,0,0,135,0,0,0,0,0,0,0,0
2020-12-29T23:59:59+01:00,0,0,0,0,1,4,8,9,7,14,5,12,10,5,6,15,8,24,0,0,0,0,0,0,0,0,0,0,0,0,0,0,0,0,128,0,0,0,0,0,0,0,0
2020-12-28T23:59:59+01:00,0,0,0,0,1,1,5,7,7,8,3,9,10,5,6,15,8,24,0,0,0,0,0,0,0,0,0,0,0,0,0,0,0,0,109,0,0,0,0,0,0,0,0
2020-12-27T23:59:59+01:00,0,0,0,0,0,0,2,4,2,7,2,6,4,4,6,15,7,23,0,0,0,0,0,0,0,0,0,0,0,0,0,0,0,0,82,0,0,0,0,0,0,0,0
