Datum,<15_m,<15_w,15-24_1_m,15-24_1_w,25-34_1_m,25-34_1_w,35-44_1_m,35-44_1_w,45-54_1_m,45-54_1_w,55-64_1_m,55-64_1_w,65-74_1_m,65-74_1_w,75-84_1_m,75-84_1_w,>84_1_m,>84_1_w,<24_2_m,<24_2_w,25-34_2_m,25-34_2_w,35-44_2_m,35-44_2_w,45-54_2_m,45-54_2_w,55-64_2_m,55-64_2_w,65-74_2_m,65-74_2_w,75-84_2_m,75-84_2_w,>84_2_m,>84_2_w,bp_1,bp_2,mo_1,mo_2,az_1,az_2,ja,unb_1,unb_2
2021-08-26T23:59:59+02:00,1446,1315,9210,8664,10342,9621,12861,13284,16993,17380,20248,20314,16188,16900,8978,10946,2824,5435,8549,8118,9893,9089,12384,12698,16432,16787,19732,19734,15871,16536,8791,10681,2769,5304,145554,139691,19729,19160,27854,26956,9805,7,6
2021-08-25T23:59:59+02:00,1433,1291,9112,8609,10260,9551,12775,13210,16875,17296,20155,20261,16143,16862,8963,10926,2820,5426,8467,8066,9815,9029,12296,12635,16329,16714,19647,19683,15827,16497,8778,10662,2765,5294,145319,139554,19728,19160,27854,26956,9060,7,6
2021-08-24T23:59:59+02:00,1414,1266,9080,8579,10247,9532,12747,13182,16847,17260,20141,20245,16128,16852,8958,10920,2820,5423,8443,8052,9799,9017,12282,12624,16317,16699,19639,19673,15821,16494,8778,10660,2765,5293,145036,139437,19726,19157,27854,26956,9018,7,6
2021-08-23T23:59:59+02:00,1396,1241,9041,8541,10234,9514,12717,13162,16830,17242,20128,20221,16119,16840,8947,10914,2819,5418,8419,8036,9774,8999,12270,12619,16304,16690,19629,19657,15817,16487,8775,10655,2764,5290,144785,139347,19726,19156,27854,26937,8952,7,6
2021-08-22T23:59:59+02:00,1396,1241,9031,8536,10227,9508,12716,13158,16827,17236,20125,20218,16116,16837,8943,10914,2819,5417,8403,8029,9767,8987,12266,12614,16301,16683,19627,19653,15814,16483,8771,10653,2764,5289,144772,139316,19726,19153,27854,26934,8906,7,6
2021-08-21T23:59:59+02:00,1396,1240,9026,8536,10226,9505,12713,13157,16826,17236,20124,20217,16116,16837,8943,10914,2819,5417,8280,7948,9663,8894,12178,12504,16213,16612,19572,19610,15794,16469,8769,10642,2763,5287,144766,139312,19723,18256,27854,26933,8898,7,6
2021-08-20T23:59:59+02:00,1395,1238,9018,8534,10219,9497,12706,13147,16823,17234,20117,20213,16115,16837,8943,10912,2818,5416,7933,7638,9521,8738,12037,12369,16096,16509,19470,19517,15757,16425,8758,10618,2762,5286,144735,137304,19723,18256,27854,26932,8863,7,6
2021-08-19T23:59:59+02:00,1390,1236,9007,8528,10212,9487,12697,13142,16818,17233,20112,20211,16114,16835,8943,10911,2818,5415,7676,7372,9390,8633,11895,12251,16005,16403,19375,19430,15715,16378,8748,10600,2761,5278,144694,135592,19720,18250,27853,26923,8835,7,6
2021-08-18T23:59:59+02:00,1365,1204,8961,8490,10185,9458,12671,13108,16789,17210,20085,20182,16101,16821,8937,10905,2814,5410,7662,7362,9378,8625,11882,12235,15991,16394,19367,19422,15709,16371,8744,10596,2758,5275,144388,135544,19707,18249,27850,26922,8744,7,6
2021-08-17T23:59:59+02:00,1340,1191,8924,8457,10170,9437,12658,13084,16775,17190,20064,20160,16093,16812,8935,10898,2812,5405,7648,7347,9361,8618,11873,12226,15984,16383,19356,19416,15704,16366,8743,10594,2757,5273,144153,135478,19704,18244,27849,26916,8692,7,6
2021-08-16T23:59:59+02:00,1317,1173,8887,8432,10150,9417,12634,13060,16765,17173,20044,20145,16088,16800,8931,10897,2812,5405,7641,7336,9346,8616,11863,12220,15982,16378,19347,19409,15701,16363,8743,10594,2757,5273,143920,135443,19702,18240,27849,26914,8652,7,6
2021-08-15T23:59:59+02:00,1299,1157,8866,8413,10138,9401,12618,13048,16753,17163,20030,20134,16082,16794,8931,10892,2812,5405,7629,7326,9331,8601,11851,12210,15975,16370,19341,19405,15694,16359,8742,10591,2757,5273,143771,135393,19702,18236,27848,26895,8608,7,6
2021-08-14T23:59:59+02:00,1298,1157,8866,8413,10137,9401,12617,13046,16753,17162,20029,20132,16082,16794,8931,10892,2812,5405,7312,7034,9188,8435,11675,12047,15858,16240,19247,19320,15668,16336,8733,10578,2757,5269,143766,133411,19702,18234,27848,26888,8604,7,6
2021-08-13T23:59:59+02:00,1293,1155,8853,8403,10126,9393,12605,13037,16738,17153,20021,20124,16078,16788,8929,10891,2811,5405,6933,6678,9017,8276,11471,11836,15643,16060,19109,19199,15635,16297,8722,10564,2755,5265,143736,130970,19702,18234,27848,26885,8510,7,6
2021-08-12T23:59:59+02:00,1293,1155,8852,8399,10119,9387,12601,13036,16732,17144,20017,20119,16077,16784,8927,10889,2811,5405,6927,6671,9004,8268,11460,11834,15632,16053,19105,19193,15633,16292,8720,10563,2755,5265,143719,130939,19701,18231,27848,26867,8472,7,6
2021-08-11T23:59:59+02:00,1290,1151,8849,8393,10109,9382,12593,13032,16729,17140,20012,20117,16075,16781,8926,10889,2811,5404,6921,6661,8989,8258,11449,11830,15628,16046,19097,19187,15629,16289,8719,10563,2755,5263,143675,130880,19698,18224,27848,26854,8455,7,6
2021-08-10T23:59:59+02:00,1289,1151,8845,8391,10104,9377,12591,13028,16728,17138,20011,20112,16074,16779,8926,10888,2811,5404,6876,6617,8958,8243,11430,11809,15603,16034,19090,19177,15627,16287,8719,10561,2755,5263,143649,130639,19698,18220,27848,26848,8445,7,6
2021-08-09T23:59:59+02:00,1289,1149,8838,8390,10099,9370,12590,13026,16721,17137,20005,20112,16072,16779,8925,10888,2811,5404,6858,6595,8938,8227,11418,11799,15587,16023,19084,19173,15624,16286,8717,10560,2755,5263,143624,130513,19698,18216,27846,26839,8430,7,6
2021-08-08T23:59:59+02:00,1289,1148,8835,8384,10097,9366,12581,13023,16716,17133,20003,20109,16070,16776,8924,10887,2810,5403,6855,6583,8921,8219,11402,11792,15580,16016,19082,19170,15621,16283,8716,10559,2754,5262,143613,130467,19697,18209,27846,26836,8391,7,6
2021-08-07T23:59:59+02:00,1289,1140,8826,8376,10086,9359,12579,13017,16709,17129,19997,20104,16066,16771,8922,10887,2809,5403,6204,6014,8649,7995,11133,11560,15381,15843,18998,19094,15601,16259,8709,10552,2751,5261,143566,127386,19696,18197,27846,26835,8354,7,6
2021-08-06T23:59:59+02:00,1283,1139,8816,8364,10072,9347,12559,12999,16691,17117,19980,20091,16059,16763,8922,10884,2809,5402,6190,5999,8634,7980,11109,11540,15359,15827,18981,19082,15594,16252,8709,10549,2751,5260,143528,127335,19694,18191,27846,26833,8222,7,6
2021-08-05T23:59:59+02:00,1280,1137,8809,8357,10063,9338,12547,12991,16685,17114,19973,20088,16058,16763,8922,10883,2809,5402,5907,5763,8288,7684,10749,11267,15039,15592,18732,18916,15575,16229,8699,10542,2750,5259,143483,127254,19690,15499,27842,26801,8197,7,6
2021-08-04T23:59:59+02:00,1279,1134,8803,8354,10058,9335,12540,12987,16680,17112,19971,20085,16057,16763,8921,10882,2809,5401,5893,5756,8260,7673,10730,11256,15023,15585,18727,18911,15573,16226,8698,10542,2749,5259,143452,127157,19689,15491,27841,26786,8182,7,6
2021-08-03T23:59:59+02:00,1272,1131,8799,8344,10053,9331,12535,12984,16675,17110,19966,20083,16055,16763,8920,10880,2809,5400,5780,5642,8167,7604,10613,11178,14975,15533,18698,18897,15569,16224,8697,10540,2747,5258,143408,126432,19687,15483,27841,26757,8167,7,6
2021-08-02T23:59:59+02:00,1266,1125,8786,8336,10045,9324,12530,12978,16670,17101,19959,20080,16053,16760,8918,10877,2808,5399,5611,5483,8036,7499,10489,11063,14905,15454,18666,18872,15561,16215,8691,10540,2747,5258,143329,125375,19681,15480,27840,26726,8158,7,6
2021-08-01T23:59:59+02:00,1265,1124,8779,8327,10038,9317,12524,12976,16665,17099,19954,20078,16053,16760,8917,10875,2808,5399,5551,5426,7985,7450,10427,11012,14870,15429,18653,18855,15559,16213,8689,10537,2747,5256,143285,124941,19678,15477,27839,26705,8149,7,6
2021-07-31T23:59:59+02:00,1265,1124,8778,8324,10038,9316,12522,12976,16664,17099,19953,20076,16053,16760,8917,10874,2808,5399,5526,5406,7969,7438,10411,10999,14857,15423,18650,18852,15558,16212,8689,10537,2747,5256,143282,124815,19677,15474,27839,26704,8141,7,6
2021-07-30T23:59:59+02:00,1134,1006,8549,8095,9945,9198,12441,12892,16586,17028,19894,20009,16021,16721,8911,10857,2807,5396,5235,5129,7831,7296,10223,10809,14720,15260,18587,18796,15533,16185,8676,10524,2743,5253,141834,122997,19675,15468,27839,26686,8135,7,6
2021-07-29T23:59:59+02:00,1127,998,8420,8006,9786,9100,12291,12791,16441,16934,19731,19899,15936,16654,8886,10838,2806,5389,4938,4897,7552,7102,9945,10607,14473,15088,18392,18679,15448,16112,8649,10503,2742,5243,141719,121894,19672,15426,27839,26660,6796,7,6
2021-07-28T23:59:59+02:00,1116,985,8390,7970,9772,9086,12270,12777,16424,16912,19711,19889,15929,16641,8879,10834,2806,5387,4517,4466,7233,6850,9628,10309,14238,14906,18335,18638,15433,16101,8644,10492,2742,5233,141481,119245,19670,15372,27837,26598,6783,7,6
2021-07-27T23:59:59+02:00,1106,977,8367,7955,9760,9079,12259,12768,16415,16907,19704,19876,15927,16635,8877,10831,2805,5385,4282,4218,7003,6651,9381,10033,14077,14746,18284,18575,15384,16055,8627,10476,2739,5227,141344,117230,19667,15371,27837,26575,6778,7,6
2021-07-26T23:59:59+02:00,1102,974,8353,7943,9753,9074,12253,12763,16408,16899,19697,19875,15924,16630,8875,10827,2804,5380,4174,4107,6901,6541,9256,9908,13996,14667,18239,18542,15373,16044,8617,10468,2736,5225,141266,116330,19663,15362,27826,26517,6772,7,6
2021-07-25T23:59:59+02:00,1101,973,8347,7939,9740,9070,12243,12760,16403,16893,19694,19874,15922,16630,8875,10827,2804,5380,4125,4054,6825,6490,9185,9854,13960,14634,18215,18528,15355,16031,8611,10462,2736,5223,141241,115887,19660,15346,27825,26496,6742,7,6
2021-07-24T23:59:59+02:00,1099,969,8258,7877,9666,8991,12176,12683,16336,16839,19654,19835,15901,16616,8872,10817,2804,5379,4082,4014,6767,6440,9107,9800,13896,14568,18183,18502,15344,16021,8603,10458,2736,5223,141222,115637,18998,15067,27825,26494,6720,7,6
2021-07-23T23:59:59+02:00,1072,944,8146,7788,9628,8956,12142,12654,16291,16804,19624,19816,15895,16610,8868,10813,2804,5379,3792,3728,6505,6229,8829,9516,13661,14393,18105,18446,15303,15978,8586,10439,2734,5217,140726,113398,18998,15043,27825,26488,6678,7,6
2021-07-22T23:59:59+02:00,981,858,7930,7559,9523,8866,12024,12559,16202,16717,19551,19731,15849,16570,8860,10798,2803,5373,3665,3601,6351,6137,8677,9386,13499,14252,18032,18379,15281,15954,8579,10430,2734,5216,139266,112254,18997,14971,27819,26395,6665,7,6
2021-07-21T23:59:59+02:00,961,844,7899,7519,9507,8855,12001,12536,16178,16701,19527,19710,15838,16563,8860,10793,2803,5373,3358,3331,6007,5880,8283,9004,13232,14018,17892,18253,15190,15873,8547,10400,2731,5204,139010,109451,18995,14900,27814,26296,6642,7,6
2021-07-20T23:59:59+02:00,960,843,7891,7514,9499,8852,11996,12534,16170,16700,19522,19706,15837,16562,8860,10792,2803,5373,3285,3278,5948,5826,8224,8943,13147,13974,17860,18239,15190,15873,8547,10398,2731,5204,138972,109063,18994,14885,27811,26164,6630,7,6
2021-07-19T23:59:59+02:00,959,843,7885,7514,9495,8846,11991,12532,16165,16694,19520,19706,15836,16559,8860,10790,2803,5372,3235,3243,5901,5787,8167,8899,13091,13948,17814,18227,15190,15871,8547,10396,2731,5203,138942,108797,18993,14869,27811,26039,6617,7,6
2021-07-18T23:59:59+02:00,958,842,7875,7505,9488,8840,11983,12528,16159,16689,19518,19705,15835,16557,8860,10790,2803,5372,3216,3227,5861,5756,8133,8871,13053,13932,17802,18224,15190,15870,8547,10396,2731,5202,138897,108613,18991,14836,27809,26030,6603,7,6
2021-07-17T23:59:59+02:00,842,723,7552,7214,9336,8671,11807,12367,16031,16550,19422,19610,15814,16536,8852,10777,2803,5369,3115,3118,5749,5663,7999,8716,12913,13807,17707,18148,15180,15852,8544,10389,2731,5202,136887,107437,18989,14832,27809,26026,6587,4,6
2021-07-16T23:59:59+02:00,685,571,7156,6889,9146,8514,11615,12157,15827,16374,19282,19483,15785,16499,8843,10763,2802,5367,3053,3058,5673,5599,7887,8612,12796,13673,17630,18074,15158,15837,8540,10387,2730,5202,134406,106550,18989,14827,27808,26020,6551,4,6
2021-07-15T23:59:59+02:00,683,571,7143,6881,9142,8513,11605,12153,15817,16367,19278,19477,15783,16497,8839,10761,2801,5358,3015,3023,5606,5558,7798,8560,12723,13633,17600,18053,15135,15823,8532,10380,2729,5193,134368,106321,18987,14672,27803,25899,6507,4,6
2021-07-14T23:59:59+02:00,681,570,7134,6873,9138,8511,11600,12149,15811,16364,19273,19472,15781,16494,8836,10758,2800,5354,2992,3011,5565,5527,7763,8538,12691,13617,17583,18042,15128,15820,8529,10376,2729,5189,134336,106170,18986,14639,27803,25859,6470,4,6
2021-07-13T23:59:59+02:00,676,567,7110,6856,9127,8495,11591,12135,15800,16345,19264,19465,15772,16490,8832,10748,2795,5346,2934,2960,5501,5459,7604,8404,12439,13399,17428,17915,15110,15809,8517,10363,2724,5178,134212,104957,18986,14586,27800,25824,6412,4,6
2021-07-12T23:59:59+02:00,670,560,7098,6841,9117,8484,11580,12126,15796,16333,19252,19461,15770,16486,8830,10748,2795,5343,2876,2907,5419,5384,7457,8290,12191,13188,17249,17771,15100,15804,8513,10356,2723,5178,134102,103724,18984,14535,27796,25775,6404,4,6
2021-07-11T23:59:59+02:00,669,559,7090,6838,9108,8475,11574,12118,15786,16330,19247,19456,15770,16483,8829,10746,2795,5343,2845,2872,5343,5308,7360,8202,12026,13033,17122,17639,15093,15793,8512,10353,2723,5178,134060,102838,18980,14485,27796,25734,6376,4,6
2021-07-10T23:59:59+02:00,496,402,6522,6289,8881,8291,11333,11924,15629,16199,19192,19407,15762,16473,8825,10741,2794,5342,2815,2838,5292,5266,7279,8121,11925,12933,17044,17572,15078,15778,8509,10343,2720,5176,131363,102146,18980,14483,27796,25726,6359,4,6
2021-07-09T23:59:59+02:00,485,395,6463,6261,8855,8254,11293,11895,15603,16186,19179,19391,15761,16470,8825,10738,2794,5342,2758,2772,5209,5198,7101,7945,11516,12634,16751,17367,15059,15751,8502,10338,2719,5174,131272,101128,18769,13627,27795,25712,6350,4,6
2021-07-08T23:59:59+02:00,480,393,6144,5998,8481,7963,10913,11586,15267,15940,18920,19218,15739,16446,8816,10731,2791,5341,2696,2722,5128,5124,6962,7855,11317,12492,16605,17244,15052,15743,8502,10336,2719,5173,131185,100271,15866,13463,27792,25638,6320,4,6
2021-07-07T23:59:59+02:00,478,389,6129,5985,8458,7947,10899,11569,15256,15930,18919,19213,15737,16443,8815,10729,2791,5339,2648,2667,5039,5066,6826,7762,11085,12312,16445,17112,15044,15737,8498,10331,2719,5173,131074,99252,15858,13344,27790,25590,6300,4,6
2021-07-06T23:59:59+02:00,452,368,6029,5892,8377,7881,10823,11500,15222,15890,18896,19197,15730,16433,8812,10727,2788,5337,2579,2597,4901,4953,6639,7629,10695,11901,16075,16739,15019,15704,8490,10324,2718,5169,130458,97103,15850,13261,27785,25530,6257,4,6
2021-07-05T23:59:59+02:00,411,334,5849,5720,8260,7785,10710,11385,15163,15823,18865,19165,15724,16425,8808,10722,2785,5336,2525,2522,4803,4856,6508,7493,10345,11586,15800,16435,14989,15674,8482,10309,2718,5164,129407,95318,15846,13197,27782,25476,6231,4,6
2021-07-04T23:59:59+02:00,391,304,5775,5642,8203,7730,10643,11329,15132,15792,18851,19146,15718,16422,8807,10720,2785,5334,2506,2491,4742,4810,6449,7443,10208,11477,15699,16363,14985,15668,8480,10308,2717,5164,128904,94753,15840,13130,27777,25440,6199,4,6
2021-07-03T23:59:59+02:00,386,302,5757,5634,8194,7721,10632,11326,15125,15786,18848,19144,15717,16422,8807,10720,2785,5334,2471,2460,4647,4781,6342,7418,10150,11432,15595,16277,14309,14959,8461,10283,2717,5164,128838,94640,15838,13128,27776,23525,6184,4,6
2021-07-02T23:59:59+02:00,342,264,5569,5483,8120,7646,10533,11229,15060,15730,18829,19138,15713,16418,8802,10718,2783,5331,2423,2412,4492,4703,6159,7344,9996,11277,15405,16074,13518,14041,8453,10268,2717,5163,127920,94078,15836,13084,27775,21121,6173,4,6
2021-07-01T23:59:59+02:00,281,210,5352,5303,7992,7535,10395,11104,14931,15635,18784,19113,15705,16411,8797,10712,2783,5330,2305,2291,4316,4530,5923,7095,9218,10595,14776,15604,13493,14013,8448,10263,2713,5161,126633,90591,15826,12989,27774,21037,6136,4,6
2021-06-30T23:59:59+02:00,151,121,4870,4827,7650,7260,10046,10766,14703,15457,18726,19069,15694,16400,8793,10704,2783,5327,2268,2245,4231,4461,5812,6999,9047,10473,14687,15528,13479,14005,8445,10260,2713,5159,123645,89997,15820,12815,27774,20905,6104,4,6
2021-06-29T23:59:59+02:00,115,100,4586,4545,7400,7042,9756,10467,14504,15267,18664,19008,15642,16350,8774,10689,2782,5322,2202,2163,4090,4324,5606,6821,8823,10247,14395,15306,13431,13956,8433,10236,2711,5146,121579,88560,15817,12663,27772,20833,5841,4,6
2021-06-28T23:59:59+02:00,99,79,4450,4400,7295,6931,9635,10338,14413,15160,18619,18966,15626,16334,8760,10678,2779,5320,2117,2037,3907,4119,5326,6479,8439,9738,13867,14771,13314,13867,8415,10212,2708,5134,120560,85366,15808,12581,27769,20768,5741,4,4
2021-06-27T23:59:59+02:00,94,77,4398,4351,7236,6875,9573,10284,14381,15127,18599,18949,15609,16322,8753,10671,2778,5315,2063,2002,3843,4073,5215,6366,8271,9610,13692,14659,13288,13848,8407,10203,2705,5132,120194,84576,15805,12547,27767,20637,5622,4,4
2021-06-26T23:59:59+02:00,81,75,4355,4323,7205,6848,9555,10263,14362,15112,18587,18936,15605,16315,8753,10671,2778,5315,1987,1910,3654,3914,5000,6109,7905,9155,13342,14362,13208,13791,8387,10175,2700,5123,119955,81936,15801,12547,27767,20632,5612,4,4
2021-06-25T23:59:59+02:00,69,62,4042,3996,6937,6609,9264,9970,14139,14924,18504,18880,15559,16269,8734,10652,2776,5308,1922,1826,3491,3795,4808,5879,7581,8741,13034,14027,13158,13735,8374,10150,2694,5117,117549,79593,15773,12516,27767,20627,5601,4,4
2021-06-24T23:59:59+02:00,62,55,3949,3904,6839,6523,9165,9878,14040,14839,18476,18847,15544,16253,8728,10645,2776,5307,1854,1750,3378,3699,4610,5737,7363,8545,12783,13829,12325,12808,8194,9886,2694,5116,116819,78386,15763,12411,27764,18299,5480,4,4
2021-06-23T23:59:59+02:00,49,50,3542,3526,6386,6174,8634,9368,13704,14537,18341,18711,15440,16161,8684,10609,2773,5293,1717,1575,3125,3498,4197,5410,6420,7836,12046,13129,12303,12796,8184,9879,2694,5112,113880,77762,15514,9092,27763,18251,4821,4,4
2021-06-22T23:59:59+02:00,40,42,3470,3455,6310,6115,8531,9291,13652,14492,18308,18694,15429,16154,8683,10604,2773,5290,1677,1521,3022,3396,4056,5260,6168,7652,11444,12427,12213,12704,8167,9846,2690,5104,113257,75447,15510,9011,27761,18093,4801,4,4
2021-06-21T23:59:59+02:00,34,39,3400,3394,6216,6061,8471,9219,13592,14448,18275,18673,15426,16152,8679,10601,2773,5289,1640,1470,2931,3299,3932,5110,5973,7427,10686,11506,11830,12250,7103,8625,2684,5098,112740,72794,15503,8910,27752,15121,4743,4,4
2021-06-20T23:59:59+02:00,34,38,3374,3372,6169,6029,8426,9189,13564,14433,18264,18669,15425,16152,8679,10601,2773,5289,1621,1453,2895,3273,3881,5073,5920,7404,10600,11433,11810,12231,7101,8618,2683,5098,112565,72482,15487,8834,27752,15109,4672,4,4
2021-06-19T23:59:59+02:00,32,36,3347,3348,6140,6008,8397,9170,13540,14427,18258,18664,15425,16151,8679,10601,2773,5289,1617,1441,2890,3264,3873,5068,5906,7399,10589,11426,11810,12231,7101,8617,2683,5098,112376,72403,15481,8834,27752,15107,4672,4,4
2021-06-18T23:59:59+02:00,28,31,3306,3306,6064,5969,8329,9116,13494,14396,18235,18653,15424,16149,8678,10600,2773,5289,1540,1346,2754,3089,3688,4790,5508,7024,9103,9862,11644,12063,7060,8567,2671,5080,111994,67224,15454,8833,27752,15096,4636,4,4
2021-06-17T23:59:59+02:00,26,28,3242,3255,5998,5931,8256,9063,13423,14351,18212,18642,15422,16144,8677,10597,2773,5286,1409,1253,2565,2875,3427,4502,5149,6632,8436,9135,11361,11822,7019,8510,2667,5077,111627,63532,15425,8717,27749,15069,4521,4,4
2021-06-16T23:59:59+02:00,26,25,3189,3194,5886,5866,8138,8969,13296,14265,18146,18607,15416,16135,8677,10594,2773,5286,1312,1197,2424,2767,3244,4345,4865,6361,7360,7845,11270,11715,6988,8473,2654,5059,110992,59775,15351,8671,27746,15038,4395,4,4
2021-06-15T23:59:59+02:00,21,24,3092,3112,5769,5777,7950,8792,13036,14045,17995,18481,15401,16124,8669,10588,2773,5284,1274,1165,2352,2711,3137,4271,4663,6236,7048,7594,10775,11155,6955,8438,2646,5046,109576,57531,15323,8639,27738,15005,4292,4,3
2021-06-14T23:59:59+02:00,20,22,3019,3041,5691,5720,7809,8673,12747,13809,17811,18309,15385,16110,8662,10583,2772,5283,1247,1137,2286,2655,3012,4175,4465,6097,6710,7293,10248,10546,6924,8401,2642,5037,108198,55170,15315,8534,27734,14958,4215,4,2
2021-06-13T23:59:59+02:00,20,22,3001,3009,5625,5682,7746,8607,12607,13673,17706,18187,15379,16101,8661,10580,2771,5283,1237,1125,2255,2641,2975,4164,4421,6077,6678,7277,10244,10539,6924,8400,2642,5037,107461,55029,15304,8528,27729,14919,4162,4,2
2021-06-12T23:59:59+02:00,18,22,2972,2991,5597,5657,7715,8589,12587,13655,17697,18184,15378,16100,8661,10580,2771,5283,1180,1063,2165,2566,2879,4029,4279,5946,6568,7192,10162,10461,6326,7673,2642,5037,107262,54914,15302,8528,27729,12568,4160,4,2
2021-06-11T23:59:59+02:00,18,19,2895,2915,5528,5592,7532,8403,12177,13348,17417,17980,15362,16075,8655,10572,2769,5281,1157,1046,2110,2526,2814,3981,4194,5884,6459,7103,10060,10348,6313,7667,2640,5031,106246,54391,14411,8263,27728,12532,4149,4,2
2021-06-10T23:59:59+02:00,14,17,2839,2873,5429,5541,7399,8320,11992,13210,17280,17863,15357,16071,8655,10571,2768,5280,1118,1021,2036,2460,2712,3904,4024,5754,6218,6891,9809,10081,6293,7639,2634,5025,105328,52833,14337,8259,27723,12442,4087,4,2
2021-06-09T23:59:59+02:00,13,15,2763,2804,5305,5447,7177,8148,11715,12968,17093,17716,15346,16057,8651,10562,2768,5277,1061,959,1905,2342,2508,3722,3696,5469,5599,6385,8988,9180,6236,7563,2620,4990,104125,48837,14186,8242,27714,12350,3796,4,2
2021-06-08T23:59:59+02:00,10,11,2666,2701,5172,5320,6981,7965,11282,12541,16716,17328,15327,16030,8640,10556,2767,5272,1024,931,1838,2278,2402,3649,3553,5403,5451,6256,8955,9161,6234,7553,2618,4986,101923,48331,14159,8193,27712,12283,3487,4,2
2021-06-07T23:59:59+02:00,8,10,2538,2603,4981,5191,6773,7802,10805,12182,16373,17034,15301,16002,8634,10539,2766,5268,953,894,1711,2224,2263,3567,3300,5314,5096,5972,8406,8537,6180,7494,2614,4977,99992,46119,14116,8179,27703,12211,2995,4,2
2021-06-06T23:59:59+02:00,8,8,2503,2579,4920,5132,6686,7746,10668,12072,16281,16970,15298,15998,8634,10539,2764,5267,937,884,1682,2205,2221,3540,3234,5290,5048,5948,8401,8536,6175,7487,2614,4976,99406,45965,14064,8170,27697,12143,2902,4,2
2021-06-05T23:59:59+02:00,7,7,2490,2557,4891,5105,6648,7719,10637,12045,16272,16964,15298,15998,8634,10539,2764,5267,921,869,1650,2178,2182,3488,3132,5208,4694,5621,7803,7834,6147,7434,2613,4974,99181,43586,14064,8165,27695,12101,2898,4,2
2021-06-04T23:59:59+02:00,6,6,2460,2529,4846,5060,6600,7668,10549,11942,16220,16901,15294,15991,8634,10538,2763,5266,909,851,1627,2159,2142,3452,3080,5149,4531,5433,7501,7467,6111,7392,2611,4968,98654,42306,14059,8163,27695,12055,2861,4,2
2021-06-03T23:59:59+02:00,6,6,2355,2398,4693,4889,6393,7419,9849,11308,15630,16453,15283,15982,8631,10532,2762,5265,892,820,1586,2099,2093,3373,2991,5040,4386,5268,7342,7278,6099,7365,2611,4964,95316,41259,14020,8153,27689,11972,2825,4,2
2021-06-02T23:59:59+02:00,6,6,2338,2373,4650,4856,6337,7380,9749,11219,15572,16400,15275,15978,8630,10528,2762,5264,879,808,1568,2076,2041,3337,2906,4954,4024,4879,6785,6641,6056,7309,2607,4954,94791,38926,14018,8149,27689,11929,2821,4,2
2021-06-01T23:59:59+02:00,6,5,2276,2332,4530,4767,6173,7268,9561,11072,15465,16324,15272,15974,8626,10524,2761,5259,847,782,1503,2026,1928,3275,2750,4863,3821,4752,6574,6411,6034,7291,2601,4947,93928,37844,13969,8127,27677,11817,2617,4,2
2021-05-31T23:59:59+02:00,2,5,2226,2273,4431,4674,6032,7142,9375,10928,15380,16270,15264,15967,8623,10524,2761,5259,824,746,1445,1967,1860,3227,2576,4810,3691,4699,6217,5996,6011,7270,2598,4939,93210,36668,13883,8121,27668,11716,2371,4,2
2021-05-30T23:59:59+02:00,2,5,2201,2251,4374,4613,5943,7082,9300,10866,15343,16251,15263,15965,8623,10524,2761,5259,812,735,1423,1946,1810,3203,2443,4775,3586,4681,6215,5994,6011,7270,2598,4939,92765,36353,13843,8099,27658,11633,2356,4,2
2021-05-29T23:59:59+02:00,2,5,2184,2236,4356,4602,5926,7066,9286,10853,15338,16248,15262,15965,8623,10524,2761,5259,794,682,1329,1688,1677,2842,2243,4226,3308,4253,6125,5900,5899,7137,2597,4939,92639,36304,13840,8094,27657,8885,2356,4,2
2021-05-28T23:59:59+02:00,2,5,2163,2213,4318,4557,5882,7021,9210,10783,15271,16196,15258,15963,8623,10524,2761,5258,775,592,1251,1437,1578,2441,2064,3536,3044,3657,5487,5160,5817,7046,2593,4926,92167,35006,13827,8094,27655,5949,2355,4,2
2021-05-27T23:59:59+02:00,2,5,2120,2175,4233,4490,5758,6947,9055,10683,15174,16113,15256,15962,8623,10524,2761,5258,746,556,1217,1355,1536,2303,1997,3394,2932,3537,5052,4675,5784,7007,2582,4897,91487,33881,13678,8085,27631,5265,2339,4,2
2021-05-26T23:59:59+02:00,2,5,2051,2057,4036,4345,5416,6685,8086,9941,14415,15408,15244,15956,8619,10518,2759,5256,735,540,1191,1297,1491,2248,1940,3282,2780,3391,3747,3297,5725,6934,2559,4840,90713,30613,10153,8070,27616,5001,2313,4,2
2021-05-25T23:59:59+02:00,2,5,2010,2018,3953,4278,5320,6619,7951,9834,14042,14975,15196,15919,8612,10503,2757,5252,726,530,1161,1262,1469,2225,1920,3255,2755,3365,3741,3287,5718,6931,2557,4839,89375,30526,10005,8061,27599,4891,2263,4,2
2021-05-24T23:59:59+02:00,2,5,1984,1972,3864,4204,5215,6537,7826,9710,13530,14361,15145,15851,8605,10489,2756,5247,720,522,1141,1251,1439,2211,1899,3237,2730,3343,3725,3269,5696,6907,2550,4823,87583,30399,9926,8010,27587,4852,2203,4,1
2021-05-23T23:59:59+02:00,2,5,1975,1959,3845,4181,5197,6524,7774,9679,13455,14298,15134,15847,8603,10488,2755,5247,713,510,1129,1238,1414,2186,1841,3201,2622,3244,3317,2836,5054,6097,2536,4778,87348,30228,9826,5455,27587,4831,2203,4,1
2021-05-22T23:59:59+02:00,2,5,1809,1917,3543,4131,4794,6480,7516,9623,13330,14219,15128,15846,8603,10487,2755,5247,552,479,836,1196,1036,2150,1600,3148,2508,3169,3313,2834,5054,6096,2536,4778,87198,30216,9826,5454,27585,4794,822,4,1
2021-05-21T23:59:59+02:00,2,4,1723,1808,3389,3939,4605,6185,7119,9257,12041,12878,14977,15698,8566,10440,2746,5236,548,467,826,1194,1034,2143,1565,3118,2431,3092,3139,2697,5028,6053,2533,4763,82424,29581,9786,5454,27579,4776,820,4,1
2021-05-20T23:59:59+02:00,2,4,1685,1772,3298,3888,4498,6104,6943,9177,11830,12651,14957,15680,8563,10433,2745,5235,528,454,786,1148,978,2079,1446,3047,2304,2995,2951,2528,4987,5977,2525,4748,81593,28838,9683,5439,27523,4541,663,3,1
2021-05-19T23:59:59+02:00,2,4,1662,1746,3241,3832,4404,6038,6828,9115,11598,12391,14945,15670,8561,10432,2745,5234,520,442,770,1111,960,2010,1335,2900,1977,2702,2388,2031,4882,5860,2504,4701,80781,26768,9543,5423,27496,4277,625,3,1
2021-05-18T23:59:59+02:00,2,4,1600,1712,3153,3742,4292,5935,6669,8956,11311,12137,14900,15622,8549,10409,2743,5224,517,430,755,1096,942,1993,1251,2834,1697,2480,1946,1685,4810,5777,2483,4658,79688,25226,9341,5413,27427,4214,501,3,1
2021-05-17T23:59:59+02:00,2,4,1551,1631,3023,3584,4086,5656,6321,8498,10765,11586,14792,15531,8530,10384,2738,5214,515,422,749,1089,924,1988,1227,2810,1669,2441,1929,1666,4803,5770,2480,4655,76797,25161,9306,5399,27402,4189,388,3,1
2021-05-16T23:59:59+02:00,2,4,1532,1609,2970,3544,3991,5569,6172,8362,10589,11453,14766,15509,8523,10376,2737,5212,508,416,726,1074,894,1972,1199,2782,1636,2417,1922,1657,4801,5766,2477,4653,76053,25132,9249,5381,27372,4144,243,3,1
2021-05-15T23:59:59+02:00,2,4,1445,1512,2759,3377,3762,5291,5811,7890,10237,11156,14681,15447,8504,10347,2731,5203,508,414,722,1072,894,1968,1194,2781,1631,2413,1910,1645,4795,5760,2477,4651,73300,25073,9249,5381,27365,4139,242,3,1
2021-05-14T23:59:59+02:00,2,4,1411,1449,2647,3281,3610,5134,5613,7601,10018,10904,14646,15409,8491,10324,2728,5199,459,373,650,906,822,1682,1064,2371,1450,2087,1876,1605,4792,5752,2476,4646,71661,25009,9228,5379,27341,2385,238,3,1
2021-05-13T23:59:59+02:00,2,4,1353,1382,2544,3197,3443,4998,5394,7395,9791,10724,14620,15381,8483,10321,2726,5196,452,360,622,878,721,1574,963,2287,1185,1875,1161,1025,4572,5519,2468,4614,70500,24891,8918,2841,27310,2321,223,3,1
2021-05-12T23:59:59+02:00,2,4,1346,1373,2528,3192,3425,4986,5374,7382,9777,10712,14618,15377,8481,10319,2725,5196,452,359,621,877,718,1571,957,2285,1181,1869,1142,1016,4559,5483,2436,4545,70390,24690,8894,2841,27308,2318,222,3,1
2021-05-11T23:59:59+02:00,2,3,1304,1331,2454,3109,3312,4859,5180,7237,9489,10404,14571,15320,8469,10299,2721,5187,446,346,603,863,697,1554,929,2261,1155,1842,1087,980,4496,5386,2394,4421,69054,24200,8771,2823,27223,2237,200,3,1
2021-05-10T23:59:59+02:00,2,3,1280,1304,2390,3032,3185,4735,5050,7080,9166,10023,14525,15281,8460,10280,2716,5185,445,344,590,853,683,1539,918,2246,1137,1828,1052,946,4436,5310,2355,4306,67701,23793,8651,2820,27152,2185,190,3,1
2021-05-09T23:59:59+02:00,2,3,1265,1287,2347,3019,3108,4700,4988,7046,9101,9979,14512,15266,8458,10275,2716,5183,437,342,576,848,660,1519,896,2225,1125,1814,1033,930,4424,5272,2340,4264,67464,23633,8577,2818,27108,2151,103,3,1
2021-05-08T23:59:59+02:00,1,3,1263,1283,2332,3007,3091,4690,4948,7032,9077,9971,14511,15266,8458,10274,2716,5183,437,342,576,848,659,1519,896,2224,1124,1813,1033,930,4423,5272,2340,4264,67323,23632,8571,2815,27106,2150,103,3,1
2021-05-07T23:59:59+02:00,1,3,1244,1262,2293,2966,3040,4641,4848,6940,8853,9724,14496,15244,8452,10268,2713,5179,387,314,544,779,622,1357,826,2017,1036,1626,1003,901,4403,5249,2338,4259,66417,23528,8565,2812,27079,1218,103,3,1
2021-05-06T23:59:59+02:00,1,3,1094,1171,2065,2723,2741,4332,4477,6539,8267,9119,14218,15005,8412,10211,2710,5178,386,310,532,760,605,1325,807,1982,1003,1598,976,870,4393,5235,2336,4255,62787,23399,8437,2762,26943,1116,96,3,1
2021-05-05T23:59:59+02:00,1,2,1029,1120,1955,2610,2582,4161,4182,6260,7255,7937,14133,14907,8377,10170,2697,5158,383,307,525,750,590,1316,773,1968,980,1577,901,808,4352,5163,2328,4239,59270,23076,8392,2743,26821,1091,50,3,1
2021-05-04T23:59:59+02:00,1,2,1007,1100,1904,2571,2480,4094,3962,6147,6974,7722,13626,14339,8347,10135,2692,5149,380,306,520,746,579,1311,756,1949,964,1570,882,784,4332,5147,2325,4230,57212,22942,8334,2728,26661,1069,42,3,1
2021-05-03T23:59:59+02:00,1,2,975,1062,1843,2518,2377,3984,3763,6030,6617,7422,13089,13715,8310,10097,2685,5134,374,305,518,742,569,1305,747,1938,950,1557,857,760,4315,5129,2319,4217,54790,22832,8308,2719,26522,1050,1,3,1
2021-05-02T23:59:59+02:00,1,2,970,1061,1824,2512,2352,3977,3721,6020,6583,7414,13088,13715,8310,10096,2685,5134,374,305,515,742,568,1303,742,1938,949,1554,855,756,4314,5125,2319,4217,54658,22815,8304,2717,26499,1043,1,3,1
2021-05-01T23:59:59+02:00,1,2,970,1059,1816,2510,2341,3972,3709,6012,6572,7405,13087,13713,8310,10096,2685,5134,374,305,515,742,568,1303,741,1937,947,1554,855,756,4314,5125,2319,4217,54589,22815,8304,2713,26497,1043,1,3,1
2021-04-30T23:59:59+02:00,0,2,954,1054,1795,2496,2320,3937,3672,5979,6494,7351,12992,13609,8309,10092,2682,5122,322,250,473,666,539,1124,711,1713,913,1350,843,738,4310,5123,2319,4217,54094,22801,8303,2709,26459,100,1,3,1
2021-04-29T23:59:59+02:00,0,2,899,1029,1738,2445,2257,3878,3526,5856,6257,7128,12733,13336,8287,10063,2678,5115,315,248,464,659,536,1117,704,1703,903,1340,835,723,4301,5115,2319,4215,52501,22715,8288,2703,26434,78,1,3,1
2021-04-28T23:59:59+02:00,0,2,838,995,1658,2383,2113,3768,3240,5603,5653,6624,11896,12419,8229,9974,2655,5078,314,245,462,652,528,1103,693,1683,892,1333,822,707,4282,5088,2317,4215,48450,22594,8281,2684,26393,57,1,3,1
2021-04-27T23:59:59+02:00,0,2,828,990,1640,2363,2068,3750,3169,5578,5527,6502,11867,12402,8227,9972,2655,5076,313,243,456,650,520,1097,684,1671,883,1327,810,696,4278,5082,2316,4209,47971,22516,8278,2669,26363,49,1,3,1
2021-04-26T23:59:59+02:00,0,2,818,977,1614,2345,2008,3709,2993,5501,5196,6217,11302,11757,8172,9907,2651,5067,311,242,455,649,514,1091,673,1665,874,1317,801,687,4273,5077,2316,4205,45644,22464,8269,2641,26320,44,1,2,1
2021-04-25T23:59:59+02:00,0,2,808,975,1600,2339,1970,3692,2867,5478,5104,6212,11298,11753,8169,9901,2650,5066,310,242,455,649,514,1084,673,1663,871,1315,801,686,4273,5077,2316,4205,45318,22459,8263,2637,26300,37,1,2,1
2021-04-24T23:59:59+02:00,0,2,794,965,1578,2319,1930,3647,2770,5410,4759,5893,10681,11027,8139,9843,2649,5064,310,242,455,649,514,1083,672,1662,870,1315,796,682,4264,5061,2314,4204,42911,22423,8262,2633,26294,36,1,2,1
2021-04-23T23:59:59+02:00,0,2,789,957,1565,2309,1901,3621,2730,5360,4598,5707,10372,10646,8099,9801,2646,5055,310,241,455,649,514,1082,671,1662,868,1315,796,681,4261,5058,2314,4204,41613,22412,8262,2632,26280,36,1,2,1
2021-04-22T23:59:59+02:00,0,2,773,942,1537,2266,1850,3553,2645,5270,4445,5553,10228,10452,8085,9770,2644,5047,310,240,453,638,512,1076,665,1654,862,1306,790,676,4258,5056,2314,4202,40613,22376,8236,2607,26210,28,1,2,1
2021-04-21T23:59:59+02:00,0,2,762,929,1513,2255,1797,3508,2541,5183,4061,5133,9631,9768,8036,9708,2640,5036,308,240,450,636,512,1075,661,1651,857,1301,778,664,4248,5042,2314,4198,38098,22325,8219,2583,26183,26,1,2,1
2021-04-20T23:59:59+02:00,0,2,755,918,1491,2228,1766,3479,2489,5125,3924,5037,9435,9549,8019,9698,2636,5033,308,238,450,635,511,1073,660,1646,854,1296,772,660,4244,5038,2314,4198,37263,22294,8208,2577,26110,26,1,2,0
2021-04-19T23:59:59+02:00,0,2,748,908,1482,2221,1749,3462,2457,5099,3860,4979,9066,9131,7994,9673,2633,5027,308,236,449,632,509,1070,656,1644,850,1292,766,654,4235,5036,2314,4196,36238,22255,8196,2566,26054,26,1,2,0
2021-04-18T23:59:59+02:00,0,2,744,906,1477,2215,1731,3455,2438,5087,3852,4977,9057,9120,7994,9672,2633,5027,307,236,449,628,508,1067,654,1641,847,1292,765,652,4235,5034,2314,4196,36178,22247,8176,2552,26030,26,1,2,0
2021-04-17T23:59:59+02:00,0,2,727,900,1389,2205,1631,3443,2401,5057,3772,4899,8345,8396,7978,9659,2633,5027,307,236,447,626,507,1067,653,1641,846,1289,765,652,4234,5034,2314,4196,36170,22236,8176,2552,24115,26,1,2,0
2021-04-16T23:59:59+02:00,0,2,711,882,1260,2183,1479,3421,2315,4992,3611,4734,7010,6845,7943,9610,2622,4996,307,235,442,620,503,1063,643,1639,842,1280,755,646,4226,5019,2311,4194,34799,22162,8166,2548,21648,15,1,2,0
2021-04-15T23:59:59+02:00,0,2,690,871,1250,2170,1459,3403,2257,4954,3540,4681,6572,6344,7903,9549,2600,4925,300,229,428,609,486,1049,609,1612,806,1250,665,585,3732,4509,2289,4159,33484,22105,8110,1201,21573,11,1,2,0
2021-04-14T23:59:59+02:00,0,2,685,867,1229,2157,1428,3384,2212,4919,3408,4587,5233,4940,7853,9483,2579,4888,292,224,425,602,479,1046,603,1604,800,1247,650,568,3721,4500,2285,4154,30258,22017,8099,1173,21494,10,1,2,0
2021-04-13T23:59:59+02:00,0,2,682,867,1220,2152,1413,3382,2204,4908,3388,4572,5214,4922,7847,9480,2578,4886,292,223,423,600,476,1043,601,1600,789,1245,632,563,3719,4497,2285,4154,30178,21997,8078,1135,21458,10,1,2,0
2021-04-12T23:59:59+02:00,0,2,676,859,1207,2143,1397,3371,2170,4894,3357,4548,5191,4907,7834,9469,2575,4853,291,222,421,599,475,1037,599,1596,781,1238,627,561,3714,4496,2285,4154,30050,21971,8033,1115,21367,10,1,2,0
2021-04-11T23:59:59+02:00,0,2,668,855,1191,2131,1379,3356,2103,4870,3239,4465,4771,4466,7167,8643,2568,4848,291,222,420,599,472,1036,593,1593,777,1237,623,558,3710,4491,2285,4154,30020,21963,5420,1088,21279,10,1,2,0
2021-04-10T23:59:59+02:00,0,2,668,853,1190,2130,1377,3352,2101,4867,3236,4458,4727,4419,7163,8637,2568,4847,285,219,418,588,459,1020,566,1576,745,1213,551,488,3141,3874,2236,4062,29897,20343,5417,1088,21278,10,1,2,0
2021-04-09T23:59:59+02:00,0,2,664,852,1182,2127,1373,3347,2070,4845,3158,4379,4530,4254,7128,8588,2564,4831,275,212,408,574,440,1004,541,1558,724,1190,470,426,2492,3054,2188,3968,29212,18427,5413,1087,21266,10,1,2,0
2021-04-08T23:59:59+02:00,0,2,654,842,1168,2116,1357,3317,2009,4792,3011,4268,3476,3102,6886,8225,2553,4816,262,204,391,556,417,990,519,1529,691,1167,451,400,2483,3045,2185,3965,28415,18206,5365,1039,18811,10,1,2,0
2021-04-07T23:59:59+02:00,0,2,647,836,1155,2107,1338,3305,1899,4713,2694,4019,2871,2574,6775,8102,2530,4763,248,197,363,532,379,955,475,1495,655,1140,424,375,2423,2983,2180,3958,26241,17753,5346,1020,18740,9,1,2,0
2021-04-06T23:59:59+02:00,0,2,637,828,1117,2100,1314,3286,1781,4663,2418,3850,2418,2227,6699,8011,2509,4726,224,184,329,506,354,937,438,1472,619,1108,389,333,2367,2909,2174,3949,24644,17280,5330,1003,18609,9,1,2,0
2021-04-05T23:59:59+02:00,0,2,634,826,1106,2096,1308,3283,1772,4653,2403,3834,2129,1881,5580,6695,2507,4726,224,184,328,502,348,931,434,1470,615,1103,385,330,2365,2903,2174,3948,24612,17269,5320,967,15500,8,1,2,0
2021-04-04T23:59:59+02:00,0,2,633,826,1106,2096,1308,3282,1772,4653,2401,3832,2128,1878,5580,6692,2507,4726,224,184,327,502,348,931,433,1470,615,1103,385,330,2364,2903,2174,3948,24605,17266,5320,967,15494,8,1,2,0
2021-04-03T23:59:59+02:00,0,2,633,826,1106,2095,1308,3282,1771,4651,2397,3832,2127,1875,5579,6692,2507,4726,224,184,327,502,348,931,433,1470,614,1103,385,330,2364,2903,2174,3948,24599,17265,5316,967,15491,8,1,2,0
2021-04-02T23:59:59+02:00,0,2,633,825,1106,2095,1304,3281,1769,4646,2396,3829,2119,1866,5567,6677,2504,4713,224,183,327,500,348,931,432,1469,613,1094,383,330,2364,2902,2174,3948,24531,17247,5312,967,15486,8,1,2,0
2021-04-01T23:59:59+02:00,0,2,629,814,1084,2077,1207,3185,1679,4577,2136,3621,1394,1279,5358,6467,2494,4686,220,182,327,499,347,930,431,1467,613,1093,380,328,2364,2902,2174,3944,24426,17235,2811,958,15449,8,1,2,0
2021-03-31T23:59:59+02:00,0,2,627,813,1080,2073,1202,3177,1668,4572,2118,3608,1367,1246,5329,6412,2457,4587,219,182,327,498,346,930,431,1466,612,1092,379,325,2360,2901,2172,3943,24107,17223,2797,952,15432,8,1,1,0
2021-03-30T23:59:59+02:00,0,2,625,804,1074,2069,1196,3172,1658,4558,2110,3594,1320,1201,5245,6283,2413,4441,219,181,327,497,343,926,426,1463,605,1082,364,314,2258,2749,2052,3718,23587,16605,2775,911,15402,8,1,0,0
2021-03-29T23:59:59+02:00,0,2,623,802,1071,2061,1186,3166,1651,4545,2098,3582,1284,1170,5185,6190,2364,4312,218,180,325,495,341,924,424,1458,600,1077,357,309,2035,2484,1825,3343,23155,15479,2751,908,15385,8,1,0,0
2021-03-28T23:59:59+02:00,0,2,623,799,1069,2055,1183,3159,1645,4535,2094,3577,1268,1161,5177,6168,2353,4280,216,180,324,492,333,920,421,1451,597,1065,351,297,2030,2470,1824,3340,23050,15452,2733,854,15364,5,1,0,0
2021-03-27T23:59:59+01:00,0,2,570,738,989,1987,1101,3041,1527,4411,1992,3495,1199,1091,4574,5436,2353,4280,214,179,324,492,333,920,416,1449,596,1062,350,297,2029,2469,1824,3340,23034,15436,2729,854,13022,4,1,0,0
2021-03-26T23:59:59+01:00,0,2,567,733,982,1977,1099,3035,1517,4404,1976,3487,1155,1060,4544,5402,2352,4276,213,176,324,490,330,919,414,1448,592,1055,342,292,1626,1937,1402,2620,22840,13328,2719,848,13008,4,1,0,0
2021-03-25T23:59:59+01:00,0,2,565,727,969,1969,1096,3026,1510,4392,1961,3477,1145,1049,4536,5397,2352,4275,212,173,323,489,328,913,411,1442,588,1046,338,288,1530,1816,1365,2548,22793,12981,2710,825,12944,4,1,0,0
2021-03-24T23:59:59+01:00,0,2,563,721,959,1956,1083,3011,1481,4374,1947,3468,1110,1019,4509,5364,2347,4270,212,173,322,488,325,909,406,1435,579,1030,324,278,1204,1435,1215,2282,22651,11850,2684,763,12848,4,1,0,0
2021-03-23T23:59:59+01:00,0,2,561,716,954,1942,1079,3001,1474,4360,1937,3461,1097,1008,4490,5349,2347,4267,211,173,320,485,318,906,405,1435,573,1026,316,271,969,1170,1101,2106,22577,11039,2675,742,12792,4,1,0,0
2021-03-22T23:59:59+01:00,0,2,560,707,949,1930,1073,2992,1464,4344,1923,3452,1094,1005,4485,5348,2347,4267,209,173,319,483,317,904,402,1432,570,1022,312,267,968,1166,1101,2103,22553,11022,2660,722,12728,4,1,0,0
2021-03-21T23:59:59+01:00,0,2,558,704,946,1921,1071,2988,1458,4331,1911,3445,1091,1004,4485,5347,2347,4267,209,173,319,482,316,900,402,1427,564,1020,302,262,964,1162,1100,2103,22549,11021,2646,680,12680,4,1,0,0
2021-03-20T23:59:59+01:00,0,2,553,696,941,1905,1054,2972,1430,4313,1877,3417,1019,933,3903,4713,2297,4170,209,173,319,482,316,900,402,1427,564,1020,302,262,964,1162,1099,2102,20890,11019,2645,680,12659,4,1,0,0
2021-03-19T23:59:59+01:00,0,2,544,687,924,1879,1027,2953,1394,4288,1851,3387,932,868,3233,3877,2250,4073,206,173,317,482,315,897,400,1425,560,1013,299,261,951,1149,1068,2062,18916,10996,2634,578,12618,4,1,0,0
2021-03-18T23:59:59+01:00,0,2,531,674,907,1853,1004,2927,1355,4248,1806,3335,834,804,2720,3344,2228,4039,201,171,314,478,312,886,396,1419,558,1008,296,255,848,1055,960,1873,18838,10618,1233,409,12539,3,1,0,0
2021-03-17T23:59:59+01:00,0,2,529,664,898,1833,991,2908,1333,4227,1787,3319,805,779,2634,3253,2222,4035,199,170,312,476,309,885,389,1415,555,1004,293,250,607,781,659,1428,18530,9699,1196,33,12492,0,1,0,0
2021-03-16T23:59:59+01:00,0,2,527,655,889,1811,970,2893,1316,4215,1763,3303,776,768,2586,3173,2220,4031,199,170,310,476,307,883,386,1413,552,999,287,246,361,544,471,1121,18323,8699,1156,27,12419,0,0,0,0
2021-03-15T23:59:59+01:00,0,2,527,644,885,1793,961,2872,1310,4209,1755,3294,770,765,2583,3172,2220,4031,198,170,309,475,306,883,386,1413,549,999,287,246,361,543,470,1121,18310,8693,1134,24,12349,0,0,0,0
2021-03-14T23:59:59+01:00,0,2,526,638,879,1781,954,2867,1300,4196,1745,3282,765,761,2578,3169,2220,4031,198,170,308,475,305,881,384,1411,549,999,286,246,361,543,470,1121,18305,8690,1107,18,12282,0,0,0,0
2021-03-13T23:59:59+01:00,0,2,504,587,784,1519,824,2486,1106,3632,1463,2852,684,672,2475,3043,2219,4030,198,170,308,475,305,881,384,1411,549,999,286,246,361,543,470,1121,18301,8690,1107,18,9474,0,0,0,0
2021-03-12T23:59:59+01:00,0,2,489,502,720,1253,732,2091,935,2942,1216,2261,544,519,2431,2998,2219,4030,198,168,308,475,305,879,383,1411,549,997,286,245,348,522,422,1058,18278,8536,1106,18,6500,0,0,0,0
2021-03-11T23:59:59+01:00,0,2,466,466,687,1182,686,1986,876,2797,1136,2150,489,460,2418,2986,2218,4029,198,168,307,473,304,878,383,1408,548,997,286,244,335,505,376,1015,18090,8410,1058,15,5886,0,0,0,0
2021-03-10T23:59:59+01:00,0,2,452,456,653,1149,646,1952,832,2761,1103,2122,469,444,2404,2967,2217,4026,194,166,303,466,304,877,378,1401,543,990,282,238,215,406,151,753,17814,7658,1038,9,5803,0,0,0,0
2021-03-09T23:59:59+01:00,0,2,436,439,620,1120,627,1934,809,2735,1081,2098,447,423,2311,2825,2094,3797,194,166,301,464,303,876,377,1398,543,987,280,237,215,406,151,752,17053,7650,1022,0,5723,0,0,0,0
2021-03-08T23:59:59+01:00,0,2,423,418,597,1090,609,1912,793,2710,1059,2072,425,395,2082,2551,1865,3420,194,165,301,462,302,872,377,1392,543,985,279,235,215,405,151,752,15810,7630,994,0,5619,0,0,0,0
2021-03-07T23:59:59+01:00,0,2,422,416,590,1073,596,1904,790,2697,1053,2061,424,394,2077,2543,1864,3418,194,165,301,461,302,871,377,1389,543,984,279,235,215,405,151,752,15783,7624,984,0,5557,0,0,0,0
2021-03-06T23:59:59+01:00,0,2,422,413,587,1059,593,1902,783,2690,1049,2054,423,394,2077,2543,1864,3418,194,165,301,461,302,871,377,1389,543,983,278,235,215,405,151,752,15775,7622,984,0,5514,0,0,0,0
2021-03-05T23:59:59+01:00,0,2,416,398,581,1047,587,1892,778,2681,1043,2046,410,386,1656,1981,1432,2666,191,160,297,461,299,870,375,1386,541,979,278,235,215,405,151,752,13553,7595,984,0,5465,0,0,0,0
2021-03-04T23:59:59+01:00,0,2,406,373,555,1008,568,1836,749,2628,1022,1996,406,382,1564,1863,1393,2593,180,152,286,451,298,862,373,1372,539,975,277,235,215,405,151,752,13202,7523,978,0,5164,0,0,0,0
2021-03-03T23:59:59+01:00,0,2,404,366,547,978,551,1804,724,2580,1005,1958,400,376,1242,1484,1240,2321,179,151,285,450,297,861,369,1365,536,968,275,233,214,404,149,747,12053,7483,971,0,4958,0,0,0,0
2021-03-02T23:59:59+01:00,0,2,400,361,539,944,537,1784,715,2556,994,1940,390,366,999,1217,1122,2143,179,149,284,439,293,855,369,1356,536,962,275,233,214,404,149,747,11234,7444,936,0,4839,0,0,0,0
2021-03-01T23:59:59+01:00,0,2,398,353,530,922,519,1753,706,2532,983,1923,386,359,998,1210,1122,2139,179,147,284,430,290,845,366,1341,533,956,273,231,213,403,149,747,11215,7387,901,0,4719,0,0,0,0
2021-02-28T23:59:59+01:00,0,2,395,350,527,914,514,1742,703,2522,978,1908,382,354,998,1208,1122,2139,177,146,284,430,290,844,366,1341,532,956,273,231,213,403,149,747,11215,7382,874,0,4669,0,0,0,0
2021-02-27T23:59:59+01:00,0,2,394,348,522,907,512,1736,700,2513,975,1906,381,353,998,1208,1121,2139,177,146,284,430,290,844,366,1341,531,956,273,231,213,403,149,747,11214,7381,874,0,4627,0,0,0,0
2021-02-26T23:59:59+01:00,0,2,346,301,453,734,436,1428,571,2095,804,1563,353,323,998,1205,1121,2139,177,144,284,427,288,836,364,1333,529,953,273,231,213,403,149,747,11203,7351,863,0,2806,0,0,0,0
2021-02-25T23:59:59+01:00,0,2,326,293,443,712,424,1392,556,2047,786,1531,345,316,914,1116,1049,2015,126,130,264,423,277,824,353,1317,524,946,273,229,213,403,149,747,10802,7198,833,0,2632,0,0,0,0
2021-02-24T23:59:59+01:00,0,2,321,287,438,696,417,1356,540,1999,764,1487,337,303,706,884,865,1710,126,124,263,417,274,815,351,1304,517,939,271,227,211,403,149,745,9863,7136,792,0,2457,0,0,0,0
2021-02-23T23:59:59+01:00,0,2,319,275,430,682,406,1333,532,1963,746,1468,323,293,457,638,674,1409,126,123,262,415,272,810,351,1297,516,931,270,226,210,403,148,744,8865,7104,748,0,2337,0,0,0,0
2021-02-22T23:59:59+01:00,0,2,319,273,429,675,405,1328,528,1953,741,1464,323,290,456,636,674,1408,126,118,257,405,271,793,347,1273,511,923,266,225,210,403,148,744,8861,7020,736,0,2307,0,0,0,0
2021-02-21T23:59:59+01:00,0,2,316,272,427,669,402,1320,526,1945,735,1460,312,285,452,632,672,1408,126,118,256,404,271,791,344,1270,504,920,265,224,209,402,147,735,8856,6986,695,0,2284,0,0,0,0
2021-02-20T23:59:59+01:00,0,2,316,269,427,667,402,1312,525,1936,733,1456,312,285,452,632,672,1408,126,118,256,404,271,791,344,1270,503,920,265,224,209,402,147,735,8856,6985,695,0,2255,0,0,0,0
2021-02-19T23:59:59+01:00,0,1,270,243,395,591,368,1143,467,1721,626,1246,303,269,426,596,593,1301,126,118,256,404,270,791,344,1270,503,920,265,224,209,402,147,735,8639,6984,589,0,1331,0,0,0,0
2021-02-18T23:59:59+01:00,0,1,269,238,388,582,357,1122,454,1703,616,1239,303,267,373,549,491,1173,123,115,252,399,263,785,341,1261,500,919,263,222,209,402,147,735,8460,6936,417,0,1248,0,0,0,0
2021-02-17T23:59:59+01:00,0,1,263,234,376,568,350,1113,431,1687,608,1227,298,260,218,413,156,764,115,102,248,393,258,770,335,1245,494,908,259,219,208,402,147,735,7743,6838,31,0,1193,0,0,0,0
2021-02-16T23:59:59+01:00,0,1,261,232,365,566,340,1104,423,1673,603,1221,295,257,218,412,156,764,84,90,228,367,247,740,317,1205,462,873,238,204,201,384,146,728,7736,6514,27,0,1128,0,0,0,0
2021-02-15T23:59:59+01:00,0,1,259,232,363,562,339,1098,421,1661,599,1215,295,257,218,411,155,764,83,88,224,356,239,728,307,1177,447,850,225,197,190,362,140,672,7728,6285,24,0,1098,0,0,0,0
2021-02-14T23:59:59+01:00,0,1,258,230,357,559,335,1088,417,1655,596,1212,295,257,218,411,155,764,79,86,217,351,236,720,302,1164,443,835,224,195,190,351,140,663,7718,6196,19,0,1071,0,0,0,0
2021-02-13T23:59:59+01:00,0,1,258,230,357,559,335,1088,416,1655,596,1211,294,257,218,411,155,764,79,86,217,351,236,720,302,1164,443,835,224,195,190,351,140,663,7716,6196,19,0,1070,0,0,0,0
2021-02-12T23:59:59+01:00,0,1,200,169,308,481,308,893,383,1417,559,996,286,242,217,411,155,764,76,85,214,350,234,717,295,1160,440,830,220,193,190,349,140,663,7704,6156,19,0,67,0,0,0,0
2021-02-11T23:59:59+01:00,0,0,198,168,302,470,304,879,377,1397,549,988,286,242,217,411,155,764,75,82,203,324,224,673,275,1109,423,782,219,190,190,344,140,660,7663,5913,16,0,28,0,0,0,0
2021-02-10T23:59:59+01:00,0,0,195,161,298,466,301,875,371,1386,545,980,284,240,215,410,155,762,70,76,187,298,213,614,258,1024,398,730,210,176,176,315,128,613,7621,5486,10,0,13,0,0,0,0
2021-02-09T23:59:59+01:00,0,0,190,155,295,457,300,866,371,1376,543,971,281,239,215,410,155,761,61,60,148,234,184,510,220,832,342,595,189,150,156,280,118,547,7577,4626,2,0,6,0,0,0,0
2021-02-08T23:59:59+01:00,0,0,183,148,291,444,295,856,367,1356,536,964,277,235,214,409,153,757,34,47,103,144,135,282,161,455,248,388,160,124,129,225,95,452,7477,3182,2,0,6,0,0,0,0
2021-02-07T23:59:59+01:00,0,0,181,146,288,443,294,854,366,1355,535,963,276,234,214,409,153,757,19,40,84,122,130,261,152,421,232,361,152,120,119,215,90,417,7467,2935,1,0,0,0,0,0,0
2021-02-06T23:59:59+01:00,0,0,181,146,288,443,294,854,366,1355,535,963,276,234,214,409,153,757,19,37,82,119,120,246,141,405,201,340,137,116,118,210,89,407,7467,2787,1,0,0,0,0,0,0
2021-02-05T23:59:59+01:00,0,0,181,144,288,440,293,843,364,1347,531,960,276,233,214,409,153,756,18,32,78,114,113,233,136,378,187,321,132,111,115,205,82,391,7431,2646,1,0,0,0,0,0,0
2021-02-04T23:59:59+01:00,0,0,173,139,287,436,286,834,361,1336,522,951,275,231,213,409,153,754,11,21,52,77,84,177,113,288,155,264,114,96,103,191,74,351,7360,2171,0,0,0,0,0,0,0
2021-02-03T23:59:59+01:00,0,0,155,132,277,430,282,828,359,1325,522,949,275,231,212,409,153,753,11,19,44,67,75,142,89,257,134,221,95,81,88,163,67,311,7292,1864,0,0,0,0,0,0,0
2021-02-02T23:59:59+01:00,0,0,134,126,265,428,279,821,354,1318,521,942,274,231,211,409,152,752,11,16,35,61,63,119,74,212,103,171,63,57,63,104,43,196,7217,1391,0,0,0,0,0,0,0
2021-02-01T23:59:59+01:00,0,0,129,121,260,413,277,805,352,1294,515,930,269,229,211,409,152,752,4,10,20,34,33,66,46,119,59,71,28,28,27,44,25,97,7118,711,0,0,0,0,0,0,0
2021-01-31T23:59:59+01:00,0,0,128,118,258,411,275,801,350,1288,511,928,269,226,210,408,152,752,4,6,15,23,28,47,32,73,39,43,14,8,13,28,20,59,7085,452,0,0,0,0,0,0,0
2021-01-30T23:59:59+01:00,0,0,128,118,258,411,275,800,350,1287,510,928,269,226,210,408,152,752,4,6,13,20,25,40,27,65,36,41,14,8,13,28,20,59,7082,419,0,0,0,0,0,0,0
2021-01-29T23:59:59+01:00,0,0,128,118,258,411,274,800,350,1287,510,928,269,226,210,408,152,752,4,6,7,18,23,31,22,57,32,38,14,8,13,27,19,58,7081,377,0,0,0,0,0,0,0
2021-01-28T23:59:59+01:00,0,0,126,115,254,405,270,794,347,1280,506,927,269,226,210,408,152,752,1,3,2,8,15,14,12,28,12,23,11,4,6,14,6,23,7041,182,0,0,0,0,0,0,0
2021-01-27T23:59:59+01:00,0,0,118,105,252,401,267,786,342,1273,500,920,264,223,209,407,152,752,0,0,1,4,11,12,8,21,10,17,10,4,6,14,6,23,6971,147,0,0,0,0,0,0,0
2021-01-26T23:59:59+01:00,0,0,89,93,234,384,259,761,329,1235,475,889,244,211,202,391,152,744,0,0,1,4,11,12,8,21,10,17,10,4,6,14,6,23,6692,147,0,0,0,0,0,0,0
2021-01-25T23:59:59+01:00,0,0,86,88,232,364,246,742,315,1201,457,864,228,204,193,371,148,689,0,0,1,4,11,10,7,14,7,13,10,4,6,14,6,23,6428,130,0,0,0,0,0,0,0
2021-01-24T23:59:59+01:00,0,0,86,86,228,360,245,737,312,1188,455,849,227,202,193,360,148,679,0,0,1,4,11,10,7,14,7,13,10,4,6,14,6,23,6355,130,0,0,0,0,0,0,0
2021-01-23T23:59:59+01:00,0,0,86,86,228,360,245,737,312,1188,455,849,227,202,193,360,148,679,0,0,1,4,11,10,7,14,7,13,10,4,6,14,6,23,6355,130,0,0,0,0,0,0,0
2021-01-22T23:59:59+01:00,0,0,86,85,226,358,245,734,308,1184,451,846,225,201,193,359,148,679,0,0,1,4,11,10,7,14,7,13,10,4,6,14,6,23,6328,130,0,0,0,0,0,0,0
2021-01-21T23:59:59+01:00,0,0,86,82,212,329,235,690,283,1133,437,813,224,197,192,353,148,676,0,0,1,2,9,9,6,13,6,11,10,4,6,14,6,23,6090,120,0,0,0,0,0,0,0
2021-01-20T23:59:59+01:00,0,0,80,76,198,308,223,625,269,1040,408,754,215,186,177,324,137,629,0,0,1,2,9,9,6,13,6,11,10,4,6,14,6,23,5649,120,0,0,0,0,0,0,0
2021-01-19T23:59:59+01:00,0,0,72,66,158,258,203,562,243,917,367,645,196,160,155,284,124,552,0,0,1,2,3,7,6,12,4,9,7,3,6,14,6,23,4962,103,0,0,0,0,0,0,0
2021-01-18T23:59:59+01:00,0,0,60,58,135,215,181,458,216,760,327,552,179,140,131,234,104,470,0,0,0,1,2,4,3,7,2,7,6,3,6,14,6,22,4220,83,0,0,0,0,0,0,0
2021-01-17T23:59:59+01:00,0,0,37,46,110,185,167,397,199,671,301,495,171,134,118,217,90,416,0,0,0,0,2,4,2,7,2,5,4,3,6,14,5,22,3754,76,0,0,0,0,0,0,0
2021-01-16T23:59:59+01:00,0,0,30,43,110,182,157,380,184,651,270,473,155,129,117,211,89,406,0,0,0,0,0,0,0,0,0,0,0,0,0,0,0,0,3587,0,0,0,0,0,0,0,0
2021-01-15T23:59:59+01:00,0,0,28,39,106,177,146,367,178,621,253,451,150,120,114,205,81,390,0,0,0,0,0,0,0,0,0,0,0,0,0,0,0,0,3426,0,0,0,0,0,0,0,0
2021-01-14T23:59:59+01:00,0,0,10,24,52,78,84,171,114,286,150,263,123,101,100,190,71,350,0,0,0,0,0,0,0,0,0,0,0,0,0,0,0,0,2167,0,0,0,0,0,0,0,0
2021-01-13T23:59:59+01:00,0,0,9,20,42,68,76,136,92,256,125,226,94,79,81,153,56,282,0,0,0,0,0,0,0,0,0,0,0,0,0,0,0,0,1795,0,0,0,0,0,0,0,0
2021-01-12T23:59:59+01:00,0,0,9,15,38,64,63,112,77,208,96,172,61,53,54,92,32,162,0,0,0,0,0,0,0,0,0,0,0,0,0,0,0,0,1308,0,0,0,0,0,0,0,0
2021-01-11T23:59:59+01:00,0,0,1,10,27,47,39,81,56,139,59,85,31,27,22,36,16,70,0,0,0,0,0,0,0,0,0,0,0,0,0,0,0,0,746,0,0,0,0,0,0,0,0
2021-01-10T23:59:59+01:00,0,0,1,5,20,33,34,57,37,92,38,53,14,7,7,19,11,31,0,0,0,0,0,0,0,0,0,0,0,0,0,0,0,0,459,0,0,0,0,0,0,0,0
2021-01-09T23:59:59+01:00,0,0,1,5,18,29,33,53,32,82,36,52,14,7,7,19,11,31,0,0,0,0,0,0,0,0,0,0,0,0,0,0,0,0,430,0,0,0,0,0,0,0,0
2021-01-08T23:59:59+01:00,0,0,1,5,15,27,30,42,26,73,32,48,13,7,6,17,10,30,0,0,0,0,0,0,0,0,0,0,0,0,0,0,0,0,382,0,0,0,0,0,0,0,0
2021-01-07T23:59:59+01:00,0,0,1,3,2,10,15,13,13,29,14,24,11,5,6,15,8,24,0,0,0,0,0,0,0,0,0,0,0,0,0,0,0,0,193,0,0,0,0,0,0,0,0
2021-01-06T23:59:59+01:00,0,0,1,0,2,4,13,11,9,23,12,19,11,5,6,15,8,24,0,0,0,0,0,0,0,0,0,0,0,0,0,0,0,0,163,0,0,0,0,0,0,0,0
2021-01-05T23:59:59+01:00,0,0,0,0,1,4,12,11,8,21,11,19,10,5,6,15,8,24,0,0,0,0,0,0,0,0,0,0,0,0,0,0,0,0,155,0,0,0,0,0,0,0,0
2021-01-04T23:59:59+01:00,0,0,0,0,1,4,12,10,7,17,9,17,10,5,6,15,8,24,0,0,0,0,0,0,0,0,0,0,0,0,0,0,0,0,145,0,0,0,0,0,0,0,0
2021-01-03T23:59:59+01:00,0,0,0,0,1,4,11,9,7,14,7,14,10,5,6,15,8,24,0,0,0,0,0,0,0,0,0,0,0,0,0,0,0,0,135,0,0,0,0,0,0,0,0
2021-01-02T23:59:59+01:00,0,0,0,0,1,4,11,9,7,14,7,14,10,5,6,15,8,24,0,0,0,0,0,0,0,0,0,0,0,0,0,0,0,0,135,0,0,0,0,0,0,0,0
2021-01-01T23:59:59+01:00,0,0,0,0,1,4,11,9,7,14,7,14,10,5,6,15,8,24,0,0,0,0,0,0,0,0,0,0,0,0,0,0,0,0,135,0,0,0,0,0,0,0,0
2020-12-31T23:59:59+01:00,0,0,0,0,1,4,11,9,7,14,7,14,10,5,6,15,8,24,0,0,0,0,0,0,0,0,0,0,0,0,0,0,0,0,135,0,0,0,0,0,0,0,0
2020-12-30T23:59:59+01:00,0,0,0,0,1,4,11,9,7,14,7,14,10,5,6,15,8,24,0,0,0,0,0,0,0,0,0,0,0,0,0,0,0,0,135,0,0,0,0,0,0,0,0
2020-12-29T23:59:59+01:00,0,0,0,0,1,4,8,9,7,14,5,12,10,5,6,15,8,24,0,0,0,0,0,0,0,0,0,0,0,0,0,0,0,0,128,0,0,0,0,0,0,0,0
2020-12-28T23:59:59+01:00,0,0,0,0,1,1,5,7,7,8,3,9,10,5,6,15,8,24,0,0,0,0,0,0,0,0,0,0,0,0,0,0,0,0,109,0,0,0,0,0,0,0,0
2020-12-27T23:59:59+01:00,0,0,0,0,0,0,2,4,2,7,2,6,4,4,6,15,7,23,0,0,0,0,0,0,0,0,0,0,0,0,0,0,0,0,82,0,0,0,0,0,0,0,0
