Datum,<15_m,<15_w,15-24_1_m,15-24_1_w,25-34_1_m,25-34_1_w,35-44_1_m,35-44_1_w,45-54_1_m,45-54_1_w,55-64_1_m,55-64_1_w,65-74_1_m,65-74_1_w,75-84_1_m,75-84_1_w,>84_1_m,>84_1_w,<24_2_m,<24_2_w,25-34_2_m,25-34_2_w,35-44_2_m,35-44_2_w,45-54_2_m,45-54_2_w,55-64_2_m,55-64_2_w,65-74_2_m,65-74_2_w,75-84_2_m,75-84_2_w,>84_2_m,>84_2_w,bp_1,bp_2,mo_1,mo_2,az_1,az_2,ja,unb_1,unb_2
2021-10-13T23:59:59+02:00,1937,1853,10150,9555,11134,10458,13656,14110,17670,18038,20869,20827,16483,17178,9211,11185,2967,5705,9392,8875,10593,9805,13102,13433,17058,17386,20330,20250,16133,16803,8996,10911,2868,5529,152493,145665,20395,19635,27929,27113,12174,9,8
2021-10-12T23:59:59+02:00,1927,1844,10135,9542,11124,10441,13650,14105,17669,18031,20861,20821,16480,17175,9209,11184,2967,5704,9363,8853,10584,9791,13089,13417,17045,17376,20319,20242,16124,16794,8991,10903,2867,5521,152446,145541,20326,19553,27929,27113,12173,9,8
2021-10-11T23:59:59+02:00,1918,1835,10116,9527,11105,10432,13637,14096,17659,18015,20853,20811,16474,17173,9206,11180,2966,5702,9331,8813,10562,9760,13066,13389,17031,17361,20307,20233,16115,16790,8988,10899,2866,5517,152346,145392,20267,19401,27929,27113,12168,9,8
2021-10-10T23:59:59+02:00,1917,1830,10108,9522,11101,10427,13631,14091,17652,18009,20846,20809,16474,17173,9204,11177,2966,5702,9328,8810,10555,9757,13060,13387,17026,17359,20303,20233,16114,16790,8986,10897,2866,5515,152325,145361,20226,19392,27929,27113,12164,9,8
2021-10-09T23:59:59+02:00,1917,1830,10108,9522,11100,10427,13631,14091,17651,18009,20846,20809,16474,17173,9204,11177,2966,5702,9325,8806,10555,9755,13059,13386,17024,17359,20302,20232,16114,16790,8986,10897,2866,5515,152324,145348,20225,19389,27929,27113,12164,9,8
2021-10-08T23:59:59+02:00,1908,1821,10093,9515,11091,10421,13621,14080,17641,18002,20837,20804,16467,17167,9203,11174,2965,5701,9319,8796,10550,9749,13054,13379,17022,17357,20301,20231,16112,16789,8986,10896,2866,5515,152200,145292,20225,19385,27929,27113,12162,9,8
2021-10-07T23:59:59+02:00,1896,1807,10063,9481,11063,10393,13592,14062,17633,17988,20819,20791,16462,17162,9200,11170,2964,5699,9306,8778,10542,9732,13048,13368,17017,17348,20293,20226,16109,16786,8982,10893,2866,5514,151954,145181,20220,19383,27929,27113,12147,9,8
2021-10-06T23:59:59+02:00,1878,1783,10038,9461,11047,10377,13577,14042,17626,17976,20807,20782,16458,17157,9197,11169,2964,5698,9264,8715,10519,9695,13014,13330,16992,17321,20273,20207,16098,16777,8977,10889,2866,5510,151755,144730,20216,19383,27929,27113,12139,9,8
2021-10-05T23:59:59+02:00,1868,1771,10025,9439,11037,10360,13562,14026,17617,17967,20797,20777,16454,17151,9196,11169,2963,5698,9244,8690,10504,9674,13004,13318,16984,17305,20262,20198,16092,16773,8974,10883,2863,5506,151616,144537,20216,19383,27929,27113,12118,9,8
2021-10-04T23:59:59+02:00,1856,1761,10000,9425,11026,10344,13548,14014,17606,17953,20785,20764,16453,17148,9194,11167,2962,5698,9222,8669,10484,9651,13000,13308,16975,17286,20253,20178,16090,16769,8972,10881,2862,5506,151465,144357,20211,19383,27929,27112,12101,9,8
2021-10-03T23:59:59+02:00,1850,1756,9993,9419,11015,10334,13543,14008,17599,17948,20777,20760,16450,17143,9192,11166,2962,5698,9214,8660,10471,9644,12996,13303,16971,17279,20244,20174,16088,16767,8972,10880,2862,5506,151405,144305,20211,19383,27929,27112,12070,9,8
2021-10-02T23:59:59+02:00,1850,1756,9991,9416,11013,10332,13540,14008,17599,17948,20775,20758,16449,17142,9192,11166,2962,5698,9213,8658,10468,9641,12994,13301,16971,17279,20243,20172,16087,16765,8972,10880,2862,5506,151397,144297,20211,19382,27929,27112,12060,9,8
2021-10-01T23:59:59+02:00,1847,1752,9977,9401,11004,10317,13531,14000,17590,17941,20770,20754,16445,17138,9190,11165,2960,5696,9196,8640,10454,9630,12992,13290,16960,17272,20234,20165,16086,16765,8971,10875,2861,5504,151298,144173,20210,19382,27929,27112,12043,9,8
2021-09-30T23:59:59+02:00,1844,1749,9962,9393,10992,10307,13521,13984,17583,17931,20763,20748,16445,17137,9188,11163,2959,5695,9173,8632,10442,9619,12985,13278,16950,17268,20228,20161,16084,16765,8968,10875,2861,5504,151231,144106,20208,19379,27929,27112,11998,9,8
2021-09-29T23:59:59+02:00,1831,1715,9934,9357,10968,10283,13507,13964,17568,17919,20744,20738,16437,17129,9186,11160,2958,5692,9163,8617,10429,9604,12982,13264,16945,17255,20218,20153,16078,16756,8965,10872,2860,5503,150975,143978,20208,19378,27929,27112,11980,9,8
2021-09-28T23:59:59+02:00,1804,1691,9881,9304,10947,10247,13476,13938,17540,17889,20727,20718,16427,17116,9182,11151,2957,5689,9144,8587,10416,9582,12964,13251,16935,17243,20205,20141,16069,16747,8959,10865,2860,5502,150596,143773,20208,19377,27928,27112,11954,9,8
2021-09-27T23:59:59+02:00,1787,1678,9856,9286,10922,10225,13457,13911,17522,17870,20718,20711,16421,17111,9178,11148,2957,5687,9125,8565,10394,9562,12944,13225,16920,17226,20194,20132,16066,16744,8957,10862,2860,5501,150428,143624,20200,19372,27928,27110,11891,9,8
2021-09-26T23:59:59+02:00,1780,1672,9845,9277,10906,10213,13447,13903,17516,17864,20708,20710,16419,17107,9178,11147,2956,5687,9120,8557,10386,9558,12935,13220,16916,17221,20187,20130,16064,16742,8957,10862,2860,5501,150348,143590,20199,19372,27928,27109,11862,9,8
2021-09-25T23:59:59+02:00,1780,1671,9842,9276,10905,10213,13445,13902,17516,17864,20708,20710,16419,17106,9178,11147,2956,5687,9120,8554,10384,9558,12934,13218,16916,17221,20187,20130,16064,16741,8957,10862,2860,5501,150343,143586,20199,19372,27928,27109,11857,9,8
2021-09-24T23:59:59+02:00,1772,1655,9825,9264,10901,10203,13441,13891,17513,17860,20705,20706,16416,17105,9178,11147,2955,5687,9103,8541,10378,9547,12930,13214,16910,17215,20186,20126,16062,16739,8956,10862,2860,5501,150254,143503,20197,19372,27928,27109,11847,9,8
2021-09-23T23:59:59+02:00,1769,1653,9762,9222,10792,10139,13343,13818,17429,17794,20652,20659,16392,17087,9171,11136,2955,5684,9045,8503,10270,9488,12840,13154,16830,17153,20135,20082,16039,16718,8948,10850,2860,5498,150177,143474,20195,19369,27928,27109,11158,9,8
2021-09-22T23:59:59+02:00,1747,1636,9733,9189,10777,10110,13317,13787,17401,17771,20637,20637,16388,17079,9169,11129,2952,5683,9020,8488,10249,9471,12825,13138,16811,17142,20124,20077,16033,16716,8945,10844,2858,5495,149891,143302,20191,19366,27928,27109,11133,9,8
2021-09-21T23:59:59+02:00,1716,1605,9677,9124,10743,10075,13290,13746,17371,17748,20623,20627,16375,17065,9165,11127,2950,5678,8986,8456,10233,9452,12803,13111,16785,17112,20114,20067,16023,16709,8940,10841,2858,5493,149472,143019,20189,19364,27927,27109,11118,9,8
2021-09-20T23:59:59+02:00,1684,1581,9622,9071,10695,10025,13254,13705,17350,17729,20599,20609,16365,17058,9156,11115,2949,5674,8951,8429,10214,9430,12776,13088,16764,17094,20097,20048,16015,16700,8933,10834,2856,5492,149070,142776,20187,19363,27927,27108,11058,9,8
2021-09-19T23:59:59+02:00,1683,1580,9618,9063,10688,10020,13246,13702,17342,17723,20592,20605,16363,17055,9155,11113,2946,5671,8945,8423,10210,9428,12772,13086,16761,17092,20094,20044,16014,16700,8933,10834,2856,5491,149015,142754,20184,19361,27927,27107,11040,9,8
2021-09-18T23:59:59+02:00,1683,1580,9618,9062,10686,10016,13243,13698,17339,17723,20591,20605,16363,17055,9155,11113,2946,5671,8943,8420,10208,9426,12771,13083,16757,17091,20093,20044,16014,16700,8933,10834,2856,5491,149009,142745,20184,19361,27927,27107,11028,9,8
2021-09-17T23:59:59+02:00,1677,1572,9601,9039,10674,10000,13227,13685,17328,17712,20587,20595,16361,17053,9154,11111,2945,5670,8936,8414,10202,9420,12762,13078,16753,17086,20090,20036,16014,16698,8932,10833,2856,5491,148896,142721,20183,19361,27927,27106,10986,9,8
2021-09-16T23:59:59+02:00,1673,1571,9585,9023,10658,9984,13216,13672,17316,17703,20575,20584,16360,17049,9151,11108,2945,5668,8930,8408,10194,9413,12754,13072,16745,17081,20080,20031,16014,16697,8932,10830,2856,5489,148793,142692,20180,19358,27926,27103,10943,9,8
2021-09-15T23:59:59+02:00,1660,1556,9558,8996,10634,9964,13187,13644,17297,17679,20558,20566,16354,17042,9142,11100,2945,5664,8883,8369,10163,9373,12721,13032,16720,17061,20051,20011,16007,16685,8927,10827,2856,5487,148626,142357,20112,19346,27926,27100,10883,9,8
2021-09-14T23:59:59+02:00,1647,1546,9524,8965,10618,9944,13169,13621,17274,17661,20544,20552,16337,17029,9132,11089,2941,5652,8849,8336,10147,9356,12712,13009,16704,17042,20034,19991,16003,16678,8924,10820,2855,5483,148425,142116,20034,19345,27926,27100,10861,9,8
2021-09-13T23:59:59+02:00,1614,1510,9480,8910,10592,9910,13146,13578,17253,17642,20522,20539,16331,17023,9129,11083,2939,5646,8814,8308,10131,9334,12691,12977,16691,17025,20018,19975,15997,16664,8918,10818,2854,5479,148206,141862,19880,19337,27926,27099,10837,8,8
2021-09-12T23:59:59+02:00,1612,1507,9467,8903,10579,9904,13139,13568,17248,17638,20519,20534,16330,17020,9127,11082,2939,5643,8790,8286,10110,9323,12674,12963,16680,17017,20010,19966,15994,16660,8917,10812,2854,5478,148155,141702,19874,19336,27926,27098,10806,8,8
2021-09-11T23:59:59+02:00,1612,1507,9465,8898,10575,9901,13136,13566,17247,17635,20516,20532,16330,17018,9126,11082,2939,5643,8781,8284,10108,9322,12669,12962,16679,17014,20008,19965,15994,16659,8916,10812,2854,5478,148144,141696,19872,19331,27926,27098,10788,8,8
2021-09-10T23:59:59+02:00,1611,1506,9461,8894,10566,9894,13124,13561,17242,17628,20514,20528,16329,17017,9126,11082,2939,5643,8777,8281,10101,9314,12659,12956,16673,17009,20005,19961,15994,16658,8916,10811,2854,5478,148115,141675,19871,19325,27926,27098,10755,8,8
2021-09-09T23:59:59+02:00,1608,1501,9445,8888,10555,9881,13110,13544,17226,17619,20499,20517,16327,17016,9124,11078,2938,5640,8767,8276,10094,9304,12654,12943,16655,17002,19993,19952,15992,16656,8914,10804,2853,5476,148033,141623,19869,19325,27926,27097,10689,8,8
2021-09-08T23:59:59+02:00,1570,1452,9401,8829,10523,9843,13083,13507,17194,17593,20480,20497,16311,17002,9120,11072,2938,5638,8743,8260,10075,9288,12634,12927,16640,16993,19977,19945,15985,16650,8913,10800,2853,5476,147621,141493,19868,19320,27926,27097,10639,8,8
2021-09-07T23:59:59+02:00,1552,1427,9381,8805,10505,9823,13073,13497,17185,17581,20474,20492,16307,16999,9119,11067,2937,5636,8735,8252,10067,9286,12626,12925,16636,16985,19973,19942,15985,16648,8913,10797,2853,5476,147445,141452,19866,19318,27926,27093,10624,8,8
2021-09-06T23:59:59+02:00,1539,1415,9357,8780,10485,9802,13063,13483,17174,17567,20465,20476,16305,16996,9117,11067,2936,5636,8729,8243,10059,9279,12621,12916,16630,16980,19968,19935,15983,16647,8909,10794,2853,5475,147269,141393,19865,19315,27924,27092,10606,8,8
2021-09-05T23:59:59+02:00,1536,1412,9349,8769,10477,9797,13058,13477,17171,17560,20459,20474,16302,16993,9117,11066,2936,5636,8721,8237,10052,9269,12614,12910,16624,16974,19960,19933,15981,16645,8909,10793,2853,5475,147219,141338,19865,19315,27924,27089,10582,8,8
2021-09-04T23:59:59+02:00,1535,1412,9348,8767,10476,9797,13057,13476,17171,17560,20457,20472,16302,16993,9117,11066,2936,5636,8721,8237,10051,9267,12613,12910,16623,16973,19959,19933,15981,16645,8909,10793,2853,5475,147213,141332,19862,19315,27924,27089,10580,8,8
2021-09-03T23:59:59+02:00,1525,1398,9327,8749,10463,9786,13053,13466,17156,17549,20445,20462,16298,16987,9116,11061,2936,5633,8705,8225,10039,9260,12606,12903,16607,16963,19956,19925,15977,16638,8908,10789,2853,5472,147112,141281,19859,19313,27924,27089,10515,8,8
2021-09-02T23:59:59+02:00,1514,1389,9273,8717,10403,9735,12978,13408,17106,17512,20387,20419,16266,16960,9106,11050,2935,5628,8660,8200,9980,9216,12537,12853,16563,16930,19896,19884,15945,16615,8901,10781,2853,5467,146985,141224,19858,19309,27923,27087,10020,8,8
2021-09-01T23:59:59+02:00,1510,1372,9253,8703,10380,9724,12965,13395,17094,17498,20377,20415,16262,16954,9099,11046,2935,5627,8642,8179,9964,9199,12526,12842,16550,16919,19880,19873,15941,16610,8898,10775,2853,5466,146877,141089,19834,19307,27923,27086,9975,8,8
2021-08-31T23:59:59+02:00,1493,1354,9238,8676,10369,9711,12954,13387,17089,17487,20370,20407,16257,16950,9097,11041,2935,5627,8625,8162,9958,9187,12511,12831,16539,16914,19877,19866,15937,16608,8897,10772,2853,5466,146721,140964,19833,19304,27923,27083,9965,8,8
2021-08-30T23:59:59+02:00,1472,1337,9220,8653,10355,9695,12943,13372,17076,17467,20358,20398,16253,16947,9095,11039,2935,5626,8598,8148,9944,9175,12500,12812,16526,16897,19868,19859,15931,16602,8895,10767,2851,5464,146556,140826,19833,19300,27920,27074,9931,8,8
2021-08-29T23:59:59+02:00,1471,1336,9218,8647,10348,9686,12941,13367,17067,17462,20354,20393,16250,16942,9095,11039,2935,5625,8595,8142,9935,9164,12496,12806,16518,16892,19864,19856,15928,16595,8894,10767,2851,5463,146538,140806,19833,19299,27920,27068,9884,8,8
2021-08-28T23:59:59+02:00,1470,1336,9215,8643,10348,9685,12940,13366,17067,17461,20354,20392,16250,16942,9095,11039,2935,5625,8591,8142,9933,9164,12495,12805,16518,16891,19864,19855,15928,16595,8894,10767,2851,5463,146530,140800,19833,19297,27920,27068,9879,8,8
2021-08-27T23:59:59+02:00,1460,1325,9202,8636,10343,9679,12937,13364,17064,17455,20349,20387,16249,16940,9094,11039,2935,5625,8581,8135,9930,9158,12488,12803,16515,16884,19863,19854,15927,16594,8893,10766,2851,5463,146456,140751,19833,19295,27920,27063,9873,8,8
2021-08-26T23:59:59+02:00,1457,1324,9195,8632,10338,9673,12929,13363,17061,17453,20347,20382,16246,16937,9091,11034,2934,5625,8572,8124,9924,9152,12480,12800,16510,16882,19861,19849,15924,16590,8890,10763,2850,5463,146435,140720,19831,19295,27920,27057,9834,8,8
2021-08-25T23:59:59+02:00,1443,1299,9089,8576,10252,9601,12840,13289,16942,17369,20252,20326,16199,16899,9076,11013,2929,5614,8480,8070,9841,9090,12389,12735,16406,16809,19774,19795,15880,16551,8876,10743,2845,5450,146194,140574,19830,19294,27920,27055,9063,8,8
2021-08-24T23:59:59+02:00,1424,1274,9058,8546,10238,9581,12811,13260,16911,17333,20238,20310,16184,16889,9071,11007,2929,5611,8457,8057,9824,9078,12373,12724,16395,16794,19767,19785,15874,16547,8876,10741,2845,5449,145905,140456,19828,19292,27920,27055,9021,8,8
2021-08-23T23:59:59+02:00,1406,1249,9016,8509,10224,9563,12780,13240,16892,17315,20225,20286,16172,16877,9060,11001,2928,5606,8432,8041,9797,9059,12359,12718,16382,16785,19756,19769,15868,16540,8872,10736,2844,5446,145649,140360,19828,19290,27920,27034,8951,8,8
2021-08-22T23:59:59+02:00,1406,1249,9006,8504,10217,9557,12779,13236,16888,17309,20222,20283,16169,16873,9056,11001,2928,5605,8416,8035,9790,9048,12355,12713,16379,16778,19754,19765,15865,16535,8868,10734,2844,5445,145636,140331,19828,19288,27920,27031,8903,8,8
2021-08-21T23:59:59+02:00,1406,1248,9001,8504,10216,9555,12776,13235,16887,17309,20221,20282,16169,16873,9056,11001,2928,5605,8294,7955,9689,8954,12267,12603,16288,16707,19698,19721,15845,16520,8865,10723,2843,5443,145630,140327,19825,18387,27920,27030,8896,8,8
2021-08-20T23:59:59+02:00,1405,1246,8993,8502,10209,9547,12770,13225,16884,17307,20214,20277,16166,16873,9056,10999,2927,5604,7936,7629,9536,8794,12124,12463,16165,16597,19590,19625,15806,16471,8853,10699,2841,5442,145596,138229,19825,18387,27920,27029,8862,8,8
2021-08-19T23:59:59+02:00,1400,1244,8982,8496,10202,9538,12761,13219,16879,17305,20209,20275,16165,16871,9056,10998,2927,5603,7676,7361,9406,8689,11981,12344,16071,16492,19493,19538,15764,16424,8842,10680,2840,5434,145554,136504,19822,18379,27919,27020,8834,8,8
2021-08-18T23:59:59+02:00,1376,1212,8936,8460,10174,9507,12734,13184,16849,17282,20183,20246,16152,16857,9050,10992,2923,5598,7663,7351,9394,8681,11967,12327,16057,16483,19485,19529,15758,16417,8838,10676,2837,5431,145248,136457,19809,18378,27916,27019,8740,8,8
2021-08-17T23:59:59+02:00,1351,1199,8900,8428,10159,9486,12719,13159,16834,17261,20160,20224,16144,16847,9047,10985,2921,5593,7650,7336,9376,8673,11956,12318,16050,16473,19474,19523,15752,16412,8837,10674,2836,5429,145004,136386,19806,18373,27915,27013,8690,8,8
2021-08-16T23:59:59+02:00,1328,1181,8862,8402,10140,9467,12695,13135,16824,17244,20140,20209,16139,16835,9043,10984,2920,5593,7641,7324,9360,8670,11946,12312,16048,16468,19465,19516,15749,16409,8837,10674,2836,5429,144771,136346,19804,18369,27915,27012,8649,8,8
2021-08-15T23:59:59+02:00,1310,1164,8843,8383,10127,9453,12679,13122,16811,17234,20126,20197,16133,16829,9043,10979,2920,5593,7629,7313,9344,8654,11932,12301,16041,16460,19459,19512,15741,16405,8836,10671,2836,5429,144623,136289,19803,18364,27912,26993,8606,8,8
2021-08-14T23:59:59+02:00,1309,1164,8843,8383,10126,9453,12678,13120,16811,17233,20125,20195,16133,16829,9043,10979,2920,5593,7313,7020,9199,8486,11758,12136,15923,16330,19365,19424,15715,16381,8827,10658,2836,5425,144617,134300,19803,18362,27912,26984,8603,8,8
2021-08-13T23:59:59+02:00,1304,1162,8831,8374,10115,9445,12666,13110,16795,17224,20117,20187,16129,16824,9041,10978,2919,5593,6924,6659,9028,8325,11550,11920,15705,16149,19224,19302,15680,16343,8815,10644,2834,5421,144589,131819,19803,18362,27912,26981,8508,8,8
2021-08-12T23:59:59+02:00,1304,1162,8830,8371,10108,9440,12663,13110,16789,17215,20113,20182,16128,16820,9039,10976,2919,5593,6917,6652,9014,8318,11539,11918,15694,16142,19220,19296,15678,16338,8813,10643,2834,5421,144574,131785,19802,18359,27912,26963,8471,8,8
2021-08-11T23:59:59+02:00,1301,1158,8826,8364,10099,9433,12655,13106,16783,17211,20107,20180,16126,16817,9038,10976,2919,5592,6910,6642,8998,8307,11528,11914,15690,16135,19212,19290,15674,16335,8812,10643,2834,5419,144524,131723,19798,18353,27912,26949,8454,8,8
2021-08-10T23:59:59+02:00,1300,1158,8824,8363,10095,9428,12652,13101,16781,17210,20106,20175,16124,16815,9038,10975,2919,5592,6866,6597,8965,8292,11509,11894,15664,16124,19205,19280,15672,16333,8812,10641,2834,5419,144497,131480,19798,18349,27912,26942,8446,8,8
2021-08-09T23:59:59+02:00,1300,1156,8818,8362,10091,9420,12650,13098,16774,17208,20100,20175,16122,16815,9037,10975,2919,5592,6847,6573,8944,8275,11496,11883,15648,16112,19199,19275,15669,16332,8810,10640,2834,5419,144471,131346,19798,18345,27910,26933,8430,8,8
2021-08-08T23:59:59+02:00,1300,1155,8815,8356,10089,9416,12641,13095,16769,17204,20098,20172,16120,16811,9036,10974,2918,5591,6844,6562,8928,8267,11479,11875,15641,16103,19197,19270,15666,16328,8809,10639,2833,5418,144459,131297,19797,18337,27910,26929,8391,8,8
2021-08-07T23:59:59+02:00,1300,1147,8806,8349,10078,9409,12638,13088,16762,17200,20092,20167,16116,16806,9034,10974,2917,5591,6192,5991,8657,8044,11209,11645,15442,15929,19112,19194,15646,16304,8802,10632,2830,5417,144410,128209,19796,18325,27910,26928,8355,8,8
2021-08-06T23:59:59+02:00,1294,1146,8797,8337,10064,9397,12618,13069,16744,17188,20075,20155,16109,16798,9034,10971,2917,5590,6179,5977,8642,8029,11185,11624,15420,15912,19095,19182,15639,16297,8802,10629,2830,5416,144372,128156,19793,18319,27910,26926,8225,8,8
2021-08-05T23:59:59+02:00,1291,1144,8790,8330,10055,9388,12604,13061,16738,17185,20067,20151,16108,16798,9034,10970,2917,5590,5895,5740,8293,7733,10819,11348,15097,15673,18845,19014,15619,16273,8792,10622,2829,5415,144323,128061,19789,15614,27906,26893,8200,8,8
2021-08-04T23:59:59+02:00,1290,1141,8784,8326,10050,9386,12598,13057,16733,17183,20065,20148,16107,16798,9033,10969,2917,5589,5881,5732,8264,7723,10799,11336,15080,15667,18840,19009,15617,16270,8791,10622,2829,5415,144291,127962,19788,15606,27905,26877,8187,8,8
2021-08-03T23:59:59+02:00,1283,1138,8780,8316,10045,9381,12593,13054,16728,17181,20060,20146,16105,16798,9032,10967,2917,5588,5769,5618,8171,7653,10682,11259,15031,15614,18811,18994,15613,16268,8790,10620,2827,5414,144246,127236,19786,15598,27905,26848,8172,8,8
2021-08-02T23:59:59+02:00,1277,1132,8767,8308,10038,9374,12588,13048,16723,17171,20053,20142,16103,16795,9030,10964,2916,5587,5598,5458,8042,7546,10558,11144,14959,15531,18779,18969,15605,16259,8784,10620,2827,5414,144165,126170,19780,15593,27904,26817,8164,8,8
2021-08-01T23:59:59+02:00,1275,1131,8760,8301,10031,9367,12582,13046,16718,17169,20048,20140,16103,16795,9029,10962,2916,5587,5538,5401,7991,7497,10495,11092,14923,15506,18766,18951,15602,16256,8782,10617,2827,5412,144121,125731,19778,15589,27903,26796,8155,8,8
2021-07-31T23:59:59+02:00,1275,1131,8759,8298,10031,9366,12580,13046,16717,17169,20047,20138,16103,16795,9029,10962,2916,5587,5512,5380,7975,7484,10478,11078,14910,15500,18762,18948,15601,16255,8782,10617,2827,5412,144119,125600,19777,15585,27903,26795,8147,8,8
2021-07-30T23:59:59+02:00,1143,1010,8531,8069,9937,9248,12500,12962,16637,17097,19987,20071,16071,16756,9023,10945,2915,5584,5218,5105,7837,7341,10290,10885,14774,15334,18694,18891,15577,16227,8769,10604,2823,5408,142664,123768,19775,15577,27903,26778,8141,8,8
2021-07-29T23:59:59+02:00,1136,1002,8400,7979,9778,9150,12346,12861,16488,17002,19823,19961,15985,16687,8998,10926,2914,5577,4923,4871,7559,7148,10009,10685,14527,15160,18499,18773,15491,16152,8742,10583,2822,5398,142543,122668,19772,15536,27903,26753,6792,8,8
2021-07-28T23:59:59+02:00,1125,988,8371,7942,9764,9134,12324,12847,16471,16979,19804,19951,15978,16674,8991,10922,2914,5575,4501,4441,7241,6897,9691,10385,14291,14978,18443,18732,15476,16141,8736,10572,2822,5388,142301,120018,19770,15482,27901,26690,6779,8,8
2021-07-27T23:59:59+02:00,1115,980,8348,7927,9751,9127,12312,12838,16463,16973,19797,19938,15976,16668,8989,10919,2913,5573,4267,4195,7010,6698,9444,10106,14131,14817,18392,18665,15427,16095,8719,10556,2819,5381,142162,117998,19768,15479,27901,26665,6773,8,8
2021-07-26T23:59:59+02:00,1111,977,8335,7915,9744,9122,12306,12832,16456,16965,19790,19937,15973,16663,8987,10915,2912,5568,4161,4087,6907,6587,9318,9984,14048,14734,18345,18631,15416,16084,8709,10548,2816,5379,142083,117095,19765,15469,27890,26607,6767,8,8
2021-07-25T23:59:59+02:00,1110,976,8326,7912,9731,9118,12296,12829,16451,16958,19787,19936,15971,16663,8986,10915,2912,5568,4110,4037,6830,6538,9246,9928,14012,14702,18321,18617,15398,16071,8702,10542,2816,5377,142057,116654,19761,15453,27889,26585,6735,8,8
2021-07-24T23:59:59+02:00,1108,972,8238,7850,9657,9037,12229,12752,16382,16905,19746,19897,15950,16649,8983,10905,2912,5567,4067,3995,6773,6488,9168,9871,13947,14636,18289,18591,15386,16060,8694,10538,2816,5377,142038,116400,19096,15171,27889,26583,6713,8,8
2021-07-23T23:59:59+02:00,1082,947,8126,7761,9619,9002,12195,12723,16337,16870,19717,19878,15944,16643,8979,10901,2912,5567,3776,3710,6516,6283,8885,9585,13711,14458,18209,18530,15344,16017,8676,10519,2814,5371,141544,114152,19096,15147,27889,26577,6671,8,8
2021-07-22T23:59:59+02:00,989,860,7910,7531,9515,8913,12077,12627,16246,16786,19642,19793,15898,16603,8970,10886,2911,5561,3651,3583,6362,6190,8731,9456,13547,14315,18134,18462,15323,15991,8668,10509,2814,5370,140082,113000,19094,15075,27882,26482,6657,8,8
2021-07-21T23:59:59+02:00,969,846,7878,7491,9499,8902,12055,12604,16222,16770,19618,19772,15887,16596,8970,10881,2911,5561,3346,3317,6015,5931,8336,9073,13280,14079,17992,18337,15231,15910,8636,10479,2811,5358,139826,110191,19092,15003,27877,26385,6634,8,8
2021-07-20T23:59:59+02:00,968,845,7870,7486,9492,8899,12050,12602,16214,16769,19613,19767,15886,16595,8970,10880,2911,5561,3273,3266,5955,5875,8278,9014,13196,14035,17960,18322,15231,15910,8636,10477,2811,5358,139788,109805,19091,14988,27874,26253,6622,8,8
2021-07-19T23:59:59+02:00,967,845,7863,7484,9489,8891,12045,12600,16209,16762,19610,19767,15884,16592,8970,10878,2911,5560,3221,3231,5904,5833,8217,8969,13139,14008,17914,18309,15231,15907,8636,10475,2811,5357,139751,109524,19090,14971,27874,26126,6609,8,8
2021-07-18T23:59:59+02:00,966,844,7852,7475,9484,8886,12036,12595,16204,16756,19608,19765,15883,16590,8970,10878,2911,5560,3201,3213,5865,5802,8182,8940,13100,13992,17899,18305,15231,15906,8636,10475,2811,5356,139704,109336,19089,14937,27872,26113,6595,8,8
2021-07-17T23:59:59+02:00,851,725,7530,7185,9332,8715,11861,12433,16075,16617,19511,19669,15862,16569,8962,10865,2911,5557,3100,3105,5754,5710,8049,8780,12959,13864,17804,18227,15221,15888,8633,10468,2811,5356,137691,108154,19088,14932,27872,26109,6579,5,8
2021-07-16T23:59:59+02:00,695,574,7134,6857,9148,8555,11669,12222,15872,16440,19369,19541,15832,16532,8952,10851,2910,5555,3038,3044,5678,5647,7936,8673,12839,13728,17725,18152,15199,15872,8629,10466,2810,5356,135206,107255,19088,14927,27871,26102,6543,5,8
2021-07-15T23:59:59+02:00,693,574,7120,6849,9145,8553,11657,12218,15862,16433,19365,19535,15830,16529,8948,10849,2909,5546,2999,3009,5612,5604,7846,8623,12764,13687,17695,18128,15176,15856,8621,10459,2809,5347,135166,107023,19086,14773,27866,25977,6496,5,8
2021-07-14T23:59:59+02:00,691,573,7111,6840,9140,8551,11653,12213,15856,16430,19360,19530,15828,16526,8945,10846,2909,5542,2976,2996,5571,5572,7810,8602,12731,13671,17677,18117,15169,15853,8618,10455,2809,5343,135133,106870,19085,14739,27866,25936,6459,5,8
2021-07-13T23:59:59+02:00,686,571,7086,6823,9126,8534,11644,12198,15845,16411,19350,19524,15819,16522,8941,10836,2904,5534,2919,2945,5507,5506,7650,8467,12477,13453,17521,17989,15150,15842,8606,10442,2804,5332,135006,105655,19085,14686,27863,25901,6399,5,8
2021-07-12T23:59:59+02:00,680,563,7072,6808,9115,8523,11634,12188,15840,16398,19338,19520,15817,16518,8939,10836,2904,5531,2863,2891,5424,5431,7502,8352,12230,13240,17340,17842,15140,15837,8602,10435,2803,5332,134890,104417,19083,14633,27859,25851,6391,5,8
2021-07-11T23:59:59+02:00,679,562,7063,6806,9105,8515,11627,12180,15830,16395,19333,19515,15817,16515,8938,10834,2904,5531,2832,2856,5347,5358,7404,8265,12063,13083,17214,17709,15132,15826,8601,10432,2803,5332,134846,103528,19079,14584,27859,25808,6364,5,8
2021-07-10T23:59:59+02:00,505,404,6499,6255,8880,8329,11384,11988,15673,16262,19278,19466,15809,16505,8934,10829,2903,5530,2803,2822,5295,5312,7321,8185,11960,12983,17136,17642,15117,15810,8598,10421,2800,5330,132150,102830,19079,14582,27859,25800,6344,5,8
2021-07-09T23:59:59+02:00,494,397,6440,6227,8853,8292,11344,11960,15646,16249,19265,19450,15808,16502,8934,10826,2903,5530,2746,2755,5213,5243,7142,8008,11548,12684,16838,17435,15096,15782,8591,10416,2798,5328,132058,101802,18869,13721,27858,25785,6334,5,8
2021-07-08T23:59:59+02:00,488,395,6124,5968,8480,8004,10962,11654,15309,16001,19006,19276,15786,16478,8925,10819,2900,5529,2685,2704,5131,5167,7002,7917,11347,12542,16686,17311,15089,15774,8591,10414,2798,5327,131971,100938,15976,13551,27853,25710,6303,5,8
2021-07-07T23:59:59+02:00,486,391,6109,5956,8456,7989,10947,11637,15298,15991,19005,19271,15784,16474,8924,10817,2900,5527,2636,2652,5040,5108,6863,7823,11112,12360,16522,17177,15081,15767,8586,10408,2798,5327,131863,99915,15967,13425,27851,25661,6276,5,8
2021-07-06T23:59:59+02:00,459,371,6008,5863,8383,7923,10874,11568,15265,15951,18982,19255,15776,16464,8921,10815,2897,5525,2568,2582,4907,4993,6680,7690,10723,11948,16150,16801,15055,15734,8578,10401,2797,5323,131246,97757,15959,13343,27846,25600,6244,5,8
2021-07-05T23:59:59+02:00,418,337,5830,5692,8265,7830,10760,11454,15206,15881,18950,19224,15770,16456,8917,10810,2894,5524,2515,2506,4808,4895,6547,7555,10371,11629,15876,16495,15025,15704,8570,10386,2797,5318,130197,95961,15955,13279,27843,25547,6218,5,8
2021-07-04T23:59:59+02:00,398,307,5756,5612,8208,7773,10693,11396,15176,15850,18936,19205,15763,16452,8916,10808,2894,5522,2496,2476,4746,4848,6486,7505,10234,11520,15775,16423,15020,15697,8568,10385,2796,5318,129691,95397,15948,13211,27838,25509,6183,5,8
2021-07-03T23:59:59+02:00,392,305,5737,5602,8198,7764,10681,11392,15169,15844,18933,19202,15763,16452,8916,10808,2894,5522,2461,2444,4650,4820,6379,7479,10176,11474,15670,16337,14341,14990,8549,10360,2796,5318,129619,95282,15946,13209,27838,23593,6166,5,8
2021-07-02T23:59:59+02:00,346,266,5548,5453,8126,7692,10583,11295,15104,15787,18914,19195,15759,16448,8911,10806,2892,5519,2414,2396,4494,4742,6195,7405,10022,11317,15480,16134,13550,14071,8541,10345,2796,5317,128705,94719,15944,13165,27837,21188,6153,5,8
2021-07-01T23:59:59+02:00,284,211,5331,5270,7997,7580,10443,11169,14976,15692,18870,19170,15752,16441,8906,10800,2892,5518,2297,2276,4318,4569,5958,7151,9241,10632,14851,15664,13525,14042,8536,10340,2792,5315,127413,91222,15932,13069,27836,21104,6116,5,8
2021-06-30T23:59:59+02:00,154,121,4849,4797,7656,7303,10090,10831,14749,15515,18813,19126,15741,16430,8902,10792,2892,5515,2261,2229,4233,4497,5847,7054,9070,10509,14761,15586,13511,14034,8533,10337,2792,5313,124427,90622,15926,12896,27836,20971,6082,5,8
2021-06-29T23:59:59+02:00,117,99,4565,4517,7404,7086,9800,10531,14550,15325,18750,19065,15689,16380,8882,10777,2891,5510,2194,2149,4090,4361,5640,6873,8844,10280,14466,15361,13464,13986,8520,10313,2790,5300,122356,89170,15922,12743,27834,20899,5821,5,8
2021-06-28T23:59:59+02:00,101,78,4430,4374,7299,6976,9678,10406,14458,15218,18705,19022,15673,16364,8868,10766,2888,5508,2107,2022,3909,4155,5359,6531,8460,9770,13933,14825,13345,13897,8501,10289,2787,5286,121343,85961,15911,12662,27831,20832,5722,5,6
2021-06-27T23:59:59+02:00,96,76,4376,4327,7240,6921,9616,10351,14425,15184,18685,19005,15656,16352,8861,10759,2887,5503,2053,1988,3845,4111,5245,6417,8291,9641,13757,14712,13319,13877,8491,10280,2784,5284,120977,85172,15907,12627,27828,20693,5603,5,6
2021-06-26T23:59:59+02:00,83,74,4332,4297,7209,6893,9598,10329,14405,15168,18672,18992,15652,16346,8861,10759,2887,5503,1977,1895,3656,3953,5030,6160,7928,9186,13406,14416,13239,13819,8471,10252,2779,5275,120733,82535,15901,12627,27828,20687,5593,5,6
2021-06-25T23:59:59+02:00,70,61,4021,3971,6946,6656,9304,10036,14182,14979,18589,18935,15606,16301,8842,10740,2885,5496,1912,1811,3490,3831,4836,5929,7603,8771,13095,14081,13189,13763,8458,10227,2773,5269,118332,80179,15874,12596,27828,20682,5581,5,6
2021-06-24T23:59:59+02:00,63,54,3928,3881,6848,6571,9204,9946,14082,14894,18561,18902,15591,16284,8836,10733,2885,5495,1845,1737,3376,3734,4637,5787,7383,8572,12846,13880,12356,12833,8278,9964,2773,5268,117601,78962,15865,12490,27824,18354,5463,5,6
2021-06-23T23:59:59+02:00,49,49,3523,3508,6394,6224,8672,9439,13745,14591,18425,18766,15487,16192,8793,10697,2882,5481,1707,1565,3125,3530,4218,5458,6435,7861,12103,13182,12333,12821,8268,9957,2773,5264,114665,78328,15617,9160,27823,18305,4807,5,6
2021-06-22T23:59:59+02:00,40,41,3450,3435,6315,6165,8569,9361,13694,14543,18392,18749,15476,16185,8792,10692,2882,5478,1666,1512,3021,3427,4074,5308,6181,7677,11492,12472,12243,12727,8250,9924,2769,5256,114036,75989,15611,9078,27821,18146,4786,5,6
2021-06-21T23:59:59+02:00,34,38,3379,3374,6223,6106,8509,9290,13633,14497,18359,18729,15474,16183,8789,10689,2882,5477,1630,1461,2930,3330,3948,5158,5985,7451,10734,11553,11856,12271,7171,8696,2763,5249,113515,73335,15604,8977,27814,15146,4727,5,6
2021-06-20T23:59:59+02:00,34,37,3354,3352,6175,6075,8465,9258,13604,14480,18348,18725,15473,16183,8789,10689,2882,5477,1612,1444,2893,3302,3897,5120,5932,7427,10646,11477,11836,12252,7168,8689,2762,5249,113338,73018,15587,8900,27814,15130,4656,5,6
2021-06-19T23:59:59+02:00,32,35,3327,3327,6146,6052,8435,9239,13580,14474,18342,18720,15473,16182,8789,10689,2882,5477,1608,1432,2888,3293,3889,5115,5917,7422,10635,11470,11836,12252,7168,8688,2762,5249,113145,72938,15581,8900,27814,15128,4656,5,6
2021-06-18T23:59:59+02:00,28,30,3285,3284,6072,6012,8366,9184,13534,14442,18319,18709,15472,16180,8788,10688,2882,5477,1533,1338,2751,3117,3706,4839,5520,7049,9142,9901,11669,12084,7127,8638,2750,5231,112761,67758,15553,8899,27814,15117,4619,5,6
2021-06-17T23:59:59+02:00,26,26,3221,3232,6004,5972,8291,9130,13461,14397,18295,18698,15470,16175,8786,10685,2882,5474,1404,1245,2562,2902,3443,4547,5158,6653,8469,9169,11385,11841,7086,8581,2746,5228,112384,64041,15524,8784,27809,15089,4503,5,6
2021-06-16T23:59:59+02:00,26,23,3168,3171,5892,5904,8171,9037,13333,14311,18229,18662,15464,16166,8786,10682,2882,5474,1307,1189,2421,2794,3260,4387,4873,6380,7392,7878,11294,11733,7055,8543,2733,5210,111745,60276,15449,8738,27805,15056,4377,5,6
2021-06-15T23:59:59+02:00,21,22,3072,3085,5774,5814,7986,8858,13070,14092,18080,18535,15449,16154,8778,10676,2882,5472,1270,1156,2348,2738,3156,4312,4670,6255,7080,7627,10799,11174,7021,8509,2725,5197,110324,58031,15421,8706,27795,15024,4275,5,5
2021-06-14T23:59:59+02:00,20,20,2998,3015,5693,5756,7843,8739,12781,13854,17892,18359,15433,16140,8771,10671,2881,5471,1243,1128,2282,2682,3031,4216,4470,6116,6737,7322,10273,10563,6990,8472,2721,5187,108931,55660,15412,8599,27791,14976,4198,5,4
2021-06-13T23:59:59+02:00,20,20,2980,2985,5627,5718,7780,8673,12641,13719,17786,18237,15427,16131,8770,10668,2880,5471,1232,1115,2253,2666,2994,4205,4424,6096,6704,7305,10268,10557,6990,8471,2721,5187,108194,55518,15401,8591,27787,14933,4146,5,4
2021-06-12T23:59:59+02:00,18,20,2951,2967,5599,5693,7749,8654,12622,13700,17778,18234,15426,16129,8770,10668,2880,5471,1176,1053,2164,2590,2900,4069,4282,5964,6594,7220,10186,10479,6394,7745,2721,5187,107995,55403,15398,8591,27787,12586,4144,5,4
2021-06-11T23:59:59+02:00,18,17,2875,2893,5530,5629,7568,8468,12212,13394,17496,18029,15410,16104,8764,10660,2877,5469,1152,1036,2109,2549,2835,4020,4197,5902,6483,7129,10083,10366,6380,7738,2719,5181,106983,54877,14506,8322,27786,12547,4133,5,4
2021-06-10T23:59:59+02:00,14,15,2821,2852,5430,5576,7436,8387,12025,13255,17358,17911,15405,16100,8764,10659,2876,5468,1111,1011,2034,2483,2734,3942,4027,5772,6238,6916,9832,10098,6360,7710,2713,5175,106062,53312,14433,8318,27781,12455,4071,5,4
2021-06-09T23:59:59+02:00,13,14,2743,2783,5308,5481,7215,8218,11746,13013,17171,17762,15394,16086,8760,10650,2876,5465,1054,946,1903,2365,2530,3760,3701,5488,5616,6404,9009,9195,6303,7634,2700,5140,104855,49302,14281,8300,27772,12361,3785,5,4
2021-06-08T23:59:59+02:00,10,10,2645,2681,5173,5353,7018,8033,11316,12586,16794,17373,15375,16059,8749,10643,2875,5460,1017,917,1833,2300,2424,3686,3561,5422,5465,6272,8975,9176,6301,7622,2698,5136,102651,48790,14254,8249,27770,12293,3473,5,4
2021-06-07T23:59:59+02:00,8,9,2518,2583,4982,5222,6811,7868,10838,12225,16451,17077,15350,16031,8743,10626,2874,5456,948,880,1705,2244,2283,3602,3306,5332,5110,5987,8425,8551,6248,7563,2694,5127,100715,46572,14211,8233,27761,12220,2980,5,4
2021-06-06T23:59:59+02:00,8,7,2481,2558,4921,5165,6725,7811,10699,12114,16360,17012,15347,16027,8743,10626,2872,5455,932,870,1677,2224,2239,3574,3235,5307,5062,5963,8420,8550,6243,7555,2694,5126,100124,46411,14160,8223,27754,12149,2888,5,4
2021-06-05T23:59:59+02:00,7,6,2467,2536,4893,5140,6688,7781,10669,12087,16351,17005,15347,16027,8743,10626,2872,5455,916,855,1644,2195,2199,3518,3132,5225,4709,5634,7825,7845,6215,7501,2693,5124,99899,44024,14160,8217,27752,12105,2884,5,4
2021-06-04T23:59:59+02:00,6,5,2436,2507,4848,5096,6640,7728,10580,11983,16299,16941,15343,16020,8743,10625,2871,5454,904,837,1621,2175,2157,3481,3080,5167,4545,5445,7524,7477,6179,7459,2691,5118,99368,42737,14153,8215,27752,12061,2847,5,4
2021-06-03T23:59:59+02:00,6,5,2333,2379,4697,4922,6431,7480,9878,11349,15709,16491,15332,16010,8740,10619,2870,5453,887,807,1581,2116,2108,3401,2990,5057,4399,5278,7365,7288,6167,7432,2691,5114,96028,41689,14114,8205,27747,11977,2810,5,4
2021-06-02T23:59:59+02:00,6,5,2316,2354,4652,4889,6376,7443,9778,11261,15649,16438,15324,16006,8739,10615,2870,5452,875,795,1562,2092,2055,3364,2904,4971,4038,4889,6808,6649,6123,7376,2687,5103,95503,39350,14112,8200,27747,11934,2806,5,4
2021-06-01T23:59:59+02:00,6,4,2253,2314,4531,4796,6211,7326,9589,11113,15541,16361,15321,16002,8735,10611,2869,5447,841,768,1497,2043,1939,3301,2750,4878,3835,4762,6598,6417,6101,7358,2681,5096,94629,38267,14062,8178,27735,11819,2599,5,4
2021-05-31T23:59:59+02:00,2,4,2203,2255,4433,4704,6067,7201,9403,10964,15455,16305,15313,15995,8732,10611,2869,5447,818,734,1440,1984,1867,3252,2575,4822,3705,4708,6241,6003,6078,7337,2678,5088,93907,37087,13975,8171,27724,11718,2352,5,4
2021-05-30T23:59:59+02:00,2,4,2178,2234,4377,4643,5973,7141,9328,10902,15418,16285,15312,15992,8732,10611,2869,5447,806,723,1417,1961,1818,3226,2442,4787,3600,4690,6239,6001,6078,7337,2678,5088,93456,36770,13936,8149,27714,11633,2337,5,4
2021-05-29T23:59:59+02:00,2,4,2162,2219,4357,4631,5956,7124,9315,10889,15413,16282,15311,15992,8732,10611,2869,5447,788,671,1324,1702,1684,2864,2242,4239,3321,4260,6149,5907,5966,7205,2677,5088,93327,36717,13933,8143,27714,8888,2337,5,4
2021-05-28T23:59:59+02:00,2,4,2141,2196,4318,4585,5911,7079,9237,10819,15345,16230,15307,15990,8732,10611,2869,5446,769,581,1246,1449,1586,2461,2064,3550,3057,3665,5510,5166,5884,7114,2673,5075,92849,35416,13920,8143,27712,5953,2336,5,4
2021-05-27T23:59:59+02:00,2,4,2099,2158,4231,4518,5788,7005,9081,10719,15247,16146,15306,15989,8732,10611,2869,5446,739,547,1214,1366,1544,2323,1994,3408,2945,3546,5074,4685,5851,7075,2662,5046,92166,34292,13770,8134,27689,5270,2321,5,4
2021-05-26T23:59:59+02:00,2,4,2031,2039,4036,4373,5447,6740,8110,9975,14484,15443,15294,15983,8728,10605,2867,5443,728,532,1188,1305,1497,2264,1936,3293,2793,3402,3766,3304,5792,7002,2639,4988,91389,31012,10242,8117,27673,5003,2295,5,4
2021-05-25T23:59:59+02:00,2,4,1994,2002,3957,4306,5352,6674,7975,9868,14106,15007,15246,15946,8721,10590,2865,5439,723,525,1161,1270,1477,2239,1916,3265,2767,3376,3760,3294,5785,6999,2637,4987,90044,30923,10093,8107,27657,4894,2255,5,4
2021-05-24T23:59:59+02:00,2,4,1968,1958,3870,4230,5246,6592,7850,9744,13596,14392,15195,15879,8714,10577,2864,5434,717,517,1142,1258,1445,2224,1894,3246,2741,3354,3743,3276,5763,6975,2628,4971,88256,30789,10014,8056,27646,4854,2194,5,3
2021-05-23T23:59:59+02:00,2,4,1959,1946,3851,4208,5228,6579,7798,9713,13520,14329,15184,15875,8712,10576,2863,5434,710,507,1131,1245,1420,2200,1836,3210,2633,3256,3331,2843,5118,6165,2613,4926,88023,30615,9913,5501,27646,4833,2194,5,3
2021-05-22T23:59:59+02:00,2,4,1792,1904,3549,4159,4828,6536,7541,9656,13395,14250,15178,15874,8712,10575,2863,5434,548,476,838,1204,1045,2165,1596,3157,2519,3181,3328,2841,5118,6164,2613,4926,87872,30603,9913,5500,27644,4797,818,5,3
2021-05-21T23:59:59+02:00,2,3,1707,1796,3392,3967,4638,6241,7144,9290,12102,12916,15027,15726,8675,10528,2854,5423,544,464,828,1202,1043,2157,1561,3127,2441,3105,3153,2704,5092,6121,2610,4911,83099,29968,9873,5499,27638,4778,816,5,3
2021-05-20T23:59:59+02:00,2,3,1669,1762,3297,3917,4531,6158,6968,9207,11891,12686,15006,15708,8671,10521,2853,5422,523,449,786,1156,986,2093,1440,3055,2315,3009,2964,2533,5051,6045,2602,4896,82257,29220,9770,5484,27582,4538,659,4,3
2021-05-19T23:59:59+02:00,2,3,1648,1736,3239,3861,4436,6091,6851,9142,11658,12425,14995,15697,8668,10520,2853,5421,514,437,770,1119,969,2024,1330,2907,1989,2715,2401,2038,4946,5927,2580,4849,81436,27154,9631,5469,27555,4270,620,4,3
2021-05-18T23:59:59+02:00,2,3,1587,1703,3150,3771,4323,5987,6691,8983,11366,12168,14950,15649,8656,10497,2851,5411,511,425,754,1103,951,2007,1247,2842,1709,2492,1959,1694,4873,5844,2559,4806,80334,25614,9429,5459,27486,4206,495,4,3
2021-05-17T23:59:59+02:00,2,3,1538,1622,3020,3613,4119,5708,6343,8524,10816,11619,14841,15556,8637,10472,2846,5400,509,417,748,1096,932,2002,1223,2818,1682,2455,1943,1674,4866,5837,2556,4804,77435,25550,9392,5445,27462,4179,386,4,3
2021-05-16T23:59:59+02:00,2,3,1519,1600,2967,3572,4024,5621,6194,8388,10640,11485,14815,15534,8629,10464,2845,5398,502,411,726,1081,902,1986,1194,2790,1649,2431,1936,1665,4863,5833,2553,4802,76689,25520,9333,5427,27432,4133,242,4,3
2021-05-15T23:59:59+02:00,2,3,1433,1502,2757,3406,3795,5344,5835,7916,10287,11190,14730,15472,8610,10435,2839,5389,502,409,722,1079,902,1982,1189,2789,1643,2426,1924,1653,4856,5827,2553,4800,73942,25458,9333,5427,27425,4128,241,4,3
2021-05-14T23:59:59+02:00,2,3,1399,1439,2646,3309,3643,5187,5636,7627,10067,10937,14695,15434,8597,10412,2836,5385,453,368,651,913,829,1696,1061,2379,1461,2101,1890,1613,4853,5819,2552,4796,72297,25395,9314,5425,27402,2376,237,4,3
2021-05-13T23:59:59+02:00,2,3,1342,1371,2544,3225,3474,5050,5417,7421,9840,10758,14669,15405,8587,10409,2834,5382,446,356,624,885,727,1589,961,2294,1197,1887,1171,1033,4632,5584,2544,4763,71134,25275,9001,2882,27372,2312,222,4,3
2021-05-12T23:59:59+02:00,2,3,1335,1361,2527,3219,3456,5036,5396,7408,9825,10747,14667,15401,8585,10407,2833,5382,446,355,623,884,723,1588,956,2294,1193,1881,1152,1024,4619,5546,2510,4694,71018,25074,8977,2882,27370,2309,221,4,3
2021-05-11T23:59:59+02:00,2,2,1293,1319,2454,3137,3342,4909,5200,7261,9538,10439,14619,15343,8573,10387,2829,5373,440,342,605,870,700,1571,928,2270,1167,1855,1097,988,4556,5448,2467,4570,69678,24582,8854,2864,27285,2227,199,4,3
2021-05-10T23:59:59+02:00,2,2,1271,1292,2390,3060,3215,4783,5068,7104,9214,10059,14573,15304,8564,10368,2824,5371,439,340,592,861,686,1556,916,2255,1150,1841,1061,954,4494,5372,2426,4452,68321,24166,8732,2861,27216,2175,191,4,3
2021-05-09T23:59:59+02:00,2,2,1256,1275,2348,3045,3136,4747,5004,7071,9148,10014,14560,15289,8562,10363,2824,5369,431,338,578,856,663,1536,894,2235,1138,1827,1042,938,4481,5334,2410,4409,68082,24003,8656,2859,27168,2141,105,4,3
2021-05-08T23:59:59+02:00,1,2,1254,1271,2334,3033,3118,4736,4964,7056,9124,10006,14559,15289,8562,10362,2824,5369,431,338,577,856,662,1536,894,2234,1137,1826,1042,938,4480,5334,2410,4409,67939,24001,8650,2856,27166,2140,105,4,3
2021-05-07T23:59:59+02:00,1,2,1234,1250,2294,2992,3066,4688,4865,6964,8899,9759,14542,15266,8556,10356,2821,5365,382,312,545,788,625,1374,824,2027,1047,1637,1012,909,4459,5312,2408,4404,67028,23896,8643,2852,27140,1210,105,4,3
2021-05-06T23:59:59+02:00,1,2,1087,1158,2066,2748,2767,4377,4494,6563,8308,9152,14262,15027,8516,10299,2818,5364,381,308,532,769,608,1342,805,1992,1014,1609,985,877,4449,5298,2406,4400,63388,23766,8515,2801,27004,1108,98,4,3
2021-05-05T23:59:59+02:00,1,1,1022,1106,1955,2635,2607,4204,4198,6284,7291,7966,14176,14928,8481,10258,2805,5344,378,305,524,759,593,1332,771,1978,988,1589,912,814,4408,5226,2398,4384,59859,23444,8469,2780,26880,1083,50,4,3
2021-05-04T23:59:59+02:00,1,1,1000,1086,1903,2596,2505,4136,3978,6170,7010,7748,13670,14361,8450,10225,2800,5335,375,304,519,755,581,1327,754,1959,972,1582,894,790,4387,5210,2395,4375,57800,23309,8410,2765,26719,1061,42,4,3
2021-05-03T23:59:59+02:00,1,1,968,1049,1841,2543,2399,4025,3777,6052,6650,7446,13134,13735,8413,10187,2793,5320,369,303,517,749,570,1320,745,1948,958,1569,868,766,4369,5192,2389,4362,55369,23197,8384,2754,26576,1040,1,4,3
2021-05-02T23:59:59+02:00,1,1,963,1048,1822,2537,2370,4016,3732,6042,6614,7437,13133,13734,8413,10186,2793,5320,369,303,514,749,569,1318,740,1948,957,1565,866,762,4367,5188,2389,4362,55230,23178,8378,2752,26549,1033,1,4,3
2021-05-01T23:59:59+02:00,1,1,963,1046,1814,2533,2358,4008,3719,6034,6600,7428,13132,13731,8413,10186,2793,5320,369,303,514,749,569,1318,739,1947,955,1565,866,762,4367,5188,2389,4362,55152,23178,8376,2748,26547,1033,1,4,3
2021-04-30T23:59:59+02:00,0,1,947,1041,1794,2517,2337,3973,3682,6001,6521,7374,13037,13627,8412,10181,2790,5308,319,248,473,673,540,1138,708,1724,921,1361,855,744,4363,5185,2389,4362,54654,23164,8375,2743,26509,93,1,4,3
2021-04-29T23:59:59+02:00,0,1,893,1016,1738,2467,2273,3914,3534,5877,6283,7151,12776,13353,8390,10152,2786,5301,312,246,463,666,537,1130,701,1713,910,1351,847,729,4354,5177,2389,4360,53057,23074,8359,2737,26484,71,1,4,3
2021-04-28T23:59:59+02:00,0,1,832,982,1658,2404,2129,3803,3250,5624,5680,6643,11939,12434,8331,10063,2762,5264,311,243,461,659,529,1117,690,1692,900,1344,832,713,4335,5150,2387,4360,48998,22951,8352,2718,26444,51,1,4,3
2021-04-27T23:59:59+02:00,0,1,823,977,1640,2383,2084,3784,3179,5599,5553,6519,11910,12417,8329,10061,2762,5262,310,241,455,657,521,1111,681,1680,890,1338,821,701,4331,5144,2386,4354,48518,22873,8347,2702,26413,43,1,4,3
2021-04-26T23:59:59+02:00,0,1,813,965,1614,2365,2024,3743,3001,5521,5221,6233,11345,11772,8274,9996,2757,5252,308,240,454,656,516,1105,670,1674,881,1327,811,692,4326,5139,2386,4350,46185,22822,8338,2673,26370,38,1,3,2
2021-04-25T23:59:59+02:00,0,1,803,963,1597,2359,1986,3726,2875,5498,5127,6228,11341,11768,8270,9990,2756,5251,307,239,454,656,516,1098,670,1672,878,1325,811,691,4326,5139,2386,4350,45856,22816,8332,2669,26347,31,1,3,2
2021-04-24T23:59:59+02:00,0,1,789,953,1575,2339,1946,3681,2778,5429,4784,5904,10727,11043,8239,9931,2755,5249,307,239,454,656,516,1097,669,1670,877,1325,806,687,4316,5123,2384,4349,43447,22779,8331,2664,26341,30,1,3,2
2021-04-23T23:59:59+02:00,0,1,784,945,1562,2329,1916,3654,2739,5376,4623,5718,10418,10661,8199,9889,2752,5240,307,238,454,656,516,1096,668,1670,875,1325,806,686,4313,5120,2384,4349,42146,22768,8330,2663,26326,30,1,3,2
2021-04-22T23:59:59+02:00,0,1,767,931,1534,2286,1866,3585,2652,5285,4470,5564,10274,10467,8185,9858,2750,5232,307,237,452,645,514,1090,662,1662,869,1316,800,682,4310,5118,2384,4347,41145,22732,8302,2639,26256,22,1,3,2
2021-04-21T23:59:59+02:00,0,1,756,919,1509,2274,1814,3540,2547,5197,4085,5144,9677,9783,8136,9794,2746,5221,305,237,450,644,514,1089,658,1659,864,1311,787,670,4300,5104,2384,4343,38626,22682,8286,2615,26227,20,1,3,2
2021-04-20T23:59:59+02:00,0,1,749,907,1488,2247,1783,3509,2497,5139,3948,5049,9480,9563,8119,9784,2742,5218,305,236,450,643,513,1087,657,1655,861,1305,781,665,4296,5099,2384,4343,37791,22650,8274,2609,26154,20,1,3,1
2021-04-19T23:59:59+02:00,0,1,742,898,1480,2239,1764,3491,2465,5112,3883,4990,9109,9146,8094,9759,2739,5212,305,234,449,639,511,1084,654,1653,857,1301,776,659,4287,5097,2384,4341,36761,22612,8262,2598,26097,20,1,3,1
2021-04-18T23:59:59+02:00,0,1,738,895,1475,2233,1746,3484,2446,5100,3875,4988,9099,9135,8094,9758,2739,5212,304,234,449,636,510,1080,652,1650,854,1301,775,657,4287,5095,2384,4341,36701,22604,8242,2584,26071,20,1,3,1
2021-04-17T23:59:59+02:00,0,1,721,889,1387,2223,1646,3472,2409,5070,3794,4910,8384,8413,8078,9745,2739,5212,304,234,447,634,509,1079,651,1650,853,1298,775,657,4286,5095,2384,4341,36693,22592,8242,2584,24154,20,1,3,1
2021-04-16T23:59:59+02:00,0,1,706,871,1258,2200,1494,3449,2323,5004,3632,4745,7044,6862,8043,9696,2726,5180,304,233,442,626,505,1075,641,1648,849,1288,765,651,4280,5081,2381,4339,35314,22515,8232,2580,21684,12,1,3,1
2021-04-15T23:59:59+02:00,0,1,685,861,1247,2187,1473,3431,2265,4967,3560,4693,6606,6363,8002,9631,2702,5105,297,227,428,615,488,1061,607,1621,814,1258,674,590,3782,4568,2357,4303,33989,22456,8177,1225,21609,8,1,3,1
2021-04-14T23:59:59+02:00,0,1,680,857,1228,2173,1441,3412,2220,4930,3428,4599,5266,4958,7951,9566,2680,5068,289,222,425,609,481,1058,600,1613,809,1255,659,574,3769,4558,2353,4298,30757,22368,8165,1196,21532,7,1,3,1
2021-04-13T23:59:59+02:00,0,1,677,857,1219,2168,1425,3410,2212,4919,3408,4584,5247,4941,7945,9563,2679,5066,289,221,423,607,478,1055,598,1609,798,1252,641,569,3767,4555,2353,4298,30676,22347,8144,1158,21497,7,1,3,1
2021-04-12T23:59:59+02:00,0,1,672,849,1206,2158,1409,3399,2177,4904,3377,4560,5222,4926,7932,9551,2676,5033,288,220,421,607,476,1049,596,1605,790,1244,636,566,3761,4554,2353,4298,30543,22319,8099,1137,21406,7,1,3,1
2021-04-11T23:59:59+02:00,0,1,664,845,1190,2146,1391,3384,2109,4879,3258,4476,4803,4484,7258,8725,2669,5028,288,220,419,607,474,1047,591,1602,786,1242,632,563,3757,4549,2353,4298,30513,22312,5479,1108,21314,7,1,3,1
2021-04-10T23:59:59+02:00,0,1,664,843,1189,2145,1389,3380,2107,4876,3255,4469,4759,4437,7254,8719,2669,5027,283,217,417,596,461,1031,564,1585,754,1217,560,493,3189,3929,2303,4203,30390,20686,5476,1108,21313,7,1,3,1
2021-04-09T23:59:59+02:00,0,1,660,842,1181,2142,1385,3375,2075,4854,3176,4388,4561,4271,7219,8670,2665,5011,273,210,407,582,442,1015,538,1566,733,1194,480,432,2532,3108,2254,4107,29700,18758,5472,1107,21300,7,1,3,1
2021-04-08T23:59:59+02:00,0,1,650,832,1164,2130,1368,3343,2013,4800,3026,4277,3506,3114,6978,8306,2654,4996,260,202,390,564,418,1001,516,1535,700,1172,459,405,2522,3099,2251,4104,28892,18530,5422,1060,18840,7,1,3,1
2021-04-07T23:59:59+02:00,0,1,643,826,1151,2121,1349,3330,1904,4720,2704,4027,2897,2585,6866,8182,2629,4943,246,195,363,540,380,967,473,1501,664,1144,431,381,2461,3035,2246,4096,26707,18076,5401,1041,18766,6,1,3,0
2021-04-06T23:59:59+02:00,0,1,633,817,1112,2114,1325,3312,1786,4669,2425,3859,2444,2236,6788,8091,2607,4905,222,182,329,513,355,948,436,1478,629,1113,396,339,2406,2960,2240,4086,25103,17603,5384,1023,18633,6,1,3,0
2021-04-05T23:59:59+02:00,0,1,630,815,1101,2109,1319,3309,1777,4659,2410,3842,2151,1890,5664,6772,2605,4904,222,182,328,509,349,942,432,1476,625,1109,393,336,2404,2954,2240,4084,25071,17593,5372,986,15512,6,1,2,0
2021-04-04T23:59:59+02:00,0,1,629,814,1101,2109,1319,3308,1777,4659,2408,3840,2150,1887,5664,6768,2605,4904,222,182,327,509,349,942,431,1476,625,1109,393,336,2403,2954,2240,4084,25062,17590,5372,986,15506,6,1,2,0
2021-04-03T23:59:59+02:00,0,1,629,814,1101,2108,1319,3308,1776,4657,2404,3840,2149,1884,5663,6768,2605,4904,222,182,327,509,349,942,431,1476,624,1109,393,336,2403,2954,2240,4084,25056,17589,5368,986,15503,6,1,2,0
2021-04-02T23:59:59+02:00,0,1,629,813,1101,2108,1315,3307,1773,4652,2403,3837,2141,1875,5651,6752,2601,4892,222,182,327,507,349,941,430,1475,623,1098,391,336,2403,2953,2240,4084,24987,17569,5363,986,15498,6,1,2,0
2021-04-01T23:59:59+02:00,0,1,625,802,1079,2089,1217,3212,1682,4583,2144,3629,1408,1286,5441,6539,2591,4862,218,181,327,506,348,940,429,1473,623,1097,388,334,2403,2953,2240,4080,24876,17557,2851,977,15460,6,1,2,0
2021-03-31T23:59:59+02:00,0,1,623,801,1075,2085,1212,3204,1671,4578,2126,3616,1380,1253,5412,6484,2550,4762,217,181,326,505,347,940,429,1472,622,1095,385,331,2399,2952,2238,4078,24550,17542,2837,969,15443,6,1,2,0
2021-03-30T23:59:59+02:00,0,1,621,794,1070,2081,1206,3199,1661,4564,2119,3601,1333,1207,5325,6353,2503,4607,217,180,326,504,344,936,424,1469,615,1084,370,320,2295,2799,2115,3851,24013,16917,2815,926,15415,6,1,1,0
2021-03-29T23:59:59+02:00,0,1,619,792,1067,2073,1196,3193,1654,4552,2106,3588,1296,1176,5261,6258,2449,4473,216,179,324,502,342,934,422,1464,610,1079,363,315,2070,2532,1888,3471,23567,15782,2788,923,15397,6,1,1,0
2021-03-28T23:59:59+02:00,0,1,619,789,1065,2067,1193,3186,1649,4541,2100,3583,1280,1167,5250,6236,2437,4440,214,179,323,499,333,930,419,1457,607,1067,356,303,2065,2518,1887,3468,23457,15754,2770,868,15374,3,1,1,0
2021-03-27T23:59:59+01:00,0,1,566,728,985,1999,1112,3067,1531,4416,1998,3501,1211,1097,4647,5502,2437,4440,212,178,323,499,333,930,415,1455,606,1064,355,303,2064,2517,1887,3468,23440,15738,2765,868,13031,3,1,1,0
2021-03-26T23:59:59+01:00,0,1,563,723,978,1988,1110,3061,1521,4409,1981,3493,1167,1066,4617,5468,2436,4436,211,175,323,497,330,929,413,1454,601,1057,347,298,1659,1980,1461,2741,23244,13611,2755,862,13017,3,1,1,0
2021-03-25T23:59:59+01:00,0,1,560,717,965,1980,1107,3052,1514,4397,1966,3483,1157,1056,4609,5463,2436,4434,210,172,321,496,328,924,410,1448,597,1048,343,294,1562,1858,1424,2665,23198,13258,2747,839,12950,3,1,1,0
2021-03-24T23:59:59+01:00,0,1,558,711,957,1969,1094,3036,1485,4378,1952,3475,1122,1026,4582,5428,2431,4429,209,172,320,495,324,920,406,1440,587,1030,330,284,1234,1475,1268,2396,23057,12108,2721,779,12854,3,1,1,0
2021-03-23T23:59:59+01:00,0,1,556,706,952,1956,1090,3026,1478,4364,1942,3467,1109,1015,4563,5414,2431,4425,208,172,318,492,315,917,405,1440,581,1026,322,277,995,1209,1152,2216,22982,11285,2712,757,12799,3,1,1,0
2021-03-22T23:59:59+01:00,0,1,555,697,947,1942,1084,3017,1469,4348,1928,3457,1106,1011,4558,5413,2431,4425,207,172,317,490,314,915,402,1437,578,1022,318,273,994,1205,1152,2213,22957,11269,2696,737,12734,3,1,1,0
2021-03-21T23:59:59+01:00,0,1,552,694,944,1934,1081,3013,1461,4335,1916,3450,1103,1010,4558,5411,2431,4425,206,172,317,489,312,911,402,1432,572,1020,308,268,990,1200,1151,2213,22953,11266,2683,694,12681,3,1,1,0
2021-03-20T23:59:59+01:00,0,1,547,687,939,1917,1064,2996,1433,4317,1882,3421,1031,939,3972,4771,2379,4325,206,172,317,489,312,911,402,1432,572,1020,308,268,990,1200,1150,2212,21278,11264,2682,694,12659,3,1,1,0
2021-03-19T23:59:59+01:00,0,1,538,678,921,1889,1037,2976,1397,4292,1856,3390,944,874,3291,3931,2328,4226,203,172,315,489,311,908,400,1430,568,1013,305,267,977,1187,1119,2172,19281,11241,2671,592,12615,3,1,1,0
2021-03-18T23:59:59+01:00,0,1,525,666,904,1863,1014,2950,1357,4251,1813,3337,846,810,2775,3397,2305,4192,198,170,312,485,308,898,396,1424,566,1008,302,260,871,1090,1006,1979,19202,10855,1265,415,12537,3,1,1,0
2021-03-17T23:59:59+01:00,0,1,523,656,895,1843,1001,2929,1334,4229,1795,3321,816,785,2687,3306,2299,4187,196,169,310,483,305,897,389,1420,563,1004,299,255,628,815,700,1528,18893,9927,1226,34,12487,0,1,0,0
2021-03-16T23:59:59+01:00,0,1,521,647,886,1822,980,2913,1317,4217,1771,3305,787,774,2639,3225,2297,4182,196,169,308,483,303,894,386,1418,560,999,293,251,380,574,509,1217,18685,8913,1186,28,12413,0,0,0,0
2021-03-15T23:59:59+01:00,0,1,521,637,881,1802,969,2891,1312,4210,1763,3296,781,770,2636,3224,2297,4182,195,169,307,482,302,894,386,1417,557,999,293,251,380,573,508,1217,18670,8906,1163,25,12340,0,0,0,0
2021-03-14T23:59:59+01:00,0,1,520,631,874,1790,962,2884,1302,4197,1753,3283,776,766,2631,3221,2297,4182,195,169,306,482,301,892,384,1415,557,999,292,251,380,573,508,1217,18665,8903,1133,19,12272,0,0,0,0
2021-03-13T23:59:59+01:00,0,1,499,580,781,1528,831,2501,1108,3633,1471,2855,697,678,2528,3095,2296,4181,195,169,306,482,301,892,384,1415,557,999,292,251,380,573,508,1217,18661,8903,1133,19,9469,0,0,0,0
2021-03-12T23:59:59+01:00,0,1,484,497,717,1259,740,2104,936,2945,1224,2261,556,526,2484,3050,2296,4181,195,167,306,482,301,890,383,1415,557,996,292,250,367,552,459,1151,18632,8744,1132,19,6497,0,0,0,0
2021-03-11T23:59:59+01:00,0,1,460,461,683,1188,693,1998,876,2799,1142,2149,500,466,2470,3038,2295,4179,195,167,305,480,300,889,383,1412,556,996,292,249,354,535,410,1106,18435,8613,1084,16,5879,0,0,0,0
2021-03-10T23:59:59+01:00,0,1,446,451,649,1154,653,1965,834,2763,1109,2120,481,450,2456,3018,2294,4175,191,165,301,473,300,888,378,1406,550,989,288,243,229,436,177,837,18158,7841,1064,10,5797,0,0,0,0
2021-03-09T23:59:59+01:00,0,1,430,434,618,1124,630,1945,811,2735,1087,2096,459,429,2362,2875,2168,3943,191,165,299,471,299,887,377,1403,550,986,286,242,229,436,176,836,17389,7833,1047,0,5711,0,0,0,0
2021-03-08T23:59:59+01:00,0,1,417,413,596,1094,612,1923,795,2710,1065,2070,437,401,2131,2599,1939,3561,191,164,299,469,298,882,377,1397,550,984,285,240,229,435,176,836,16138,7812,1018,0,5608,0,0,0,0
2021-03-07T23:59:59+01:00,0,1,416,412,589,1076,598,1915,792,2697,1060,2060,436,400,2126,2591,1938,3558,191,164,298,468,298,881,377,1394,550,983,285,240,229,435,176,836,16110,7805,1008,0,5547,0,0,0,0
2021-03-06T23:59:59+01:00,0,1,416,409,586,1063,595,1913,785,2690,1056,2053,435,400,2126,2591,1938,3558,191,164,298,468,298,881,377,1394,550,982,284,240,229,435,176,836,16102,7803,1008,0,5505,0,0,0,0
2021-03-05T23:59:59+01:00,0,1,410,394,580,1051,590,1904,780,2680,1049,2045,421,392,1702,2026,1502,2801,188,159,294,468,295,879,375,1391,548,978,284,240,229,435,176,836,13863,7775,1008,0,5457,0,0,0,0
2021-03-04T23:59:59+01:00,0,1,400,369,552,1012,571,1847,750,2626,1028,1996,417,388,1609,1907,1462,2724,177,151,283,457,294,871,373,1377,546,974,283,240,229,435,176,836,13505,7702,1002,0,5152,0,0,0,0
2021-03-03T23:59:59+01:00,0,1,397,363,545,981,553,1815,726,2578,1010,1956,409,382,1283,1527,1303,2450,176,150,282,456,293,870,369,1370,543,967,281,238,228,434,174,831,12341,7662,993,0,4945,0,0,0,0
2021-03-02T23:59:59+01:00,0,1,393,358,537,947,539,1795,717,2554,999,1937,398,372,1036,1258,1183,2267,176,148,281,446,289,864,369,1361,543,961,281,238,228,434,174,831,11509,7624,956,0,4826,0,0,0,0
2021-03-01T23:59:59+01:00,0,1,391,351,528,924,520,1764,708,2530,989,1920,394,365,1035,1251,1183,2263,176,146,281,437,286,854,366,1346,540,955,279,236,227,433,174,831,11489,7567,921,0,4707,0,0,0,0
2021-02-28T23:59:59+01:00,0,1,386,348,525,916,512,1753,704,2518,984,1905,389,360,1035,1249,1183,2263,174,145,281,436,286,853,366,1346,539,955,279,236,227,433,174,831,11483,7561,893,0,4655,0,0,0,0
2021-02-27T23:59:59+01:00,0,1,385,346,520,909,510,1747,701,2509,981,1903,388,359,1035,1249,1182,2263,174,145,281,436,286,853,366,1346,538,955,279,236,227,433,174,831,11482,7560,893,0,4613,0,0,0,0
2021-02-26T23:59:59+01:00,0,1,338,300,452,737,434,1439,574,2092,810,1562,360,329,1035,1246,1182,2263,174,143,281,432,284,845,364,1338,536,952,279,236,227,433,174,831,11471,7529,882,0,2801,0,0,0,0
2021-02-25T23:59:59+01:00,0,1,318,291,441,716,422,1403,559,2044,791,1530,352,321,949,1154,1108,2137,123,130,261,427,275,833,352,1322,531,945,279,234,227,433,174,831,11060,7377,851,0,2626,0,0,0,0
2021-02-24T23:59:59+01:00,0,1,313,285,436,700,415,1368,543,1996,769,1486,345,308,740,920,921,1828,123,124,259,421,272,823,350,1309,524,939,277,232,225,432,174,829,10112,7313,810,0,2452,0,0,0,0
2021-02-23T23:59:59+01:00,0,1,311,273,428,687,404,1344,535,1962,750,1467,331,298,487,671,728,1521,123,123,258,419,270,817,350,1303,523,931,276,231,224,432,172,828,9099,7280,765,0,2334,0,0,0,0
2021-02-22T23:59:59+01:00,0,1,311,272,427,680,403,1339,531,1951,745,1463,331,296,486,669,728,1520,123,118,253,409,269,800,346,1278,518,923,272,230,224,432,172,828,9094,7195,754,0,2305,0,0,0,0
2021-02-21T23:59:59+01:00,0,1,308,271,425,674,400,1330,528,1943,739,1459,320,291,482,664,726,1520,123,118,252,408,269,797,343,1275,510,920,271,229,223,431,171,817,9089,7157,712,0,2280,0,0,0,0
2021-02-20T23:59:59+01:00,0,1,308,268,425,672,400,1322,527,1934,737,1455,320,291,482,664,726,1520,123,118,252,408,269,797,343,1275,509,920,271,229,223,431,171,817,9089,7156,712,0,2251,0,0,0,0
2021-02-19T23:59:59+01:00,0,0,262,243,393,596,366,1153,469,1721,628,1245,311,275,456,628,644,1411,123,118,252,408,268,797,343,1275,509,920,271,229,223,431,171,817,8867,7155,605,0,1329,0,0,0,0
2021-02-18T23:59:59+01:00,0,0,261,238,385,587,355,1131,456,1703,618,1238,311,273,402,580,531,1279,120,115,248,402,261,790,340,1266,506,919,269,227,223,431,171,817,8679,7105,424,0,1245,0,0,0,0
2021-02-17T23:59:59+01:00,0,0,255,234,373,573,348,1122,433,1687,610,1226,306,266,241,444,186,860,112,102,245,396,256,774,334,1250,500,908,265,224,222,431,171,817,7942,7007,32,0,1190,0,0,0,0
2021-02-16T23:59:59+01:00,0,0,253,232,362,571,339,1113,425,1673,605,1219,303,263,240,443,186,860,83,89,225,370,245,744,316,1210,468,873,243,209,214,411,170,810,7934,6680,28,0,1125,0,0,0,0
2021-02-15T23:59:59+01:00,0,0,251,232,360,566,337,1107,423,1661,602,1213,303,263,240,442,185,860,82,87,221,359,238,732,306,1183,452,850,230,202,201,387,163,753,7927,6446,25,0,1093,0,0,0,0
2021-02-14T23:59:59+01:00,0,0,250,230,354,563,333,1098,419,1655,599,1210,303,263,240,442,185,860,78,85,214,354,235,724,301,1170,448,835,229,200,201,376,163,743,7917,6356,20,0,1067,0,0,0,0
2021-02-13T23:59:59+01:00,0,0,250,230,354,563,333,1098,417,1655,599,1209,302,263,240,442,185,860,78,85,214,354,235,724,301,1170,448,835,229,200,201,376,163,743,7915,6356,20,0,1065,0,0,0,0
2021-02-12T23:59:59+01:00,0,0,194,169,306,485,306,901,384,1417,562,995,294,248,239,442,185,860,75,84,211,353,233,721,295,1166,445,830,225,197,201,374,163,743,7902,6316,20,0,65,0,0,0,0
2021-02-11T23:59:59+01:00,0,0,192,168,300,474,302,887,378,1398,552,987,294,248,239,442,185,860,74,81,200,327,223,677,275,1115,427,780,224,194,201,369,163,740,7862,6070,17,0,27,0,0,0,0
2021-02-10T23:59:59+01:00,0,0,190,161,296,470,299,882,372,1387,548,979,292,246,237,441,185,858,69,75,183,299,212,617,258,1030,402,727,215,179,187,339,148,689,7819,5629,11,0,13,0,0,0,0
2021-02-09T23:59:59+01:00,0,0,185,154,292,462,298,873,372,1377,546,970,289,245,237,441,184,857,60,60,145,236,183,512,220,838,346,592,194,153,165,303,138,612,7774,4757,2,0,6,0,0,0,0
2021-02-08T23:59:59+01:00,0,0,179,147,288,450,293,863,368,1357,539,963,285,241,236,440,182,853,33,47,100,146,134,285,161,458,252,386,163,125,136,245,113,508,7676,3292,2,0,6,0,0,0,0
2021-02-07T23:59:59+01:00,0,0,177,145,285,449,292,861,367,1356,538,962,284,240,236,440,182,853,19,40,82,124,129,264,152,424,236,360,153,120,126,234,106,470,7666,3039,1,0,0,0,0,0,0
2021-02-06T23:59:59+01:00,0,0,177,145,285,449,292,861,367,1356,538,962,284,240,236,440,182,853,19,37,80,121,119,249,141,407,205,339,138,116,125,229,105,459,7666,2889,1,0,0,0,0,0,0
2021-02-05T23:59:59+01:00,0,0,177,143,285,445,291,850,365,1348,534,959,284,239,236,440,182,852,18,33,76,116,112,235,135,380,188,321,133,111,121,224,97,442,7629,2742,1,0,0,0,0,0,0
2021-02-04T23:59:59+01:00,0,0,169,138,284,441,284,841,361,1337,525,950,283,237,235,439,182,850,11,20,50,78,83,178,113,289,155,263,115,97,109,206,87,398,7556,2252,0,0,0,0,0,0,0
2021-02-03T23:59:59+01:00,0,0,151,131,274,435,281,834,359,1326,525,948,283,237,234,439,182,849,11,18,42,67,74,143,89,257,134,222,96,83,94,177,79,350,7488,1936,0,0,0,0,0,0,0
2021-02-02T23:59:59+01:00,0,0,131,126,262,433,278,826,354,1320,524,941,282,237,233,439,181,848,11,15,34,61,62,121,74,212,103,172,64,58,69,114,54,225,7415,1449,0,0,0,0,0,0,0
2021-02-01T23:59:59+01:00,0,0,126,121,257,418,276,809,352,1295,518,929,277,235,233,439,181,848,4,9,19,33,31,66,45,118,59,71,29,29,29,48,29,109,7314,728,0,0,0,0,0,0,0
2021-01-31T23:59:59+01:00,0,0,125,118,255,415,275,805,349,1289,513,927,277,232,232,438,181,848,4,6,14,23,26,47,32,72,39,43,15,9,14,28,23,63,7279,458,0,0,0,0,0,0,0
2021-01-30T23:59:59+01:00,0,0,125,118,255,415,275,804,349,1288,512,927,277,232,232,438,181,848,4,6,13,20,23,40,27,64,36,41,15,9,14,28,23,63,7276,426,0,0,0,0,0,0,0
2021-01-29T23:59:59+01:00,0,0,125,118,255,415,274,804,349,1288,512,927,277,232,232,438,181,848,4,6,7,18,21,31,22,56,32,38,15,9,14,27,22,62,7275,384,0,0,0,0,0,0,0
2021-01-28T23:59:59+01:00,0,0,123,115,251,408,270,797,346,1281,508,926,277,232,232,438,181,848,1,3,2,8,13,13,12,27,12,23,11,5,7,14,7,25,7233,183,0,0,0,0,0,0,0
2021-01-27T23:59:59+01:00,0,0,115,105,249,403,267,788,341,1274,502,919,272,229,231,437,181,848,0,0,1,4,9,11,8,20,10,17,10,5,7,14,7,25,7161,148,0,0,0,0,0,0,0
2021-01-26T23:59:59+01:00,0,0,88,93,231,386,259,763,328,1236,476,888,252,217,221,419,181,840,0,0,1,4,9,11,8,20,10,17,10,5,7,14,7,25,6878,148,0,0,0,0,0,0,0
2021-01-25T23:59:59+01:00,0,0,85,88,229,366,246,744,314,1203,458,863,235,210,210,397,176,784,0,0,1,4,9,9,7,13,7,13,10,5,7,14,7,25,6608,131,0,0,0,0,0,0,0
2021-01-24T23:59:59+01:00,0,0,85,86,225,362,245,739,311,1190,456,848,234,208,210,386,176,773,0,0,1,4,9,9,7,13,7,13,10,5,7,14,7,25,6534,131,0,0,0,0,0,0,0
2021-01-23T23:59:59+01:00,0,0,85,86,225,362,245,739,311,1190,456,848,234,208,210,386,176,773,0,0,1,4,9,9,7,13,7,13,10,5,7,14,7,25,6534,131,0,0,0,0,0,0,0
2021-01-22T23:59:59+01:00,0,0,85,85,223,360,245,736,308,1186,452,845,232,207,210,385,176,773,0,0,1,4,9,9,7,13,7,13,10,5,7,14,7,25,6508,131,0,0,0,0,0,0,0
2021-01-21T23:59:59+01:00,0,0,85,82,209,331,235,692,283,1137,437,811,231,203,209,379,175,770,0,0,1,2,7,8,6,12,6,11,10,5,7,14,7,25,6269,121,0,0,0,0,0,0,0
2021-01-20T23:59:59+01:00,0,0,79,76,194,308,223,626,269,1044,408,750,222,191,194,348,161,718,0,0,1,2,7,8,6,12,6,11,10,5,7,14,7,25,5811,121,0,0,0,0,0,0,0
2021-01-19T23:59:59+01:00,0,0,71,66,155,259,203,563,243,921,367,641,201,165,168,306,147,628,0,0,1,2,3,7,6,11,4,9,7,4,7,14,7,25,5104,107,0,0,0,0,0,0,0
2021-01-18T23:59:59+01:00,0,0,59,59,132,216,182,460,216,763,327,548,182,144,143,255,125,539,0,0,0,1,2,4,3,6,2,7,6,4,7,14,7,23,4350,86,0,0,0,0,0,0,0
2021-01-17T23:59:59+01:00,0,0,40,47,108,186,167,401,199,677,302,493,173,137,130,238,108,479,0,0,0,0,2,4,2,6,2,5,4,4,7,14,6,23,3885,79,0,0,0,0,0,0,0
2021-01-16T23:59:59+01:00,0,0,33,44,108,183,157,385,184,657,271,471,157,132,129,232,107,467,0,0,0,0,0,0,0,0,0,0,0,0,0,0,0,0,3717,0,0,0,0,0,0,0,0
2021-01-15T23:59:59+01:00,0,0,31,40,104,178,146,371,178,627,252,449,152,123,125,226,98,449,0,0,0,0,0,0,0,0,0,0,0,0,0,0,0,0,3549,0,0,0,0,0,0,0,0
2021-01-14T23:59:59+01:00,0,0,13,23,51,78,84,174,114,290,147,260,124,104,111,207,86,404,0,0,0,0,0,0,0,0,0,0,0,0,0,0,0,0,2270,0,0,0,0,0,0,0,0
2021-01-13T23:59:59+01:00,0,0,12,20,41,67,76,139,92,260,122,223,95,82,91,166,68,323,0,0,0,0,0,0,0,0,0,0,0,0,0,0,0,0,1877,0,0,0,0,0,0,0,0
2021-01-12T23:59:59+01:00,0,0,12,15,37,63,63,115,77,211,93,169,62,54,61,100,40,188,0,0,0,0,0,0,0,0,0,0,0,0,0,0,0,0,1360,0,0,0,0,0,0,0,0
2021-01-11T23:59:59+01:00,0,0,4,10,26,45,39,83,56,141,58,85,32,28,25,40,19,81,0,0,0,0,0,0,0,0,0,0,0,0,0,0,0,0,772,0,0,0,0,0,0,0,0
2021-01-10T23:59:59+01:00,0,0,3,6,19,32,34,58,38,94,37,53,15,8,8,19,13,34,0,0,0,0,0,0,0,0,0,0,0,0,0,0,0,0,471,0,0,0,0,0,0,0,0
2021-01-09T23:59:59+01:00,0,0,3,6,18,28,33,54,33,84,35,52,15,8,8,19,13,34,0,0,0,0,0,0,0,0,0,0,0,0,0,0,0,0,443,0,0,0,0,0,0,0,0
2021-01-08T23:59:59+01:00,0,0,3,6,15,26,29,43,27,75,31,48,14,8,7,17,12,33,0,0,0,0,0,0,0,0,0,0,0,0,0,0,0,0,394,0,0,0,0,0,0,0,0
2021-01-07T23:59:59+01:00,0,0,1,4,2,9,15,13,14,28,13,24,11,6,7,15,9,26,0,0,0,0,0,0,0,0,0,0,0,0,0,0,0,0,197,0,0,0,0,0,0,0,0
2021-01-06T23:59:59+01:00,0,0,1,0,2,4,13,11,9,22,11,19,11,6,7,15,9,26,0,0,0,0,0,0,0,0,0,0,0,0,0,0,0,0,166,0,0,0,0,0,0,0,0
2021-01-05T23:59:59+01:00,0,0,0,0,1,4,12,11,8,20,10,19,10,6,7,15,9,26,0,0,0,0,0,0,0,0,0,0,0,0,0,0,0,0,158,0,0,0,0,0,0,0,0
2021-01-04T23:59:59+01:00,0,0,0,0,1,4,12,10,7,16,8,17,10,6,7,15,9,26,0,0,0,0,0,0,0,0,0,0,0,0,0,0,0,0,148,0,0,0,0,0,0,0,0
2021-01-03T23:59:59+01:00,0,0,0,0,1,4,11,9,7,13,6,14,10,6,7,15,9,26,0,0,0,0,0,0,0,0,0,0,0,0,0,0,0,0,138,0,0,0,0,0,0,0,0
2021-01-02T23:59:59+01:00,0,0,0,0,1,4,11,9,7,13,6,14,10,6,7,15,9,26,0,0,0,0,0,0,0,0,0,0,0,0,0,0,0,0,138,0,0,0,0,0,0,0,0
2021-01-01T23:59:59+01:00,0,0,0,0,1,4,11,9,7,13,6,14,10,6,7,15,9,26,0,0,0,0,0,0,0,0,0,0,0,0,0,0,0,0,138,0,0,0,0,0,0,0,0
2020-12-31T23:59:59+01:00,0,0,0,0,1,4,11,9,7,13,6,14,10,6,7,15,9,26,0,0,0,0,0,0,0,0,0,0,0,0,0,0,0,0,138,0,0,0,0,0,0,0,0
2020-12-30T23:59:59+01:00,0,0,0,0,1,4,11,9,7,13,6,14,10,6,7,15,9,26,0,0,0,0,0,0,0,0,0,0,0,0,0,0,0,0,138,0,0,0,0,0,0,0,0
2020-12-29T23:59:59+01:00,0,0,0,0,1,4,8,9,7,13,4,12,10,6,7,15,9,26,0,0,0,0,0,0,0,0,0,0,0,0,0,0,0,0,131,0,0,0,0,0,0,0,0
2020-12-28T23:59:59+01:00,0,0,0,0,1,1,5,7,7,7,2,9,10,6,7,15,9,26,0,0,0,0,0,0,0,0,0,0,0,0,0,0,0,0,112,0,0,0,0,0,0,0,0
2020-12-27T23:59:59+01:00,0,0,0,0,0,0,2,4,2,6,1,6,4,5,7,15,8,25,0,0,0,0,0,0,0,0,0,0,0,0,0,0,0,0,85,0,0,0,0,0,0,0,0
