Datum,<24_1_m,<24_1_w,25-34_1_m,25-34_1_w,35-44_1_m,35-44_1_w,45-54_1_m,45-54_1_w,55-64_1_m,55-64_1_w,65-74_1_m,65-74_1_w,75-84_1_m,75-84_1_w,>84_1_m,>84_1_w,<24_2_m,<24_2_w,25-34_2_m,25-34_2_w,35-44_2_m,35-44_2_w,45-54_2_m,45-54_2_w,55-64_2_m,55-64_2_w,65-74_2_m,65-74_2_w,75-84_2_m,75-84_2_w,>84_2_m,>84_2_w,bp_1,bp_2,mo_1,mo_2,az_1,az_2,ja
2021-07-04T23:59:59+02:00,6088,5879,8141,7682,10579,11246,15039,15719,18806,19080,15700,16403,8818,10721,2812,5368,2469,2448,4682,4749,6375,7348,10087,11378,15567,16210,14889,15575,8450,10282,2736,5193,128396,94043,15783,12999,27731,25225,6171
2021-07-03T23:59:59+02:00,6067,5870,8135,7675,10569,11243,15032,15713,18803,19078,15699,16403,8818,10721,2812,5368,2438,2421,4588,4724,6275,7328,10035,11338,15469,16126,14215,14868,8431,10257,2736,5193,128339,93973,15781,12997,27730,23316,6156
2021-07-02T23:59:59+02:00,5849,5687,8066,7604,10476,11149,14968,15657,18784,19072,15695,16399,8813,10719,2810,5365,2393,2376,4441,4653,6096,7257,9886,11188,15286,15929,13449,13978,8423,10242,2736,5192,127459,93437,15779,12955,27730,20988,6145
2021-07-01T23:59:59+02:00,5588,5462,7946,7496,10349,11027,14845,15567,18740,19049,15687,16392,8808,10713,2810,5364,2276,2257,4270,4482,5865,7008,9116,10508,14661,15462,13426,13950,8418,10238,2732,5190,126236,89970,15769,12862,27730,20919,6108
2021-06-30T23:59:59+02:00,4993,4908,7616,7227,10005,10694,14622,15394,18683,19006,15676,16381,8804,10705,2810,5362,2241,2215,4190,4416,5760,6922,8954,10392,14576,15388,13413,13943,8416,10235,2732,5188,123315,89390,15764,12719,27730,20795,6077
2021-06-29T23:59:59+02:00,4673,4607,7368,7008,9716,10397,14425,15206,18622,18945,15624,16332,8786,10690,2809,5358,2176,2136,4055,4284,5559,6752,8742,10176,14299,15182,13366,13895,8404,10211,2730,5175,121264,88025,15761,12579,27727,20724,5814
2021-06-28T23:59:59+02:00,4521,4443,7264,6899,9594,10268,14336,15100,18579,18905,15609,16316,8772,10679,2806,5356,2092,2011,3876,4084,5282,6419,8364,9678,13778,14658,13251,13806,8386,10188,2727,5163,120258,84889,15751,12498,27724,20662,5714
2021-06-27T23:59:59+02:00,4465,4392,7209,6844,9533,10214,14304,15068,18559,18888,15592,16304,8765,10672,2805,5351,2040,1975,3814,4039,5174,6307,8198,9550,13607,14547,13226,13788,8378,10179,2724,5161,119897,84109,15748,12465,27722,20535,5598
2021-06-26T23:59:59+02:00,4410,4363,7177,6816,9516,10193,14285,15053,18547,18876,15588,16297,8765,10672,2805,5351,1964,1883,3625,3880,4960,6050,7833,9095,13260,14252,13146,13731,8358,10151,2719,5152,119659,81476,15745,12465,27722,20530,5588
2021-06-25T23:59:59+02:00,4086,4024,6912,6577,9226,9901,14062,14868,18465,18821,15544,16251,8746,10653,2803,5344,1900,1799,3465,3764,4769,5823,7511,8686,12952,13918,13097,13676,8345,10127,2713,5146,117266,79153,15718,12434,27721,20526,5578
2021-06-24T23:59:59+02:00,3991,3931,6815,6494,9128,9812,13979,14791,18436,18790,15529,16235,8740,10645,2803,5344,1832,1724,3352,3669,4570,5683,7296,8494,12700,13722,12266,12751,8166,9863,2713,5145,116580,77954,15708,12329,27717,18205,5458
2021-06-23T23:59:59+02:00,3573,3556,6364,6147,8597,9310,13645,14494,18301,18656,15426,16144,8697,10609,2800,5330,1696,1550,3099,3468,4159,5361,6357,7791,11966,13026,12244,12739,8156,9856,2713,5141,113668,77338,15464,9027,27716,18156,4801
2021-06-22T23:59:59+02:00,3493,3477,6291,6089,8495,9234,13595,14450,18268,18639,15415,16137,8696,10604,2800,5327,1657,1496,2996,3369,4019,5212,6106,7609,11372,12328,12156,12648,8139,9823,2709,5133,113055,75046,15460,8947,27714,17998,4781
2021-06-21T23:59:59+02:00,3416,3413,6198,6036,8434,9165,13537,14406,18235,18618,15412,16135,8687,10600,2800,5326,1620,1445,2906,3271,3895,5064,5912,7385,10614,11408,11774,12198,7086,8609,2703,5127,112544,72397,15452,8846,27699,15051,4723
2021-06-20T23:59:59+02:00,3390,3392,6151,6004,8389,9137,13511,14391,18224,18614,15411,16135,8687,10600,2800,5326,1600,1430,2870,3245,3845,5027,5859,7361,10529,11334,11754,12179,7084,8602,2702,5127,112374,72086,15436,8770,27699,15039,4653
2021-06-19T23:59:59+02:00,3361,3366,6123,5983,8360,9118,13487,14385,18218,18609,15411,16134,8687,10600,2800,5326,1596,1420,2865,3236,3838,5022,5845,7356,10518,11327,11754,12179,7084,8601,2702,5127,112185,72010,15431,8770,27699,15037,4653
2021-06-18T23:59:59+02:00,3316,3319,6047,5946,8295,9067,13441,14355,18195,18598,15410,16132,8686,10599,2800,5326,1526,1327,2730,3061,3657,4748,5454,6981,9045,9783,11590,12011,7043,8551,2690,5109,111810,66895,15406,8769,27699,15025,4617
2021-06-17T23:59:59+02:00,3253,3264,5981,5910,8225,9015,13370,14310,18172,18587,15408,16127,8686,10596,2800,5323,1397,1237,2543,2852,3400,4464,5097,6597,8382,9062,11308,11771,7002,8494,2686,5106,111451,63242,15377,8654,27696,14999,4503
2021-06-16T23:59:59+02:00,3199,3202,5868,5845,8108,8922,13245,14225,18106,18552,15402,16119,8686,10593,2800,5323,1301,1184,2403,2747,3217,4308,4815,6327,7315,7789,11218,11667,6974,8458,2673,5088,110822,59533,15303,8605,27693,14969,4377
2021-06-15T23:59:59+02:00,3096,3120,5750,5758,7920,8747,12985,14006,17955,18428,15387,16108,8678,10587,2800,5321,1263,1154,2332,2693,3111,4234,4617,6203,7005,7541,10722,11109,6942,8423,2665,5075,109412,57304,15275,8573,27685,14938,4274
2021-06-14T23:59:59+02:00,3023,3048,5671,5701,7778,8628,12698,13773,17773,18256,15372,16094,8671,10582,2799,5320,1236,1127,2266,2638,2986,4138,4425,6066,6669,7241,10198,10505,6912,8386,2661,5066,108040,54961,15267,8468,27681,14892,4199
2021-06-13T23:59:59+02:00,3005,3015,5605,5664,7716,8564,12560,13638,17668,18135,15366,16085,8670,10579,2798,5320,1226,1115,2235,2623,2951,4127,4382,6045,6636,7225,10194,10498,6912,8385,2661,5066,107312,54822,15256,8462,27676,14853,4144
2021-06-12T23:59:59+02:00,2974,2998,5577,5639,7686,8545,12540,13621,17659,18132,15366,16084,8670,10579,2798,5320,1169,1053,2145,2548,2855,3993,4242,5915,6526,7140,10113,10420,6317,7660,2661,5066,107114,54709,15255,8462,27676,12509,4143
2021-06-11T23:59:59+02:00,2898,2919,5508,5574,7504,8359,12133,13315,17380,17929,15350,16059,8664,10571,2796,5318,1147,1034,2093,2508,2791,3945,4160,5853,6421,7057,10012,10307,6304,7654,2659,5060,106102,54185,14368,8215,27675,12473,4132
2021-06-10T23:59:59+02:00,2838,2875,5409,5523,7371,8278,11949,13175,17245,17812,15345,16055,8664,10570,2795,5317,1108,1010,2021,2442,2689,3871,3994,5723,6180,6845,9764,10041,6284,7626,2653,5054,105186,52638,14293,8212,27670,12383,4072
2021-06-09T23:59:59+02:00,2761,2805,5286,5430,7151,8106,11672,12935,17059,17666,15333,16040,8660,10562,2795,5314,1051,947,1891,2325,2486,3690,3668,5439,5569,6344,8955,9144,6227,7550,2639,5019,103988,48675,14145,8195,27661,12293,3781
2021-06-08T23:59:59+02:00,2662,2700,5152,5304,6957,7923,11243,12512,16684,17279,15314,16013,8649,10556,2794,5309,1014,919,1824,2262,2383,3618,3526,5376,5424,6216,8924,9125,6225,7539,2637,5015,101800,48180,14118,8146,27659,12227,3474
2021-06-07T23:59:59+02:00,2531,2601,4964,5174,6750,7760,10767,12154,16343,16984,15289,15985,8643,10539,2793,5305,943,882,1698,2207,2244,3536,3273,5287,5070,5934,8380,8501,6172,7481,2633,5006,99874,45977,14075,8132,27650,12155,2983
2021-06-06T23:59:59+02:00,2496,2576,4903,5116,6663,7704,10630,12044,16251,16920,15286,15981,8643,10539,2791,5304,927,872,1669,2188,2202,3508,3207,5264,5023,5910,8375,8500,6167,7474,2633,5005,99292,45822,14023,8123,27642,12089,2890
2021-06-05T23:59:59+02:00,2483,2553,4875,5090,6625,7680,10599,12016,16242,16913,15286,15981,8643,10539,2791,5304,911,857,1639,2161,2163,3456,3106,5183,4668,5589,7779,7801,6139,7421,2632,5003,99073,43454,14023,8118,27638,12050,2886
2021-06-04T23:59:59+02:00,2453,2524,4830,5044,6577,7629,10511,11913,16189,16850,15282,15974,8643,10538,2790,5303,900,840,1618,2142,2124,3420,3055,5125,4507,5402,7477,7436,6103,7379,2630,4997,98545,42186,14018,8116,27638,12004,2849
2021-06-03T23:59:59+02:00,2349,2394,4679,4873,6372,7383,9810,11281,15598,16402,15271,15965,8640,10533,2789,5302,883,810,1577,2082,2075,3341,2968,5018,4364,5238,7321,7249,6091,7352,2630,4993,95216,41152,13979,8106,27633,11921,2813
2021-06-02T23:59:59+02:00,2331,2370,4636,4840,6316,7345,9710,11192,15540,16349,15263,15961,8639,10529,2789,5301,871,797,1559,2060,2025,3305,2883,4932,4004,4852,6765,6615,6048,7296,2626,4983,94690,38832,13979,8102,27633,11878,2809
2021-06-01T23:59:59+02:00,2270,2327,4516,4751,6151,7236,9522,11045,15433,16272,15260,15957,8635,10525,2788,5296,839,770,1495,2010,1913,3243,2727,4842,3802,4727,6554,6385,6027,7278,2621,4976,93829,37755,13929,8082,27620,11766,2606
2021-05-31T23:59:59+02:00,2216,2269,4417,4656,6009,7109,9335,10901,15348,16218,15252,15950,8632,10525,2788,5296,816,733,1438,1952,1845,3195,2553,4789,3672,4676,6199,5971,6004,7257,2618,4968,93108,36585,13843,8076,27611,11666,2359
2021-05-30T23:59:59+02:00,2191,2247,4361,4594,5920,7048,9261,10839,15311,16199,15251,15948,8632,10525,2788,5296,804,723,1416,1931,1795,3173,2421,4754,3568,4658,6197,5969,6004,7257,2618,4968,92661,36271,13804,8054,27602,11587,2344
2021-05-29T23:59:59+02:00,2174,2232,4343,4583,5903,7032,9247,10826,15307,16196,15250,15948,8632,10525,2788,5296,786,671,1322,1675,1662,2813,2222,4208,3290,4233,6107,5875,5893,7124,2617,4968,92535,36222,13802,8049,27601,8851,2344
2021-05-28T23:59:59+02:00,2153,2209,4305,4539,5858,6990,9171,10756,15241,16144,15246,15946,8632,10525,2788,5295,767,581,1245,1424,1564,2412,2044,3519,3028,3638,5469,5136,5811,7033,2613,4955,92068,34927,13789,8049,27598,5920,2343
2021-05-27T23:59:59+02:00,2111,2172,4220,4472,5734,6916,9016,10656,15144,16061,15244,15945,8632,10524,2788,5295,738,547,1211,1345,1522,2277,1977,3376,2916,3519,5037,4655,5778,6994,2602,4926,91389,33811,13640,8040,27574,5242,2327
2021-05-26T23:59:59+02:00,2043,2055,4023,4328,5392,6655,8049,9914,14386,15357,15232,15939,8628,10518,2786,5293,727,531,1185,1288,1477,2223,1920,3265,2765,3373,3731,3282,5719,6921,2579,4868,90615,30548,10122,8026,27560,4979,2301
2021-05-25T23:59:59+02:00,2002,2016,3938,4261,5296,6589,7914,9807,14013,14924,15184,15903,8621,10503,2784,5289,718,521,1153,1252,1455,2200,1900,3238,2740,3348,3725,3272,5712,6919,2577,4867,89278,30463,9975,8017,27543,4869,2248
2021-05-24T23:59:59+02:00,1976,1972,3850,4191,5194,6513,7789,9691,13502,14315,15133,15835,8614,10489,2783,5284,712,514,1133,1242,1425,2187,1879,3220,2715,3326,3708,3254,5690,6895,2568,4850,87514,30333,9896,7966,27532,4830,2189
2021-05-23T23:59:59+02:00,1967,1959,3831,4168,5176,6500,7737,9660,13428,14252,15122,15831,8612,10488,2782,5284,705,505,1123,1230,1403,2166,1825,3185,2610,3231,3301,2821,5051,6086,2554,4805,87280,30161,9796,5442,27532,4809,2189
2021-05-22T23:59:59+02:00,1804,1917,3529,4119,4775,6456,7482,9604,13303,14173,15116,15830,8612,10487,2782,5284,547,474,830,1188,1028,2130,1587,3132,2496,3156,3297,2819,5051,6085,2554,4805,87131,30149,9796,5442,27530,4772,816
2021-05-21T23:59:59+02:00,1719,1809,3376,3927,4586,6161,7085,9239,12016,12835,14965,15682,8575,10440,2773,5273,544,462,821,1186,1026,2123,1552,3102,2418,3080,3124,2682,5025,6042,2551,4790,82365,29517,9756,5442,27525,4754,815
2021-05-20T23:59:59+02:00,1682,1773,3285,3876,4479,6081,6911,9162,11805,12608,14945,15664,8572,10433,2772,5272,525,449,782,1140,970,2059,1434,3031,2292,2983,2936,2512,4985,5966,2543,4775,81539,28775,9653,5427,27469,4521,659
2021-05-19T23:59:59+02:00,1659,1747,3229,3820,4385,6017,6797,9100,11574,12351,14933,15654,8570,10432,2772,5271,517,437,766,1103,952,1992,1323,2884,1965,2691,2374,2015,4880,5849,2521,4728,80733,26708,9514,5411,27443,4257,621
2021-05-18T23:59:59+02:00,1597,1713,3142,3731,4275,5914,6640,8942,11290,12097,14888,15606,8558,10409,2770,5261,514,425,751,1088,934,1975,1238,2818,1685,2471,1936,1671,4808,5766,2500,4685,79649,25173,9313,5401,27374,4194,497
2021-05-17T23:59:59+02:00,1547,1632,3012,3572,4069,5637,6295,8486,10746,11549,14780,15514,8539,10385,2765,5251,512,417,745,1081,916,1970,1214,2794,1657,2432,1919,1652,4801,5759,2496,4682,76768,25107,9278,5387,27349,4169,384
2021-05-16T23:59:59+02:00,1528,1610,2959,3532,3973,5550,6146,8349,10570,11417,14754,15492,8532,10377,2764,5249,505,411,722,1066,886,1954,1186,2767,1624,2408,1912,1643,4799,5755,2493,4680,76023,25078,9222,5369,27318,4125,239
2021-05-15T23:59:59+02:00,1441,1513,2748,3365,3744,5272,5785,7878,10219,11121,14669,15430,8513,10348,2758,5240,505,410,718,1064,886,1951,1182,2766,1619,2404,1900,1631,4793,5749,2493,4678,73273,25022,9222,5369,27311,4120,238
2021-05-14T23:59:59+02:00,1409,1452,2639,3273,3592,5116,5589,7592,10001,10870,14634,15393,8500,10325,2755,5236,456,370,647,899,814,1666,1053,2358,1440,2080,1866,1591,4790,5741,2492,4673,71640,24960,9215,5367,27287,2375,234
2021-05-13T23:59:59+02:00,1351,1386,2539,3189,3427,4980,5372,7386,9778,10698,14608,15365,8491,10322,2753,5233,449,358,620,871,712,1560,954,2275,1179,1869,1153,1012,4569,5508,2484,4640,70481,24844,8921,2838,27257,2312,219
2021-05-12T23:59:59+02:00,1344,1378,2523,3184,3409,4968,5352,7373,9764,10687,14606,15361,8489,10320,2752,5233,449,357,619,870,709,1559,950,2274,1175,1863,1135,1003,4556,5470,2451,4571,70373,24646,8897,2838,27255,2309,218
2021-05-11T23:59:59+02:00,1302,1335,2448,3100,3297,4841,5158,7228,9476,10379,14558,15304,8477,10300,2748,5224,443,344,601,856,688,1543,923,2251,1150,1836,1081,967,4494,5373,2409,4447,69035,24159,8773,2821,27169,2228,198
2021-05-10T23:59:59+02:00,1278,1309,2385,3024,3171,4717,5029,7071,9153,9999,14512,15266,8468,10281,2743,5222,442,342,589,846,674,1528,912,2236,1133,1822,1047,933,4433,5297,2368,4332,67687,23751,8653,2818,27099,2176,189
2021-05-09T23:59:59+02:00,1263,1292,2342,3010,3094,4682,4967,7037,9088,9955,14499,15251,8466,10276,2743,5220,434,340,576,841,652,1508,890,2217,1121,1808,1028,918,4421,5259,2352,4290,67449,23593,8579,2816,27055,2144,102
2021-05-08T23:59:59+02:00,1260,1288,2327,2998,3078,4673,4927,7023,9064,9947,14498,15251,8466,10275,2743,5220,434,340,576,841,651,1508,890,2216,1120,1807,1028,918,4420,5259,2352,4290,67309,23592,8573,2813,27054,2143,102
2021-05-07T23:59:59+02:00,1241,1265,2288,2957,3028,4624,4828,6931,8840,9702,14483,15228,8460,10269,2740,5216,384,312,544,772,614,1347,820,2011,1032,1620,998,889,4400,5236,2350,4285,66404,23488,8567,2810,27027,1214,102
2021-05-06T23:59:59+02:00,1091,1174,2062,2714,2729,4315,4459,6531,8254,9096,14205,14989,8420,10212,2737,5215,383,308,533,753,597,1315,801,1976,1000,1592,971,857,4390,5222,2348,4281,62778,23360,8439,2760,26891,1112,95
2021-05-05T23:59:59+02:00,1027,1121,1954,2601,2571,4144,4166,6253,7243,7915,14120,14891,8385,10172,2724,5195,379,305,525,743,582,1306,767,1963,977,1571,896,797,4349,5153,2340,4266,59275,23042,8390,2741,26768,1087,49
2021-05-04T23:59:59+02:00,1005,1101,1903,2563,2470,4078,3948,6141,6962,7701,13612,14323,8355,10137,2719,5186,376,304,520,739,571,1301,750,1944,961,1564,877,774,4328,5137,2337,4257,57223,22908,8332,2726,26608,1065,41
2021-05-03T23:59:59+02:00,973,1063,1843,2510,2368,3968,3749,6023,6606,7401,13075,13700,8318,10099,2712,5171,370,302,518,735,561,1295,741,1934,947,1551,853,750,4311,5119,2331,4244,54803,22798,8306,2717,26470,1047,0
2021-05-02T23:59:59+02:00,968,1062,1824,2504,2343,3960,3706,6013,6572,7393,13074,13700,8318,10098,2712,5171,370,302,515,735,560,1293,737,1934,946,1548,851,746,4310,5115,2331,4244,54669,22782,8302,2715,26447,1040,0
2021-05-01T23:59:59+02:00,968,1060,1817,2502,2332,3955,3695,6005,6561,7384,13073,13698,8318,10098,2712,5171,370,302,515,735,560,1293,736,1933,944,1548,851,746,4310,5115,2331,4244,54602,22782,8302,2711,26445,1040,0
2021-04-30T23:59:59+02:00,951,1055,1796,2488,2311,3920,3658,5972,6484,7331,12978,13594,8317,10094,2709,5159,318,247,473,659,531,1115,706,1709,910,1344,839,729,4306,5113,2331,4244,54108,22768,8301,2707,26408,99,0
2021-04-29T23:59:59+02:00,896,1030,1739,2438,2249,3862,3513,5849,6247,7108,12719,13321,8295,10065,2705,5152,312,245,465,653,529,1108,699,1699,901,1336,831,714,4297,5106,2331,4242,52518,22689,8286,2701,26384,78,0
2021-04-28T23:59:59+02:00,835,996,1659,2377,2105,3752,3228,5596,5644,6605,11886,12407,8236,9976,2680,5115,311,242,463,647,521,1095,688,1679,890,1329,818,698,4278,5080,2329,4242,48474,22569,8280,2683,26343,58,0
2021-04-27T23:59:59+02:00,825,991,1641,2357,2061,3733,3157,5570,5520,6484,11857,12390,8234,9974,2680,5113,310,240,456,645,514,1090,679,1667,881,1323,806,687,4274,5074,2328,4236,47995,22492,8277,2668,26315,50,0
2021-04-26T23:59:59+02:00,815,978,1615,2339,2001,3693,2981,5493,5189,6200,11293,11744,8178,9909,2675,5103,308,239,455,644,508,1084,668,1661,873,1315,797,679,4269,5069,2328,4232,45666,22443,8268,2641,26272,45,0
2021-04-25T23:59:59+02:00,805,976,1601,2333,1963,3677,2855,5470,5097,6195,11289,11740,8175,9903,2674,5102,307,239,455,644,508,1078,668,1658,870,1313,797,678,4269,5069,2328,4232,45341,22438,8262,2637,26252,38,0
2021-04-24T23:59:59+02:00,791,966,1579,2313,1924,3632,2758,5400,4751,5875,10673,11016,8145,9845,2673,5100,307,239,455,644,508,1077,667,1657,869,1313,792,674,4260,5053,2326,4231,42932,22402,8262,2633,26247,37,0
2021-04-23T23:59:59+02:00,786,958,1566,2303,1895,3606,2718,5350,4590,5689,10364,10635,8105,9803,2670,5091,307,238,455,644,508,1076,666,1657,867,1313,792,673,4257,5050,2326,4231,41633,22391,8262,2632,26234,37,0
2021-04-22T23:59:59+02:00,770,943,1538,2260,1844,3538,2633,5260,4438,5535,10219,10440,8091,9772,2668,5083,307,237,453,633,506,1070,660,1649,861,1304,786,668,4255,5048,2326,4229,40632,22356,8236,2607,26164,29,0
2021-04-21T23:59:59+02:00,759,930,1514,2249,1792,3494,2528,5173,4055,5118,9623,9757,8042,9709,2664,5072,306,237,449,631,506,1069,656,1646,856,1299,774,657,4245,5035,2326,4225,38122,22307,8219,2583,26138,27,0
2021-04-20T23:59:59+02:00,752,919,1492,2222,1761,3465,2476,5115,3917,5023,9427,9538,8025,9699,2660,5069,306,235,449,630,505,1067,655,1641,854,1295,768,653,4241,5031,2326,4225,37287,22277,8208,2577,26065,27,0
2021-04-19T23:59:59+02:00,745,908,1483,2215,1744,3448,2444,5089,3854,4966,9060,9120,8000,9674,2657,5063,306,233,448,627,503,1064,651,1639,850,1291,762,647,4232,5029,2326,4223,36264,22238,8196,2566,26010,27,0
2021-04-18T23:59:59+02:00,741,906,1478,2209,1726,3441,2425,5077,3846,4964,9052,9109,8000,9673,2657,5063,305,233,448,623,502,1061,649,1636,847,1291,761,645,4232,5027,2326,4223,36204,22230,8176,2552,25987,27,0
2021-04-17T23:59:59+02:00,723,900,1389,2199,1626,3429,2388,5047,3766,4886,8340,8386,7984,9660,2657,5063,305,233,446,621,501,1061,648,1636,846,1288,761,645,4231,5027,2326,4223,36196,22219,8176,2552,24071,27,0
2021-04-16T23:59:59+02:00,707,882,1260,2177,1473,3407,2302,4982,3605,4721,7003,6837,7949,9611,2644,5032,305,232,441,615,497,1057,638,1634,842,1280,751,639,4222,5012,2323,4221,34823,22146,8166,2548,21603,15,0
2021-04-15T23:59:59+02:00,686,871,1250,2163,1453,3389,2245,4944,3534,4668,6565,6336,7908,9549,2622,4960,297,226,427,605,480,1043,604,1608,807,1251,662,578,3731,4504,2300,4186,33505,22091,8108,1207,21530,11,0
2021-04-14T23:59:59+02:00,681,867,1229,2151,1422,3370,2200,4909,3402,4574,5224,4935,7858,9483,2601,4923,289,222,424,598,473,1040,597,1600,801,1248,647,561,3719,4495,2296,4181,30281,22004,8097,1178,21451,9,0
2021-04-13T23:59:59+02:00,679,867,1220,2146,1407,3368,2192,4898,3382,4559,5205,4916,7852,9480,2600,4921,289,221,422,596,470,1037,595,1596,790,1246,629,557,3717,4492,2296,4181,30201,21984,8076,1141,21415,9,0
2021-04-12T23:59:59+02:00,673,859,1207,2137,1391,3357,2159,4883,3352,4535,5182,4901,7840,9469,2597,4888,288,220,420,595,469,1031,593,1592,782,1239,625,554,3712,4491,2296,4181,30073,21959,8031,1120,21326,9,0
2021-04-11T23:59:59+02:00,665,855,1191,2125,1373,3343,2092,4858,3234,4453,4763,4460,7174,8643,2590,4883,288,220,419,595,466,1030,588,1589,778,1238,621,551,3708,4486,2296,4181,30043,21952,5421,1093,21238,9,0
2021-04-10T23:59:59+02:00,665,854,1190,2124,1371,3340,2091,4855,3231,4446,4719,4413,7171,8637,2590,4882,283,217,417,584,454,1014,561,1572,746,1214,549,481,3137,3871,2247,4087,29924,20332,5418,1093,21237,9,0
2021-04-09T23:59:59+02:00,662,853,1182,2121,1366,3336,2062,4833,3152,4368,4523,4248,7136,8588,2586,4866,273,211,407,571,435,998,536,1554,725,1191,468,419,2487,3052,2199,3991,29241,18416,5414,1092,21227,9,0
2021-04-08T23:59:59+02:00,652,843,1168,2110,1350,3306,2001,4780,3006,4258,3469,3095,6895,8226,2575,4851,260,203,389,553,412,985,514,1525,693,1168,450,395,2479,3045,2196,3988,28443,18202,5366,1044,18776,9,0
2021-04-07T23:59:59+02:00,645,837,1155,2101,1331,3294,1891,4701,2688,4009,2865,2566,6784,8103,2551,4798,246,196,361,528,374,951,470,1491,657,1141,423,370,2419,2983,2191,3981,26266,17749,5347,1025,18706,8,0
2021-04-06T23:59:59+02:00,635,829,1117,2094,1308,3275,1773,4651,2411,3840,2413,2219,6707,8012,2529,4761,222,183,327,502,349,933,433,1468,621,1109,388,328,2364,2909,2185,3972,24668,17277,5331,1008,18575,8,0
2021-04-05T23:59:59+02:00,632,827,1107,2090,1302,3272,1764,4641,2396,3824,2124,1873,5594,6697,2527,4761,222,183,326,498,343,927,429,1466,617,1104,384,325,2362,2903,2185,3971,24637,17266,5321,972,15473,7,0
2021-04-04T23:59:59+02:00,631,827,1106,2090,1302,3272,1764,4641,2394,3822,2123,1870,5594,6693,2527,4761,222,183,326,498,343,927,428,1466,617,1104,384,325,2361,2903,2185,3971,24629,17264,5321,972,15467,7,0
2021-04-03T23:59:59+02:00,631,827,1106,2089,1302,3272,1763,4639,2390,3822,2122,1868,5593,6693,2527,4761,222,183,326,498,343,927,428,1466,616,1104,384,325,2361,2903,2185,3971,24623,17263,5317,972,15465,7,0
2021-04-02T23:59:59+02:00,631,826,1106,2089,1298,3271,1761,4634,2389,3819,2114,1859,5581,6678,2524,4748,222,182,326,496,343,927,427,1465,615,1096,382,325,2361,2902,2185,3971,24555,17246,5313,972,15460,7,0
2021-04-01T23:59:59+02:00,627,815,1083,2071,1201,3176,1671,4566,2130,3611,1388,1270,5373,6466,2514,4720,218,181,326,495,342,926,426,1463,615,1095,379,323,2361,2902,2185,3967,24446,17234,2813,963,15423,7,0
2021-03-31T23:59:59+02:00,625,814,1080,2067,1196,3168,1660,4561,2112,3598,1361,1238,5344,6412,2476,4621,217,181,326,494,341,926,426,1462,614,1094,378,320,2357,2901,2183,3966,24128,17222,2799,957,15406,7,0
2021-03-30T23:59:59+02:00,623,805,1074,2063,1190,3163,1650,4547,2104,3585,1315,1193,5260,6282,2431,4474,217,180,326,493,338,922,421,1459,607,1083,363,309,2255,2749,2063,3740,23606,16603,2777,915,15376,7,0
2021-03-29T23:59:59+02:00,621,803,1070,2055,1180,3157,1643,4534,2092,3573,1279,1163,5199,6189,2380,4345,216,179,324,491,336,920,419,1455,602,1078,356,304,2032,2484,1837,3363,23170,15476,2754,913,15359,7,0
2021-03-28T23:59:59+02:00,621,800,1068,2049,1177,3150,1638,4524,2088,3568,1263,1154,5191,6167,2369,4313,214,179,323,488,329,916,416,1448,599,1066,350,292,2027,2471,1836,3360,23065,15451,2736,859,15339,4,0
2021-03-27T23:59:59+01:00,569,739,988,1981,1095,3032,1520,4400,1986,3486,1194,1084,4588,5435,2369,4313,212,178,323,488,329,916,411,1446,598,1063,349,292,2026,2470,1836,3360,23050,15435,2732,859,12997,3,0
2021-03-26T23:59:59+01:00,566,734,980,1971,1093,3026,1510,4393,1970,3478,1150,1053,4558,5401,2368,4309,211,175,323,486,326,915,409,1445,594,1056,341,287,1629,1938,1413,2641,22856,13333,2722,853,12982,3,0
2021-03-25T23:59:59+01:00,564,728,967,1963,1090,3017,1502,4381,1955,3469,1140,1042,4550,5396,2368,4308,210,172,322,485,324,909,406,1439,590,1047,337,283,1536,1817,1376,2568,22809,12988,2713,830,12918,3,0
2021-03-24T23:59:59+01:00,562,723,957,1950,1078,3002,1473,4364,1942,3460,1105,1012,4523,5363,2363,4303,210,172,321,484,321,905,401,1432,581,1031,323,273,1208,1436,1223,2302,22669,11852,2687,768,12824,3,0
2021-03-23T23:59:59+01:00,560,718,952,1936,1074,2992,1466,4351,1932,3454,1092,1001,4503,5348,2363,4300,209,172,319,481,314,902,401,1432,575,1027,315,266,974,1172,1107,2125,22594,11041,2678,747,12770,3,0
2021-03-22T23:59:59+01:00,559,709,947,1924,1068,2983,1456,4335,1918,3446,1089,998,4498,5347,2363,4300,207,172,318,479,313,900,398,1429,572,1023,311,262,973,1169,1106,2122,22571,11024,2663,727,12706,3,0
2021-03-21T23:59:59+01:00,557,706,944,1915,1066,2979,1451,4323,1908,3439,1086,997,4498,5346,2363,4300,207,172,318,478,312,896,398,1424,566,1021,301,257,969,1164,1105,2122,22568,11023,2649,684,12661,3,0
2021-03-20T23:59:59+01:00,552,698,939,1899,1050,2963,1423,4305,1874,3411,1014,926,3914,4714,2313,4201,207,172,318,478,312,896,398,1424,566,1021,301,257,969,1164,1104,2121,20908,11021,2648,684,12640,3,0
2021-03-19T23:59:59+01:00,543,689,922,1874,1023,2944,1387,4280,1848,3382,927,861,3242,3879,2266,4102,205,172,316,478,311,893,396,1422,562,1014,298,256,956,1151,1073,2081,18933,10999,2637,582,12599,3,0
2021-03-18T23:59:59+01:00,529,677,905,1849,1000,2917,1349,4241,1803,3330,829,798,2731,3348,2243,4068,200,170,313,474,308,883,393,1416,560,1009,295,251,851,1055,964,1892,18859,10621,1239,410,12519,3,0
2021-03-17T23:59:59+01:00,527,666,896,1829,987,2900,1327,4220,1785,3314,801,773,2645,3257,2237,4064,198,169,311,472,305,882,386,1412,557,1005,292,246,611,781,662,1446,18554,9702,1202,33,12472,0,0
2021-03-16T23:59:59+01:00,525,657,887,1807,967,2885,1310,4208,1761,3298,772,763,2598,3177,2235,4060,198,169,309,472,304,880,383,1410,554,1000,286,242,365,544,474,1138,18348,8701,1163,27,12399,0,0
2021-03-15T23:59:59+01:00,525,646,883,1789,958,2864,1304,4202,1753,3289,766,759,2595,3176,2235,4060,197,169,308,471,303,880,383,1409,551,1000,286,242,365,543,473,1138,18335,8694,1140,24,12329,0,0
2021-03-14T23:59:59+01:00,524,640,877,1777,951,2859,1294,4189,1743,3277,761,755,2590,3173,2235,4060,197,169,307,471,302,878,381,1407,551,1000,286,242,365,543,473,1138,18330,8692,1113,18,12262,0,0
2021-03-13T23:59:59+01:00,502,589,782,1515,821,2478,1100,3627,1461,2852,680,666,2487,3047,2234,4059,197,169,307,471,302,878,381,1407,551,1000,286,242,365,543,473,1138,18326,8692,1113,18,9461,0,0
2021-03-12T23:59:59+01:00,487,504,718,1249,729,2084,930,2937,1215,2262,540,513,2443,3002,2234,4059,197,166,307,471,302,876,380,1407,551,998,286,241,352,522,424,1074,18304,8536,1112,18,6490,0,0
2021-03-11T23:59:59+01:00,464,468,685,1179,683,1979,872,2792,1135,2151,486,455,2430,2992,2233,4058,197,166,306,469,301,875,380,1404,550,998,286,240,339,505,378,1031,18120,8410,1064,15,5878,0,0
2021-03-10T23:59:59+01:00,450,458,651,1145,643,1945,828,2756,1102,2123,466,439,2416,2973,2232,4055,193,164,302,462,301,874,375,1397,545,991,282,234,218,406,152,766,17843,7653,1044,9,5795,0,0
2021-03-09T23:59:59+01:00,434,441,619,1116,624,1927,805,2730,1080,2099,445,419,2322,2831,2109,3825,193,164,300,460,300,873,374,1394,545,988,280,233,218,406,152,765,17083,7645,1028,0,5715,0,0
2021-03-08T23:59:59+01:00,421,420,597,1086,606,1905,789,2706,1058,2073,424,391,2093,2557,1879,3446,193,163,300,458,299,869,374,1388,545,986,279,231,218,405,152,765,15838,7625,1000,0,5613,0,0
2021-03-07T23:59:59+01:00,420,418,590,1069,594,1897,786,2693,1052,2062,423,390,2088,2549,1878,3444,193,163,300,457,299,868,374,1385,545,985,279,231,218,405,152,765,15812,7619,990,0,5551,0,0
2021-03-06T23:59:59+01:00,420,415,587,1056,591,1895,779,2686,1048,2055,422,390,2088,2549,1878,3444,193,163,300,457,299,868,374,1385,545,984,278,231,218,405,152,765,15804,7617,990,0,5509,0,0
2021-03-05T23:59:59+01:00,414,400,581,1045,585,1885,774,2677,1042,2047,409,382,1666,1986,1444,2690,190,158,296,457,296,867,372,1382,543,980,278,231,218,405,152,765,13576,7590,990,0,5461,0,0
2021-03-04T23:59:59+01:00,404,375,554,1006,566,1829,745,2624,1021,1997,405,378,1575,1869,1405,2616,181,151,286,449,295,859,370,1368,541,976,277,231,218,405,152,765,13225,7524,984,0,5160,0,0
2021-03-03T23:59:59+01:00,402,368,546,976,549,1797,720,2576,1004,1959,399,372,1250,1490,1249,2344,180,150,285,448,294,858,366,1361,538,969,275,229,217,404,150,760,12070,7484,977,0,4954,0,0
2021-03-02T23:59:59+01:00,398,363,538,942,535,1777,712,2552,993,1940,389,362,1007,1223,1129,2164,180,148,284,437,290,852,366,1352,538,963,275,229,217,404,150,760,11248,7445,941,0,4835,0,0
2021-03-01T23:59:59+01:00,396,355,529,920,517,1746,703,2528,982,1923,385,355,1006,1217,1128,2160,180,146,284,428,287,842,365,1337,535,957,273,227,216,403,150,760,11229,7390,906,0,4715,0,0
2021-02-28T23:59:59+01:00,393,352,526,912,512,1735,700,2518,977,1908,381,350,1006,1215,1128,2160,178,145,284,428,287,841,365,1337,534,957,273,227,216,403,150,760,11229,7385,879,0,4665,0,0
2021-02-27T23:59:59+01:00,392,350,521,905,510,1729,697,2509,974,1906,380,349,1006,1215,1127,2160,178,145,284,428,287,841,365,1337,533,957,273,227,216,403,150,760,11228,7384,879,0,4623,0,0
2021-02-26T23:59:59+01:00,344,303,452,731,434,1420,568,2091,804,1564,352,319,1006,1212,1127,2160,178,143,284,425,285,833,363,1329,531,954,273,227,216,403,150,760,11217,7354,868,0,2802,0,0
2021-02-25T23:59:59+01:00,324,295,442,708,422,1384,554,2043,786,1532,344,313,921,1122,1055,2036,127,129,264,421,275,822,352,1313,526,947,273,225,216,403,150,760,10816,7203,838,0,2627,0,0
2021-02-24T23:59:59+01:00,319,289,437,692,415,1348,538,1995,764,1488,336,300,713,890,871,1731,127,123,263,415,272,813,350,1300,519,940,271,223,214,403,150,758,9877,7141,797,0,2452,0,0
2021-02-23T23:59:59+01:00,317,277,429,678,404,1325,530,1959,747,1469,322,290,462,642,680,1428,127,122,262,413,270,808,350,1293,518,932,270,222,213,403,149,757,8873,7109,753,0,2333,0,0
2021-02-22T23:59:59+01:00,317,275,428,671,403,1320,526,1948,742,1465,322,287,461,640,680,1427,127,117,257,403,269,791,346,1269,513,924,266,221,213,403,149,757,8868,7025,741,0,2303,0,0
2021-02-21T23:59:59+01:00,314,274,426,665,400,1312,524,1940,736,1461,312,282,457,635,678,1427,127,117,256,402,269,789,342,1266,506,921,265,220,212,402,148,748,8864,6990,699,0,2280,0,0
2021-02-20T23:59:59+01:00,314,271,426,663,400,1304,523,1931,734,1457,312,282,457,635,678,1427,127,117,256,402,269,789,342,1266,505,921,265,220,212,402,148,748,8864,6989,699,0,2251,0,0
2021-02-19T23:59:59+01:00,268,244,394,587,366,1136,465,1717,626,1246,303,266,431,599,598,1319,127,117,256,402,268,789,342,1266,505,921,265,220,212,402,148,748,8643,6988,593,0,1329,0,0
2021-02-18T23:59:59+01:00,267,239,387,578,355,1115,452,1699,616,1239,303,264,377,551,495,1191,124,114,252,397,261,783,339,1257,502,920,263,218,212,402,148,748,8464,6940,418,0,1246,0,0
2021-02-17T23:59:59+01:00,261,235,375,564,348,1106,429,1683,608,1227,298,257,222,415,157,778,116,101,248,391,256,768,333,1241,496,909,259,215,211,402,148,748,7741,6842,31,0,1191,0,0
2021-02-16T23:59:59+01:00,259,233,364,562,339,1097,421,1669,603,1221,295,254,221,414,157,778,85,89,228,365,245,738,315,1201,464,874,238,200,204,384,147,741,7733,6518,27,0,1127,0,0
2021-02-15T23:59:59+01:00,257,232,362,558,338,1091,419,1657,599,1215,295,254,221,413,156,778,84,87,224,354,237,726,305,1174,449,851,225,193,193,361,141,685,7725,6289,24,0,1096,0,0
2021-02-14T23:59:59+01:00,256,230,356,555,334,1082,415,1651,596,1212,295,254,221,413,156,778,80,85,217,349,234,718,300,1161,445,836,224,191,193,350,141,676,7715,6200,19,0,1070,0,0
2021-02-13T23:59:59+01:00,256,230,356,555,334,1082,414,1651,596,1211,294,254,221,413,156,778,80,85,217,349,234,718,300,1161,445,836,224,191,193,350,141,676,7713,6200,19,0,1069,0,0
2021-02-12T23:59:59+01:00,198,169,307,477,307,888,381,1413,559,996,286,239,220,413,156,778,77,84,214,348,232,715,293,1157,442,831,222,190,193,349,141,676,7701,6164,19,0,67,0,0
2021-02-11T23:59:59+01:00,196,167,301,466,303,874,375,1393,549,988,286,239,220,413,156,778,76,81,202,322,222,671,273,1106,425,783,221,187,193,344,141,673,7660,5920,16,0,28,0,0
2021-02-10T23:59:59+01:00,193,160,297,462,300,870,369,1382,545,980,284,237,218,412,156,776,70,75,186,296,211,612,256,1021,400,731,212,173,179,315,129,626,7618,5492,10,0,13,0,0
2021-02-09T23:59:59+01:00,188,154,294,453,299,861,369,1372,543,971,281,236,218,412,156,775,61,60,147,232,182,508,218,829,344,596,191,147,159,280,119,560,7574,4633,2,0,6,0,0
2021-02-08T23:59:59+01:00,184,148,291,442,294,851,366,1352,536,964,277,232,217,411,154,771,34,47,102,142,133,281,159,452,250,389,161,121,132,226,96,463,7482,3188,2,0,6,0,0
2021-02-07T23:59:59+01:00,182,146,288,441,293,849,365,1351,535,963,276,231,217,411,154,771,18,40,83,120,129,260,150,418,234,362,152,117,122,216,91,427,7472,2939,1,0,0,0,0
2021-02-06T23:59:59+01:00,182,146,288,441,293,849,365,1351,535,963,276,231,217,411,154,771,18,37,81,118,119,245,139,402,203,341,137,113,121,211,90,416,7472,2791,1,0,0,0,0
2021-02-05T23:59:59+01:00,182,144,288,438,292,838,363,1343,531,960,276,230,217,411,154,770,17,32,77,113,112,232,134,375,189,322,132,108,118,206,83,400,7436,2650,1,0,0,0,0
2021-02-04T23:59:59+01:00,174,139,287,434,285,829,360,1332,522,951,275,228,216,411,154,768,10,21,51,76,83,176,111,285,157,265,114,96,107,191,75,360,7365,2178,0,0,0,0,0
2021-02-03T23:59:59+01:00,156,132,277,428,281,824,358,1321,522,949,275,228,215,411,154,767,10,19,43,66,74,141,87,255,134,217,95,81,92,164,67,318,7298,1863,0,0,0,0,0
2021-02-02T23:59:59+01:00,135,126,265,426,278,817,353,1314,521,942,274,228,214,411,153,766,10,16,34,61,62,118,72,210,103,167,63,57,67,105,43,201,7223,1389,0,0,0,0,0
2021-02-01T23:59:59+01:00,130,121,260,411,276,800,351,1290,515,929,269,226,214,411,153,766,4,10,20,34,33,65,44,116,59,69,28,28,28,45,25,100,7122,708,0,0,0,0,0
2021-01-31T23:59:59+01:00,129,118,258,409,274,797,349,1284,511,927,269,223,213,410,153,766,4,6,15,23,28,46,31,70,39,42,14,8,13,28,20,61,7090,448,0,0,0,0,0
2021-01-30T23:59:59+01:00,129,118,258,409,274,796,349,1283,510,927,269,223,213,410,153,766,4,6,13,20,25,39,26,62,36,40,14,8,13,28,20,61,7087,415,0,0,0,0,0
2021-01-29T23:59:59+01:00,129,118,258,409,273,796,349,1283,510,927,269,223,213,410,153,766,4,6,7,18,23,30,21,54,32,37,14,8,13,27,19,60,7086,373,0,0,0,0,0
2021-01-28T23:59:59+01:00,127,115,254,403,269,790,346,1276,506,926,269,223,213,410,153,766,1,3,2,8,15,12,11,25,12,22,11,4,6,14,6,25,7046,177,0,0,0,0,0
2021-01-27T23:59:59+01:00,119,105,252,399,266,782,341,1269,500,919,264,220,212,409,153,766,0,0,1,4,11,10,7,18,10,17,10,4,6,14,6,25,6976,143,0,0,0,0,0
2021-01-26T23:59:59+01:00,90,93,234,382,258,757,328,1231,475,888,244,208,205,393,153,758,0,0,1,4,11,10,7,18,10,17,10,4,6,14,6,25,6697,143,0,0,0,0,0
2021-01-25T23:59:59+01:00,87,88,232,362,245,738,314,1198,457,863,228,201,196,372,149,703,0,0,1,4,11,8,6,11,7,13,10,4,6,14,6,25,6433,126,0,0,0,0,0
2021-01-24T23:59:59+01:00,87,86,228,358,244,733,311,1185,455,848,227,199,196,361,149,693,0,0,1,4,11,8,6,11,7,13,10,4,6,14,6,25,6360,126,0,0,0,0,0
2021-01-23T23:59:59+01:00,87,86,228,358,244,733,311,1185,455,848,227,199,196,361,149,693,0,0,1,4,11,8,6,11,7,13,10,4,6,14,6,25,6360,126,0,0,0,0,0
2021-01-22T23:59:59+01:00,87,85,226,356,244,730,307,1181,451,845,225,198,196,360,149,693,0,0,1,4,11,8,6,11,7,13,10,4,6,14,6,25,6333,126,0,0,0,0,0
2021-01-21T23:59:59+01:00,87,82,211,327,234,686,282,1130,437,812,224,194,195,354,149,690,0,0,1,2,9,7,5,10,6,11,10,4,6,14,6,25,6094,116,0,0,0,0,0
2021-01-20T23:59:59+01:00,80,76,197,306,222,622,268,1037,408,753,215,183,180,325,138,643,0,0,1,2,9,7,5,10,6,11,10,4,6,14,6,25,5653,116,0,0,0,0,0
2021-01-19T23:59:59+01:00,72,66,157,256,202,559,242,914,367,644,196,157,158,285,125,565,0,0,1,2,3,6,5,9,4,9,7,3,6,14,6,25,4965,100,0,0,0,0,0
2021-01-18T23:59:59+01:00,60,58,134,213,180,455,215,757,327,551,180,138,134,236,105,481,0,0,0,1,2,3,2,4,2,7,6,3,6,14,6,23,4224,79,0,0,0,0,0
2021-01-17T23:59:59+01:00,36,46,109,182,167,392,198,666,301,492,170,131,121,218,91,426,0,0,0,0,2,3,1,4,2,5,4,3,6,14,5,23,3746,72,0,0,0,0,0
2021-01-16T23:59:59+01:00,29,43,109,180,157,375,183,646,270,470,155,126,120,213,90,415,0,0,0,0,0,0,0,0,0,0,0,0,0,0,0,0,3581,0,0,0,0,0,0
2021-01-15T23:59:59+01:00,27,39,105,175,146,362,177,616,253,448,150,117,117,207,82,399,0,0,0,0,0,0,0,0,0,0,0,0,0,0,0,0,3420,0,0,0,0,0,0
2021-01-14T23:59:59+01:00,9,24,51,77,84,167,113,281,150,260,122,100,104,191,72,359,0,0,0,0,0,0,0,0,0,0,0,0,0,0,0,0,2164,0,0,0,0,0,0
2021-01-13T23:59:59+01:00,8,20,41,67,76,133,91,252,125,223,93,78,85,154,56,289,0,0,0,0,0,0,0,0,0,0,0,0,0,0,0,0,1791,0,0,0,0,0,0
2021-01-12T23:59:59+01:00,8,15,37,63,63,109,76,203,96,170,60,52,57,92,32,167,0,0,0,0,0,0,0,0,0,0,0,0,0,0,0,0,1300,0,0,0,0,0,0
2021-01-11T23:59:59+01:00,1,10,27,46,39,78,55,134,59,83,30,26,23,36,16,73,0,0,0,0,0,0,0,0,0,0,0,0,0,0,0,0,736,0,0,0,0,0,0
2021-01-10T23:59:59+01:00,1,5,20,32,34,54,36,87,38,51,13,6,7,18,11,33,0,0,0,0,0,0,0,0,0,0,0,0,0,0,0,0,446,0,0,0,0,0,0
2021-01-09T23:59:59+01:00,1,5,18,28,33,50,31,77,36,50,13,6,7,18,11,33,0,0,0,0,0,0,0,0,0,0,0,0,0,0,0,0,417,0,0,0,0,0,0
2021-01-08T23:59:59+01:00,1,5,15,26,30,39,25,68,32,46,12,6,6,16,10,32,0,0,0,0,0,0,0,0,0,0,0,0,0,0,0,0,369,0,0,0,0,0,0
2021-01-07T23:59:59+01:00,1,3,2,10,15,12,12,26,14,24,11,5,6,15,8,26,0,0,0,0,0,0,0,0,0,0,0,0,0,0,0,0,190,0,0,0,0,0,0
2021-01-06T23:59:59+01:00,1,0,2,4,13,10,8,20,12,19,11,5,6,15,8,26,0,0,0,0,0,0,0,0,0,0,0,0,0,0,0,0,160,0,0,0,0,0,0
2021-01-05T23:59:59+01:00,0,0,1,4,12,10,7,18,11,19,10,5,6,15,8,26,0,0,0,0,0,0,0,0,0,0,0,0,0,0,0,0,152,0,0,0,0,0,0
2021-01-04T23:59:59+01:00,0,0,1,4,12,9,6,14,9,17,10,5,6,15,8,26,0,0,0,0,0,0,0,0,0,0,0,0,0,0,0,0,142,0,0,0,0,0,0
2021-01-03T23:59:59+01:00,0,0,1,4,11,8,6,11,7,14,10,5,6,15,8,26,0,0,0,0,0,0,0,0,0,0,0,0,0,0,0,0,132,0,0,0,0,0,0
2021-01-02T23:59:59+01:00,0,0,1,4,11,8,6,11,7,14,10,5,6,15,8,26,0,0,0,0,0,0,0,0,0,0,0,0,0,0,0,0,132,0,0,0,0,0,0
2021-01-01T23:59:59+01:00,0,0,1,4,11,8,6,11,7,14,10,5,6,15,8,26,0,0,0,0,0,0,0,0,0,0,0,0,0,0,0,0,132,0,0,0,0,0,0
2020-12-31T23:59:59+01:00,0,0,1,4,11,8,6,11,7,14,10,5,6,15,8,26,0,0,0,0,0,0,0,0,0,0,0,0,0,0,0,0,132,0,0,0,0,0,0
2020-12-30T23:59:59+01:00,0,0,1,4,11,8,6,11,7,14,10,5,6,15,8,26,0,0,0,0,0,0,0,0,0,0,0,0,0,0,0,0,132,0,0,0,0,0,0
2020-12-29T23:59:59+01:00,0,0,1,4,8,8,6,11,5,12,10,5,6,15,8,26,0,0,0,0,0,0,0,0,0,0,0,0,0,0,0,0,125,0,0,0,0,0,0
2020-12-28T23:59:59+01:00,0,0,1,1,5,6,6,5,3,9,10,5,6,15,8,26,0,0,0,0,0,0,0,0,0,0,0,0,0,0,0,0,106,0,0,0,0,0,0
2020-12-27T23:59:59+01:00,0,0,0,0,2,3,1,4,2,6,4,4,6,15,7,25,0,0,0,0,0,0,0,0,0,0,0,0,0,0,0,0,79,0,0,0,0,0,0
