Datum,<15_1_m,<15_1_w,15-24_1_m,15-24_1_w,25-34_1_m,25-34_1_w,35-44_1_m,35-44_1_w,45-54_1_m,45-54_1_w,55-64_1_m,55-64_1_w,65-74_1_m,65-74_1_w,75-84_1_m,75-84_1_w,>84_1_m,>84_1_w,<15_2_m,<15_2_w,15-24_2_m,15-24_2_w,25-34_2_m,25-34_2_w,35-44_2_m,35-44_2_w,45-54_2_m,45-54_2_w,55-64_2_m,55-64_2_w,65-74_2_m,65-74_2_w,75-84_2_m,75-84_2_w,>84_2_m,>84_2_w,bp_1,bp_2,mo_1,mo_2,az_1,az_2,ja,unb_1,unb_2
2021-11-20T23:59:59+01:00,2516,2437,11176,10359,12040,11330,14521,14896,18407,18681,21380,21277,16640,17363,9259,11280,2992,5768,1936,1887,10077,9471,11078,10353,13595,13965,17474,17824,20712,20587,16327,17017,9088,11050,2907,5604,161313,151390,20756,20052,27893,27134,12361,16,15
2021-11-19T23:59:59+01:00,2473,2392,11106,10290,11989,11275,14467,14835,18362,18638,21349,21250,16626,17344,9252,11275,2991,5766,1920,1867,10033,9443,11047,10322,13550,13926,17441,17797,20681,20556,16316,17010,9084,11043,2907,5600,160675,150987,20752,20046,27893,27134,12361,16,15
2021-11-18T23:59:59+01:00,2428,2361,11064,10252,11947,11234,14430,14786,18331,18606,21330,21241,16621,17336,9247,11270,2991,5765,1914,1851,10006,9429,11025,10304,13530,13905,17424,17782,20668,20542,16313,17006,9079,11040,2906,5599,160251,150772,20738,20044,27893,27133,12359,16,15
2021-11-17T23:59:59+01:00,2381,2320,10999,10209,11900,11191,14394,14734,18298,18568,21293,21209,16612,17316,9242,11263,2987,5757,1904,1836,9988,9408,11005,10279,13501,13881,17403,17753,20648,20522,16294,16989,9074,11034,2905,5597,159691,150476,20733,20040,27893,27133,12357,16,15
2021-11-16T23:59:59+01:00,2369,2299,10970,10184,11871,11154,14367,14711,18270,18540,21274,21183,16602,17306,9237,11253,2986,5755,1898,1832,9977,9399,10995,10263,13489,13870,17396,17745,20638,20515,16285,16983,9069,11029,2905,5596,159466,150363,20619,20019,27893,27133,12354,16,15
2021-11-15T23:59:59+01:00,2341,2281,10933,10153,11842,11117,14346,14674,18241,18509,21261,21165,16592,17301,9237,11248,2985,5748,1892,1816,9936,9377,10975,10244,13475,13846,17378,17727,20620,20503,16279,16974,9067,11024,2904,5594,159126,150117,20607,20017,27893,27133,12349,16,15
2021-11-14T23:59:59+01:00,2337,2276,10913,10139,11821,11104,14326,14662,18227,18496,21253,21154,16589,17297,9235,11247,2983,5748,1890,1812,9931,9368,10966,10236,13468,13840,17370,17722,20617,20499,16275,16974,9064,11021,2903,5593,158980,150045,20591,20012,27893,27133,12344,16,15
2021-11-13T23:59:59+01:00,2334,2275,10906,10133,11814,11101,14321,14660,18224,18488,21250,21152,16589,17296,9234,11247,2983,5748,1890,1812,9924,9365,10965,10234,13467,13839,17369,17718,20615,20497,16273,16972,9064,11020,2903,5593,158940,150024,20585,20010,27893,27133,12338,16,15
2021-11-12T23:59:59+01:00,2324,2273,10883,10108,11804,11085,14303,14655,18215,18479,21247,21146,16584,17295,9234,11247,2982,5748,1887,1811,9918,9362,10958,10228,13463,13836,17367,17714,20611,20493,16272,16972,9064,11019,2903,5593,158801,149982,20584,20007,27893,27133,12334,16,15
2021-11-11T23:59:59+01:00,2312,2257,10833,10072,11771,11054,14267,14625,18189,18460,21236,21130,16582,17294,9233,11241,2981,5748,1884,1803,9894,9342,10941,10218,13445,13828,17361,17702,20599,20483,16272,16970,9064,11018,2903,5593,158498,149862,20566,19982,27893,27133,12328,16,15
2021-11-10T23:59:59+01:00,2294,2244,10795,10036,11733,11022,14234,14593,18160,18440,21227,21119,16578,17290,9231,11235,2980,5747,1874,1789,9873,9326,10926,10197,13426,13814,17346,17687,20592,20477,16271,16965,9062,11015,2903,5592,158189,149721,20556,19949,27893,27130,12320,16,15
2021-11-09T23:59:59+01:00,2266,2213,10772,10016,11714,10991,14220,14577,18142,18425,21216,21107,16568,17281,9229,11231,2980,5743,1868,1784,9857,9313,10914,10182,13418,13803,17339,17675,20582,20467,16265,16956,9060,11013,2901,5590,157944,149620,20536,19904,27893,27130,12318,16,15
2021-11-08T23:59:59+01:00,2243,2183,10732,9968,11675,10953,14195,14555,18116,18413,21199,21093,16564,17275,9226,11227,2980,5740,1861,1778,9826,9293,10895,10160,13408,13791,17332,17661,20568,20455,16260,16947,9057,11009,2899,5589,157603,149484,20529,19849,27893,27129,12312,16,15
2021-11-07T23:59:59+01:00,2215,2163,10699,9954,11653,10934,14174,14544,18099,18401,21193,21085,16561,17273,9224,11223,2980,5738,1858,1772,9812,9287,10884,10150,13397,13780,17320,17645,20556,20448,16254,16941,9056,11005,2899,5589,157400,149419,20517,19788,27893,27128,12303,16,15
2021-11-06T23:59:59+01:00,2180,2131,10636,9900,11597,10864,14112,14494,18051,18368,21172,21060,16554,17264,9221,11220,2979,5737,1856,1770,9804,9281,10879,10146,13390,13775,17315,17639,20551,20446,16253,16938,9054,11005,2899,5588,156832,149359,20516,19788,27893,27128,12299,16,15
2021-11-05T23:59:59+01:00,2141,2091,10574,9846,11534,10814,14058,14437,17996,18314,21140,21033,16547,17252,9218,11216,2978,5737,1847,1756,9786,9267,10869,10134,13374,13764,17301,17625,20541,20436,16247,16930,9052,11001,2899,5588,156223,149193,20516,19787,27893,27128,12294,16,15
2021-11-04T23:59:59+01:00,2110,2053,10549,9829,11518,10801,14040,14421,17988,18304,21133,21025,16544,17248,9215,11213,2977,5734,1834,1741,9771,9243,10852,10112,13355,13745,17290,17607,20527,20419,16243,16924,9047,10993,2894,5581,156019,148966,20503,19782,27893,27128,12287,16,15
2021-11-03T23:59:59+01:00,2083,2028,10506,9795,11479,10762,14002,14399,17962,18278,21113,21005,16537,17243,9212,11211,2975,5731,1824,1730,9749,9228,10837,10098,13337,13724,17280,17593,20516,20410,16237,16917,9043,10991,2891,5575,155653,148775,20495,19782,27893,27128,12280,16,15
2021-11-02T23:59:59+01:00,2063,2013,10492,9782,11464,10744,13988,14387,17948,18268,21102,20994,16537,17240,9212,11206,2975,5729,1813,1716,9727,9208,10822,10080,13325,13709,17271,17582,20509,20403,16230,16910,9040,10988,2888,5571,155482,148595,20495,19780,27893,27128,12274,16,15
2021-11-01T23:59:59+01:00,2054,2001,10481,9761,11441,10730,13969,14380,17936,18259,21096,20990,16534,17239,9212,11206,2975,5728,1798,1697,9707,9187,10802,10064,13309,13691,17262,17576,20500,20394,16225,16904,9037,10986,2888,5568,155341,148412,20490,19772,27893,27128,12268,16,15
2021-10-31T23:59:59+01:00,2054,2001,10480,9760,11440,10729,13968,14379,17936,18259,21095,20990,16534,17238,9212,11205,2975,5728,1795,1695,9706,9187,10802,10063,13309,13691,17261,17575,20499,20394,16223,16902,9036,10985,2888,5568,155332,148396,20490,19772,27893,27128,12268,16,15
2021-10-30T23:59:59+02:00,2047,1992,10435,9739,11388,10695,13924,14341,17877,18225,21062,20968,16530,17233,9212,11203,2974,5727,1795,1695,9704,9184,10798,10060,13307,13690,17259,17571,20493,20390,16223,16901,9036,10985,2888,5568,154921,148364,20490,19772,27893,27128,12268,16,15
2021-10-29T23:59:59+02:00,2033,1973,10397,9718,11346,10658,13890,14300,17840,18192,21040,20949,16523,17227,9210,11202,2973,5726,1792,1695,9696,9180,10794,10054,13297,13682,17248,17566,20485,20383,16220,16900,9036,10983,2888,5567,154551,148290,20490,19770,27893,27128,12263,16,15
2021-10-28T23:59:59+02:00,2025,1965,10381,9707,11328,10648,13873,14293,17830,18180,21030,20946,16521,17226,9207,11199,2973,5724,1786,1694,9675,9167,10782,10042,13286,13674,17240,17560,20481,20378,16218,16898,9036,10980,2888,5566,154429,148192,20487,19768,27892,27128,12248,16,15
2021-10-27T23:59:59+02:00,2014,1955,10367,9699,11313,10640,13856,14282,17819,18173,21024,20942,16521,17220,9206,11195,2971,5720,1763,1665,9642,9128,10766,10006,13267,13644,17220,17544,20467,20368,16206,16895,9036,10979,2885,5564,154304,147897,20478,19762,27892,27128,12243,16,15
2021-10-26T23:59:59+02:00,2003,1939,10348,9682,11295,10630,13838,14267,17811,18160,21017,20936,16520,17219,9201,11189,2971,5718,1727,1629,9577,9063,10738,9968,13243,13610,17196,17514,20454,20356,16199,16884,9032,10973,2884,5562,154141,147473,20478,19761,27892,27127,12233,16,15
2021-10-25T23:59:59+02:00,2001,1936,10332,9675,11286,10624,13836,14262,17806,18157,21015,20933,16518,17218,9200,11188,2971,5718,1724,1623,9572,9060,10734,9966,13238,13609,17191,17511,20451,20356,16197,16883,9032,10970,2884,5560,154080,147430,20477,19761,27891,27127,12228,16,15
2021-10-24T23:59:59+02:00,1995,1932,10321,9669,11273,10619,13831,14258,17803,18155,21011,20929,16517,17218,9200,11185,2970,5717,1714,1617,9555,9047,10726,9957,13233,13602,17189,17508,20445,20356,16196,16881,9032,10969,2882,5560,154015,147344,20475,19761,27891,27127,12222,16,15
2021-10-23T23:59:59+02:00,1992,1929,10283,9641,11237,10594,13801,14229,17774,18133,20990,20914,16511,17209,9197,11180,2970,5715,1714,1616,9554,9046,10726,9954,13230,13599,17188,17508,20445,20356,16196,16880,9032,10968,2882,5560,153713,147331,20475,19761,27891,27127,12220,16,15
2021-10-22T23:59:59+02:00,1981,1916,10252,9620,11223,10563,13763,14212,17754,18114,20966,20897,16505,17209,9196,11178,2970,5715,1706,1607,9536,9036,10719,9943,13221,13587,17185,17500,20440,20353,16193,16875,9031,10967,2881,5557,153459,147224,20473,19761,27891,27126,12211,16,15
2021-10-21T23:59:59+02:00,1976,1913,10246,9614,11206,10552,13750,14209,17744,18109,20963,20896,16504,17208,9194,11178,2970,5714,1700,1598,9525,9029,10714,9932,13217,13574,17177,17493,20436,20346,16191,16874,9030,10965,2881,5557,153378,147134,20469,19756,27891,27126,12208,16,15
2021-10-20T23:59:59+02:00,1967,1904,10226,9604,11195,10533,13740,14201,17739,18099,20955,20891,16501,17204,9192,11175,2970,5714,1682,1579,9501,8994,10700,9911,13199,13554,17157,17476,20422,20333,16189,16868,9028,10962,2879,5557,153249,146893,20467,19754,27891,27126,12203,16,15
2021-10-19T23:59:59+02:00,1962,1898,10214,9597,11186,10523,13733,14196,17733,18095,20948,20887,16500,17202,9192,11175,2969,5713,1660,1559,9457,8950,10667,9880,13174,13528,17130,17453,20411,20322,16180,16855,9023,10959,2879,5556,153173,146555,20465,19753,27891,27126,12194,16,15
2021-10-18T23:59:59+02:00,1956,1881,10185,9579,11170,10507,13724,14182,17719,18088,20936,20879,16496,17197,9189,11169,2969,5710,1634,1539,9427,8911,10642,9854,13151,13499,17108,17437,20394,20308,16171,16847,9015,10949,2878,5553,152988,146232,20464,19751,27891,27126,12193,16,15
2021-10-17T23:59:59+02:00,1956,1880,10180,9578,11167,10503,13720,14180,17717,18084,20933,20878,16493,17197,9189,11169,2967,5708,1634,1536,9425,8907,10635,9852,13149,13498,17103,17432,20392,20307,16170,16846,9015,10948,2878,5553,152954,146199,20463,19749,27891,27126,12191,16,15
2021-10-16T23:59:59+02:00,1952,1876,10170,9572,11162,10503,13714,14169,17714,18082,20928,20876,16491,17193,9187,11168,2967,5707,1634,1536,9425,8906,10634,9852,13148,13497,17103,17430,20391,20307,16170,16846,9015,10948,2878,5553,152887,146193,20463,19749,27891,27126,12190,16,15
2021-10-15T23:59:59+02:00,1949,1872,10162,9559,11155,10497,13706,14157,17705,18071,20923,20864,16490,17192,9186,11167,2967,5706,1630,1529,9409,8892,10624,9845,13139,13490,17099,17425,20385,20302,16168,16846,9015,10948,2877,5553,152787,146100,20463,19748,27891,27126,12187,16,15
2021-10-14T23:59:59+02:00,1944,1864,10150,9548,11146,10482,13690,14149,17699,18061,20912,20853,16487,17189,9186,11164,2966,5704,1623,1526,9399,8879,10615,9834,13130,13482,17094,17420,20375,20294,16162,16840,9012,10947,2877,5553,152695,146006,20432,19739,27891,27126,12176,16,15
2021-10-13T23:59:59+02:00,1940,1853,10135,9529,11132,10475,13676,14139,17684,18050,20905,20845,16484,17181,9183,11158,2963,5702,1614,1519,9388,8860,10601,9821,13117,13469,17082,17409,20370,20284,16160,16834,9007,10938,2876,5550,152574,145927,20395,19658,27891,27125,12174,16,15
2021-10-12T23:59:59+02:00,1930,1844,10120,9516,11122,10458,13671,14134,17682,18044,20899,20842,16482,17178,9181,11157,2963,5702,1602,1509,9360,8837,10592,9806,13104,13453,17069,17399,20360,20275,16151,16825,9002,10930,2875,5542,152534,145802,20327,19576,27891,27125,12173,16,15
2021-10-11T23:59:59+02:00,1921,1835,10101,9500,11104,10449,13657,14126,17672,18028,20891,20832,16476,17176,9178,11153,2962,5700,1574,1482,9328,8797,10571,9775,13081,13425,17055,17384,20348,20266,16142,16821,8999,10926,2874,5538,152434,145653,20268,19425,27891,27125,12168,16,15
2021-10-10T23:59:59+02:00,1920,1830,10091,9493,11099,10442,13647,14119,17664,18020,20881,20826,16476,17176,9175,11149,2961,5700,1572,1481,9321,8793,10563,9771,13075,13420,17050,17381,20343,20266,16141,16821,8997,10923,2874,5536,152409,145609,20205,19415,27891,27125,12164,16,15
2021-10-09T23:59:59+02:00,1920,1830,10091,9493,11098,10442,13647,14119,17663,18020,20881,20826,16476,17176,9175,11149,2961,5700,1571,1481,9318,8789,10563,9769,13074,13419,17048,17381,20342,20265,16141,16821,8997,10923,2874,5536,152408,145596,20204,19412,27891,27125,12164,16,15
2021-10-08T23:59:59+02:00,1911,1821,10076,9485,11089,10436,13637,14108,17653,18012,20871,20821,16469,17170,9174,11146,2960,5699,1565,1474,9312,8780,10557,9763,13068,13412,17046,17378,20341,20264,16139,16820,8997,10922,2874,5536,152281,145540,20204,19406,27891,27125,12162,16,15
2021-10-07T23:59:59+02:00,1899,1807,10046,9452,11061,10408,13608,14090,17645,17999,20853,20808,16463,17165,9171,11142,2959,5697,1559,1466,9300,8761,10548,9747,13062,13401,17041,17369,20333,20259,16135,16816,8993,10919,2874,5535,152038,145429,20199,19404,27891,27125,12145,16,15
2021-10-06T23:59:59+02:00,1881,1783,10020,9432,11045,10393,13592,14070,17637,17987,20841,20799,16459,17160,9168,11140,2959,5696,1518,1410,9258,8698,10525,9710,13028,13363,17014,17342,20313,20240,16124,16807,8988,10915,2874,5531,151835,144978,20196,19403,27891,27125,12137,16,15
2021-10-05T23:59:59+02:00,1871,1771,10007,9410,11034,10376,13578,14054,17628,17978,20831,20794,16455,17154,9167,11140,2958,5696,1500,1387,9238,8673,10510,9689,13018,13351,17006,17326,20301,20231,16118,16803,8985,10909,2870,5527,151696,144783,20196,19403,27891,27125,12116,16,15
2021-10-04T23:59:59+02:00,1859,1761,9981,9396,11021,10360,13563,14041,17617,17964,20817,20781,16454,17149,9165,11138,2957,5696,1484,1373,9216,8652,10488,9666,13013,13340,16997,17306,20290,20211,16115,16798,8983,10907,2869,5527,151543,144601,20191,19403,27891,27124,12092,16,15
2021-10-03T23:59:59+02:00,1853,1756,9974,9390,11010,10349,13558,14034,17610,17959,20809,20777,16451,17144,9163,11137,2957,5696,1481,1368,9208,8643,10475,9659,13009,13335,16993,17299,20281,20206,16112,16796,8983,10905,2869,5527,151481,144546,20191,19403,27891,27124,12061,16,15
2021-10-02T23:59:59+02:00,1853,1756,9973,9387,11008,10348,13555,14034,17610,17959,20807,20775,16450,17143,9163,11137,2957,5696,1481,1368,9207,8641,10472,9655,13007,13333,16993,17299,20280,20204,16111,16794,8983,10905,2869,5527,151475,144538,20191,19401,27891,27124,12051,16,15
2021-10-01T23:59:59+02:00,1850,1752,9958,9372,11000,10333,13546,14026,17601,17952,20801,20771,16447,17139,9161,11136,2955,5694,1471,1354,9190,8623,10458,9644,13005,13322,16982,17292,20271,20197,16110,16794,8982,10900,2868,5525,151377,144414,20190,19401,27890,27124,12034,16,15
2021-09-30T23:59:59+02:00,1847,1748,9942,9364,10988,10323,13536,14009,17593,17939,20792,20764,16447,17138,9159,11134,2954,5693,1462,1350,9167,8615,10446,9634,12998,13310,16972,17288,20265,20193,16108,16794,8979,10900,2868,5525,151300,144348,20188,19398,27890,27124,11989,16,15
2021-09-29T23:59:59+02:00,1834,1714,9913,9328,10964,10297,13521,13989,17578,17927,20774,20753,16439,17130,9157,11131,2953,5690,1458,1336,9157,8600,10432,9619,12995,13296,16967,17275,20256,20185,16102,16785,8975,10897,2867,5524,151039,144218,20188,19397,27890,27124,11972,16,15
2021-09-28T23:59:59+02:00,1807,1689,9860,9274,10942,10261,13489,13962,17550,17897,20757,20733,16430,17117,9153,11121,2952,5687,1437,1320,9138,8572,10418,9597,12978,13283,16957,17263,20243,20174,16093,16776,8968,10890,2867,5523,150655,144016,20188,19396,27889,27124,11946,16,15
2021-09-27T23:59:59+02:00,1790,1676,9834,9256,10915,10239,13469,13935,17532,17877,20748,20726,16424,17112,9149,11118,2952,5686,1423,1308,9119,8550,10395,9577,12957,13257,16942,17246,20232,20165,16089,16773,8966,10887,2867,5522,150487,143867,20179,19391,27889,27122,11880,16,15
2021-09-26T23:59:59+02:00,1783,1670,9823,9246,10897,10226,13459,13928,17525,17871,20738,20725,16422,17108,9149,11117,2951,5686,1421,1307,9113,8542,10385,9573,12948,13251,16938,17241,20225,20163,16087,16771,8966,10887,2867,5522,150404,143831,20178,19390,27889,27121,11850,16,15
2021-09-25T23:59:59+02:00,1783,1669,9820,9245,10896,10226,13457,13927,17525,17871,20738,20725,16422,17107,9149,11117,2951,5686,1421,1307,9113,8539,10383,9573,12947,13249,16938,17241,20225,20163,16087,16770,8966,10887,2867,5522,150399,143827,20178,19390,27889,27121,11845,16,15
2021-09-24T23:59:59+02:00,1775,1653,9803,9233,10893,10216,13453,13916,17522,17867,20735,20721,16419,17106,9149,11117,2950,5686,1411,1301,9096,8526,10377,9562,12943,13245,16932,17235,20224,20159,16085,16768,8965,10887,2867,5522,150311,143744,20176,19390,27889,27121,11835,16,15
2021-09-23T23:59:59+02:00,1772,1651,9741,9189,10791,10151,13355,13842,17437,17801,20682,20674,16395,17088,9142,11106,2950,5683,1410,1298,9039,8487,10276,9502,12854,13184,16851,17173,20173,20115,16062,16747,8957,10875,2867,5519,150233,143716,20174,19387,27889,27121,11150,16,15
2021-09-22T23:59:59+02:00,1750,1634,9712,9156,10775,10122,13329,13811,17409,17778,20667,20652,16391,17080,9140,11099,2947,5682,1404,1281,9014,8472,10254,9485,12839,13169,16832,17163,20162,20110,16056,16745,8954,10869,2865,5516,149947,143546,20170,19384,27889,27121,11124,16,15
2021-09-21T23:59:59+02:00,1719,1604,9655,9090,10739,10087,13301,13769,17379,17755,20652,20641,16379,17066,9136,11097,2945,5676,1388,1250,8978,8438,10238,9467,12817,13142,16806,17133,20151,20099,16046,16738,8949,10866,2865,5514,149524,143261,20168,19382,27888,27121,11106,16,15
2021-09-20T23:59:59+02:00,1687,1580,9600,9038,10692,10036,13265,13728,17358,17736,20628,20623,16369,17059,9127,11085,2944,5672,1371,1223,8943,8411,10219,9444,12789,13119,16784,17115,20131,20079,16037,16729,8942,10858,2863,5512,149123,143007,20166,19381,27888,27120,11046,16,15
2021-09-19T23:59:59+02:00,1686,1579,9596,9030,10684,10031,13257,13726,17350,17730,20621,20619,16367,17056,9126,11083,2941,5669,1367,1222,8937,8405,10214,9442,12785,13117,16781,17113,20128,20075,16036,16729,8942,10858,2863,5511,149069,142985,20163,19379,27888,27119,11027,16,15
2021-09-18T23:59:59+02:00,1686,1579,9596,9029,10682,10027,13254,13722,17347,17730,20620,20619,16367,17056,9126,11083,2941,5669,1365,1222,8935,8402,10212,9440,12784,13114,16777,17112,20127,20075,16036,16729,8942,10858,2863,5511,149063,142976,20163,19379,27888,27119,11015,16,15
2021-09-17T23:59:59+02:00,1680,1569,9579,9006,10669,10011,13238,13708,17336,17719,20615,20608,16365,17054,9125,11081,2940,5668,1363,1220,8928,8396,10205,9434,12775,13108,16773,17107,20124,20066,16036,16727,8941,10857,2863,5511,148948,142952,20161,19379,27888,27118,10970,16,15
2021-09-16T23:59:59+02:00,1676,1568,9562,8990,10653,9994,13227,13696,17324,17711,20603,20597,16364,17050,9122,11078,2940,5666,1360,1220,8922,8390,10197,9427,12767,13102,16765,17102,20114,20061,16036,16726,8941,10854,2863,5509,148844,142923,20158,19376,27888,27115,10927,16,15
2021-09-15T23:59:59+02:00,1663,1553,9535,8963,10629,9974,13198,13668,17305,17687,20586,20579,16358,17043,9113,11070,2940,5662,1336,1186,8875,8350,10167,9386,12733,13062,16740,17082,20085,20041,16029,16714,8936,10851,2863,5507,148677,142586,20090,19363,27888,27112,10867,16,15
2021-09-14T23:59:59+02:00,1651,1543,9502,8933,10612,9954,13179,13645,17282,17669,20571,20564,16341,17030,9103,11059,2936,5650,1314,1174,8842,8318,10150,9369,12723,13039,16724,17063,20068,20021,16025,16707,8933,10844,2862,5503,148474,142345,20013,19362,27888,27112,10845,16,15
2021-09-13T23:59:59+02:00,1617,1507,9459,8878,10586,9920,13156,13602,17261,17650,20549,20551,16335,17024,9100,11053,2934,5644,1291,1159,8807,8290,10134,9346,12702,13007,16711,17046,20052,20005,16019,16693,8927,10842,2861,5499,148255,142090,19858,19354,27888,27111,10821,16,15
2021-09-12T23:59:59+02:00,1615,1504,9447,8871,10574,9914,13149,13592,17256,17646,20546,20546,16334,17021,9098,11052,2934,5641,1274,1143,8783,8269,10113,9335,12685,12993,16700,17039,20044,19996,16016,16689,8926,10836,2861,5498,148206,141932,19852,19353,27888,27110,10790,16,15
2021-09-11T23:59:59+02:00,1615,1504,9445,8866,10569,9910,13146,13590,17255,17643,20543,20544,16334,17019,9097,11052,2934,5641,1274,1143,8774,8266,10111,9334,12680,12992,16699,17036,20042,19995,16016,16688,8925,10836,2861,5498,148195,141926,19848,19348,27888,27110,10772,16,14
2021-09-10T23:59:59+02:00,1614,1503,9441,8862,10560,9902,13134,13585,17250,17636,20541,20540,16333,17018,9097,11052,2934,5641,1273,1142,8770,8263,10104,9325,12669,12986,16693,17031,20039,19991,16016,16687,8925,10835,2861,5498,148166,141904,19847,19342,27888,27110,10738,16,14
2021-09-09T23:59:59+02:00,1611,1498,9425,8856,10549,9889,13120,13568,17234,17627,20526,20528,16330,17017,9095,11048,2933,5638,1270,1138,8760,8257,10097,9315,12664,12972,16675,17024,20027,19981,16014,16685,8923,10828,2860,5496,148083,141850,19845,19342,27888,27109,10671,16,14
2021-09-08T23:59:59+02:00,1573,1450,9382,8797,10518,9850,13093,13531,17200,17601,20507,20508,16314,17003,9091,11042,2933,5636,1268,1131,8736,8241,10078,9299,12644,12955,16659,17015,20011,19973,16007,16679,8922,10824,2860,5496,147672,141718,19844,19337,27888,27109,10620,16,14
2021-09-07T23:59:59+02:00,1555,1425,9362,8775,10499,9831,13083,13521,17191,17589,20501,20503,16310,17000,9090,11037,2932,5634,1268,1129,8728,8234,10070,9297,12636,12953,16655,17006,20007,19970,16007,16677,8922,10821,2860,5496,147497,141676,19842,19335,27888,27105,10606,16,14
2021-09-06T23:59:59+02:00,1542,1413,9338,8751,10478,9810,13073,13507,17180,17575,20492,20487,16308,16997,9088,11037,2931,5634,1265,1129,8722,8224,10062,9290,12631,12945,16649,17001,20002,19963,16005,16677,8919,10818,2860,5495,147321,141619,19841,19332,27886,27104,10588,16,14
2021-09-05T23:59:59+02:00,1539,1410,9330,8741,10469,9805,13068,13501,17177,17568,20486,20484,16304,16994,9088,11036,2931,5634,1262,1121,8714,8218,10055,9280,12625,12939,16643,16995,19994,19961,16003,16675,8919,10817,2860,5495,147269,141565,19841,19332,27886,27101,10564,16,14
2021-09-04T23:59:59+02:00,1538,1410,9329,8739,10468,9805,13067,13500,17177,17568,20484,20482,16304,16994,9088,11036,2931,5634,1261,1121,8714,8218,10054,9278,12624,12939,16642,16994,19993,19961,16003,16675,8919,10817,2860,5495,147263,141559,19838,19332,27886,27101,10562,16,14
2021-09-03T23:59:59+02:00,1528,1396,9308,8721,10455,9794,13062,13490,17162,17556,20472,20472,16300,16988,9087,11031,2931,5631,1261,1120,8698,8206,10042,9270,12617,12932,16626,16984,19990,19953,15999,16668,8918,10813,2860,5492,147161,141507,19834,19330,27886,27101,10497,16,14
2021-09-02T23:59:59+02:00,1517,1387,9255,8690,10395,9743,12987,13432,17112,17519,20413,20428,16268,16961,9077,11020,2930,5626,1253,1115,8654,8181,9984,9226,12548,12882,16582,16951,19930,19912,15967,16645,8911,10805,2860,5487,147032,141450,19833,19326,27885,27099,10004,16,14
2021-09-01T23:59:59+02:00,1513,1370,9235,8676,10373,9731,12974,13419,17100,17505,20403,20423,16264,16955,9070,11016,2930,5625,1242,1107,8637,8161,9968,9209,12537,12871,16569,16940,19914,19901,15963,16640,8908,10799,2860,5486,146921,141317,19811,19324,27885,27098,9959,16,14
2021-08-31T23:59:59+02:00,1497,1352,9221,8650,10362,9719,12963,13412,17095,17493,20396,20415,16259,16951,9068,11011,2930,5625,1229,1093,8621,8143,9962,9197,12522,12860,16558,16935,19911,19894,15959,16638,8907,10796,2860,5486,146767,141190,19810,19321,27885,27095,9951,16,14
2021-08-30T23:59:59+02:00,1476,1335,9203,8628,10348,9703,12952,13397,17082,17473,20384,20406,16255,16948,9066,11009,2930,5624,1221,1082,8595,8129,9948,9185,12511,12840,16545,16918,19903,19887,15954,16632,8905,10791,2858,5484,146603,141054,19810,19317,27882,27086,9917,16,14
2021-08-29T23:59:59+02:00,1475,1334,9201,8622,10341,9694,12950,13392,17073,17468,20380,20401,16252,16943,9066,11009,2930,5623,1220,1079,8592,8123,9939,9173,12506,12834,16537,16913,19899,19884,15951,16625,8904,10791,2858,5483,146586,141032,19810,19316,27882,27080,9869,16,14
2021-08-28T23:59:59+02:00,1474,1334,9198,8618,10341,9693,12949,13391,17073,17467,20379,20400,16252,16943,9066,11009,2930,5623,1219,1077,8588,8123,9938,9173,12505,12833,16537,16912,19898,19883,15951,16625,8904,10791,2858,5483,146578,141027,19810,19314,27882,27080,9863,16,14
2021-08-27T23:59:59+02:00,1464,1323,9185,8611,10336,9686,12946,13389,17070,17461,20374,20395,16251,16941,9065,11009,2930,5623,1214,1071,8578,8116,9935,9168,12500,12830,16535,16905,19897,19882,15950,16624,8903,10790,2858,5483,146504,140981,19809,19312,27882,27075,9857,16,14
2021-08-26T23:59:59+02:00,1461,1322,9178,8607,10329,9680,12938,13388,17067,17459,20372,20390,16248,16938,9062,11004,2929,5623,1211,1069,8569,8105,9927,9162,12492,12827,16530,16903,19895,19877,15947,16620,8900,10787,2857,5483,146483,140950,19807,19312,27882,27069,9816,16,14
2021-08-25T23:59:59+02:00,1447,1297,9071,8551,10242,9608,12849,13315,16949,17376,20277,20334,16201,16901,9047,10983,2924,5612,1199,1061,8476,8051,9843,9100,12401,12762,16426,16830,19808,19823,15903,16582,8886,10767,2852,5470,146244,140803,19806,19311,27882,27067,9045,16,14
2021-08-24T23:59:59+02:00,1428,1272,9040,8521,10228,9588,12820,13286,16918,17340,20263,20318,16186,16891,9042,10977,2924,5609,1194,1052,8453,8038,9826,9088,12385,12751,16415,16815,19801,19813,15897,16578,8886,10765,2852,5469,145955,140685,19804,19309,27882,27067,9003,16,14
2021-08-23T23:59:59+02:00,1410,1247,8998,8484,10214,9569,12788,13266,16899,17322,20247,20293,16173,16879,9031,10970,2923,5603,1193,1046,8428,8022,9800,9069,12371,12745,16403,16806,19790,19797,15891,16570,8881,10760,2851,5466,145689,140587,19804,19307,27882,27047,8934,16,14
2021-08-22T23:59:59+02:00,1410,1247,8988,8479,10207,9562,12787,13262,16895,17316,20244,20290,16170,16875,9027,10970,2923,5602,1192,1045,8412,8016,9793,9058,12367,12740,16400,16799,19788,19793,15888,16565,8877,10758,2851,5465,145675,140558,19804,19305,27882,27044,8886,16,14
2021-08-21T23:59:59+02:00,1410,1246,8983,8479,10206,9560,12784,13261,16894,17316,20243,20289,16170,16875,9027,10970,2923,5602,1190,1043,8290,7935,9692,8964,12279,12630,16308,16729,19732,19750,15868,16550,8874,10747,2850,5463,145669,140553,19801,18405,27882,27043,8879,16,14
2021-08-20T23:59:59+02:00,1409,1244,8975,8477,10198,9552,12777,13251,16891,17314,20236,20284,16167,16875,9027,10968,2922,5601,1041,902,7933,7610,9540,8805,12135,12489,16185,16620,19625,19654,15829,16501,8862,10723,2848,5462,145634,138459,19801,18405,27882,27042,8844,16,14
2021-08-19T23:59:59+02:00,1404,1242,8964,8471,10191,9543,12768,13245,16886,17312,20231,20282,16166,16873,9027,10967,2922,5600,921,788,7672,7341,9411,8699,11991,12370,16091,16515,19528,19567,15787,16454,8851,10704,2847,5454,145592,136731,19798,18397,27881,27033,8816,16,14
2021-08-18T23:59:59+02:00,1380,1210,8918,8435,10164,9512,12740,13209,16856,17289,20205,20253,16153,16859,9021,10961,2918,5595,920,787,7659,7331,9399,8691,11977,12353,16077,16506,19520,19558,15781,16447,8847,10700,2844,5451,145285,136684,19785,18396,27878,27032,8722,16,14
2021-08-17T23:59:59+02:00,1355,1197,8882,8403,10149,9491,12724,13184,16841,17268,20182,20231,16145,16849,9019,10954,2916,5590,915,785,7646,7316,9382,8683,11966,12344,16070,16496,19509,19552,15774,16441,8846,10698,2843,5449,145041,136614,19782,18391,27877,27026,8672,16,12
2021-08-16T23:59:59+02:00,1332,1179,8844,8377,10130,9472,12700,13159,16831,17251,20162,20216,16140,16837,9015,10953,2915,5590,914,785,7637,7304,9366,8680,11956,12338,16067,16490,19500,19545,15771,16438,8846,10698,2843,5449,144807,136572,19780,18387,27877,27025,8631,16,12
2021-08-15T23:59:59+02:00,1314,1162,8825,8358,10117,9458,12684,13146,16819,17242,20148,20203,16134,16831,9015,10948,2915,5590,912,784,7625,7294,9349,8664,11942,12327,16059,16482,19494,19540,15762,16434,8845,10695,2843,5449,144660,136514,19779,18382,27875,27005,8587,16,12
2021-08-14T23:59:59+02:00,1313,1162,8825,8358,10116,9458,12683,13144,16819,17241,20147,20201,16134,16831,9015,10948,2915,5590,793,667,7307,7002,9203,8497,11769,12162,15941,16352,19400,19452,15736,16410,8836,10682,2843,5445,144654,134525,19779,18380,27875,26996,8584,16,12
2021-08-13T23:59:59+02:00,1308,1160,8813,8350,10106,9450,12670,13133,16803,17232,20139,20193,16131,16826,9013,10947,2914,5590,632,522,6921,6642,9033,8337,11561,11945,15721,16172,19259,19329,15702,16371,8824,10668,2841,5441,144625,132045,19779,18380,27875,26993,8491,16,12
2021-08-12T23:59:59+02:00,1307,1160,8812,8347,10099,9444,12667,13133,16797,17223,20135,20188,16130,16822,9011,10945,2914,5590,628,520,6914,6635,9019,8329,11549,11943,15710,16165,19255,19323,15700,16366,8822,10667,2841,5441,144608,132009,19778,18377,27875,26975,8454,16,12
2021-08-11T23:59:59+02:00,1304,1156,8808,8340,10090,9437,12660,13129,16791,17219,20129,20186,16128,16819,9010,10945,2914,5589,624,519,6907,6624,9001,8318,11538,11939,15706,16158,19247,19317,15696,16363,8821,10667,2841,5439,144559,131944,19774,18371,27875,26961,8437,16,12
2021-08-10T23:59:59+02:00,1303,1156,8806,8338,10086,9431,12657,13124,16789,17217,20128,20181,16126,16817,9010,10944,2914,5589,607,511,6862,6578,8967,8302,11519,11919,15680,16146,19240,19307,15694,16361,8821,10665,2841,5439,144530,131698,19774,18367,27875,26954,8428,16,12
2021-08-09T23:59:59+02:00,1303,1154,8800,8335,10082,9422,12655,13121,16782,17215,20122,20181,16124,16817,9009,10944,2914,5589,601,506,6842,6555,8945,8282,11506,11908,15664,16134,19234,19302,15691,16360,8819,10664,2841,5439,144502,131561,19774,18363,27873,26945,8412,15,12
2021-08-08T23:59:59+02:00,1303,1153,8797,8329,10080,9418,12646,13118,16777,17211,20120,20178,16122,16813,9008,10943,2913,5588,600,504,6839,6544,8931,8275,11489,11900,15657,16125,19232,19297,15688,16356,8818,10663,2840,5438,144490,131514,19773,18356,27873,26941,8373,15,12
2021-08-07T23:59:59+02:00,1303,1145,8789,8322,10071,9411,12643,13112,16770,17207,20113,20173,16118,16808,9006,10942,2912,5588,423,357,6187,5974,8660,8052,11218,11669,15458,15950,19146,19221,15668,16332,8811,10656,2837,5437,144444,128425,19772,18343,27873,26940,8336,15,12
2021-08-06T23:59:59+02:00,1297,1144,8780,8310,10057,9399,12623,13093,16752,17195,20096,20161,16111,16800,9006,10939,2912,5587,420,356,6174,5960,8644,8037,11194,11647,15436,15933,19129,19209,15661,16325,8811,10653,2837,5436,144406,128370,19769,18336,27873,26938,8206,15,12
2021-08-05T23:59:59+02:00,1294,1142,8772,8303,10048,9390,12610,13085,16746,17192,20088,20157,16110,16800,9006,10938,2912,5587,418,351,5889,5724,8294,7740,10830,11371,15111,15695,18880,19041,15641,16300,8801,10646,2836,5435,144358,128273,19765,15633,27869,26905,8180,15,12
2021-08-04T23:59:59+02:00,1293,1139,8766,8299,10043,9388,12604,13081,16741,17190,20086,20154,16110,16800,9005,10937,2912,5586,416,349,5875,5716,8265,7730,10809,11359,15094,15689,18875,19036,15640,16297,8800,10646,2836,5435,144326,128173,19764,15625,27868,26889,8168,15,12
2021-08-03T23:59:59+02:00,1286,1136,8762,8289,10038,9384,12599,13078,16736,17188,20081,20153,16108,16800,9004,10935,2912,5585,395,333,5763,5603,8170,7660,10692,11282,15045,15636,18846,19021,15636,16295,8799,10644,2834,5434,144283,127446,19762,15617,27868,26860,8153,15,12
2021-08-02T23:59:59+02:00,1280,1130,8749,8281,10031,9377,12594,13072,16730,17178,20074,20149,16106,16797,9002,10932,2911,5584,358,301,5593,5443,8042,7553,10567,11166,14973,15553,18814,18996,15628,16286,8793,10644,2834,5434,144201,126380,19756,15612,27867,26829,8145,15,12
2021-08-01T23:59:59+02:00,1278,1129,8742,8274,10024,9370,12588,13070,16725,17176,20069,20147,16106,16797,9001,10930,2911,5584,342,281,5533,5386,7992,7504,10505,11114,14936,15527,18801,18978,15625,16283,8791,10641,2834,5432,144157,125939,19754,15608,27866,26810,8136,15,12
2021-07-31T23:59:59+02:00,1278,1129,8741,8271,10024,9369,12585,13070,16724,17176,20068,20145,16106,16797,9001,10930,2911,5584,337,277,5507,5365,7976,7491,10486,11100,14923,15521,18796,18975,15624,16282,8791,10641,2834,5432,144155,125806,19753,15604,27866,26809,8127,15,12
2021-07-30T23:59:59+02:00,1146,1008,8513,8043,9931,9250,12505,12986,16644,17104,20008,20078,16074,16758,8995,10913,2910,5581,281,214,5214,5092,7838,7350,10298,10907,14787,15356,18728,18918,15600,16254,8778,10628,2830,5428,142701,123980,19751,15596,27866,26792,8121,15,12
2021-07-29T23:59:59+02:00,1139,1000,8383,7954,9777,9153,12353,12885,16495,17009,19845,19968,15988,16690,8970,10894,2909,5574,234,181,4920,4860,7563,7159,10019,10706,14540,15181,18534,18798,15514,16180,8751,10607,2829,5418,142580,122878,19748,15555,27866,26766,6783,15,12
2021-07-28T23:59:59+02:00,1128,986,8354,7918,9763,9137,12331,12870,16477,16986,19827,19958,15981,16677,8963,10890,2909,5572,137,106,4498,4432,7246,6908,9699,10406,14304,14999,18477,18757,15499,16169,8746,10596,2829,5408,142338,120230,19746,15501,27864,26703,6770,15,12
2021-07-27T23:59:59+02:00,1118,978,8330,7904,9750,9130,12319,12861,16470,16980,19820,19945,15979,16671,8961,10887,2908,5570,111,90,4263,4185,7015,6709,9452,10127,14145,14838,18426,18692,15450,16123,8729,10580,2826,5401,142200,118210,19744,15498,27864,26678,6764,15,12
2021-07-26T23:59:59+02:00,1114,975,8317,7892,9743,9125,12313,12855,16463,16972,19813,19944,15976,16666,8959,10883,2907,5565,108,84,4156,4078,6912,6597,9325,10005,14061,14755,18379,18658,15439,16112,8719,10572,2823,5399,142121,117305,19741,15487,27853,26620,6758,15,12
2021-07-25T23:59:59+02:00,1113,974,8308,7889,9730,9121,12303,12852,16458,16965,19810,19943,15974,16666,8959,10883,2907,5565,106,82,4106,4028,6834,6548,9253,9949,14024,14723,18354,18644,15421,16099,8712,10566,2823,5397,142095,116864,19737,15470,27852,26597,6726,15,12
2021-07-24T23:59:59+02:00,1111,971,8222,7827,9657,9041,12236,12775,16390,16912,19769,19905,15953,16652,8956,10873,2907,5564,99,80,4062,3984,6773,6497,9174,9891,13958,14658,18322,18618,15410,16088,8704,10562,2823,5397,142075,116601,19080,15189,27852,26594,6704,15,12
2021-07-23T23:59:59+02:00,1085,945,8110,7737,9619,9006,12202,12746,16345,16878,19741,19886,15948,16645,8952,10869,2907,5564,85,66,3769,3702,6517,6292,8890,9605,13721,14479,18241,18557,15368,16045,8686,10543,2821,5391,141581,114351,19080,15165,27852,26588,6662,15,12
2021-07-22T23:59:59+02:00,992,858,7895,7507,9516,8917,12084,12650,16254,16794,19666,19801,15902,16605,8943,10854,2906,5558,67,49,3644,3575,6365,6198,8736,9476,13556,14336,18166,18489,15347,16019,8678,10533,2821,5390,140121,113200,19078,15092,27845,26493,6648,15,12
2021-07-21T23:59:59+02:00,972,844,7863,7467,9498,8906,12062,12627,16230,16778,19642,19780,15891,16598,8943,10849,2906,5558,54,36,3338,3311,6020,5939,8341,9093,13291,14101,18024,18364,15255,15938,8646,10503,2818,5378,139863,110395,19076,15021,27840,26397,6625,15,12
2021-07-20T23:59:59+02:00,972,843,7855,7462,9490,8903,12057,12625,16222,16777,19637,19775,15889,16595,8943,10848,2906,5558,50,29,3265,3259,5960,5883,8283,9035,13206,14057,17992,18349,15255,15938,8646,10501,2818,5378,139824,110008,19075,15006,27837,26265,6613,13,12
2021-07-19T23:59:59+02:00,971,843,7847,7460,9486,8895,12052,12623,16217,16771,19634,19775,15887,16592,8943,10846,2906,5557,48,28,3213,3224,5910,5843,8221,8990,13148,14030,17946,18336,15255,15935,8646,10499,2818,5377,139785,109727,19074,14989,27837,26138,6601,13,12
2021-07-18T23:59:59+02:00,970,842,7836,7452,9482,8891,12043,12618,16212,16765,19632,19773,15886,16590,8943,10846,2906,5557,47,28,3193,3206,5871,5810,8186,8960,13109,14015,17930,18331,15255,15934,8646,10499,2818,5376,139741,109537,19073,14955,27835,26123,6587,13,12
2021-07-17T23:59:59+02:00,855,723,7514,7162,9330,8721,11869,12456,16083,16626,19535,19678,15865,16569,8935,10833,2906,5554,32,21,3092,3099,5759,5718,8054,8799,12968,13887,17835,18253,15245,15916,8643,10492,2818,5376,137731,108355,19072,14950,27835,26119,6571,10,12
2021-07-16T23:59:59+02:00,698,572,7125,6835,9150,8564,11677,12245,15881,16451,19393,19553,15835,16533,8925,10819,2905,5552,25,18,3030,3038,5683,5654,7940,8691,12848,13750,17756,18178,15223,15900,8639,10490,2817,5376,135267,107452,19072,14945,27834,26112,6535,10,12
2021-07-15T23:59:59+02:00,696,572,7111,6826,9146,8561,11664,12241,15870,16444,19389,19547,15833,16530,8920,10817,2904,5543,24,18,2989,3002,5617,5611,7850,8641,12771,13709,17725,18150,15200,15883,8631,10483,2816,5367,135222,107213,19069,14791,27829,25983,6488,10,12
2021-07-14T23:59:59+02:00,693,571,7102,6817,9141,8559,11660,12236,15864,16441,19384,19542,15831,16527,8917,10814,2904,5539,24,18,2967,2989,5576,5579,7814,8620,12739,13693,17707,18139,15193,15880,8628,10479,2816,5363,135188,107061,19068,14757,27829,25943,6451,10,12
2021-07-13T23:59:59+02:00,688,569,7077,6800,9129,8542,11651,12221,15853,16422,19374,19536,15822,16523,8913,10804,2899,5531,22,17,2911,2938,5512,5513,7654,8482,12485,13474,17549,18010,15174,15869,8616,10466,2811,5352,135063,105840,19068,14704,27826,25908,6391,10,12
2021-07-12T23:59:59+02:00,682,561,7064,6785,9118,8531,11641,12211,15848,16409,19362,19532,15820,16519,8911,10804,2899,5528,21,15,2854,2884,5430,5438,7506,8367,12236,13261,17368,17863,15164,15864,8612,10459,2810,5352,134948,104599,19066,14651,27822,25859,6383,10,12
2021-07-11T23:59:59+02:00,681,560,7055,6783,9108,8523,11633,12203,15838,16406,19357,19527,15820,16516,8910,10802,2899,5528,20,14,2823,2849,5353,5365,7407,8280,12069,13104,17242,17730,15155,15853,8611,10456,2810,5352,134903,103708,19062,14602,27822,25815,6356,10,12
2021-07-10T23:59:59+02:00,507,402,6494,6233,8882,8337,11391,12011,15681,16273,19302,19478,15812,16506,8906,10797,2898,5527,18,10,2794,2815,5302,5319,7324,8200,11965,13004,17164,17662,15140,15837,8608,10445,2807,5350,132212,103011,19062,14600,27822,25806,6335,10,12
2021-07-09T23:59:59+02:00,496,395,6436,6205,8855,8300,11351,11983,15653,16260,19289,19462,15811,16503,8906,10794,2898,5527,16,10,2737,2748,5221,5250,7145,8023,11553,12705,16865,17453,15120,15809,8601,10440,2805,5348,132120,101983,18852,13738,27821,25791,6325,10,12
2021-07-08T23:59:59+02:00,490,393,6119,5947,8484,8012,10972,11677,15314,16013,19031,19290,15789,16479,8897,10787,2895,5526,15,9,2676,2697,5138,5173,7004,7932,11352,12563,16713,17328,15113,15801,8601,10438,2805,5347,132031,101117,15968,13567,27816,25715,6294,10,12
2021-07-07T23:59:59+02:00,488,389,6104,5935,8460,7997,10958,11660,15303,16003,19030,19285,15787,16475,8896,10785,2895,5524,15,9,2628,2645,5047,5112,6866,7838,11117,12381,16549,17194,15105,15794,8596,10432,2805,5347,131923,100094,15959,13440,27814,25666,6268,10,12
2021-07-06T23:59:59+02:00,461,369,6003,5843,8387,7931,10885,11591,15269,15963,19007,19269,15779,16465,8893,10783,2892,5522,12,8,2560,2575,4915,4998,6684,7705,10728,11969,16176,16817,15079,15761,8588,10425,2804,5343,131306,97933,15951,13359,27808,25606,6237,10,12
2021-07-05T23:59:59+02:00,420,335,5825,5673,8270,7839,10771,11476,15210,15893,18975,19238,15773,16457,8889,10778,2889,5521,8,6,2508,2497,4817,4900,6551,7568,10376,11651,15902,16511,15049,15731,8580,10410,2804,5338,130260,96136,15947,13295,27805,25554,6210,10,12
2021-07-04T23:59:59+02:00,400,305,5750,5594,8213,7782,10704,11418,15180,15862,18961,19219,15766,16453,8888,10776,2889,5519,7,6,2488,2468,4755,4853,6490,7518,10239,11541,15801,16439,15044,15724,8578,10409,2803,5338,129754,95572,15940,13226,27800,25516,6175,10,12
2021-07-03T23:59:59+02:00,394,303,5729,5582,8202,7773,10691,11414,15173,15856,18958,19216,15766,16453,8888,10776,2889,5519,6,6,2453,2438,4659,4824,6382,7492,10181,11495,15696,16353,14365,15017,8559,10384,2803,5338,129678,95456,15937,13224,27800,23602,6157,10,12
2021-07-02T23:59:59+02:00,348,264,5541,5434,8128,7702,10593,11317,15109,15799,18939,19209,15762,16449,8883,10774,2887,5516,6,6,2406,2390,4501,4746,6199,7418,10027,11338,15505,16150,13572,14098,8551,10369,2803,5337,128767,94892,15934,13180,27799,21194,6144,10,12
2021-07-01T23:59:59+02:00,286,209,5325,5252,8000,7590,10452,11191,14980,15704,18895,19184,15755,16441,8878,10768,2887,5515,5,5,2288,2270,4324,4573,5961,7164,9246,10653,14877,15678,13547,14069,8546,10364,2799,5335,127477,91392,15921,13084,27798,21110,6106,10,12
2021-06-30T23:59:59+02:00,156,119,4843,4781,7660,7312,10097,10853,14753,15527,18838,19140,15744,16430,8874,10760,2887,5512,5,5,2252,2224,4238,4502,5847,7067,9074,10528,14787,15600,13533,14061,8543,10361,2799,5333,124491,90789,15915,12911,27798,20975,6072,10,12
2021-06-29T23:59:59+02:00,119,97,4559,4501,7410,7092,9807,10553,14555,15337,18774,19080,15692,16380,8854,10745,2886,5507,4,4,2184,2143,4095,4365,5640,6886,8847,10299,14491,15375,13486,14013,8530,10337,2797,5320,122421,89332,15911,12759,27796,20903,5810,10,12
2021-06-28T23:59:59+02:00,103,77,4423,4360,7305,6981,9685,10428,14462,15229,18729,19037,15676,16364,8840,10734,2883,5505,2,3,2097,2016,3913,4159,5359,6544,8462,9786,13958,14838,13367,13924,8511,10313,2794,5306,121408,86118,15900,12678,27793,20836,5710,10,10
2021-06-27T23:59:59+02:00,98,75,4370,4314,7247,6926,9625,10373,14429,15195,18709,19020,15659,16352,8833,10727,2882,5500,2,2,2044,1982,3849,4113,5245,6430,8294,9657,13782,14725,13341,13905,8502,10304,2791,5304,121044,85325,15896,12643,27791,20701,5593,10,10
2021-06-26T23:59:59+02:00,85,73,4325,4284,7216,6898,9607,10352,14409,15179,18696,19007,15655,16346,8833,10727,2882,5500,2,2,1968,1890,3661,3955,5031,6173,7931,9200,13431,14429,13261,13846,8482,10276,2786,5295,120800,82689,15890,12643,27791,20694,5583,10,10
2021-06-25T23:59:59+02:00,72,60,4014,3962,6955,6662,9314,10059,14185,14990,18612,18950,15609,16301,8814,10708,2880,5494,2,2,1903,1806,3496,3833,4836,5941,7605,8785,13119,14093,13211,13790,8469,10251,2780,5289,118406,80332,15863,12611,27791,20689,5571,10,8
2021-06-24T23:59:59+02:00,65,53,3920,3872,6854,6576,9213,9969,14085,14904,18584,18917,15594,16284,8808,10701,2880,5493,2,2,1833,1733,3380,3735,4636,5798,7386,8585,12870,13891,12376,12858,8289,9988,2780,5288,117674,79109,15854,12505,27787,18361,5447,10,8
2021-06-23T23:59:59+02:00,51,48,3515,3501,6402,6229,8682,9462,13750,14602,18448,18781,15490,16192,8765,10665,2877,5479,2,2,1695,1562,3125,3531,4217,5468,6438,7874,12126,13191,12353,12846,8279,9981,2780,5284,114746,78471,15607,9175,27786,18310,4790,10,8
2021-06-22T23:59:59+02:00,42,40,3441,3428,6322,6170,8579,9384,13699,14555,18415,18764,15479,16185,8764,10660,2877,5476,2,2,1654,1509,3021,3429,4073,5318,6184,7689,11514,12479,12263,12752,8261,9948,2776,5276,114116,76129,15601,9093,27784,18151,4769,10,8
2021-06-21T23:59:59+02:00,36,37,3370,3367,6231,6108,8518,9312,13638,14509,18382,18744,15477,16184,8763,10659,2877,5475,1,2,1619,1458,2930,3332,3946,5168,5988,7461,10755,11562,11875,12296,7186,8716,2770,5269,113591,73474,15593,8991,27782,15150,4711,10,8
2021-06-20T23:59:59+02:00,36,36,3345,3345,6183,6077,8474,9280,13610,14491,18371,18740,15476,16184,8763,10659,2877,5475,0,2,1601,1441,2892,3304,3896,5130,5936,7436,10666,11486,11855,12277,7183,8709,2769,5269,113412,73155,15576,8913,27782,15134,4642,10,8
2021-06-19T23:59:59+02:00,34,34,3318,3321,6154,6054,8443,9261,13586,14485,18364,18735,15476,16183,8763,10659,2877,5475,0,2,1597,1429,2887,3295,3888,5125,5920,7431,10655,11478,11855,12277,7183,8708,2769,5269,113218,73074,15570,8913,27782,15131,4642,10,8
2021-06-18T23:59:59+02:00,30,29,3275,3278,6080,6015,8374,9206,13540,14453,18340,18724,15475,16181,8762,10658,2877,5475,0,2,1522,1334,2751,3119,3703,4848,5524,7058,9160,9910,11689,12109,7141,8658,2757,5251,112833,67892,15542,8912,27782,15119,4605,10,8
2021-06-17T23:59:59+02:00,27,25,3212,3226,6010,5976,8299,9151,13468,14408,18316,18713,15473,16176,8760,10655,2877,5472,0,2,1396,1241,2562,2906,3442,4555,5162,6662,8489,9179,11404,11866,7100,8600,2753,5248,112454,64181,15512,8797,27777,15090,4491,10,8
2021-06-16T23:59:59+02:00,27,22,3157,3164,5896,5909,8179,9057,13339,14323,18250,18675,15467,16167,8760,10652,2877,5472,0,2,1298,1185,2421,2800,3259,4394,4876,6387,7411,7888,11313,11758,7069,8562,2740,5230,111810,60415,15438,8751,27772,15056,4363,10,8
2021-06-15T23:59:59+02:00,22,21,3063,3077,5778,5820,7994,8879,13076,14103,18100,18547,15452,16155,8752,10646,2877,5470,0,2,1262,1152,2347,2745,3155,4319,4673,6262,7098,7636,10816,11199,7035,8528,2732,5217,110386,58166,15411,8719,27762,15023,4263,10,7
2021-06-14T23:59:59+02:00,21,19,2990,3007,5698,5762,7851,8759,12785,13866,17912,18371,15436,16141,8745,10641,2876,5469,0,2,1235,1124,2282,2688,3030,4224,4472,6123,6755,7330,10288,10587,7004,8491,2728,5207,108992,55792,15402,8612,27758,14973,4187,10,6
2021-06-13T23:59:59+02:00,21,19,2972,2976,5633,5723,7788,8693,12645,13732,17806,18249,15430,16132,8744,10638,2875,5469,0,2,1224,1111,2254,2672,2993,4213,4425,6103,6722,7313,10283,10580,7004,8490,2728,5207,108254,55649,15391,8603,27754,14930,4136,10,6
2021-06-12T23:59:59+02:00,19,19,2944,2958,5603,5696,7757,8674,12625,13713,17798,18246,15429,16130,8744,10638,2875,5469,0,2,1169,1049,2166,2596,2899,4076,4283,5970,6613,7228,10201,10502,6409,7764,2728,5207,108051,55533,15388,8602,27754,12587,4134,10,6
2021-06-11T23:59:59+02:00,19,16,2867,2884,5533,5631,7576,8488,12215,13406,17515,18040,15413,16105,8738,10630,2872,5467,0,2,1145,1033,2111,2555,2834,4027,4198,5908,6502,7137,10098,10390,6394,7757,2726,5201,107034,55007,14495,8335,27753,12547,4123,10,6
2021-06-10T23:59:59+02:00,15,14,2812,2842,5433,5578,7444,8407,12029,13267,17377,17923,15408,16101,8738,10629,2871,5466,0,2,1104,1008,2035,2488,2733,3949,4029,5777,6257,6924,9847,10121,6374,7729,2720,5195,106114,53439,14421,8331,27749,12456,4060,10,6
2021-06-09T23:59:59+02:00,14,13,2734,2774,5311,5483,7221,8236,11750,13024,17191,17774,15397,16087,8734,10620,2871,5463,0,2,1047,943,1904,2370,2528,3766,3703,5494,5635,6410,9023,9216,6317,7653,2707,5160,104906,49424,14269,8313,27740,12363,3772,10,6
2021-06-08T23:59:59+02:00,11,9,2637,2670,5176,5357,7024,8050,11320,12596,16814,17385,15378,16060,8723,10613,2870,5458,0,2,1010,914,1834,2305,2422,3692,3563,5427,5483,6278,8989,9197,6315,7641,2705,5156,102700,48910,14242,8262,27738,12294,3461,10,6
2021-06-07T23:59:59+02:00,9,8,2510,2572,4984,5228,6817,7885,10842,12237,16470,17088,15353,16032,8717,10596,2869,5454,0,2,941,877,1703,2250,2280,3608,3308,5337,5128,5993,8440,8571,6262,7582,2701,5146,100766,46691,14200,8246,27729,12220,2966,10,6
2021-06-06T23:59:59+02:00,9,6,2472,2547,4922,5171,6731,7827,10703,12126,16379,17023,15350,16029,8717,10596,2867,5453,0,2,925,867,1675,2229,2234,3580,3238,5312,5079,5969,8435,8569,6257,7574,2701,5145,100173,46527,14147,8235,27723,12148,2875,10,6
2021-06-05T23:59:59+02:00,8,5,2458,2525,4893,5146,6694,7796,10674,12099,16370,17016,15350,16029,8717,10596,2867,5453,0,2,909,852,1642,2199,2194,3524,3132,5229,4725,5637,7839,7863,6229,7520,2700,5143,99945,44131,14147,8229,27723,12102,2871,10,6
2021-06-04T23:59:59+02:00,7,4,2427,2496,4848,5102,6646,7743,10585,11994,16318,16952,15346,16022,8717,10595,2866,5452,0,2,897,834,1619,2178,2152,3487,3080,5170,4559,5448,7537,7495,6193,7478,2698,5137,99414,42841,14140,8227,27723,12057,2833,10,6
2021-06-03T23:59:59+02:00,7,4,2324,2368,4697,4928,6437,7495,9882,11359,15729,16500,15335,16012,8714,10589,2865,5451,0,2,880,804,1579,2119,2104,3406,2990,5060,4411,5281,7376,7305,6181,7451,2698,5133,96071,41789,14101,8216,27718,11973,2796,10,6
2021-06-02T23:59:59+02:00,7,4,2307,2344,4652,4896,6382,7458,9782,11271,15669,16447,15327,16008,8713,10585,2865,5450,0,2,869,792,1560,2096,2050,3368,2904,4974,4049,4892,6818,6665,6137,7394,2694,5122,95548,39449,14099,8211,27718,11928,2792,10,6
2021-06-01T23:59:59+02:00,6,3,2244,2304,4531,4803,6215,7339,9593,11123,15560,16370,15324,16004,8709,10581,2864,5445,0,1,835,765,1495,2046,1934,3305,2751,4880,3845,4763,6608,6433,6114,7375,2688,5113,94670,38359,14048,8189,27706,11813,2584,10,6
2021-05-31T23:59:59+02:00,2,3,2195,2245,4431,4708,6070,7214,9407,10974,15475,16314,15316,15997,8706,10581,2864,5445,0,1,811,731,1438,1987,1862,3256,2576,4824,3714,4709,6252,6018,6091,7354,2685,5105,93944,37178,13961,8182,27696,11712,2336,10,6
2021-05-30T23:59:59+02:00,2,3,2170,2223,4375,4647,5975,7154,9332,10911,15438,16294,15315,15994,8706,10581,2864,5445,0,1,799,720,1415,1963,1813,3228,2443,4789,3608,4691,6250,6016,6090,7354,2685,5105,93490,36859,13922,8159,27686,11625,2321,10,6
2021-05-29T23:59:59+02:00,2,3,2154,2208,4355,4635,5958,7137,9319,10898,15433,16290,15314,15994,8706,10581,2864,5445,0,1,781,669,1322,1704,1679,2866,2243,4241,3329,4261,6160,5922,5978,7222,2684,5105,93360,36806,13919,8154,27686,8880,2321,10,6
2021-05-28T23:59:59+02:00,2,3,2133,2185,4317,4589,5913,7092,9241,10828,15365,16237,15310,15992,8706,10581,2864,5444,0,1,764,579,1244,1452,1581,2465,2065,3553,3065,3667,5524,5181,5896,7131,2680,5092,92882,35507,13906,8154,27684,5953,2320,10,6
2021-05-27T23:59:59+02:00,2,3,2091,2147,4232,4520,5791,7018,9085,10728,15268,16153,15309,15991,8706,10581,2864,5444,0,1,734,544,1213,1369,1540,2328,1994,3412,2952,3547,5087,4700,5863,7091,2669,5063,92198,34382,13758,8145,27661,5269,2306,10,5
2021-05-26T23:59:59+02:00,2,3,2023,2029,4036,4373,5450,6754,8113,9984,14506,15450,15297,15984,8702,10575,2862,5441,0,1,723,529,1187,1308,1494,2269,1936,3297,2800,3404,3779,3314,5804,7017,2646,5004,91420,31099,10231,8128,27644,5002,2279,10,4
2021-05-25T23:59:59+02:00,2,3,1986,1992,3956,4307,5357,6688,7978,9877,14128,15014,15249,15947,8695,10560,2860,5437,0,1,718,522,1159,1274,1476,2244,1916,3269,2774,3378,3773,3304,5797,7014,2644,5003,90075,31010,10082,8118,27628,4893,2241,10,4
2021-05-24T23:59:59+02:00,2,3,1960,1948,3869,4231,5251,6606,7852,9753,13617,14398,15197,15880,8688,10547,2859,5432,0,1,712,514,1140,1262,1444,2229,1894,3250,2748,3356,3756,3286,5775,6990,2635,4988,88285,30877,10002,8067,27616,4853,2180,10,3
2021-05-23T23:59:59+02:00,2,3,1951,1936,3850,4209,5233,6593,7799,9722,13541,14335,15186,15876,8686,10546,2858,5432,0,1,705,504,1129,1249,1419,2205,1838,3214,2639,3259,3344,2853,5131,6181,2620,4943,88051,30704,9901,5515,27616,4832,2180,10,3
2021-05-22T23:59:59+02:00,2,3,1786,1893,3549,4160,4835,6550,7543,9664,13418,14258,15180,15875,8686,10545,2858,5432,0,1,545,472,837,1208,1046,2169,1599,3161,2527,3186,3341,2851,5131,6180,2620,4943,87900,30692,9900,5513,27614,4796,813,10,3
2021-05-21T23:59:59+02:00,2,3,1701,1786,3393,3968,4642,6254,7146,9299,12127,12929,15030,15727,8650,10498,2849,5421,0,1,540,460,827,1206,1044,2161,1564,3131,2449,3109,3166,2714,5104,6137,2617,4928,83138,30054,9859,5512,27608,4777,812,8,3
2021-05-20T23:59:59+02:00,2,3,1664,1752,3297,3918,4534,6170,6969,9217,11917,12700,15010,15709,8646,10491,2848,5420,0,1,519,445,786,1159,987,2096,1442,3059,2323,3012,2974,2543,5063,6061,2609,4913,82295,29303,9757,5497,27554,4535,654,7,3
2021-05-19T23:59:59+02:00,2,3,1643,1726,3238,3863,4440,6100,6852,9152,11684,12438,14999,15698,8643,10490,2848,5419,0,1,510,434,770,1121,971,2027,1332,2913,1996,2718,2410,2049,4958,5943,2587,4866,81470,27238,9618,5482,27528,4268,615,7,3
2021-05-18T23:59:59+02:00,2,3,1583,1693,3148,3775,4327,5996,6692,8994,11392,12181,14954,15651,8631,10467,2846,5409,0,1,507,422,754,1106,953,2009,1249,2849,1715,2494,1965,1705,4885,5858,2565,4822,80370,25689,9415,5472,27460,4203,492,7,3
2021-05-17T23:59:59+02:00,2,3,1534,1612,3018,3617,4123,5717,6343,8531,10841,11631,14845,15558,8612,10442,2841,5398,0,1,505,414,748,1099,934,2004,1225,2824,1688,2457,1949,1685,4878,5851,2562,4819,77465,25624,9378,5458,27436,4176,382,7,3
2021-05-16T23:59:59+02:00,2,3,1515,1590,2964,3575,4028,5630,6194,8395,10665,11497,14819,15536,8604,10434,2840,5396,0,1,498,408,726,1084,903,1988,1196,2796,1654,2433,1942,1676,4875,5847,2559,4817,76717,25592,9319,5440,27406,4130,238,7,3
2021-05-15T23:59:59+02:00,2,3,1429,1493,2756,3409,3800,5353,5835,7922,10312,11201,14734,15474,8585,10405,2834,5387,0,1,498,406,722,1082,903,1984,1191,2795,1648,2428,1930,1664,4868,5841,2559,4815,73972,25530,9319,5440,27399,4125,237,7,3
2021-05-14T23:59:59+02:00,2,3,1395,1430,2644,3312,3648,5196,5635,7633,10090,10946,14699,15436,8572,10382,2831,5383,0,1,449,368,651,917,828,1698,1063,2383,1466,2103,1896,1623,4865,5833,2558,4811,72321,25467,9300,5438,27376,2372,233,7,3
2021-05-13T23:59:59+02:00,2,3,1337,1363,2541,3228,3479,5059,5415,7428,9863,10766,14673,15407,8562,10379,2829,5380,0,1,442,356,624,889,726,1591,963,2298,1202,1887,1176,1041,4643,5599,2550,4778,71157,25346,8987,2891,27345,2308,218,7,3
2021-05-12T23:59:59+02:00,2,3,1329,1353,2524,3222,3461,5045,5394,7415,9848,10756,14671,15403,8560,10377,2828,5380,0,1,442,355,623,888,722,1590,958,2298,1198,1881,1157,1032,4630,5561,2516,4709,71041,25145,8963,2891,27343,2305,217,7,3
2021-05-11T23:59:59+02:00,2,2,1288,1310,2450,3140,3347,4919,5198,7268,9560,10447,14623,15345,8548,10357,2824,5371,0,1,437,342,605,873,700,1573,930,2274,1172,1853,1102,996,4566,5463,2473,4585,69700,24651,8839,2872,27258,2224,195,7,3
2021-05-10T23:59:59+02:00,2,2,1266,1283,2385,3062,3219,4793,5066,7111,9236,10066,14578,15306,8539,10338,2819,5369,0,1,436,340,592,864,688,1558,918,2259,1154,1839,1066,961,4504,5385,2432,4466,68342,24232,8716,2868,27188,2173,187,7,3
2021-05-09T23:59:59+02:00,2,2,1251,1266,2343,3046,3141,4757,5001,7078,9169,10021,14565,15290,8537,10333,2819,5367,0,1,428,338,578,859,666,1537,896,2239,1142,1825,1047,945,4491,5347,2416,4423,68100,24068,8640,2866,27139,2139,102,7,3
2021-05-08T23:59:59+02:00,1,2,1249,1262,2329,3034,3123,4745,4962,7063,9144,10013,14564,15290,8537,10332,2819,5367,0,1,428,338,577,859,665,1537,896,2238,1141,1824,1047,945,4490,5347,2416,4423,67956,24066,8634,2863,27137,2138,102,7,3
2021-05-07T23:59:59+02:00,1,2,1229,1241,2289,2993,3070,4697,4863,6971,8919,9766,14547,15266,8531,10326,2816,5363,0,1,379,312,545,790,628,1375,826,2030,1052,1635,1017,916,4469,5324,2414,4418,67043,23959,8627,2859,27111,1208,102,7,3
2021-05-06T23:59:59+02:00,1,2,1084,1150,2061,2750,2769,4389,4492,6570,8332,9162,14269,15029,8491,10270,2813,5362,0,1,378,308,532,771,611,1343,807,1995,1019,1607,989,882,4459,5310,2412,4414,63422,23826,8497,2808,26974,1105,96,7,3
2021-05-05T23:59:59+02:00,1,1,1019,1098,1950,2638,2609,4216,4196,6291,7316,7976,14183,14930,8456,10229,2800,5342,0,1,375,305,524,761,596,1333,774,1981,993,1587,916,819,4418,5238,2404,4398,59895,23505,8451,2787,26850,1080,48,7,3
2021-05-04T23:59:59+02:00,1,1,997,1078,1899,2599,2507,4148,3976,6176,7035,7758,13677,14363,8425,10196,2795,5333,0,1,371,304,519,757,584,1328,757,1962,977,1580,897,795,4396,5222,2401,4389,57835,23368,8392,2771,26690,1058,40,7,3
2021-05-03T23:59:59+02:00,1,1,966,1043,1837,2546,2400,4036,3775,6058,6675,7456,13142,13737,8388,10158,2788,5318,0,1,366,303,517,751,574,1321,748,1950,963,1567,871,771,4378,5204,2395,4376,55404,23255,8365,2761,26549,1037,0,7,3
2021-05-02T23:59:59+02:00,1,1,961,1042,1818,2540,2370,4026,3730,6048,6638,7447,13141,13736,8388,10157,2788,5318,0,1,366,303,514,751,573,1319,743,1950,962,1563,869,767,4376,5199,2395,4376,55263,23235,8358,2759,26522,1030,0,7,3
2021-05-01T23:59:59+02:00,1,1,961,1040,1810,2536,2358,4018,3715,6040,6624,7437,13140,13733,8388,10157,2788,5318,0,1,366,303,514,751,573,1319,742,1949,960,1563,869,767,4376,5199,2395,4376,55182,23235,8356,2755,26520,1030,0,7,3
2021-04-30T23:59:59+02:00,0,1,945,1035,1791,2520,2337,3983,3678,6007,6543,7383,13045,13629,8387,10152,2785,5306,0,1,317,248,473,675,544,1139,711,1726,926,1359,858,749,4372,5196,2395,4376,54683,23221,8355,2750,26482,91,0,7,3
2021-04-29T23:59:59+02:00,0,1,892,1011,1735,2470,2274,3924,3530,5881,6305,7160,12784,13354,8365,10123,2781,5299,0,1,310,246,463,668,541,1131,704,1715,915,1350,850,734,4363,5188,2395,4374,53085,23131,8340,2744,26457,70,0,7,3
2021-04-28T23:59:59+02:00,0,1,831,978,1655,2406,2130,3813,3246,5628,5701,6651,11946,12434,8306,10034,2757,5262,0,1,309,243,461,661,533,1118,693,1694,904,1343,835,717,4344,5161,2393,4374,49022,23006,8333,2725,26417,50,0,7,3
2021-04-27T23:59:59+02:00,0,1,822,973,1637,2385,2086,3794,3176,5602,5573,6526,11917,12417,8304,10032,2757,5260,0,1,308,241,455,659,525,1112,684,1682,894,1337,824,705,4340,5155,2392,4368,48541,22928,8328,2709,26386,42,0,7,3
2021-04-26T23:59:59+02:00,0,1,812,961,1611,2367,2026,3753,2998,5524,5241,6240,11351,11771,8249,9967,2752,5250,0,1,306,240,454,658,520,1106,673,1676,885,1326,814,695,4335,5149,2392,4364,46208,22877,8319,2678,26343,37,0,4,2
2021-04-25T23:59:59+02:00,0,1,802,959,1594,2360,1988,3736,2872,5501,5146,6235,11346,11767,8245,9961,2751,5249,0,1,305,239,454,658,520,1099,673,1674,882,1324,814,694,4335,5149,2392,4364,45877,22871,8313,2674,26319,30,0,4,2
2021-04-24T23:59:59+02:00,0,1,788,949,1572,2340,1948,3690,2776,5432,4803,5910,10733,11041,8214,9902,2750,5247,0,1,305,239,454,658,520,1098,672,1672,881,1324,809,690,4325,5133,2390,4363,43468,22834,8311,2669,26313,29,0,4,2
2021-04-23T23:59:59+02:00,0,1,783,941,1559,2330,1918,3663,2737,5379,4641,5722,10424,10659,8174,9860,2747,5238,0,1,305,238,454,658,520,1097,671,1672,879,1324,809,689,4322,5130,2390,4363,42166,22823,8310,2668,26296,29,0,4,2
2021-04-22T23:59:59+02:00,0,1,766,927,1532,2287,1869,3594,2649,5287,4487,5568,10279,10464,8160,9829,2745,5230,0,1,305,237,452,647,518,1091,665,1664,873,1315,803,685,4319,5128,2390,4361,41164,22787,8281,2644,26225,21,0,4,2
2021-04-21T23:59:59+02:00,0,1,755,915,1507,2274,1817,3549,2544,5199,4102,5148,9681,9779,8111,9765,2741,5219,0,1,303,237,450,646,518,1090,661,1661,868,1310,790,673,4309,5114,2390,4357,38642,22737,8265,2620,26196,19,0,4,2
2021-04-20T23:59:59+02:00,0,1,748,903,1486,2247,1786,3518,2494,5142,3965,5052,9484,9560,8093,9755,2737,5216,0,1,303,236,450,645,517,1088,660,1657,865,1304,784,668,4305,5109,2390,4357,37806,22705,8253,2614,26124,19,0,4,1
2021-04-19T23:59:59+02:00,0,1,741,894,1478,2239,1769,3500,2463,5115,3900,4993,9114,9143,8068,9730,2734,5210,0,1,303,234,449,640,515,1085,657,1654,861,1300,779,662,4296,5107,2390,4355,36779,22665,8241,2603,26068,19,0,4,1
2021-04-18T23:59:59+02:00,0,1,737,891,1473,2233,1751,3493,2445,5103,3891,4991,9104,9132,8068,9729,2734,5210,0,1,302,234,449,637,514,1081,655,1651,858,1300,778,660,4296,5105,2390,4355,36719,22657,8221,2589,26042,19,0,4,1
2021-04-17T23:59:59+02:00,0,1,718,885,1385,2223,1651,3481,2408,5073,3810,4912,8387,8410,8052,9716,2734,5210,0,1,302,234,447,635,513,1080,654,1651,857,1297,778,660,4295,5105,2390,4355,36710,22645,8221,2589,24121,19,0,4,1
2021-04-16T23:59:59+02:00,0,1,703,867,1256,2200,1500,3458,2322,5007,3648,4747,7045,6859,8017,9667,2721,5179,0,1,302,233,442,628,508,1076,644,1649,853,1288,768,654,4290,5091,2387,4353,35333,22570,8211,2584,21649,12,0,4,1
2021-04-15T23:59:59+02:00,0,1,682,857,1245,2187,1479,3439,2264,4970,3576,4696,6605,6358,7976,9601,2697,5105,0,1,295,227,427,617,491,1062,610,1622,817,1258,677,593,3792,4579,2363,4317,34004,22509,8156,1230,21574,8,0,4,1
2021-04-14T23:59:59+02:00,0,1,677,853,1226,2172,1446,3420,2220,4933,3443,4601,5265,4953,7925,9536,2675,5068,0,1,287,222,424,611,484,1059,603,1614,812,1255,662,577,3779,4569,2359,4311,30770,22420,8143,1201,21497,7,0,4,1
2021-04-13T23:59:59+02:00,0,1,673,853,1217,2167,1430,3418,2212,4922,3423,4584,5246,4936,7919,9533,2674,5066,0,1,287,221,422,609,481,1056,601,1610,801,1252,644,572,3777,4566,2359,4311,30686,22399,8121,1163,21463,7,0,4,1
2021-04-12T23:59:59+02:00,0,1,668,845,1204,2157,1414,3407,2178,4907,3391,4560,5221,4920,7906,9521,2671,5033,0,1,286,220,420,609,479,1050,599,1606,793,1244,639,569,3771,4564,2358,4311,30553,22371,8075,1140,21372,7,0,4,1
2021-04-11T23:59:59+02:00,0,1,660,841,1188,2145,1395,3392,2110,4882,3272,4476,4804,4480,7237,8699,2664,5028,0,1,286,220,418,609,477,1048,594,1603,789,1242,635,566,3767,4559,2358,4311,30522,22364,5468,1111,21280,7,0,4,1
2021-04-10T23:59:59+02:00,0,1,660,839,1187,2144,1393,3388,2108,4879,3269,4469,4760,4433,7233,8693,2664,5027,0,1,280,217,416,598,464,1032,567,1586,757,1217,563,496,3198,3941,2309,4216,30399,20739,5465,1111,21279,7,0,4,1
2021-04-09T23:59:59+02:00,0,1,656,838,1179,2141,1388,3383,2076,4856,3190,4388,4562,4267,7198,8644,2660,5011,0,1,270,210,406,584,445,1016,540,1567,736,1194,483,435,2540,3122,2260,4120,29707,18811,5461,1110,21266,7,0,4,1
2021-04-08T23:59:59+02:00,0,1,646,828,1162,2129,1371,3351,2014,4802,3040,4277,3508,3112,6959,8280,2649,4996,0,1,257,202,389,566,421,1002,518,1536,703,1172,461,408,2530,3113,2256,4117,28900,18581,5411,1063,18810,7,0,4,1
2021-04-07T23:59:59+02:00,0,1,639,822,1149,2120,1353,3338,1905,4722,2718,4027,2899,2582,6847,8156,2624,4943,0,1,243,195,362,542,383,968,475,1502,666,1144,433,384,2469,3047,2251,4108,26715,18124,5390,1043,18736,6,0,4,0
2021-04-06T23:59:59+02:00,0,1,629,813,1109,2113,1329,3320,1787,4672,2438,3860,2446,2233,6768,8064,2602,4905,0,1,220,182,328,515,358,949,438,1479,631,1112,398,342,2414,2972,2245,4097,25109,17650,5372,1025,18604,6,0,4,0
2021-04-05T23:59:59+02:00,0,1,626,811,1098,2108,1323,3317,1778,4662,2423,3843,2155,1889,5660,6762,2600,4904,0,1,220,182,327,511,352,943,434,1477,627,1108,395,339,2412,2966,2245,4095,25077,17640,5360,988,15520,6,0,3,0
2021-04-04T23:59:59+02:00,0,1,625,810,1098,2108,1323,3316,1778,4662,2421,3841,2153,1886,5660,6758,2600,4904,0,1,220,182,326,511,352,943,433,1477,627,1108,395,339,2411,2966,2245,4095,25068,17637,5360,988,15513,6,0,3,0
2021-04-03T23:59:59+02:00,0,1,625,810,1098,2107,1323,3316,1777,4660,2417,3841,2152,1882,5659,6758,2600,4904,0,1,220,182,326,511,352,943,433,1477,626,1108,395,339,2411,2966,2245,4095,25062,17636,5356,988,15509,6,0,3,0
2021-04-02T23:59:59+02:00,0,1,625,809,1098,2107,1319,3315,1774,4654,2415,3838,2144,1873,5647,6742,2596,4892,0,1,220,182,326,509,352,942,432,1476,625,1097,393,339,2411,2965,2245,4095,24991,17616,5351,988,15504,6,0,3,0
2021-04-01T23:59:59+02:00,0,1,621,798,1078,2088,1221,3220,1683,4585,2156,3630,1414,1287,5438,6529,2586,4862,0,1,216,181,326,508,351,941,431,1474,625,1096,390,337,2411,2965,2245,4091,24880,17604,2848,979,15466,6,0,3,0
2021-03-31T23:59:59+02:00,0,1,619,797,1074,2084,1216,3212,1672,4580,2137,3617,1386,1254,5410,6474,2545,4762,0,1,215,181,325,507,350,941,431,1473,624,1094,387,334,2407,2964,2243,4089,24553,17589,2834,971,15450,6,0,3,0
2021-03-30T23:59:59+02:00,0,1,617,790,1069,2080,1210,3207,1662,4566,2130,3602,1339,1209,5322,6342,2498,4607,0,1,215,180,325,506,347,937,426,1470,617,1083,372,323,2303,2811,2120,3863,24015,16965,2812,928,15422,6,0,2,0
2021-03-29T23:59:59+02:00,0,1,615,788,1066,2071,1201,3200,1655,4553,2116,3589,1301,1175,5258,6246,2445,4476,0,1,214,179,323,504,345,935,424,1465,611,1078,365,318,2077,2544,1892,3482,23568,15826,2784,925,15402,6,0,2,0
2021-03-28T23:59:59+02:00,0,1,615,785,1064,2065,1198,3193,1650,4542,2110,3584,1285,1166,5247,6223,2433,4443,0,1,212,179,322,501,336,931,421,1458,608,1066,358,306,2072,2530,1891,3479,23457,15798,2766,870,15379,3,0,2,0
2021-03-27T23:59:59+01:00,0,1,563,724,984,1997,1117,3073,1531,4417,2008,3501,1216,1096,4642,5491,2433,4443,0,1,210,178,322,500,336,931,417,1456,607,1063,357,306,2071,2529,1891,3479,23440,15782,2761,870,13035,2,0,1,0
2021-03-26T23:59:59+01:00,0,1,560,719,977,1987,1115,3067,1521,4410,1991,3493,1172,1065,4612,5457,2432,4439,0,1,209,175,322,498,333,930,415,1455,602,1057,349,301,1662,1990,1464,2749,23245,13646,2751,864,13021,2,0,1,0
2021-03-25T23:59:59+01:00,0,1,557,713,965,1979,1112,3058,1514,4398,1975,3483,1162,1055,4604,5452,2432,4437,0,1,208,172,320,497,331,925,411,1449,598,1048,345,297,1565,1867,1427,2673,23198,13291,2743,841,12955,2,0,1,0
2021-03-24T23:59:59+01:00,0,1,555,707,957,1969,1099,3042,1485,4379,1960,3475,1126,1025,4577,5417,2427,4432,0,1,207,172,319,496,327,921,407,1441,588,1030,332,287,1236,1483,1271,2403,23057,12138,2717,781,12858,2,0,1,0
2021-03-23T23:59:59+01:00,0,1,553,702,951,1956,1095,3032,1478,4365,1950,3467,1113,1014,4558,5403,2427,4428,0,1,206,172,317,493,318,918,406,1441,582,1026,324,280,998,1216,1155,2222,22982,11314,2708,759,12802,2,0,1,0
2021-03-22T23:59:59+01:00,0,1,552,693,946,1942,1089,3023,1469,4349,1936,3457,1110,1010,4553,5402,2427,4427,0,1,205,172,316,491,317,916,403,1438,579,1022,320,276,997,1212,1155,2218,22957,11297,2692,739,12736,2,0,1,0
2021-03-21T23:59:59+01:00,0,1,549,690,944,1934,1086,3019,1461,4336,1924,3450,1107,1009,4553,5400,2427,4427,0,1,204,172,316,490,315,912,403,1433,573,1020,310,271,993,1207,1154,2218,22953,11294,2679,696,12684,2,0,1,0
2021-03-20T23:59:59+01:00,0,1,544,683,940,1917,1069,3002,1433,4318,1890,3421,1035,939,3968,4761,2376,4327,0,1,204,172,316,490,315,912,403,1433,573,1020,310,271,993,1207,1153,2217,21282,11292,2678,696,12663,2,0,1,0
2021-03-19T23:59:59+01:00,0,1,535,674,922,1889,1041,2982,1397,4292,1864,3390,948,875,3288,3924,2324,4228,0,1,201,172,314,490,314,909,401,1431,569,1014,307,270,980,1194,1122,2177,19288,11270,2666,594,12619,2,0,1,0
2021-03-18T23:59:59+01:00,0,1,522,661,905,1863,1018,2956,1357,4251,1819,3338,849,811,2773,3392,2300,4194,0,1,196,170,311,486,311,899,397,1425,567,1009,304,263,874,1096,1010,1984,19206,10884,1264,417,12539,2,0,1,0
2021-03-17T23:59:59+01:00,0,1,520,652,896,1844,1005,2935,1334,4229,1801,3322,819,786,2685,3299,2294,4188,0,1,194,169,309,484,308,898,390,1421,564,1005,301,258,631,821,702,1534,18895,9955,1225,35,12490,0,0,0,0
2021-03-16T23:59:59+01:00,0,1,518,643,887,1823,985,2919,1317,4217,1777,3305,789,775,2637,3218,2292,4182,0,1,194,169,307,484,307,895,387,1419,561,1001,295,254,383,580,512,1223,18685,8943,1185,29,12415,0,0,0,0
2021-03-15T23:59:59+01:00,0,1,518,633,882,1804,974,2897,1312,4210,1769,3296,783,771,2634,3216,2291,4182,0,1,193,169,306,483,306,895,387,1418,558,1001,295,254,383,579,511,1223,18670,8936,1160,26,12343,0,0,0,0
2021-03-14T23:59:59+01:00,0,1,517,627,874,1792,967,2889,1302,4197,1759,3283,778,766,2628,3213,2291,4182,0,1,193,169,305,483,305,893,385,1416,557,1001,294,254,383,579,511,1223,18665,8932,1130,20,12271,0,0,0,0
2021-03-13T23:59:59+01:00,0,1,496,576,781,1529,836,2506,1107,3633,1477,2855,698,678,2525,3087,2290,4181,0,1,193,169,305,483,305,893,385,1416,557,1001,294,254,383,579,511,1223,18661,8932,1130,20,9465,0,0,0,0
2021-03-12T23:59:59+01:00,0,1,482,493,717,1260,745,2110,935,2946,1230,2261,556,527,2481,3043,2290,4181,0,0,193,167,305,483,305,891,384,1416,557,998,294,253,370,558,462,1157,18631,8773,1129,20,6498,0,0,0,0
2021-03-11T23:59:59+01:00,0,1,458,457,683,1189,698,2004,875,2800,1147,2149,499,467,2467,3031,2289,4179,0,0,193,167,304,481,304,890,384,1413,556,998,294,252,357,541,413,1112,18434,8642,1081,17,5878,0,0,0,0
2021-03-10T23:59:59+01:00,0,1,444,447,649,1156,657,1970,833,2764,1114,2120,480,451,2453,3011,2288,4175,0,0,189,165,300,474,304,889,379,1407,550,991,290,246,232,442,179,842,18157,7868,1061,11,5795,0,0,0,0
2021-03-09T23:59:59+01:00,0,1,429,430,618,1126,634,1950,810,2736,1092,2096,458,430,2359,2869,2162,3944,0,0,189,165,298,472,303,888,378,1404,550,988,288,245,232,442,178,841,17391,7860,1044,1,5709,0,0,0,0
2021-03-08T23:59:59+01:00,0,1,416,409,596,1096,616,1928,794,2711,1070,2070,436,402,2128,2595,1933,3562,0,0,189,164,298,470,302,883,378,1398,550,986,287,243,232,441,178,841,16142,7839,1015,1,5606,0,0,0,0
2021-03-07T23:59:59+01:00,0,1,415,408,589,1078,602,1920,791,2698,1065,2060,435,401,2123,2587,1932,3559,0,0,189,164,297,469,302,882,378,1395,550,985,287,243,232,441,178,841,16114,7832,1005,1,5545,0,0,0,0
2021-03-06T23:59:59+01:00,0,1,415,405,585,1065,599,1918,784,2691,1061,2053,434,401,2123,2587,1932,3559,0,0,189,164,297,469,302,882,378,1395,550,984,286,243,232,441,178,841,16105,7830,1005,1,5503,0,0,0,0
2021-03-05T23:59:59+01:00,0,1,409,390,579,1053,593,1909,779,2681,1054,2045,420,393,1702,2028,1501,2808,0,0,187,159,293,469,299,880,376,1392,548,980,286,243,232,441,178,841,13886,7803,1005,1,5454,0,0,0,0
2021-03-04T23:59:59+01:00,0,1,398,365,551,1014,574,1852,748,2627,1033,1995,416,389,1609,1908,1461,2731,0,0,176,151,282,456,298,872,374,1378,546,976,285,243,232,441,178,841,13526,7728,999,1,5147,0,0,0,0
2021-03-03T23:59:59+01:00,0,1,395,359,544,983,556,1820,724,2580,1015,1955,408,383,1282,1527,1302,2455,0,0,175,150,281,455,297,871,370,1371,543,969,283,241,231,440,176,836,12358,7688,990,1,4941,0,0,0,0
2021-03-02T23:59:59+01:00,0,1,391,354,536,949,542,1799,715,2556,1004,1936,397,373,1037,1260,1182,2271,0,0,175,148,280,445,293,865,370,1362,543,963,283,241,231,440,176,836,11529,7650,953,1,4821,0,0,0,0
2021-03-01T23:59:59+01:00,0,1,389,347,527,926,523,1768,706,2532,993,1919,393,366,1036,1253,1182,2266,0,0,175,146,280,436,290,855,367,1347,540,957,281,239,230,439,176,836,11507,7593,918,1,4702,0,0,0,0
2021-02-28T23:59:59+01:00,0,1,385,344,524,918,515,1757,702,2520,988,1904,388,361,1036,1251,1182,2266,0,0,173,145,280,435,290,854,367,1347,539,957,281,239,230,439,176,836,11501,7587,890,1,4651,0,0,0,0
2021-02-27T23:59:59+01:00,0,1,384,342,519,911,513,1751,699,2511,985,1902,387,360,1036,1251,1181,2266,0,0,173,145,280,435,290,854,367,1347,538,957,281,239,230,439,176,836,11500,7586,890,1,4609,0,0,0,0
2021-02-26T23:59:59+01:00,0,1,337,299,451,739,436,1443,572,2093,814,1562,359,330,1036,1248,1181,2266,0,0,173,143,280,431,288,846,365,1339,536,954,281,239,230,439,176,836,11490,7555,879,1,2798,0,0,0,0
2021-02-25T23:59:59+01:00,0,1,317,290,440,718,424,1407,557,2045,795,1530,351,322,950,1155,1108,2140,0,0,122,130,260,426,279,833,353,1323,531,947,281,237,230,439,176,836,11079,7403,848,0,2623,0,0,0,0
2021-02-24T23:59:59+01:00,0,1,312,284,435,702,417,1372,541,1997,773,1486,344,309,741,921,921,1831,0,0,122,124,258,420,276,823,351,1310,524,941,278,234,228,438,176,834,10131,7337,807,0,2449,0,0,0,0
2021-02-23T23:59:59+01:00,0,1,310,272,427,688,406,1347,533,1962,753,1467,330,299,488,672,730,1524,0,0,122,123,257,418,274,817,351,1304,523,933,277,233,227,438,174,833,9119,7304,762,0,2328,0,0,0,0
2021-02-22T23:59:59+01:00,0,1,310,271,426,681,405,1342,529,1951,748,1463,330,297,487,670,730,1523,0,0,122,118,252,408,273,800,347,1278,518,925,273,232,227,438,174,833,9114,7218,751,0,2299,0,0,0,0
2021-02-21T23:59:59+01:00,0,1,307,270,424,675,402,1333,526,1943,742,1459,319,292,483,665,728,1523,0,0,122,118,251,407,272,797,344,1275,510,921,272,231,226,437,173,822,9109,7178,709,0,2274,0,0,0,0
2021-02-20T23:59:59+01:00,0,1,307,267,424,673,402,1325,525,1934,740,1455,319,292,483,665,728,1523,0,0,122,118,251,407,272,797,344,1275,509,921,272,231,226,437,173,822,9109,7177,709,0,2245,0,0,0,0
2021-02-19T23:59:59+01:00,0,0,261,241,392,597,368,1156,467,1721,631,1245,310,276,457,629,646,1414,0,0,122,118,251,407,271,797,344,1275,509,921,272,231,226,437,173,822,8887,7176,602,0,1322,0,0,0,0
2021-02-18T23:59:59+01:00,0,0,260,236,384,588,357,1134,454,1703,621,1238,310,274,403,581,533,1283,0,0,119,115,247,401,264,790,341,1266,505,920,270,229,226,437,173,822,8698,7125,423,0,1238,0,0,0,0
2021-02-17T23:59:59+01:00,0,0,254,232,372,574,350,1125,431,1687,613,1226,305,267,242,445,187,866,0,0,111,102,244,395,259,774,335,1250,499,909,266,226,225,437,173,822,7960,7027,33,0,1183,0,0,0,0
2021-02-16T23:59:59+01:00,0,0,253,230,361,572,341,1116,423,1673,608,1219,302,264,241,444,187,866,0,0,83,89,224,369,248,744,318,1210,467,874,244,211,217,417,172,815,7952,6702,29,0,1119,0,0,0,0
2021-02-15T23:59:59+01:00,0,0,249,229,358,567,339,1109,421,1661,603,1213,302,264,241,443,186,866,0,0,82,87,220,358,241,732,308,1183,451,851,231,204,204,393,165,758,7938,6468,26,0,1087,0,0,0,0
2021-02-14T23:59:59+01:00,0,0,248,227,352,564,335,1100,417,1655,600,1210,302,264,241,443,186,866,0,0,78,85,213,353,238,724,303,1170,447,836,230,202,204,382,165,748,7928,6378,21,0,1061,0,0,0,0
2021-02-13T23:59:59+01:00,0,0,248,227,352,564,335,1100,415,1655,600,1209,301,264,241,443,186,866,0,0,78,85,213,352,238,724,303,1170,447,836,230,202,204,382,165,748,7926,6377,21,0,1059,0,0,0,0
2021-02-12T23:59:59+01:00,0,0,193,167,304,486,308,903,382,1418,563,996,293,249,240,443,186,866,0,0,75,84,210,351,236,721,297,1166,444,831,226,199,204,380,165,748,7913,6337,21,0,63,0,0,0,0
2021-02-11T23:59:59+01:00,0,0,191,166,298,473,304,889,376,1398,553,989,293,249,240,443,186,866,0,0,74,81,200,325,226,677,277,1115,426,781,225,196,204,375,165,745,7870,6092,18,0,26,0,0,0,0
2021-02-10T23:59:59+01:00,0,0,189,159,294,469,301,884,370,1387,549,981,291,247,238,442,186,864,0,0,69,76,183,297,215,617,260,1031,401,729,216,181,190,345,150,694,7827,5654,12,0,12,0,0,0,0
2021-02-09T23:59:59+01:00,0,0,184,153,290,461,300,875,370,1377,547,972,288,246,238,442,185,863,0,0,60,60,145,233,186,512,222,839,346,594,194,155,168,308,140,617,7783,4779,3,0,5,0,0,0,0
2021-02-08T23:59:59+01:00,0,0,178,147,286,449,295,865,366,1357,541,965,284,242,237,441,183,859,0,0,33,47,100,144,137,285,163,459,252,387,163,127,139,250,115,512,7687,3313,3,0,5,0,0,0,0
2021-02-07T23:59:59+01:00,0,0,176,145,284,448,294,863,365,1356,540,964,283,241,237,441,183,859,0,0,19,40,82,122,132,264,154,426,236,361,153,122,129,239,108,474,7677,3061,2,0,0,0,0,0,0
2021-02-06T23:59:59+01:00,0,0,176,145,284,448,294,863,365,1356,540,964,283,241,237,441,183,859,0,0,19,37,80,119,122,249,143,409,205,340,138,118,128,234,107,463,7677,2911,2,0,0,0,0,0,0
2021-02-05T23:59:59+01:00,0,0,176,143,284,444,293,852,363,1348,536,961,283,240,237,441,183,858,0,0,18,33,77,114,115,235,137,382,188,322,133,113,124,229,99,446,7640,2765,2,0,0,0,0,0,0
2021-02-04T23:59:59+01:00,0,0,168,138,283,440,286,843,359,1337,527,952,282,238,236,440,183,856,0,0,11,20,50,76,86,178,114,290,155,263,115,99,112,210,89,402,7567,2270,1,0,0,0,0,0,0
2021-02-03T23:59:59+01:00,0,0,150,131,273,434,283,836,357,1326,527,950,282,238,235,440,183,855,0,0,11,18,42,65,77,143,90,258,134,222,96,85,97,181,80,354,7499,1953,1,0,0,0,0,0,0
2021-02-02T23:59:59+01:00,0,0,130,126,261,432,280,828,352,1320,526,943,281,238,234,440,182,854,0,0,11,15,34,59,65,121,75,213,103,172,64,60,72,118,55,227,7426,1464,1,0,0,0,0,0,0
2021-02-01T23:59:59+01:00,0,0,125,121,256,417,278,811,350,1294,520,931,276,236,234,440,182,854,0,0,4,9,19,31,34,66,46,118,59,71,29,31,32,52,30,111,7324,742,1,0,0,0,0,0,0
2021-01-31T23:59:59+01:00,0,0,124,118,254,414,276,807,348,1288,515,929,276,233,233,439,182,854,0,0,4,6,14,22,29,47,32,72,39,43,15,11,16,32,24,65,7289,471,1,0,0,0,0,0,0
2021-01-30T23:59:59+01:00,0,0,124,118,254,414,276,806,348,1287,514,929,276,233,233,439,182,854,0,0,4,6,13,19,26,40,27,64,36,41,15,11,16,32,24,65,7286,439,1,0,0,0,0,0,0
2021-01-29T23:59:59+01:00,0,0,124,118,254,414,275,806,348,1287,514,929,276,233,233,439,182,854,0,0,4,6,7,18,24,32,22,56,32,38,15,11,16,31,23,64,7285,399,1,0,0,0,0,0,0
2021-01-28T23:59:59+01:00,0,0,122,115,250,407,271,799,345,1280,509,928,276,233,233,439,182,854,0,0,1,3,2,8,16,14,12,27,12,23,11,7,9,18,8,27,7242,198,1,0,0,0,0,0,0
2021-01-27T23:59:59+01:00,0,0,114,105,248,402,268,790,340,1273,503,921,271,230,232,438,182,854,0,0,0,0,1,4,12,12,8,20,10,17,10,7,9,18,8,27,7170,163,1,0,0,0,0,0,0
2021-01-26T23:59:59+01:00,0,0,88,93,230,385,260,765,328,1235,477,890,251,218,222,420,182,846,0,0,0,0,1,4,12,12,8,20,10,17,10,7,9,18,8,27,6889,163,1,0,0,0,0,0,0
2021-01-25T23:59:59+01:00,0,0,85,88,228,365,247,745,314,1202,459,865,234,211,211,398,177,790,0,0,0,0,1,4,12,10,7,13,7,13,10,7,9,18,8,27,6619,146,0,0,0,0,0,0,0
2021-01-24T23:59:59+01:00,0,0,85,86,224,361,246,740,311,1189,457,850,233,209,211,387,177,779,0,0,0,0,1,4,11,10,7,13,7,13,10,7,9,18,8,27,6545,145,0,0,0,0,0,0,0
2021-01-23T23:59:59+01:00,0,0,85,86,224,361,246,740,311,1189,457,850,233,209,211,387,177,779,0,0,0,0,1,4,11,10,7,13,7,13,10,7,9,18,8,27,6545,145,0,0,0,0,0,0,0
2021-01-22T23:59:59+01:00,0,0,85,85,222,358,246,737,308,1185,453,847,231,208,211,386,177,779,0,0,0,0,1,4,11,10,7,13,7,13,10,7,9,18,8,27,6518,145,0,0,0,0,0,0,0
2021-01-21T23:59:59+01:00,0,0,85,82,209,328,236,693,283,1136,438,813,230,204,210,380,176,776,0,0,0,0,1,2,9,9,6,12,6,11,10,7,9,18,8,27,6279,135,0,0,0,0,0,0,0
2021-01-20T23:59:59+01:00,0,0,79,77,194,305,224,627,269,1043,409,753,221,192,195,349,162,724,0,0,0,0,1,2,9,9,6,12,6,11,10,7,9,18,8,27,5823,135,0,0,0,0,0,0,0
2021-01-19T23:59:59+01:00,0,0,71,67,155,256,204,564,243,920,369,644,200,166,169,307,148,634,0,0,0,0,1,2,3,7,6,11,4,9,7,6,9,18,8,27,5117,118,0,0,0,0,0,0,0
2021-01-18T23:59:59+01:00,0,0,59,59,132,213,183,461,216,762,329,551,181,145,144,256,126,545,0,0,0,0,0,1,2,4,3,6,2,7,6,6,9,18,8,25,4362,97,0,0,0,0,0,0,0
2021-01-17T23:59:59+01:00,0,0,40,47,108,183,168,402,200,676,305,496,172,138,131,238,109,485,0,0,0,0,0,0,2,4,2,6,2,5,4,4,7,14,6,23,3898,79,0,0,0,0,0,0,0
2021-01-16T23:59:59+01:00,0,0,33,44,108,180,158,385,185,656,274,475,156,133,130,232,108,473,0,0,0,0,0,0,0,0,0,0,0,0,0,0,0,0,0,0,3730,0,0,0,0,0,0,0,0
2021-01-15T23:59:59+01:00,0,0,31,40,105,175,147,371,179,626,255,453,151,124,126,226,99,455,0,0,0,0,0,0,0,0,0,0,0,0,0,0,0,0,0,0,3563,0,0,0,0,0,0,0,0
2021-01-14T23:59:59+01:00,0,0,13,23,51,76,85,174,115,288,150,264,123,105,112,207,87,410,0,0,0,0,0,0,0,0,0,0,0,0,0,0,0,0,0,0,2283,0,0,0,0,0,0,0,0
2021-01-13T23:59:59+01:00,0,0,12,20,41,65,77,139,93,258,125,227,94,83,92,166,68,328,0,0,0,0,0,0,0,0,0,0,0,0,0,0,0,0,0,0,1888,0,0,0,0,0,0,0,0
2021-01-12T23:59:59+01:00,0,0,12,15,37,61,64,115,78,209,96,173,61,55,62,100,40,192,0,0,0,0,0,0,0,0,0,0,0,0,0,0,0,0,0,0,1370,0,0,0,0,0,0,0,0
2021-01-11T23:59:59+01:00,0,0,4,10,26,43,40,83,57,141,59,86,32,30,27,43,19,84,0,0,0,0,0,0,0,0,0,0,0,0,0,0,0,0,0,0,784,0,0,0,0,0,0,0,0
2021-01-10T23:59:59+01:00,0,0,3,6,19,31,35,58,38,94,38,54,15,10,10,22,13,37,0,0,0,0,0,0,0,0,0,0,0,0,0,0,0,0,0,0,483,0,0,0,0,0,0,0,0
2021-01-09T23:59:59+01:00,0,0,3,6,18,27,34,54,33,84,36,53,15,10,10,22,13,37,0,0,0,0,0,0,0,0,0,0,0,0,0,0,0,0,0,0,455,0,0,0,0,0,0,0,0
2021-01-08T23:59:59+01:00,0,0,3,6,15,26,30,44,27,75,32,49,14,10,9,20,12,36,0,0,0,0,0,0,0,0,0,0,0,0,0,0,0,0,0,0,408,0,0,0,0,0,0,0,0
2021-01-07T23:59:59+01:00,0,0,1,4,2,9,16,14,14,28,13,24,11,8,9,18,9,29,0,0,0,0,0,0,0,0,0,0,0,0,0,0,0,0,0,0,209,0,0,0,0,0,0,0,0
2021-01-06T23:59:59+01:00,0,0,1,0,2,4,14,12,9,22,11,19,11,8,9,18,9,29,0,0,0,0,0,0,0,0,0,0,0,0,0,0,0,0,0,0,178,0,0,0,0,0,0,0,0
2021-01-05T23:59:59+01:00,0,0,0,0,1,4,13,12,8,20,10,19,10,8,9,18,9,29,0,0,0,0,0,0,0,0,0,0,0,0,0,0,0,0,0,0,170,0,0,0,0,0,0,0,0
2021-01-04T23:59:59+01:00,0,0,0,0,1,4,13,11,7,16,8,17,10,8,9,18,9,29,0,0,0,0,0,0,0,0,0,0,0,0,0,0,0,0,0,0,160,0,0,0,0,0,0,0,0
2021-01-03T23:59:59+01:00,0,0,0,0,1,4,12,10,7,13,6,14,10,8,9,18,9,29,0,0,0,0,0,0,0,0,0,0,0,0,0,0,0,0,0,0,150,0,0,0,0,0,0,0,0
2021-01-02T23:59:59+01:00,0,0,0,0,1,4,12,10,7,13,6,14,10,8,9,18,9,29,0,0,0,0,0,0,0,0,0,0,0,0,0,0,0,0,0,0,150,0,0,0,0,0,0,0,0
2021-01-01T23:59:59+01:00,0,0,0,0,1,4,12,10,7,13,6,14,10,8,9,18,9,29,0,0,0,0,0,0,0,0,0,0,0,0,0,0,0,0,0,0,150,0,0,0,0,0,0,0,0
2020-12-31T23:59:59+01:00,0,0,0,0,1,4,12,10,7,13,6,14,10,8,9,18,9,29,0,0,0,0,0,0,0,0,0,0,0,0,0,0,0,0,0,0,150,0,0,0,0,0,0,0,0
2020-12-30T23:59:59+01:00,0,0,0,0,1,4,12,10,7,13,6,14,10,8,9,18,9,29,0,0,0,0,0,0,0,0,0,0,0,0,0,0,0,0,0,0,150,0,0,0,0,0,0,0,0
2020-12-29T23:59:59+01:00,0,0,0,0,1,4,8,9,7,13,4,12,10,8,9,18,9,29,0,0,0,0,0,0,0,0,0,0,0,0,0,0,0,0,0,0,141,0,0,0,0,0,0,0,0
2020-12-28T23:59:59+01:00,0,0,0,0,1,1,5,7,7,7,2,9,10,8,9,18,9,29,0,0,0,0,0,0,0,0,0,0,0,0,0,0,0,0,0,0,122,0,0,0,0,0,0,0,0
2020-12-27T23:59:59+01:00,0,0,0,0,0,0,2,4,2,6,1,6,4,6,8,15,8,26,0,0,0,0,0,0,0,0,0,0,0,0,0,0,0,0,0,0,88,0,0,0,0,0,0,0,0
