Datum,<15_m,<15_w,15-24_1_m,15-24_1_w,25-34_1_m,25-34_1_w,35-44_1_m,35-44_1_w,45-54_1_m,45-54_1_w,55-64_1_m,55-64_1_w,65-74_1_m,65-74_1_w,75-84_1_m,75-84_1_w,>84_1_m,>84_1_w,<24_2_m,<24_2_w,25-34_2_m,25-34_2_w,35-44_2_m,35-44_2_w,45-54_2_m,45-54_2_w,55-64_2_m,55-64_2_w,65-74_2_m,65-74_2_w,75-84_2_m,75-84_2_w,>84_2_m,>84_2_w,bp_1,bp_2,mo_1,mo_2,az_1,az_2,ja,unb_1,unb_2
2021-10-22T23:59:59+02:00,1976,1916,10255,9647,11216,10543,13743,14181,17738,18103,20925,20866,16489,17189,9191,11169,2970,5708,9547,9061,10715,9928,13205,13559,17165,17483,20404,20321,16171,16845,9019,10946,2875,5541,153290,147025,20457,19742,27881,27120,12203,9,9
2021-10-21T23:59:59+02:00,1971,1913,10250,9641,11201,10534,13730,14178,17730,18098,20922,20865,16488,17188,9189,11169,2970,5707,9536,9054,10710,9917,13201,13547,17158,17476,20400,20314,16169,16844,9018,10944,2875,5541,153216,146937,20453,19737,27881,27120,12200,9,9
2021-10-20T23:59:59+02:00,1963,1904,10231,9632,11190,10516,13719,14170,17725,18090,20914,20861,16485,17185,9187,11166,2970,5707,9511,9019,10696,9897,13183,13527,17138,17459,20386,20301,16167,16838,9016,10940,2873,5541,153093,146694,20452,19735,27881,27120,12195,9,9
2021-10-19T23:59:59+02:00,1959,1898,10223,9625,11182,10506,13712,14165,17719,18086,20907,20857,16484,17183,9187,11166,2969,5706,9470,8975,10666,9868,13161,13501,17111,17436,20375,20290,16158,16825,9010,10937,2873,5540,153018,146360,20450,19735,27881,27120,12191,9,9
2021-10-18T23:59:59+02:00,1953,1881,10197,9607,11167,10490,13704,14152,17705,18078,20897,20849,16478,17178,9183,11160,2967,5700,9440,8936,10641,9842,13138,13472,17089,17421,20358,20276,16149,16817,9002,10927,2872,5536,152832,146038,20449,19733,27881,27120,12190,9,9
2021-10-17T23:59:59+02:00,1953,1880,10191,9606,11165,10486,13701,14150,17703,18074,20894,20848,16475,17178,9182,11160,2965,5698,9438,8931,10634,9840,13136,13471,17084,17416,20356,20275,16148,16816,9002,10926,2872,5536,152798,146004,20448,19731,27881,27120,12188,9,9
2021-10-16T23:59:59+02:00,1949,1876,10183,9600,11160,10486,13695,14139,17700,18072,20889,20846,16473,17174,9180,11159,2965,5697,9438,8930,10633,9840,13135,13470,17084,17414,20355,20275,16148,16816,9002,10926,2872,5536,152733,145998,20448,19731,27881,27120,12187,9,9
2021-10-15T23:59:59+02:00,1946,1872,10176,9587,11153,10479,13687,14127,17691,18059,20884,20834,16472,17173,9179,11158,2965,5696,9422,8916,10623,9833,13126,13463,17080,17409,20350,20270,16145,16816,9002,10926,2871,5536,152631,145905,20448,19730,27881,27120,12184,9,9
2021-10-14T23:59:59+02:00,1941,1865,10165,9576,11145,10465,13670,14121,17685,18049,20873,20826,16469,17170,9179,11155,2964,5694,9412,8903,10615,9822,13117,13455,17075,17404,20340,20262,16139,16810,8999,10925,2871,5536,152543,145812,20421,19721,27881,27120,12173,9,9
2021-10-13T23:59:59+02:00,1937,1854,10151,9557,11131,10458,13656,14111,17670,18038,20866,20818,16466,17162,9173,11147,2961,5692,9401,8884,10601,9809,13104,13441,17063,17393,20335,20252,16137,16804,8994,10916,2870,5533,152423,145732,20379,19640,27881,27119,12171,9,9
2021-10-12T23:59:59+02:00,1927,1845,10136,9544,11121,10441,13650,14106,17668,18032,20860,20815,16463,17159,9171,11146,2961,5692,9372,8861,10592,9794,13091,13425,17050,17383,20325,20244,16128,16795,8989,10908,2869,5525,152382,145606,20310,19559,27881,27119,12170,9,9
2021-10-11T23:59:59+02:00,1918,1836,10116,9529,11102,10432,13637,14098,17658,18016,20852,20805,16457,17157,9168,11142,2960,5690,9339,8821,10570,9763,13068,13397,17036,17368,20313,20235,16119,16791,8986,10904,2868,5521,152281,145456,20252,19407,27881,27119,12165,9,9
2021-10-10T23:59:59+02:00,1917,1831,10106,9522,11098,10425,13627,14091,17650,18008,20842,20800,16457,17157,9165,11139,2960,5690,9332,8817,10562,9759,13062,13392,17031,17365,20308,20235,16118,16791,8984,10901,2868,5519,152256,145412,20193,19397,27881,27119,12161,9,9
2021-10-09T23:59:59+02:00,1917,1831,10106,9522,11097,10425,13627,14091,17649,18008,20842,20800,16457,17157,9165,11139,2960,5690,9329,8813,10562,9757,13061,13391,17029,17365,20307,20234,16118,16791,8984,10901,2868,5519,152255,145399,20192,19394,27881,27119,12161,9,9
2021-10-08T23:59:59+02:00,1908,1822,10091,9515,11088,10419,13617,14080,17639,18001,20833,20795,16450,17151,9164,11136,2959,5689,9323,8803,10557,9751,13056,13384,17027,17363,20306,20233,16116,16790,8984,10900,2868,5519,152131,145343,20192,19390,27881,27119,12159,9,9
2021-10-07T23:59:59+02:00,1896,1808,10061,9482,11060,10392,13588,14062,17631,17988,20815,20782,16444,17146,9161,11132,2958,5687,9310,8784,10549,9735,13050,13373,17022,17354,20298,20228,16112,16787,8980,10897,2868,5518,151888,145232,20187,19388,27881,27119,12143,9,9
2021-10-06T23:59:59+02:00,1878,1784,10036,9462,11044,10376,13573,14042,17624,17976,20803,20773,16440,17141,9158,11131,2958,5686,9268,8721,10526,9698,13016,13335,16996,17327,20278,20209,16101,16778,8975,10893,2868,5514,151689,144781,20183,19387,27881,27119,12135,9,9
2021-10-05T23:59:59+02:00,1868,1772,10023,9440,11034,10359,13559,14026,17615,17967,20793,20768,16436,17135,9157,11131,2957,5686,9248,8696,10511,9677,13006,13323,16988,17311,20266,20200,16095,16774,8972,10887,2864,5510,151551,144586,20183,19387,27881,27119,12114,9,9
2021-10-04T23:59:59+02:00,1856,1762,9998,9426,11023,10343,13545,14014,17604,17953,20781,20755,16435,17132,9155,11129,2956,5686,9226,8675,10491,9654,13002,13313,16979,17292,20257,20180,16093,16770,8970,10885,2863,5510,151400,144406,20178,19387,27881,27118,12097,9,9
2021-10-03T23:59:59+02:00,1850,1757,9991,9420,11012,10333,13540,14008,17597,17948,20773,20751,16432,17127,9153,11128,2956,5686,9218,8666,10478,9647,12998,13308,16975,17285,20248,20176,16091,16768,8970,10884,2863,5510,151340,144354,20178,19387,27881,27118,12066,9,9
2021-10-02T23:59:59+02:00,1850,1757,9989,9417,11010,10331,13537,14008,17597,17948,20771,20749,16431,17126,9153,11128,2956,5686,9217,8664,10475,9644,12996,13306,16975,17285,20247,20174,16090,16766,8970,10884,2863,5510,151332,144346,20178,19386,27881,27118,12056,9,9
2021-10-01T23:59:59+02:00,1847,1753,9975,9402,11001,10316,13528,14000,17588,17941,20766,20745,16427,17122,9151,11127,2954,5684,9200,8646,10461,9633,12994,13295,16964,17278,20238,20167,16089,16766,8969,10879,2862,5508,151233,144222,20177,19386,27881,27118,12039,9,9
2021-09-30T23:59:59+02:00,1844,1750,9959,9394,10989,10306,13518,13983,17580,17929,20758,20739,16427,17121,9149,11125,2953,5683,9177,8638,10449,9622,12987,13283,16954,17274,20232,20163,16087,16766,8966,10879,2862,5508,151160,144155,20175,19383,27881,27118,11994,9,9
2021-09-29T23:59:59+02:00,1831,1716,9931,9358,10965,10281,13504,13963,17565,17917,20739,20729,16420,17113,9147,11122,2952,5680,9167,8623,10436,9607,12984,13269,16949,17261,20222,20155,16081,16757,8963,10876,2861,5507,150904,144027,20175,19382,27881,27118,11976,9,9
2021-09-28T23:59:59+02:00,1804,1692,9878,9305,10944,10245,13474,13936,17537,17887,20722,20709,16411,17100,9143,11113,2951,5677,9148,8593,10423,9585,12966,13256,16939,17249,20209,20143,16072,16748,8957,10869,2861,5506,150526,143822,20175,19381,27880,27118,11950,9,9
2021-09-27T23:59:59+02:00,1787,1679,9853,9287,10919,10223,13455,13909,17519,17867,20713,20702,16405,17095,9139,11110,2951,5675,9129,8571,10401,9565,12946,13230,16924,17232,20198,20134,16068,16745,8955,10866,2861,5505,150357,143672,20167,19376,27880,27116,11887,9,9
2021-09-26T23:59:59+02:00,1780,1673,9842,9278,10903,10211,13445,13901,17513,17861,20703,20701,16403,17091,9139,11109,2950,5675,9124,8563,10393,9561,12937,13225,16920,17227,20191,20132,16066,16743,8955,10866,2861,5505,150277,143638,20166,19376,27880,27115,11858,9,9
2021-09-25T23:59:59+02:00,1780,1672,9839,9277,10902,10211,13443,13900,17513,17861,20703,20701,16403,17090,9139,11109,2950,5675,9124,8560,10391,9561,12936,13223,16920,17227,20191,20132,16066,16742,8955,10866,2861,5505,150272,143634,20166,19376,27880,27115,11853,9,9
2021-09-24T23:59:59+02:00,1772,1656,9822,9265,10898,10201,13439,13889,17510,17857,20700,20697,16400,17089,9139,11109,2949,5675,9107,8547,10385,9550,12932,13219,16914,17221,20190,20128,16064,16740,8954,10866,2861,5505,150183,143551,20164,19376,27880,27115,11843,9,9
2021-09-23T23:59:59+02:00,1769,1654,9759,9223,10788,10137,13340,13815,17425,17791,20647,20650,16376,17071,9132,11098,2949,5672,9049,8509,10276,9491,12841,13158,16833,17159,20139,20084,16041,16719,8946,10854,2861,5502,150106,143522,20162,19373,27880,27115,11150,9,9
2021-09-22T23:59:59+02:00,1747,1637,9730,9190,10773,10108,13314,13784,17397,17768,20632,20628,16372,17063,9130,11091,2946,5671,9024,8494,10255,9474,12826,13143,16814,17149,20128,20079,16035,16717,8943,10848,2859,5499,149820,143352,20158,19370,27880,27115,11125,9,9
2021-09-21T23:59:59+02:00,1716,1606,9674,9124,10738,10073,13287,13743,17367,17745,20618,20618,16360,17049,9126,11089,2944,5666,8990,8462,10239,9456,12804,13116,16788,17119,20118,20069,16025,16710,8938,10845,2859,5497,149400,143070,20156,19368,27879,27115,11110,9,9
2021-09-20T23:59:59+02:00,1684,1582,9618,9071,10690,10023,13251,13702,17346,17726,20594,20600,16350,17042,9117,11077,2943,5662,8955,8435,10220,9433,12777,13093,16767,17101,20101,20050,16017,16701,8931,10838,2857,5496,148997,142825,20154,19367,27879,27114,11050,9,9
2021-09-19T23:59:59+02:00,1683,1581,9614,9063,10683,10018,13243,13700,17338,17720,20587,20596,16348,17039,9116,11075,2940,5659,8949,8429,10216,9431,12773,13091,16764,17099,20098,20046,16016,16701,8931,10838,2857,5495,148943,142803,20151,19365,27879,27113,11032,9,9
2021-09-18T23:59:59+02:00,1683,1581,9614,9062,10681,10014,13240,13696,17335,17720,20586,20596,16348,17039,9116,11075,2940,5659,8947,8426,10214,9429,12772,13088,16760,17098,20097,20046,16016,16701,8931,10838,2857,5495,148937,142794,20151,19365,27879,27113,11020,9,9
2021-09-17T23:59:59+02:00,1677,1571,9597,9039,10669,9998,13224,13683,17324,17709,20581,20585,16346,17037,9115,11073,2939,5658,8940,8420,10208,9423,12763,13083,16756,17093,20094,20037,16016,16699,8930,10837,2857,5495,148822,142770,20149,19365,27879,27112,10977,9,9
2021-09-16T23:59:59+02:00,1673,1570,9580,9023,10653,9982,13213,13670,17312,17700,20569,20574,16345,17033,9112,11070,2939,5656,8934,8414,10200,9416,12755,13077,16748,17088,20084,20032,16016,16698,8930,10834,2857,5493,148718,142741,20146,19362,27878,27109,10934,9,9
2021-09-15T23:59:59+02:00,1660,1555,9553,8996,10629,9962,13184,13642,17293,17676,20552,20556,16339,17026,9103,11062,2939,5652,8887,8375,10169,9375,12722,13037,16723,17068,20055,20012,16009,16686,8925,10831,2857,5491,148551,142405,20078,19350,27878,27106,10874,9,9
2021-09-14T23:59:59+02:00,1648,1545,9519,8965,10613,9942,13165,13619,17270,17658,20538,20542,16322,17013,9093,11051,2935,5640,8853,8342,10153,9358,12713,13014,16707,17049,20038,19992,16005,16679,8922,10824,2856,5487,148350,142164,20000,19349,27878,27106,10852,9,9
2021-09-13T23:59:59+02:00,1615,1509,9475,8910,10587,9908,13142,13576,17249,17639,20516,20529,16316,17007,9090,11045,2933,5634,8818,8314,10137,9336,12692,12982,16694,17032,20022,19976,15999,16665,8916,10822,2855,5483,148131,141910,19845,19341,27878,27105,10828,9,9
2021-09-12T23:59:59+02:00,1613,1506,9462,8903,10574,9902,13135,13566,17244,17635,20513,20524,16315,17004,9088,11044,2933,5631,8794,8292,10116,9325,12675,12968,16683,17024,20014,19967,15996,16661,8915,10816,2855,5482,148080,141750,19839,19340,27878,27104,10797,9,9
2021-09-11T23:59:59+02:00,1613,1506,9460,8898,10570,9899,13132,13564,17243,17632,20510,20522,16315,17002,9087,11044,2933,5631,8785,8289,10114,9324,12670,12967,16682,17021,20012,19966,15996,16660,8914,10816,2855,5482,148069,141744,19837,19335,27878,27104,10779,9,8
2021-09-10T23:59:59+02:00,1612,1505,9456,8894,10561,9892,13120,13559,17238,17625,20508,20518,16314,17001,9087,11044,2933,5631,8781,8286,10107,9316,12660,12961,16676,17016,20009,19962,15996,16659,8914,10815,2855,5482,148040,141723,19836,19329,27878,27104,10746,9,8
2021-09-09T23:59:59+02:00,1609,1500,9440,8888,10550,9879,13106,13542,17222,17616,20493,20507,16312,17000,9085,11040,2932,5628,8771,8281,10100,9306,12655,12948,16658,17009,19997,19953,15994,16657,8912,10808,2854,5480,147958,141671,19834,19329,27878,27103,10680,9,8
2021-09-08T23:59:59+02:00,1571,1451,9396,8829,10518,9841,13079,13505,17190,17590,20474,20487,16296,16986,9081,11034,2932,5626,8747,8265,10081,9290,12635,12932,16643,17000,19981,19946,15987,16651,8911,10804,2854,5480,147546,141541,19833,19324,27878,27103,10630,9,8
2021-09-07T23:59:59+02:00,1553,1426,9376,8805,10500,9821,13069,13495,17181,17578,20468,20482,16292,16983,9080,11029,2931,5624,8739,8257,10073,9288,12627,12930,16639,16991,19977,19943,15987,16649,8911,10801,2854,5480,147370,141499,19831,19322,27878,27099,10615,9,8
2021-09-06T23:59:59+02:00,1540,1414,9352,8781,10480,9800,13059,13481,17170,17564,20459,20466,16290,16980,9078,11029,2930,5624,8733,8247,10065,9281,12622,12921,16633,16986,19972,19936,15985,16649,8908,10798,2854,5479,147195,141441,19830,19319,27876,27098,10597,9,8
2021-09-05T23:59:59+02:00,1537,1411,9344,8770,10472,9795,13054,13475,17167,17557,20453,20464,16287,16977,9078,11028,2930,5624,8725,8241,10058,9271,12615,12915,16627,16980,19964,19934,15983,16647,8908,10797,2854,5479,147145,141386,19830,19319,27876,27095,10573,9,8
2021-09-04T23:59:59+02:00,1536,1411,9343,8768,10471,9795,13053,13474,17167,17557,20451,20462,16287,16977,9078,11028,2930,5624,8725,8241,10057,9269,12614,12915,16626,16979,19963,19934,15983,16647,8908,10797,2854,5479,147139,141380,19827,19319,27876,27095,10571,9,8
2021-09-03T23:59:59+02:00,1526,1397,9322,8750,10458,9784,13049,13464,17152,17546,20439,20452,16283,16971,9077,11023,2930,5621,8709,8229,10045,9262,12607,12908,16610,16969,19960,19926,15979,16640,8907,10793,2854,5476,147038,141329,19824,19317,27876,27095,10506,9,8
2021-09-02T23:59:59+02:00,1515,1388,9268,8718,10398,9733,12974,13406,17102,17509,20381,20409,16251,16944,9067,11012,2929,5616,8664,8204,9986,9218,12538,12858,16566,16936,19900,19885,15947,16617,8900,10785,2854,5471,146911,141272,19823,19313,27875,27093,10011,9,8
2021-09-01T23:59:59+02:00,1511,1371,9248,8704,10375,9721,12961,13393,17090,17495,20371,20405,16248,16938,9060,11008,2929,5615,8646,8183,9970,9201,12527,12847,16553,16925,19884,19874,15943,16612,8897,10779,2854,5470,146803,141137,19799,19311,27875,27092,9966,9,8
2021-08-31T23:59:59+02:00,1494,1353,9233,8677,10364,9708,12950,13385,17085,17484,20364,20397,16243,16934,9058,11003,2929,5615,8629,8165,9964,9188,12512,12836,16542,16920,19881,19867,15939,16610,8896,10776,2854,5470,146647,141010,19798,19308,27875,27089,9956,9,8
2021-08-30T23:59:59+02:00,1473,1336,9215,8654,10350,9692,12939,13370,17072,17464,20352,20388,16239,16931,9056,11001,2929,5614,8602,8151,9950,9176,12501,12817,16529,16903,19872,19860,15933,16604,8894,10771,2852,5468,146482,140872,19798,19304,27872,27080,9922,9,8
2021-08-29T23:59:59+02:00,1472,1335,9213,8648,10343,9683,12937,13365,17063,17459,20348,20383,16236,16926,9056,11001,2929,5613,8599,8145,9941,9165,12497,12811,16521,16898,19868,19857,15930,16597,8893,10771,2852,5467,146464,140852,19798,19303,27872,27074,9875,9,8
2021-08-28T23:59:59+02:00,1471,1335,9210,8644,10343,9682,12936,13364,17063,17458,20347,20382,16236,16926,9056,11001,2929,5613,8595,8145,9939,9165,12496,12810,16521,16897,19867,19856,15930,16597,8893,10771,2852,5467,146456,140846,19798,19301,27872,27074,9869,9,8
2021-08-27T23:59:59+02:00,1461,1324,9197,8637,10338,9676,12933,13362,17060,17452,20342,20377,16235,16924,9055,11001,2929,5613,8585,8138,9936,9159,12491,12808,16518,16890,19866,19855,15929,16596,8892,10770,2852,5467,146382,140799,19798,19299,27872,27069,9863,9,8
2021-08-26T23:59:59+02:00,1458,1323,9190,8633,10333,9670,12925,13361,17057,17450,20340,20372,16232,16921,9052,10996,2928,5613,8576,8127,9930,9153,12483,12805,16513,16888,19864,19850,15926,16592,8889,10767,2851,5467,146361,140768,19796,19299,27872,27063,9824,9,8
2021-08-25T23:59:59+02:00,1444,1298,9084,8577,10246,9598,12836,13288,16938,17367,20245,20316,16185,16884,9037,10975,2923,5602,8484,8073,9846,9091,12392,12740,16409,16815,19777,19796,15882,16554,8875,10747,2846,5454,146122,140622,19795,19298,27872,27061,9053,9,8
2021-08-24T23:59:59+02:00,1425,1273,9053,8547,10232,9578,12807,13259,16907,17331,20231,20300,16170,16874,9032,10969,2923,5599,8461,8060,9829,9079,12376,12729,16398,16800,19770,19786,15876,16550,8875,10745,2846,5453,145833,140504,19793,19296,27872,27061,9011,9,8
2021-08-23T23:59:59+02:00,1407,1248,9011,8510,10218,9559,12776,13239,16888,17313,20218,20276,16158,16862,9021,10963,2922,5594,8436,8044,9802,9060,12362,12723,16385,16791,19759,19770,15870,16543,8871,10740,2845,5450,145576,140408,19793,19294,27872,27040,8941,9,8
2021-08-22T23:59:59+02:00,1407,1248,9001,8505,10211,9553,12775,13235,16884,17307,20215,20273,16155,16858,9017,10963,2922,5593,8420,8038,9795,9049,12358,12718,16382,16784,19757,19766,15867,16538,8867,10738,2845,5449,145563,140379,19793,19292,27872,27037,8893,9,8
2021-08-21T23:59:59+02:00,1407,1247,8996,8505,10210,9551,12772,13234,16883,17307,20214,20272,16155,16858,9017,10963,2922,5593,8298,7958,9694,8955,12270,12608,16291,16713,19701,19722,15847,16523,8864,10727,2844,5447,145557,140375,19790,18391,27872,27036,8886,9,8
2021-08-20T23:59:59+02:00,1406,1245,8988,8503,10203,9543,12766,13224,16880,17305,20207,20267,16152,16858,9017,10961,2921,5592,7940,7632,9541,8796,12127,12468,16168,16603,19593,19626,15808,16474,8852,10703,2842,5446,145523,138278,19790,18391,27872,27035,8852,9,8
2021-08-19T23:59:59+02:00,1401,1243,8977,8497,10196,9534,12757,13218,16875,17303,20202,20265,16151,16856,9017,10960,2921,5591,7679,7364,9411,8690,11984,12349,16073,16498,19496,19539,15766,16427,8841,10684,2841,5438,145481,136550,19787,18383,27871,27026,8824,9,8
2021-08-18T23:59:59+02:00,1377,1211,8931,8461,10168,9503,12730,13183,16845,17280,20176,20236,16138,16842,9011,10954,2917,5586,7666,7354,9399,8682,11970,12332,16059,16489,19488,19530,15760,16420,8837,10680,2838,5435,145175,136503,19774,18382,27868,27025,8730,9,8
2021-08-17T23:59:59+02:00,1352,1198,8895,8429,10153,9482,12715,13158,16830,17259,20153,20214,16130,16832,9008,10947,2915,5581,7653,7339,9381,8674,11959,12323,16052,16479,19477,19524,15754,16415,8836,10678,2837,5433,144931,136432,19771,18377,27867,27019,8680,9,8
2021-08-16T23:59:59+02:00,1329,1180,8857,8403,10134,9463,12691,13134,16820,17242,20133,20199,16125,16820,9004,10946,2914,5581,7644,7327,9365,8671,11949,12317,16050,16474,19468,19517,15751,16412,8836,10678,2837,5433,144698,136392,19769,18373,27867,27018,8639,9,8
2021-08-15T23:59:59+02:00,1311,1163,8838,8384,10121,9449,12675,13121,16807,17232,20119,20187,16119,16814,9004,10941,2914,5581,7632,7316,9349,8655,11935,12306,16043,16466,19462,19513,15743,16408,8835,10675,2837,5433,144550,136335,19768,18368,27864,26999,8596,9,8
2021-08-14T23:59:59+02:00,1310,1163,8838,8384,10120,9449,12674,13119,16807,17231,20118,20185,16119,16814,9004,10941,2914,5581,7315,7023,9204,8487,11761,12141,15925,16336,19368,19425,15717,16384,8826,10662,2837,5429,144544,134345,19768,18366,27864,26990,8593,9,8
2021-08-13T23:59:59+02:00,1305,1161,8826,8375,10109,9441,12662,13109,16791,17222,20110,20177,16116,16809,9002,10940,2913,5581,6927,6663,9033,8326,11553,11925,15707,16155,19227,19303,15683,16346,8814,10648,2835,5425,144516,131866,19768,18366,27864,26987,8499,9,8
2021-08-12T23:59:59+02:00,1305,1161,8825,8372,10102,9435,12659,13109,16785,17213,20106,20172,16115,16805,9000,10938,2913,5581,6920,6656,9019,8319,11541,11923,15696,16148,19223,19297,15681,16341,8812,10647,2835,5425,144500,131831,19767,18363,27864,26969,8462,9,8
2021-08-11T23:59:59+02:00,1302,1157,8821,8365,10093,9428,12651,13105,16779,17209,20100,20170,16113,16802,8999,10938,2913,5580,6913,6646,9003,8308,11530,11919,15692,16141,19215,19291,15677,16338,8811,10647,2835,5423,144450,131769,19763,18357,27864,26955,8445,9,8
2021-08-10T23:59:59+02:00,1301,1157,8819,8364,10089,9422,12648,13100,16777,17207,20099,20165,16111,16800,8999,10937,2913,5580,6869,6601,8970,8293,11511,11899,15666,16129,19208,19281,15675,16336,8811,10645,2835,5423,144422,131526,19763,18353,27864,26948,8436,9,8
2021-08-09T23:59:59+02:00,1301,1155,8813,8362,10085,9414,12646,13097,16770,17205,20093,20165,16109,16800,8998,10937,2913,5580,6850,6577,8949,8276,11498,11888,15650,16117,19202,19276,15672,16335,8809,10644,2835,5423,144396,131392,19763,18349,27862,26939,8420,8,8
2021-08-08T23:59:59+02:00,1301,1154,8810,8356,10083,9410,12637,13094,16765,17201,20091,20162,16107,16796,8997,10936,2912,5579,6847,6566,8933,8268,11481,11880,15643,16108,19200,19271,15669,16331,8808,10643,2834,5422,144384,131343,19762,18341,27862,26935,8381,8,8
2021-08-07T23:59:59+02:00,1301,1146,8801,8349,10072,9403,12634,13088,16758,17197,20085,20157,16103,16791,8995,10935,2911,5579,6195,5995,8662,8045,11209,11649,15444,15934,19115,19195,15649,16307,8801,10636,2831,5421,144335,128252,19761,18329,27862,26934,8345,8,8
2021-08-06T23:59:59+02:00,1295,1145,8792,8337,10058,9391,12614,13069,16740,17185,20068,20145,16096,16783,8995,10932,2911,5578,6182,5981,8647,8030,11185,11628,15422,15917,19098,19183,15642,16300,8801,10633,2831,5420,144297,128199,19758,18323,27862,26932,8215,8,8
2021-08-05T23:59:59+02:00,1292,1143,8784,8330,10049,9382,12600,13061,16734,17182,20060,20141,16095,16783,8995,10931,2911,5578,5897,5744,8298,7734,10819,11351,15098,15678,18848,19015,15622,16276,8791,10626,2830,5419,144248,128104,19754,15616,27858,26899,8189,8,8
2021-08-04T23:59:59+02:00,1291,1140,8778,8326,10044,9380,12594,13057,16729,17180,20058,20138,16094,16783,8994,10930,2911,5577,5883,5736,8269,7724,10799,11339,15081,15672,18843,19010,15620,16273,8790,10626,2830,5419,144216,128005,19753,15608,27857,26883,8176,8,8
2021-08-03T23:59:59+02:00,1284,1137,8774,8316,10039,9375,12589,13054,16724,17178,20053,20136,16092,16783,8993,10928,2911,5576,5771,5622,8176,7654,10682,11262,15032,15619,18814,18995,15616,16271,8789,10624,2828,5418,144171,127279,19751,15600,27857,26854,8161,8,8
2021-08-02T23:59:59+02:00,1278,1131,8761,8308,10032,9368,12584,13048,16719,17168,20046,20132,16090,16780,8991,10925,2910,5575,5600,5462,8047,7547,10558,11147,14960,15536,18782,18970,15608,16262,8783,10624,2828,5418,144090,126213,19745,15595,27856,26823,8153,8,8
2021-08-01T23:59:59+02:00,1276,1130,8754,8301,10025,9361,12578,13046,16714,17166,20041,20130,16090,16780,8990,10923,2910,5575,5540,5405,7996,7498,10495,11095,14924,15511,18769,18952,15605,16259,8781,10621,2828,5416,144046,125774,19743,15591,27855,26802,8144,8,8
2021-07-31T23:59:59+02:00,1276,1130,8753,8298,10025,9360,12576,13046,16713,17166,20040,20128,16090,16780,8990,10923,2910,5575,5514,5384,7980,7485,10478,11081,14911,15505,18765,18949,15604,16258,8781,10621,2828,5416,144044,125643,19742,15587,27855,26801,8136,8,8
2021-07-30T23:59:59+02:00,1144,1009,8525,8069,9931,9242,12496,12962,16633,17094,19980,20061,16058,16741,8984,10906,2909,5572,5220,5109,7842,7342,10290,10888,14775,15339,18697,18892,15580,16230,8768,10608,2824,5412,142589,123811,19740,15579,27855,26784,8130,8,8
2021-07-29T23:59:59+02:00,1137,1001,8394,7979,9773,9144,12342,12861,16484,16999,19817,19951,15972,16672,8959,10887,2908,5565,4925,4875,7565,7149,10009,10687,14528,15165,18503,18774,15494,16155,8741,10587,2823,5402,142468,122710,19737,15538,27855,26759,6783,8,8
2021-07-28T23:59:59+02:00,1126,987,8365,7942,9759,9128,12320,12847,16466,16976,19798,19941,15965,16659,8952,10883,2908,5563,4503,4445,7247,6898,9691,10387,14292,14983,18447,18733,15479,16144,8736,10576,2823,5392,142225,120061,19735,15484,27853,26696,6770,8,8
2021-07-27T23:59:59+02:00,1116,979,8341,7927,9746,9121,12308,12838,16458,16970,19791,19928,15963,16653,8950,10880,2907,5561,4269,4199,7015,6699,9444,10108,14132,14822,18396,18666,15430,16098,8719,10560,2820,5385,142085,118039,19733,15481,27853,26671,6764,8,8
2021-07-26T23:59:59+02:00,1112,976,8328,7915,9739,9116,12302,12832,16451,16962,19784,19927,15960,16648,8948,10876,2906,5556,4163,4091,6912,6588,9318,9986,14049,14739,18349,18632,15419,16087,8709,10552,2817,5383,142006,117136,19730,15471,27842,26613,6758,8,8
2021-07-25T23:59:59+02:00,1111,975,8319,7912,9726,9112,12292,12829,16446,16955,19781,19926,15958,16648,8948,10876,2906,5556,4112,4041,6834,6539,9246,9930,14013,14707,18325,18618,15401,16074,8702,10546,2817,5381,141980,116695,19726,15454,27841,26591,6726,8,8
2021-07-24T23:59:59+02:00,1109,972,8233,7850,9653,9032,12225,12752,16378,16902,19740,19887,15938,16634,8945,10866,2906,5555,4069,3999,6777,6489,9168,9873,13948,14641,18293,18592,15389,16063,8694,10542,2817,5381,141961,116441,19068,15172,27841,26589,6704,8,8
2021-07-23T23:59:59+02:00,1083,947,8121,7761,9615,8997,12191,12723,16333,16867,19711,19868,15932,16628,8941,10862,2906,5555,3778,3714,6520,6283,8884,9587,13712,14463,18212,18531,15347,16020,8676,10523,2815,5375,141467,114190,19068,15148,27841,26583,6662,8,8
2021-07-22T23:59:59+02:00,990,860,7905,7531,9511,8908,12073,12627,16242,16783,19636,19783,15886,16588,8932,10847,2905,5549,3653,3587,6366,6190,8730,9458,13548,14320,18137,18463,15326,15994,8668,10513,2815,5374,140005,113038,19066,15076,27834,26488,6648,8,8
2021-07-21T23:59:59+02:00,970,846,7873,7491,9495,8897,12051,12604,16218,16767,19612,19762,15875,16581,8932,10842,2905,5549,3348,3321,6019,5931,8335,9075,13281,14084,17995,18338,15234,15913,8636,10483,2812,5362,139749,110229,19064,15004,27829,26391,6625,8,8
2021-07-20T23:59:59+02:00,969,845,7865,7486,9488,8894,12046,12602,16210,16766,19607,19757,15874,16580,8932,10841,2905,5549,3275,3270,5959,5875,8277,9016,13197,14040,17963,18323,15234,15913,8636,10481,2812,5362,139711,109843,19063,14989,27826,26259,6613,8,8
2021-07-19T23:59:59+02:00,968,845,7858,7484,9485,8886,12041,12600,16205,16759,19604,19757,15872,16577,8932,10839,2905,5548,3223,3235,5908,5833,8216,8971,13140,14013,17917,18310,15234,15910,8636,10479,2812,5361,139674,109562,19062,14972,27826,26132,6600,8,8
2021-07-18T23:59:59+02:00,967,844,7847,7475,9480,8881,12032,12595,16200,16753,19602,19755,15871,16575,8932,10839,2905,5548,3203,3217,5869,5802,8181,8942,13101,13997,17902,18306,15234,15909,8636,10479,2812,5360,139627,109374,19061,14938,27824,26119,6586,8,8
2021-07-17T23:59:59+02:00,852,725,7525,7185,9328,8710,11857,12433,16071,16614,19505,19660,15850,16554,8924,10826,2905,5545,3102,3109,5758,5710,8048,8782,12960,13869,17807,18228,15224,15891,8633,10472,2812,5360,137615,108192,19060,14933,27824,26115,6570,5,8
2021-07-16T23:59:59+02:00,696,574,7134,6858,9147,8552,11665,12224,15869,16438,19363,19535,15820,16518,8914,10812,2904,5543,3040,3048,5682,5647,7934,8674,12840,13732,17728,18153,15202,15875,8629,10470,2811,5360,135149,107290,19060,14928,27823,26108,6534,5,8
2021-07-15T23:59:59+02:00,694,574,7120,6850,9144,8550,11653,12220,15859,16431,19359,19529,15818,16515,8910,10810,2903,5534,3000,3012,5616,5604,7844,8624,12765,13691,17698,18128,15179,15858,8621,10463,2810,5351,135109,107056,19058,14774,27818,25981,6487,5,8
2021-07-14T23:59:59+02:00,692,573,7111,6841,9139,8548,11649,12215,15853,16428,19354,19524,15816,16512,8907,10807,2903,5530,2977,2999,5575,5572,7808,8603,12732,13675,17680,18117,15172,15855,8618,10459,2810,5347,135076,106903,19057,14740,27818,25940,6450,5,8
2021-07-13T23:59:59+02:00,687,571,7086,6824,9126,8531,11640,12200,15842,16409,19344,19518,15807,16508,8903,10797,2898,5522,2920,2948,5510,5506,7648,8468,12478,13457,17524,17989,15153,15844,8606,10446,2805,5336,134950,105687,19057,14687,27815,25905,6390,5,8
2021-07-12T23:59:59+02:00,681,563,7072,6809,9115,8520,11630,12190,15837,16396,19332,19514,15805,16504,8901,10797,2898,5519,2864,2894,5427,5431,7500,8353,12231,13244,17343,17842,15143,15839,8602,10439,2804,5336,134834,104449,19055,14634,27811,25855,6382,5,8
2021-07-11T23:59:59+02:00,680,562,7063,6807,9105,8512,11622,12182,15827,16393,19327,19509,15805,16501,8900,10795,2898,5519,2833,2859,5350,5358,7402,8266,12064,13087,17217,17709,15135,15828,8601,10436,2804,5336,134789,103560,19051,14585,27811,25812,6355,5,8
2021-07-10T23:59:59+02:00,506,404,6500,6256,8880,8326,11379,11990,15670,16260,19272,19460,15797,16491,8896,10790,2897,5518,2804,2825,5298,5312,7319,8186,11961,12987,17139,17642,15120,15812,8598,10425,2801,5334,132094,102862,19051,14583,27811,25804,6335,5,8
2021-07-09T23:59:59+02:00,495,397,6441,6228,8853,8289,11339,11962,15643,16247,19259,19444,15796,16488,8896,10787,2897,5518,2747,2758,5216,5243,7140,8009,11549,12688,16841,17434,15099,15784,8591,10420,2799,5332,132002,101834,18841,13721,27810,25789,6325,5,8
2021-07-08T23:59:59+02:00,489,395,6125,5969,8481,8001,10957,11655,15306,15999,19000,19271,15774,16464,8887,10780,2894,5517,2686,2707,5134,5167,7000,7918,11348,12546,16689,17310,15092,15776,8591,10418,2799,5331,131915,100970,15949,13551,27805,25714,6294,5,8
2021-07-07T23:59:59+02:00,487,391,6110,5957,8457,7986,10942,11638,15295,15989,18999,19266,15772,16460,8886,10778,2894,5515,2637,2655,5043,5108,6861,7824,11113,12364,16525,17176,15084,15769,8586,10412,2799,5331,131807,99947,15940,13425,27803,25665,6267,5,8
2021-07-06T23:59:59+02:00,460,371,6009,5864,8383,7920,10869,11569,15262,15949,18976,19250,15764,16450,8883,10776,2891,5513,2569,2585,4910,4993,6678,7691,10724,11952,16153,16800,15058,15736,8578,10405,2798,5327,131189,97789,15932,13343,27798,25604,6235,5,8
2021-07-05T23:59:59+02:00,419,337,5831,5693,8265,7827,10755,11455,15203,15879,18944,19219,15758,16442,8879,10771,2888,5512,2516,2509,4811,4895,6545,7556,10372,11633,15879,16494,15028,15706,8570,10390,2798,5322,130140,95993,15928,13279,27795,25551,6209,5,8
2021-07-04T23:59:59+02:00,399,307,5757,5613,8208,7770,10688,11397,15173,15848,18930,19200,15751,16438,8878,10769,2888,5510,2497,2479,4749,4848,6484,7506,10235,11523,15778,16422,15023,15699,8568,10389,2797,5322,129634,95428,15921,13211,27790,25513,6174,5,8
2021-07-03T23:59:59+02:00,393,305,5738,5603,8198,7761,10676,11393,15166,15842,18927,19197,15751,16438,8878,10769,2888,5510,2462,2447,4653,4820,6377,7480,10177,11477,15673,16336,14343,14992,8549,10364,2797,5322,129562,95313,15919,13209,27790,23596,6157,5,8
2021-07-02T23:59:59+02:00,347,266,5549,5454,8126,7689,10578,11296,15101,15785,18908,19190,15747,16434,8873,10767,2886,5507,2415,2399,4497,4742,6193,7406,10023,11320,15482,16133,13552,14073,8541,10349,2797,5321,128648,94750,15917,13165,27789,21190,6144,5,8
2021-07-01T23:59:59+02:00,285,211,5332,5271,7998,7577,10438,11170,14973,15690,18864,19165,15740,16427,8868,10761,2886,5506,2298,2279,4320,4569,5956,7152,9242,10635,14853,15662,13527,14044,8536,10344,2793,5319,127357,91251,15905,13069,27788,21106,6107,5,8
2021-06-30T23:59:59+02:00,154,121,4850,4798,7657,7300,10085,10832,14746,15513,18807,19121,15729,16416,8864,10753,2886,5503,2262,2232,4235,4497,5845,7055,9071,10511,14763,15584,13513,14036,8533,10341,2793,5317,124370,90650,15899,12896,27788,20973,6073,5,8
2021-06-29T23:59:59+02:00,117,99,4566,4518,7405,7083,9795,10532,14547,15323,18744,19060,15677,16366,8844,10738,2885,5498,2195,2152,4092,4361,5638,6874,8845,10282,14468,15359,13466,13988,8520,10317,2791,5304,122299,89198,15895,12743,27786,20901,5812,5,8
2021-06-28T23:59:59+02:00,101,78,4431,4375,7300,6973,9673,10407,14455,15216,18699,19017,15661,16350,8830,10727,2882,5496,2108,2025,3911,4155,5357,6532,8461,9772,13935,14823,13347,13899,8501,10293,2788,5290,121286,85989,15884,12662,27783,20834,5713,5,6
2021-06-27T23:59:59+02:00,96,76,4377,4328,7241,6918,9611,10352,14422,15182,18679,19000,15644,16338,8823,10720,2881,5491,2054,1991,3847,4111,5243,6418,8292,9643,13759,14710,13321,13880,8492,10284,2785,5288,120920,85200,15880,12627,27780,20697,5594,5,6
2021-06-26T23:59:59+02:00,83,74,4333,4298,7210,6890,9593,10331,14402,15166,18666,18987,15640,16332,8823,10720,2881,5491,1978,1898,3658,3953,5028,6160,7929,9187,13408,14414,13241,13822,8472,10256,2780,5279,120677,82561,15874,12627,27780,20691,5584,5,6
2021-06-25T23:59:59+02:00,70,61,4022,3972,6947,6653,9300,10038,14179,14977,18582,18930,15594,16287,8804,10701,2879,5485,1913,1814,3492,3831,4834,5929,7604,8772,13097,14079,13191,13766,8459,10231,2774,5273,118277,80205,15847,12596,27780,20686,5572,5,6
2021-06-24T23:59:59+02:00,63,54,3930,3882,6850,6568,9200,9948,14079,14892,18554,18897,15579,16270,8798,10694,2879,5484,1845,1740,3377,3734,4635,5787,7384,8573,12848,13878,12358,12835,8279,9968,2774,5272,117548,78986,15838,12490,27776,18357,5454,5,6
2021-06-23T23:59:59+02:00,49,49,3525,3509,6396,6221,8668,9441,13743,14589,18418,18761,15475,16178,8755,10658,2876,5470,1707,1568,3126,3530,4216,5458,6435,7862,12105,13180,12335,12823,8269,9961,2774,5268,114612,78352,15591,9159,27775,18308,4798,5,6
2021-06-22T23:59:59+02:00,40,41,3452,3436,6317,6162,8565,9363,13692,14542,18385,18744,15464,16171,8754,10653,2876,5467,1666,1515,3022,3427,4072,5308,6181,7677,11494,12469,12245,12729,8251,9928,2770,5260,113984,76011,15585,9077,27773,18149,4777,5,6
2021-06-21T23:59:59+02:00,34,38,3382,3375,6225,6103,8505,9292,13631,14496,18352,18724,15462,16170,8753,10652,2876,5466,1630,1464,2931,3330,3946,5158,5985,7451,10736,11551,11857,12274,7174,8699,2764,5253,113464,73358,15578,8976,27771,15150,4718,5,6
2021-06-20T23:59:59+02:00,34,37,3357,3353,6177,6072,8461,9260,13603,14479,18341,18720,15461,16170,8753,10652,2876,5466,1612,1447,2894,3302,3895,5120,5933,7427,10648,11475,11837,12255,7171,8692,2763,5253,113287,73041,15561,8899,27771,15134,4648,5,6
2021-06-19T23:59:59+02:00,32,35,3330,3329,6148,6049,8431,9241,13579,14473,18335,18715,15461,16169,8753,10652,2876,5466,1608,1435,2889,3293,3887,5115,5918,7422,10637,11468,11837,12255,7171,8691,2763,5253,113095,72961,15555,8899,27771,15132,4648,5,6
2021-06-18T23:59:59+02:00,28,30,3288,3286,6074,6009,8362,9186,13533,14441,18312,18704,15460,16167,8752,10651,2876,5466,1533,1341,2752,3117,3704,4839,5521,7049,9144,9899,11670,12087,7130,8641,2751,5235,112711,67781,15527,8898,27771,15121,4611,5,6
2021-06-17T23:59:59+02:00,26,26,3224,3234,6006,5969,8287,9131,13461,14396,18288,18693,15458,16162,8750,10648,2876,5463,1404,1247,2563,2902,3441,4547,5160,6653,8472,9168,11385,11844,7089,8584,2747,5232,112334,64065,15498,8783,27766,15093,4495,5,6
2021-06-16T23:59:59+02:00,26,23,3170,3172,5894,5901,8167,9038,13333,14310,18222,18657,15452,16153,8750,10645,2876,5463,1307,1191,2422,2794,3258,4387,4875,6380,7395,7877,11294,11736,7058,8546,2734,5214,111693,60300,15423,8737,27762,15060,4369,5,6
2021-06-15T23:59:59+02:00,21,22,3074,3086,5776,5812,7982,8859,13070,14091,18073,18530,15437,16141,8742,10639,2876,5461,1270,1158,2349,2739,3154,4312,4672,6255,7083,7626,10799,11177,7024,8512,2726,5201,110272,58055,15395,8705,27752,15028,4268,5,5
2021-06-14T23:59:59+02:00,20,20,3000,3016,5695,5754,7839,8740,12781,13853,17885,18354,15421,16127,8735,10634,2875,5460,1243,1130,2283,2683,3029,4217,4472,6116,6740,7321,10273,10566,6993,8475,2722,5191,108879,55685,15386,8598,27748,14980,4191,5,4
2021-06-13T23:59:59+02:00,20,20,2982,2986,5629,5716,7776,8674,12641,13718,17779,18232,15415,16118,8734,10631,2874,5460,1232,1117,2254,2667,2992,4206,4426,6096,6707,7304,10268,10560,6993,8474,2722,5191,108142,55543,15375,8590,27744,14937,4139,5,4
2021-06-12T23:59:59+02:00,18,20,2953,2968,5601,5691,7745,8655,12622,13699,17771,18229,15414,16116,8734,10631,2874,5460,1176,1055,2165,2591,2898,4070,4284,5964,6597,7220,10186,10482,6397,7748,2722,5191,107943,55428,15372,8590,27744,12591,4137,5,4
2021-06-11T23:59:59+02:00,18,17,2877,2894,5532,5627,7564,8469,12212,13392,17489,18023,15398,16091,8728,10623,2871,5458,1152,1038,2110,2550,2833,4021,4199,5902,6486,7129,10083,10369,6383,7741,2720,5185,106930,54902,14479,8321,27743,12552,4126,5,4
2021-06-10T23:59:59+02:00,14,15,2823,2853,5432,5574,7432,8388,12025,13253,17351,17905,15393,16087,8728,10622,2870,5457,1111,1013,2035,2484,2732,3943,4029,5772,6241,6916,9832,10101,6363,7713,2714,5179,106009,53337,14406,8317,27738,12460,4064,5,4
2021-06-09T23:59:59+02:00,13,14,2745,2784,5310,5479,7212,8217,11746,13012,17165,17756,15382,16073,8724,10613,2870,5454,1054,948,1904,2366,2529,3760,3703,5489,5618,6404,9009,9198,6306,7637,2701,5144,104802,49326,14254,8299,27729,12366,3779,5,4
2021-06-08T23:59:59+02:00,10,10,2647,2682,5175,5351,7015,8032,11316,12584,16788,17367,15363,16046,8713,10606,2869,5449,1017,919,1834,2301,2423,3686,3562,5423,5466,6272,8975,9179,6304,7625,2699,5140,102597,48813,14227,8248,27727,12297,3467,5,4
2021-06-07T23:59:59+02:00,8,9,2520,2584,4984,5220,6808,7867,10838,12223,16445,17071,15338,16018,8707,10589,2868,5445,948,882,1706,2245,2282,3602,3307,5333,5111,5987,8425,8553,6251,7566,2695,5131,100661,46594,14184,8232,27718,12224,2974,5,4
2021-06-06T23:59:59+02:00,8,7,2483,2559,4923,5163,6722,7810,10699,12112,16354,17006,15335,16014,8707,10589,2866,5444,932,872,1678,2225,2238,3574,3236,5308,5063,5963,8420,8552,6246,7558,2695,5130,100070,46433,14133,8222,27711,12153,2882,5,4
2021-06-05T23:59:59+02:00,7,6,2469,2537,4895,5138,6685,7780,10669,12085,16345,16999,15335,16014,8707,10589,2866,5444,916,857,1645,2196,2198,3518,3133,5226,4710,5634,7825,7847,6218,7504,2694,5128,99845,44046,14133,8216,27709,12109,2878,5,4
2021-06-04T23:59:59+02:00,6,5,2438,2508,4850,5094,6637,7727,10580,11980,16293,16935,15331,16007,8707,10588,2865,5443,904,839,1622,2176,2156,3481,3081,5167,4546,5445,7524,7479,6182,7462,2692,5122,99314,42759,14126,8214,27709,12065,2840,5,4
2021-06-03T23:59:59+02:00,6,5,2335,2380,4699,4920,6429,7479,9878,11346,15703,16485,15320,15997,8704,10582,2864,5442,887,809,1582,2117,2108,3401,2991,5057,4400,5278,7365,7290,6170,7435,2692,5118,95974,41711,14087,8204,27704,11981,2804,5,4
2021-06-02T23:59:59+02:00,6,5,2318,2355,4654,4887,6374,7442,9778,11258,15643,16432,15312,15993,8703,10578,2864,5441,875,797,1563,2093,2055,3364,2905,4971,4039,4889,6808,6651,6126,7379,2688,5107,95449,39372,14085,8199,27704,11938,2800,5,4
2021-06-01T23:59:59+02:00,6,4,2255,2315,4532,4794,6209,7325,9589,11110,15535,16355,15309,15989,8699,10574,2863,5436,841,770,1498,2044,1939,3301,2751,4878,3835,4761,6598,6419,6103,7360,2682,5098,94574,38283,14035,8177,27692,11823,2593,5,4
2021-05-31T23:59:59+02:00,2,4,2205,2256,4434,4702,6065,7200,9403,10961,15450,16299,15301,15982,8696,10574,2863,5436,818,736,1441,1985,1867,3252,2576,4822,3704,4707,6241,6005,6080,7339,2679,5090,93852,37103,13948,8170,27682,11721,2346,5,4
2021-05-30T23:59:59+02:00,2,4,2180,2235,4378,4641,5971,7140,9328,10899,15413,16279,15300,15979,8696,10574,2863,5436,806,725,1418,1962,1818,3226,2443,4787,3599,4689,6239,6003,6080,7339,2679,5090,93401,36786,13909,8148,27672,11636,2331,5,4
2021-05-29T23:59:59+02:00,2,4,2164,2220,4358,4629,5954,7123,9315,10886,15408,16276,15299,15979,8696,10574,2863,5436,788,673,1325,1703,1684,2864,2243,4239,3320,4259,6149,5909,5968,7207,2678,5090,93272,36733,13906,8142,27672,8891,2331,5,4
2021-05-28T23:59:59+02:00,2,4,2143,2197,4319,4583,5909,7078,9237,10816,15340,16224,15295,15977,8696,10574,2863,5435,769,583,1247,1450,1586,2461,2065,3550,3056,3664,5510,5168,5886,7116,2674,5077,92794,35432,13893,8142,27670,5956,2330,5,4
2021-05-27T23:59:59+02:00,2,4,2101,2159,4232,4516,5786,7004,9081,10716,15242,16140,15294,15976,8696,10574,2863,5435,739,549,1215,1367,1544,2323,1995,3408,2943,3545,5074,4687,5853,7077,2663,5048,92111,34308,13743,8133,27647,5272,2315,5,4
2021-05-26T23:59:59+02:00,2,4,2033,2040,4037,4371,5445,6739,8110,9972,14479,15438,15282,15970,8692,10568,2861,5432,728,534,1189,1306,1497,2264,1937,3293,2791,3401,3766,3305,5794,7004,2640,4990,91334,31027,10216,8116,27631,5005,2289,5,4
2021-05-25T23:59:59+02:00,2,4,1996,2003,3957,4304,5350,6673,7975,9865,14101,15002,15234,15933,8685,10553,2859,5428,723,527,1161,1271,1477,2239,1917,3265,2765,3375,3760,3295,5787,7001,2638,4989,89989,30938,10067,8106,27615,4896,2248,5,4
2021-05-24T23:59:59+02:00,2,4,1970,1959,3870,4228,5244,6591,7850,9741,13591,14387,15183,15866,8678,10540,2858,5423,717,519,1142,1259,1445,2224,1895,3246,2739,3353,3743,3277,5765,6977,2629,4973,88201,30804,9988,8055,27604,4856,2187,5,3
2021-05-23T23:59:59+02:00,2,4,1961,1947,3851,4206,5226,6578,7798,9710,13515,14324,15172,15862,8676,10539,2857,5423,710,509,1131,1246,1420,2200,1837,3210,2631,3255,3331,2844,5120,6167,2614,4928,87968,30630,9887,5500,27604,4835,2187,5,3
2021-05-22T23:59:59+02:00,2,4,1794,1904,3549,4157,4829,6535,7541,9653,13392,14247,15166,15861,8676,10538,2857,5423,548,477,838,1205,1048,2165,1597,3157,2519,3182,3328,2842,5120,6166,2614,4928,87817,30618,9887,5499,27602,4799,817,5,3
2021-05-21T23:59:59+02:00,2,3,1709,1796,3392,3965,4639,6240,7144,9288,12103,12917,15015,15713,8640,10491,2848,5412,544,465,828,1203,1046,2157,1562,3127,2441,3106,3153,2705,5094,6123,2611,4913,83054,29983,9847,5498,27596,4780,815,5,3
2021-05-20T23:59:59+02:00,2,3,1671,1762,3297,3915,4532,6157,6968,9205,11892,12688,14994,15695,8636,10484,2847,5411,523,450,786,1157,989,2093,1441,3055,2315,3009,2964,2534,5053,6047,2603,4898,82212,29235,9744,5483,27541,4539,658,4,3
2021-05-19T23:59:59+02:00,2,3,1650,1736,3239,3859,4437,6090,6851,9140,11659,12427,14983,15684,8633,10483,2847,5410,514,438,770,1120,972,2024,1331,2907,1989,2715,2401,2039,4948,5929,2581,4851,81391,27169,9605,5468,27514,4271,619,4,3
2021-05-18T23:59:59+02:00,2,3,1589,1703,3150,3770,4324,5986,6691,8981,11367,12170,14938,15636,8621,10460,2845,5400,511,426,754,1105,954,2007,1248,2842,1709,2492,1959,1695,4875,5846,2560,4808,80289,25629,9403,5458,27445,4207,495,4,3
2021-05-17T23:59:59+02:00,2,3,1540,1622,3020,3612,4120,5707,6343,8522,10817,11621,14829,15543,8602,10435,2840,5389,509,418,748,1098,935,2002,1224,2818,1682,2455,1943,1675,4868,5839,2557,4806,77390,25565,9366,5444,27421,4180,386,4,3
2021-05-16T23:59:59+02:00,2,3,1521,1600,2967,3571,4025,5620,6194,8386,10641,11487,14803,15521,8594,10427,2839,5387,502,412,726,1083,905,1986,1195,2790,1649,2431,1936,1666,4865,5835,2554,4804,76644,25535,9307,5426,27391,4134,242,4,3
2021-05-15T23:59:59+02:00,2,3,1435,1502,2757,3405,3796,5342,5835,7914,10288,11192,14718,15459,8575,10398,2833,5378,502,410,722,1081,905,1982,1190,2789,1643,2426,1924,1654,4858,5829,2554,4802,73896,25473,9307,5426,27384,4129,241,4,3
2021-05-14T23:59:59+02:00,2,3,1401,1439,2646,3308,3644,5185,5636,7625,10068,10939,14683,15421,8562,10375,2830,5374,453,369,651,915,832,1696,1062,2379,1461,2101,1890,1614,4855,5821,2553,4798,72251,25410,9288,5424,27361,2377,237,4,3
2021-05-13T23:59:59+02:00,2,3,1343,1371,2543,3224,3475,5048,5416,7419,9841,10760,14657,15392,8552,10372,2828,5371,446,357,624,887,730,1589,962,2294,1197,1887,1172,1033,4634,5586,2545,4765,71086,25290,8974,2881,27331,2313,222,4,3
2021-05-12T23:59:59+02:00,2,3,1336,1361,2526,3218,3457,5034,5395,7406,9826,10749,14655,15388,8550,10370,2827,5371,446,356,623,886,726,1588,957,2294,1193,1881,1153,1024,4621,5548,2511,4696,70970,25089,8950,2881,27329,2310,221,4,3
2021-05-11T23:59:59+02:00,2,2,1294,1319,2453,3136,3343,4907,5199,7259,9539,10441,14607,15330,8538,10350,2823,5362,440,343,605,872,703,1571,929,2270,1167,1855,1098,988,4558,5450,2468,4572,69630,24597,8827,2863,27244,2228,199,4,3
2021-05-10T23:59:59+02:00,2,2,1272,1292,2389,3059,3216,4781,5067,7102,9215,10061,14561,15291,8529,10331,2818,5360,439,341,592,863,689,1556,917,2255,1150,1841,1062,954,4496,5374,2427,4454,68273,24181,8705,2860,27175,2176,191,4,3
2021-05-09T23:59:59+02:00,2,2,1257,1275,2347,3044,3137,4745,5003,7069,9149,10016,14548,15276,8527,10326,2818,5358,431,339,578,858,666,1536,895,2235,1138,1827,1043,938,4483,5336,2411,4411,68034,24018,8629,2858,27127,2142,105,4,3
2021-05-08T23:59:59+02:00,1,2,1255,1271,2333,3032,3119,4734,4963,7054,9125,10008,14547,15276,8527,10325,2818,5358,431,339,577,858,665,1536,895,2234,1137,1826,1043,938,4482,5336,2411,4411,67891,24016,8623,2855,27125,2141,105,4,3
2021-05-07T23:59:59+02:00,1,2,1235,1250,2293,2991,3067,4686,4864,6962,8900,9761,14530,15253,8521,10319,2815,5354,382,313,545,789,628,1374,825,2027,1047,1637,1013,909,4461,5314,2409,4406,66980,23911,8616,2851,27099,1210,105,4,3
2021-05-06T23:59:59+02:00,1,2,1088,1158,2065,2747,2768,4378,4494,6562,8313,9157,14252,15017,8481,10263,2812,5353,381,309,532,770,611,1342,806,1992,1014,1609,986,877,4451,5300,2407,4402,63358,23781,8488,2800,26963,1108,98,4,3
2021-05-05T23:59:59+02:00,1,1,1023,1106,1953,2634,2608,4205,4198,6283,7296,7971,14166,14918,8446,10222,2799,5333,378,306,524,760,596,1332,772,1978,988,1589,913,814,4410,5228,2399,4386,59828,23459,8442,2779,26839,1083,50,4,3
2021-05-04T23:59:59+02:00,1,1,1001,1086,1901,2595,2506,4137,3978,6169,7015,7753,13660,14351,8415,10189,2794,5324,375,305,519,756,584,1327,755,1959,972,1582,895,790,4389,5212,2396,4377,57769,23324,8383,2764,26678,1061,42,4,3
2021-05-03T23:59:59+02:00,1,1,969,1049,1839,2542,2400,4025,3777,6051,6655,7451,13124,13725,8378,10151,2787,5309,369,304,517,750,573,1320,746,1948,958,1569,869,766,4371,5194,2390,4364,55337,23212,8357,2753,26535,1040,1,4,3
2021-05-02T23:59:59+02:00,1,1,964,1048,1820,2536,2371,4016,3732,6041,6619,7442,13123,13724,8378,10150,2787,5309,369,304,514,750,572,1318,741,1948,957,1565,867,762,4369,5190,2390,4364,55198,23193,8351,2751,26508,1033,1,4,3
2021-05-01T23:59:59+02:00,1,1,964,1046,1812,2532,2359,4008,3719,6033,6605,7433,13122,13721,8378,10150,2787,5309,369,304,514,750,572,1318,740,1947,955,1565,867,762,4369,5190,2390,4364,55120,23193,8349,2747,26506,1033,1,4,3
2021-04-30T23:59:59+02:00,0,1,948,1041,1792,2516,2338,3973,3682,6000,6526,7379,13027,13617,8377,10145,2784,5297,319,249,473,674,543,1138,709,1724,921,1361,856,744,4365,5187,2390,4364,54622,23179,8348,2742,26468,93,1,4,3
2021-04-29T23:59:59+02:00,0,1,894,1016,1736,2466,2274,3914,3534,5876,6288,7156,12766,13343,8355,10116,2780,5290,312,247,463,667,540,1130,702,1713,910,1351,848,729,4356,5179,2390,4362,53025,23089,8332,2736,26443,71,1,4,3
2021-04-28T23:59:59+02:00,0,1,833,982,1656,2403,2130,3803,3250,5623,5684,6648,11929,12424,8296,10027,2756,5253,311,244,461,660,532,1117,691,1692,900,1344,833,713,4337,5152,2388,4362,48965,22966,8325,2717,26403,51,1,4,3
2021-04-27T23:59:59+02:00,0,1,824,977,1638,2382,2085,3784,3179,5598,5556,6524,11900,12407,8294,10025,2756,5251,310,242,455,658,524,1111,682,1680,890,1338,822,701,4333,5146,2387,4356,48484,22888,8320,2701,26372,43,1,4,3
2021-04-26T23:59:59+02:00,0,1,814,965,1612,2364,2025,3743,3001,5520,5224,6238,11335,11762,8239,9960,2751,5241,308,241,454,657,519,1105,671,1674,881,1327,812,692,4328,5141,2387,4352,46151,22837,8311,2672,26329,38,1,3,2
2021-04-25T23:59:59+02:00,0,1,804,963,1595,2358,1987,3726,2875,5497,5130,6233,11331,11758,8235,9954,2750,5240,307,240,454,657,519,1098,671,1672,878,1325,812,691,4328,5141,2387,4352,45822,22831,8305,2668,26306,31,1,3,2
2021-04-24T23:59:59+02:00,0,1,790,953,1573,2338,1947,3681,2778,5428,4787,5909,10718,11033,8204,9895,2749,5238,307,240,454,657,519,1097,670,1670,877,1325,807,687,4318,5125,2385,4351,43414,22794,8304,2663,26300,30,1,3,2
2021-04-23T23:59:59+02:00,0,1,785,945,1560,2328,1917,3654,2739,5375,4625,5723,10409,10651,8164,9853,2746,5229,307,239,454,657,519,1096,669,1670,875,1325,807,686,4315,5122,2385,4351,42113,22783,8303,2662,26284,30,1,3,2
2021-04-22T23:59:59+02:00,0,1,768,931,1532,2285,1867,3585,2652,5284,4472,5569,10265,10457,8150,9822,2744,5221,307,238,452,646,517,1090,663,1662,869,1316,801,682,4312,5120,2385,4349,41112,22747,8275,2638,26214,22,1,3,2
2021-04-21T23:59:59+02:00,0,1,757,919,1507,2273,1815,3540,2547,5196,4087,5149,9668,9773,8101,9758,2740,5210,305,238,450,645,517,1089,659,1659,864,1311,788,670,4302,5106,2385,4345,38593,22697,8259,2614,26185,20,1,3,2
2021-04-20T23:59:59+02:00,0,1,750,907,1486,2246,1784,3509,2497,5138,3950,5054,9471,9553,8084,9748,2736,5207,305,237,450,644,516,1087,658,1655,861,1305,782,665,4298,5101,2385,4345,37758,22665,8247,2608,26112,20,1,3,1
2021-04-19T23:59:59+02:00,0,1,743,898,1478,2238,1765,3491,2465,5111,3885,4995,9100,9136,8059,9723,2733,5201,305,235,449,639,514,1084,655,1652,857,1301,777,659,4289,5099,2385,4343,36728,22625,8235,2597,26055,20,1,3,1
2021-04-18T23:59:59+02:00,0,1,739,895,1473,2232,1747,3484,2446,5099,3877,4993,9090,9125,8059,9722,2733,5201,304,235,449,636,513,1080,653,1649,854,1301,776,657,4289,5097,2385,4343,36668,22617,8215,2583,26029,20,1,3,1
2021-04-17T23:59:59+02:00,0,1,722,889,1385,2222,1647,3472,2409,5069,3796,4914,8373,8403,8043,9709,2733,5201,304,235,447,634,512,1079,652,1649,853,1298,776,657,4288,5097,2385,4343,36660,22605,8215,2583,24109,20,1,3,1
2021-04-16T23:59:59+02:00,0,1,707,871,1256,2199,1495,3449,2323,5003,3634,4749,7033,6851,8008,9660,2720,5169,304,234,442,626,508,1075,642,1647,849,1288,766,651,4282,5083,2382,4341,35281,22528,8205,2579,21638,12,1,3,1
2021-04-15T23:59:59+02:00,0,1,686,861,1245,2186,1474,3431,2265,4966,3562,4697,6595,6352,7967,9595,2696,5094,297,228,428,615,491,1061,608,1620,814,1258,675,590,3784,4571,2358,4305,33956,22469,8150,1225,21563,8,1,3,1
2021-04-14T23:59:59+02:00,0,1,681,857,1227,2172,1442,3412,2220,4929,3430,4603,5256,4947,7916,9530,2674,5057,289,223,425,609,484,1058,601,1612,809,1255,660,574,3771,4561,2354,4300,30725,22381,8138,1196,21487,7,1,3,1
2021-04-13T23:59:59+02:00,0,1,678,857,1218,2167,1426,3410,2212,4918,3410,4588,5237,4930,7910,9527,2673,5055,289,222,423,607,481,1055,599,1608,798,1252,642,569,3769,4558,2354,4300,30644,22360,8117,1158,21452,7,1,3,1
2021-04-12T23:59:59+02:00,0,1,673,849,1205,2157,1410,3399,2177,4903,3379,4564,5212,4915,7897,9515,2670,5022,288,221,421,607,479,1049,597,1604,790,1244,637,566,3763,4557,2354,4300,30511,22332,8072,1137,21361,7,1,3,1
2021-04-11T23:59:59+02:00,0,1,665,845,1189,2145,1392,3384,2109,4878,3260,4480,4795,4475,7226,8692,2663,5017,288,221,419,607,477,1047,592,1601,786,1242,633,563,3759,4552,2354,4300,30481,22325,5462,1108,21269,7,1,3,1
2021-04-10T23:59:59+02:00,0,1,665,843,1188,2144,1390,3380,2107,4875,3257,4473,4751,4428,7222,8686,2663,5016,283,218,417,596,464,1031,565,1584,754,1217,561,493,3190,3932,2304,4205,30358,20698,5459,1108,21268,7,1,3,1
2021-04-09T23:59:59+02:00,0,1,661,842,1180,2141,1386,3375,2075,4853,3178,4392,4553,4262,7187,8637,2659,5000,273,211,407,582,445,1015,539,1565,733,1194,481,432,2533,3110,2255,4109,29668,18769,5455,1107,21255,7,1,3,1
2021-04-08T23:59:59+02:00,0,1,651,832,1163,2129,1369,3343,2013,4799,3028,4281,3499,3107,6948,8273,2648,4985,260,203,390,564,421,1001,517,1534,700,1172,459,405,2523,3101,2252,4106,28861,18540,5405,1060,18799,7,1,3,1
2021-04-07T23:59:59+02:00,0,1,644,826,1150,2120,1350,3330,1904,4719,2706,4031,2890,2578,6836,8149,2623,4932,246,196,363,540,383,967,474,1500,664,1144,431,381,2462,3037,2247,4098,26676,18086,5384,1041,18725,6,1,3,0
2021-04-06T23:59:59+02:00,0,1,634,817,1112,2113,1326,3312,1786,4668,2427,3863,2437,2229,6758,8058,2601,4894,222,183,329,513,358,948,437,1477,629,1113,396,339,2407,2962,2241,4088,25072,17613,5367,1023,18593,6,1,3,0
2021-04-05T23:59:59+02:00,0,1,631,815,1101,2108,1320,3309,1777,4658,2412,3846,2146,1885,5649,6757,2599,4893,222,183,328,509,352,942,433,1475,625,1109,393,336,2405,2956,2241,4086,25040,17603,5355,986,15509,6,1,2,0
2021-04-04T23:59:59+02:00,0,1,630,814,1101,2108,1320,3308,1777,4658,2410,3844,2145,1882,5649,6753,2599,4893,222,183,327,509,352,942,432,1475,625,1109,393,336,2404,2956,2241,4086,25031,17600,5355,986,15503,6,1,2,0
2021-04-03T23:59:59+02:00,0,1,630,814,1101,2107,1320,3308,1776,4656,2406,3844,2144,1879,5648,6753,2599,4893,222,183,327,509,352,942,432,1475,624,1109,393,336,2404,2956,2241,4086,25025,17599,5351,986,15500,6,1,2,0
2021-04-02T23:59:59+02:00,0,1,630,813,1101,2107,1316,3307,1773,4651,2405,3841,2136,1870,5636,6737,2595,4881,222,183,327,507,352,941,431,1474,623,1098,391,336,2404,2955,2241,4086,24956,17579,5346,986,15495,6,1,2,0
2021-04-01T23:59:59+02:00,0,1,626,802,1079,2088,1218,3212,1682,4582,2146,3633,1408,1283,5427,6525,2585,4851,218,182,327,506,351,940,430,1472,623,1097,388,334,2404,2955,2241,4082,24845,17567,2843,977,15457,6,1,2,0
2021-03-31T23:59:59+02:00,0,1,624,801,1075,2084,1213,3204,1671,4577,2128,3620,1380,1251,5400,6470,2544,4751,217,182,326,505,350,940,430,1471,622,1095,385,331,2400,2954,2239,4080,24519,17552,2829,969,15443,6,1,2,0
2021-03-30T23:59:59+02:00,0,1,622,794,1070,2080,1207,3199,1661,4563,2121,3605,1333,1205,5313,6339,2497,4596,217,181,326,504,347,936,425,1468,615,1084,370,320,2296,2801,2116,3853,23982,16927,2807,926,15415,6,1,1,0
2021-03-29T23:59:59+02:00,0,1,620,792,1067,2071,1197,3193,1654,4550,2108,3592,1296,1174,5249,6244,2443,4463,216,180,324,502,345,934,423,1463,610,1079,363,315,2071,2534,1888,3472,23535,15790,2780,923,15397,6,1,1,0
2021-03-28T23:59:59+02:00,0,1,620,789,1065,2065,1194,3186,1649,4539,2102,3587,1280,1165,5238,6222,2431,4430,214,180,323,499,336,930,420,1456,607,1067,356,303,2066,2520,1887,3469,23425,15762,2762,868,15374,3,1,1,0
2021-03-27T23:59:59+01:00,0,1,567,728,985,1997,1113,3067,1531,4414,2000,3505,1211,1095,4635,5488,2431,4430,212,179,323,499,336,930,416,1454,606,1064,355,303,2065,2519,1887,3469,23408,15746,2757,868,13031,3,1,1,0
2021-03-26T23:59:59+01:00,0,1,564,723,978,1986,1111,3061,1521,4407,1983,3497,1167,1064,4605,5454,2430,4426,211,176,323,497,333,929,414,1453,601,1057,347,298,1659,1981,1461,2741,23212,13616,2747,862,13017,3,1,1,0
2021-03-25T23:59:59+01:00,0,1,561,717,965,1978,1108,3052,1514,4395,1968,3487,1157,1054,4597,5449,2430,4424,210,173,321,496,331,924,411,1447,597,1048,343,294,1562,1859,1424,2665,23166,13263,2739,839,12950,3,1,1,0
2021-03-24T23:59:59+01:00,0,1,559,711,957,1967,1095,3036,1485,4376,1954,3479,1122,1024,4570,5414,2425,4419,209,173,320,495,327,920,407,1439,587,1030,330,284,1234,1476,1268,2396,23025,12113,2713,779,12854,3,1,1,0
2021-03-23T23:59:59+01:00,0,1,557,706,952,1954,1091,3026,1478,4362,1944,3471,1109,1013,4551,5400,2425,4415,208,173,318,492,318,917,406,1439,581,1026,322,277,996,1210,1152,2215,22950,11290,2704,757,12799,3,1,1,0
2021-03-22T23:59:59+01:00,0,1,556,697,947,1940,1085,3017,1469,4346,1930,3461,1106,1009,4546,5399,2425,4415,207,173,317,490,317,915,403,1436,578,1022,318,273,995,1206,1152,2212,22925,11274,2688,737,12734,3,1,1,0
2021-03-21T23:59:59+01:00,0,1,553,694,944,1932,1082,3013,1461,4333,1918,3454,1103,1008,4546,5397,2425,4415,206,173,317,489,315,911,403,1431,572,1020,308,268,991,1201,1151,2212,22921,11271,2675,694,12681,3,1,1,0
2021-03-20T23:59:59+01:00,0,1,548,687,939,1915,1065,2996,1433,4315,1884,3425,1031,938,3960,4757,2373,4315,206,173,317,489,315,911,403,1431,572,1020,308,268,991,1201,1150,2211,21247,11269,2674,694,12659,3,1,1,0
2021-03-19T23:59:59+01:00,0,1,539,678,921,1887,1038,2976,1397,4289,1858,3394,944,873,3280,3919,2322,4217,203,173,315,489,314,908,401,1429,568,1013,305,267,978,1188,1119,2171,19253,11246,2663,592,12615,3,1,1,0
2021-03-18T23:59:59+01:00,0,1,526,665,904,1861,1015,2950,1357,4248,1814,3341,846,809,2764,3387,2299,4183,198,171,312,485,311,898,397,1423,566,1008,302,260,872,1090,1006,1978,19173,10859,1260,415,12535,3,1,1,0
2021-03-17T23:59:59+01:00,0,1,524,655,895,1841,1002,2929,1334,4226,1796,3325,816,784,2677,3296,2293,4178,196,170,310,483,308,897,390,1419,563,1004,299,255,629,815,700,1527,18865,9931,1221,34,12485,0,1,0,0
2021-03-16T23:59:59+01:00,0,1,522,646,886,1820,981,2913,1317,4214,1772,3309,787,773,2629,3215,2291,4173,196,170,308,483,306,894,387,1417,560,999,293,251,381,574,509,1216,18657,8917,1181,28,12411,0,0,0,0
2021-03-15T23:59:59+01:00,0,1,522,636,881,1800,970,2891,1312,4207,1764,3300,781,769,2626,3214,2291,4173,195,170,307,482,305,894,387,1416,557,999,293,251,381,573,508,1216,18642,8910,1158,25,12338,0,0,0,0
2021-03-14T23:59:59+01:00,0,1,521,630,874,1788,963,2884,1302,4194,1754,3287,776,765,2621,3211,2291,4173,195,170,306,482,304,892,385,1414,557,999,292,251,381,573,508,1216,18637,8907,1128,19,12270,0,0,0,0
2021-03-13T23:59:59+01:00,0,1,500,579,781,1526,832,2501,1108,3630,1472,2859,697,677,2518,3085,2290,4172,195,170,306,482,304,892,385,1414,557,999,292,251,381,573,508,1216,18633,8907,1128,19,9467,0,0,0,0
2021-03-12T23:59:59+01:00,0,1,485,496,717,1257,741,2104,936,2943,1225,2265,556,525,2474,3041,2290,4172,195,168,306,482,304,890,384,1414,557,996,292,250,368,552,459,1150,18604,8748,1127,19,6497,0,0,0,0
2021-03-11T23:59:59+01:00,0,1,461,460,683,1186,694,1998,876,2798,1143,2153,499,465,2460,3029,2289,4170,195,168,305,480,303,889,384,1411,556,996,292,249,355,535,410,1105,18407,8617,1079,16,5879,0,0,0,0
2021-03-10T23:59:59+01:00,0,1,447,450,649,1152,654,1965,834,2762,1110,2124,480,449,2446,3009,2288,4166,191,166,301,473,303,888,379,1405,550,989,288,243,230,436,177,837,18130,7846,1059,10,5797,0,0,0,0
2021-03-09T23:59:59+01:00,0,1,431,433,618,1123,631,1945,811,2734,1088,2100,458,428,2352,2866,2162,3935,191,166,299,471,302,887,378,1402,550,986,286,242,230,436,176,836,17362,7838,1043,0,5711,0,0,0,0
2021-03-08T23:59:59+01:00,0,1,418,412,596,1093,613,1923,795,2709,1066,2074,436,400,2121,2590,1932,3552,191,165,299,469,301,882,378,1396,550,984,285,240,230,435,176,836,16109,7817,1014,0,5608,0,0,0,0
2021-03-07T23:59:59+01:00,0,1,417,411,589,1075,599,1915,792,2696,1061,2064,435,399,2116,2582,1931,3549,191,165,298,468,301,881,378,1393,550,983,285,240,230,435,176,836,16081,7810,1004,0,5547,0,0,0,0
2021-03-06T23:59:59+01:00,0,1,417,408,586,1062,596,1913,785,2689,1057,2057,434,399,2116,2582,1931,3549,191,165,298,468,301,881,378,1393,550,982,284,240,230,435,176,836,16073,7808,1004,0,5505,0,0,0,0
2021-03-05T23:59:59+01:00,0,1,411,393,580,1050,591,1904,780,2679,1050,2049,420,391,1698,2022,1500,2799,188,160,294,468,298,879,376,1390,548,978,284,240,230,435,176,836,13857,7780,1004,0,5457,0,0,0,0
2021-03-04T23:59:59+01:00,0,1,401,368,552,1011,572,1847,750,2625,1029,1999,416,387,1605,1903,1460,2722,177,152,283,457,297,871,374,1376,546,974,283,240,230,435,176,836,13499,7707,998,0,5151,0,0,0,0
2021-03-03T23:59:59+01:00,0,1,398,362,545,980,554,1815,726,2577,1011,1959,408,381,1279,1523,1301,2448,176,151,282,456,296,870,370,1369,543,967,281,238,229,434,174,831,12335,7667,989,0,4944,0,0,0,0
2021-03-02T23:59:59+01:00,0,1,394,357,537,946,540,1795,717,2553,1000,1940,397,371,1032,1255,1181,2264,176,149,281,446,292,864,370,1360,543,961,281,238,229,434,174,831,11503,7629,952,0,4825,0,0,0,0
2021-03-01T23:59:59+01:00,0,1,392,350,528,923,521,1764,708,2529,990,1923,393,364,1031,1248,1181,2260,176,147,281,437,289,854,367,1345,540,955,279,236,228,433,174,831,11483,7572,917,0,4706,0,0,0,0
2021-02-28T23:59:59+01:00,0,1,387,347,525,915,513,1753,704,2517,985,1908,388,359,1031,1246,1181,2260,174,146,281,436,289,853,367,1345,539,955,279,236,228,433,174,831,11477,7566,889,0,4654,0,0,0,0
2021-02-27T23:59:59+01:00,0,1,386,345,520,908,511,1747,701,2508,982,1906,387,358,1031,1246,1180,2260,174,146,281,436,289,853,367,1345,538,955,279,236,228,433,174,831,11476,7565,889,0,4612,0,0,0,0
2021-02-26T23:59:59+01:00,0,1,339,299,452,736,435,1439,574,2091,811,1565,359,328,1031,1243,1180,2260,174,144,281,432,287,845,365,1337,536,952,279,236,228,433,174,831,11465,7534,878,0,2800,0,0,0,0
2021-02-25T23:59:59+01:00,0,1,319,290,441,715,423,1403,559,2043,792,1533,351,320,946,1150,1106,2134,123,131,261,427,278,833,353,1321,531,945,279,234,228,433,174,831,11054,7382,847,0,2625,0,0,0,0
2021-02-24T23:59:59+01:00,0,1,314,284,436,699,416,1368,543,1995,770,1489,344,307,737,916,920,1825,123,125,259,421,275,823,351,1308,524,939,277,232,226,432,174,829,10107,7318,806,0,2451,0,0,0,0
2021-02-23T23:59:59+01:00,0,1,312,272,428,686,405,1344,535,1960,751,1470,330,297,485,668,728,1519,123,124,258,419,273,817,351,1302,523,931,276,231,225,432,172,828,9098,7285,761,0,2332,0,0,0,0
2021-02-22T23:59:59+01:00,0,1,312,271,427,679,404,1339,531,1949,746,1466,330,295,484,666,728,1518,123,119,253,409,272,800,347,1277,518,923,272,230,225,432,172,828,9093,7200,750,0,2303,0,0,0,0
2021-02-21T23:59:59+01:00,0,1,309,270,425,673,401,1330,528,1941,740,1462,319,290,480,661,726,1518,123,119,252,408,271,797,344,1274,510,920,271,229,224,431,171,817,9088,7161,708,0,2278,0,0,0,0
2021-02-20T23:59:59+01:00,0,1,309,267,425,671,401,1322,527,1932,738,1458,319,290,480,661,726,1518,123,119,252,408,271,797,344,1274,509,920,271,229,224,431,171,817,9088,7160,708,0,2249,0,0,0,0
2021-02-19T23:59:59+01:00,0,0,263,241,393,595,367,1153,469,1719,629,1248,310,274,454,625,644,1409,123,119,252,408,270,797,344,1274,509,920,271,229,224,431,171,817,8866,7159,601,0,1326,0,0,0,0
2021-02-18T23:59:59+01:00,0,0,262,236,385,586,356,1131,456,1701,619,1241,310,272,400,577,531,1278,120,116,248,402,263,790,341,1265,506,919,269,227,224,431,171,817,8678,7109,421,0,1242,0,0,0,0
2021-02-17T23:59:59+01:00,0,0,256,232,373,572,349,1122,433,1685,611,1229,305,265,240,441,186,861,112,103,245,396,258,774,335,1249,500,908,265,224,223,431,171,817,7941,7011,32,0,1187,0,0,0,0
2021-02-16T23:59:59+01:00,0,0,254,230,362,570,340,1113,425,1671,606,1222,302,262,239,440,186,861,83,90,225,370,247,744,317,1209,468,873,243,209,215,411,170,810,7933,6684,28,0,1122,0,0,0,0
2021-02-15T23:59:59+01:00,0,0,252,230,360,565,338,1107,423,1659,603,1216,302,262,239,439,185,861,82,88,221,359,240,732,307,1182,452,850,230,202,202,387,163,753,7926,6450,25,0,1090,0,0,0,0
2021-02-14T23:59:59+01:00,0,0,251,228,354,562,334,1098,419,1653,600,1213,302,262,239,439,185,861,78,86,214,354,237,724,302,1169,448,835,229,200,202,376,163,743,7916,6360,20,0,1064,0,0,0,0
2021-02-13T23:59:59+01:00,0,0,251,228,354,562,334,1098,417,1653,600,1212,301,262,239,439,185,861,78,86,214,354,237,724,302,1169,448,835,229,200,202,376,163,743,7914,6360,20,0,1062,0,0,0,0
2021-02-12T23:59:59+01:00,0,0,195,168,306,485,307,901,384,1416,563,998,293,247,238,439,185,861,75,85,211,353,235,721,296,1165,445,830,225,197,202,374,163,743,7901,6320,20,0,65,0,0,0,0
2021-02-11T23:59:59+01:00,0,0,193,167,300,474,303,887,378,1397,553,990,293,247,238,439,185,861,74,82,200,327,225,677,276,1114,427,780,224,194,202,369,163,740,7861,6074,17,0,27,0,0,0,0
2021-02-10T23:59:59+01:00,0,0,191,160,296,470,300,882,372,1386,549,982,291,245,236,438,185,859,69,76,183,299,214,617,259,1030,402,727,215,179,188,339,148,689,7818,5634,11,0,13,0,0,0,0
2021-02-09T23:59:59+01:00,0,0,186,154,292,462,299,873,372,1376,547,973,288,244,236,438,184,858,60,60,145,236,185,512,221,838,346,592,194,153,166,303,138,612,7774,4761,2,0,6,0,0,0,0
2021-02-08T23:59:59+01:00,0,0,179,148,288,450,294,863,368,1356,541,966,284,240,235,437,182,854,33,47,100,146,136,285,162,458,252,386,163,125,137,245,113,508,7677,3296,2,0,6,0,0,0,0
2021-02-07T23:59:59+01:00,0,0,177,146,285,449,293,861,367,1355,540,965,283,239,235,437,182,854,19,40,82,124,131,264,153,425,236,360,153,120,127,234,106,470,7667,3044,1,0,0,0,0,0,0
2021-02-06T23:59:59+01:00,0,0,177,146,285,449,293,861,367,1355,540,965,283,239,235,437,182,854,19,37,80,121,121,249,142,408,205,339,138,116,126,229,105,459,7667,2894,1,0,0,0,0,0,0
2021-02-05T23:59:59+01:00,0,0,177,144,285,445,292,850,365,1347,536,962,283,238,235,437,182,853,18,33,76,116,114,235,136,381,188,321,133,111,122,224,97,442,7630,2747,1,0,0,0,0,0,0
2021-02-04T23:59:59+01:00,0,0,169,139,284,441,285,841,361,1336,527,953,282,236,234,436,182,851,11,20,50,78,85,178,114,290,155,263,115,97,110,206,87,398,7557,2257,0,0,0,0,0,0,0
2021-02-03T23:59:59+01:00,0,0,151,132,274,435,282,834,359,1325,527,951,282,236,233,436,182,850,11,18,42,67,76,143,90,258,134,222,96,83,95,177,79,350,7489,1941,0,0,0,0,0,0,0
2021-02-02T23:59:59+01:00,0,0,131,127,262,433,279,826,354,1319,526,944,281,236,232,436,181,849,11,15,34,61,64,121,75,213,103,172,64,58,70,114,54,225,7416,1454,0,0,0,0,0,0,0
2021-02-01T23:59:59+01:00,0,0,126,122,257,418,277,809,352,1294,520,932,276,234,232,436,181,849,4,9,19,33,33,66,46,118,59,71,29,29,30,48,29,109,7315,732,0,0,0,0,0,0,0
2021-01-31T23:59:59+01:00,0,0,125,119,255,415,275,805,350,1288,515,930,276,231,231,435,181,849,4,6,14,23,28,47,32,72,39,43,15,9,14,28,23,63,7280,460,0,0,0,0,0,0,0
2021-01-30T23:59:59+01:00,0,0,125,119,255,415,275,804,350,1287,514,930,276,231,231,435,181,849,4,6,13,20,25,40,27,64,36,41,15,9,14,28,23,63,7277,428,0,0,0,0,0,0,0
2021-01-29T23:59:59+01:00,0,0,125,119,255,415,274,804,350,1287,514,930,276,231,231,435,181,849,4,6,7,18,23,31,22,56,32,38,15,9,14,27,22,62,7276,386,0,0,0,0,0,0,0
2021-01-28T23:59:59+01:00,0,0,123,116,251,408,270,797,347,1280,510,929,276,231,231,435,181,849,1,3,2,8,15,13,12,27,12,23,11,5,7,14,7,25,7234,185,0,0,0,0,0,0,0
2021-01-27T23:59:59+01:00,0,0,115,106,249,403,267,788,342,1273,504,922,271,228,230,434,181,849,0,0,1,4,11,11,8,20,10,17,10,5,7,14,7,25,7162,150,0,0,0,0,0,0,0
2021-01-26T23:59:59+01:00,0,0,88,94,231,386,259,763,329,1235,478,891,251,216,220,416,181,841,0,0,1,4,11,11,8,20,10,17,10,5,7,14,7,25,6879,150,0,0,0,0,0,0,0
2021-01-25T23:59:59+01:00,0,0,85,89,229,366,246,744,315,1202,460,866,234,209,209,394,176,785,0,0,1,4,11,9,7,13,7,13,10,5,7,14,7,25,6609,133,0,0,0,0,0,0,0
2021-01-24T23:59:59+01:00,0,0,85,87,225,362,245,739,312,1189,458,851,233,207,209,383,176,774,0,0,1,4,11,9,7,13,7,13,10,5,7,14,7,25,6535,133,0,0,0,0,0,0,0
2021-01-23T23:59:59+01:00,0,0,85,87,225,362,245,739,312,1189,458,851,233,207,209,383,176,774,0,0,1,4,11,9,7,13,7,13,10,5,7,14,7,25,6535,133,0,0,0,0,0,0,0
2021-01-22T23:59:59+01:00,0,0,85,86,223,360,245,736,309,1185,454,848,231,206,209,382,176,774,0,0,1,4,11,9,7,13,7,13,10,5,7,14,7,25,6509,133,0,0,0,0,0,0,0
2021-01-21T23:59:59+01:00,0,0,85,83,209,331,235,692,284,1136,439,814,230,202,208,376,175,771,0,0,1,2,9,8,6,12,6,11,10,5,7,14,7,25,6270,123,0,0,0,0,0,0,0
2021-01-20T23:59:59+01:00,0,0,79,77,194,308,223,626,270,1043,410,753,221,190,193,345,161,719,0,0,1,2,9,8,6,12,6,11,10,5,7,14,7,25,5812,123,0,0,0,0,0,0,0
2021-01-19T23:59:59+01:00,0,0,71,67,155,259,203,563,244,920,369,644,200,164,167,303,147,629,0,0,1,2,3,7,6,11,4,9,7,4,7,14,7,25,5105,107,0,0,0,0,0,0,0
2021-01-18T23:59:59+01:00,0,0,59,59,132,216,182,460,217,762,329,551,181,143,142,252,125,540,0,0,0,1,2,4,3,6,2,7,6,4,7,14,7,23,4350,86,0,0,0,0,0,0,0
2021-01-17T23:59:59+01:00,0,0,40,47,108,186,167,401,200,676,304,496,172,136,129,235,108,480,0,0,0,0,2,4,2,6,2,5,4,4,7,14,6,23,3885,79,0,0,0,0,0,0,0
2021-01-16T23:59:59+01:00,0,0,33,44,108,183,157,385,185,656,273,474,156,131,128,229,107,468,0,0,0,0,0,0,0,0,0,0,0,0,0,0,0,0,3717,0,0,0,0,0,0,0,0
2021-01-15T23:59:59+01:00,0,0,31,40,104,178,146,371,179,626,254,452,151,122,124,223,98,450,0,0,0,0,0,0,0,0,0,0,0,0,0,0,0,0,3549,0,0,0,0,0,0,0,0
2021-01-14T23:59:59+01:00,0,0,13,23,51,78,84,174,115,289,149,263,123,103,110,204,86,405,0,0,0,0,0,0,0,0,0,0,0,0,0,0,0,0,2270,0,0,0,0,0,0,0,0
2021-01-13T23:59:59+01:00,0,0,12,20,41,67,76,139,93,259,124,226,94,81,90,163,68,324,0,0,0,0,0,0,0,0,0,0,0,0,0,0,0,0,1877,0,0,0,0,0,0,0,0
2021-01-12T23:59:59+01:00,0,0,12,15,37,63,63,115,78,210,95,172,61,53,60,97,40,189,0,0,0,0,0,0,0,0,0,0,0,0,0,0,0,0,1360,0,0,0,0,0,0,0,0
2021-01-11T23:59:59+01:00,0,0,4,10,26,45,39,83,57,141,58,85,32,28,25,40,19,81,0,0,0,0,0,0,0,0,0,0,0,0,0,0,0,0,773,0,0,0,0,0,0,0,0
2021-01-10T23:59:59+01:00,0,0,3,6,19,32,34,58,38,94,37,53,15,8,8,19,13,34,0,0,0,0,0,0,0,0,0,0,0,0,0,0,0,0,471,0,0,0,0,0,0,0,0
2021-01-09T23:59:59+01:00,0,0,3,6,18,28,33,54,33,84,35,52,15,8,8,19,13,34,0,0,0,0,0,0,0,0,0,0,0,0,0,0,0,0,443,0,0,0,0,0,0,0,0
2021-01-08T23:59:59+01:00,0,0,3,6,15,26,29,43,27,75,31,48,14,8,7,17,12,33,0,0,0,0,0,0,0,0,0,0,0,0,0,0,0,0,394,0,0,0,0,0,0,0,0
2021-01-07T23:59:59+01:00,0,0,1,4,2,9,15,13,14,28,13,24,11,6,7,15,9,26,0,0,0,0,0,0,0,0,0,0,0,0,0,0,0,0,197,0,0,0,0,0,0,0,0
2021-01-06T23:59:59+01:00,0,0,1,0,2,4,13,11,9,22,11,19,11,6,7,15,9,26,0,0,0,0,0,0,0,0,0,0,0,0,0,0,0,0,166,0,0,0,0,0,0,0,0
2021-01-05T23:59:59+01:00,0,0,0,0,1,4,12,11,8,20,10,19,10,6,7,15,9,26,0,0,0,0,0,0,0,0,0,0,0,0,0,0,0,0,158,0,0,0,0,0,0,0,0
2021-01-04T23:59:59+01:00,0,0,0,0,1,4,12,10,7,16,8,17,10,6,7,15,9,26,0,0,0,0,0,0,0,0,0,0,0,0,0,0,0,0,148,0,0,0,0,0,0,0,0
2021-01-03T23:59:59+01:00,0,0,0,0,1,4,11,9,7,13,6,14,10,6,7,15,9,26,0,0,0,0,0,0,0,0,0,0,0,0,0,0,0,0,138,0,0,0,0,0,0,0,0
2021-01-02T23:59:59+01:00,0,0,0,0,1,4,11,9,7,13,6,14,10,6,7,15,9,26,0,0,0,0,0,0,0,0,0,0,0,0,0,0,0,0,138,0,0,0,0,0,0,0,0
2021-01-01T23:59:59+01:00,0,0,0,0,1,4,11,9,7,13,6,14,10,6,7,15,9,26,0,0,0,0,0,0,0,0,0,0,0,0,0,0,0,0,138,0,0,0,0,0,0,0,0
2020-12-31T23:59:59+01:00,0,0,0,0,1,4,11,9,7,13,6,14,10,6,7,15,9,26,0,0,0,0,0,0,0,0,0,0,0,0,0,0,0,0,138,0,0,0,0,0,0,0,0
2020-12-30T23:59:59+01:00,0,0,0,0,1,4,11,9,7,13,6,14,10,6,7,15,9,26,0,0,0,0,0,0,0,0,0,0,0,0,0,0,0,0,138,0,0,0,0,0,0,0,0
2020-12-29T23:59:59+01:00,0,0,0,0,1,4,8,9,7,13,4,12,10,6,7,15,9,26,0,0,0,0,0,0,0,0,0,0,0,0,0,0,0,0,131,0,0,0,0,0,0,0,0
2020-12-28T23:59:59+01:00,0,0,0,0,1,1,5,7,7,7,2,9,10,6,7,15,9,26,0,0,0,0,0,0,0,0,0,0,0,0,0,0,0,0,112,0,0,0,0,0,0,0,0
2020-12-27T23:59:59+01:00,0,0,0,0,0,0,2,4,2,6,1,6,4,5,7,15,8,25,0,0,0,0,0,0,0,0,0,0,0,0,0,0,0,0,85,0,0,0,0,0,0,0,0
