Datum,<15_1_m,<15_1_w,15-24_1_m,15-24_1_w,25-34_1_m,25-34_1_w,35-44_1_m,35-44_1_w,45-54_1_m,45-54_1_w,55-64_1_m,55-64_1_w,65-74_1_m,65-74_1_w,75-84_1_m,75-84_1_w,>84_1_m,>84_1_w,<15_2_m,<15_2_w,15-24_2_m,15-24_2_w,25-34_2_m,25-34_2_w,35-44_2_m,35-44_2_w,45-54_2_m,45-54_2_w,55-64_2_m,55-64_2_w,65-74_2_m,65-74_2_w,75-84_2_m,75-84_2_w,>84_2_m,>84_2_w,bp_1,bp_2,mo_1,mo_2,az_1,az_2,ja,unb_1,unb_2
2021-11-03T23:59:59+01:00,2073,2021,10489,9788,11452,10746,13986,14385,17950,18270,21093,20993,16531,17234,9210,11207,2976,5728,1822,1730,9734,9219,10817,10088,13322,13713,17269,17576,20494,20398,16224,16901,9038,10980,2889,5567,155527,148631,20473,19769,27879,27114,12256,12,11
2021-11-02T23:59:59+01:00,2060,2011,10476,9775,11437,10729,13972,14373,17937,18260,21082,20983,16531,17231,9210,11202,2976,5726,1811,1717,9712,9200,10803,10070,13310,13698,17260,17566,20488,20391,16217,16894,9035,10977,2886,5563,155372,148456,20473,19767,27879,27114,12250,12,11
2021-11-01T23:59:59+01:00,2051,1999,10464,9754,11413,10715,13953,14366,17924,18251,21075,20978,16527,17230,9209,11201,2976,5725,1796,1698,9692,9179,10784,10054,13294,13680,17251,17560,20479,20382,16212,16888,9032,10975,2886,5560,155223,148274,20468,19759,27879,27114,12244,12,11
2021-10-31T23:59:59+01:00,2051,1999,10463,9753,11412,10714,13952,14365,17924,18251,21074,20978,16527,17229,9209,11200,2976,5725,1793,1696,9691,9179,10784,10053,13294,13680,17250,17559,20478,20382,16210,16886,9031,10974,2886,5560,155214,148258,20468,19759,27879,27114,12244,12,11
2021-10-30T23:59:59+02:00,2044,1990,10418,9732,11360,10681,13909,14327,17865,18217,21041,20956,16523,17224,9209,11198,2975,5724,1793,1696,9689,9176,10780,10050,13292,13679,17248,17555,20472,20378,16210,16885,9031,10974,2886,5560,154805,148226,20468,19759,27879,27114,12244,12,11
2021-10-29T23:59:59+02:00,2030,1971,10380,9711,11318,10644,13875,14286,17828,18184,21018,20936,16516,17218,9207,11197,2974,5723,1790,1696,9681,9172,10776,10044,13282,13671,17237,17550,20464,20371,16207,16884,9031,10972,2886,5559,154433,148152,20468,19757,27879,27114,12239,12,11
2021-10-28T23:59:59+02:00,2022,1963,10364,9700,11300,10634,13857,14279,17817,18171,21007,20933,16514,17217,9204,11194,2974,5721,1784,1695,9660,9159,10764,10032,13271,13663,17229,17545,20460,20366,16205,16882,9031,10969,2886,5559,154307,148056,20465,19755,27878,27114,12224,12,11
2021-10-27T23:59:59+02:00,2011,1953,10351,9692,11285,10626,13840,14268,17807,18164,21001,20929,16514,17210,9203,11190,2971,5717,1761,1666,9627,9120,10748,9997,13252,13633,17210,17529,20446,20356,16193,16879,9031,10968,2883,5557,154181,147762,20456,19749,27878,27114,12220,12,11
2021-10-26T23:59:59+02:00,2000,1937,10332,9675,11267,10615,13822,14253,17799,18151,20994,20923,16513,17209,9198,11184,2971,5715,1725,1630,9562,9055,10720,9959,13228,13599,17186,17500,20433,20344,16186,16868,9027,10962,2882,5555,154018,147339,20455,19748,27878,27113,12210,12,11
2021-10-25T23:59:59+02:00,1998,1934,10316,9668,11258,10609,13820,14248,17794,18148,20992,20920,16511,17208,9197,11183,2971,5715,1722,1624,9557,9052,10716,9957,13223,13598,17181,17497,20430,20344,16184,16867,9027,10959,2882,5553,153957,147296,20454,19748,27877,27113,12205,12,11
2021-10-24T23:59:59+02:00,1992,1930,10305,9662,11245,10604,13815,14244,17791,18146,20987,20916,16510,17208,9197,11180,2970,5714,1712,1618,9542,9039,10708,9948,13218,13591,17179,17494,20424,20344,16183,16865,9027,10958,2880,5553,153891,147212,20452,19748,27877,27113,12199,12,11
2021-10-23T23:59:59+02:00,1989,1927,10267,9634,11209,10579,13785,14215,17762,18124,20966,20901,16504,17199,9194,11175,2970,5712,1712,1617,9541,9038,10708,9945,13216,13589,17178,17494,20424,20344,16183,16864,9027,10957,2880,5553,153588,147200,20452,19748,27877,27113,12198,12,11
2021-10-22T23:59:59+02:00,1977,1914,10236,9613,11195,10548,13747,14198,17742,18105,20942,20884,16498,17199,9193,11173,2970,5712,1704,1608,9523,9028,10701,9934,13207,13577,17175,17486,20419,20341,16180,16859,9026,10956,2879,5550,153333,147093,20450,19748,27877,27112,12189,12,11
2021-10-21T23:59:59+02:00,1972,1911,10230,9607,11180,10539,13734,14195,17735,18100,20939,20883,16497,17198,9191,11173,2970,5711,1698,1599,9512,9021,10696,9923,13203,13564,17167,17479,20415,20334,16178,16858,9025,10954,2879,5550,153259,147003,20446,19743,27877,27112,12186,12,11
2021-10-20T23:59:59+02:00,1963,1902,10210,9597,11169,10520,13723,14187,17730,18091,20931,20879,16494,17194,9189,11170,2970,5711,1680,1580,9487,8986,10682,9903,13185,13544,17147,17462,20401,20321,16176,16852,9023,10951,2877,5550,153130,146762,20445,19741,27877,27112,12181,12,11
2021-10-19T23:59:59+02:00,1959,1896,10201,9590,11161,10510,13717,14182,17724,18087,20924,20875,16493,17192,9189,11170,2969,5710,1658,1560,9446,8942,10651,9872,13162,13518,17120,17439,20390,20310,16167,16839,9018,10948,2877,5549,153055,146426,20443,19740,27877,27112,12177,12,11
2021-10-18T23:59:59+02:00,1953,1879,10173,9572,11146,10494,13709,14169,17710,18079,20914,20867,16487,17187,9185,11164,2967,5704,1632,1540,9416,8903,10626,9846,13139,13489,17098,17424,20373,20296,16158,16831,9010,10938,2876,5545,152867,146103,20442,19738,27877,27112,12176,12,11
2021-10-17T23:59:59+02:00,1953,1878,10168,9571,11144,10490,13706,14167,17708,18075,20911,20866,16484,17187,9185,11164,2965,5702,1632,1537,9414,8899,10619,9844,13137,13488,17093,17419,20371,20295,16157,16830,9010,10937,2876,5545,152835,146070,20441,19736,27877,27112,12174,12,11
2021-10-16T23:59:59+02:00,1949,1874,10158,9565,11139,10490,13700,14156,17705,18073,20906,20864,16482,17183,9183,11163,2965,5701,1632,1537,9414,8898,10618,9844,13136,13487,17093,17417,20370,20295,16157,16830,9010,10937,2876,5545,152768,146064,20441,19736,27877,27112,12173,12,11
2021-10-15T23:59:59+02:00,1946,1870,10151,9552,11132,10484,13692,14144,17696,18061,20901,20852,16481,17182,9182,11162,2965,5700,1628,1530,9398,8884,10608,9837,13127,13480,17089,17412,20364,20290,16155,16830,9010,10937,2875,5545,152668,145971,20441,19735,27877,27112,12170,12,11
2021-10-14T23:59:59+02:00,1941,1863,10139,9541,11124,10470,13676,14138,17690,18051,20890,20843,16478,17179,9182,11159,2964,5698,1621,1527,9388,8871,10599,9826,13118,13472,17084,17407,20354,20282,16149,16824,9007,10936,2875,5545,152580,145877,20413,19726,27877,27112,12159,12,11
2021-10-13T23:59:59+02:00,1937,1852,10124,9522,11110,10463,13662,14128,17675,18040,20883,20835,16475,17171,9178,11153,2961,5696,1612,1520,9377,8852,10585,9813,13105,13459,17072,17396,20349,20272,16147,16818,9002,10927,2874,5542,152459,145798,20375,19645,27877,27111,12157,12,11
2021-10-12T23:59:59+02:00,1927,1843,10109,9509,11100,10446,13656,14123,17673,18034,20877,20832,16472,17168,9176,11152,2961,5696,1600,1510,9349,8829,10576,9798,13092,13443,17059,17386,20339,20264,16138,16809,8997,10919,2873,5534,152418,145674,20306,19563,27877,27111,12156,12,11
2021-10-11T23:59:59+02:00,1918,1834,10090,9494,11082,10437,13642,14114,17662,18018,20869,20822,16466,17166,9173,11148,2960,5694,1572,1483,9317,8789,10555,9767,13069,13414,17044,17371,20327,20255,16129,16805,8994,10915,2872,5530,152318,145525,20248,19412,27877,27111,12149,12,11
2021-10-10T23:59:59+02:00,1917,1829,10080,9487,11078,10430,13632,14107,17654,18010,20859,20817,16466,17166,9170,11145,2960,5694,1570,1482,9310,8785,10547,9763,13063,13409,17039,17368,20322,20255,16128,16805,8992,10912,2872,5528,152293,145481,20189,19402,27877,27111,12145,12,11
2021-10-09T23:59:59+02:00,1917,1829,10080,9487,11077,10430,13632,14107,17653,18010,20859,20817,16466,17166,9170,11145,2960,5694,1569,1482,9307,8781,10547,9761,13062,13408,17037,17368,20321,20254,16128,16805,8992,10912,2872,5528,152292,145468,20188,19399,27877,27111,12145,12,11
2021-10-08T23:59:59+02:00,1908,1820,10065,9480,11068,10424,13622,14096,17643,18003,20850,20812,16459,17160,9169,11142,2959,5693,1563,1475,9301,8772,10541,9755,13056,13401,17035,17365,20320,20253,16126,16804,8992,10911,2872,5528,152168,145412,20188,19393,27877,27111,12143,12,11
2021-10-07T23:59:59+02:00,1896,1806,10035,9447,11040,10397,13593,14078,17635,17990,20832,20799,16453,17155,9166,11138,2958,5691,1557,1467,9289,8753,10532,9739,13050,13390,17030,17356,20312,20248,16122,16800,8988,10908,2872,5527,151926,145301,20183,19391,27877,27111,12126,12,11
2021-10-06T23:59:59+02:00,1878,1782,10010,9427,11024,10382,13578,14058,17628,17978,20820,20790,16449,17150,9163,11137,2958,5690,1516,1411,9247,8690,10509,9702,13016,13352,17004,17329,20292,20229,16111,16791,8983,10904,2872,5523,151727,144851,20180,19390,27877,27111,12118,12,11
2021-10-05T23:59:59+02:00,1868,1770,9997,9405,11014,10365,13564,14042,17619,17969,20810,20785,16445,17144,9162,11137,2957,5690,1498,1388,9227,8665,10494,9681,13006,13340,16996,17313,20280,20220,16105,16787,8980,10898,2868,5519,151589,144656,20180,19390,27877,27111,12097,12,11
2021-10-04T23:59:59+02:00,1856,1760,9971,9391,11003,10349,13549,14029,17608,17955,20796,20772,16444,17140,9160,11135,2956,5690,1482,1374,9205,8644,10473,9658,13001,13329,16987,17294,20269,20200,16102,16782,8978,10896,2867,5519,151437,144474,20175,19390,27877,27110,12075,12,11
2021-10-03T23:59:59+02:00,1850,1755,9964,9385,10992,10339,13544,14022,17601,17950,20788,20768,16441,17135,9158,11134,2956,5690,1479,1369,9197,8635,10460,9651,12997,13324,16983,17287,20260,20195,16099,16780,8978,10895,2867,5519,151376,144420,20175,19390,27877,27110,12044,12,11
2021-10-02T23:59:59+02:00,1850,1755,9963,9382,10990,10338,13541,14022,17601,17950,20786,20766,16440,17134,9158,11134,2956,5690,1479,1369,9196,8633,10457,9647,12995,13322,16983,17287,20259,20193,16098,16778,8978,10895,2867,5519,151370,144412,20175,19388,27877,27110,12034,12,11
2021-10-01T23:59:59+02:00,1847,1751,9949,9367,10981,10323,13532,14014,17592,17943,20780,20762,16436,17130,9156,11133,2954,5688,1469,1355,9179,8615,10443,9636,12993,13311,16972,17280,20250,20186,16097,16778,8977,10890,2866,5517,151271,144288,20174,19388,27876,27110,12017,12,11
2021-09-30T23:59:59+02:00,1844,1748,9933,9359,10969,10313,13522,13997,17584,17931,20772,20756,16436,17129,9154,11131,2953,5687,1460,1351,9156,8607,10431,9626,12986,13299,16962,17276,20244,20182,16095,16778,8974,10890,2866,5517,151198,144222,20172,19385,27876,27110,11972,12,11
2021-09-29T23:59:59+02:00,1831,1714,9904,9323,10945,10287,13507,13977,17569,17919,20753,20745,16428,17121,9152,11128,2952,5684,1456,1337,9146,8592,10418,9611,12983,13285,16957,17263,20234,20174,16089,16769,8970,10887,2865,5516,150937,144093,20172,19384,27876,27110,11954,12,11
2021-09-28T23:59:59+02:00,1804,1689,9851,9269,10924,10251,13476,13950,17541,17889,20736,20725,16419,17108,9148,11118,2951,5681,1435,1321,9127,8564,10404,9589,12966,13272,16947,17251,20221,20162,16080,16760,8964,10880,2865,5515,150555,143891,20172,19383,27875,27110,11928,12,11
2021-09-27T23:59:59+02:00,1787,1676,9825,9251,10898,10229,13456,13923,17523,17869,20727,20718,16413,17103,9144,11115,2951,5679,1421,1309,9108,8542,10382,9569,12945,13246,16932,17234,20210,20153,16076,16757,8962,10877,2865,5514,150386,143742,20163,19378,27875,27108,11863,12,11
2021-09-26T23:59:59+02:00,1780,1670,9814,9242,10882,10217,13446,13916,17516,17863,20717,20717,16411,17099,9144,11114,2950,5679,1419,1308,9102,8534,10374,9565,12936,13240,16928,17229,20203,20151,16074,16755,8962,10877,2865,5514,150306,143707,20162,19377,27875,27107,11834,12,11
2021-09-25T23:59:59+02:00,1780,1669,9811,9241,10881,10217,13444,13915,17516,17863,20717,20717,16411,17098,9144,11114,2950,5679,1419,1308,9102,8531,10372,9565,12935,13238,16928,17229,20203,20151,16074,16754,8962,10877,2865,5514,150301,143703,20162,19377,27875,27107,11829,12,11
2021-09-24T23:59:59+02:00,1772,1653,9794,9229,10878,10207,13440,13904,17513,17859,20714,20713,16408,17097,9144,11114,2949,5679,1409,1302,9085,8518,10366,9554,12931,13234,16922,17223,20202,20147,16072,16752,8961,10877,2865,5514,150213,143620,20160,19377,27875,27107,11819,12,11
2021-09-23T23:59:59+02:00,1769,1651,9732,9187,10776,10142,13342,13830,17428,17793,20661,20666,16384,17079,9137,11103,2949,5676,1408,1299,9028,8481,10265,9494,12842,13173,16841,17161,20151,20103,16049,16731,8953,10865,2865,5511,150135,143592,20158,19374,27875,27107,11136,12,11
2021-09-22T23:59:59+02:00,1747,1634,9703,9154,10761,10113,13316,13799,17400,17770,20646,20644,16380,17071,9135,11096,2946,5675,1402,1282,9003,8466,10244,9477,12827,13158,16822,17151,20140,20098,16043,16729,8950,10859,2863,5508,149849,143422,20154,19371,27875,27107,11111,12,11
2021-09-21T23:59:59+02:00,1716,1604,9646,9088,10725,10078,13288,13757,17370,17747,20631,20633,16368,17057,9131,11094,2944,5670,1386,1251,8969,8434,10228,9459,12805,13131,16796,17122,20129,20087,16033,16722,8945,10856,2863,5506,149426,143141,20152,19369,27874,27107,11094,12,11
2021-09-20T23:59:59+02:00,1684,1580,9591,9036,10678,10027,13252,13716,17349,17728,20607,20615,16358,17050,9122,11082,2943,5666,1369,1224,8934,8407,10209,9436,12778,13108,16775,17104,20112,20068,16025,16713,8938,10849,2861,5505,149025,142896,20150,19368,27874,27106,11034,12,11
2021-09-19T23:59:59+02:00,1683,1579,9587,9028,10670,10022,13244,13714,17341,17722,20600,20611,16356,17047,9121,11080,2940,5663,1365,1223,8928,8401,10204,9434,12774,13106,16772,17102,20109,20064,16024,16713,8938,10849,2861,5504,148971,142874,20147,19366,27874,27105,11015,12,11
2021-09-18T23:59:59+02:00,1683,1579,9587,9027,10668,10018,13241,13710,17338,17722,20599,20611,16356,17047,9121,11080,2940,5663,1363,1223,8926,8398,10202,9432,12773,13103,16768,17101,20108,20064,16024,16713,8938,10849,2861,5504,148965,142865,20147,19366,27874,27105,11003,12,11
2021-09-17T23:59:59+02:00,1677,1569,9570,9004,10655,10002,13225,13696,17327,17711,20594,20600,16354,17045,9120,11078,2939,5662,1361,1221,8919,8392,10195,9426,12764,13097,16764,17096,20105,20055,16023,16711,8937,10848,2861,5504,148850,142840,20145,19366,27874,27104,10958,12,11
2021-09-16T23:59:59+02:00,1673,1568,9553,8988,10639,9985,13214,13684,17315,17702,20582,20589,16353,17041,9117,11075,2939,5660,1358,1221,8913,8386,10187,9419,12756,13091,16756,17091,20095,20050,16023,16710,8937,10845,2861,5502,148746,142811,20142,19363,27873,27101,10915,12,11
2021-09-15T23:59:59+02:00,1660,1553,9526,8961,10615,9965,13185,13656,17296,17678,20565,20571,16347,17034,9108,11067,2939,5656,1335,1187,8866,8347,10157,9378,12722,13051,16731,17071,20066,20030,16016,16698,8932,10842,2861,5500,148579,142475,20074,19351,27873,27098,10855,12,11
2021-09-14T23:59:59+02:00,1648,1543,9493,8931,10598,9945,13166,13633,17273,17660,20550,20557,16330,17021,9098,11056,2935,5644,1313,1175,8833,8315,10140,9361,12712,13028,16715,17052,20049,20010,16012,16691,8929,10835,2860,5496,148377,142234,19997,19350,27873,27098,10833,12,11
2021-09-13T23:59:59+02:00,1615,1507,9450,8876,10572,9911,13143,13590,17252,17641,20528,20544,16324,17015,9095,11050,2933,5638,1290,1160,8798,8287,10124,9338,12691,12996,16702,17035,20033,19994,16006,16677,8923,10833,2859,5492,148158,141979,19843,19342,27873,27097,10809,12,11
2021-09-12T23:59:59+02:00,1613,1504,9438,8869,10560,9905,13136,13580,17247,17637,20525,20539,16323,17012,9093,11049,2933,5635,1273,1144,8774,8266,10103,9327,12674,12982,16691,17028,20025,19985,16003,16673,8922,10827,2859,5491,148109,141821,19837,19341,27873,27096,10778,12,11
2021-09-11T23:59:59+02:00,1613,1504,9436,8864,10555,9901,13133,13578,17246,17634,20522,20537,16323,17010,9092,11049,2933,5635,1273,1144,8765,8263,10101,9326,12669,12981,16690,17025,20023,19984,16003,16672,8921,10827,2859,5491,148098,141815,19833,19336,27873,27096,10760,12,10
2021-09-10T23:59:59+02:00,1612,1503,9432,8860,10546,9894,13121,13573,17241,17627,20520,20533,16322,17009,9092,11049,2933,5635,1272,1143,8761,8260,10094,9318,12658,12975,16684,17020,20020,19980,16003,16671,8921,10826,2859,5491,148069,141793,19832,19330,27873,27096,10727,12,10
2021-09-09T23:59:59+02:00,1609,1498,9416,8854,10535,9881,13107,13556,17225,17618,20505,20521,16319,17008,9090,11045,2932,5632,1269,1139,8751,8254,10087,9308,12653,12961,16666,17013,20008,19970,16001,16669,8919,10819,2858,5489,147986,141739,19830,19330,27873,27095,10660,12,10
2021-09-08T23:59:59+02:00,1571,1450,9373,8795,10504,9843,13080,13519,17192,17592,20486,20501,16303,16994,9086,11039,2932,5630,1267,1132,8727,8238,10068,9292,12633,12945,16650,17004,19992,19963,15994,16663,8918,10815,2858,5489,147577,141609,19829,19325,27873,27095,10609,12,10
2021-09-07T23:59:59+02:00,1553,1425,9353,8773,10485,9824,13070,13509,17183,17580,20480,20496,16299,16991,9085,11034,2931,5628,1267,1130,8719,8231,10060,9290,12625,12943,16646,16995,19988,19960,15994,16661,8918,10812,2858,5489,147402,141567,19827,19323,27873,27091,10595,12,10
2021-09-06T23:59:59+02:00,1540,1413,9329,8749,10464,9803,13060,13495,17172,17566,20471,20480,16297,16988,9083,11034,2930,5628,1264,1130,8713,8221,10052,9283,12620,12934,16640,16990,19983,19953,15992,16661,8915,10809,2858,5488,147226,141509,19826,19320,27871,27090,10577,12,10
2021-09-05T23:59:59+02:00,1537,1410,9321,8739,10456,9798,13055,13489,17169,17559,20465,20477,16293,16985,9083,11033,2930,5628,1261,1122,8705,8215,10045,9273,12614,12928,16634,16984,19975,19951,15990,16659,8915,10808,2858,5488,147175,141455,19826,19320,27871,27087,10553,12,10
2021-09-04T23:59:59+02:00,1536,1410,9320,8737,10455,9798,13054,13488,17169,17559,20463,20475,16293,16985,9083,11033,2930,5628,1260,1122,8705,8215,10044,9271,12613,12928,16633,16983,19974,19951,15990,16659,8915,10808,2858,5488,147169,141449,19823,19320,27871,27087,10551,12,10
2021-09-03T23:59:59+02:00,1526,1396,9299,8719,10442,9787,13049,13478,17154,17547,20451,20465,16289,16979,9082,11028,2930,5625,1260,1121,8689,8203,10032,9263,12606,12921,16617,16973,19971,19943,15986,16652,8914,10804,2858,5485,147067,141397,19819,19318,27871,27087,10486,12,10
2021-09-02T23:59:59+02:00,1515,1387,9246,8688,10382,9736,12974,13420,17104,17510,20392,20422,16257,16952,9072,11017,2929,5620,1252,1116,8645,8178,9974,9219,12537,12871,16573,16940,19911,19902,15954,16629,8907,10796,2858,5480,146939,141340,19818,19314,27870,27085,9993,12,10
2021-09-01T23:59:59+02:00,1511,1370,9227,8674,10360,9724,12961,13407,17092,17496,20382,20418,16254,16946,9065,11013,2929,5619,1241,1108,8628,8158,9958,9202,12526,12860,16560,16929,19895,19891,15950,16624,8904,10790,2858,5479,146831,141207,19796,19312,27870,27084,9948,12,10
2021-08-31T23:59:59+02:00,1495,1352,9213,8649,10349,9712,12950,13399,17087,17485,20375,20410,16249,16942,9063,11008,2929,5619,1228,1094,8612,8140,9952,9190,12511,12849,16549,16924,19892,19884,15946,16622,8903,10787,2858,5479,146678,141080,19795,19309,27870,27081,9940,12,10
2021-08-30T23:59:59+02:00,1474,1335,9195,8627,10335,9696,12939,13384,17074,17465,20363,20401,16245,16939,9061,11006,2929,5618,1220,1083,8586,8126,9938,9178,12500,12830,16536,16907,19884,19877,15940,16616,8901,10782,2856,5477,146514,140944,19795,19305,27867,27072,9906,12,10
2021-08-29T23:59:59+02:00,1473,1334,9193,8621,10328,9687,12937,13379,17065,17460,20359,20396,16242,16934,9061,11006,2929,5617,1219,1080,8583,8120,9929,9166,12495,12824,16528,16902,19880,19874,15937,16609,8900,10782,2856,5476,146497,140922,19795,19304,27867,27066,9858,12,10
2021-08-28T23:59:59+02:00,1472,1334,9190,8617,10328,9686,12936,13378,17065,17459,20358,20395,16242,16934,9061,11006,2929,5617,1218,1078,8579,8120,9928,9166,12494,12823,16528,16901,19879,19873,15937,16609,8900,10782,2856,5476,146489,140917,19795,19302,27867,27066,9852,12,10
2021-08-27T23:59:59+02:00,1462,1323,9177,8610,10323,9679,12933,13376,17062,17453,20353,20390,16241,16932,9060,11006,2929,5617,1213,1072,8569,8113,9925,9161,12489,12821,16526,16894,19878,19872,15936,16608,8899,10781,2856,5476,146415,140872,19794,19300,27867,27061,9846,12,10
2021-08-26T23:59:59+02:00,1459,1322,9170,8606,10316,9673,12925,13375,17059,17451,20351,20385,16238,16929,9057,11001,2928,5617,1210,1070,8560,8102,9917,9155,12481,12818,16521,16892,19876,19867,15933,16604,8896,10778,2855,5476,146394,140841,19792,19300,27867,27055,9805,12,10
2021-08-25T23:59:59+02:00,1445,1297,9063,8550,10230,9601,12836,13302,16940,17368,20256,20329,16191,16892,9042,10980,2923,5606,1198,1062,8467,8048,9834,9093,12390,12753,16417,16819,19789,19813,15889,16566,8882,10758,2850,5463,146155,140695,19791,19299,27867,27053,9034,12,10
2021-08-24T23:59:59+02:00,1426,1272,9032,8520,10216,9581,12807,13273,16909,17332,20242,20313,16176,16882,9037,10974,2923,5603,1193,1053,8444,8035,9817,9081,12374,12742,16406,16804,19782,19803,15883,16562,8882,10756,2850,5462,145866,140577,19789,19297,27867,27053,8992,12,10
2021-08-23T23:59:59+02:00,1408,1247,8990,8483,10202,9562,12776,13253,16891,17314,20229,20289,16164,16870,9026,10968,2922,5598,1192,1047,8419,8019,9791,9062,12360,12736,16394,16795,19771,19787,15877,16554,8877,10751,2849,5459,145609,140479,19789,19295,27867,27033,8923,12,10
2021-08-22T23:59:59+02:00,1408,1247,8980,8478,10195,9555,12775,13249,16887,17308,20226,20286,16161,16866,9022,10968,2922,5597,1191,1046,8403,8013,9784,9051,12356,12731,16391,16788,19769,19783,15874,16549,8873,10749,2849,5458,145595,140450,19789,19293,27867,27030,8875,12,10
2021-08-21T23:59:59+02:00,1408,1246,8975,8478,10194,9553,12772,13248,16886,17308,20225,20285,16161,16866,9022,10968,2922,5597,1189,1044,8281,7932,9683,8957,12268,12621,16299,16718,19713,19740,15854,16534,8870,10738,2848,5456,145589,140445,19786,18393,27867,27029,8868,12,10
2021-08-20T23:59:59+02:00,1407,1244,8967,8476,10187,9545,12765,13238,16883,17306,20218,20280,16158,16866,9022,10966,2921,5596,1040,904,7924,7607,9531,8798,12124,12481,16176,16609,19606,19644,15815,16485,8858,10714,2846,5455,145555,138353,19786,18393,27867,27028,8833,12,10
2021-08-19T23:59:59+02:00,1402,1242,8956,8470,10180,9536,12756,13232,16878,17304,20213,20278,16157,16864,9022,10965,2921,5595,920,790,7663,7338,9402,8692,11980,12362,16082,16504,19509,19557,15773,16438,8847,10695,2845,5447,145513,136625,19783,18385,27866,27019,8805,12,10
2021-08-18T23:59:59+02:00,1378,1210,8910,8434,10153,9505,12728,13197,16848,17281,20187,20249,16144,16850,9016,10959,2917,5590,919,789,7650,7328,9390,8684,11966,12345,16068,16495,19501,19548,15767,16431,8843,10691,2842,5444,145207,136578,19770,18384,27863,27018,8711,12,10
2021-08-17T23:59:59+02:00,1353,1197,8874,8402,10138,9484,12712,13172,16833,17260,20164,20227,16136,16840,9013,10952,2915,5585,914,787,7637,7313,9373,8676,11955,12336,16061,16485,19490,19542,15760,16425,8842,10689,2841,5442,144962,136508,19767,18379,27862,27012,8661,12,8
2021-08-16T23:59:59+02:00,1330,1179,8836,8376,10119,9465,12688,13147,16823,17243,20144,20212,16131,16828,9009,10951,2914,5585,913,787,7628,7301,9357,8673,11945,12330,16058,16480,19481,19535,15757,16422,8842,10689,2841,5442,144728,136467,19765,18375,27862,27011,8620,12,8
2021-08-15T23:59:59+02:00,1312,1162,8817,8357,10106,9451,12672,13134,16810,17234,20130,20199,16125,16822,9009,10946,2914,5585,911,786,7616,7291,9340,8657,11931,12319,16051,16472,19475,19530,15748,16418,8841,10686,2841,5442,144581,136409,19764,18370,27859,26992,8576,12,8
2021-08-14T23:59:59+02:00,1311,1162,8817,8357,10105,9451,12671,13132,16810,17233,20129,20197,16125,16822,9009,10946,2914,5585,792,669,7299,6999,9195,8490,11758,12154,15933,16342,19381,19442,15722,16394,8832,10673,2841,5438,144575,134422,19764,18368,27859,26983,8573,12,8
2021-08-13T23:59:59+02:00,1306,1160,8805,8348,10095,9443,12658,13121,16794,17224,20121,20189,16122,16817,9007,10945,2913,5585,631,524,6913,6639,9027,8330,11550,11937,15713,16162,19240,19319,15688,16355,8820,10659,2839,5434,144545,131944,19764,18368,27859,26980,8480,12,8
2021-08-12T23:59:59+02:00,1306,1160,8804,8345,10088,9437,12655,13121,16788,17215,20117,20184,16121,16813,9005,10943,2913,5585,627,522,6906,6632,9013,8322,11538,11935,15702,16155,19236,19313,15686,16350,8818,10658,2839,5434,144529,131908,19763,18365,27859,26962,8443,12,8
2021-08-11T23:59:59+02:00,1303,1156,8800,8338,10079,9430,12648,13117,16782,17211,20111,20182,16119,16810,9004,10943,2913,5584,623,521,6899,6621,8996,8311,11527,11931,15698,16148,19228,19307,15682,16347,8817,10658,2839,5432,144480,131844,19759,18359,27859,26948,8426,12,8
2021-08-10T23:59:59+02:00,1302,1156,8798,8336,10075,9424,12645,13112,16780,17209,20110,20177,16117,16808,9004,10942,2913,5584,606,513,6854,6575,8962,8295,11508,11911,15672,16136,19221,19297,15680,16345,8817,10656,2839,5432,144451,131598,19759,18355,27859,26941,8417,12,8
2021-08-09T23:59:59+02:00,1302,1154,8792,8333,10071,9415,12643,13109,16773,17207,20104,20177,16115,16808,9003,10942,2913,5584,600,508,6835,6552,8941,8275,11495,11900,15656,16124,19215,19292,15677,16344,8815,10655,2839,5432,144423,131463,19759,18351,27857,26932,8401,11,8
2021-08-08T23:59:59+02:00,1302,1153,8789,8327,10069,9411,12634,13106,16768,17203,20102,20174,16113,16804,9002,10941,2912,5583,599,506,6832,6541,8927,8268,11478,11892,15649,16115,19213,19287,15674,16340,8814,10654,2838,5431,144411,131416,19758,18344,27857,26928,8362,11,8
2021-08-07T23:59:59+02:00,1302,1145,8781,8320,10060,9404,12631,13100,16761,17199,20095,20169,16109,16799,9000,10940,2911,5583,422,359,6180,5971,8656,8045,11207,11661,15450,15940,19127,19211,15654,16316,8807,10647,2835,5430,144365,128327,19757,18331,27857,26927,8325,11,8
2021-08-06T23:59:59+02:00,1296,1144,8772,8308,10046,9392,12611,13081,16743,17187,20078,20157,16102,16791,9000,10937,2911,5582,419,358,6167,5957,8640,8030,11183,11639,15428,15923,19110,19199,15647,16309,8807,10644,2835,5429,144327,128272,19754,18324,27857,26925,8195,11,8
2021-08-05T23:59:59+02:00,1293,1142,8764,8301,10037,9383,12597,13073,16737,17184,20070,20153,16101,16791,9000,10936,2911,5582,417,353,5883,5721,8290,7733,10819,11363,15104,15685,18861,19031,15627,16284,8797,10637,2834,5428,144278,128175,19750,15623,27853,26892,8169,11,8
2021-08-04T23:59:59+02:00,1292,1139,8758,8297,10032,9381,12591,13069,16732,17182,20068,20150,16100,16791,8999,10935,2911,5581,415,351,5869,5713,8261,7723,10798,11351,15087,15679,18856,19026,15625,16281,8796,10637,2834,5428,144246,128075,19749,15615,27852,26876,8156,11,8
2021-08-03T23:59:59+02:00,1285,1136,8754,8287,10027,9377,12586,13066,16727,17180,20063,20149,16098,16791,8998,10933,2911,5580,394,335,5757,5600,8166,7653,10681,11274,15038,15626,18827,19011,15621,16279,8795,10635,2832,5427,144203,127348,19747,15607,27852,26847,8141,11,8
2021-08-02T23:59:59+02:00,1279,1130,8741,8279,10020,9370,12581,13060,16722,17170,20056,20145,16096,16788,8996,10930,2910,5579,357,303,5587,5440,8037,7547,10556,11158,14966,15543,18795,18986,15613,16270,8789,10635,2832,5427,144122,126282,19741,15602,27851,26816,8133,11,8
2021-08-01T23:59:59+02:00,1277,1129,8734,8272,10013,9363,12575,13058,16717,17168,20051,20143,16096,16788,8995,10928,2910,5579,341,283,5527,5383,7987,7498,10494,11106,14930,15518,18782,18968,15610,16267,8787,10632,2832,5425,144078,125843,19739,15598,27850,26797,8124,11,8
2021-07-31T23:59:59+02:00,1277,1129,8733,8269,10013,9362,12572,13058,16716,17168,20050,20141,16096,16788,8995,10928,2910,5579,336,279,5501,5362,7971,7485,10475,11092,14917,15512,18777,18965,15609,16266,8787,10632,2832,5425,144076,125710,19738,15594,27850,26796,8115,11,8
2021-07-30T23:59:59+02:00,1145,1008,8505,8041,9920,9243,12492,12974,16636,17096,19990,20074,16064,16749,8989,10911,2909,5576,280,216,5208,5089,7833,7344,10287,10899,14781,15347,18709,18908,15585,16238,8774,10619,2828,5421,142622,123884,19736,15586,27850,26779,8109,11,8
2021-07-29T23:59:59+02:00,1138,1000,8375,7952,9765,9146,12340,12873,16487,17001,19827,19964,15978,16680,8964,10892,2908,5569,233,183,4914,4857,7558,7153,10008,10698,14534,15172,18515,18788,15499,16163,8747,10598,2827,5411,142501,122782,19733,15545,27850,26753,6770,11,8
2021-07-28T23:59:59+02:00,1127,986,8346,7916,9751,9130,12318,12859,16469,16978,19809,19954,15971,16667,8957,10888,2908,5567,136,108,4492,4429,7241,6902,9689,10398,14298,14990,18458,18747,15484,16152,8742,10587,2827,5401,142260,120135,19731,15491,27848,26690,6757,11,8
2021-07-27T23:59:59+02:00,1117,978,8322,7902,9738,9123,12306,12850,16462,16972,19802,19941,15969,16661,8955,10885,2907,5565,110,92,4257,4182,7010,6703,9442,10119,14140,14829,18407,18681,15435,16106,8725,10571,2824,5394,142122,118115,19729,15488,27848,26665,6751,11,8
2021-07-26T23:59:59+02:00,1113,975,8309,7890,9731,9118,12300,12844,16455,16964,19795,19940,15966,16656,8953,10881,2906,5560,107,86,4150,4075,6907,6591,9315,9997,14056,14746,18360,18647,15424,16095,8715,10563,2821,5392,142043,117210,19726,15477,27837,26607,6745,11,8
2021-07-25T23:59:59+02:00,1112,974,8300,7887,9718,9114,12290,12841,16450,16957,19792,19939,15964,16656,8953,10881,2906,5560,105,84,4100,4025,6829,6542,9243,9941,14019,14714,18335,18633,15406,16082,8708,10557,2821,5390,142017,116769,19722,15460,27836,26584,6713,11,8
2021-07-24T23:59:59+02:00,1110,971,8214,7825,9645,9034,12223,12764,16382,16904,19751,19901,15943,16642,8950,10871,2906,5559,98,82,4056,3981,6768,6491,9165,9884,13953,14649,18303,18607,15395,16071,8700,10553,2821,5390,141997,116507,19065,15179,27836,26582,6691,11,8
2021-07-23T23:59:59+02:00,1084,946,8102,7735,9607,8999,12189,12735,16337,16870,19723,19882,15938,16635,8946,10867,2906,5559,84,68,3764,3699,6512,6286,8881,9598,13717,14471,18222,18546,15353,16028,8682,10534,2819,5384,141504,114260,19065,15155,27836,26576,6649,11,8
2021-07-22T23:59:59+02:00,991,859,7887,7505,9504,8910,12071,12639,16246,16786,19648,19797,15892,16595,8937,10852,2905,5553,66,51,3639,3572,6360,6192,8727,9469,13552,14328,18147,18478,15332,16002,8674,10524,2819,5383,140044,113109,19063,15082,27829,26481,6635,11,8
2021-07-21T23:59:59+02:00,971,845,7855,7465,9486,8899,12049,12616,16222,16770,19624,19776,15881,16588,8937,10847,2905,5553,53,38,3333,3308,6015,5933,8333,9086,13286,14093,18005,18353,15240,15921,8642,10494,2816,5371,139786,110304,19061,15011,27824,26385,6612,11,8
2021-07-20T23:59:59+02:00,971,844,7847,7460,9479,8896,12044,12614,16214,16769,19619,19771,15879,16585,8937,10846,2905,5553,49,31,3260,3256,5955,5877,8275,9028,13201,14049,17973,18338,15240,15921,8642,10492,2816,5371,139748,109917,19060,14996,27821,26253,6600,9,8
2021-07-19T23:59:59+02:00,970,844,7840,7458,9475,8888,12039,12612,16209,16763,19616,19771,15877,16582,8937,10844,2905,5552,47,30,3208,3221,5905,5837,8213,8983,13143,14022,17927,18325,15240,15918,8642,10490,2816,5370,139710,109636,19059,14979,27821,26126,6588,9,8
2021-07-18T23:59:59+02:00,969,843,7829,7450,9471,8884,12030,12607,16204,16757,19614,19769,15876,16580,8937,10844,2905,5552,46,30,3188,3203,5866,5804,8178,8953,13104,14007,17911,18320,15240,15917,8642,10490,2816,5369,139666,109446,19058,14945,27819,26111,6574,9,8
2021-07-17T23:59:59+02:00,854,724,7507,7160,9319,8714,11856,12445,16075,16618,19517,19674,15855,16559,8929,10831,2905,5549,31,23,3087,3096,5754,5712,8046,8792,12963,13879,17816,18242,15230,15899,8639,10483,2816,5369,137656,108264,19057,14940,27819,26107,6558,6,8
2021-07-16T23:59:59+02:00,697,573,7118,6833,9140,8557,11664,12234,15873,16443,19375,19549,15825,16523,8919,10817,2904,5547,24,20,3025,3035,5678,5649,7932,8684,12843,13742,17737,18167,15208,15883,8635,10481,2815,5369,135193,107362,19057,14935,27818,26100,6522,6,8
2021-07-15T23:59:59+02:00,695,573,7104,6824,9136,8554,11651,12230,15862,16436,19371,19543,15823,16520,8914,10815,2903,5538,23,20,2984,2999,5612,5606,7842,8634,12766,13701,17707,18140,15185,15866,8627,10474,2814,5360,135148,107125,19054,14781,27813,25971,6475,6,8
2021-07-14T23:59:59+02:00,692,572,7095,6815,9131,8552,11647,12225,15856,16433,19366,19538,15821,16517,8911,10812,2903,5534,23,20,2962,2986,5571,5574,7806,8613,12733,13685,17689,18129,15178,15863,8624,10470,2814,5356,135114,106972,19053,14747,27813,25931,6438,6,8
2021-07-13T23:59:59+02:00,687,570,7070,6798,9119,8535,11638,12210,15845,16414,19356,19532,15812,16513,8907,10802,2898,5526,21,19,2906,2935,5507,5508,7646,8475,12479,13467,17533,18000,15159,15852,8612,10457,2809,5345,134989,105754,19053,14694,27810,25896,6378,6,8
2021-07-12T23:59:59+02:00,681,562,7057,6783,9108,8524,11628,12200,15840,16401,19344,19528,15810,16509,8905,10802,2898,5523,20,17,2849,2881,5425,5433,7498,8360,12230,13254,17352,17853,15149,15847,8608,10450,2808,5345,134874,104513,19051,14641,27806,25847,6370,6,8
2021-07-11T23:59:59+02:00,680,561,7048,6781,9098,8516,11620,12192,15830,16398,19339,19523,15810,16506,8904,10800,2898,5523,20,16,2818,2846,5348,5360,7399,8273,12063,13097,17226,17720,15140,15836,8607,10447,2808,5345,134829,103623,19047,14592,27806,25803,6343,6,8
2021-07-10T23:59:59+02:00,506,403,6487,6231,8872,8330,11378,12000,15673,16265,19284,19474,15802,16496,8900,10795,2897,5522,18,12,2789,2812,5297,5314,7316,8193,11959,12997,17148,17652,15125,15820,8604,10436,2805,5343,132138,102926,19047,14590,27806,25794,6322,6,8
2021-07-09T23:59:59+02:00,495,396,6429,6203,8845,8293,11338,11972,15645,16252,19271,19458,15801,16493,8900,10792,2897,5522,16,12,2732,2745,5216,5245,7137,8016,11547,12698,16850,17443,15105,15792,8597,10431,2803,5341,132046,101899,18837,13728,27805,25779,6312,6,8
2021-07-08T23:59:59+02:00,489,394,6113,5945,8474,8005,10959,11666,15306,16005,19013,19285,15779,16469,8891,10785,2894,5521,15,11,2671,2694,5133,5168,6997,7925,11347,12556,16698,17319,15098,15784,8597,10429,2803,5340,131957,101034,15953,13558,27800,25704,6281,6,8
2021-07-07T23:59:59+02:00,487,390,6098,5933,8450,7990,10945,11649,15295,15995,19012,19280,15777,16465,8890,10783,2894,5519,15,11,2623,2642,5042,5107,6859,7831,11112,12374,16534,17185,15090,15777,8592,10423,2803,5340,131849,100011,15944,13431,27798,25655,6255,6,8
2021-07-06T23:59:59+02:00,460,370,5997,5841,8377,7924,10872,11580,15262,15955,18989,19264,15769,16455,8887,10781,2891,5517,12,10,2555,2572,4910,4993,6677,7698,10723,11962,16161,16809,15064,15744,8584,10416,2802,5336,131232,97851,15936,13350,27793,25595,6224,6,8
2021-07-05T23:59:59+02:00,419,336,5819,5671,8260,7832,10758,11465,15203,15885,18957,19233,15763,16447,8883,10776,2888,5516,8,8,2503,2495,4812,4895,6544,7561,10371,11644,15887,16503,15034,15714,8576,10401,2802,5331,130186,96055,15932,13286,27790,25543,6197,6,8
2021-07-04T23:59:59+02:00,399,306,5745,5592,8203,7775,10691,11407,15173,15854,18943,19214,15756,16443,8882,10774,2888,5514,7,8,2484,2466,4750,4848,6483,7511,10234,11534,15786,16431,15029,15707,8574,10400,2801,5331,129680,95491,15925,13217,27785,25505,6163,6,8
2021-07-03T23:59:59+02:00,393,304,5725,5580,8192,7766,10678,11403,15166,15848,18940,19211,15756,16443,8882,10774,2888,5514,6,8,2449,2436,4654,4819,6375,7485,10176,11488,15681,16345,14351,15000,8555,10375,2801,5331,129605,95375,15922,13215,27785,23592,6145,6,8
2021-07-02T23:59:59+02:00,347,265,5537,5432,8118,7695,10580,11306,15102,15791,18921,19204,15752,16439,8877,10772,2886,5511,6,8,2402,2388,4497,4741,6192,7411,10022,11331,15490,16142,13559,14081,8547,10360,2801,5330,128694,94812,15919,13171,27784,21185,6132,6,8
2021-07-01T23:59:59+02:00,285,210,5321,5250,7990,7583,10439,11180,14974,15697,18877,19179,15745,16431,8872,10766,2886,5510,5,7,2285,2268,4320,4568,5954,7157,9241,10646,14862,15671,13534,14052,8542,10355,2797,5328,127406,91314,15906,13075,27783,21101,6094,6,8
2021-06-30T23:59:59+02:00,155,120,4839,4779,7650,7305,10084,10842,14747,15520,18820,19135,15734,16420,8868,10758,2886,5507,5,7,2249,2222,4235,4496,5840,7060,9069,10521,14772,15594,13520,14044,8539,10352,2797,5326,124420,90711,15900,12902,27783,20967,6060,6,8
2021-06-29T23:59:59+02:00,118,98,4556,4499,7400,7085,9794,10542,14550,15330,18756,19075,15682,16370,8848,10743,2885,5502,4,6,2182,2141,4092,4360,5633,6879,8842,10292,14477,15369,13473,13996,8526,10328,2795,5313,122351,89256,15896,12750,27781,20895,5799,6,8
2021-06-28T23:59:59+02:00,102,78,4420,4358,7295,6974,9672,10417,14457,15222,18711,19032,15666,16354,8834,10732,2882,5500,2,5,2095,2014,3910,4154,5352,6537,8457,9780,13944,14832,13354,13907,8507,10304,2792,5299,121338,86043,15885,12669,27778,20828,5699,6,6
2021-06-27T23:59:59+02:00,97,76,4367,4312,7237,6919,9612,10362,14424,15188,18691,19015,15649,16342,8827,10725,2881,5495,2,4,2042,1980,3846,4109,5239,6423,8289,9651,13768,14719,13328,13888,8498,10295,2789,5297,120974,85252,15881,12634,27776,20693,5582,6,6
2021-06-26T23:59:59+02:00,84,74,4322,4282,7206,6891,9594,10341,14404,15172,18678,19002,15645,16336,8827,10725,2881,5495,2,4,1966,1888,3658,3951,5025,6166,7926,9194,13417,14423,13248,13829,8478,10267,2784,5288,120730,82616,15875,12634,27776,20686,5572,6,6
2021-06-25T23:59:59+02:00,71,61,4011,3960,6945,6655,9301,10048,14181,14983,18594,18945,15599,16291,8808,10706,2879,5489,2,4,1901,1804,3493,3829,4831,5935,7600,8779,13105,14087,13198,13773,8465,10242,2778,5282,118337,80259,15848,12602,27776,20681,5560,6,6
2021-06-24T23:59:59+02:00,64,54,3917,3870,6844,6569,9200,9958,14081,14897,18566,18912,15584,16274,8802,10699,2879,5488,2,4,1831,1731,3377,3732,4631,5792,7381,8580,12856,13885,12365,12843,8285,9979,2778,5281,117605,79038,15839,12496,27772,18357,5436,6,6
2021-06-23T23:59:59+02:00,50,49,3512,3499,6392,6222,8669,9451,13745,14595,18430,18776,15480,16182,8759,10663,2876,5474,2,4,1693,1560,3122,3528,4212,5462,6432,7869,12112,13186,12342,12831,8275,9972,2778,5277,114677,78401,15592,9166,27771,18306,4778,6,6
2021-06-22T23:59:59+02:00,41,41,3438,3426,6312,6163,8566,9373,13694,14548,18397,18759,15469,16175,8758,10658,2876,5471,2,4,1652,1507,3018,3425,4068,5312,6178,7684,11500,12475,12252,12737,8257,9939,2774,5269,114047,76059,15586,9084,27769,18147,4757,6,6
2021-06-21T23:59:59+02:00,35,38,3367,3365,6220,6102,8505,9301,13633,14502,18364,18739,15467,16174,8757,10657,2876,5470,1,4,1617,1456,2927,3328,3941,5162,5982,7456,10741,11557,11864,12282,7182,8710,2768,5262,113522,73403,15578,8982,27767,15150,4699,6,6
2021-06-20T23:59:59+02:00,35,37,3342,3343,6172,6071,8461,9269,13605,14484,18353,18735,15466,16174,8757,10657,2876,5470,0,4,1599,1439,2890,3300,3891,5124,5930,7431,10652,11481,11844,12263,7179,8703,2767,5262,113343,73085,15561,8904,27767,15134,4630,6,6
2021-06-19T23:59:59+02:00,33,35,3315,3319,6143,6048,8430,9250,13581,14478,18346,18730,15466,16173,8757,10657,2876,5470,0,4,1595,1427,2885,3291,3883,5119,5914,7426,10641,11473,11844,12263,7179,8702,2767,5262,113149,73004,15555,8904,27767,15131,4630,6,6
2021-06-18T23:59:59+02:00,29,30,3272,3276,6069,6009,8361,9195,13535,14446,18322,18719,15465,16171,8756,10656,2876,5470,0,4,1520,1333,2748,3115,3698,4843,5518,7053,9148,9905,11678,12095,7138,8652,2755,5244,112764,67825,15527,8903,27767,15120,4593,6,6
2021-06-17T23:59:59+02:00,27,26,3209,3224,5999,5970,8286,9140,13462,14401,18298,18708,15463,16166,8754,10653,2876,5467,0,4,1394,1240,2559,2902,3436,4550,5156,6658,8476,9174,11393,11852,7097,8594,2751,5241,112385,64113,15497,8788,27762,15091,4479,6,6
2021-06-16T23:59:59+02:00,27,23,3154,3162,5886,5903,8166,9046,13333,14316,18232,18671,15457,16157,8754,10650,2876,5467,0,4,1296,1184,2418,2796,3253,4389,4870,6384,7399,7883,11302,11744,7066,8556,2738,5223,111742,60347,15423,8742,27758,15059,4351,6,6
2021-06-15T23:59:59+02:00,22,22,3059,3075,5768,5815,7981,8868,13070,14096,18083,18543,15442,16145,8746,10644,2876,5465,0,4,1259,1151,2344,2741,3149,4314,4667,6259,7086,7631,10807,11185,7032,8522,2730,5210,110320,58100,15396,8710,27748,15026,4250,6,5
2021-06-14T23:59:59+02:00,21,20,2986,3005,5688,5757,7838,8748,12779,13859,17895,18367,15426,16131,8739,10639,2875,5464,0,4,1232,1123,2279,2684,3024,4219,4466,6120,6743,7325,10280,10573,7001,8485,2726,5200,108926,55727,15387,8603,27744,14976,4174,6,4
2021-06-13T23:59:59+02:00,21,20,2968,2974,5623,5718,7775,8682,12639,13725,17789,18245,15420,16122,8738,10636,2874,5464,0,4,1221,1110,2251,2668,2987,4208,4419,6100,6710,7308,10275,10566,7001,8484,2726,5200,108188,55584,15376,8594,27740,14933,4123,6,4
2021-06-12T23:59:59+02:00,19,20,2939,2956,5593,5691,7744,8663,12619,13706,17781,18242,15419,16120,8738,10636,2874,5464,0,4,1166,1048,2163,2592,2893,4071,4277,5968,6601,7223,10193,10488,6405,7757,2726,5200,107984,55468,15373,8594,27740,12588,4121,6,4
2021-06-11T23:59:59+02:00,19,17,2862,2882,5524,5626,7563,8477,12209,13399,17499,18036,15403,16095,8732,10628,2871,5462,0,4,1142,1032,2108,2551,2828,4022,4192,5906,6490,7132,10090,10375,6391,7750,2724,5194,106969,54942,14480,8326,27739,12549,4110,6,4
2021-06-10T23:59:59+02:00,15,15,2807,2841,5424,5573,7431,8396,12023,13260,17361,17919,15398,16091,8732,10627,2870,5461,0,4,1101,1007,2033,2485,2727,3944,4023,5775,6245,6919,9839,10106,6371,7722,2718,5188,106049,53376,14407,8322,27735,12458,4047,6,4
2021-06-09T23:59:59+02:00,14,14,2729,2773,5302,5478,7209,8225,11744,13018,17175,17770,15387,16077,8728,10618,2870,5458,0,4,1044,942,1902,2367,2523,3761,3697,5493,5623,6406,9015,9202,6314,7646,2705,5153,104841,49363,14255,8304,27726,12365,3761,6,4
2021-06-08T23:59:59+02:00,11,10,2632,2669,5167,5352,7012,8040,11314,12590,16798,17381,15368,16050,8717,10611,2869,5453,0,4,1007,913,1832,2302,2417,3688,3557,5426,5471,6274,8981,9183,6312,7634,2703,5149,102635,48849,14228,8253,27724,12296,3451,6,4
2021-06-07T23:59:59+02:00,9,9,2505,2571,4976,5223,6805,7875,10836,12231,16455,17085,15343,16022,8711,10594,2868,5449,0,4,938,876,1702,2247,2276,3604,3302,5336,5116,5989,8432,8557,6259,7575,2699,5139,100703,46631,14186,8237,27715,12222,2957,6,4
2021-06-06T23:59:59+02:00,9,7,2467,2546,4914,5166,6719,7817,10697,12120,16364,17020,15340,16019,8711,10594,2866,5448,0,4,922,866,1674,2226,2230,3576,3232,5311,5067,5965,8427,8555,6254,7567,2699,5138,100110,46467,14133,8226,27709,12150,2866,6,4
2021-06-05T23:59:59+02:00,8,6,2453,2524,4885,5141,6682,7786,10668,12093,16355,17013,15340,16019,8711,10594,2866,5448,0,4,906,851,1641,2196,2190,3520,3126,5228,4714,5635,7832,7850,6226,7513,2698,5136,99882,44076,14133,8220,27709,12104,2862,6,4
2021-06-04T23:59:59+02:00,7,5,2422,2495,4840,5097,6634,7733,10579,11988,16303,16949,15336,16012,8711,10593,2865,5447,0,4,894,833,1619,2175,2148,3483,3074,5169,4549,5445,7530,7482,6190,7471,2696,5130,99351,42787,14126,8218,27709,12059,2824,6,4
2021-06-03T23:59:59+02:00,7,5,2319,2368,4689,4924,6426,7485,9877,11354,15713,16498,15325,16002,8708,10587,2864,5446,0,4,877,803,1579,2116,2101,3402,2984,5059,4402,5278,7370,7292,6178,7444,2696,5126,96012,41737,14087,8207,27704,11975,2788,6,4
2021-06-02T23:59:59+02:00,7,5,2302,2343,4644,4892,6371,7448,9777,11266,15653,16445,15317,15998,8707,10583,2864,5445,0,3,866,791,1560,2093,2047,3364,2898,4973,4040,4889,6812,6653,6134,7387,2692,5115,95488,39397,14085,8202,27704,11930,2784,6,4
2021-06-01T23:59:59+02:00,6,4,2239,2303,4523,4799,6204,7329,9588,11118,15544,16368,15314,15994,8703,10579,2863,5440,0,2,832,764,1495,2043,1931,3301,2745,4879,3836,4760,6602,6421,6111,7368,2686,5106,94610,38307,14034,8180,27692,11815,2576,6,4
2021-05-31T23:59:59+02:00,2,4,2190,2244,4423,4705,6060,7204,9403,10969,15459,16312,15306,15987,8700,10579,2863,5440,0,2,809,730,1437,1984,1859,3252,2571,4823,3705,4706,6246,6007,6088,7347,2683,5098,93886,37128,13947,8173,27682,11713,2329,6,4
2021-05-30T23:59:59+02:00,2,4,2165,2222,4367,4644,5965,7144,9328,10906,15422,16292,15305,15984,8700,10579,2863,5440,0,2,797,719,1414,1960,1810,3225,2438,4788,3599,4688,6244,6005,6087,7347,2683,5098,93432,36809,13908,8151,27672,11626,2314,6,4
2021-05-29T23:59:59+02:00,2,4,2149,2207,4347,4632,5948,7127,9315,10893,15417,16288,15304,15984,8700,10579,2863,5440,0,2,779,668,1321,1701,1676,2863,2238,4240,3320,4258,6154,5911,5975,7215,2682,5098,93302,36756,13905,8146,27672,8881,2314,6,4
2021-05-28T23:59:59+02:00,2,4,2128,2184,4309,4586,5903,7082,9237,10823,15349,16235,15300,15982,8700,10579,2863,5439,0,2,762,578,1243,1449,1578,2461,2060,3551,3056,3663,5517,5170,5893,7124,2678,5085,92824,35456,13892,8146,27670,5951,2313,6,4
2021-05-27T23:59:59+02:00,2,4,2086,2146,4224,4517,5781,7008,9081,10723,15252,16151,15299,15981,8700,10579,2863,5439,0,2,732,544,1212,1366,1537,2324,1990,3408,2943,3544,5081,4689,5860,7084,2667,5056,92140,34333,13744,8137,27647,5266,2299,6,4
2021-05-26T23:59:59+02:00,2,4,2018,2028,4028,4370,5440,6744,8109,9979,14490,15448,15287,15975,8696,10573,2861,5436,0,2,722,529,1186,1305,1490,2265,1932,3293,2791,3401,3773,3307,5801,7011,2644,4998,91362,31053,10217,8120,27630,5000,2273,6,4
2021-05-25T23:59:59+02:00,2,4,1981,1991,3948,4304,5347,6678,7974,9872,14112,15012,15239,15938,8689,10558,2859,5432,0,2,717,522,1158,1271,1472,2240,1912,3265,2765,3375,3767,3297,5794,7008,2642,4997,90017,30964,10068,8110,27614,4891,2235,6,4
2021-05-24T23:59:59+02:00,2,4,1955,1947,3861,4228,5241,6596,7848,9748,13601,14396,15188,15871,8682,10545,2858,5427,0,2,711,514,1139,1259,1440,2225,1890,3246,2739,3353,3750,3279,5772,6984,2633,4982,88228,30831,9988,8059,27602,4851,2174,6,3
2021-05-23T23:59:59+02:00,2,4,1946,1935,3842,4206,5223,6583,7795,9717,13525,14334,15177,15867,8680,10544,2857,5427,0,2,704,504,1128,1246,1415,2201,1834,3210,2630,3255,3338,2846,5128,6174,2618,4937,87994,30658,9888,5505,27602,4830,2174,6,3
2021-05-22T23:59:59+02:00,2,4,1780,1892,3542,4157,4828,6540,7540,9660,13404,14257,15171,15866,8680,10543,2857,5427,0,2,543,472,837,1205,1045,2166,1596,3157,2520,3182,3335,2844,5128,6173,2618,4937,87843,30646,9888,5504,27600,4794,813,6,3
2021-05-21T23:59:59+02:00,2,3,1695,1785,3386,3965,4636,6245,7143,9295,12114,12928,15021,15718,8644,10496,2848,5416,0,1,539,460,827,1203,1043,2158,1561,3127,2442,3106,3160,2707,5102,6130,2615,4922,83082,30011,9847,5503,27594,4775,811,6,3
2021-05-20T23:59:59+02:00,2,3,1658,1751,3291,3916,4528,6161,6966,9212,11904,12699,15000,15700,8640,10489,2847,5415,0,1,518,445,786,1157,986,2093,1439,3055,2316,3009,2970,2536,5061,6054,2607,4907,82239,29262,9745,5488,27540,4534,653,5,3
2021-05-19T23:59:59+02:00,2,3,1637,1725,3233,3860,4434,6091,6849,9147,11671,12437,14989,15689,8637,10488,2847,5414,0,1,509,434,770,1119,970,2024,1329,2909,1989,2715,2406,2042,4956,5936,2585,4860,81415,27197,9606,5473,27513,4267,614,5,3
2021-05-18T23:59:59+02:00,2,3,1577,1692,3143,3772,4321,5987,6689,8989,11379,12180,14944,15641,8625,10465,2845,5404,0,1,506,422,754,1104,952,2006,1246,2845,1709,2491,1962,1698,4883,5853,2564,4817,80314,25654,9403,5463,27445,4202,491,5,3
2021-05-17T23:59:59+02:00,2,3,1528,1611,3013,3614,4117,5708,6340,8527,10828,11630,14835,15548,8606,10440,2840,5393,0,1,504,414,748,1097,933,2001,1222,2820,1682,2454,1946,1678,4876,5846,2561,4814,77410,25589,9366,5449,27421,4175,381,5,3
2021-05-16T23:59:59+02:00,2,3,1509,1589,2960,3573,4022,5621,6191,8391,10653,11496,14809,15526,8598,10432,2839,5391,0,1,497,408,726,1082,902,1985,1193,2792,1649,2430,1939,1669,4873,5842,2558,4812,76664,25557,9307,5431,27391,4129,238,5,3
2021-05-15T23:59:59+02:00,2,3,1423,1492,2752,3407,3794,5344,5832,7918,10300,11200,14724,15464,8579,10403,2833,5382,0,1,497,406,722,1080,902,1981,1188,2791,1643,2425,1927,1657,4866,5836,2558,4810,73919,25495,9307,5431,27384,4124,237,5,3
2021-05-14T23:59:59+02:00,2,3,1389,1429,2641,3310,3642,5187,5632,7629,10079,10945,14689,15426,8566,10380,2830,5378,0,1,448,368,651,915,829,1695,1060,2380,1461,2100,1893,1616,4863,5828,2557,4806,72270,25432,9288,5429,27361,2374,233,5,3
2021-05-13T23:59:59+02:00,2,3,1331,1362,2538,3226,3473,5050,5412,7424,9852,10765,14663,15397,8556,10377,2828,5375,0,1,441,356,624,887,727,1588,960,2295,1197,1885,1175,1035,4641,5593,2549,4773,71106,25311,8975,2885,27330,2310,218,5,3
2021-05-12T23:59:59+02:00,2,3,1323,1352,2521,3220,3455,5036,5391,7411,9837,10754,14661,15393,8554,10375,2827,5375,0,1,441,355,623,886,723,1587,955,2295,1193,1879,1156,1026,4628,5555,2515,4704,70989,25110,8951,2885,27328,2307,217,5,3
2021-05-11T23:59:59+02:00,2,2,1282,1309,2448,3138,3341,4910,5195,7264,9550,10445,14613,15335,8542,10355,2823,5366,0,1,436,342,605,871,701,1570,927,2271,1168,1852,1101,990,4564,5457,2472,4580,69648,24616,8827,2867,27244,2226,196,5,3
2021-05-10T23:59:59+02:00,2,2,1260,1282,2383,3060,3213,4784,5063,7107,9226,10064,14568,15296,8533,10336,2818,5364,0,1,435,340,592,862,688,1555,915,2256,1151,1838,1065,956,4502,5380,2431,4462,68290,24200,8704,2864,27174,2174,188,5,3
2021-05-09T23:59:59+02:00,2,2,1246,1265,2341,3044,3135,4748,4998,7074,9159,10019,14555,15281,8531,10331,2818,5362,0,1,427,338,578,857,666,1535,893,2236,1139,1824,1046,940,4489,5342,2415,4419,68050,24037,8628,2862,27125,2140,103,5,3
2021-05-08T23:59:59+02:00,1,2,1244,1261,2327,3032,3117,4736,4959,7059,9135,10011,14554,15281,8531,10330,2818,5362,0,1,427,338,577,857,665,1535,893,2235,1138,1823,1046,940,4488,5342,2415,4419,67907,24035,8622,2859,27123,2139,103,5,3
2021-05-07T23:59:59+02:00,1,2,1224,1240,2287,2991,3065,4688,4860,6967,8910,9764,14537,15258,8525,10324,2815,5358,0,1,378,312,545,788,628,1373,823,2028,1048,1634,1016,911,4467,5319,2413,4414,66996,23929,8615,2855,27097,1208,103,5,3
2021-05-06T23:59:59+02:00,1,2,1079,1149,2059,2748,2765,4381,4490,6566,8322,9160,14259,15021,8485,10268,2812,5357,0,1,377,308,532,769,611,1342,804,1993,1015,1606,989,878,4457,5305,2411,4410,63376,23798,8485,2804,26961,1106,97,5,3
2021-05-05T23:59:59+02:00,1,1,1014,1097,1948,2636,2605,4208,4194,6287,7306,7974,14173,14922,8450,10227,2799,5337,0,1,374,305,524,759,596,1332,771,1979,989,1586,916,815,4416,5233,2403,4394,59849,23477,8439,2783,26837,1081,49,5,3
2021-05-04T23:59:59+02:00,1,1,992,1077,1897,2597,2503,4140,3974,6172,7025,7756,13667,14355,8419,10194,2794,5328,0,1,371,304,519,755,584,1327,754,1960,973,1579,897,791,4394,5217,2400,4385,57789,23341,8380,2767,26677,1059,41,5,3
2021-05-03T23:59:59+02:00,1,1,961,1042,1835,2544,2397,4028,3773,6054,6665,7454,13132,13729,8382,10156,2787,5313,0,1,366,303,517,749,574,1320,745,1949,959,1566,871,767,4376,5199,2394,4372,55358,23229,8354,2757,26536,1038,1,5,3
2021-05-02T23:59:59+02:00,1,1,956,1041,1816,2538,2367,4019,3728,6044,6628,7445,13131,13728,8382,10155,2787,5313,0,1,366,303,514,749,573,1318,740,1949,958,1562,869,763,4374,5194,2394,4372,55217,23209,8348,2755,26509,1031,1,5,3
2021-05-01T23:59:59+02:00,1,1,956,1039,1808,2534,2355,4011,3713,6036,6614,7435,13130,13725,8382,10155,2787,5313,0,1,366,303,514,749,573,1318,739,1948,956,1562,869,763,4374,5194,2394,4372,55136,23209,8346,2751,26507,1031,1,5,3
2021-04-30T23:59:59+02:00,0,1,940,1034,1789,2518,2334,3976,3676,6003,6534,7381,13035,13621,8381,10150,2784,5301,0,1,317,248,473,673,544,1138,708,1725,922,1358,858,745,4370,5191,2394,4372,54638,23195,8345,2746,26469,92,1,5,3
2021-04-29T23:59:59+02:00,0,1,887,1010,1733,2468,2271,3917,3528,5877,6296,7158,12774,13346,8359,10121,2780,5294,0,1,310,246,463,666,541,1130,701,1714,911,1349,850,730,4361,5183,2394,4370,53040,23105,8330,2740,26444,71,1,5,3
2021-04-28T23:59:59+02:00,0,1,826,977,1653,2404,2127,3806,3244,5624,5692,6649,11936,12426,8300,10032,2756,5257,0,1,309,243,461,659,533,1117,690,1693,900,1342,835,714,4342,5156,2392,4370,48977,22981,8323,2721,26404,51,1,5,3
2021-04-27T23:59:59+02:00,0,1,817,972,1635,2383,2083,3787,3174,5598,5564,6524,11907,12409,8298,10030,2756,5255,0,1,308,241,455,657,525,1111,681,1681,890,1336,824,702,4338,5150,2391,4364,48496,22903,8318,2705,26373,43,1,5,3
2021-04-26T23:59:59+02:00,0,1,807,960,1609,2365,2023,3746,2996,5520,5232,6238,11342,11764,8243,9965,2751,5245,0,1,306,240,454,656,520,1105,670,1675,881,1325,814,693,4333,5144,2391,4360,46163,22852,8309,2675,26330,38,1,4,2
2021-04-25T23:59:59+02:00,0,1,797,958,1592,2358,1985,3729,2870,5497,5137,6233,11337,11760,8239,9959,2750,5244,0,1,305,239,454,656,520,1098,670,1673,878,1323,814,692,4333,5144,2391,4360,45832,22846,8303,2671,26306,31,1,4,2
2021-04-24T23:59:59+02:00,0,1,783,948,1570,2338,1945,3684,2774,5428,4794,5909,10724,11035,8208,9900,2749,5242,0,1,305,239,454,656,520,1097,669,1671,877,1323,809,688,4323,5128,2389,4359,43425,22809,8302,2666,26300,30,1,4,2
2021-04-23T23:59:59+02:00,0,1,778,940,1557,2328,1915,3657,2735,5375,4632,5723,10415,10653,8168,9858,2746,5233,0,1,305,238,454,656,520,1096,668,1671,875,1323,809,687,4320,5125,2389,4359,42124,22798,8301,2665,26284,30,1,4,2
2021-04-22T23:59:59+02:00,0,1,761,926,1530,2285,1866,3588,2647,5283,4478,5569,10270,10458,8154,9827,2744,5225,0,1,305,237,452,645,518,1090,662,1663,869,1314,803,683,4317,5123,2389,4357,41122,22762,8272,2641,26213,22,1,4,2
2021-04-21T23:59:59+02:00,0,1,750,914,1505,2272,1814,3543,2542,5195,4093,5149,9672,9772,8105,9763,2740,5214,0,1,303,237,450,644,518,1089,658,1660,864,1309,790,671,4307,5109,2389,4353,38599,22712,8256,2617,26184,20,1,4,2
2021-04-20T23:59:59+02:00,0,1,743,902,1484,2245,1783,3512,2492,5138,3956,5053,9475,9553,8087,9753,2736,5211,0,1,303,236,450,643,517,1087,657,1656,861,1303,784,666,4303,5104,2389,4353,37763,22680,8244,2611,26112,20,1,4,1
2021-04-19T23:59:59+02:00,0,1,736,893,1476,2237,1766,3494,2461,5111,3891,4994,9105,9136,8062,9728,2733,5205,0,1,303,234,449,638,515,1084,654,1653,857,1299,779,660,4294,5102,2389,4351,36736,22640,8232,2600,26056,20,1,4,1
2021-04-18T23:59:59+02:00,0,1,732,890,1471,2231,1748,3487,2443,5099,3882,4992,9095,9125,8062,9727,2733,5205,0,1,302,234,449,635,514,1080,652,1650,854,1299,778,658,4294,5100,2389,4351,36676,22632,8212,2586,26030,20,1,4,1
2021-04-17T23:59:59+02:00,0,1,714,884,1383,2221,1648,3475,2406,5069,3801,4913,8378,8404,8046,9714,2733,5205,0,1,302,234,447,633,513,1079,651,1650,853,1296,778,658,4293,5100,2389,4351,36668,22620,8212,2586,24110,20,1,4,1
2021-04-16T23:59:59+02:00,0,1,699,866,1254,2198,1497,3452,2320,5003,3639,4748,7037,6852,8011,9665,2720,5174,0,1,302,233,442,626,508,1075,641,1648,849,1287,768,652,4287,5086,2386,4349,35290,22545,8202,2581,21639,12,1,4,1
2021-04-15T23:59:59+02:00,0,1,678,856,1243,2185,1476,3433,2262,4966,3567,4696,6599,6352,7970,9599,2696,5099,0,1,295,227,427,615,491,1061,607,1621,814,1257,677,591,3788,4575,2362,4313,33962,22485,8147,1227,21564,8,1,4,1
2021-04-14T23:59:59+02:00,0,1,673,852,1225,2170,1443,3414,2218,4929,3434,4601,5260,4948,7919,9534,2674,5062,0,1,287,222,424,609,484,1058,600,1613,809,1254,662,575,3775,4565,2358,4307,30730,22396,8134,1198,21488,7,1,4,1
2021-04-13T23:59:59+02:00,0,1,670,852,1216,2165,1427,3412,2210,4918,3414,4585,5240,4931,7913,9531,2673,5060,0,1,287,221,422,607,481,1055,598,1609,798,1251,644,570,3773,4562,2358,4307,30647,22375,8113,1160,21453,7,1,4,1
2021-04-12T23:59:59+02:00,0,1,665,844,1203,2155,1411,3401,2176,4903,3383,4561,5215,4915,7900,9519,2670,5027,0,1,286,220,420,607,479,1049,596,1605,790,1243,639,567,3767,4560,2357,4307,30514,22347,8068,1137,21362,7,1,4,1
2021-04-11T23:59:59+02:00,0,1,657,840,1187,2143,1392,3386,2108,4878,3264,4477,4798,4475,7231,8697,2663,5022,0,1,286,220,418,607,477,1047,591,1602,786,1241,635,564,3763,4555,2357,4307,30483,22340,5461,1108,21270,7,1,4,1
2021-04-10T23:59:59+02:00,0,1,657,838,1186,2142,1390,3382,2106,4875,3261,4470,4754,4428,7227,8691,2663,5021,0,1,280,217,416,596,464,1031,564,1585,754,1216,563,494,3194,3936,2308,4212,30360,20714,5458,1108,21269,7,1,4,1
2021-04-09T23:59:59+02:00,0,1,653,837,1178,2139,1385,3377,2074,4853,3182,4389,4556,4262,7192,8642,2659,5005,0,1,270,210,406,582,445,1015,538,1566,733,1193,483,433,2537,3116,2259,4116,29669,18787,5454,1107,21256,7,1,4,1
2021-04-08T23:59:59+02:00,0,1,643,827,1161,2127,1368,3345,2012,4799,3032,4278,3503,3108,6953,8278,2648,4990,0,1,257,202,389,564,421,1001,516,1535,700,1171,461,406,2527,3107,2255,4113,28862,18557,5404,1060,18802,7,1,4,1
2021-04-07T23:59:59+02:00,0,1,636,821,1148,2118,1350,3332,1903,4719,2710,4028,2894,2579,6841,8154,2623,4937,0,1,243,195,362,540,383,967,473,1501,664,1143,433,382,2466,3041,2250,4104,26678,18100,5383,1041,18728,6,1,4,0
2021-04-06T23:59:59+02:00,0,1,626,812,1109,2111,1326,3314,1785,4669,2431,3861,2441,2230,6762,8063,2601,4899,0,1,220,182,328,513,358,948,436,1478,629,1111,398,340,2411,2966,2244,4093,25075,17626,5365,1023,18596,6,1,4,0
2021-04-05T23:59:59+02:00,0,1,623,810,1098,2106,1320,3311,1776,4659,2416,3845,2150,1886,5654,6761,2599,4898,0,1,220,182,327,509,352,942,432,1476,625,1107,395,337,2409,2960,2244,4091,25044,17616,5353,986,15512,6,1,3,0
2021-04-04T23:59:59+02:00,0,1,622,809,1098,2106,1320,3310,1776,4659,2414,3843,2148,1883,5654,6757,2599,4898,0,1,220,182,326,509,352,942,431,1476,625,1107,395,337,2408,2960,2244,4091,25035,17613,5353,986,15505,6,1,3,0
2021-04-03T23:59:59+02:00,0,1,622,809,1098,2105,1320,3310,1775,4657,2410,3843,2147,1879,5653,6757,2599,4898,0,1,220,182,326,509,352,942,431,1476,624,1107,395,337,2408,2960,2244,4091,25029,17612,5349,986,15501,6,1,3,0
2021-04-02T23:59:59+02:00,0,1,622,808,1098,2105,1316,3309,1772,4652,2409,3840,2139,1870,5641,6741,2595,4886,0,1,220,182,326,507,352,941,430,1475,623,1096,393,337,2408,2959,2244,4091,24960,17592,5344,986,15496,6,1,3,0
2021-04-01T23:59:59+02:00,0,1,618,797,1077,2086,1218,3214,1681,4583,2150,3632,1412,1284,5432,6528,2585,4856,0,1,216,181,326,506,351,940,429,1473,623,1095,390,335,2408,2959,2244,4087,24849,17580,2843,977,15458,6,1,3,0
2021-03-31T23:59:59+02:00,0,1,616,796,1073,2082,1213,3206,1670,4578,2131,3619,1384,1252,5404,6473,2544,4756,0,1,215,181,325,505,350,940,429,1472,622,1093,387,332,2404,2958,2242,4085,24523,17565,2829,969,15442,6,1,3,0
2021-03-30T23:59:59+02:00,0,1,614,789,1068,2078,1207,3201,1660,4564,2124,3604,1337,1207,5316,6342,2497,4601,0,1,215,180,325,504,347,936,424,1469,615,1082,372,321,2300,2805,2119,3858,23986,16940,2807,926,15414,6,1,2,0
2021-03-29T23:59:59+02:00,0,1,612,787,1065,2069,1198,3195,1653,4551,2110,3591,1299,1175,5252,6245,2443,4469,0,1,214,179,323,502,345,934,422,1464,610,1077,365,316,2074,2538,1891,3477,23538,15802,2780,923,15394,6,1,2,0
2021-03-28T23:59:59+02:00,0,1,612,784,1063,2063,1195,3188,1648,4540,2104,3586,1283,1166,5241,6222,2431,4436,0,1,212,179,322,499,336,930,419,1457,607,1065,358,304,2069,2524,1890,3474,23427,15774,2762,868,15371,3,1,2,0
2021-03-27T23:59:59+01:00,0,1,560,723,983,1995,1114,3069,1529,4415,2002,3503,1214,1096,4637,5489,2431,4436,0,1,210,178,322,499,336,930,415,1455,606,1062,357,304,2068,2523,1890,3474,23410,15758,2757,868,13028,3,1,1,0
2021-03-26T23:59:59+01:00,0,1,557,718,976,1985,1112,3063,1519,4408,1985,3495,1170,1065,4607,5455,2430,4432,0,1,209,175,322,497,333,929,413,1454,601,1055,349,299,1660,1984,1463,2744,23215,13622,2747,862,13014,3,1,1,0
2021-03-25T23:59:59+01:00,0,1,554,712,964,1977,1109,3054,1512,4396,1970,3485,1160,1055,4599,5450,2430,4430,0,1,208,172,320,496,331,924,410,1448,597,1046,345,295,1563,1861,1426,2668,23169,13268,2739,839,12948,3,1,1,0
2021-03-24T23:59:59+01:00,0,1,552,706,956,1967,1096,3038,1483,4377,1956,3477,1124,1025,4572,5415,2425,4425,0,1,207,172,319,495,327,920,406,1440,587,1028,332,285,1234,1477,1270,2398,23028,12115,2713,779,12852,3,1,1,0
2021-03-23T23:59:59+01:00,0,1,550,701,950,1954,1092,3028,1476,4363,1946,3469,1111,1014,4553,5401,2425,4421,0,1,206,172,317,492,318,917,405,1440,581,1024,324,278,996,1211,1154,2217,22953,11292,2704,757,12796,3,1,1,0
2021-03-22T23:59:59+01:00,0,1,549,692,945,1940,1086,3019,1467,4347,1932,3459,1108,1010,4548,5400,2425,4420,0,1,205,172,316,490,317,915,402,1437,578,1020,320,274,995,1207,1154,2213,22928,11275,2688,737,12730,3,1,1,0
2021-03-21T23:59:59+01:00,0,1,546,689,943,1932,1083,3015,1459,4334,1920,3452,1105,1009,4548,5398,2425,4420,0,1,204,172,316,489,315,911,402,1432,572,1018,310,269,991,1202,1153,2213,22924,11272,2675,694,12678,3,1,1,0
2021-03-20T23:59:59+01:00,0,1,541,682,939,1915,1066,2998,1431,4316,1886,3423,1033,939,3963,4759,2374,4320,0,1,204,172,316,489,315,911,402,1432,572,1018,310,269,991,1202,1152,2212,21253,11270,2674,694,12657,3,1,1,0
2021-03-19T23:59:59+01:00,0,1,532,673,921,1887,1038,2978,1395,4290,1860,3392,946,874,3283,3921,2322,4221,0,1,201,172,314,489,314,908,400,1430,568,1012,307,268,978,1189,1121,2172,19257,11248,2662,592,12613,3,1,1,0
2021-03-18T23:59:59+01:00,0,1,519,660,904,1861,1015,2952,1355,4249,1815,3339,848,810,2768,3391,2298,4187,0,1,196,170,311,485,311,898,396,1424,566,1007,304,261,872,1091,1009,1979,19175,10862,1262,415,12533,3,1,1,0
2021-03-17T23:59:59+01:00,0,1,517,651,895,1842,1002,2931,1332,4227,1797,3323,818,785,2682,3298,2292,4181,0,1,194,169,309,483,308,897,389,1420,563,1003,301,256,629,816,701,1529,18866,9933,1223,34,12484,0,1,0,0
2021-03-16T23:59:59+01:00,0,1,515,642,886,1821,981,2915,1315,4215,1773,3306,788,774,2634,3217,2290,4175,0,1,194,169,307,483,306,894,386,1418,560,999,295,252,381,575,511,1218,18656,8921,1183,28,12409,0,0,0,0
2021-03-15T23:59:59+01:00,0,1,515,632,881,1802,970,2893,1310,4208,1765,3297,782,770,2631,3215,2289,4175,0,1,193,169,306,482,305,894,386,1417,557,999,295,252,381,574,510,1218,18641,8914,1158,25,12337,0,0,0,0
2021-03-14T23:59:59+01:00,0,1,514,626,873,1790,963,2885,1300,4195,1755,3284,777,765,2625,3212,2289,4175,0,1,193,169,305,482,304,892,384,1415,557,999,294,252,381,574,510,1218,18636,8911,1128,19,12265,0,0,0,0
2021-03-13T23:59:59+01:00,0,1,493,575,780,1527,832,2502,1105,3631,1473,2856,698,677,2522,3086,2288,4174,0,1,193,169,305,482,304,892,384,1415,557,999,294,252,381,574,510,1218,18632,8911,1128,19,9460,0,0,0,0
2021-03-12T23:59:59+01:00,0,1,479,492,716,1258,741,2106,933,2944,1226,2263,556,525,2478,3042,2288,4174,0,0,193,167,305,482,304,890,383,1415,557,996,294,251,368,553,461,1152,18602,8752,1127,19,6493,0,0,0,0
2021-03-11T23:59:59+01:00,0,1,455,456,682,1187,694,2000,873,2799,1143,2151,499,465,2464,3030,2287,4172,0,0,193,167,304,480,303,889,383,1412,556,996,294,250,355,536,412,1107,18405,8621,1079,16,5874,0,0,0,0
2021-03-10T23:59:59+01:00,0,1,441,446,648,1154,653,1966,831,2763,1110,2122,480,449,2450,3010,2286,4168,0,0,189,165,300,473,303,888,378,1406,550,989,290,244,230,437,178,838,18128,7848,1059,10,5791,0,0,0,0
2021-03-09T23:59:59+01:00,0,1,426,429,617,1125,630,1946,808,2735,1088,2098,458,428,2356,2868,2160,3937,0,0,189,165,298,471,302,887,377,1403,550,986,288,243,230,437,177,837,17362,7840,1043,0,5705,0,0,0,0
2021-03-08T23:59:59+01:00,0,1,413,408,595,1095,612,1924,792,2710,1066,2072,436,400,2125,2592,1930,3555,0,0,189,164,298,469,301,882,377,1397,550,984,287,241,230,436,177,837,16110,7819,1014,0,5602,0,0,0,0
2021-03-07T23:59:59+01:00,0,1,412,407,588,1077,598,1916,789,2697,1061,2062,435,399,2120,2584,1929,3552,0,0,189,164,297,468,301,881,377,1394,550,983,287,241,230,436,177,837,16082,7812,1004,0,5541,0,0,0,0
2021-03-06T23:59:59+01:00,0,1,412,404,584,1064,595,1914,782,2690,1057,2055,434,399,2120,2584,1929,3552,0,0,189,164,297,468,301,881,377,1394,550,982,286,241,230,436,177,837,16073,7810,1004,0,5499,0,0,0,0
2021-03-05T23:59:59+01:00,0,1,406,389,578,1052,590,1905,777,2680,1050,2047,420,391,1700,2025,1499,2803,0,0,187,159,293,468,298,879,375,1391,548,978,286,241,230,436,177,837,13858,7783,1004,0,5451,0,0,0,0
2021-03-04T23:59:59+01:00,0,1,396,364,550,1013,571,1848,747,2626,1029,1997,416,387,1607,1905,1459,2726,0,0,176,151,282,455,297,871,373,1377,546,974,285,241,230,436,177,837,13499,7708,998,0,5145,0,0,0,0
2021-03-03T23:59:59+01:00,0,1,393,358,543,982,553,1816,723,2579,1011,1957,408,381,1280,1524,1300,2450,0,0,175,150,281,454,296,870,369,1370,543,967,283,239,229,435,175,832,12331,7668,989,0,4939,0,0,0,0
2021-03-02T23:59:59+01:00,0,1,389,353,535,948,539,1796,714,2555,1000,1938,397,371,1034,1257,1180,2266,0,0,175,148,280,444,292,864,369,1361,543,961,283,239,229,435,175,832,11501,7630,952,0,4820,0,0,0,0
2021-03-01T23:59:59+01:00,0,1,387,346,526,925,520,1765,705,2531,990,1921,393,364,1033,1250,1180,2261,0,0,175,146,280,435,289,854,366,1346,540,955,281,237,228,434,175,832,11480,7573,917,0,4701,0,0,0,0
2021-02-28T23:59:59+01:00,0,1,383,343,523,917,512,1754,701,2519,985,1906,388,359,1033,1248,1180,2261,0,0,173,145,280,434,289,853,366,1346,539,955,281,237,228,434,175,832,11474,7567,889,0,4650,0,0,0,0
2021-02-27T23:59:59+01:00,0,1,382,341,518,910,510,1748,698,2510,982,1904,387,358,1033,1248,1179,2261,0,0,173,145,280,434,289,853,366,1346,538,955,281,237,228,434,175,832,11473,7566,889,0,4608,0,0,0,0
2021-02-26T23:59:59+01:00,0,1,335,298,450,738,434,1440,571,2092,811,1564,359,328,1033,1245,1179,2261,0,0,173,143,280,430,287,845,364,1338,536,952,281,237,228,434,175,832,11463,7535,878,0,2798,0,0,0,0
2021-02-25T23:59:59+01:00,0,1,315,289,439,717,422,1404,556,2044,792,1532,351,320,948,1152,1106,2135,0,0,122,130,260,425,278,833,352,1322,531,945,281,235,228,434,175,832,11053,7383,847,0,2623,0,0,0,0
2021-02-24T23:59:59+01:00,0,1,310,283,434,701,415,1369,540,1996,770,1488,344,307,739,918,920,1826,0,0,122,124,258,419,275,823,350,1309,524,939,278,232,226,433,175,830,10106,7317,806,0,2449,0,0,0,0
2021-02-23T23:59:59+01:00,0,1,308,271,426,687,404,1344,532,1961,751,1469,330,297,486,669,730,1520,0,0,122,123,257,417,273,817,350,1303,523,931,277,231,225,433,173,829,9097,7284,761,0,2328,0,0,0,0
2021-02-22T23:59:59+01:00,0,1,308,270,425,680,403,1339,528,1950,746,1465,330,295,485,667,730,1519,0,0,122,118,252,407,272,800,346,1277,518,923,273,230,225,433,173,829,9092,7198,750,0,2299,0,0,0,0
2021-02-21T23:59:59+01:00,0,1,305,269,423,674,400,1330,525,1942,740,1461,319,290,481,662,728,1519,0,0,122,118,251,406,271,797,343,1274,510,920,272,229,224,432,172,818,9087,7159,708,0,2274,0,0,0,0
2021-02-20T23:59:59+01:00,0,1,305,266,423,672,400,1322,524,1933,738,1457,319,290,481,662,728,1519,0,0,122,118,251,406,271,797,343,1274,509,920,272,229,224,432,172,818,9087,7158,708,0,2245,0,0,0,0
2021-02-19T23:59:59+01:00,0,0,259,240,391,596,366,1153,466,1720,629,1247,310,274,455,626,646,1410,0,0,122,118,251,406,270,797,343,1274,509,920,272,229,224,432,172,818,8865,7157,601,0,1322,0,0,0,0
2021-02-18T23:59:59+01:00,0,0,258,235,383,587,355,1131,453,1702,619,1240,310,272,401,578,533,1278,0,0,119,115,247,400,263,790,340,1265,505,919,270,227,224,432,172,818,8676,7106,421,0,1238,0,0,0,0
2021-02-17T23:59:59+01:00,0,0,252,231,371,573,348,1122,430,1686,611,1228,305,265,240,442,187,862,0,0,111,102,244,394,258,774,334,1249,499,908,266,224,223,432,172,818,7938,7008,32,0,1183,0,0,0,0
2021-02-16T23:59:59+01:00,0,0,251,229,360,571,340,1113,422,1672,606,1221,302,262,239,441,187,862,0,0,83,89,224,368,247,744,317,1209,467,873,244,209,215,412,171,811,7930,6683,28,0,1120,0,0,0,0
2021-02-15T23:59:59+01:00,0,0,249,229,358,566,338,1107,420,1660,603,1215,302,262,239,440,186,862,0,0,82,87,220,357,240,732,307,1182,451,850,231,202,202,388,164,754,7923,6449,25,0,1088,0,0,0,0
2021-02-14T23:59:59+01:00,0,0,248,227,352,563,334,1098,416,1654,600,1212,302,262,239,440,186,862,0,0,78,85,213,352,237,724,302,1169,447,835,230,200,202,377,164,744,7913,6359,20,0,1062,0,0,0,0
2021-02-13T23:59:59+01:00,0,0,248,227,352,563,334,1098,414,1654,600,1211,301,262,239,440,186,862,0,0,78,85,213,352,237,724,302,1169,447,835,230,200,202,377,164,744,7911,6359,20,0,1060,0,0,0,0
2021-02-12T23:59:59+01:00,0,0,193,167,304,485,307,901,382,1416,563,997,293,247,238,440,186,862,0,0,75,84,210,351,235,721,296,1165,444,830,226,197,202,375,164,744,7898,6319,20,0,63,0,0,0,0
2021-02-11T23:59:59+01:00,0,0,191,166,298,472,303,887,376,1397,553,990,293,247,238,440,186,862,0,0,74,81,200,325,225,677,276,1114,426,780,225,194,202,370,164,741,7856,6074,17,0,26,0,0,0,0
2021-02-10T23:59:59+01:00,0,0,189,159,294,468,300,882,370,1386,549,982,291,245,236,439,186,860,0,0,69,76,183,297,214,617,259,1030,401,728,216,179,188,340,149,690,7813,5636,11,0,12,0,0,0,0
2021-02-09T23:59:59+01:00,0,0,184,153,290,460,299,873,370,1376,547,973,288,244,236,439,185,859,0,0,60,60,145,233,185,512,221,838,346,593,194,153,166,304,139,613,7769,4762,2,0,5,0,0,0,0
2021-02-08T23:59:59+01:00,0,0,178,147,286,448,294,863,366,1356,541,966,284,240,235,438,183,855,0,0,33,47,100,144,136,285,162,458,252,387,163,125,137,246,114,508,7673,3297,2,0,5,0,0,0,0
2021-02-07T23:59:59+01:00,0,0,176,145,284,447,293,861,365,1355,540,965,283,239,235,438,183,855,0,0,19,40,82,122,131,264,153,425,236,361,153,120,127,235,107,470,7663,3045,1,0,0,0,0,0,0
2021-02-06T23:59:59+01:00,0,0,176,145,284,447,293,861,365,1355,540,965,283,239,235,438,183,855,0,0,19,37,80,119,121,249,142,408,205,340,138,116,126,230,106,459,7663,2895,1,0,0,0,0,0,0
2021-02-05T23:59:59+01:00,0,0,176,143,284,443,292,850,363,1347,536,962,283,238,235,438,183,854,0,0,18,33,77,114,114,235,136,381,188,322,133,111,122,225,98,442,7626,2749,1,0,0,0,0,0,0
2021-02-04T23:59:59+01:00,0,0,168,138,283,439,285,841,359,1336,527,953,282,236,234,437,183,852,0,0,11,20,50,76,85,178,114,290,155,263,115,97,110,206,88,398,7553,2256,0,0,0,0,0,0,0
2021-02-03T23:59:59+01:00,0,0,150,131,273,433,282,834,357,1325,527,951,282,236,233,437,183,851,0,0,11,18,42,65,76,143,90,258,134,222,96,83,95,177,79,350,7485,1939,0,0,0,0,0,0,0
2021-02-02T23:59:59+01:00,0,0,130,126,261,431,279,826,352,1319,526,944,281,236,232,437,182,850,0,0,11,15,34,59,64,121,75,213,103,172,64,58,70,114,54,225,7412,1452,0,0,0,0,0,0,0
2021-02-01T23:59:59+01:00,0,0,125,121,256,416,277,809,350,1293,520,932,276,234,232,437,182,850,0,0,4,9,19,31,33,66,46,118,59,71,29,29,30,48,29,109,7310,730,0,0,0,0,0,0,0
2021-01-31T23:59:59+01:00,0,0,124,118,254,413,275,805,348,1287,515,930,276,231,231,436,182,850,0,0,4,6,14,22,28,47,32,72,39,43,15,9,14,28,23,63,7275,459,0,0,0,0,0,0,0
2021-01-30T23:59:59+01:00,0,0,124,118,254,413,275,804,348,1286,514,930,276,231,231,436,182,850,0,0,4,6,13,19,25,40,27,64,36,41,15,9,14,28,23,63,7272,427,0,0,0,0,0,0,0
2021-01-29T23:59:59+01:00,0,0,124,118,254,413,274,804,348,1286,514,930,276,231,231,436,182,850,0,0,4,6,7,18,23,32,22,56,32,38,15,9,14,27,22,62,7271,387,0,0,0,0,0,0,0
2021-01-28T23:59:59+01:00,0,0,122,115,250,406,270,797,345,1279,509,929,276,231,231,436,182,850,0,0,1,3,2,8,15,14,12,27,12,23,11,5,7,14,7,25,7228,186,0,0,0,0,0,0,0
2021-01-27T23:59:59+01:00,0,0,114,105,248,401,267,788,340,1272,503,922,271,228,230,435,182,850,0,0,0,0,1,4,11,12,8,20,10,17,10,5,7,14,7,25,7156,151,0,0,0,0,0,0,0
2021-01-26T23:59:59+01:00,0,0,88,93,230,384,259,763,328,1234,477,891,251,216,220,417,182,842,0,0,0,0,1,4,11,12,8,20,10,17,10,5,7,14,7,25,6875,151,0,0,0,0,0,0,0
2021-01-25T23:59:59+01:00,0,0,85,88,228,364,246,744,314,1201,459,866,234,209,209,395,177,786,0,0,0,0,1,4,11,10,7,13,7,13,10,5,7,14,7,25,6605,134,0,0,0,0,0,0,0
2021-01-24T23:59:59+01:00,0,0,85,86,224,360,245,739,311,1188,457,851,233,207,209,384,177,775,0,0,0,0,1,4,11,10,7,13,7,13,10,5,7,14,7,25,6531,134,0,0,0,0,0,0,0
2021-01-23T23:59:59+01:00,0,0,85,86,224,360,245,739,311,1188,457,851,233,207,209,384,177,775,0,0,0,0,1,4,11,10,7,13,7,13,10,5,7,14,7,25,6531,134,0,0,0,0,0,0,0
2021-01-22T23:59:59+01:00,0,0,85,85,222,358,245,736,308,1184,453,848,231,206,209,383,177,775,0,0,0,0,1,4,11,10,7,13,7,13,10,5,7,14,7,25,6505,134,0,0,0,0,0,0,0
2021-01-21T23:59:59+01:00,0,0,85,82,209,328,235,692,283,1135,438,814,230,202,208,377,176,772,0,0,0,0,1,2,9,9,6,12,6,11,10,5,7,14,7,25,6266,124,0,0,0,0,0,0,0
2021-01-20T23:59:59+01:00,0,0,79,77,194,305,223,626,269,1042,409,754,221,190,193,346,162,720,0,0,0,0,1,2,9,9,6,12,6,11,10,5,7,14,7,25,5810,124,0,0,0,0,0,0,0
2021-01-19T23:59:59+01:00,0,0,71,67,155,256,203,563,243,919,369,645,200,164,167,304,148,630,0,0,0,0,1,2,3,7,6,11,4,9,7,4,7,14,7,25,5104,107,0,0,0,0,0,0,0
2021-01-18T23:59:59+01:00,0,0,59,59,132,213,182,460,216,761,329,552,181,143,142,253,126,541,0,0,0,0,0,1,2,4,3,6,2,7,6,4,7,14,7,23,4349,86,0,0,0,0,0,0,0
2021-01-17T23:59:59+01:00,0,0,40,47,108,183,167,401,200,675,304,497,172,136,129,235,109,481,0,0,0,0,0,0,2,4,2,6,2,5,4,4,7,14,6,23,3884,79,0,0,0,0,0,0,0
2021-01-16T23:59:59+01:00,0,0,33,44,108,180,157,385,185,655,273,475,156,131,128,229,108,469,0,0,0,0,0,0,0,0,0,0,0,0,0,0,0,0,0,0,3716,0,0,0,0,0,0,0,0
2021-01-15T23:59:59+01:00,0,0,31,40,105,175,146,371,179,625,254,453,151,122,124,223,99,451,0,0,0,0,0,0,0,0,0,0,0,0,0,0,0,0,0,0,3549,0,0,0,0,0,0,0,0
2021-01-14T23:59:59+01:00,0,0,13,23,51,76,84,174,115,288,149,264,123,103,110,204,87,406,0,0,0,0,0,0,0,0,0,0,0,0,0,0,0,0,0,0,2270,0,0,0,0,0,0,0,0
2021-01-13T23:59:59+01:00,0,0,12,20,41,65,76,139,93,258,124,227,94,81,90,163,68,324,0,0,0,0,0,0,0,0,0,0,0,0,0,0,0,0,0,0,1875,0,0,0,0,0,0,0,0
2021-01-12T23:59:59+01:00,0,0,12,15,37,61,63,115,78,209,95,173,61,53,60,97,40,189,0,0,0,0,0,0,0,0,0,0,0,0,0,0,0,0,0,0,1358,0,0,0,0,0,0,0,0
2021-01-11T23:59:59+01:00,0,0,4,10,26,43,39,83,57,141,58,86,32,28,25,40,19,81,0,0,0,0,0,0,0,0,0,0,0,0,0,0,0,0,0,0,772,0,0,0,0,0,0,0,0
2021-01-10T23:59:59+01:00,0,0,3,6,19,31,34,58,38,94,37,54,15,8,8,19,13,34,0,0,0,0,0,0,0,0,0,0,0,0,0,0,0,0,0,0,471,0,0,0,0,0,0,0,0
2021-01-09T23:59:59+01:00,0,0,3,6,18,27,33,54,33,84,35,53,15,8,8,19,13,34,0,0,0,0,0,0,0,0,0,0,0,0,0,0,0,0,0,0,443,0,0,0,0,0,0,0,0
2021-01-08T23:59:59+01:00,0,0,3,6,15,26,29,44,27,75,31,49,14,8,7,17,12,33,0,0,0,0,0,0,0,0,0,0,0,0,0,0,0,0,0,0,396,0,0,0,0,0,0,0,0
2021-01-07T23:59:59+01:00,0,0,1,4,2,9,15,14,14,28,13,24,11,6,7,15,9,26,0,0,0,0,0,0,0,0,0,0,0,0,0,0,0,0,0,0,198,0,0,0,0,0,0,0,0
2021-01-06T23:59:59+01:00,0,0,1,0,2,4,13,12,9,22,11,19,11,6,7,15,9,26,0,0,0,0,0,0,0,0,0,0,0,0,0,0,0,0,0,0,167,0,0,0,0,0,0,0,0
2021-01-05T23:59:59+01:00,0,0,0,0,1,4,12,12,8,20,10,19,10,6,7,15,9,26,0,0,0,0,0,0,0,0,0,0,0,0,0,0,0,0,0,0,159,0,0,0,0,0,0,0,0
2021-01-04T23:59:59+01:00,0,0,0,0,1,4,12,11,7,16,8,17,10,6,7,15,9,26,0,0,0,0,0,0,0,0,0,0,0,0,0,0,0,0,0,0,149,0,0,0,0,0,0,0,0
2021-01-03T23:59:59+01:00,0,0,0,0,1,4,11,10,7,13,6,14,10,6,7,15,9,26,0,0,0,0,0,0,0,0,0,0,0,0,0,0,0,0,0,0,139,0,0,0,0,0,0,0,0
2021-01-02T23:59:59+01:00,0,0,0,0,1,4,11,10,7,13,6,14,10,6,7,15,9,26,0,0,0,0,0,0,0,0,0,0,0,0,0,0,0,0,0,0,139,0,0,0,0,0,0,0,0
2021-01-01T23:59:59+01:00,0,0,0,0,1,4,11,10,7,13,6,14,10,6,7,15,9,26,0,0,0,0,0,0,0,0,0,0,0,0,0,0,0,0,0,0,139,0,0,0,0,0,0,0,0
2020-12-31T23:59:59+01:00,0,0,0,0,1,4,11,10,7,13,6,14,10,6,7,15,9,26,0,0,0,0,0,0,0,0,0,0,0,0,0,0,0,0,0,0,139,0,0,0,0,0,0,0,0
2020-12-30T23:59:59+01:00,0,0,0,0,1,4,11,10,7,13,6,14,10,6,7,15,9,26,0,0,0,0,0,0,0,0,0,0,0,0,0,0,0,0,0,0,139,0,0,0,0,0,0,0,0
2020-12-29T23:59:59+01:00,0,0,0,0,1,4,8,9,7,13,4,12,10,6,7,15,9,26,0,0,0,0,0,0,0,0,0,0,0,0,0,0,0,0,0,0,131,0,0,0,0,0,0,0,0
2020-12-28T23:59:59+01:00,0,0,0,0,1,1,5,7,7,7,2,9,10,6,7,15,9,26,0,0,0,0,0,0,0,0,0,0,0,0,0,0,0,0,0,0,112,0,0,0,0,0,0,0,0
2020-12-27T23:59:59+01:00,0,0,0,0,0,0,2,4,2,6,1,6,4,5,7,15,8,25,0,0,0,0,0,0,0,0,0,0,0,0,0,0,0,0,0,0,85,0,0,0,0,0,0,0,0
