Datum,<15_m,<15_w,15-24_1_m,15-24_1_w,25-34_1_m,25-34_1_w,35-44_1_m,35-44_1_w,45-54_1_m,45-54_1_w,55-64_1_m,55-64_1_w,65-74_1_m,65-74_1_w,75-84_1_m,75-84_1_w,>84_1_m,>84_1_w,<24_2_m,<24_2_w,25-34_2_m,25-34_2_w,35-44_2_m,35-44_2_w,45-54_2_m,45-54_2_w,55-64_2_m,55-64_2_w,65-74_2_m,65-74_2_w,75-84_2_m,75-84_2_w,>84_2_m,>84_2_w,bp_1,bp_2,mo_1,mo_2,az_1,az_2,ja,unb_1,unb_2
2021-10-02T23:59:59+02:00,1850,1753,9988,9411,11009,10333,13541,14005,17594,17948,20773,20760,16449,17144,9190,11163,2961,5698,9208,8656,10460,9641,12992,13295,16965,17277,20240,20168,16084,16766,8965,10869,2862,5504,151378,144249,20206,19373,27923,27102,12066,7,6
2021-10-01T23:59:59+02:00,1847,1749,9974,9396,11000,10318,13532,13997,17586,17941,20768,20756,16445,17140,9188,11162,2959,5696,9191,8638,10446,9630,12990,13284,16955,17270,20231,20161,16083,16766,8964,10864,2861,5502,151279,144125,20205,19373,27923,27102,12050,7,6
2021-09-30T23:59:59+02:00,1844,1746,9959,9388,10988,10308,13522,13981,17579,17931,20761,20750,16445,17139,9186,11160,2958,5695,9168,8630,10434,9619,12983,13272,16945,17266,20224,20156,16080,16766,8961,10864,2861,5502,151212,144055,20203,19370,27923,27102,12005,7,6
2021-09-29T23:59:59+02:00,1831,1712,9931,9352,10964,10284,13507,13961,17564,17919,20742,20740,16437,17131,9184,11157,2957,5692,9158,8615,10421,9604,12981,13258,16940,17253,20214,20148,16074,16757,8958,10861,2860,5501,150955,143928,20203,19369,27923,27102,11987,7,6
2021-09-28T23:59:59+02:00,1804,1688,9878,9299,10943,10248,13476,13935,17536,17889,20725,20720,16427,17118,9180,11148,2956,5689,9141,8585,10408,9582,12963,13245,16930,17241,20201,20136,16065,16748,8952,10854,2860,5500,150576,143725,20203,19368,27922,27102,11961,7,6
2021-09-27T23:59:59+02:00,1787,1675,9853,9281,10918,10226,13458,13908,17518,17870,20716,20713,16421,17113,9176,11145,2956,5687,9122,8563,10386,9562,12944,13218,16915,17224,20190,20127,16062,16746,8950,10851,2860,5499,150408,143575,20195,19364,27922,27100,11899,7,6
2021-09-26T23:59:59+02:00,1780,1669,9842,9272,10902,10214,13448,13900,17512,17864,20706,20712,16419,17109,9176,11144,2955,5687,9117,8555,10378,9558,12935,13213,16911,17219,20183,20125,16060,16744,8950,10851,2860,5499,150328,143541,20194,19364,27922,27099,11870,7,6
2021-09-25T23:59:59+02:00,1780,1668,9839,9271,10901,10214,13446,13899,17512,17864,20706,20712,16419,17108,9176,11144,2955,5687,9117,8552,10376,9558,12934,13211,16911,17219,20183,20125,16060,16743,8950,10851,2860,5499,150323,143537,20194,19364,27922,27099,11865,7,6
2021-09-24T23:59:59+02:00,1772,1652,9822,9259,10897,10204,13442,13888,17509,17860,20703,20708,16416,17107,9176,11144,2954,5687,9100,8539,10370,9547,12930,13207,16905,17213,20182,20121,16058,16741,8949,10851,2860,5499,150234,143454,20192,19364,27922,27099,11855,7,6
2021-09-23T23:59:59+02:00,1769,1650,9759,9218,10789,10140,13344,13815,17425,17794,20650,20661,16392,17089,9169,11133,2954,5684,9042,8501,10263,9488,12840,13147,16825,17151,20131,20077,16035,16720,8941,10839,2860,5496,150158,143425,20190,19361,27922,27099,11167,7,6
2021-09-22T23:59:59+02:00,1747,1633,9730,9185,10774,10111,13317,13784,17397,17772,20635,20639,16388,17081,9167,11126,2951,5683,9017,8486,10243,9471,12824,13132,16806,17141,20120,20072,16029,16718,8938,10833,2858,5493,149871,143256,20186,19358,27922,27099,11143,7,6
2021-09-21T23:59:59+02:00,1716,1602,9674,9120,10740,10076,13290,13742,17368,17749,20621,20629,16375,17067,9162,11124,2949,5678,8983,8454,10227,9452,12802,13105,16780,17111,20110,20062,16019,16711,8933,10830,2858,5491,149451,142973,20184,19356,27921,27099,11128,7,6
2021-09-20T23:59:59+02:00,1684,1578,9619,9067,10692,10026,13254,13701,17347,17730,20597,20611,16365,17060,9153,11112,2948,5674,8948,8427,10208,9430,12775,13082,16759,17093,20093,20043,16011,16702,8926,10823,2856,5490,149049,142731,20182,19355,27921,27098,11068,7,6
2021-09-19T23:59:59+02:00,1683,1577,9615,9059,10685,10021,13246,13698,17339,17724,20590,20607,16363,17057,9152,11110,2945,5671,8942,8421,10204,9428,12771,13080,16756,17091,20090,20039,16010,16702,8926,10823,2856,5489,148994,142709,20179,19353,27921,27097,11050,7,6
2021-09-18T23:59:59+02:00,1683,1577,9615,9058,10683,10017,13243,13694,17336,17724,20589,20607,16363,17057,9152,11110,2945,5671,8940,8418,10202,9426,12770,13077,16752,17090,20089,20039,16010,16702,8926,10823,2856,5489,148988,142700,20179,19353,27921,27097,11038,7,6
2021-09-17T23:59:59+02:00,1677,1569,9598,9035,10671,10001,13227,13680,17325,17713,20585,20597,16361,17055,9151,11108,2944,5670,8933,8412,10196,9420,12761,13072,16748,17085,20086,20031,16010,16700,8925,10822,2856,5489,148874,142676,20178,19353,27921,27096,10996,7,6
2021-09-16T23:59:59+02:00,1673,1568,9582,9020,10655,9985,13216,13667,17313,17704,20573,20586,16360,17051,9148,11105,2944,5668,8927,8406,10188,9413,12753,13066,16740,17080,20076,20026,16010,16699,8925,10819,2856,5487,148771,142647,20176,19350,27920,27093,10953,7,6
2021-09-15T23:59:59+02:00,1660,1553,9555,8993,10631,9965,13187,13639,17294,17679,20556,20568,16354,17044,9139,11097,2944,5664,8880,8367,10157,9373,12720,13026,16715,17060,20047,20006,16003,16687,8920,10816,2856,5485,148603,142312,20108,19338,27920,27090,10893,7,6
2021-09-14T23:59:59+02:00,1647,1544,9521,8962,10615,9945,13169,13616,17271,17661,20542,20554,16337,17031,9129,11086,2940,5652,8846,8334,10141,9356,12711,13003,16699,17041,20030,19986,15999,16680,8917,10809,2855,5481,148403,142071,20030,19337,27920,27090,10871,7,6
2021-09-13T23:59:59+02:00,1614,1509,9478,8908,10589,9911,13146,13573,17250,17642,20520,20541,16331,17025,9126,11080,2938,5646,8811,8306,10125,9334,12690,12971,16686,17024,20014,19970,15993,16666,8911,10807,2854,5477,148185,141817,19878,19329,27920,27089,10847,6,6
2021-09-12T23:59:59+02:00,1612,1506,9465,8901,10576,9905,13139,13563,17245,17638,20517,20536,16330,17022,9124,11079,2938,5643,8787,8284,10104,9323,12673,12957,16675,17016,20006,19961,15990,16662,8910,10801,2854,5476,148134,141657,19872,19328,27920,27088,10816,6,6
2021-09-11T23:59:59+02:00,1612,1506,9463,8896,10572,9902,13136,13561,17244,17635,20514,20534,16330,17020,9123,11079,2938,5643,8778,8282,10102,9322,12668,12956,16674,17013,20004,19960,15990,16661,8909,10801,2854,5476,148123,141651,19870,19323,27920,27088,10798,6,6
2021-09-10T23:59:59+02:00,1611,1505,9459,8892,10563,9895,13124,13556,17239,17628,20512,20530,16329,17019,9123,11079,2938,5643,8774,8279,10096,9314,12658,12950,16668,17008,20001,19956,15990,16660,8909,10800,2854,5476,148094,141631,19869,19317,27920,27088,10765,6,6
2021-09-09T23:59:59+02:00,1608,1500,9443,8886,10552,9882,13110,13539,17223,17619,20497,20519,16327,17018,9121,11075,2937,5641,8764,8274,10089,9305,12653,12937,16650,17001,19989,19947,15988,16658,8907,10793,2853,5474,148013,141579,19867,19317,27920,27088,10699,6,6
2021-09-08T23:59:59+02:00,1570,1451,9399,8827,10521,9844,13084,13502,17191,17593,20478,20499,16311,17004,9117,11069,2937,5639,8740,8258,10071,9289,12634,12922,16635,16992,19973,19940,15981,16652,8906,10789,2853,5474,147602,141451,19866,19312,27920,27088,10650,6,6
2021-09-07T23:59:59+02:00,1552,1426,9379,8804,10503,9824,13074,13492,17182,17581,20472,20494,16307,17001,9116,11064,2936,5637,8732,8250,10063,9287,12626,12920,16631,16984,19969,19937,15981,16650,8906,10786,2853,5474,147427,141410,19864,19310,27920,27084,10635,6,6
2021-09-06T23:59:59+02:00,1539,1414,9356,8779,10483,9803,13065,13478,17171,17567,20463,20478,16305,16998,9115,11064,2935,5637,8726,8241,10055,9280,12621,12911,16625,16979,19964,19930,15979,16649,8902,10783,2853,5473,147254,141351,19863,19307,27918,27083,10617,6,6
2021-09-05T23:59:59+02:00,1536,1411,9348,8768,10475,9798,13060,13472,17168,17560,20457,20476,16302,16995,9115,11063,2935,5637,8718,8235,10048,9270,12614,12905,16619,16973,19956,19928,15977,16647,8902,10782,2853,5473,147204,141296,19863,19307,27918,27080,10593,6,6
2021-09-04T23:59:59+02:00,1535,1411,9347,8766,10474,9798,13059,13471,17168,17560,20455,20474,16302,16995,9115,11063,2935,5637,8718,8235,10047,9268,12613,12905,16618,16972,19955,19928,15977,16647,8902,10782,2853,5473,147198,141290,19860,19307,27918,27080,10591,6,6
2021-09-03T23:59:59+02:00,1525,1397,9326,8748,10461,9786,13055,13461,17153,17549,20443,20464,16298,16989,9114,11058,2935,5634,8702,8223,10035,9261,12606,12898,16602,16962,19952,19920,15973,16640,8901,10778,2853,5470,147097,141239,19857,19305,27918,27080,10526,6,6
2021-09-02T23:59:59+02:00,1514,1388,9272,8716,10401,9735,12980,13403,17103,17512,20385,20421,16266,16962,9104,11047,2934,5629,8657,8198,9976,9217,12537,12848,16558,16929,19892,19879,15941,16617,8894,10770,2853,5465,146970,141182,19856,19301,27917,27078,10031,6,6
2021-09-01T23:59:59+02:00,1510,1371,9252,8702,10378,9724,12966,13390,17091,17498,20375,20417,16262,16956,9097,11043,2934,5628,8639,8177,9960,9200,12526,12837,16546,16918,19876,19868,15937,16612,8891,10764,2853,5464,146861,141048,19832,19299,27917,27077,9986,6,6
2021-08-31T23:59:59+02:00,1493,1353,9237,8675,10367,9710,12955,13382,17086,17487,20368,20409,16257,16952,9095,11038,2934,5628,8622,8160,9954,9188,12511,12826,16535,16913,19873,19861,15933,16610,8890,10761,2853,5464,146704,140923,19831,19296,27917,27074,9976,6,6
2021-08-30T23:59:59+02:00,1472,1336,9219,8652,10353,9694,12944,13367,17073,17467,20356,20400,16253,16949,9093,11036,2934,5627,8595,8146,9940,9176,12500,12807,16522,16896,19864,19854,15927,16604,8888,10756,2851,5462,146539,140785,19831,19292,27914,27065,9942,6,6
2021-08-29T23:59:59+02:00,1471,1335,9217,8646,10346,9685,12942,13362,17064,17462,20352,20395,16250,16944,9093,11036,2934,5626,8592,8140,9931,9165,12496,12801,16514,16891,19860,19851,15924,16597,8887,10756,2851,5461,146521,140765,19831,19291,27914,27059,9895,6,6
2021-08-28T23:59:59+02:00,1470,1335,9214,8642,10346,9684,12941,13361,17064,17461,20352,20394,16250,16944,9093,11036,2934,5626,8588,8140,9929,9165,12495,12800,16514,16890,19860,19850,15924,16597,8887,10756,2851,5461,146513,140759,19831,19289,27914,27059,9890,6,6
2021-08-27T23:59:59+02:00,1460,1324,9201,8635,10341,9678,12938,13359,17061,17455,20347,20389,16249,16942,9092,11036,2934,5626,8578,8133,9926,9159,12488,12798,16511,16883,19859,19849,15922,16596,8886,10755,2851,5461,146439,140709,19831,19287,27914,27054,9884,6,6
2021-08-26T23:59:59+02:00,1457,1323,9194,8631,10336,9672,12930,13358,17058,17453,20345,20384,16246,16939,9089,11031,2933,5626,8569,8122,9920,9153,12480,12795,16506,16881,19857,19844,15919,16592,8883,10752,2850,5461,146418,140678,19829,19287,27914,27048,9845,6,6
2021-08-25T23:59:59+02:00,1443,1299,9087,8575,10250,9600,12841,13284,16939,17369,20250,20328,16199,16901,9074,11010,2928,5615,8478,8068,9837,9091,12389,12730,16402,16808,19770,19790,15875,16553,8869,10732,2845,5448,146177,140533,19828,19286,27914,27046,9074,6,6
2021-08-24T23:59:59+02:00,1424,1274,9056,8545,10236,9580,12812,13255,16908,17333,20236,20312,16184,16891,9069,11004,2928,5612,8455,8055,9820,9079,12373,12719,16391,16793,19762,19780,15869,16549,8869,10730,2845,5447,145888,140414,19826,19284,27914,27046,9032,6,6
2021-08-23T23:59:59+02:00,1406,1249,9014,8508,10222,9562,12781,13235,16889,17315,20223,20288,16172,16879,9058,10998,2927,5607,8430,8039,9793,9060,12359,12713,16378,16784,19751,19764,15862,16542,8865,10725,2844,5444,145632,140317,19826,19282,27914,27025,8962,6,6
2021-08-22T23:59:59+02:00,1406,1249,9004,8503,10215,9556,12780,13231,16885,17309,20220,20285,16169,16875,9054,10998,2927,5606,8414,8033,9786,9049,12355,12708,16375,16777,19749,19760,15859,16537,8861,10723,2844,5443,145619,140288,19826,19280,27914,27022,8914,6,6
2021-08-21T23:59:59+02:00,1406,1248,8999,8503,10214,9554,12777,13230,16884,17309,20219,20284,16169,16875,9054,10998,2927,5606,8292,7953,9685,8955,12267,12598,16284,16706,19693,19716,15839,16522,8858,10712,2843,5441,145613,140284,19823,18379,27914,27021,8907,6,6
2021-08-20T23:59:59+02:00,1405,1246,8991,8501,10207,9546,12771,13220,16881,17307,20212,20279,16166,16875,9054,10996,2926,5605,7934,7628,9532,8794,12124,12458,16161,16596,19586,19620,15800,16473,8846,10688,2841,5440,145579,138187,19823,18379,27914,27020,8873,6,6
2021-08-19T23:59:59+02:00,1400,1244,8980,8495,10200,9537,12762,13214,16876,17305,20207,20277,16165,16873,9054,10995,2926,5604,7675,7360,9402,8689,11981,12339,16067,16490,19489,19533,15758,16425,8835,10668,2840,5432,145537,136460,19820,18371,27913,27011,8845,6,6
2021-08-18T23:59:59+02:00,1376,1212,8934,8459,10172,9506,12735,13179,16846,17282,20181,20248,16152,16859,9048,10989,2922,5599,7662,7350,9390,8681,11967,12322,16053,16481,19481,19524,15752,16418,8831,10664,2837,5429,145231,136413,19807,18370,27910,27010,8751,6,6
2021-08-17T23:59:59+02:00,1351,1199,8898,8427,10157,9485,12721,13155,16831,17261,20158,20226,16144,16849,9045,10982,2920,5594,7649,7335,9372,8673,11956,12313,16046,16471,19470,19518,15746,16413,8830,10662,2836,5427,144989,136342,19804,18365,27909,27004,8701,6,6
2021-08-16T23:59:59+02:00,1328,1181,8860,8401,10138,9466,12697,13131,16821,17242,20138,20211,16139,16837,9041,10981,2919,5594,7640,7323,9356,8670,11946,12307,16044,16466,19461,19511,15743,16410,8830,10662,2836,5427,144754,136302,19802,18361,27909,27003,8660,6,6
2021-08-15T23:59:59+02:00,1310,1164,8841,8382,10125,9452,12681,13118,16808,17232,20124,20199,16133,16831,9041,10976,2919,5594,7628,7312,9340,8654,11932,12296,16037,16458,19455,19507,15735,16406,8829,10659,2836,5427,144606,136245,19801,18356,27906,26984,8617,6,6
2021-08-14T23:59:59+02:00,1309,1164,8841,8382,10124,9452,12680,13116,16808,17231,20123,20197,16133,16831,9041,10976,2919,5594,7312,7019,9196,8486,11758,12131,15919,16328,19361,19419,15709,16382,8820,10646,2836,5423,144600,134256,19801,18354,27906,26976,8614,6,6
2021-08-13T23:59:59+02:00,1304,1162,8829,8373,10113,9444,12668,13106,16792,17222,20115,20189,16129,16825,9039,10975,2918,5594,6924,6659,9025,8325,11550,11915,15701,16148,19220,19297,15674,16343,8808,10632,2834,5419,144572,131778,19801,18354,27906,26973,8518,6,6
2021-08-12T23:59:59+02:00,1304,1162,8828,8370,10106,9439,12665,13106,16786,17213,20111,20184,16128,16821,9037,10973,2918,5594,6917,6652,9011,8318,11539,11913,15690,16141,19216,19291,15672,16338,8806,10631,2834,5419,144557,131744,19800,18351,27906,26955,8481,6,6
2021-08-11T23:59:59+02:00,1301,1158,8824,8363,10097,9432,12657,13102,16780,17209,20105,20182,16126,16818,9036,10973,2918,5593,6910,6642,8995,8307,11528,11909,15686,16134,19208,19285,15668,16335,8805,10631,2834,5417,144507,131682,19796,18345,27906,26941,8464,6,6
2021-08-10T23:59:59+02:00,1300,1158,8822,8362,10093,9427,12654,13097,16778,17207,20104,20177,16124,16816,9036,10972,2918,5593,6866,6597,8962,8292,11509,11889,15660,16122,19201,19275,15666,16333,8805,10629,2834,5417,144480,131439,19796,18341,27906,26934,8455,6,6
2021-08-09T23:59:59+02:00,1300,1156,8816,8361,10089,9419,12652,13094,16771,17205,20098,20177,16122,16816,9035,10972,2918,5593,6847,6573,8941,8275,11496,11878,15644,16110,19195,19270,15663,16332,8803,10628,2834,5417,144454,131305,19796,18337,27904,26925,8439,6,6
2021-08-08T23:59:59+02:00,1300,1155,8813,8355,10087,9415,12643,13091,16766,17201,20096,20174,16120,16812,9034,10971,2917,5592,6844,6562,8925,8267,11479,11870,15637,16101,19193,19266,15660,16328,8802,10627,2833,5416,144442,131256,19795,18329,27904,26922,8400,6,6
2021-08-07T23:59:59+02:00,1300,1147,8804,8348,10076,9408,12640,13084,16759,17197,20090,20169,16116,16807,9032,10971,2916,5592,6192,5991,8654,8044,11209,11640,15438,15927,19108,19190,15640,16304,8795,10620,2830,5415,144393,128168,19794,18317,27904,26921,8364,6,6
2021-08-06T23:59:59+02:00,1294,1146,8795,8336,10062,9396,12620,13065,16741,17185,20073,20157,16109,16799,9032,10968,2916,5591,6179,5977,8639,8029,11185,11619,15416,15910,19091,19178,15633,16297,8795,10617,2830,5414,144355,128115,19791,18311,27904,26919,8234,6,6
2021-08-05T23:59:59+02:00,1291,1144,8788,8329,10053,9387,12606,13057,16735,17182,20065,20153,16108,16799,9032,10967,2916,5591,5895,5741,8290,7733,10819,11343,15093,15671,18841,19010,15613,16273,8785,10610,2829,5413,144306,128020,19787,15607,27900,26886,8209,6,6
2021-08-04T23:59:59+02:00,1290,1141,8782,8325,10048,9385,12600,13053,16730,17180,20063,20150,16107,16799,9031,10966,2916,5590,5881,5733,8261,7723,10799,11331,15076,15665,18836,19005,15610,16270,8784,10610,2829,5413,144274,127920,19786,15599,27899,26870,8196,6,6
2021-08-03T23:59:59+02:00,1283,1138,8778,8315,10043,9380,12595,13050,16725,17178,20058,20148,16105,16799,9030,10964,2916,5589,5769,5619,8168,7653,10682,11254,15027,15612,18807,18990,15606,16268,8783,10608,2827,5412,144229,127194,19784,15591,27899,26841,8181,6,6
2021-08-02T23:59:59+02:00,1277,1132,8765,8307,10036,9373,12590,13044,16720,17168,20051,20144,16103,16796,9028,10961,2915,5588,5598,5459,8039,7546,10558,11139,14955,15529,18775,18965,15598,16259,8777,10608,2826,5412,144148,126127,19778,15586,27898,26810,8173,6,6
2021-08-01T23:59:59+02:00,1275,1131,8758,8300,10029,9366,12584,13042,16715,17166,20046,20142,16103,16796,9027,10959,2915,5588,5537,5402,7988,7497,10496,11087,14919,15504,18762,18947,15595,16256,8775,10605,2826,5410,144104,125688,19776,15582,27897,26789,8164,6,6
2021-07-31T23:59:59+02:00,1275,1131,8757,8297,10029,9365,12582,13042,16714,17166,20045,20140,16103,16796,9027,10959,2915,5588,5511,5382,7972,7484,10479,11073,14906,15498,18758,18944,15594,16255,8775,10605,2826,5410,144102,125558,19775,15578,27897,26788,8156,6,6
2021-07-30T23:59:59+02:00,1143,1010,8529,8068,9935,9247,12502,12958,16634,17094,19986,20072,16071,16757,9021,10942,2914,5585,5217,5108,7834,7342,10291,10880,14770,15332,18689,18888,15570,16228,8762,10591,2822,5406,142647,123728,19773,15570,27897,26771,8150,6,6
2021-07-29T23:59:59+02:00,1136,1002,8398,7978,9776,9149,12348,12856,16485,16999,19822,19962,15985,16688,8996,10923,2913,5578,4922,4874,7557,7149,10010,10679,14523,15157,18494,18770,15484,16153,8735,10570,2821,5396,142526,122628,19770,15529,27897,26746,6800,6,6
2021-07-28T23:59:59+02:00,1125,988,8369,7941,9762,9133,12326,12842,16468,16976,19802,19952,15978,16675,8989,10919,2913,5576,4500,4444,7239,6898,9692,10379,14287,14975,18438,18729,15469,16142,8729,10559,2821,5386,142283,119978,19768,15475,27895,26683,6787,6,6
2021-07-27T23:59:59+02:00,1115,980,8346,7926,9749,9126,12314,12833,16460,16970,19795,19939,15976,16669,8987,10916,2912,5574,4266,4198,7008,6699,9445,10099,14127,14814,18387,18662,15420,16096,8712,10543,2818,5379,142144,117957,19766,15472,27895,26658,6781,6,6
2021-07-26T23:59:59+02:00,1111,977,8333,7914,9742,9121,12308,12827,16453,16962,19788,19938,15973,16664,8985,10912,2911,5569,4160,4090,6905,6588,9319,9977,14044,14731,18340,18628,15409,16085,8702,10535,2815,5377,142065,117054,19763,15462,27884,26600,6775,6,6
2021-07-25T23:59:59+02:00,1110,976,8324,7911,9729,9117,12298,12824,16448,16955,19785,19937,15971,16664,8984,10912,2911,5569,4109,4040,6828,6539,9247,9921,14008,14699,18316,18614,15391,16072,8695,10529,2815,5375,142039,116613,19759,15446,27883,26578,6743,6,6
2021-07-24T23:59:59+02:00,1108,972,8236,7849,9655,9036,12231,12747,16379,16902,19744,19898,15950,16650,8981,10902,2911,5568,4066,3998,6771,6489,9169,9864,13943,14633,18284,18588,15379,16061,8687,10525,2815,5375,142020,116359,19094,15164,27883,26576,6721,6,6
2021-07-23T23:59:59+02:00,1082,947,8124,7761,9617,9001,12197,12718,16334,16867,19715,19879,15944,16644,8977,10898,2911,5568,3775,3713,6514,6284,8887,9578,13707,14457,18204,18527,15337,16018,8669,10506,2813,5369,141527,114113,19094,15141,27883,26570,6679,6,6
2021-07-22T23:59:59+02:00,989,860,7908,7531,9513,8912,12079,12622,16242,16783,19640,19794,15898,16604,8968,10883,2910,5562,3650,3586,6360,6191,8733,9449,13545,14314,18129,18459,15316,15992,8661,10496,2813,5368,140064,112963,19092,15069,27876,26475,6665,6,6
2021-07-21T23:59:59+02:00,969,846,7876,7491,9497,8901,12057,12599,16218,16767,19616,19773,15887,16597,8968,10878,2910,5562,3345,3320,6014,5932,8338,9066,13278,14078,17987,18334,15224,15911,8629,10466,2810,5356,139808,110155,19090,14997,27871,26378,6642,6,6
2021-07-20T23:59:59+02:00,968,845,7868,7486,9490,8898,12052,12597,16210,16766,19611,19768,15886,16596,8968,10877,2910,5562,3272,3269,5954,5876,8280,9007,13194,14034,17955,18319,15224,15911,8629,10464,2810,5356,139770,109769,19089,14982,27868,26246,6630,6,6
2021-07-19T23:59:59+02:00,967,845,7861,7484,9487,8890,12047,12595,16205,16759,19608,19768,15884,16593,8968,10875,2910,5561,3220,3234,5903,5834,8219,8962,13137,14007,17909,18306,15224,15908,8629,10462,2810,5355,139733,109488,19088,14965,27868,26119,6617,6,6
2021-07-18T23:59:59+02:00,966,844,7850,7475,9482,8885,12038,12590,16200,16753,19606,19766,15883,16591,8968,10875,2910,5561,3200,3216,5864,5803,8184,8933,13098,13991,17894,18302,15224,15907,8629,10462,2810,5354,139686,109300,19087,14931,27866,26106,6603,6,6
2021-07-17T23:59:59+02:00,851,725,7528,7185,9330,8714,11863,12428,16071,16614,19509,19670,15862,16570,8960,10862,2910,5558,3099,3108,5753,5711,8051,8774,12957,13863,17799,18224,15214,15889,8626,10455,2810,5354,137673,108119,19086,14926,27866,26102,6587,3,6
2021-07-16T23:59:59+02:00,695,574,7132,6857,9146,8554,11671,12217,15868,16437,19367,19542,15832,16533,8950,10848,2909,5556,3037,3047,5677,5648,7938,8667,12837,13727,17720,18149,15192,15873,8622,10453,2809,5354,135188,107220,19086,14921,27865,26095,6551,3,6
2021-07-15T23:59:59+02:00,693,574,7118,6849,9143,8552,11659,12213,15858,16430,19363,19536,15830,16530,8946,10846,2908,5547,2998,3012,5611,5605,7848,8617,12762,13686,17690,18125,15169,15857,8614,10446,2808,5345,135148,106988,19084,14767,27860,25970,6504,3,6
2021-07-14T23:59:59+02:00,691,573,7109,6840,9138,8550,11655,12208,15852,16427,19358,19531,15828,16527,8943,10843,2908,5543,2975,2999,5570,5573,7812,8596,12729,13670,17672,18114,15162,15854,8611,10442,2808,5341,135115,106835,19083,14733,27860,25929,6467,3,6
2021-07-13T23:59:59+02:00,686,571,7084,6823,9124,8533,11646,12193,15841,16408,19348,19525,15819,16523,8939,10833,2903,5535,2918,2948,5506,5507,7652,8461,12475,13452,17516,17986,15143,15843,8599,10429,2803,5330,134988,105620,19083,14680,27857,25894,6407,3,6
2021-07-12T23:59:59+02:00,680,563,7070,6808,9113,8522,11636,12183,15836,16395,19336,19521,15817,16519,8937,10833,2903,5532,2862,2894,5423,5432,7504,8346,12228,13239,17335,17839,15133,15838,8595,10422,2802,5330,134872,104382,19081,14627,27853,25844,6399,3,6
2021-07-11T23:59:59+02:00,679,562,7061,6806,9103,8514,11629,12175,15826,16392,19331,19516,15817,16516,8936,10831,2903,5532,2831,2859,5346,5359,7406,8259,12061,13082,17209,17706,15125,15827,8594,10419,2802,5330,134828,103493,19077,14578,27853,25801,6372,3,6
2021-07-10T23:59:59+02:00,505,404,6497,6255,8878,8328,11386,11983,15669,16259,19276,19467,15809,16506,8932,10826,2902,5531,2802,2825,5294,5313,7323,8179,11958,12982,17131,17639,15110,15811,8591,10408,2799,5328,132132,102795,19077,14576,27853,25793,6352,3,6
2021-07-09T23:59:59+02:00,494,397,6438,6227,8851,8291,11346,11955,15642,16246,19263,19451,15808,16503,8932,10823,2902,5531,2745,2758,5212,5244,7144,8002,11546,12683,16834,17432,15089,15783,8584,10403,2797,5326,132040,101767,18867,13716,27852,25778,6342,3,6
2021-07-08T23:59:59+02:00,488,395,6122,5968,8478,8003,10964,11649,15305,15998,19004,19277,15786,16479,8923,10816,2899,5530,2684,2707,5130,5168,7005,7911,11345,12541,16682,17308,15082,15775,8584,10401,2797,5325,131953,100904,15974,13546,27847,25703,6311,3,6
2021-07-07T23:59:59+02:00,486,391,6107,5956,8454,7988,10949,11632,15294,15988,19003,19272,15784,16475,8922,10814,2899,5528,2635,2655,5040,5109,6866,7817,11110,12359,16518,17174,15074,15768,8579,10395,2797,5325,131845,99881,15965,13421,27845,25654,6284,3,6
2021-07-06T23:59:59+02:00,459,371,6006,5863,8381,7922,10876,11563,15261,15948,18980,19255,15776,16465,8919,10812,2896,5526,2567,2585,4907,4994,6683,7684,10721,11947,16146,16798,15048,15735,8571,10388,2796,5321,131227,97723,15957,13339,27840,25593,6252,3,6
2021-07-05T23:59:59+02:00,418,337,5828,5692,8263,7829,10762,11449,15202,15878,18948,19224,15770,16457,8915,10807,2893,5525,2514,2509,4808,4896,6550,7549,10369,11628,15872,16492,15018,15705,8563,10373,2796,5316,130178,95927,15953,13275,27837,25540,6226,3,6
2021-07-04T23:59:59+02:00,398,307,5754,5612,8206,7772,10695,11391,15172,15847,18934,19205,15763,16453,8914,10805,2893,5523,2495,2479,4746,4849,6489,7499,10232,11519,15771,16420,15013,15697,8561,10372,2795,5316,129672,95363,15946,13206,27832,25502,6191,3,6
2021-07-03T23:59:59+02:00,392,305,5735,5602,8196,7763,10684,11387,15165,15841,18931,19202,15763,16453,8914,10805,2893,5523,2460,2447,4650,4821,6382,7473,10174,11473,15667,16334,14334,14990,8542,10347,2795,5316,129601,95248,15944,13204,27832,23587,6174,3,6
2021-07-02T23:59:59+02:00,346,266,5546,5453,8124,7691,10586,11290,15100,15785,18912,19195,15759,16449,8909,10803,2891,5520,2413,2399,4494,4743,6198,7399,10020,11316,15477,16131,13544,14072,8534,10332,2795,5315,128688,94685,15942,13160,27831,21184,6161,3,6
2021-07-01T23:59:59+02:00,284,211,5330,5272,7996,7579,10446,11164,14972,15690,18868,19170,15752,16442,8904,10797,2891,5519,2296,2279,4318,4570,5961,7145,9239,10631,14848,15661,13519,14043,8529,10327,2791,5313,127400,91188,15930,13064,27830,21100,6124,3,6
2021-06-30T23:59:59+02:00,154,121,4848,4799,7655,7302,10093,10826,14745,15513,18811,19126,15741,16431,8900,10789,2891,5516,2260,2232,4233,4498,5850,7048,9068,10508,14758,15583,13505,14035,8526,10324,2791,5311,124414,90588,15924,12891,27830,20967,6090,3,6
2021-06-29T23:59:59+02:00,117,99,4564,4518,7403,7085,9803,10526,14546,15323,18748,19065,15689,16381,8880,10774,2890,5511,2193,2151,4090,4362,5643,6867,8842,10279,14463,15358,13458,13987,8513,10300,2789,5298,122343,89136,15920,12738,27828,20895,5828,3,6
2021-06-28T23:59:59+02:00,101,78,4429,4375,7298,6975,9681,10401,14454,15216,18703,19022,15673,16365,8866,10763,2887,5509,2106,2024,3909,4156,5362,6525,8458,9769,13932,14822,13339,13898,8494,10276,2786,5284,121330,85929,15909,12657,27825,20828,5729,3,4
2021-06-27T23:59:59+02:00,96,76,4375,4328,7239,6920,9619,10346,14421,15182,18683,19005,15656,16353,8859,10756,2886,5504,2052,1990,3845,4112,5248,6411,8289,9640,13756,14709,13313,13878,8484,10267,2783,5282,120964,85140,15905,12622,27822,20689,5610,3,4
2021-06-26T23:59:59+02:00,83,74,4331,4298,7208,6892,9601,10324,14401,15166,18670,18992,15652,16347,8859,10756,2886,5504,1976,1897,3656,3954,5033,6155,7926,9185,13405,14413,13233,13820,8464,10239,2778,5273,120720,82504,15899,12622,27822,20683,5600,3,4
2021-06-25T23:59:59+02:00,70,61,4020,3972,6945,6655,9308,10031,14178,14977,18587,18935,15606,16302,8840,10737,2884,5497,1911,1813,3490,3832,4840,5924,7601,8770,13094,14078,13183,13764,8451,10214,2772,5267,118319,80148,15872,12591,27822,20678,5589,3,4
2021-06-24T23:59:59+02:00,63,54,3927,3882,6847,6570,9208,9941,14079,14892,18559,18902,15591,16285,8834,10730,2884,5496,1844,1739,3376,3735,4641,5782,7381,8571,12845,13877,12349,12833,8271,9951,2772,5266,117589,78931,15863,12485,27818,18348,5471,3,4
2021-06-23T23:59:59+02:00,49,49,3522,3509,6393,6223,8676,9434,13742,14589,18423,18767,15487,16193,8791,10694,2881,5482,1706,1567,3125,3531,4222,5453,6433,7860,12102,13179,12326,12821,8261,9944,2772,5262,114654,78297,15615,9155,27817,18299,4815,3,4
2021-06-22T23:59:59+02:00,40,41,3449,3436,6314,6164,8573,9356,13691,14541,18390,18750,15476,16186,8790,10689,2881,5479,1665,1514,3021,3428,4078,5303,6179,7676,11490,12470,12236,12727,8243,9911,2768,5254,114025,75958,15609,9073,27815,18140,4794,3,4
2021-06-21T23:59:59+02:00,34,38,3378,3375,6222,6105,8513,9285,13630,14495,18357,18730,15474,16184,8787,10686,2881,5478,1629,1463,2930,3331,3952,5153,5983,7450,10732,11549,11848,12271,7166,8684,2762,5247,113504,73302,15602,8972,27808,15142,4735,3,4
2021-06-20T23:59:59+02:00,34,37,3353,3353,6174,6074,8469,9253,13601,14478,18346,18726,15473,16184,8787,10686,2881,5478,1611,1446,2893,3303,3901,5115,5930,7426,10644,11473,11828,12252,7163,8677,2761,5247,113327,72985,15585,8895,27808,15126,4664,3,4
2021-06-19T23:59:59+02:00,32,35,3326,3328,6145,6051,8439,9234,13577,14472,18340,18721,15473,16183,8787,10686,2881,5478,1607,1433,2888,3294,3893,5110,5915,7421,10633,11466,11828,12252,7163,8676,2761,5247,113134,72904,15579,8895,27808,15124,4664,3,4
2021-06-18T23:59:59+02:00,28,30,3284,3285,6071,6011,8370,9179,13531,14441,18317,18710,15472,16181,8786,10685,2881,5478,1532,1339,2751,3118,3710,4834,5518,7048,9140,9899,11661,12084,7122,8626,2749,5229,112750,67726,15552,8894,27808,15113,4627,3,4
2021-06-17T23:59:59+02:00,26,26,3220,3233,6004,5972,8296,9125,13458,14396,18293,18699,15470,16176,8784,10682,2881,5475,1403,1246,2562,2903,3447,4542,5156,6652,8467,9168,11377,11841,7081,8569,2745,5226,112374,64010,15523,8779,27805,15085,4511,3,4
2021-06-16T23:59:59+02:00,26,23,3167,3172,5892,5904,8176,9032,13330,14310,18227,18663,15464,16167,8784,10679,2881,5475,1306,1190,2421,2795,3264,4383,4872,6379,7390,7877,11286,11733,7050,8532,2732,5208,111735,60248,15448,8733,27801,15052,4385,3,4
2021-06-15T23:59:59+02:00,21,22,3071,3086,5774,5814,7991,8853,13067,14091,18078,18536,15449,16155,8776,10673,2881,5473,1269,1157,2348,2739,3160,4308,4669,6255,7078,7626,10791,11174,7016,8498,2724,5195,110314,58004,15420,8701,27791,15020,4283,3,3
2021-06-14T23:59:59+02:00,20,20,2997,3016,5693,5756,7848,8734,12778,13853,17890,18360,15433,16141,8769,10668,2880,5472,1242,1129,2282,2683,3035,4212,4470,6116,6737,7321,10265,10563,6985,8461,2720,5185,108921,55636,15411,8594,27787,14972,4206,3,2
2021-06-13T23:59:59+02:00,20,20,2979,2986,5627,5718,7785,8668,12638,13718,17784,18238,15427,16132,8768,10665,2879,5472,1231,1116,2253,2667,2998,4201,4424,6096,6704,7304,10260,10557,6985,8460,2720,5185,108184,55494,15400,8586,27783,14929,4154,3,2
2021-06-12T23:59:59+02:00,18,20,2950,2968,5599,5693,7754,8649,12619,13699,17776,18235,15426,16130,8768,10665,2879,5472,1175,1054,2164,2591,2903,4065,4282,5964,6594,7219,10178,10479,6389,7736,2720,5185,107985,55379,15397,8586,27783,12583,4152,3,2
2021-06-11T23:59:59+02:00,18,17,2874,2894,5530,5629,7573,8463,12209,13393,17495,18030,15410,16105,8762,10657,2876,5470,1151,1037,2109,2550,2838,4016,4197,5902,6483,7128,10075,10366,6375,7729,2718,5179,106973,54853,14506,8317,27782,12544,4141,3,2
2021-06-10T23:59:59+02:00,14,15,2820,2853,5430,5576,7441,8382,12022,13254,17357,17912,15405,16101,8762,10656,2875,5469,1110,1012,2034,2484,2737,3938,4027,5772,6238,6915,9824,10098,6355,7701,2712,5173,106052,53288,14433,8313,27777,12452,4079,3,2
2021-06-09T23:59:59+02:00,13,14,2742,2784,5308,5481,7219,8212,11743,13012,17170,17763,15394,16087,8758,10647,2875,5466,1053,947,1902,2366,2532,3755,3701,5488,5616,6404,9001,9195,6298,7625,2698,5138,104845,49278,14281,8295,27768,12357,3791,3,2
2021-06-08T23:59:59+02:00,10,10,2644,2682,5173,5353,7022,8027,11313,12585,16793,17374,15375,16060,8747,10640,2874,5461,1016,918,1832,2301,2426,3681,3561,5422,5466,6272,8967,9176,6296,7613,2696,5134,102641,48767,14254,8244,27766,12289,3479,3,2
2021-06-07T23:59:59+02:00,8,9,2517,2584,4982,5222,6815,7862,10835,12224,16450,17078,15350,16032,8741,10623,2873,5457,947,881,1704,2244,2285,3597,3306,5332,5111,5987,8418,8551,6243,7554,2692,5125,100705,46550,14211,8228,27757,12215,2986,3,2
2021-06-06T23:59:59+02:00,8,7,2480,2559,4921,5165,6729,7805,10696,12113,16359,17013,15347,16028,8741,10623,2871,5456,931,871,1676,2224,2241,3569,3235,5307,5063,5963,8413,8550,6238,7546,2692,5124,100114,46389,14160,8218,27750,12144,2894,3,2
2021-06-05T23:59:59+02:00,7,6,2466,2537,4893,5140,6692,7775,10666,12086,16350,17006,15347,16028,8741,10623,2871,5456,915,856,1643,2195,2201,3513,3132,5225,4710,5634,7818,7845,6210,7492,2691,5122,99889,44002,14160,8212,27748,12100,2890,3,2
2021-06-04T23:59:59+02:00,6,5,2435,2508,4848,5096,6644,7722,10577,11982,16298,16942,15343,16021,8741,10622,2870,5455,903,838,1620,2175,2159,3476,3080,5167,4546,5445,7517,7477,6174,7450,2689,5116,99358,42715,14153,8210,27748,12056,2853,3,2
2021-06-03T23:59:59+02:00,6,5,2332,2380,4697,4922,6435,7474,9876,11348,15708,16492,15332,16011,8738,10616,2869,5454,886,808,1580,2116,2110,3396,2990,5057,4400,5278,7358,7288,6162,7423,2689,5112,96019,41667,14114,8200,27743,11972,2816,3,2
2021-06-02T23:59:59+02:00,6,5,2315,2355,4652,4889,6380,7437,9776,11260,15648,16439,15324,16007,8737,10612,2869,5453,874,796,1561,2092,2057,3359,2904,4971,4039,4889,6801,6649,6118,7367,2685,5101,95494,39328,14112,8195,27743,11929,2812,3,2
2021-06-01T23:59:59+02:00,6,4,2252,2315,4531,4796,6215,7320,9587,11112,15540,16362,15321,16003,8733,10608,2868,5448,840,769,1496,2043,1941,3296,2750,4878,3836,4762,6591,6417,6096,7349,2679,5094,94620,38245,14062,8173,27731,11814,2605,3,2
2021-05-31T23:59:59+02:00,2,4,2202,2256,4433,4704,6071,7195,9401,10963,15454,16306,15313,15996,8730,10608,2868,5448,817,735,1439,1984,1869,3247,2575,4822,3706,4708,6234,6003,6073,7328,2676,5086,93898,37065,13975,8166,27720,11713,2358,3,2
2021-05-30T23:59:59+02:00,2,4,2177,2235,4377,4643,5976,7135,9326,10901,15417,16286,15312,15993,8730,10608,2868,5448,805,724,1416,1961,1819,3221,2442,4787,3601,4690,6232,6001,6073,7328,2676,5086,93447,36748,13936,8144,27710,11628,2342,3,2
2021-05-29T23:59:59+02:00,2,4,2161,2220,4357,4631,5959,7118,9313,10888,15412,16283,15311,15993,8730,10608,2868,5448,787,672,1323,1703,1685,2860,2242,4239,3322,4261,6142,5907,5961,7196,2675,5086,93318,36695,13933,8138,27710,8886,2342,3,2
2021-05-28T23:59:59+02:00,2,4,2140,2197,4318,4585,5914,7073,9235,10818,15344,16231,15307,15991,8730,10608,2868,5447,768,582,1245,1450,1587,2458,2064,3551,3058,3666,5503,5166,5879,7105,2671,5073,92840,35394,13920,8138,27708,5953,2341,3,2
2021-05-27T23:59:59+02:00,2,4,2098,2159,4231,4518,5791,6999,9079,10718,15246,16147,15306,15990,8730,10608,2868,5447,738,548,1213,1367,1545,2321,1994,3409,2945,3547,5067,4685,5846,7066,2660,5044,92157,34270,13770,8129,27685,5270,2326,3,2
2021-05-26T23:59:59+02:00,2,4,2030,2040,4036,4373,5450,6735,8108,9974,14483,15444,15294,15984,8726,10602,2866,5444,727,533,1187,1306,1499,2262,1936,3294,2793,3403,3759,3304,5787,6994,2637,4986,91381,30992,10242,8112,27669,5003,2300,3,2
2021-05-25T23:59:59+02:00,2,4,1993,2003,3956,4306,5355,6669,7973,9867,14105,15008,15246,15947,8719,10587,2864,5440,722,526,1159,1271,1479,2237,1916,3266,2767,3377,3753,3294,5780,6991,2635,4985,90036,30903,10093,8102,27653,4894,2259,3,2
2021-05-24T23:59:59+02:00,2,4,1967,1959,3869,4230,5249,6587,7848,9743,13595,14393,15195,15880,8712,10574,2863,5435,716,518,1140,1259,1447,2222,1894,3247,2741,3355,3736,3276,5758,6967,2626,4969,88248,30769,10014,8051,27642,4854,2198,3,1
2021-05-23T23:59:59+02:00,2,4,1958,1947,3850,4208,5231,6574,7796,9712,13519,14330,15184,15876,8710,10573,2862,5435,709,507,1129,1246,1422,2198,1836,3211,2633,3257,3325,2843,5114,6157,2611,4924,88015,30595,9913,5497,27642,4833,2198,3,1
2021-05-22T23:59:59+02:00,2,4,1791,1905,3548,4158,4829,6531,7539,9655,13394,14251,15178,15875,8710,10572,2862,5435,547,476,836,1204,1045,2163,1596,3158,2519,3182,3322,2841,5114,6156,2611,4924,87864,30583,9913,5496,27640,4797,819,3,1
2021-05-21T23:59:59+02:00,2,3,1706,1797,3391,3966,4639,6236,7142,9289,12101,12917,15027,15727,8673,10525,2853,5424,543,464,826,1202,1043,2155,1561,3128,2441,3106,3148,2704,5088,6113,2608,4909,83091,29949,9873,5495,27634,4778,817,3,1
2021-05-20T23:59:59+02:00,2,3,1668,1763,3296,3916,4532,6153,6966,9206,11890,12687,15006,15709,8669,10518,2852,5423,522,449,784,1156,986,2091,1440,3056,2315,3009,2960,2533,5047,6037,2600,4894,82249,29202,9770,5480,27578,4537,660,2,1
2021-05-19T23:59:59+02:00,2,3,1647,1737,3238,3860,4437,6086,6849,9141,11657,12426,14995,15698,8666,10517,2852,5422,513,437,768,1119,969,2022,1330,2908,1989,2715,2397,2038,4942,5919,2578,4847,81428,27136,9631,5465,27551,4269,621,2,1
2021-05-18T23:59:59+02:00,2,3,1586,1704,3149,3770,4324,5982,6689,8982,11365,12169,14950,15650,8654,10494,2850,5412,510,425,752,1103,951,2005,1247,2843,1709,2492,1956,1694,4869,5836,2557,4804,80326,25597,9429,5455,27482,4205,496,2,1
2021-05-17T23:59:59+02:00,2,3,1537,1623,3019,3612,4120,5703,6341,8523,10816,11620,14841,15557,8635,10469,2845,5401,508,417,746,1096,932,2000,1223,2819,1682,2455,1940,1674,4862,5829,2554,4802,77428,25533,9392,5441,27458,4178,387,2,1
2021-05-16T23:59:59+02:00,2,3,1518,1601,2966,3571,4025,5616,6192,8387,10640,11486,14815,15535,8627,10461,2844,5399,501,411,724,1081,902,1984,1194,2791,1649,2431,1933,1665,4859,5825,2551,4800,76682,25503,9333,5423,27428,4132,243,2,1
2021-05-15T23:59:59+02:00,2,3,1432,1503,2756,3405,3796,5339,5833,7915,10287,11191,14730,15473,8608,10432,2838,5390,501,409,720,1079,902,1980,1189,2790,1643,2426,1921,1653,4852,5819,2551,4798,73935,25441,9333,5423,27421,4127,242,2,1
2021-05-14T23:59:59+02:00,2,3,1398,1440,2645,3308,3644,5182,5634,7626,10067,10938,14695,15435,8595,10409,2835,5386,452,368,649,913,829,1694,1061,2380,1462,2101,1887,1613,4849,5811,2550,4794,72290,25378,9314,5421,27398,2376,238,2,1
2021-05-13T23:59:59+02:00,2,3,1341,1372,2543,3224,3475,5045,5415,7420,9840,10759,14669,15406,8585,10406,2833,5383,445,356,622,885,727,1587,961,2295,1197,1888,1168,1033,4629,5576,2542,4761,71127,25258,9001,2880,27368,2311,223,2,1
2021-05-12T23:59:59+02:00,2,3,1334,1362,2526,3218,3457,5031,5394,7407,9825,10748,14667,15402,8583,10404,2832,5383,445,355,621,884,723,1585,956,2295,1193,1882,1149,1024,4616,5538,2508,4692,71011,25056,8977,2880,27366,2308,222,2,1
2021-05-11T23:59:59+02:00,2,2,1292,1320,2453,3136,3343,4904,5198,7260,9538,10440,14619,15344,8571,10384,2828,5374,439,342,603,870,700,1568,928,2271,1167,1856,1094,988,4553,5440,2465,4568,69671,24564,8854,2862,27281,2226,200,2,1
2021-05-10T23:59:59+02:00,2,2,1270,1293,2389,3059,3216,4778,5067,7102,9213,10060,14573,15305,8562,10365,2823,5372,438,340,590,861,686,1553,916,2255,1149,1842,1059,954,4491,5364,2424,4450,68315,24149,8732,2859,27212,2174,190,2,1
2021-05-09T23:59:59+02:00,2,2,1255,1276,2347,3044,3137,4742,5003,7069,9147,10015,14560,15290,8560,10360,2823,5370,430,338,576,856,663,1533,894,2235,1137,1828,1040,938,4478,5326,2408,4407,68076,23986,8656,2857,27164,2140,104,2,1
2021-05-08T23:59:59+02:00,1,2,1253,1272,2333,3032,3119,4731,4963,7054,9123,10007,14559,15290,8560,10359,2823,5370,430,338,575,856,662,1533,894,2234,1136,1827,1040,938,4477,5326,2408,4407,67933,23984,8650,2854,27162,2139,104,2,1
2021-05-07T23:59:59+02:00,1,2,1233,1251,2293,2991,3067,4683,4864,6962,8898,9760,14542,15267,8554,10353,2820,5366,382,312,543,788,625,1371,824,2027,1046,1638,1010,909,4456,5304,2406,4402,67022,23879,8643,2850,27136,1210,104,2,1
2021-05-06T23:59:59+02:00,1,2,1086,1159,2065,2748,2768,4372,4493,6561,8307,9153,14262,15028,8514,10296,2817,5365,381,308,530,769,608,1339,805,1992,1013,1610,983,877,4446,5290,2404,4398,63383,23749,8515,2799,27000,1108,97,2,1
2021-05-05T23:59:59+02:00,1,1,1021,1107,1953,2635,2608,4200,4197,6282,7290,7967,14176,14929,8479,10255,2804,5345,378,305,523,759,593,1330,771,1978,987,1590,910,814,4405,5218,2396,4382,59853,23428,8469,2778,26876,1083,50,2,1
2021-05-04T23:59:59+02:00,1,1,999,1087,1901,2596,2506,4132,3977,6168,7009,7749,13670,14362,8448,10222,2799,5336,375,304,518,755,581,1325,754,1959,971,1583,892,790,4384,5202,2393,4373,57794,23293,8410,2763,26715,1061,42,2,1
2021-05-03T23:59:59+02:00,1,1,967,1050,1839,2543,2400,4021,3776,6050,6651,7447,13134,13736,8411,10184,2792,5321,369,303,516,749,570,1318,745,1948,957,1570,866,766,4366,5184,2387,4360,55365,23181,8384,2752,26572,1040,1,2,1
2021-05-02T23:59:59+02:00,1,1,962,1049,1820,2537,2371,4012,3731,6040,6615,7438,13133,13735,8411,10183,2792,5321,369,303,513,749,569,1316,740,1948,956,1566,864,762,4364,5180,2387,4360,55226,23162,8378,2750,26545,1033,1,2,1
2021-05-01T23:59:59+02:00,1,1,962,1047,1812,2533,2359,4004,3718,6032,6601,7429,13132,13732,8411,10183,2792,5321,369,303,513,749,569,1316,739,1947,954,1566,864,762,4364,5180,2387,4360,55148,23162,8376,2746,26543,1033,1,2,1
2021-04-30T23:59:59+02:00,0,1,946,1042,1792,2517,2338,3969,3681,5999,6522,7375,13037,13628,8410,10178,2789,5309,319,248,472,673,540,1137,708,1723,920,1362,853,744,4360,5177,2387,4360,54650,23148,8375,2741,26505,93,1,2,1
2021-04-29T23:59:59+02:00,0,1,892,1017,1736,2467,2274,3910,3533,5875,6284,7152,12776,13354,8388,10149,2785,5302,312,246,462,666,537,1129,701,1712,909,1352,845,729,4351,5169,2387,4358,53053,23058,8359,2735,26480,71,1,2,1
2021-04-28T23:59:59+02:00,0,1,831,983,1656,2404,2130,3799,3249,5622,5681,6645,11939,12435,8329,10060,2761,5265,311,243,460,659,529,1116,690,1691,899,1345,830,713,4332,5142,2385,4358,48995,22935,8352,2716,26440,51,1,2,1
2021-04-27T23:59:59+02:00,0,1,822,978,1638,2383,2085,3780,3178,5597,5555,6521,11910,12418,8327,10058,2761,5263,310,241,454,657,521,1110,681,1679,889,1339,819,701,4328,5136,2384,4352,48516,22857,8347,2700,26409,43,1,2,1
2021-04-26T23:59:59+02:00,0,1,812,966,1612,2365,2025,3739,3000,5519,5223,6235,11345,11773,8272,9993,2756,5253,308,240,453,656,516,1104,670,1673,880,1328,810,692,4323,5131,2384,4348,46183,22806,8338,2671,26366,38,1,1,1
2021-04-25T23:59:59+02:00,0,1,802,964,1595,2359,1987,3722,2874,5496,5129,6230,11341,11769,8268,9987,2755,5252,307,239,453,656,516,1097,670,1671,877,1326,810,691,4323,5131,2384,4348,45854,22800,8332,2667,26343,31,1,1,1
2021-04-24T23:59:59+02:00,0,1,788,954,1573,2339,1947,3677,2777,5427,4786,5906,10727,11044,8237,9928,2754,5250,307,239,453,656,516,1096,669,1669,876,1326,805,687,4313,5115,2382,4347,43445,22763,8331,2662,26337,30,1,1,1
2021-04-23T23:59:59+02:00,0,1,783,946,1560,2329,1917,3650,2738,5374,4625,5720,10418,10662,8197,9886,2751,5241,307,238,453,656,516,1095,668,1669,874,1326,805,686,4310,5112,2382,4347,42144,22752,8330,2661,26322,30,1,1,1
2021-04-22T23:59:59+02:00,0,1,766,932,1532,2286,1867,3581,2651,5283,4472,5566,10274,10468,8183,9855,2749,5233,307,237,451,645,514,1089,662,1661,868,1317,799,682,4307,5110,2382,4345,41143,22716,8302,2637,26252,22,1,1,1
2021-04-21T23:59:59+02:00,0,1,755,920,1507,2274,1815,3536,2546,5195,4087,5146,9677,9784,8134,9791,2745,5222,305,237,449,644,514,1088,658,1658,863,1312,786,670,4297,5096,2382,4341,38624,22666,8286,2613,26223,20,1,1,1
2021-04-20T23:59:59+02:00,0,1,748,908,1486,2247,1784,3505,2496,5137,3950,5051,9480,9564,8117,9781,2741,5219,305,236,449,643,513,1086,657,1654,860,1306,780,665,4293,5091,2382,4341,37789,22634,8274,2607,26150,20,1,1,0
2021-04-19T23:59:59+02:00,0,1,741,899,1478,2239,1765,3487,2464,5110,3885,4992,9109,9147,8092,9756,2738,5213,305,234,448,639,511,1083,654,1652,856,1302,775,659,4284,5089,2382,4339,36759,22596,8262,2596,26093,20,1,1,0
2021-04-18T23:59:59+02:00,0,1,737,896,1473,2233,1747,3480,2445,5098,3877,4990,9099,9136,8092,9755,2738,5213,304,234,448,636,510,1079,652,1649,853,1302,774,657,4284,5087,2382,4339,36699,22588,8242,2582,26067,20,1,1,0
2021-04-17T23:59:59+02:00,0,1,721,890,1385,2223,1647,3468,2408,5068,3796,4912,8384,8414,8076,9742,2738,5213,304,234,446,634,509,1078,651,1649,852,1299,774,657,4283,5087,2382,4339,36691,22576,8242,2582,24151,20,1,1,0
2021-04-16T23:59:59+02:00,0,1,706,872,1256,2200,1495,3445,2322,5002,3634,4747,7044,6863,8041,9693,2725,5181,304,233,441,626,505,1074,641,1647,848,1289,764,651,4277,5073,2379,4337,35312,22499,8232,2578,21681,12,1,1,0
2021-04-15T23:59:59+02:00,0,1,685,862,1245,2187,1474,3427,2264,4965,3562,4695,6606,6364,8000,9629,2701,5106,297,227,427,615,488,1060,607,1620,813,1259,673,590,3779,4561,2355,4301,33988,22440,8177,1224,21606,8,1,1,0
2021-04-14T23:59:59+02:00,0,1,680,858,1226,2173,1442,3408,2219,4928,3430,4601,5265,4959,7949,9564,2679,5069,289,222,424,609,481,1057,600,1612,808,1256,658,574,3766,4551,2351,4296,30755,22352,8165,1195,21529,7,1,1,0
2021-04-13T23:59:59+02:00,0,1,677,858,1217,2168,1426,3406,2211,4917,3410,4586,5246,4942,7943,9561,2678,5067,289,221,422,607,478,1054,598,1608,797,1253,640,569,3764,4548,2351,4296,30674,22331,8144,1157,21494,7,1,1,0
2021-04-12T23:59:59+02:00,0,1,672,850,1204,2158,1410,3395,2176,4902,3379,4562,5221,4927,7930,9549,2675,5034,288,220,420,607,476,1048,596,1604,789,1245,635,566,3758,4547,2351,4296,30541,22303,8099,1136,21403,7,1,1,0
2021-04-11T23:59:59+02:00,0,1,664,846,1188,2146,1392,3380,2108,4877,3260,4478,4802,4485,7256,8723,2668,5029,288,220,418,607,474,1046,591,1601,785,1243,631,563,3754,4542,2351,4296,30511,22296,5479,1107,21311,7,1,1,0
2021-04-10T23:59:59+02:00,0,1,664,844,1187,2145,1390,3376,2106,4874,3257,4471,4758,4438,7252,8717,2668,5028,283,217,416,596,461,1030,564,1584,753,1218,559,493,3186,3922,2301,4201,30388,20670,5476,1107,21310,7,1,1,0
2021-04-09T23:59:59+02:00,0,1,660,843,1179,2142,1386,3371,2074,4852,3178,4390,4560,4272,7217,8668,2664,5012,273,210,406,582,442,1014,538,1565,732,1195,479,432,2529,3102,2252,4105,29698,18743,5472,1106,21297,7,1,1,0
2021-04-08T23:59:59+02:00,0,1,650,833,1163,2130,1369,3339,2012,4798,3028,4279,3505,3115,6976,8304,2653,4997,260,202,389,564,418,1000,516,1534,699,1172,458,405,2519,3093,2249,4102,28891,18515,5422,1058,18837,7,1,1,0
2021-04-07T23:59:59+02:00,0,1,643,827,1150,2121,1350,3326,1903,4718,2706,4029,2896,2586,6864,8180,2628,4944,246,195,362,540,380,966,473,1500,664,1144,431,381,2459,3029,2244,4094,26706,18063,5401,1039,18763,6,1,1,0
2021-04-06T23:59:59+02:00,0,1,633,818,1111,2114,1326,3308,1785,4667,2427,3861,2443,2237,6786,8089,2606,4906,222,182,328,513,355,947,436,1477,629,1113,396,339,2404,2954,2238,4084,25102,17590,5384,1021,18630,6,1,1,0
2021-04-05T23:59:59+02:00,0,1,630,816,1100,2109,1320,3305,1776,4657,2412,3844,2151,1891,5662,6770,2604,4905,222,182,327,509,349,941,432,1475,625,1109,393,336,2402,2948,2238,4082,25070,17580,5372,984,15509,6,1,1,0
2021-04-04T23:59:59+02:00,0,1,629,815,1100,2109,1320,3304,1776,4657,2410,3842,2150,1888,5662,6766,2604,4905,222,182,326,509,349,941,431,1475,625,1109,393,336,2401,2948,2238,4082,25061,17577,5372,984,15503,6,1,1,0
2021-04-03T23:59:59+02:00,0,1,629,815,1100,2108,1320,3304,1775,4655,2406,3842,2149,1885,5661,6766,2604,4905,222,182,326,509,349,941,431,1475,624,1109,393,336,2401,2948,2238,4082,25055,17576,5368,984,15500,6,1,1,0
2021-04-02T23:59:59+02:00,0,1,629,814,1100,2108,1316,3303,1772,4650,2405,3839,2141,1876,5649,6750,2600,4893,222,182,326,507,349,940,430,1474,623,1098,391,336,2401,2947,2238,4082,24986,17556,5363,984,15495,6,1,1,0
2021-04-01T23:59:59+02:00,0,1,625,803,1078,2089,1218,3208,1681,4581,2146,3631,1408,1287,5440,6537,2590,4863,218,181,326,506,348,939,429,1472,623,1097,388,334,2401,2947,2238,4078,24875,17544,2852,975,15457,6,1,1,0
2021-03-31T23:59:59+02:00,0,1,623,802,1074,2085,1213,3200,1670,4576,2128,3618,1380,1254,5411,6482,2549,4763,217,181,326,505,347,939,429,1471,622,1095,385,331,2397,2946,2236,4076,24549,17530,2838,967,15440,6,1,1,0
2021-03-30T23:59:59+02:00,0,1,621,795,1069,2081,1207,3195,1660,4562,2121,3603,1333,1208,5324,6351,2502,4608,217,180,326,504,344,935,424,1468,615,1084,370,320,2294,2793,2113,3849,24012,16905,2816,925,15412,6,1,0,0
2021-03-29T23:59:59+02:00,0,1,619,793,1066,2073,1197,3189,1653,4550,2108,3590,1297,1177,5260,6256,2448,4474,216,179,324,502,342,933,422,1463,610,1079,363,315,2069,2526,1886,3469,23567,15770,2789,922,15394,6,1,0,0
2021-03-28T23:59:59+02:00,0,1,619,790,1064,2067,1194,3182,1648,4539,2102,3585,1281,1168,5249,6234,2436,4441,214,179,323,499,333,929,419,1456,607,1067,356,303,2064,2512,1885,3466,23457,15742,2771,867,15371,3,1,0,0
2021-03-27T23:59:59+01:00,0,1,566,729,984,1999,1113,3063,1530,4414,2000,3503,1212,1098,4646,5501,2436,4441,212,178,323,499,333,929,415,1454,606,1064,355,303,2063,2511,1885,3466,23440,15726,2766,867,13029,3,1,0,0
2021-03-26T23:59:59+01:00,0,1,563,724,977,1988,1111,3057,1520,4407,1983,3495,1168,1067,4616,5467,2435,4437,211,175,323,497,330,928,413,1453,601,1057,347,298,1658,1976,1460,2739,23244,13602,2756,861,13015,3,1,0,0
2021-03-25T23:59:59+01:00,0,1,560,718,964,1980,1108,3048,1513,4395,1968,3485,1158,1057,4608,5462,2435,4435,210,172,321,496,328,923,410,1447,597,1048,343,294,1561,1854,1423,2663,23198,13249,2748,838,12948,3,1,0,0
2021-03-24T23:59:59+01:00,0,1,558,712,956,1969,1095,3032,1484,4376,1954,3477,1123,1027,4581,5427,2430,4430,209,172,320,495,324,919,406,1439,587,1030,330,284,1233,1471,1267,2394,23057,12099,2722,778,12852,3,1,0,0
2021-03-23T23:59:59+01:00,0,1,556,707,951,1956,1091,3022,1477,4362,1944,3469,1110,1016,4562,5413,2430,4426,208,172,318,492,315,916,405,1439,581,1026,322,277,994,1205,1151,2214,22982,11276,2713,756,12797,3,1,0,0
2021-03-22T23:59:59+01:00,0,1,555,698,946,1942,1085,3013,1468,4346,1930,3459,1107,1012,4557,5412,2430,4426,207,172,317,490,314,914,402,1436,578,1022,318,273,993,1201,1151,2211,22957,11260,2697,736,12732,3,1,0,0
2021-03-21T23:59:59+01:00,0,1,552,695,943,1934,1082,3009,1460,4333,1918,3452,1104,1011,4557,5410,2430,4426,206,172,317,489,312,910,402,1431,572,1020,308,268,989,1196,1150,2211,22953,11257,2684,693,12679,3,1,0,0
2021-03-20T23:59:59+01:00,0,1,547,688,938,1917,1065,2992,1432,4315,1884,3423,1032,940,3971,4770,2378,4326,206,172,317,489,312,910,402,1431,572,1020,308,268,989,1196,1149,2210,21278,11255,2683,693,12657,3,1,0,0
2021-03-19T23:59:59+01:00,0,1,538,679,920,1889,1038,2972,1396,4289,1858,3392,945,875,3290,3930,2327,4227,203,172,315,489,311,907,400,1429,568,1013,305,267,976,1183,1118,2170,19280,11232,2672,591,12613,3,1,0,0
2021-03-18T23:59:59+01:00,0,1,525,667,903,1863,1015,2946,1356,4248,1814,3339,847,811,2774,3395,2304,4193,198,170,312,485,308,897,396,1423,566,1008,302,260,870,1086,1005,1977,19201,10846,1264,414,12535,3,1,0,0
2021-03-17T23:59:59+01:00,0,1,523,657,894,1843,1002,2925,1333,4226,1797,3323,817,786,2686,3304,2298,4188,196,169,310,483,305,896,389,1419,563,1004,299,255,628,811,699,1526,18892,9918,1225,34,12485,0,1,0,0
2021-03-16T23:59:59+01:00,0,1,521,648,885,1822,981,2909,1316,4214,1773,3307,788,775,2638,3223,2296,4183,196,169,308,483,303,893,386,1417,560,999,293,251,380,571,508,1216,18684,8906,1185,28,12411,0,0,0,0
2021-03-15T23:59:59+01:00,0,1,521,638,880,1802,970,2887,1311,4207,1765,3298,782,771,2635,3222,2296,4183,195,169,307,482,302,893,386,1416,557,999,293,251,380,570,507,1216,18669,8899,1162,25,12338,0,0,0,0
2021-03-14T23:59:59+01:00,0,1,520,632,873,1790,963,2880,1301,4194,1755,3285,777,767,2630,3219,2296,4183,195,169,306,482,301,891,384,1414,557,999,292,251,380,570,507,1216,18664,8896,1132,19,12270,0,0,0,0
2021-03-13T23:59:59+01:00,0,1,499,581,780,1529,832,2497,1107,3631,1473,2857,697,678,2527,3093,2295,4182,195,169,306,482,301,891,384,1414,557,999,292,251,380,570,507,1216,18660,8896,1132,19,9467,0,0,0,0
2021-03-12T23:59:59+01:00,0,1,484,498,716,1260,741,2101,935,2943,1226,2263,556,526,2483,3048,2295,4182,195,167,306,482,301,889,383,1414,557,996,292,250,367,550,458,1151,18631,8739,1131,19,6496,0,0,0,0
2021-03-11T23:59:59+01:00,0,1,460,462,682,1189,694,1995,875,2798,1144,2151,500,466,2469,3036,2294,4180,195,167,305,480,300,888,383,1411,556,996,292,249,354,533,409,1106,18434,8608,1083,16,5879,0,0,0,0
2021-03-10T23:59:59+01:00,0,1,446,452,649,1155,654,1962,833,2762,1111,2122,481,450,2455,3016,2293,4176,191,165,301,473,300,887,378,1405,550,989,288,243,229,434,176,837,18158,7836,1063,10,5797,0,0,0,0
2021-03-09T23:59:59+01:00,0,1,430,435,618,1125,631,1942,810,2734,1089,2098,459,429,2361,2873,2167,3944,191,165,299,471,299,886,377,1402,550,986,286,242,229,434,175,836,17389,7828,1046,0,5711,0,0,0,0
2021-03-08T23:59:59+01:00,0,1,417,414,596,1095,613,1920,794,2709,1067,2072,437,401,2130,2597,1938,3562,191,164,299,469,298,881,377,1396,550,984,285,240,229,433,175,836,16138,7807,1017,0,5608,0,0,0,0
2021-03-07T23:59:59+01:00,0,1,416,413,589,1077,599,1912,791,2696,1062,2062,436,400,2125,2589,1937,3559,191,164,298,468,298,880,377,1393,550,983,285,240,229,433,175,836,16110,7800,1007,0,5547,0,0,0,0
2021-03-06T23:59:59+01:00,0,1,416,410,586,1064,596,1910,784,2689,1058,2055,435,400,2125,2589,1937,3559,191,164,298,468,298,880,377,1393,550,982,284,240,229,433,175,836,16102,7798,1007,0,5505,0,0,0,0
2021-03-05T23:59:59+01:00,0,1,410,395,580,1052,591,1901,779,2679,1051,2047,421,392,1701,2024,1501,2802,188,159,294,468,295,878,375,1390,548,978,284,240,229,433,175,836,13863,7770,1007,0,5457,0,0,0,0
2021-03-04T23:59:59+01:00,0,1,400,370,552,1013,572,1844,750,2625,1030,1998,417,388,1608,1905,1461,2725,177,151,283,457,294,870,373,1376,546,974,283,240,229,433,175,836,13505,7697,1001,0,5153,0,0,0,0
2021-03-03T23:59:59+01:00,0,1,397,364,545,982,554,1812,726,2577,1012,1958,409,382,1282,1525,1302,2451,176,150,282,456,293,869,369,1369,543,967,281,238,228,432,173,831,12341,7657,992,0,4946,0,0,0,0
2021-03-02T23:59:59+01:00,0,1,393,359,537,948,540,1792,717,2553,1001,1939,398,372,1036,1256,1182,2268,176,148,281,446,289,863,369,1360,543,961,281,238,228,432,173,831,11510,7619,955,0,4827,0,0,0,0
2021-03-01T23:59:59+01:00,0,1,391,352,528,925,521,1761,708,2529,990,1922,394,365,1035,1249,1182,2264,176,146,281,437,286,853,366,1345,540,955,279,236,227,431,173,831,11490,7562,920,0,4707,0,0,0,0
2021-02-28T23:59:59+01:00,0,1,386,349,525,917,513,1750,704,2517,985,1907,389,360,1035,1247,1182,2264,174,145,281,436,286,852,366,1345,539,955,279,236,227,431,173,831,11484,7556,892,0,4655,0,0,0,0
2021-02-27T23:59:59+01:00,0,1,385,347,520,910,511,1744,701,2508,982,1905,388,359,1035,1247,1181,2264,174,145,281,436,286,852,366,1345,538,955,279,236,227,431,173,831,11483,7555,892,0,4613,0,0,0,0
2021-02-26T23:59:59+01:00,0,1,338,301,452,738,435,1436,574,2091,811,1564,360,329,1035,1244,1181,2264,174,143,281,432,284,844,364,1337,536,952,279,236,227,431,173,831,11472,7524,881,0,2801,0,0,0,0
2021-02-25T23:59:59+01:00,0,1,318,292,441,717,423,1400,559,2043,793,1532,352,321,949,1152,1107,2138,123,130,261,427,275,832,352,1321,531,945,279,234,227,431,173,831,11061,7372,851,0,2626,0,0,0,0
2021-02-24T23:59:59+01:00,0,1,313,286,436,701,416,1365,543,1995,771,1488,345,308,739,918,920,1829,123,124,259,421,272,822,350,1308,524,939,277,232,225,430,173,829,10112,7308,810,0,2452,0,0,0,0
2021-02-23T23:59:59+01:00,0,1,311,274,428,687,405,1341,535,1961,752,1469,331,298,486,669,727,1522,123,123,258,419,270,816,350,1302,523,931,276,231,224,430,171,828,9099,7275,765,0,2333,0,0,0,0
2021-02-22T23:59:59+01:00,0,1,311,273,427,680,404,1336,531,1950,747,1465,331,296,485,667,727,1521,123,118,253,409,269,799,346,1277,518,923,272,230,224,430,171,828,9094,7190,754,0,2304,0,0,0,0
2021-02-21T23:59:59+01:00,0,1,308,272,425,674,401,1327,528,1942,741,1461,320,291,481,662,725,1521,123,118,252,408,269,796,343,1274,510,920,271,229,223,429,170,817,9089,7152,712,0,2279,0,0,0,0
2021-02-20T23:59:59+01:00,0,1,308,269,425,672,401,1319,527,1933,739,1457,320,291,481,662,725,1521,123,118,252,408,269,796,343,1274,509,920,271,229,223,429,170,817,9089,7151,712,0,2250,0,0,0,0
2021-02-19T23:59:59+01:00,0,0,262,243,393,596,367,1150,469,1720,630,1247,311,275,455,626,643,1412,123,118,252,408,268,796,343,1274,509,920,271,229,223,429,170,817,8867,7150,605,0,1327,0,0,0,0
2021-02-18T23:59:59+01:00,0,0,261,238,385,587,356,1128,456,1702,620,1240,311,273,401,578,530,1280,120,115,248,402,261,789,340,1265,506,919,269,227,223,429,170,817,8679,7100,424,0,1243,0,0,0,0
2021-02-17T23:59:59+01:00,0,0,255,234,373,573,349,1119,433,1686,612,1228,306,266,240,442,185,861,112,102,245,396,256,773,334,1249,500,908,265,224,222,429,170,817,7942,7002,32,0,1188,0,0,0,0
2021-02-16T23:59:59+01:00,0,0,253,232,362,571,339,1110,425,1672,607,1221,303,263,239,441,185,861,83,89,225,370,245,743,316,1209,468,873,243,209,214,409,169,810,7933,6675,28,0,1123,0,0,0,0
2021-02-15T23:59:59+01:00,0,0,251,232,360,566,337,1104,423,1660,604,1215,303,263,239,440,184,861,82,87,221,359,238,731,306,1182,452,850,230,202,201,385,162,753,7926,6441,25,0,1091,0,0,0,0
2021-02-14T23:59:59+01:00,0,0,250,230,354,563,333,1095,419,1654,601,1212,303,263,239,440,184,861,78,85,214,354,235,723,301,1169,448,835,229,200,201,374,162,743,7916,6351,20,0,1065,0,0,0,0
2021-02-13T23:59:59+01:00,0,0,250,230,354,563,333,1095,417,1654,601,1211,302,263,239,440,184,861,78,85,214,354,235,723,301,1169,448,835,229,200,201,374,162,743,7914,6351,20,0,1063,0,0,0,0
2021-02-12T23:59:59+01:00,0,0,194,169,306,485,306,899,384,1416,564,998,294,248,238,440,184,861,75,84,211,353,233,720,295,1165,445,830,225,197,201,372,162,743,7901,6311,20,0,65,0,0,0,0
2021-02-11T23:59:59+01:00,0,0,192,168,300,474,302,885,378,1397,554,990,294,248,238,440,184,861,74,81,200,327,223,676,275,1114,427,780,224,194,201,367,162,740,7861,6065,17,0,27,0,0,0,0
2021-02-10T23:59:59+01:00,0,0,190,161,296,470,299,880,372,1386,550,982,292,246,236,439,184,859,69,75,183,299,212,616,258,1029,402,727,215,179,187,337,147,689,7818,5624,11,0,13,0,0,0,0
2021-02-09T23:59:59+01:00,0,0,185,154,292,462,298,871,372,1376,548,973,289,245,236,439,183,858,60,60,145,236,183,511,220,837,346,592,194,153,165,301,137,612,7773,4752,2,0,6,0,0,0,0
2021-02-08T23:59:59+01:00,0,0,179,147,288,450,293,861,368,1356,541,966,285,241,235,438,181,854,33,47,100,146,134,284,161,457,252,386,163,125,136,243,112,508,7675,3287,2,0,6,0,0,0,0
2021-02-07T23:59:59+01:00,0,0,177,145,285,449,292,859,367,1355,540,965,284,240,235,438,181,854,19,40,82,124,129,263,152,423,236,360,153,120,126,232,105,470,7665,3034,1,0,0,0,0,0,0
2021-02-06T23:59:59+01:00,0,0,177,145,285,449,292,859,367,1355,540,965,284,240,235,438,181,854,19,37,80,121,119,248,141,406,205,339,138,116,125,227,104,459,7665,2884,1,0,0,0,0,0,0
2021-02-05T23:59:59+01:00,0,0,177,143,285,445,291,848,365,1347,536,962,284,239,235,438,181,853,18,33,76,116,112,234,135,379,188,321,133,111,121,222,96,442,7628,2737,1,0,0,0,0,0,0
2021-02-04T23:59:59+01:00,0,0,169,138,284,441,284,839,361,1336,527,953,283,237,234,437,181,851,11,20,50,78,83,177,113,288,155,263,115,97,109,206,86,398,7555,2249,0,0,0,0,0,0,0
2021-02-03T23:59:59+01:00,0,0,151,131,274,435,281,832,359,1325,527,951,283,237,233,437,181,850,11,18,42,67,74,142,89,256,134,222,96,83,94,177,78,350,7487,1933,0,0,0,0,0,0,0
2021-02-02T23:59:59+01:00,0,0,131,126,262,433,278,824,354,1319,526,944,282,237,232,437,180,849,11,15,34,61,62,120,74,212,103,172,64,58,69,114,53,225,7414,1447,0,0,0,0,0,0,0
2021-02-01T23:59:59+01:00,0,0,126,121,257,418,276,807,352,1294,520,932,277,235,232,437,180,849,4,9,19,33,31,66,45,118,59,71,29,29,29,48,28,109,7313,727,0,0,0,0,0,0,0
2021-01-31T23:59:59+01:00,0,0,125,118,255,415,275,803,349,1288,515,930,277,232,231,436,180,849,4,6,14,23,26,47,32,72,39,43,15,9,14,28,22,63,7278,457,0,0,0,0,0,0,0
2021-01-30T23:59:59+01:00,0,0,125,118,255,415,275,802,349,1287,514,930,277,232,231,436,180,849,4,6,13,20,23,40,27,64,36,41,15,9,14,28,22,63,7275,425,0,0,0,0,0,0,0
2021-01-29T23:59:59+01:00,0,0,125,118,255,415,274,802,349,1287,514,930,277,232,231,436,180,849,4,6,7,18,21,31,22,56,32,38,15,9,14,27,21,62,7274,383,0,0,0,0,0,0,0
2021-01-28T23:59:59+01:00,0,0,123,115,251,408,270,795,346,1280,510,929,277,232,231,436,180,849,1,3,2,8,13,13,12,27,12,23,11,5,7,14,7,25,7232,183,0,0,0,0,0,0,0
2021-01-27T23:59:59+01:00,0,0,115,105,249,403,267,786,341,1273,504,922,272,229,230,435,180,849,0,0,1,4,9,11,8,20,10,17,10,5,7,14,7,25,7160,148,0,0,0,0,0,0,0
2021-01-26T23:59:59+01:00,0,0,88,93,231,386,259,761,328,1235,478,891,252,217,220,417,180,841,0,0,1,4,9,11,8,20,10,17,10,5,7,14,7,25,6877,148,0,0,0,0,0,0,0
2021-01-25T23:59:59+01:00,0,0,85,88,229,366,246,742,314,1202,460,866,235,210,209,395,175,785,0,0,1,4,9,9,7,13,7,13,10,5,7,14,7,25,6607,131,0,0,0,0,0,0,0
2021-01-24T23:59:59+01:00,0,0,85,86,225,362,245,737,311,1189,458,851,234,208,209,384,175,774,0,0,1,4,9,9,7,13,7,13,10,5,7,14,7,25,6533,131,0,0,0,0,0,0,0
2021-01-23T23:59:59+01:00,0,0,85,86,225,362,245,737,311,1189,458,851,234,208,209,384,175,774,0,0,1,4,9,9,7,13,7,13,10,5,7,14,7,25,6533,131,0,0,0,0,0,0,0
2021-01-22T23:59:59+01:00,0,0,85,85,223,360,245,734,308,1185,454,848,232,207,209,383,175,774,0,0,1,4,9,9,7,13,7,13,10,5,7,14,7,25,6507,131,0,0,0,0,0,0,0
2021-01-21T23:59:59+01:00,0,0,85,82,209,331,235,690,283,1135,439,814,231,203,208,377,174,771,0,0,1,2,7,8,6,12,6,11,10,5,7,14,7,25,6267,121,0,0,0,0,0,0,0
2021-01-20T23:59:59+01:00,0,0,79,76,194,308,223,624,269,1042,410,753,222,191,194,346,160,719,0,0,1,2,7,8,6,12,6,11,10,5,7,14,7,25,5810,121,0,0,0,0,0,0,0
2021-01-19T23:59:59+01:00,0,0,71,66,155,259,203,561,243,919,369,644,201,165,168,304,146,629,0,0,1,2,3,7,6,11,4,9,7,4,7,14,7,25,5103,107,0,0,0,0,0,0,0
2021-01-18T23:59:59+01:00,0,0,59,59,132,216,182,458,216,762,329,551,182,144,143,253,124,540,0,0,0,1,2,4,3,6,2,7,6,4,7,14,7,23,4350,86,0,0,0,0,0,0,0
2021-01-17T23:59:59+01:00,0,0,40,47,108,186,167,399,199,676,304,496,173,137,130,236,107,480,0,0,0,0,2,4,2,6,2,5,4,4,7,14,6,23,3885,79,0,0,0,0,0,0,0
2021-01-16T23:59:59+01:00,0,0,33,44,108,183,157,383,184,656,273,474,157,132,129,230,106,468,0,0,0,0,0,0,0,0,0,0,0,0,0,0,0,0,3717,0,0,0,0,0,0,0,0
2021-01-15T23:59:59+01:00,0,0,31,40,104,178,146,369,178,627,254,452,152,123,125,224,97,450,0,0,0,0,0,0,0,0,0,0,0,0,0,0,0,0,3550,0,0,0,0,0,0,0,0
2021-01-14T23:59:59+01:00,0,0,13,23,51,78,84,173,114,290,149,263,124,104,111,207,85,405,0,0,0,0,0,0,0,0,0,0,0,0,0,0,0,0,2274,0,0,0,0,0,0,0,0
2021-01-13T23:59:59+01:00,0,0,12,20,41,67,76,138,92,260,124,226,95,82,91,166,67,324,0,0,0,0,0,0,0,0,0,0,0,0,0,0,0,0,1881,0,0,0,0,0,0,0,0
2021-01-12T23:59:59+01:00,0,0,12,15,37,63,63,114,77,211,95,172,62,54,61,100,39,189,0,0,0,0,0,0,0,0,0,0,0,0,0,0,0,0,1364,0,0,0,0,0,0,0,0
2021-01-11T23:59:59+01:00,0,0,4,10,26,45,39,83,56,141,58,85,32,28,25,40,18,81,0,0,0,0,0,0,0,0,0,0,0,0,0,0,0,0,771,0,0,0,0,0,0,0,0
2021-01-10T23:59:59+01:00,0,0,3,6,19,32,34,58,38,94,37,53,15,8,8,19,12,34,0,0,0,0,0,0,0,0,0,0,0,0,0,0,0,0,470,0,0,0,0,0,0,0,0
2021-01-09T23:59:59+01:00,0,0,3,6,18,28,33,54,33,84,35,52,15,8,8,19,12,34,0,0,0,0,0,0,0,0,0,0,0,0,0,0,0,0,442,0,0,0,0,0,0,0,0
2021-01-08T23:59:59+01:00,0,0,3,6,15,26,29,43,27,75,31,48,14,8,7,17,11,33,0,0,0,0,0,0,0,0,0,0,0,0,0,0,0,0,393,0,0,0,0,0,0,0,0
2021-01-07T23:59:59+01:00,0,0,1,4,2,9,15,13,14,28,13,24,11,6,7,15,9,26,0,0,0,0,0,0,0,0,0,0,0,0,0,0,0,0,197,0,0,0,0,0,0,0,0
2021-01-06T23:59:59+01:00,0,0,1,0,2,4,13,11,9,22,11,19,11,6,7,15,9,26,0,0,0,0,0,0,0,0,0,0,0,0,0,0,0,0,166,0,0,0,0,0,0,0,0
2021-01-05T23:59:59+01:00,0,0,0,0,1,4,12,11,8,20,10,19,10,6,7,15,9,26,0,0,0,0,0,0,0,0,0,0,0,0,0,0,0,0,158,0,0,0,0,0,0,0,0
2021-01-04T23:59:59+01:00,0,0,0,0,1,4,12,10,7,16,8,17,10,6,7,15,9,26,0,0,0,0,0,0,0,0,0,0,0,0,0,0,0,0,148,0,0,0,0,0,0,0,0
2021-01-03T23:59:59+01:00,0,0,0,0,1,4,11,9,7,13,6,14,10,6,7,15,9,26,0,0,0,0,0,0,0,0,0,0,0,0,0,0,0,0,138,0,0,0,0,0,0,0,0
2021-01-02T23:59:59+01:00,0,0,0,0,1,4,11,9,7,13,6,14,10,6,7,15,9,26,0,0,0,0,0,0,0,0,0,0,0,0,0,0,0,0,138,0,0,0,0,0,0,0,0
2021-01-01T23:59:59+01:00,0,0,0,0,1,4,11,9,7,13,6,14,10,6,7,15,9,26,0,0,0,0,0,0,0,0,0,0,0,0,0,0,0,0,138,0,0,0,0,0,0,0,0
2020-12-31T23:59:59+01:00,0,0,0,0,1,4,11,9,7,13,6,14,10,6,7,15,9,26,0,0,0,0,0,0,0,0,0,0,0,0,0,0,0,0,138,0,0,0,0,0,0,0,0
2020-12-30T23:59:59+01:00,0,0,0,0,1,4,11,9,7,13,6,14,10,6,7,15,9,26,0,0,0,0,0,0,0,0,0,0,0,0,0,0,0,0,138,0,0,0,0,0,0,0,0
2020-12-29T23:59:59+01:00,0,0,0,0,1,4,8,9,7,13,4,12,10,6,7,15,9,26,0,0,0,0,0,0,0,0,0,0,0,0,0,0,0,0,131,0,0,0,0,0,0,0,0
2020-12-28T23:59:59+01:00,0,0,0,0,1,1,5,7,7,7,2,9,10,6,7,15,9,26,0,0,0,0,0,0,0,0,0,0,0,0,0,0,0,0,112,0,0,0,0,0,0,0,0
2020-12-27T23:59:59+01:00,0,0,0,0,0,0,2,4,2,6,1,6,4,5,7,15,8,25,0,0,0,0,0,0,0,0,0,0,0,0,0,0,0,0,85,0,0,0,0,0,0,0,0
