Datum,<15_m,<15_w,15-24_1_m,15-24_1_w,25-34_1_m,25-34_1_w,35-44_1_m,35-44_1_w,45-54_1_m,45-54_1_w,55-64_1_m,55-64_1_w,65-74_1_m,65-74_1_w,75-84_1_m,75-84_1_w,>84_1_m,>84_1_w,<24_2_m,<24_2_w,25-34_2_m,25-34_2_w,35-44_2_m,35-44_2_w,45-54_2_m,45-54_2_w,55-64_2_m,55-64_2_w,65-74_2_m,65-74_2_w,75-84_2_m,75-84_2_w,>84_2_m,>84_2_w,bp_1,bp_2,mo_1,mo_2,az_1,az_2,ja,unb_1,unb_2
2021-08-02T23:59:59+02:00,1264,1124,8763,8316,10029,9310,12521,12953,16656,17084,19930,20065,16046,16754,8915,10874,2807,5398,5587,5451,8005,7475,10468,11020,14854,15411,18609,18832,15534,16197,8670,10529,2746,5257,143167,125060,19647,15408,27842,26677,8144,9,6
2021-08-01T23:59:59+02:00,1263,1123,8757,8307,10022,9303,12515,12951,16652,17082,19925,20064,16046,16754,8914,10872,2807,5398,5529,5394,7955,7427,10407,10969,14820,15386,18596,18815,15532,16195,8668,10526,2746,5255,143124,124630,19644,15405,27841,26656,8137,9,6
2021-07-31T23:59:59+02:00,1263,1123,8756,8304,10022,9302,12513,12951,16651,17082,19924,20062,16046,16754,8914,10871,2807,5398,5504,5374,7940,7415,10392,10956,14807,15380,18593,18812,15531,16194,8668,10526,2746,5255,143121,124506,19643,15402,27841,26655,8129,9,6
2021-07-30T23:59:59+02:00,1132,1005,8528,8076,9929,9184,12432,12867,16573,17011,19865,19995,16014,16715,8908,10854,2806,5395,5213,5097,7802,7273,10205,10766,14670,15217,18530,18756,15506,16167,8655,10513,2742,5252,141675,122689,19641,15396,27841,26637,8123,9,6
2021-07-29T23:59:59+02:00,1125,997,8399,7987,9770,9087,12282,12767,16428,16919,19704,19885,15929,16648,8883,10835,2805,5388,4918,4866,7523,7080,9927,10565,14423,15045,18336,18639,15421,16094,8628,10492,2741,5242,141561,121589,19640,15354,27841,26611,6787,9,6
2021-07-28T23:59:59+02:00,1114,984,8370,7951,9756,9074,12261,12753,16411,16897,19686,19875,15922,16635,8876,10831,2805,5386,4498,4436,7208,6829,9611,10268,14188,14863,18279,18598,15407,16083,8623,10481,2741,5232,141326,118950,19638,15300,27839,26549,6775,9,6
2021-07-27T23:59:59+02:00,1104,976,8347,7936,9744,9067,12250,12744,16402,16892,19679,19862,15920,16629,8874,10828,2804,5384,4263,4190,6978,6631,9364,9993,14027,14704,18228,18535,15358,16037,8606,10465,2738,5226,141189,116940,19635,15299,27839,26526,6770,9,6
2021-07-26T23:59:59+02:00,1100,973,8333,7924,9738,9062,12244,12739,16395,16885,19672,19861,15917,16624,8872,10824,2803,5379,4155,4079,6876,6523,9239,9869,13946,14626,18183,18502,15347,16026,8596,10457,2735,5224,141112,116044,19631,15290,27829,26468,6764,9,6
2021-07-25T23:59:59+02:00,1099,972,8327,7920,9725,9058,12234,12736,16390,16879,19669,19860,15915,16624,8872,10824,2803,5379,4106,4026,6800,6472,9168,9815,13910,14593,18159,18488,15329,16013,8590,10451,2735,5222,141087,115601,19628,15274,27828,26447,6734,9,6
2021-07-24T23:59:59+02:00,1097,968,8238,7858,9651,8980,12167,12660,16324,16825,19629,19821,15894,16610,8869,10814,2803,5379,4064,3987,6742,6424,9092,9761,13848,14528,18127,18462,15318,16003,8582,10447,2735,5222,141068,115354,18970,15001,27828,26445,6712,9,6
2021-07-23T23:59:59+02:00,1070,943,8127,7770,9613,8946,12133,12631,16279,16791,19600,19802,15888,16604,8866,10810,2803,5379,3775,3704,6481,6214,8815,9479,13618,14358,18051,18406,15277,15960,8565,10428,2733,5216,140578,113137,18970,14977,27828,26439,6670,9,6
2021-07-22T23:59:59+02:00,980,857,7912,7541,9510,8857,12015,12536,16190,16704,19528,19718,15842,16564,8858,10795,2802,5373,3648,3577,6327,6123,8662,9350,13456,14217,17978,18339,15254,15936,8558,10419,2733,5215,139137,111994,18969,14904,27810,26346,6657,9,6
2021-07-21T23:59:59+02:00,960,843,7881,7501,9494,8846,11992,12513,16166,16688,19504,19697,15831,16557,8858,10790,2802,5373,3341,3310,5984,5866,8268,8968,13189,13983,17838,18213,15163,15855,8526,10389,2730,5204,138881,109196,18967,14833,27805,26247,6634,9,6
2021-07-20T23:59:59+02:00,959,842,7873,7496,9486,8843,11987,12511,16158,16687,19499,19693,15830,16556,8858,10789,2802,5373,3268,3257,5925,5812,8209,8907,13104,13940,17806,18199,15163,15855,8526,10387,2730,5204,138843,108809,18966,14818,27802,26115,6622,9,6
2021-07-19T23:59:59+02:00,958,842,7868,7496,9482,8837,11982,12509,16153,16681,19497,19693,15829,16553,8858,10787,2802,5372,3218,3223,5878,5773,8152,8863,13048,13914,17760,18187,15163,15853,8526,10385,2730,5203,138814,108544,18965,14802,27802,25990,6609,9,6
2021-07-18T23:59:59+02:00,957,841,7858,7487,9475,8831,11974,12505,16147,16676,19495,19692,15828,16551,8858,10787,2802,5372,3199,3207,5838,5742,8118,8835,13010,13898,17748,18184,15163,15852,8526,10385,2730,5202,138769,108360,18963,14769,27800,25981,6595,9,6
2021-07-17T23:59:59+02:00,841,722,7535,7196,9323,8662,11798,12345,16020,16537,19399,19597,15807,16530,8850,10774,2802,5369,3098,3101,5727,5649,7984,8680,12872,13774,17654,18109,15153,15833,8523,10378,2730,5202,136764,107194,18961,14765,27800,25976,6579,3,5
2021-07-16T23:59:59+02:00,684,570,7141,6875,9134,8507,11607,12135,15816,16361,19259,19470,15778,16493,8841,10760,2801,5367,3037,3042,5653,5585,7872,8580,12755,13640,17579,18035,15130,15818,8519,10376,2729,5202,134293,106316,18961,14760,27799,25970,6543,3,5
2021-07-15T23:59:59+02:00,682,570,7128,6868,9130,8506,11597,12131,15806,16354,19255,19464,15776,16491,8837,10758,2800,5358,2999,3007,5586,5544,7783,8530,12682,13600,17549,18014,15107,15804,8511,10369,2728,5193,134256,106089,18959,14605,27794,25849,6499,3,5
2021-07-14T23:59:59+02:00,680,569,7119,6860,9126,8504,11592,12127,15800,16351,19250,19459,15774,16488,8834,10755,2799,5354,2976,2995,5545,5513,7748,8508,12650,13584,17532,18003,15100,15801,8508,10365,2728,5189,134224,105938,18958,14572,27794,25809,6462,3,5
2021-07-13T23:59:59+02:00,675,566,7095,6843,9115,8488,11583,12113,15789,16333,19242,19452,15765,16484,8830,10745,2794,5346,2918,2944,5482,5446,7589,8374,12398,13368,17378,17876,15082,15790,8496,10352,2723,5178,134102,104728,18958,14521,27791,25774,6404,3,5
2021-07-12T23:59:59+02:00,669,559,7083,6828,9106,8477,11572,12104,15786,16322,19231,19448,15763,16480,8828,10745,2794,5343,2860,2891,5400,5371,7442,8260,12150,13157,17199,17733,15072,15785,8492,10345,2722,5178,133995,103496,18956,14470,27788,25725,6396,3,5
2021-07-11T23:59:59+02:00,668,558,7075,6825,9097,8468,11566,12096,15776,16319,19226,19443,15763,16477,8827,10743,2794,5343,2829,2856,5324,5295,7345,8173,11987,13002,17072,17601,15065,15774,8491,10342,2722,5178,133953,102613,18952,14420,27788,25684,6368,3,5
2021-07-10T23:59:59+02:00,496,401,6511,6281,8871,8285,11327,11903,15619,16188,19171,19394,15755,16467,8823,10738,2793,5342,2799,2824,5273,5253,7264,8093,11886,12906,16994,17534,15049,15759,8488,10332,2719,5176,131270,101927,18952,14418,27788,25675,6352,3,5
2021-07-09T23:59:59+02:00,485,394,6452,6253,8845,8249,11287,11874,15592,16175,19158,19378,15754,16464,8823,10735,2793,5342,2743,2758,5190,5185,7086,7917,11479,12608,16701,17330,15030,15732,8481,10327,2718,5174,131178,100912,18742,13564,27787,25661,6343,3,5
2021-07-08T23:59:59+02:00,480,392,6136,5992,8471,7960,10908,11567,15256,15930,18899,19206,15732,16441,8814,10728,2790,5341,2681,2708,5110,5112,6947,7828,11281,12466,16556,17207,15023,15724,8481,10325,2718,5173,131093,100059,15849,13400,27784,25587,6314,3,5
2021-07-07T23:59:59+02:00,478,388,6121,5979,8448,7944,10894,11551,15245,15921,18898,19201,15730,16438,8813,10726,2790,5339,2633,2653,5021,5054,6811,7735,11049,12285,16396,17075,15015,15718,8477,10320,2718,5173,130984,99039,15841,13281,27782,25539,6294,3,5
2021-07-06T23:59:59+02:00,452,367,6021,5886,8367,7878,10820,11482,15211,15882,18875,19185,15723,16428,8810,10724,2787,5337,2564,2583,4882,4942,6624,7602,10660,11875,16026,16702,14990,15685,8469,10313,2717,5169,130371,96892,15833,13198,27777,25479,6251,3,5
2021-07-05T23:59:59+02:00,411,333,5842,5714,8250,7782,10708,11369,15151,15815,18844,19153,15717,16420,8806,10719,2784,5336,2510,2508,4784,4845,6493,7466,10311,11560,15753,16398,14960,15655,8461,10298,2717,5164,129323,95110,15829,13134,27774,25425,6225,3,5
2021-07-04T23:59:59+02:00,391,303,5768,5636,8193,7727,10641,11313,15120,15783,18830,19134,15711,16417,8805,10717,2784,5334,2492,2477,4723,4799,6434,7416,10175,11451,15651,16326,14956,15649,8459,10297,2716,5164,128820,94545,15822,13067,27769,25390,6193,3,5
2021-07-03T23:59:59+02:00,386,301,5750,5628,8184,7718,10630,11310,15113,15777,18827,19132,15710,16417,8805,10717,2784,5334,2456,2446,4628,4770,6327,7391,10117,11407,15547,16241,14280,14942,8440,10272,2716,5164,128754,94431,15820,13065,27768,23479,6178,3,5
2021-07-02T23:59:59+02:00,342,263,5562,5477,8110,7643,10530,11213,15048,15721,18808,19126,15706,16413,8800,10715,2782,5331,2409,2398,4475,4692,6144,7317,9964,11253,15357,16038,13492,14026,8432,10257,2716,5163,127835,93871,15818,13022,27767,21082,6167,3,5
2021-07-01T23:59:59+02:00,281,210,5345,5297,7982,7532,10392,11088,14919,15625,18764,19101,15698,16406,8795,10709,2782,5330,2291,2277,4300,4520,5909,7068,9187,10573,14730,15568,13467,13998,8427,10253,2712,5161,126549,90393,15808,12927,27766,20998,6130,3,5
2021-06-30T23:59:59+02:00,151,121,4863,4821,7640,7257,10043,10751,14692,15448,18706,19057,15687,16395,8791,10701,2782,5327,2254,2231,4215,4451,5798,6974,9018,10452,14641,15492,13453,13990,8424,10250,2712,5159,123564,89803,15802,12754,27766,20866,6098,3,5
2021-06-29T23:59:59+02:00,115,100,4579,4539,7391,7039,9753,10452,14494,15258,18643,18996,15635,16345,8772,10686,2781,5322,2188,2149,4075,4314,5593,6796,8794,10226,14351,15270,13405,13941,8412,10226,2710,5146,121499,88370,15799,12602,27764,20794,5835,3,5
2021-06-28T23:59:59+02:00,99,79,4443,4394,7286,6928,9632,10323,14403,15151,18598,18954,15619,16329,8758,10675,2778,5320,2104,2023,3892,4108,5313,6454,8411,9718,13825,14738,13289,13852,8394,10202,2707,5134,120480,85184,15790,12520,27761,20729,5735,3,3
2021-06-27T23:59:59+02:00,94,77,4391,4345,7228,6872,9570,10269,14371,15118,18578,18937,15602,16317,8751,10668,2777,5315,2050,1988,3828,4062,5202,6341,8243,9590,13651,14627,13264,13834,8386,10193,2704,5132,120115,84396,15787,12486,27759,20600,5616,3,3
2021-06-26T23:59:59+02:00,81,75,4348,4317,7197,6845,9552,10248,14352,15103,18566,18924,15598,16310,8751,10668,2777,5315,1974,1896,3639,3903,4988,6084,7878,9135,13303,14331,13184,13777,8366,10165,2699,5123,119876,81761,15783,12486,27759,20595,5606,3,3
2021-06-25T23:59:59+02:00,69,62,4036,3990,6929,6606,9260,9956,14129,14916,18484,18868,15552,16264,8732,10649,2775,5308,1909,1812,3477,3785,4796,5856,7555,8722,12995,13996,13134,13721,8353,10141,2693,5117,117473,79425,15755,12455,27759,20590,5595,3,3
2021-06-24T23:59:59+02:00,62,55,3943,3898,6831,6520,9161,9864,14030,14831,18455,18834,15537,16248,8726,10642,2775,5307,1841,1736,3364,3689,4597,5714,7338,8528,12745,13799,12302,12796,8173,9876,2693,5116,116741,78220,15745,12351,27756,18265,5474,3,3
2021-06-23T23:59:59+02:00,49,50,3536,3520,6378,6171,8630,9354,13694,14529,18320,18698,15433,16156,8682,10606,2772,5293,1704,1561,3112,3488,4185,5390,6398,7821,12009,13100,12280,12784,8163,9869,2693,5112,113802,77601,15496,9039,27755,18217,4815,3,3
2021-06-22T23:59:59+02:00,40,42,3464,3449,6303,6113,8527,9277,13642,14484,18287,18681,15422,16149,8681,10601,2772,5290,1664,1507,3009,3387,4044,5241,6146,7638,11409,12399,12190,12692,8146,9836,2689,5104,113181,75291,15492,8958,27753,18060,4795,3,3
2021-06-21T23:59:59+02:00,34,39,3394,3388,6209,6059,8467,9205,13583,14440,18254,18660,15419,16147,8674,10598,2772,5289,1627,1456,2918,3290,3920,5092,5951,7413,10651,11479,11809,12241,7089,8616,2683,5098,112665,72640,15485,8857,27741,15101,4737,3,3
2021-06-20T23:59:59+02:00,34,38,3368,3366,6162,6027,8422,9175,13555,14425,18243,18656,15418,16147,8674,10598,2772,5289,1608,1439,2882,3264,3869,5055,5898,7390,10566,11406,11789,12222,7087,8609,2682,5098,112490,72329,15469,8781,27741,15089,4666,3,3
2021-06-19T23:59:59+02:00,32,36,3341,3343,6133,6007,8393,9156,13531,14419,18237,18651,15418,16146,8674,10598,2772,5289,1604,1428,2877,3255,3862,5050,5884,7385,10555,11399,11789,12222,7087,8608,2682,5098,112302,72252,15464,8781,27741,15087,4666,3,3
2021-06-18T23:59:59+02:00,28,31,3300,3301,6057,5968,8325,9102,13485,14388,18214,18640,15417,16144,8673,10597,2772,5289,1533,1335,2743,3080,3681,4776,5493,7010,9078,9846,11624,12054,7046,8558,2670,5080,111920,67122,15437,8780,27741,15076,4630,3,3
2021-06-17T23:59:59+02:00,26,28,3236,3250,5991,5930,8252,9050,13414,14343,18191,18629,15415,16139,8672,10594,2772,5286,1403,1242,2554,2868,3420,4490,5136,6622,8413,9123,11342,11813,7005,8501,2666,5077,111554,63447,15408,8664,27738,15050,4515,3,3
2021-06-16T23:59:59+02:00,26,25,3183,3190,5879,5865,8134,8957,13287,14257,18125,18594,15409,16131,8672,10591,2772,5286,1306,1187,2413,2761,3237,4333,4852,6351,7340,7834,11252,11706,6976,8464,2653,5059,110922,59699,15334,8618,27735,15019,4389,3,3
2021-06-15T23:59:59+02:00,21,24,3086,3108,5762,5776,7946,8780,13027,14037,17975,18468,15394,16120,8664,10585,2772,5284,1268,1155,2341,2706,3130,4259,4650,6226,7028,7583,10757,11146,6943,8429,2645,5046,109507,57456,15306,8586,27727,14986,4286,3,2
2021-06-14T23:59:59+02:00,20,22,3013,3038,5684,5719,7805,8661,12738,13801,17791,18296,15378,16106,8657,10580,2771,5283,1241,1127,2275,2650,3005,4163,4453,6087,6691,7282,10230,10537,6912,8392,2641,5037,108130,55097,15298,8481,27723,14939,4209,3,1
2021-06-13T23:59:59+02:00,20,22,2995,3006,5618,5681,7742,8595,12599,13665,17686,18174,15372,16097,8656,10577,2770,5283,1231,1115,2244,2636,2969,4152,4409,6067,6659,7266,10226,10530,6912,8391,2641,5037,107394,54957,15287,8475,27718,14900,4156,3,1
2021-06-12T23:59:59+02:00,18,22,2966,2988,5590,5656,7711,8577,12579,13647,17677,18171,15371,16096,8656,10577,2770,5283,1174,1053,2154,2561,2873,4017,4268,5936,6549,7181,10144,10452,6314,7665,2641,5037,107195,54842,15285,8475,27718,12551,4154,3,1
2021-06-11T23:59:59+02:00,18,19,2889,2912,5521,5591,7528,8391,12169,13341,17398,17968,15355,16071,8650,10569,2768,5281,1152,1036,2099,2521,2808,3969,4185,5874,6443,7094,10043,10339,6301,7659,2639,5031,106180,54320,14396,8218,27717,12515,4143,3,1
2021-06-10T23:59:59+02:00,14,17,2833,2870,5422,5540,7395,8310,11984,13202,17262,17851,15350,16067,8650,10568,2767,5280,1113,1011,2025,2455,2706,3893,4016,5745,6202,6882,9793,10072,6281,7631,2633,5025,105265,52765,14321,8215,27712,12425,4081,3,1
2021-06-09T23:59:59+02:00,13,15,2757,2801,5297,5446,7173,8138,11707,12960,17075,17704,15339,16053,8646,10559,2767,5277,1056,949,1895,2337,2502,3711,3688,5460,5587,6378,8974,9171,6224,7555,2619,4990,104061,48778,14170,8198,27703,12333,3790,3,1
2021-06-08T23:59:59+02:00,10,11,2660,2698,5164,5319,6977,7955,11274,12534,16698,17316,15320,16026,8635,10553,2766,5272,1019,921,1828,2273,2396,3638,3545,5394,5439,6249,8942,9152,6222,7545,2617,4986,101860,48273,14143,8149,27701,12266,3481,3,1
2021-06-07T23:59:59+02:00,8,10,2532,2600,4973,5190,6769,7792,10797,12175,16355,17022,15294,15998,8629,10536,2765,5268,948,884,1701,2219,2257,3556,3292,5305,5085,5965,8393,8528,6168,7486,2613,4977,99929,46062,14100,8135,27692,12194,2989,3,1
2021-06-06T23:59:59+02:00,8,8,2497,2576,4912,5131,6682,7736,10660,12065,16263,16958,15291,15994,8629,10536,2763,5267,932,874,1672,2200,2215,3529,3226,5281,5037,5941,8388,8527,6163,7479,2613,4976,99343,45908,14048,8126,27686,12126,2896,3,1
2021-06-05T23:59:59+02:00,7,7,2484,2554,4883,5104,6644,7709,10629,12037,16254,16952,15291,15994,8629,10536,2763,5267,916,859,1641,2173,2176,3477,3124,5200,4683,5616,7790,7827,6135,7426,2612,4974,99118,43534,14048,8121,27683,12085,2892,3,1
2021-06-04T23:59:59+02:00,6,6,2454,2526,4838,5059,6595,7658,10541,11934,16202,16889,15287,15987,8629,10535,2762,5266,905,842,1619,2154,2137,3441,3072,5141,4521,5428,7488,7460,6099,7384,2610,4968,98590,42259,14043,8119,27683,12039,2855,3,1
2021-06-03T23:59:59+02:00,6,6,2349,2395,4687,4888,6389,7410,9841,11301,15612,16441,15276,15978,8626,10530,2761,5265,888,812,1578,2094,2088,3363,2984,5032,4377,5263,7331,7271,6087,7357,2610,4964,95257,41218,14004,8109,27678,11956,2819,3,1
2021-06-02T23:59:59+02:00,6,6,2332,2370,4645,4855,6333,7372,9741,11212,15554,16388,15268,15974,8625,10526,2761,5264,875,800,1560,2071,2036,3327,2899,4946,4016,4874,6774,6635,6044,7301,2606,4954,94732,38887,14004,8105,27678,11913,2815,3,1
2021-06-01T23:59:59+02:00,6,5,2270,2329,4525,4766,6169,7261,9553,11065,15448,16312,15265,15970,8621,10522,2760,5259,843,774,1496,2021,1923,3265,2743,4855,3813,4747,6563,6405,6022,7283,2600,4947,93871,37805,13954,8083,27666,11801,2612,3,1
2021-05-31T23:59:59+02:00,2,5,2220,2270,4426,4673,6028,7134,9367,10921,15363,16258,15257,15963,8618,10522,2760,5259,820,738,1439,1962,1855,3217,2569,4802,3683,4695,6206,5991,5999,7262,2597,4939,93152,36631,13868,8077,27657,11701,2366,3,1
2021-05-30T23:59:59+02:00,2,5,2195,2248,4369,4612,5939,7074,9292,10859,15326,16239,15256,15961,8618,10522,2760,5259,808,727,1417,1941,1805,3194,2436,4767,3578,4677,6204,5989,5999,7262,2597,4939,92707,36316,13828,8055,27647,11619,2351,3,1
2021-05-29T23:59:59+02:00,2,5,2178,2233,4351,4601,5922,7058,9278,10846,15321,16236,15255,15961,8618,10522,2760,5259,789,674,1323,1683,1672,2834,2236,4219,3300,4250,6114,5895,5888,7129,2596,4939,92581,36266,13825,8050,27646,8875,2351,3,1
2021-05-28T23:59:59+02:00,2,5,2158,2210,4313,4556,5878,7013,9202,10776,15254,16184,15251,15959,8618,10522,2760,5258,770,584,1245,1432,1573,2433,2057,3529,3036,3654,5477,5155,5806,7038,2592,4926,92110,34969,13812,8050,27644,5939,2350,3,1
2021-05-27T23:59:59+02:00,2,5,2115,2172,4228,4489,5754,6939,9047,10676,15157,16101,15249,15958,8618,10521,2760,5258,741,549,1211,1351,1531,2295,1990,3387,2924,3534,5043,4670,5773,6999,2581,4897,91429,33847,13663,8041,27620,5255,2334,3,1
2021-05-26T23:59:59+02:00,2,5,2046,2054,4031,4344,5411,6678,8080,9934,14400,15396,15237,15952,8614,10515,2758,5256,730,533,1185,1293,1485,2241,1933,3276,2772,3387,3738,3294,5714,6926,2558,4840,90655,30580,10142,8026,27605,4992,2308,3,1
2021-05-25T23:59:59+02:00,2,5,2005,2015,3948,4277,5315,6612,7945,9827,14027,14963,15189,15915,8607,10500,2756,5252,721,523,1155,1258,1463,2218,1913,3249,2747,3362,3732,3284,5707,6923,2556,4839,89317,30494,9994,8017,27588,4882,2258,3,1
2021-05-24T23:59:59+02:00,2,5,1979,1970,3860,4203,5210,6530,7820,9703,13515,14349,15138,15847,8600,10486,2755,5247,715,516,1135,1247,1433,2205,1892,3231,2722,3340,3716,3266,5685,6899,2549,4823,87525,30367,9915,7966,27577,4843,2199,3,1
2021-05-23T23:59:59+02:00,2,5,1970,1957,3841,4180,5192,6517,7768,9672,13441,14286,15127,15843,8598,10485,2754,5247,708,507,1125,1235,1411,2183,1838,3197,2617,3244,3308,2833,5044,6089,2535,4778,87291,30196,9815,5436,27577,4822,2199,3,1
2021-05-22T23:59:59+02:00,2,5,1805,1915,3539,4130,4790,6473,7510,9616,13316,14207,15121,15842,8598,10484,2754,5247,548,476,832,1193,1035,2147,1597,3144,2503,3169,3304,2831,5044,6088,2535,4778,87141,30184,9815,5436,27575,4785,820,3,1
2021-05-21T23:59:59+02:00,2,4,1719,1806,3385,3938,4601,6178,7113,9250,12030,12866,14970,15694,8561,10437,2745,5236,545,464,822,1191,1033,2140,1562,3114,2426,3092,3131,2694,5018,6045,2532,4763,82370,29551,9775,5436,27569,4767,818,3,1
2021-05-20T23:59:59+02:00,2,4,1682,1770,3294,3887,4494,6097,6938,9171,11819,12639,14950,15676,8558,10430,2744,5235,525,451,782,1145,977,2076,1444,3043,2299,2995,2943,2525,4977,5969,2524,4748,81542,28809,9672,5421,27513,4532,661,2,1
2021-05-19T23:59:59+02:00,2,4,1659,1744,3237,3831,4400,6033,6823,9109,11587,12380,14938,15666,8556,10429,2744,5234,517,439,766,1108,959,2007,1333,2896,1972,2702,2381,2028,4872,5852,2503,4701,80733,26740,9532,5405,27486,4268,623,2,1
2021-05-18T23:59:59+02:00,2,4,1597,1710,3149,3741,4288,5930,6664,8950,11300,12126,14893,15618,8544,10406,2742,5224,514,427,751,1093,941,1990,1249,2830,1693,2481,1940,1682,4800,5769,2482,4658,79640,25201,9330,5395,27417,4205,499,2,1
2021-05-17T23:59:59+02:00,2,4,1548,1629,3019,3584,4082,5652,6317,8493,10754,11578,14786,15527,8525,10381,2737,5214,512,419,745,1086,923,1985,1225,2806,1665,2442,1923,1663,4793,5762,2479,4655,76757,25136,9295,5381,27392,4180,386,2,1
2021-05-16T23:59:59+02:00,2,4,1529,1607,2966,3544,3986,5565,6168,8357,10578,11445,14760,15505,8518,10373,2736,5212,505,413,722,1071,893,1969,1197,2778,1632,2418,1916,1654,4791,5758,2476,4653,76013,25107,9238,5363,27361,4135,241,2,1
2021-05-15T23:59:59+02:00,2,4,1442,1510,2755,3377,3757,5287,5807,7885,10227,11149,14675,15443,8499,10344,2730,5203,505,411,718,1069,893,1965,1192,2777,1627,2414,1904,1642,4785,5752,2476,4651,73262,25048,9238,5363,27354,4130,240,2,1
2021-05-14T23:59:59+02:00,2,4,1408,1448,2644,3281,3605,5129,5609,7596,10009,10897,14640,15405,8486,10321,2727,5199,456,371,647,904,821,1679,1062,2369,1447,2089,1870,1602,4782,5744,2475,4646,71626,24985,9216,5361,27330,2382,236,2,1
2021-05-13T23:59:59+02:00,2,4,1350,1381,2541,3197,3438,4993,5391,7389,9783,10719,14614,15377,8478,10318,2725,5196,449,359,620,876,720,1573,963,2286,1184,1878,1157,1022,4562,5511,2467,4614,70465,24867,8909,2835,27299,2318,221,2,1
2021-05-12T23:59:59+02:00,2,4,1343,1372,2525,3192,3420,4981,5371,7376,9769,10707,14612,15373,8476,10316,2724,5196,449,357,618,875,717,1570,957,2283,1179,1871,1139,1013,4549,5475,2435,4545,70355,24662,8885,2835,27297,2315,220,2,1
2021-05-11T23:59:59+02:00,2,3,1301,1330,2451,3108,3308,4854,5177,7231,9484,10399,14565,15316,8464,10296,2720,5187,443,344,600,861,696,1553,929,2259,1154,1844,1085,977,4487,5378,2393,4421,69021,24174,8762,2817,27212,2234,199,2,1
2021-05-10T23:59:59+02:00,2,3,1277,1303,2388,3031,3181,4730,5047,7074,9161,10019,14519,15277,8455,10277,2715,5185,442,342,588,851,682,1538,918,2244,1136,1830,1051,943,4427,5302,2354,4306,67669,23768,8642,2814,27141,2182,190,2,1
2021-05-09T23:59:59+02:00,2,3,1262,1286,2345,3018,3104,4695,4985,7040,9096,9975,14506,15262,8453,10272,2715,5183,434,340,574,846,659,1518,896,2223,1124,1816,1032,928,4415,5264,2339,4264,67432,23608,8568,2812,27097,2149,103,2,1
2021-05-08T23:59:59+02:00,1,3,1260,1282,2330,3006,3087,4685,4945,7026,9072,9967,14505,15262,8453,10271,2715,5183,434,340,574,846,658,1518,896,2222,1123,1815,1032,928,4414,5264,2339,4264,67291,23607,8562,2809,27095,2148,103,2,1
2021-05-07T23:59:59+02:00,1,3,1241,1261,2291,2965,3037,4636,4846,6934,8848,9720,14490,15240,8447,10265,2712,5179,384,312,542,777,621,1356,826,2016,1035,1628,1002,899,4394,5241,2337,4259,66387,23503,8556,2806,27068,1217,103,2,1
2021-05-06T23:59:59+02:00,1,3,1091,1170,2063,2722,2738,4328,4476,6534,8262,9115,14212,15001,8407,10208,2709,5178,383,308,530,758,604,1324,807,1981,1002,1600,975,868,4384,5227,2335,4255,62760,23374,8428,2756,26932,1115,96,2,1
2021-05-05T23:59:59+02:00,1,2,1026,1119,1954,2609,2579,4157,4181,6256,7250,7933,14127,14903,8372,10167,2696,5158,380,305,523,748,589,1315,773,1967,979,1579,900,806,4343,5157,2327,4239,59245,23053,8383,2737,26810,1090,50,2,1
2021-05-04T23:59:59+02:00,1,2,1004,1099,1903,2570,2477,4090,3961,6143,6969,7718,13620,14335,8342,10132,2691,5149,377,304,518,744,578,1310,756,1948,963,1572,881,782,4322,5141,2324,4230,57187,22918,8325,2722,26650,1068,42,2,1
2021-05-03T23:59:59+02:00,1,2,972,1061,1842,2517,2374,3980,3762,6026,6613,7418,13083,13711,8305,10094,2684,5134,371,303,516,740,568,1304,747,1937,949,1559,856,758,4305,5123,2318,4217,54766,22808,8299,2713,26511,1049,1,2,1
2021-05-02T23:59:59+02:00,1,2,967,1060,1823,2511,2349,3973,3720,6016,6579,7410,13082,13711,8305,10093,2684,5134,371,303,513,740,567,1302,742,1937,948,1556,854,754,4304,5119,2318,4217,54634,22791,8295,2711,26488,1042,1,2,1
2021-05-01T23:59:59+02:00,1,2,967,1058,1815,2509,2338,3968,3708,6008,6568,7401,13081,13709,8305,10093,2684,5134,371,303,513,740,567,1302,741,1936,946,1556,854,754,4304,5119,2318,4217,54565,22791,8295,2707,26486,1042,1,2,1
2021-04-30T23:59:59+02:00,0,2,951,1053,1794,2495,2317,3933,3671,5975,6490,7348,12986,13605,8304,10089,2681,5122,319,248,471,664,538,1123,711,1712,912,1352,842,737,4300,5117,2318,4217,54070,22777,8294,2703,26449,100,1,2,1
2021-04-29T23:59:59+02:00,0,2,896,1028,1737,2444,2254,3875,3525,5852,6253,7125,12727,13332,8282,10060,2677,5115,313,246,463,657,535,1116,704,1702,902,1343,834,722,4291,5109,2318,4215,52478,22694,8279,2697,26424,78,1,2,1
2021-04-28T23:59:59+02:00,0,2,835,994,1657,2382,2110,3765,3239,5599,5649,6622,11891,12415,8224,9971,2654,5078,312,243,461,651,527,1102,693,1682,891,1336,821,706,4272,5082,2316,4215,48429,22573,8272,2679,26383,57,1,2,1
2021-04-27T23:59:59+02:00,0,2,825,989,1639,2362,2065,3747,3168,5574,5523,6500,11862,12398,8222,9969,2654,5076,311,241,455,649,519,1096,684,1670,882,1330,809,695,4268,5076,2315,4209,47950,22495,8269,2664,26353,49,1,2,1
2021-04-26T23:59:59+02:00,0,2,815,976,1613,2344,2005,3707,2992,5497,5192,6215,11297,11753,8167,9904,2650,5067,309,240,454,648,513,1090,673,1664,873,1320,800,686,4263,5071,2315,4205,45623,22443,8260,2636,26310,44,1,2,1
2021-04-25T23:59:59+02:00,0,2,805,974,1599,2338,1967,3690,2866,5474,5100,6210,11293,11749,8164,9898,2649,5066,308,240,454,648,513,1083,673,1662,870,1318,800,685,4263,5071,2315,4205,45297,22438,8254,2632,26290,37,1,2,1
2021-04-24T23:59:59+02:00,0,2,791,964,1577,2318,1928,3645,2769,5406,4755,5891,10676,11024,8134,9840,2648,5064,308,240,454,648,513,1082,672,1661,869,1318,795,681,4254,5055,2313,4204,42891,22402,8254,2628,26284,36,1,2,1
2021-04-23T23:59:59+02:00,0,2,786,956,1564,2308,1899,3619,2729,5356,4594,5705,10367,10643,8094,9798,2645,5055,308,239,454,648,513,1081,671,1661,867,1318,795,680,4251,5052,2313,4204,41593,22391,8254,2627,26270,36,1,2,1
2021-04-22T23:59:59+02:00,0,2,770,941,1536,2265,1848,3551,2644,5266,4441,5551,10222,10449,8080,9767,2643,5047,308,238,452,637,511,1075,665,1653,861,1309,789,675,4248,5050,2313,4202,40592,22355,8228,2602,26200,28,1,2,1
2021-04-21T23:59:59+02:00,0,2,759,928,1512,2254,1795,3506,2540,5179,4057,5131,9625,9765,8031,9705,2639,5036,307,238,448,635,511,1074,661,1650,856,1304,777,663,4238,5036,2313,4198,38077,22304,8211,2578,26173,26,1,2,1
2021-04-20T23:59:59+02:00,0,2,752,917,1490,2227,1764,3477,2488,5121,3920,5035,9429,9546,8014,9695,2635,5033,307,236,448,634,510,1072,660,1645,853,1299,771,659,4234,5032,2313,4198,37242,22273,8200,2572,26100,26,1,2,0
2021-04-19T23:59:59+02:00,0,2,745,907,1481,2220,1747,3460,2456,5095,3856,4978,9060,9128,7989,9670,2632,5027,307,234,447,631,508,1069,656,1643,849,1295,765,653,4225,5030,2313,4196,36218,22234,8188,2561,26044,26,1,2,0
2021-04-18T23:59:59+02:00,0,2,741,905,1476,2214,1729,3453,2437,5083,3848,4976,9051,9117,7989,9669,2632,5027,306,234,447,627,507,1066,654,1640,846,1295,764,651,4225,5028,2313,4196,36158,22226,8168,2547,26020,26,1,2,0
2021-04-17T23:59:59+02:00,0,2,724,899,1388,2204,1629,3441,2400,5053,3768,4898,8339,8394,7973,9656,2632,5027,306,234,445,625,506,1066,653,1640,845,1292,764,651,4224,5028,2313,4196,36150,22215,8168,2547,24106,26,1,2,0
2021-04-16T23:59:59+02:00,0,2,708,881,1259,2182,1477,3419,2314,4988,3607,4733,7005,6844,7938,9607,2621,4996,306,233,440,619,502,1062,643,1638,841,1283,754,645,4215,5013,2310,4194,34780,22141,8158,2543,21640,14,1,2,0
2021-04-15T23:59:59+02:00,0,2,687,870,1249,2169,1457,3401,2257,4950,3536,4680,6567,6343,7897,9546,2599,4925,299,227,426,608,485,1048,609,1611,806,1253,664,584,3723,4504,2288,4159,33465,22084,8101,1200,21566,10,1,2,0
2021-04-14T23:59:59+02:00,0,2,682,866,1228,2156,1426,3382,2212,4915,3404,4586,5228,4940,7847,9480,2578,4888,291,222,423,601,478,1045,603,1603,800,1250,649,567,3712,4495,2284,4154,30240,21996,8090,1172,21487,9,1,2,0
2021-04-13T23:59:59+02:00,0,2,679,866,1219,2151,1411,3380,2204,4904,3384,4571,5209,4921,7841,9477,2577,4886,291,221,421,599,475,1042,601,1599,789,1248,631,562,3710,4492,2284,4154,30160,21976,8069,1134,21450,9,1,2,0
2021-04-12T23:59:59+02:00,0,2,673,858,1206,2142,1395,3369,2170,4890,3353,4547,5186,4906,7828,9466,2574,4853,289,220,419,598,474,1036,599,1595,781,1241,626,560,3705,4491,2284,4154,30032,21949,8024,1114,21359,9,1,2,0
2021-04-11T23:59:59+02:00,0,2,665,854,1190,2130,1377,3354,2103,4866,3235,4464,4766,4465,7161,8640,2567,4848,289,220,418,598,471,1035,593,1592,777,1240,622,557,3701,4486,2284,4154,30002,21941,5411,1087,21271,9,1,2,0
2021-04-10T23:59:59+02:00,0,2,665,852,1189,2129,1375,3350,2101,4863,3232,4457,4722,4418,7157,8634,2567,4847,283,217,416,587,458,1019,566,1575,745,1216,550,487,3132,3869,2235,4062,29879,20321,5408,1087,21270,9,1,2,0
2021-04-09T23:59:59+02:00,0,2,662,851,1181,2126,1371,3345,2070,4841,3154,4378,4526,4253,7122,8585,2563,4831,273,211,406,573,439,1003,541,1557,724,1193,469,425,2483,3049,2187,3968,29196,18406,5404,1086,21258,9,1,2,0
2021-04-08T23:59:59+02:00,0,2,652,841,1167,2115,1355,3315,2009,4788,3008,4267,3472,3102,6880,8222,2552,4816,260,203,389,555,416,990,519,1528,692,1170,450,399,2474,3041,2184,3965,28399,18188,5356,1038,18805,9,1,2,0
2021-04-07T23:59:59+02:00,0,2,645,835,1154,2106,1336,3303,1899,4709,2691,4018,2867,2574,6769,8099,2529,4763,246,196,361,531,378,955,475,1494,656,1143,423,374,2414,2979,2179,3958,26225,17735,5337,1019,18734,8,1,2,0
2021-04-06T23:59:59+02:00,0,2,635,827,1116,2099,1312,3284,1781,4659,2415,3849,2414,2227,6693,8008,2508,4726,222,183,327,505,353,937,438,1471,620,1111,388,332,2358,2905,2173,3949,24628,17262,5321,1002,18603,8,1,2,0
2021-04-05T23:59:59+02:00,0,2,632,825,1105,2095,1306,3281,1772,4649,2400,3833,2125,1880,5578,6692,2506,4726,222,183,326,501,347,931,434,1469,616,1106,384,329,2356,2899,2173,3948,24597,17251,5311,966,15496,7,1,2,0
2021-04-04T23:59:59+02:00,0,2,631,825,1104,2095,1306,3280,1772,4649,2398,3831,2124,1877,5578,6688,2506,4726,222,183,326,501,347,931,433,1469,616,1106,384,329,2355,2899,2173,3948,24588,17249,5311,966,15490,7,1,2,0
2021-04-03T23:59:59+02:00,0,2,631,825,1104,2094,1306,3280,1771,4647,2394,3831,2123,1874,5577,6688,2506,4726,222,183,326,501,347,931,433,1469,615,1106,384,329,2355,2899,2173,3948,24582,17248,5307,966,15487,7,1,2,0
2021-04-02T23:59:59+02:00,0,2,631,824,1104,2094,1302,3279,1769,4642,2393,3828,2115,1865,5565,6673,2503,4713,222,182,326,499,347,931,432,1468,614,1097,382,329,2355,2898,2173,3948,24514,17230,5303,966,15482,7,1,2,0
2021-04-01T23:59:59+02:00,0,2,627,813,1081,2076,1206,3184,1679,4574,2134,3620,1391,1278,5356,6463,2493,4686,218,181,326,498,346,930,431,1466,614,1096,379,327,2355,2898,2173,3944,24408,17218,2807,957,15445,7,1,2,0
2021-03-31T23:59:59+02:00,0,2,625,812,1077,2072,1201,3176,1668,4569,2116,3607,1364,1245,5327,6408,2456,4587,217,181,326,497,345,930,431,1465,613,1095,378,324,2351,2897,2171,3943,24089,17206,2793,951,15428,7,1,1,0
2021-03-30T23:59:59+02:00,0,2,623,803,1071,2068,1195,3171,1658,4555,2108,3593,1318,1200,5243,6279,2412,4441,217,180,326,496,342,926,426,1462,606,1085,363,313,2249,2745,2051,3718,23570,16588,2771,910,15398,7,1,0,0
2021-03-29T23:59:59+02:00,0,2,621,801,1068,2060,1185,3165,1651,4542,2096,3581,1282,1169,5183,6186,2363,4312,216,179,324,494,340,924,424,1457,601,1080,356,308,2026,2480,1824,3343,23138,15462,2747,907,15381,7,1,0,0
2021-03-28T23:59:59+02:00,0,2,621,798,1066,2054,1182,3158,1645,4532,2092,3576,1266,1160,5175,6164,2352,4280,214,179,323,491,333,920,421,1450,598,1068,350,296,2021,2466,1823,3340,23033,15436,2729,853,15360,4,1,0,0
2021-03-27T23:59:59+01:00,0,2,569,737,986,1986,1100,3040,1527,4408,1990,3494,1197,1090,4572,5432,2352,4280,212,178,323,491,333,920,416,1448,597,1065,349,296,2020,2465,1823,3340,23018,15420,2725,853,13018,3,1,0,0
2021-03-26T23:59:59+01:00,0,2,566,732,979,1976,1098,3034,1517,4401,1974,3486,1153,1059,4542,5398,2351,4276,211,175,323,489,330,919,414,1447,593,1058,341,291,1622,1934,1402,2620,22824,13319,2715,847,13004,3,1,0,0
2021-03-25T23:59:59+01:00,0,2,564,726,966,1968,1095,3025,1510,4389,1959,3476,1143,1048,4534,5393,2351,4275,210,172,322,488,328,913,411,1441,589,1049,337,287,1528,1813,1365,2548,22777,12974,2706,824,12940,3,1,0,0
2021-03-24T23:59:59+01:00,0,2,562,720,956,1955,1082,3010,1481,4371,1945,3467,1108,1018,4507,5360,2346,4270,210,172,321,487,325,909,406,1434,580,1033,323,277,1202,1432,1215,2282,22635,11843,2680,762,12844,3,1,0,0
2021-03-23T23:59:59+01:00,0,2,560,715,951,1941,1078,3000,1474,4357,1935,3460,1095,1007,4487,5345,2346,4267,209,172,319,484,318,906,405,1434,574,1029,315,270,967,1167,1101,2106,22560,11032,2671,741,12788,3,1,0,0
2021-03-22T23:59:59+01:00,0,2,559,706,946,1929,1072,2991,1464,4341,1921,3451,1092,1004,4482,5344,2346,4267,207,172,318,482,317,904,402,1431,571,1025,311,266,966,1163,1101,2103,22536,11015,2656,721,12724,3,1,0,0
2021-03-21T23:59:59+01:00,0,2,557,703,943,1920,1070,2987,1458,4328,1909,3444,1089,1003,4482,5343,2346,4267,207,172,318,481,316,900,402,1426,565,1023,301,261,962,1159,1100,2103,22532,11014,2642,679,12676,3,1,0,0
2021-03-20T23:59:59+01:00,0,2,552,695,938,1904,1053,2971,1430,4310,1875,3416,1017,932,3900,4709,2296,4170,207,172,318,481,316,900,402,1426,565,1023,301,261,962,1159,1099,2102,20873,11012,2641,679,12655,3,1,0,0
2021-03-19T23:59:59+01:00,0,2,543,686,921,1878,1026,2952,1394,4285,1849,3386,930,867,3230,3873,2249,4073,205,172,316,481,315,897,400,1424,561,1016,298,260,949,1146,1068,2062,18899,10990,2630,577,12614,3,1,0,0
2021-03-18T23:59:59+01:00,0,2,530,674,904,1852,1003,2925,1355,4245,1804,3334,832,803,2718,3341,2227,4039,200,170,313,477,312,887,396,1418,559,1011,295,254,846,1052,960,1873,18822,10612,1231,408,12534,3,1,0,0
2021-03-17T23:59:59+01:00,0,2,528,664,895,1832,990,2907,1333,4224,1786,3318,803,778,2633,3250,2221,4035,198,169,311,475,309,886,389,1414,556,1007,292,249,606,778,659,1428,18516,9693,1195,33,12487,0,1,0,0
2021-03-16T23:59:59+01:00,0,2,526,655,886,1810,969,2892,1316,4212,1762,3302,774,767,2585,3170,2219,4031,198,169,309,475,307,884,386,1412,553,1002,286,245,361,543,471,1121,18309,8696,1155,27,12414,0,0,0,0
2021-03-15T23:59:59+01:00,0,2,526,644,882,1792,960,2871,1310,4206,1754,3293,768,764,2582,3169,2219,4031,197,169,308,474,306,884,386,1412,550,1002,286,245,361,542,470,1121,18296,8690,1133,24,12344,0,0,0,0
2021-03-14T23:59:59+01:00,0,2,525,638,876,1780,953,2866,1300,4193,1744,3281,763,760,2577,3166,2219,4031,197,169,307,474,305,882,384,1410,550,1002,285,245,361,542,470,1121,18291,8687,1106,18,12277,0,0,0,0
2021-03-13T23:59:59+01:00,0,2,503,587,781,1518,823,2485,1106,3630,1462,2852,682,671,2474,3040,2218,4030,197,169,307,474,305,882,384,1410,550,1002,285,245,361,542,470,1121,18287,8687,1106,18,9471,0,0,0,0
2021-03-12T23:59:59+01:00,0,2,488,502,717,1252,731,2090,935,2940,1215,2261,542,518,2430,2995,2218,4030,197,167,307,474,305,880,383,1410,550,1000,285,244,348,521,422,1058,18264,8533,1105,18,6497,0,0,0,0
2021-03-11T23:59:59+01:00,0,2,465,466,684,1181,685,1985,876,2795,1135,2150,487,459,2417,2985,2217,4029,197,167,306,472,304,879,383,1407,549,1000,285,243,335,504,376,1015,18078,8407,1057,15,5883,0,0,0,0
2021-03-10T23:59:59+01:00,0,2,451,456,650,1148,645,1951,832,2759,1102,2122,467,443,2403,2966,2216,4026,193,165,302,465,304,878,378,1400,544,993,281,237,215,405,151,753,17802,7655,1037,9,5800,0,0,0,0
2021-03-09T23:59:59+01:00,0,2,435,439,618,1119,626,1933,809,2733,1080,2098,446,423,2310,2824,2093,3797,193,165,300,463,303,877,377,1397,544,990,279,236,215,405,151,752,17044,7647,1021,0,5720,0,0,0,0
2021-03-08T23:59:59+01:00,0,2,422,418,596,1089,608,1911,793,2708,1058,2072,424,395,2081,2550,1864,3420,193,164,300,461,302,873,377,1391,544,988,278,234,215,404,151,752,15802,7627,993,0,5616,0,0,0,0
2021-03-07T23:59:59+01:00,0,2,421,416,589,1072,596,1903,790,2695,1052,2061,423,394,2076,2542,1863,3418,193,164,300,460,302,872,377,1388,544,987,278,234,215,404,151,752,15776,7621,983,0,5554,0,0,0,0
2021-03-06T23:59:59+01:00,0,2,421,413,586,1058,593,1901,783,2688,1048,2054,422,394,2076,2542,1863,3418,193,164,300,460,302,872,377,1388,544,986,277,234,215,404,151,752,15768,7619,983,0,5511,0,0,0,0
2021-03-05T23:59:59+01:00,0,2,415,398,580,1046,587,1891,778,2679,1042,2046,409,386,1655,1980,1432,2666,190,159,296,460,299,871,375,1385,542,982,277,234,215,404,151,752,13547,7592,983,0,5462,0,0,0,0
2021-03-04T23:59:59+01:00,0,2,405,373,554,1007,568,1835,749,2626,1021,1996,405,382,1563,1863,1393,2593,179,151,285,451,298,863,373,1371,540,978,276,234,215,404,151,752,13197,7521,977,0,5161,0,0,0,0
2021-03-03T23:59:59+01:00,0,2,403,366,546,977,551,1803,724,2578,1004,1958,399,376,1241,1484,1240,2321,178,150,284,450,297,862,369,1364,537,971,274,232,214,403,149,747,12048,7481,970,0,4955,0,0,0,0
2021-03-02T23:59:59+01:00,0,2,399,361,538,943,537,1783,715,2554,993,1940,389,366,998,1217,1122,2143,178,148,283,439,293,856,369,1355,537,965,274,232,214,403,149,747,11229,7442,935,0,4836,0,0,0,0
2021-03-01T23:59:59+01:00,0,2,397,353,529,921,519,1752,706,2530,982,1923,385,359,997,1210,1122,2139,178,146,283,430,290,846,366,1340,534,959,272,230,213,402,149,747,11210,7385,900,0,4716,0,0,0,0
2021-02-28T23:59:59+01:00,0,2,394,350,526,913,514,1741,703,2520,977,1908,381,354,997,1208,1122,2139,176,145,283,430,290,845,366,1340,533,959,272,230,213,402,149,747,11210,7380,873,0,4666,0,0,0,0
2021-02-27T23:59:59+01:00,0,2,393,348,521,906,512,1735,700,2511,974,1906,380,353,997,1208,1121,2139,176,145,283,430,290,845,366,1340,532,959,272,230,213,402,149,747,11209,7379,873,0,4624,0,0,0,0
2021-02-26T23:59:59+01:00,0,2,345,301,452,733,436,1427,571,2093,804,1563,352,323,997,1205,1121,2139,176,143,283,427,288,837,364,1332,530,956,272,230,213,402,149,747,11198,7349,862,0,2804,0,0,0,0
2021-02-25T23:59:59+01:00,0,2,325,293,442,711,424,1391,556,2045,786,1531,344,316,913,1116,1049,2015,125,129,263,423,277,825,353,1316,525,949,272,228,213,402,149,747,10797,7196,832,0,2630,0,0,0,0
2021-02-24T23:59:59+01:00,0,2,320,287,437,695,417,1355,540,1997,764,1487,336,303,705,884,865,1710,125,123,262,417,274,816,351,1303,518,942,270,226,211,402,149,745,9858,7134,791,0,2455,0,0,0,0
2021-02-23T23:59:59+01:00,0,2,318,275,429,681,406,1332,532,1961,746,1468,322,293,456,638,674,1409,125,122,261,415,272,811,351,1296,517,934,269,225,210,402,148,744,8860,7102,747,0,2335,0,0,0,0
2021-02-22T23:59:59+01:00,0,2,318,273,428,674,405,1327,528,1951,741,1464,322,290,455,636,674,1408,125,117,256,405,271,794,347,1272,512,926,265,224,210,402,148,744,8856,7018,735,0,2305,0,0,0,0
2021-02-21T23:59:59+01:00,0,2,315,272,426,668,402,1319,526,1943,735,1460,311,285,451,632,672,1408,125,117,255,404,271,792,344,1269,505,923,264,223,209,401,147,735,8851,6984,694,0,2282,0,0,0,0
2021-02-20T23:59:59+01:00,0,2,315,269,426,666,402,1311,525,1934,733,1456,311,285,451,632,672,1408,125,117,255,404,271,792,344,1269,504,923,264,223,209,401,147,735,8851,6983,694,0,2253,0,0,0,0
2021-02-19T23:59:59+01:00,0,1,269,243,394,590,368,1142,467,1720,626,1246,302,269,425,596,593,1301,125,117,255,404,270,792,344,1269,504,923,264,223,209,401,147,735,8634,6982,588,0,1330,0,0,0,0
2021-02-18T23:59:59+01:00,0,1,268,238,387,581,357,1121,454,1702,616,1239,302,267,372,549,491,1173,122,114,251,399,263,786,341,1260,501,922,262,221,209,401,147,735,8455,6934,416,0,1247,0,0,0,0
2021-02-17T23:59:59+01:00,0,1,262,234,375,567,350,1112,431,1686,608,1227,297,260,218,413,156,764,114,101,247,393,258,771,335,1244,495,911,258,218,208,401,147,735,7738,6836,31,0,1192,0,0,0,0
2021-02-16T23:59:59+01:00,0,1,260,232,364,565,340,1103,423,1672,603,1221,294,257,218,412,156,764,83,89,227,367,247,741,317,1204,463,876,237,203,201,383,146,728,7731,6512,27,0,1127,0,0,0,0
2021-02-15T23:59:59+01:00,0,1,258,232,362,561,339,1097,421,1660,599,1215,294,257,218,411,155,764,82,87,223,356,239,729,307,1176,448,853,224,196,190,361,140,672,7723,6283,24,0,1097,0,0,0,0
2021-02-14T23:59:59+01:00,0,1,257,230,356,558,335,1087,417,1654,596,1212,294,257,218,411,155,764,78,85,216,351,236,721,302,1163,444,838,223,194,190,350,140,663,7713,6194,19,0,1070,0,0,0,0
2021-02-13T23:59:59+01:00,0,1,257,230,356,558,335,1087,416,1654,596,1211,293,257,218,411,155,764,78,85,216,351,236,721,302,1163,444,838,223,194,190,350,140,663,7711,6194,19,0,1069,0,0,0,0
2021-02-12T23:59:59+01:00,0,1,199,169,307,480,308,893,383,1416,559,996,285,242,217,411,155,764,75,84,213,350,234,718,295,1159,441,833,220,192,190,348,140,663,7699,6155,19,0,67,0,0,0,0
2021-02-11T23:59:59+01:00,0,0,197,168,301,469,304,879,377,1396,549,988,285,242,217,411,155,764,74,81,202,324,224,674,275,1108,424,785,219,189,190,343,140,660,7658,5912,16,0,28,0,0,0,0
2021-02-10T23:59:59+01:00,0,0,194,161,297,465,301,875,371,1385,545,980,283,240,215,410,155,762,69,75,186,298,213,615,258,1023,399,733,210,175,176,314,128,613,7616,5485,10,0,13,0,0,0,0
2021-02-09T23:59:59+01:00,0,0,189,155,294,456,300,866,371,1375,543,971,280,239,215,410,155,761,60,60,147,234,184,511,220,831,343,598,189,149,156,279,118,547,7572,4626,2,0,6,0,0,0,0
2021-02-08T23:59:59+01:00,0,0,182,148,290,444,295,856,367,1355,536,964,276,235,214,409,153,757,33,47,102,144,135,283,161,454,249,391,160,123,129,224,95,452,7473,3182,2,0,6,0,0,0,0
2021-02-07T23:59:59+01:00,0,0,180,146,287,443,294,854,366,1354,535,963,275,234,214,409,153,757,18,40,83,122,130,262,152,420,233,364,152,119,119,214,90,417,7463,2935,1,0,0,0,0,0,0
2021-02-06T23:59:59+01:00,0,0,180,146,287,443,294,854,366,1354,535,963,275,234,214,409,153,757,18,37,81,119,120,247,141,404,202,343,137,115,118,209,89,407,7463,2787,1,0,0,0,0,0,0
2021-02-05T23:59:59+01:00,0,0,180,144,287,440,293,843,364,1346,531,960,275,233,214,409,153,756,17,32,77,114,113,234,136,377,188,324,132,110,115,204,82,391,7427,2646,1,0,0,0,0,0,0
2021-02-04T23:59:59+01:00,0,0,172,139,286,436,286,834,361,1335,522,951,274,231,213,409,153,754,10,21,51,77,84,178,113,287,156,267,114,96,103,190,74,351,7356,2172,0,0,0,0,0,0,0
2021-02-03T23:59:59+01:00,0,0,154,132,276,430,282,828,359,1324,522,949,274,231,212,409,153,753,10,19,43,67,75,142,89,257,134,219,95,81,88,162,67,311,7288,1859,0,0,0,0,0,0,0
2021-02-02T23:59:59+01:00,0,0,133,126,264,428,279,821,354,1317,521,942,273,231,211,409,152,752,10,16,34,61,63,119,74,212,103,169,63,57,63,104,43,196,7213,1387,0,0,0,0,0,0,0
2021-02-01T23:59:59+01:00,0,0,128,121,259,413,277,804,352,1293,515,930,268,229,211,409,152,752,4,10,20,34,33,66,46,119,59,69,28,28,27,44,25,97,7113,709,0,0,0,0,0,0,0
2021-01-31T23:59:59+01:00,0,0,127,118,257,411,275,800,350,1287,511,928,268,226,210,408,152,752,4,6,15,23,28,47,32,73,39,42,14,8,13,28,20,59,7080,451,0,0,0,0,0,0,0
2021-01-30T23:59:59+01:00,0,0,127,118,257,411,275,799,350,1286,510,928,268,226,210,408,152,752,4,6,13,20,25,40,27,65,36,40,14,8,13,28,20,59,7077,418,0,0,0,0,0,0,0
2021-01-29T23:59:59+01:00,0,0,127,118,257,411,274,799,350,1286,510,928,268,226,210,408,152,752,4,6,7,18,23,31,22,57,32,37,14,8,13,27,19,58,7076,376,0,0,0,0,0,0,0
2021-01-28T23:59:59+01:00,0,0,125,115,253,405,270,793,347,1279,506,927,268,226,210,408,152,752,1,3,2,8,15,13,12,28,12,22,11,4,6,14,6,23,7036,180,0,0,0,0,0,0,0
2021-01-27T23:59:59+01:00,0,0,117,105,251,401,267,785,342,1272,500,920,263,223,209,407,152,752,0,0,1,4,11,11,8,21,10,17,10,4,6,14,6,23,6966,146,0,0,0,0,0,0,0
2021-01-26T23:59:59+01:00,0,0,88,93,233,384,259,760,329,1234,475,889,243,211,202,391,152,744,0,0,1,4,11,11,8,21,10,17,10,4,6,14,6,23,6687,146,0,0,0,0,0,0,0
2021-01-25T23:59:59+01:00,0,0,85,88,231,364,246,741,315,1200,457,864,227,204,193,371,148,689,0,0,1,4,11,9,7,14,7,13,10,4,6,14,6,23,6423,129,0,0,0,0,0,0,0
2021-01-24T23:59:59+01:00,0,0,85,86,227,360,245,736,312,1187,455,849,226,202,193,360,148,679,0,0,1,4,11,9,7,14,7,13,10,4,6,14,6,23,6350,129,0,0,0,0,0,0,0
2021-01-23T23:59:59+01:00,0,0,85,86,227,360,245,736,312,1187,455,849,226,202,193,360,148,679,0,0,1,4,11,9,7,14,7,13,10,4,6,14,6,23,6350,129,0,0,0,0,0,0,0
2021-01-22T23:59:59+01:00,0,0,85,85,225,358,245,733,308,1183,451,846,224,201,193,359,148,679,0,0,1,4,11,9,7,14,7,13,10,4,6,14,6,23,6323,129,0,0,0,0,0,0,0
2021-01-21T23:59:59+01:00,0,0,85,82,211,329,235,689,283,1132,437,813,223,197,192,353,148,676,0,0,1,2,9,8,6,13,6,11,10,4,6,14,6,23,6085,119,0,0,0,0,0,0,0
2021-01-20T23:59:59+01:00,0,0,79,76,197,308,223,625,269,1039,408,754,214,186,177,324,137,629,0,0,1,2,9,8,6,13,6,11,10,4,6,14,6,23,5645,119,0,0,0,0,0,0,0
2021-01-19T23:59:59+01:00,0,0,71,66,157,258,203,562,243,916,367,645,195,160,155,284,124,552,0,0,1,2,3,7,6,12,4,9,7,3,6,14,6,23,4958,103,0,0,0,0,0,0,0
2021-01-18T23:59:59+01:00,0,0,59,58,134,215,181,458,216,759,327,552,178,140,131,234,104,470,0,0,0,1,2,4,3,7,2,7,6,3,6,14,6,22,4216,83,0,0,0,0,0,0,0
2021-01-17T23:59:59+01:00,0,0,36,46,109,184,167,395,199,668,301,494,170,134,118,217,90,416,0,0,0,0,2,4,2,7,2,5,4,3,6,14,5,22,3744,76,0,0,0,0,0,0,0
2021-01-16T23:59:59+01:00,0,0,29,43,109,181,157,378,184,648,270,472,155,129,117,211,89,406,0,0,0,0,0,0,0,0,0,0,0,0,0,0,0,0,3578,0,0,0,0,0,0,0,0
2021-01-15T23:59:59+01:00,0,0,27,39,105,176,146,365,178,618,253,450,150,120,114,205,81,390,0,0,0,0,0,0,0,0,0,0,0,0,0,0,0,0,3417,0,0,0,0,0,0,0,0
2021-01-14T23:59:59+01:00,0,0,9,24,51,77,84,169,114,283,150,262,123,101,100,190,71,350,0,0,0,0,0,0,0,0,0,0,0,0,0,0,0,0,2158,0,0,0,0,0,0,0,0
2021-01-13T23:59:59+01:00,0,0,8,20,41,67,76,134,92,254,125,225,94,79,81,153,56,282,0,0,0,0,0,0,0,0,0,0,0,0,0,0,0,0,1787,0,0,0,0,0,0,0,0
2021-01-12T23:59:59+01:00,0,0,8,15,37,63,63,110,77,206,96,171,61,53,54,92,32,162,0,0,0,0,0,0,0,0,0,0,0,0,0,0,0,0,1300,0,0,0,0,0,0,0,0
2021-01-11T23:59:59+01:00,0,0,1,10,27,46,39,79,56,137,59,84,31,27,22,36,16,70,0,0,0,0,0,0,0,0,0,0,0,0,0,0,0,0,740,0,0,0,0,0,0,0,0
2021-01-10T23:59:59+01:00,0,0,1,5,20,32,34,55,37,90,38,52,14,7,7,19,11,31,0,0,0,0,0,0,0,0,0,0,0,0,0,0,0,0,453,0,0,0,0,0,0,0,0
2021-01-09T23:59:59+01:00,0,0,1,5,18,28,33,51,32,80,36,51,14,7,7,19,11,31,0,0,0,0,0,0,0,0,0,0,0,0,0,0,0,0,424,0,0,0,0,0,0,0,0
2021-01-08T23:59:59+01:00,0,0,1,5,15,26,30,40,26,71,32,47,13,7,6,17,10,30,0,0,0,0,0,0,0,0,0,0,0,0,0,0,0,0,376,0,0,0,0,0,0,0,0
2021-01-07T23:59:59+01:00,0,0,1,3,2,10,15,13,13,29,14,24,11,5,6,15,8,24,0,0,0,0,0,0,0,0,0,0,0,0,0,0,0,0,193,0,0,0,0,0,0,0,0
2021-01-06T23:59:59+01:00,0,0,1,0,2,4,13,11,9,23,12,19,11,5,6,15,8,24,0,0,0,0,0,0,0,0,0,0,0,0,0,0,0,0,163,0,0,0,0,0,0,0,0
2021-01-05T23:59:59+01:00,0,0,0,0,1,4,12,11,8,21,11,19,10,5,6,15,8,24,0,0,0,0,0,0,0,0,0,0,0,0,0,0,0,0,155,0,0,0,0,0,0,0,0
2021-01-04T23:59:59+01:00,0,0,0,0,1,4,12,10,7,17,9,17,10,5,6,15,8,24,0,0,0,0,0,0,0,0,0,0,0,0,0,0,0,0,145,0,0,0,0,0,0,0,0
2021-01-03T23:59:59+01:00,0,0,0,0,1,4,11,9,7,14,7,14,10,5,6,15,8,24,0,0,0,0,0,0,0,0,0,0,0,0,0,0,0,0,135,0,0,0,0,0,0,0,0
2021-01-02T23:59:59+01:00,0,0,0,0,1,4,11,9,7,14,7,14,10,5,6,15,8,24,0,0,0,0,0,0,0,0,0,0,0,0,0,0,0,0,135,0,0,0,0,0,0,0,0
2021-01-01T23:59:59+01:00,0,0,0,0,1,4,11,9,7,14,7,14,10,5,6,15,8,24,0,0,0,0,0,0,0,0,0,0,0,0,0,0,0,0,135,0,0,0,0,0,0,0,0
2020-12-31T23:59:59+01:00,0,0,0,0,1,4,11,9,7,14,7,14,10,5,6,15,8,24,0,0,0,0,0,0,0,0,0,0,0,0,0,0,0,0,135,0,0,0,0,0,0,0,0
2020-12-30T23:59:59+01:00,0,0,0,0,1,4,11,9,7,14,7,14,10,5,6,15,8,24,0,0,0,0,0,0,0,0,0,0,0,0,0,0,0,0,135,0,0,0,0,0,0,0,0
2020-12-29T23:59:59+01:00,0,0,0,0,1,4,8,9,7,14,5,12,10,5,6,15,8,24,0,0,0,0,0,0,0,0,0,0,0,0,0,0,0,0,128,0,0,0,0,0,0,0,0
2020-12-28T23:59:59+01:00,0,0,0,0,1,1,5,7,7,8,3,9,10,5,6,15,8,24,0,0,0,0,0,0,0,0,0,0,0,0,0,0,0,0,109,0,0,0,0,0,0,0,0
2020-12-27T23:59:59+01:00,0,0,0,0,0,0,2,4,2,7,2,6,4,4,6,15,7,23,0,0,0,0,0,0,0,0,0,0,0,0,0,0,0,0,82,0,0,0,0,0,0,0,0
