Datum,<15_m,<15_w,15-24_1_m,15-24_1_w,25-34_1_m,25-34_1_w,35-44_1_m,35-44_1_w,45-54_1_m,45-54_1_w,55-64_1_m,55-64_1_w,65-74_1_m,65-74_1_w,75-84_1_m,75-84_1_w,>84_1_m,>84_1_w,<24_2_m,<24_2_w,25-34_2_m,25-34_2_w,35-44_2_m,35-44_2_w,45-54_2_m,45-54_2_w,55-64_2_m,55-64_2_w,65-74_2_m,65-74_2_w,75-84_2_m,75-84_2_w,>84_2_m,>84_2_w,bp_1,bp_2,mo_1,mo_2,az_1,az_2,ja,unb_1,unb_2
2021-09-14T23:59:59+02:00,1641,1538,9561,9006,10633,9904,13132,13570,17240,17630,20493,20535,16315,17019,9041,11015,2836,5465,8877,8364,10145,9316,12663,12948,16670,17007,19973,19952,15997,16669,8859,10757,2783,5335,147839,141596,19941,19265,27939,27078,10849,8,6
2021-09-13T23:59:59+02:00,1608,1504,9519,8953,10606,9871,13111,13528,17220,17610,20471,20523,16309,17013,9038,11009,2834,5459,8842,8335,10129,9293,12643,12917,16656,16990,19957,19936,15991,16655,8853,10755,2783,5331,147621,141340,19795,19258,27939,27077,10826,7,6
2021-09-12T23:59:59+02:00,1607,1501,9509,8949,10595,9869,13105,13520,17216,17607,20467,20520,16308,17012,9036,11008,2834,5457,8816,8314,10111,9283,12627,12903,16646,16982,19949,19927,15988,16652,8852,10750,2783,5330,147582,141183,19794,19256,27939,27076,10800,7,6
2021-09-11T23:59:59+02:00,1607,1501,9508,8945,10591,9866,13102,13518,17215,17604,20464,20518,16308,17010,9035,11008,2834,5457,8808,8312,10109,9282,12622,12902,16645,16979,19947,19926,15988,16651,8851,10750,2783,5330,147571,141177,19793,19251,27939,27076,10783,7,6
2021-09-10T23:59:59+02:00,1606,1500,9504,8941,10582,9859,13090,13513,17210,17597,20462,20514,16307,17009,9035,11008,2834,5457,8804,8309,10103,9274,12612,12896,16639,16974,19944,19922,15988,16650,8851,10749,2783,5330,147542,141157,19792,19245,27939,27076,10750,7,6
2021-09-09T23:59:59+02:00,1603,1495,9488,8935,10571,9847,13079,13497,17195,17588,20447,20503,16304,17008,9033,11004,2833,5455,8794,8304,10096,9265,12607,12883,16622,16967,19932,19913,15986,16648,8849,10742,2782,5328,147465,141104,19790,19245,27939,27076,10685,7,6
2021-09-08T23:59:59+02:00,1565,1446,9443,8876,10539,9809,13051,13460,17164,17564,20428,20481,16289,16994,9029,10998,2833,5453,8770,8288,10076,9249,12588,12868,16609,16958,19918,19907,15979,16643,8848,10737,2782,5328,147053,140979,19789,19241,27939,27076,10635,7,6
2021-09-07T23:59:59+02:00,1547,1421,9422,8853,10520,9789,13043,13450,17155,17553,20422,20476,16285,16991,9028,10993,2832,5451,8761,8280,10066,9247,12580,12866,16605,16951,19914,19904,15979,16642,8848,10734,2782,5328,146879,140938,19788,19239,27939,27072,10619,7,6
2021-09-06T23:59:59+02:00,1534,1409,9399,8830,10499,9768,13034,13436,17145,17539,20413,20459,16283,16988,9027,10993,2831,5451,8755,8270,10057,9240,12574,12856,16599,16945,19909,19897,15977,16641,8844,10731,2782,5327,146707,140875,19787,19235,27937,27071,10601,7,6
2021-09-05T23:59:59+02:00,1530,1406,9391,8818,10490,9763,13029,13430,17142,17532,20407,20457,16280,16985,9027,10992,2831,5451,8749,8264,10050,9230,12569,12850,16593,16939,19901,19894,15975,16639,8844,10730,2782,5327,146655,140823,19786,19235,27937,27068,10577,7,6
2021-09-04T23:59:59+02:00,1529,1406,9390,8816,10489,9763,13028,13429,17142,17532,20405,20455,16280,16985,9027,10992,2831,5451,8749,8264,10049,9229,12568,12850,16592,16938,19900,19894,15975,16639,8844,10730,2782,5327,146649,140818,19783,19235,27937,27068,10575,7,6
2021-09-03T23:59:59+02:00,1519,1394,9370,8799,10476,9751,13023,13419,17127,17521,20393,20445,16275,16979,9026,10987,2831,5448,8733,8254,10037,9222,12561,12843,16576,16928,19897,19886,15971,16632,8843,10726,2782,5324,146550,140768,19780,19234,27937,27068,10510,7,6
2021-09-02T23:59:59+02:00,1508,1385,9317,8768,10417,9700,12952,13363,17078,17482,20335,20403,16243,16952,9016,10976,2830,5443,8688,8230,9978,9177,12493,12794,16532,16895,19837,19845,15939,16609,8836,10718,2782,5320,146430,140711,19778,19230,27936,27066,10018,7,6
2021-09-01T23:59:59+02:00,1504,1369,9299,8755,10400,9691,12940,13350,17068,17469,20326,20400,16239,16946,9009,10972,2830,5442,8669,8208,9963,9161,12482,12783,16521,16884,19821,19834,15935,16605,8833,10712,2782,5319,146324,140576,19767,19228,27936,27065,9976,7,6
2021-08-31T23:59:59+02:00,1487,1351,9283,8726,10389,9677,12930,13342,17063,17458,20319,20392,16234,16942,9007,10967,2830,5442,8653,8192,9957,9149,12467,12771,16510,16879,19818,19827,15931,16603,8832,10709,2782,5319,146165,140453,19766,19225,27936,27062,9966,7,6
2021-08-30T23:59:59+02:00,1466,1334,9262,8703,10375,9661,12918,13327,17051,17439,20307,20384,16230,16939,9005,10965,2830,5441,8623,8179,9943,9138,12455,12753,16497,16864,19809,19819,15924,16597,8830,10704,2780,5317,145999,140315,19766,19220,27933,27053,9932,7,6
2021-08-29T23:59:59+02:00,1465,1333,9259,8697,10369,9652,12915,13322,17042,17434,20303,20379,16227,16934,9005,10965,2830,5440,8620,8172,9934,9128,12450,12747,16489,16860,19805,19816,15921,16590,8829,10704,2780,5316,145980,140296,19766,19218,27933,27047,9885,7,6
2021-08-28T23:59:59+02:00,1464,1333,9256,8693,10369,9651,12914,13321,17042,17433,20303,20378,16227,16934,9005,10965,2830,5440,8616,8172,9932,9128,12449,12746,16489,16859,19805,19815,15921,16590,8829,10704,2780,5316,145972,140290,19766,19216,27933,27047,9880,7,6
2021-08-27T23:59:59+02:00,1454,1322,9244,8685,10364,9645,12911,13319,17039,17427,20298,20373,16226,16932,9004,10965,2830,5440,8608,8165,9929,9122,12441,12744,16486,16852,19804,19814,15919,16589,8828,10703,2780,5316,145897,140240,19766,19214,27933,27042,9875,7,6
2021-08-26T23:59:59+02:00,1451,1321,9236,8681,10359,9639,12902,13318,17036,17425,20296,20368,16223,16929,9001,10960,2829,5440,8598,8153,9923,9117,12433,12741,16481,16850,19802,19809,15916,16585,8825,10700,2779,5316,145875,140210,19764,19214,27933,27036,9835,7,6
2021-08-25T23:59:59+02:00,1438,1297,9135,8625,10277,9566,12814,13243,16918,17341,20203,20312,16177,16891,8986,10940,2824,5429,8513,8100,9845,9055,12343,12677,16378,16777,19716,19755,15872,16546,8811,10680,2774,5303,145635,140067,19763,19213,27933,27034,9078,7,6
2021-08-24T23:59:59+02:00,1419,1272,9103,8595,10263,9547,12786,13214,16888,17305,20189,20296,16162,16881,8981,10934,2824,5426,8489,8086,9828,9043,12327,12665,16366,16761,19708,19744,15866,16541,8811,10678,2774,5302,145349,139943,19761,19210,27933,27034,9035,7,6
2021-08-23T23:59:59+02:00,1401,1247,9064,8557,10249,9529,12755,13194,16869,17287,20176,20272,16151,16869,8970,10928,2823,5421,8465,8070,9803,9024,12311,12658,16353,16752,19698,19728,15859,16534,8807,10673,2773,5299,145094,139846,19761,19208,27933,27013,8967,7,6
2021-08-22T23:59:59+02:00,1401,1247,9054,8552,10242,9523,12754,13190,16866,17281,20173,20269,16148,16866,8966,10928,2823,5420,8449,8063,9796,9012,12307,12653,16350,16745,19696,19724,15856,16530,8803,10671,2773,5298,145081,139815,19761,19205,27933,27010,8921,7,6
2021-08-21T23:59:59+02:00,1401,1246,9049,8552,10241,9520,12751,13189,16865,17281,20172,20268,16148,16866,8966,10928,2823,5420,8326,7981,9692,8919,12219,12543,16261,16674,19641,19680,15836,16515,8800,10660,2772,5296,145075,139811,19758,18303,27933,27009,8913,7,6
2021-08-20T23:59:59+02:00,1400,1244,9041,8550,10234,9512,12744,13179,16862,17279,20165,20263,16145,16866,8966,10926,2822,5419,7965,7655,9541,8756,12074,12404,16139,16562,19533,19584,15796,16466,8788,10636,2770,5295,145041,137707,19758,18302,27933,27008,8878,7,6
2021-08-19T23:59:59+02:00,1395,1242,9030,8544,10227,9502,12735,13174,16857,17278,20160,20261,16144,16864,8966,10925,2822,5418,7706,7388,9410,8651,11932,12285,16047,16454,19437,19495,15754,16417,8778,10616,2769,5287,145000,135980,19755,18296,27932,26999,8850,7,6
2021-08-18T23:59:59+02:00,1370,1210,8984,8506,10200,9473,12708,13140,16827,17255,20133,20232,16131,16850,8959,10919,2818,5413,7692,7378,9398,8643,11918,12269,16032,16445,19429,19486,15748,16410,8774,10612,2766,5284,144692,135930,19742,18295,27929,26998,8758,7,6
2021-08-17T23:59:59+02:00,1345,1197,8947,8473,10185,9452,12695,13116,16812,17235,20112,20210,16123,16841,8956,10912,2816,5408,7677,7363,9381,8636,11909,12260,16025,16434,19418,19480,15743,16405,8773,10610,2765,5282,144455,135863,19739,18290,27928,26992,8706,7,6
2021-08-16T23:59:59+02:00,1322,1179,8910,8448,10165,9432,12671,13092,16802,17216,20092,20195,16118,16829,8952,10911,2816,5408,7670,7352,9365,8634,11899,12254,16023,16429,19409,19473,15740,16402,8773,10610,2765,5282,144220,135827,19737,18286,27928,26990,8666,7,6
2021-08-15T23:59:59+02:00,1304,1162,8889,8429,10153,9416,12655,13080,16789,17206,20078,20183,16112,16823,8952,10906,2816,5408,7658,7342,9350,8619,11886,12244,16016,16421,19403,19469,15733,16398,8772,10607,2765,5282,144070,135776,19736,18282,27926,26971,8622,7,6
2021-08-14T23:59:59+02:00,1303,1162,8889,8429,10152,9416,12654,13077,16789,17205,20077,20181,16112,16823,8952,10906,2816,5408,7341,7049,9205,8453,11711,12081,15897,16291,19309,19383,15707,16374,8763,10594,2765,5278,144063,133788,19736,18280,27926,26963,8619,7,6
2021-08-13T23:59:59+02:00,1298,1160,8876,8419,10141,9408,12642,13068,16774,17196,20069,20173,16108,16817,8950,10905,2815,5408,6956,6691,9032,8294,11505,11867,15681,16110,19168,19261,15673,16335,8752,10580,2763,5274,144033,131320,19736,18280,27926,26960,8525,7,6
2021-08-12T23:59:59+02:00,1298,1160,8875,8415,10134,9402,12638,13067,16768,17187,20065,20167,16107,16813,8948,10903,2815,5408,6950,6684,9019,8286,11494,11865,15670,16103,19164,19254,15671,16329,8750,10579,2763,5274,144016,131287,19735,18277,27926,26942,8486,7,6
2021-08-11T23:59:59+02:00,1295,1156,8872,8409,10124,9397,12630,13063,16763,17183,20060,20165,16105,16810,8947,10903,2815,5407,6944,6674,9004,8276,11483,11861,15664,16096,19156,19248,15667,16326,8749,10579,2763,5272,143971,131227,19732,18270,27926,26929,8468,7,6
2021-08-10T23:59:59+02:00,1294,1156,8868,8407,10119,9392,12628,13059,16762,17181,20059,20160,16104,16808,8947,10902,2815,5407,6899,6630,8973,8261,11464,11840,15639,16084,19149,19238,15665,16324,8749,10577,2763,5272,143945,130986,19732,18266,27926,26923,8458,7,6
2021-08-09T23:59:59+02:00,1294,1154,8861,8406,10114,9385,12627,13057,16755,17179,20053,20160,16102,16808,8946,10902,2815,5407,6880,6608,8953,8245,11452,11830,15623,16073,19143,19234,15662,16323,8747,10576,2763,5272,143919,130859,19732,18262,27924,26914,8443,7,6
2021-08-08T23:59:59+02:00,1294,1153,8858,8400,10112,9381,12618,13054,16750,17175,20051,20157,16100,16805,8945,10901,2814,5406,6877,6596,8936,8237,11436,11823,15616,16064,19141,19231,15659,16320,8746,10575,2762,5271,143908,130811,19731,18255,27924,26911,8404,7,6
2021-08-07T23:59:59+02:00,1294,1145,8849,8392,10101,9374,12616,13047,16743,17171,20045,20152,16096,16800,8943,10901,2813,5406,6224,6026,8664,8013,11166,11591,15417,15890,19057,19155,15639,16296,8739,10568,2759,5270,143860,127723,19730,18243,27924,26910,8367,7,6
2021-08-06T23:59:59+02:00,1288,1144,8839,8380,10086,9362,12596,13029,16725,17159,20028,20139,16089,16792,8943,10898,2813,5405,6210,6011,8648,7998,11142,11571,15395,15874,19040,19143,15632,16289,8739,10565,2759,5269,143822,127672,19728,18237,27924,26908,8234,7,6
2021-08-05T23:59:59+02:00,1285,1142,8832,8373,10077,9353,12582,13021,16719,17156,20021,20135,16088,16792,8943,10897,2813,5405,5924,5774,8299,7702,10779,11297,15074,15638,18791,18976,15612,16266,8729,10558,2758,5268,143774,127587,19724,15535,27920,26875,8209,7,6
2021-08-04T23:59:59+02:00,1284,1139,8826,8370,10072,9350,12575,13017,16714,17154,20019,20132,16087,16792,8942,10896,2813,5404,5910,5767,8271,7691,10760,11286,15058,15631,18786,18971,15609,16263,8728,10558,2757,5268,143743,127489,19723,15527,27919,26860,8194,7,6
2021-08-03T23:59:59+02:00,1277,1136,8822,8360,10067,9345,12570,13014,16709,17152,20014,20130,16085,16792,8941,10894,2813,5403,5797,5653,8178,7622,10643,11208,15009,15579,18757,18956,15605,16261,8727,10556,2755,5266,143698,126761,19721,15519,27919,26831,8179,7,6
2021-08-02T23:59:59+02:00,1271,1130,8808,8352,10059,9338,12565,13008,16704,17143,20007,20126,16083,16789,8939,10891,2812,5402,5626,5494,8046,7517,10519,11093,14938,15499,18725,18931,15597,16252,8720,10556,2754,5266,143617,125695,19715,15516,27918,26800,8170,7,6
2021-08-01T23:59:59+02:00,1269,1129,8801,8343,10052,9331,12559,13006,16699,17141,20002,20124,16082,16789,8938,10889,2812,5402,5565,5437,7995,7468,10457,11042,14903,15474,18712,18914,15595,16249,8718,10553,2754,5264,143571,125259,19712,15513,27917,26779,8161,7,6
2021-07-31T23:59:59+02:00,1269,1129,8800,8340,10052,9330,12557,13006,16698,17141,20001,20122,16082,16789,8938,10888,2812,5402,5540,5417,7979,7456,10441,11029,14890,15468,18709,18911,15594,16248,8718,10553,2754,5264,143568,125133,19711,15510,27917,26778,8153,7,6
2021-07-30T23:59:59+02:00,1138,1009,8569,8111,9959,9212,12475,12922,16619,17067,19942,20054,16050,16750,8932,10871,2811,5399,5249,5140,7841,7313,10253,10838,14753,15302,18642,18855,15569,16220,8702,10539,2749,5260,142110,123302,19709,15501,27917,26760,8147,7,6
2021-07-29T23:59:59+02:00,1131,1001,8440,8022,9799,9114,12322,12820,16473,16972,19778,19944,15964,16682,8907,10852,2810,5392,4952,4906,7561,7119,9973,10636,14505,15126,18445,18737,15484,16146,8675,10518,2748,5250,141992,122192,19706,15459,27917,26734,6801,7,6
2021-07-28T23:59:59+02:00,1120,987,8410,7985,9785,9099,12301,12806,16456,16950,19758,19934,15957,16669,8900,10848,2810,5390,4531,4475,7242,6865,9656,10337,14270,14944,18388,18696,15469,16135,8669,10507,2748,5240,141751,119539,19704,15405,27915,26672,6788,7,6
2021-07-27T23:59:59+02:00,1110,979,8387,7970,9773,9092,12290,12797,16447,16945,19751,19921,15955,16663,8898,10845,2809,5388,4296,4227,7012,6666,9409,10058,14108,14783,18337,18630,15420,16089,8652,10491,2745,5233,141614,117514,19701,15404,27915,26649,6783,7,6
2021-07-26T23:59:59+02:00,1106,976,8373,7958,9766,9087,12284,12792,16440,16937,19744,19920,15952,16658,8896,10841,2808,5383,4188,4115,6910,6556,9284,9933,14026,14702,18292,18596,15409,16078,8642,10483,2742,5231,141536,116609,19697,15395,27904,26591,6777,7,6
2021-07-25T23:59:59+02:00,1105,975,8366,7954,9753,9083,12274,12789,16435,16932,19741,19919,15950,16658,8895,10841,2808,5383,4139,4062,6834,6505,9213,9879,13990,14669,18268,18582,15391,16065,8635,10477,2742,5229,141511,116166,19694,15379,27903,26570,6746,7,6
2021-07-24T23:59:59+02:00,1103,971,8277,7892,9679,9004,12207,12712,16368,16878,19701,19880,15928,16644,8892,10831,2808,5382,4096,4022,6776,6455,9135,9825,13926,14603,18236,18556,15378,16055,8627,10473,2742,5229,141492,115916,19031,15098,27903,26568,6724,7,6
2021-07-23T23:59:59+02:00,1076,946,8164,7802,9641,8969,12173,12683,16323,16843,19671,19861,15922,16638,8887,10827,2808,5382,3802,3735,6514,6244,8854,9538,13690,14427,18156,18499,15336,16011,8609,10454,2739,5223,140993,113656,19031,15074,27903,26562,6682,7,6
2021-07-22T23:59:59+02:00,985,860,7948,7573,9536,8879,12055,12587,16232,16756,19598,19774,15876,16598,8879,10812,2807,5376,3675,3608,6359,6152,8702,9408,13528,14285,18083,18432,15314,15986,8601,10445,2739,5222,139529,112508,19030,15002,27896,26469,6669,7,6
2021-07-21T23:59:59+02:00,965,846,7917,7533,9520,8868,12032,12564,16208,16740,19574,19753,15865,16591,8879,10807,2807,5376,3367,3338,6014,5895,8307,9024,13261,14050,17941,18306,15222,15904,8569,10415,2736,5210,139273,109696,19028,14930,27891,26370,6646,7,6
2021-07-20T23:59:59+02:00,964,845,7909,7528,9511,8865,12027,12562,16200,16739,19569,19748,15864,16590,8879,10806,2807,5376,3294,3285,5955,5841,8247,8963,13176,14005,17909,18292,15222,15904,8569,10413,2736,5210,139233,109306,19027,14915,27888,26238,6634,7,6
2021-07-19T23:59:59+02:00,963,845,7903,7528,9507,8858,12022,12560,16195,16733,19567,19748,15863,16587,8879,10804,2807,5375,3244,3250,5908,5802,8189,8919,13119,13978,17863,18280,15222,15902,8569,10411,2736,5209,139202,109038,19026,14899,27888,26112,6621,7,6
2021-07-18T23:59:59+02:00,962,844,7893,7519,9500,8852,12014,12556,16189,16728,19565,19747,15862,16585,8879,10804,2807,5375,3225,3233,5868,5771,8155,8891,13080,13962,17850,18277,15222,15901,8569,10411,2736,5208,139157,108851,19024,14866,27886,26103,6607,7,6
2021-07-17T23:59:59+02:00,846,725,7569,7227,9348,8683,11837,12394,16060,16589,19469,19652,15841,16564,8871,10791,2807,5372,3124,3125,5756,5678,8021,8736,12940,13836,17755,18200,15212,15883,8566,10404,2736,5208,137142,107674,19022,14862,27886,26099,6591,4,6
2021-07-16T23:59:59+02:00,689,573,7173,6902,9158,8526,11644,12184,15856,16413,19327,19524,15812,16527,8862,10777,2806,5370,3062,3064,5680,5614,7909,8632,12823,13702,17677,18126,15190,15867,8562,10402,2735,5208,134657,106784,19022,14857,27885,26093,6555,4,6
2021-07-15T23:59:59+02:00,687,573,7160,6894,9154,8525,11633,12180,15846,16406,19323,19518,15810,16524,8858,10775,2805,5361,3024,3029,5613,5573,7819,8580,12748,13662,17647,18105,15167,15852,8554,10395,2734,5199,134619,106554,19020,14702,27880,25971,6509,4,6
2021-07-14T23:59:59+02:00,685,572,7151,6886,9150,8523,11628,12176,15840,16403,19318,19513,15808,16521,8855,10772,2804,5357,3001,3017,5572,5542,7784,8558,12715,13646,17630,18094,15160,15849,8551,10391,2734,5195,134587,106402,19019,14669,27880,25931,6472,4,6
2021-07-13T23:59:59+02:00,680,569,7127,6869,9138,8507,11619,12162,15829,16382,19309,19506,15799,16517,8851,10762,2799,5349,2943,2966,5508,5474,7622,8423,12460,13428,17473,17964,15141,15838,8539,10378,2729,5184,134460,105177,19019,14616,27877,25895,6414,4,6
2021-07-12T23:59:59+02:00,674,561,7113,6853,9128,8496,11608,12153,15824,16369,19297,19502,15797,16513,8849,10762,2799,5346,2885,2913,5426,5399,7475,8308,12212,13216,17294,17818,15131,15833,8535,10371,2728,5184,134344,103941,19017,14565,27873,25845,6406,4,6
2021-07-11T23:59:59+02:00,673,560,7105,6850,9119,8487,11602,12145,15814,16366,19292,19497,15797,16510,8848,10760,2799,5346,2854,2878,5350,5323,7378,8220,12047,13061,17167,17686,15124,15822,8534,10368,2728,5184,134302,103055,19013,14515,27873,25804,6378,4,6
2021-07-10T23:59:59+02:00,500,403,6536,6301,8892,8303,11361,11951,15657,16234,19237,19448,15789,16500,8844,10755,2798,5345,2823,2844,5299,5280,7297,8139,11945,12961,17089,17619,15108,15806,8531,10357,2725,5182,131603,102357,19013,14513,27873,25796,6361,4,6
2021-07-09T23:59:59+02:00,489,396,6477,6273,8866,8266,11321,11922,15631,16221,19224,19432,15788,16497,8844,10752,2798,5345,2766,2777,5216,5212,7119,7963,11535,12662,16794,17413,15088,15779,8524,10352,2724,5179,131512,101335,18802,13654,27872,25782,6352,4,6
2021-07-08T23:59:59+02:00,484,394,6157,6008,8492,7975,10940,11612,15292,15975,18965,19259,15765,16473,8835,10745,2795,5344,2704,2727,5135,5138,6978,7872,11336,12520,16646,17290,15081,15771,8524,10350,2724,5178,131425,100477,15892,13487,27867,25707,6322,4,6
2021-07-07T23:59:59+02:00,482,390,6142,5995,8469,7959,10925,11595,15281,15965,18964,19254,15763,16469,8834,10743,2795,5342,2656,2672,5046,5080,6842,7779,11104,12340,16484,17157,15073,15765,8520,10345,2724,5178,131313,99457,15883,13366,27865,25659,6302,4,6
2021-07-06T23:59:59+02:00,455,369,6039,5902,8388,7892,10849,11526,15246,15925,18941,19237,15756,16459,8831,10741,2792,5340,2587,2602,4908,4966,6655,7646,10714,11928,16114,16782,15048,15732,8512,10338,2723,5174,130690,97304,15875,13283,27860,25599,6259,4,6
2021-07-05T23:59:59+02:00,414,335,5860,5730,8271,7796,10736,11411,15187,15858,18909,19206,15750,16451,8827,10736,2789,5339,2533,2527,4810,4869,6524,7509,10364,11612,15839,16477,15017,15702,8504,10323,2723,5169,129640,95515,15871,13219,27857,25545,6233,4,6
2021-07-04T23:59:59+02:00,394,305,5786,5651,8214,7741,10669,11355,15156,15827,18895,19187,15744,16448,8826,10734,2789,5337,2514,2497,4749,4823,6465,7458,10227,11503,15738,16405,15013,15696,8502,10322,2722,5169,129136,94951,15865,13151,27852,25509,6201,4,6
2021-07-03T23:59:59+02:00,389,303,5768,5643,8205,7732,10658,11352,15149,15821,18892,19185,15743,16448,8826,10734,2789,5337,2479,2466,4654,4794,6357,7433,10169,11458,15634,16319,14336,14987,8483,10297,2722,5169,129070,94837,15863,13149,27851,23593,6186,4,6
2021-07-02T23:59:59+02:00,345,264,5580,5492,8131,7657,10559,11255,15084,15765,18873,19179,15739,16444,8821,10732,2787,5334,2431,2418,4499,4715,6174,7359,10015,11302,15444,16116,13542,14068,8475,10282,2722,5168,128151,94274,15861,13105,27850,21184,6175,4,6
2021-07-01T23:59:59+02:00,283,210,5363,5311,8002,7546,10421,11130,14955,15670,18827,19154,15731,16437,8816,10726,2787,5333,2313,2297,4323,4542,5938,7109,9235,10618,14814,15646,13517,14038,8470,10277,2718,5166,126861,90781,15851,13010,27849,21099,6137,4,6
2021-06-30T23:59:59+02:00,153,121,4881,4835,7660,7271,10071,10791,14727,15492,18769,19110,15720,16426,8812,10718,2787,5330,2276,2251,4238,4473,5827,7013,9064,10496,14725,15569,13502,14030,8467,10274,2718,5164,123871,90186,15845,12836,27849,20966,6105,4,6
2021-06-29T23:59:59+02:00,117,100,4597,4553,7410,7053,9781,10492,14527,15301,18704,19049,15668,16376,8793,10703,2786,5325,2210,2169,4095,4336,5621,6834,8838,10270,14430,15347,13454,13981,8455,10250,2716,5151,121803,88743,15839,12683,27847,20893,5842,4,6
2021-06-28T23:59:59+02:00,101,79,4460,4408,7305,6942,9658,10363,14436,15194,18659,19006,15652,16360,8779,10692,2783,5323,2125,2042,3912,4130,5339,6492,8454,9759,13898,14811,13336,13891,8437,10226,2713,5139,120780,85536,15830,12601,27844,20828,5742,4,4
2021-06-27T23:59:59+02:00,96,77,4408,4359,7246,6886,9596,10309,14404,15161,18639,18989,15635,16348,8772,10685,2782,5318,2071,2007,3848,4084,5227,6379,8286,9631,13723,14699,13310,13871,8428,10217,2710,5137,120414,84746,15827,12566,27842,20695,5623,4,4
2021-06-26T23:59:59+02:00,83,75,4365,4331,7215,6859,9578,10288,14385,15146,18627,18976,15631,16342,8772,10685,2782,5318,1994,1915,3659,3925,5012,6122,7920,9176,13373,14402,13230,13813,8408,10189,2705,5128,120176,82105,15823,12566,27842,20689,5613,4,4
2021-06-25T23:59:59+02:00,70,62,4052,4004,6947,6620,9287,9993,14162,14958,18543,18920,15585,16296,8753,10666,2780,5311,1929,1831,3495,3806,4820,5891,7595,8762,13064,14067,13180,13757,8395,10164,2699,5122,117766,79758,15795,12535,27842,20684,5602,4,4
2021-06-24T23:59:59+02:00,63,55,3958,3912,6848,6534,9188,9901,14063,14873,18515,18887,15570,16280,8747,10659,2780,5310,1860,1755,3382,3710,4622,5749,7375,8566,12813,13867,12345,12827,8215,9900,2699,5121,117034,78544,15785,12430,27839,18353,5481,4,4
2021-06-23T23:59:59+02:00,49,50,3551,3534,6395,6185,8657,9391,13726,14571,18379,18751,15466,16188,8704,10622,2777,5296,1722,1580,3127,3507,4208,5421,6430,7856,12076,13166,12322,12815,8205,9893,2699,5117,114092,77914,15536,9106,27838,18304,4822,4,4
2021-06-22T23:59:59+02:00,40,42,3479,3463,6319,6126,8554,9314,13674,14525,18345,18734,15455,16181,8703,10617,2777,5293,1682,1526,3024,3405,4067,5271,6178,7672,11468,12459,12232,12723,8188,9860,2695,5109,113467,75588,15532,9025,27836,18146,4802,4,4
2021-06-21T23:59:59+02:00,34,39,3408,3402,6225,6072,8494,9242,13614,14480,18312,18714,15453,16179,8697,10613,2777,5292,1645,1475,2933,3308,3943,5121,5982,7446,10712,11534,11846,12267,7114,8636,2689,5102,112949,72930,15525,8924,27825,15156,4744,4,4
2021-06-20T23:59:59+02:00,34,38,3382,3380,6178,6040,8449,9212,13586,14465,18301,18710,15452,16179,8697,10613,2777,5292,1626,1458,2897,3282,3892,5084,5929,7423,10626,11460,11826,12248,7112,8629,2688,5102,112774,72617,15509,8848,27825,15144,4673,4,4
2021-06-19T23:59:59+02:00,32,36,3355,3356,6149,6019,8420,9193,13562,14459,18295,18705,15452,16178,8697,10613,2777,5292,1622,1446,2892,3273,3884,5079,5915,7418,10615,11453,11826,12248,7112,8628,2688,5102,112585,72538,15503,8848,27825,15142,4673,4,4
2021-06-18T23:59:59+02:00,28,31,3314,3314,6073,5980,8352,9139,13517,14428,18272,18694,15451,16176,8696,10612,2777,5292,1547,1351,2756,3098,3701,4802,5517,7043,9124,9883,11659,12079,7071,8578,2676,5084,112204,67354,15476,8847,27825,15131,4637,4,4
2021-06-17T23:59:59+02:00,26,28,3250,3262,6007,5942,8279,9086,13445,14383,18249,18683,15449,16171,8694,10609,2777,5289,1415,1255,2567,2883,3439,4513,5156,6649,8452,9152,11376,11838,7030,8521,2672,5081,111834,63642,15447,8731,27822,15104,4522,4,4
2021-06-16T23:59:59+02:00,26,25,3197,3201,5895,5876,8161,8992,13318,14297,18182,18648,15443,16162,8694,10606,2777,5289,1318,1199,2426,2775,3255,4356,4872,6378,7374,7860,11285,11731,6999,8484,2659,5063,111197,59880,15373,8685,27819,15073,4396,4,4
2021-06-15T23:59:59+02:00,21,24,3100,3116,5778,5787,7971,8815,13057,14078,18031,18521,15428,16150,8686,10600,2777,5287,1280,1166,2354,2719,3148,4282,4668,6253,7062,7609,10790,11172,6966,8449,2651,5050,109775,57634,15345,8653,27810,15040,4293,4,3
2021-06-14T23:59:59+02:00,20,22,3027,3045,5700,5730,7830,8696,12768,13842,17846,18347,15412,16136,8679,10595,2776,5286,1253,1138,2288,2663,3023,4184,4470,6114,6723,7308,10262,10561,6935,8412,2647,5041,108394,55267,15337,8548,27806,14993,4216,4,2
2021-06-13T23:59:59+02:00,20,22,3009,3014,5634,5692,7767,8630,12628,13706,17741,18225,15406,16127,8678,10592,2775,5286,1243,1125,2257,2649,2986,4173,4426,6094,6691,7292,10258,10554,6935,8411,2647,5041,107657,55126,15326,8542,27802,14953,4163,4,2
2021-06-12T23:59:59+02:00,18,22,2980,2996,5606,5667,7736,8612,12608,13688,17732,18222,15405,16126,8678,10592,2775,5286,1186,1063,2167,2574,2890,4038,4284,5963,6581,7207,10175,10476,6337,7683,2647,5041,107458,55011,15324,8542,27802,12600,4161,4,2
2021-06-11T23:59:59+02:00,18,19,2903,2920,5537,5602,7553,8426,12198,13380,17452,18018,15389,16101,8672,10584,2773,5284,1163,1046,2112,2534,2825,3990,4199,5901,6471,7117,10073,10363,6323,7677,2645,5035,106441,54488,14433,8274,27801,12564,4150,4,2
2021-06-10T23:59:59+02:00,14,17,2847,2879,5438,5551,7420,8343,12012,13242,17315,17901,15384,16097,8672,10583,2772,5283,1124,1021,2037,2468,2723,3913,4029,5771,6229,6905,9822,10095,6303,7649,2639,5029,105523,52927,14359,8270,27796,12474,4088,4,2
2021-06-09T23:59:59+02:00,13,15,2771,2810,5314,5457,7197,8171,11735,13000,17128,17751,15373,16083,8668,10574,2772,5280,1067,959,1905,2350,2519,3732,3701,5486,5608,6398,9001,9194,6246,7573,2624,4994,104317,48929,14207,8252,27787,12381,3797,4,2
2021-06-08T23:59:59+02:00,10,11,2673,2706,5181,5330,7001,7988,11302,12573,16751,17363,15354,16056,8657,10568,2771,5275,1030,930,1838,2286,2413,3659,3558,5420,5460,6269,8968,9175,6244,7563,2622,4990,102114,48423,14180,8203,27785,12314,3487,4,2
2021-06-07T23:59:59+02:00,8,10,2545,2608,4990,5201,6792,7825,10825,12214,16408,17066,15328,16028,8651,10551,2770,5271,959,893,1711,2232,2274,3577,3305,5331,5105,5985,8419,8551,6190,7504,2618,4981,100179,46211,14137,8189,27776,12242,2995,4,2
2021-06-06T23:59:59+02:00,8,8,2510,2584,4929,5142,6705,7769,10688,12104,16316,17002,15325,16024,8651,10551,2768,5270,943,883,1682,2213,2232,3550,3239,5307,5057,5961,8414,8550,6185,7497,2618,4980,99593,46057,14085,8180,27770,12174,2902,4,2
2021-06-05T23:59:59+02:00,7,7,2497,2562,4900,5115,6667,7742,10657,12077,16307,16996,15325,16024,8651,10551,2768,5270,927,868,1650,2186,2193,3498,3137,5225,4702,5633,7816,7847,6157,7444,2617,4978,99368,43675,14085,8175,27768,12132,2898,4,2
2021-06-04T23:59:59+02:00,6,6,2467,2534,4855,5070,6619,7691,10568,11974,16255,16932,15321,16017,8651,10550,2767,5269,915,850,1627,2167,2151,3461,3085,5166,4539,5445,7514,7479,6121,7402,2615,4972,98839,42391,14080,8173,27768,12086,2861,4,2
2021-06-03T23:59:59+02:00,6,6,2362,2403,4702,4899,6412,7441,9866,11339,15665,16483,15310,16007,8648,10544,2766,5268,898,819,1586,2107,2102,3381,2996,5057,4394,5279,7355,7290,6109,7375,2615,4968,95495,41342,14041,8163,27762,12003,2825,4,2
2021-06-02T23:59:59+02:00,6,6,2345,2378,4657,4866,6356,7402,9766,11250,15607,16430,15302,16003,8647,10540,2766,5267,885,806,1568,2084,2050,3345,2911,4971,4032,4890,6798,6652,6065,7319,2611,4957,94968,39005,14039,8159,27762,11960,2821,4,2
2021-06-01T23:59:59+02:00,6,5,2283,2337,4537,4776,6192,7289,9577,11103,15500,16354,15299,15999,8643,10536,2765,5262,853,780,1503,2034,1936,3283,2755,4880,3829,4763,6587,6422,6043,7301,2605,4950,94102,37923,13990,8137,27750,11847,2617,4,2
2021-05-31T23:59:59+02:00,2,5,2233,2278,4438,4683,6049,7163,9392,10958,15414,16300,15291,15992,8640,10536,2765,5262,830,744,1445,1975,1868,3235,2580,4827,3699,4710,6230,6007,6020,7280,2602,4942,93383,36746,13904,8131,27739,11746,2371,4,2
2021-05-30T23:59:59+02:00,2,5,2208,2256,4381,4622,5960,7103,9317,10896,15377,16281,15290,15990,8640,10536,2765,5262,818,733,1423,1954,1818,3211,2447,4792,3593,4692,6228,6005,6020,7280,2602,4942,92938,36431,13864,8109,27729,11662,2356,4,2
2021-05-29T23:59:59+02:00,2,5,2191,2241,4363,4611,5943,7087,9303,10883,15372,16278,15289,15990,8640,10536,2765,5262,799,680,1329,1694,1685,2850,2247,4241,3315,4263,6138,5911,5908,7147,2601,4942,92812,36381,13861,8104,27728,8909,2356,4,2
2021-05-28T23:59:59+02:00,2,5,2170,2218,4325,4566,5899,7042,9227,10813,15305,16226,15285,15988,8640,10536,2765,5261,780,590,1251,1443,1586,2448,2067,3548,3051,3664,5499,5171,5826,7056,2597,4929,92340,35082,13848,8104,27726,5965,2355,4,2
2021-05-27T23:59:59+02:00,2,5,2127,2180,4240,4499,5775,6968,9072,10713,15207,16142,15284,15987,8640,10536,2765,5261,751,555,1217,1361,1544,2310,1999,3405,2938,3544,5061,4685,5793,7017,2586,4900,91659,33955,13699,8095,27702,5277,2339,4,2
2021-05-26T23:59:59+02:00,2,5,2058,2062,4043,4354,5432,6705,8103,9971,14448,15437,15272,15981,8636,10530,2763,5259,740,539,1191,1302,1499,2255,1941,3292,2787,3400,3755,3305,5734,6944,2563,4843,90884,30684,10173,8080,27687,5013,2313,4,2
2021-05-25T23:59:59+02:00,2,5,2017,2023,3960,4287,5336,6639,7968,9864,14073,15002,15224,15944,8629,10515,2761,5255,731,529,1161,1267,1477,2232,1921,3265,2762,3374,3749,3295,5727,6941,2561,4842,89542,30597,10025,8071,27670,4903,2263,4,2
2021-05-24T23:59:59+02:00,2,5,1991,1977,3871,4213,5231,6557,7843,9740,13562,14387,15173,15876,8622,10501,2760,5250,725,521,1141,1255,1447,2218,1900,3247,2737,3352,3733,3277,5705,6917,2554,4826,87750,30470,9946,8020,27658,4863,2203,4,1
2021-05-23T23:59:59+02:00,2,5,1982,1964,3852,4190,5213,6544,7791,9709,13487,14324,15162,15872,8620,10500,2759,5250,718,509,1131,1242,1422,2194,1841,3211,2629,3254,3322,2844,5063,6106,2540,4781,87515,30298,9846,5465,27658,4842,2203,4,1
2021-05-22T23:59:59+02:00,2,5,1816,1922,3550,4140,4810,6500,7533,9653,13362,14245,15156,15871,8620,10499,2759,5250,557,478,838,1200,1044,2158,1600,3158,2515,3179,3318,2842,5063,6105,2540,4781,87365,30286,9846,5464,27656,4805,822,4,1
2021-05-21T23:59:59+02:00,2,4,1730,1813,3396,3948,4621,6205,7136,9286,12071,12904,15005,15722,8583,10452,2750,5239,553,466,828,1198,1042,2151,1565,3128,2438,3102,3144,2705,5037,6062,2537,4766,82587,29651,9806,5464,27650,4787,820,4,1
2021-05-20T23:59:59+02:00,2,4,1692,1777,3304,3897,4514,6124,6959,9206,11860,12676,14984,15704,8580,10445,2749,5238,533,453,787,1152,986,2087,1446,3057,2311,3005,2955,2535,4996,5986,2529,4751,81753,28906,9703,5448,27593,4552,663,3,1
2021-05-19T23:59:59+02:00,2,4,1669,1751,3247,3841,4419,6058,6843,9143,11627,12415,14973,15694,8578,10444,2749,5237,525,441,771,1114,968,2018,1335,2909,1984,2712,2392,2037,4891,5869,2508,4704,80938,26835,9563,5432,27565,4286,625,3,1
2021-05-18T23:59:59+02:00,2,4,1607,1717,3158,3751,4307,5955,6683,8984,11338,12161,14928,15646,8566,10421,2747,5227,522,429,756,1099,950,2001,1251,2843,1704,2490,1950,1691,4819,5786,2487,4661,79842,25293,9360,5422,27496,4223,501,3,1
2021-05-17T23:59:59+02:00,2,4,1558,1636,3028,3593,4101,5675,6335,8526,10790,11610,14820,15555,8547,10396,2742,5217,520,421,750,1092,932,1996,1227,2819,1676,2451,1933,1672,4812,5779,2484,4658,76948,25228,9325,5408,27471,4198,388,3,1
2021-05-16T23:59:59+02:00,2,4,1539,1614,2975,3553,4006,5588,6186,8390,10614,11477,14794,15533,8540,10388,2741,5215,513,415,727,1076,902,1980,1199,2791,1643,2427,1926,1663,4809,5775,2481,4656,76204,25198,9268,5390,27441,4152,243,3,1
2021-05-15T23:59:59+02:00,2,4,1452,1517,2764,3386,3777,5310,5825,7918,10262,11180,14709,15471,8521,10359,2735,5206,513,413,723,1074,902,1976,1194,2790,1637,2423,1914,1651,4803,5769,2481,4654,73451,25138,9268,5390,27434,4147,242,3,1
2021-05-14T23:59:59+02:00,2,4,1418,1454,2651,3290,3625,5153,5628,7629,10042,10928,14674,15433,8508,10336,2732,5202,464,372,651,908,830,1690,1064,2380,1456,2095,1880,1611,4800,5761,2480,4649,71811,25074,9248,5388,27409,2391,238,3,1
2021-05-13T23:59:59+02:00,2,4,1360,1387,2548,3206,3458,5017,5408,7423,9814,10748,14648,15404,8499,10333,2730,5199,457,359,624,880,728,1582,963,2295,1189,1883,1163,1030,4580,5527,2472,4617,70649,24954,8935,2845,27378,2327,223,3,1
2021-05-12T23:59:59+02:00,2,4,1353,1378,2532,3201,3440,5005,5387,7410,9800,10736,14646,15400,8497,10331,2729,5199,457,358,623,879,725,1579,958,2294,1185,1877,1144,1021,4567,5491,2440,4548,70538,24755,8911,2845,27376,2324,222,3,1
2021-05-11T23:59:59+02:00,2,3,1311,1336,2458,3118,3327,4878,5193,7265,9512,10428,14599,15343,8485,10311,2725,5190,451,345,605,865,703,1562,929,2270,1159,1850,1089,985,4504,5394,2398,4424,69202,24265,8788,2826,27291,2242,200,3,1
2021-05-10T23:59:59+02:00,2,3,1287,1309,2394,3041,3200,4753,5063,7108,9188,10046,14553,15304,8476,10292,2720,5188,450,343,592,855,689,1547,918,2254,1141,1836,1054,951,4443,5318,2359,4309,67846,23856,8668,2823,27220,2190,190,3,1
2021-05-09T23:59:59+02:00,2,3,1272,1292,2351,3028,3122,4717,5001,7074,9123,10002,14540,15289,8474,10287,2720,5186,442,341,578,850,666,1527,896,2233,1129,1822,1035,935,4431,5280,2344,4267,67609,23696,8594,2821,27174,2156,103,3,1
2021-05-08T23:59:59+02:00,1,3,1270,1288,2336,3016,3105,4706,4961,7060,9099,9994,14539,15289,8474,10286,2720,5186,442,341,578,850,665,1527,896,2232,1128,1821,1035,935,4430,5280,2344,4267,67467,23695,8588,2818,27172,2155,103,3,1
2021-05-07T23:59:59+02:00,1,3,1251,1267,2297,2975,3053,4657,4861,6968,8875,9747,14524,15267,8468,10280,2717,5182,392,313,546,781,628,1365,826,2025,1040,1633,1005,906,4410,5257,2342,4262,66560,23591,8582,2815,27145,1222,103,3,1
2021-05-06T23:59:59+02:00,1,3,1101,1174,2069,2731,2754,4348,4491,6568,8288,9142,14246,15028,8428,10223,2714,5181,391,309,534,762,611,1333,807,1990,1006,1605,978,875,4400,5243,2340,4258,62928,23462,8454,2765,27009,1119,96,3,1
2021-05-05T23:59:59+02:00,1,2,1036,1123,1959,2618,2595,4177,4196,6289,7273,7958,14161,14930,8393,10182,2701,5161,388,306,527,751,596,1324,773,1976,983,1585,903,812,4359,5171,2332,4242,59407,23139,8409,2746,26886,1093,50,3,1
2021-05-04T23:59:59+02:00,1,2,1014,1103,1908,2579,2493,4110,3975,6175,6992,7742,13654,14362,8363,10148,2696,5152,385,305,522,747,585,1319,756,1957,967,1578,884,788,4339,5155,2329,4233,57347,23005,8351,2731,26726,1071,42,3,1
2021-05-03T23:59:59+02:00,1,2,982,1065,1847,2525,2390,3999,3776,6058,6635,7441,13116,13737,8326,10110,2689,5137,379,304,520,743,575,1313,747,1946,953,1565,859,764,4322,5137,2323,4220,54921,22895,8325,2722,26586,1052,1,3,1
2021-05-02T23:59:59+02:00,1,2,977,1064,1828,2519,2365,3992,3734,6048,6601,7433,13115,13737,8326,10109,2689,5137,379,304,517,743,574,1311,742,1946,952,1562,857,760,4321,5133,2323,4220,54789,22878,8321,2720,26563,1045,1,3,1
2021-05-01T23:59:59+02:00,1,2,977,1062,1820,2517,2354,3987,3722,6040,6589,7424,13114,13735,8326,10109,2689,5137,379,304,517,743,574,1311,741,1945,950,1562,857,760,4321,5133,2323,4220,54720,22878,8320,2716,26561,1045,1,3,1
2021-04-30T23:59:59+02:00,0,2,961,1057,1799,2503,2333,3952,3685,6007,6511,7370,13018,13631,8325,10105,2686,5125,327,249,475,667,545,1131,711,1721,916,1356,845,742,4317,5131,2323,4220,54225,22864,8319,2712,26522,99,1,3,1
2021-04-29T23:59:59+02:00,0,2,906,1032,1742,2452,2269,3893,3538,5884,6274,7147,12759,13358,8303,10076,2682,5118,320,247,465,660,542,1124,704,1711,906,1346,837,727,4308,5123,2323,4218,52630,22777,8304,2706,26497,77,1,3,1
2021-04-28T23:59:59+02:00,0,2,845,998,1662,2390,2125,3783,3253,5631,5669,6643,11922,12441,8245,9987,2659,5081,319,244,463,653,534,1110,693,1691,895,1339,824,711,4289,5096,2321,4218,48579,22656,8297,2687,26456,56,1,3,1
2021-04-27T23:59:59+02:00,0,2,835,993,1644,2370,2080,3765,3182,5606,5543,6521,11893,12424,8243,9985,2659,5079,318,242,457,651,526,1104,684,1679,886,1333,812,700,4285,5090,2320,4212,48100,22578,8294,2672,26426,48,1,3,1
2021-04-26T23:59:59+02:00,0,2,825,980,1618,2352,2020,3724,3005,5528,5210,6236,11328,11779,8187,9920,2655,5070,316,241,456,650,520,1098,673,1673,877,1323,803,691,4280,5085,2320,4208,45769,22526,8285,2644,26382,43,1,2,1
2021-04-25T23:59:59+02:00,0,2,815,978,1604,2346,1982,3706,2879,5505,5118,6231,11324,11775,8184,9914,2654,5069,315,241,456,650,520,1091,673,1671,874,1321,803,690,4280,5085,2320,4208,45443,22521,8279,2640,26361,36,1,2,1
2021-04-24T23:59:59+02:00,0,2,801,968,1582,2326,1942,3661,2782,5437,4773,5911,10707,11049,8154,9856,2653,5067,315,241,456,650,520,1090,672,1670,873,1321,798,686,4270,5069,2318,4207,43035,22484,8278,2636,26355,35,1,2,1
2021-04-23T23:59:59+02:00,0,2,796,960,1569,2316,1913,3635,2741,5386,4612,5725,10398,10668,8114,9814,2650,5058,315,240,456,650,520,1089,671,1670,871,1321,798,685,4267,5066,2318,4207,41735,22473,8278,2635,26341,35,1,2,1
2021-04-22T23:59:59+02:00,0,2,780,945,1541,2273,1862,3567,2656,5296,4459,5571,10254,10474,8100,9783,2648,5050,315,239,454,639,518,1083,665,1662,865,1312,792,680,4264,5064,2318,4205,40735,22437,8252,2610,26271,27,1,2,1
2021-04-21T23:59:59+02:00,0,2,769,932,1517,2261,1809,3522,2552,5208,4074,5151,9657,9790,8051,9721,2644,5039,313,239,452,637,518,1082,661,1659,860,1307,780,668,4254,5050,2318,4201,38217,22387,8235,2586,26244,25,1,2,1
2021-04-20T23:59:59+02:00,0,2,762,921,1495,2234,1778,3493,2500,5150,3937,5055,9461,9571,8034,9711,2640,5036,313,237,452,636,517,1080,660,1654,857,1302,774,664,4250,5045,2318,4201,37382,22355,8224,2580,26171,25,1,2,0
2021-04-19T23:59:59+02:00,0,2,755,911,1486,2227,1761,3476,2468,5124,3873,4997,9091,9153,8009,9686,2637,5030,313,235,451,633,515,1077,656,1652,853,1298,768,658,4241,5043,2318,4199,36356,22316,8212,2569,26115,25,1,2,0
2021-04-18T23:59:59+02:00,0,2,751,909,1481,2221,1743,3469,2449,5112,3865,4995,9082,9142,8009,9685,2637,5030,312,235,451,629,514,1074,654,1649,850,1298,767,656,4241,5041,2318,4199,36296,22308,8192,2555,26091,25,1,2,0
2021-04-17T23:59:59+02:00,0,2,734,903,1393,2211,1643,3457,2412,5082,3785,4917,8369,8417,7993,9672,2637,5030,312,235,449,627,513,1074,653,1649,849,1295,767,656,4240,5041,2318,4199,36288,22297,8192,2555,24174,25,1,2,0
2021-04-16T23:59:59+02:00,0,2,718,885,1264,2188,1491,3435,2326,5017,3624,4752,7031,6864,7958,9623,2626,4999,312,234,444,621,509,1070,643,1647,845,1286,757,650,4232,5026,2315,4197,34916,22223,8182,2551,21702,14,1,2,0
2021-04-15T23:59:59+02:00,0,2,697,874,1254,2175,1471,3417,2268,4979,3553,4699,6592,6361,7918,9562,2604,4928,305,228,430,610,492,1056,609,1620,809,1256,667,589,3738,4515,2293,4162,33599,22166,8125,1203,21627,10,1,2,0
2021-04-14T23:59:59+02:00,0,2,692,870,1233,2162,1440,3398,2223,4944,3420,4605,5253,4957,7868,9496,2583,4891,297,223,427,603,485,1053,603,1612,803,1253,652,572,3727,4506,2289,4157,30372,22078,8114,1175,21548,9,1,2,0
2021-04-13T23:59:59+02:00,0,2,689,870,1224,2157,1425,3396,2215,4933,3400,4590,5234,4939,7862,9493,2582,4889,297,222,425,601,482,1050,601,1608,792,1251,634,567,3725,4503,2289,4157,30292,22058,8093,1137,21512,9,1,2,0
2021-04-12T23:59:59+02:00,0,2,683,862,1211,2148,1409,3385,2181,4919,3369,4566,5211,4924,7849,9482,2579,4856,296,221,423,600,481,1044,599,1604,784,1244,629,565,3720,4502,2289,4157,30164,22032,8048,1117,21421,9,1,2,0
2021-04-11T23:59:59+02:00,0,2,675,858,1195,2136,1391,3370,2114,4895,3251,4483,4791,4483,7182,8656,2572,4851,296,221,422,600,478,1043,593,1601,780,1243,625,562,3716,4497,2289,4157,30134,22024,5435,1090,21333,9,1,2,0
2021-04-10T23:59:59+02:00,0,2,675,856,1194,2135,1389,3366,2112,4892,3248,4476,4747,4436,7178,8650,2572,4850,290,218,420,589,465,1027,566,1584,748,1218,553,492,3147,3880,2240,4065,30011,20403,5432,1090,21332,9,1,2,0
2021-04-09T23:59:59+02:00,0,2,671,855,1186,2132,1385,3361,2081,4870,3170,4396,4549,4270,7143,8601,2568,4834,280,211,410,575,446,1011,541,1566,727,1195,472,430,2498,3060,2192,3971,29323,18487,5428,1089,21320,9,1,2,0
2021-04-08T23:59:59+02:00,0,2,661,845,1172,2121,1369,3331,2019,4817,3021,4285,3492,3116,6901,8238,2557,4819,267,203,393,557,423,997,519,1537,694,1172,452,403,2488,3051,2189,3968,28524,18263,5379,1041,18860,9,1,2,0
2021-04-07T23:59:59+02:00,0,2,654,839,1159,2112,1350,3319,1909,4737,2704,4034,2887,2584,6790,8115,2534,4766,253,196,365,533,385,962,475,1503,658,1145,425,378,2428,2989,2184,3961,26343,17810,5360,1022,18789,8,1,2,0
2021-04-06T23:59:59+02:00,0,2,644,831,1121,2105,1326,3301,1791,4686,2427,3865,2433,2237,6714,8024,2513,4729,229,183,331,507,360,943,438,1480,622,1113,390,336,2372,2914,2178,3952,24745,17335,5344,1005,18657,8,1,2,0
2021-04-05T23:59:59+02:00,0,2,641,829,1110,2101,1320,3298,1782,4676,2412,3849,2143,1890,5592,6707,2511,4729,229,183,330,503,354,937,434,1478,618,1108,387,332,2370,2908,2178,3951,24713,17324,5334,968,15542,8,1,2,0
2021-04-04T23:59:59+02:00,0,2,640,829,1110,2101,1320,3297,1782,4676,2410,3847,2142,1887,5592,6704,2511,4729,229,183,329,503,354,937,433,1478,618,1108,387,332,2369,2908,2178,3951,24706,17321,5334,968,15536,8,1,2,0
2021-04-03T23:59:59+02:00,0,2,640,829,1110,2100,1320,3297,1781,4674,2406,3847,2141,1884,5591,6704,2511,4729,229,183,329,503,354,937,433,1478,617,1108,387,332,2369,2908,2178,3951,24700,17320,5330,968,15533,8,1,2,0
2021-04-02T23:59:59+02:00,0,2,640,828,1110,2100,1316,3296,1779,4669,2405,3844,2133,1875,5579,6689,2508,4716,229,182,329,501,354,937,432,1477,616,1099,385,332,2369,2907,2178,3951,24632,17302,5326,968,15528,8,1,2,0
2021-04-01T23:59:59+02:00,0,2,636,817,1087,2082,1218,3200,1688,4600,2144,3636,1406,1287,5370,6479,2498,4689,225,181,329,500,353,936,431,1475,616,1098,382,330,2369,2907,2178,3947,24526,17290,2819,959,15491,8,1,2,0
2021-03-31T23:59:59+02:00,0,2,634,816,1083,2078,1213,3192,1676,4594,2126,3623,1379,1254,5341,6424,2461,4590,224,181,329,499,352,936,431,1474,615,1097,381,327,2365,2906,2176,3946,24205,17278,2805,953,15474,8,1,1,0
2021-03-30T23:59:59+02:00,0,2,632,807,1077,2074,1207,3187,1666,4580,2118,3609,1332,1209,5256,6295,2417,4444,224,180,329,498,349,932,426,1471,608,1087,366,316,2263,2754,2056,3721,23684,16660,2783,912,15444,8,1,0,0
2021-03-29T23:59:59+02:00,0,2,630,805,1074,2066,1197,3181,1659,4567,2106,3597,1296,1178,5196,6202,2367,4315,223,179,327,496,347,930,424,1466,603,1082,359,311,2040,2488,1829,3346,23251,15533,2759,909,15427,8,1,0,0
2021-03-28T23:59:59+02:00,0,2,630,802,1072,2060,1194,3174,1653,4557,2102,3592,1280,1169,5188,6180,2356,4283,221,179,326,493,338,926,421,1459,600,1070,353,299,2035,2474,1828,3343,23146,15505,2741,855,15406,5,1,0,0
2021-03-27T23:59:59+01:00,0,2,577,741,992,1992,1112,3056,1535,4433,2000,3510,1211,1099,4584,5445,2356,4283,219,178,326,493,338,926,416,1457,599,1067,352,299,2034,2473,1828,3343,23130,15489,2737,855,13060,4,1,0,0
2021-03-26T23:59:59+01:00,0,2,574,736,985,1982,1110,3050,1525,4426,1983,3502,1167,1068,4554,5411,2355,4279,218,175,326,491,335,925,414,1456,595,1060,344,294,1629,1941,1406,2621,22935,13377,2727,849,13046,4,1,0,0
2021-03-25T23:59:59+01:00,0,2,572,730,972,1974,1107,3041,1518,4414,1968,3492,1157,1057,4546,5406,2355,4278,217,172,325,490,333,919,411,1450,591,1051,340,290,1533,1820,1369,2549,22888,13030,2718,826,12982,4,1,0,0
2021-03-24T23:59:59+01:00,0,2,570,724,962,1961,1094,3026,1489,4396,1954,3483,1122,1026,4519,5373,2350,4273,216,172,324,489,330,915,406,1442,582,1035,326,280,1206,1439,1219,2283,22745,11896,2692,764,12886,4,1,0,0
2021-03-23T23:59:59+01:00,0,2,568,719,957,1947,1090,3016,1482,4382,1944,3476,1109,1015,4500,5358,2350,4270,214,172,322,486,322,912,405,1442,576,1031,318,273,971,1174,1104,2107,22671,11082,2683,743,12830,4,1,0,0
2021-03-22T23:59:59+01:00,0,2,567,710,952,1935,1084,3006,1472,4366,1930,3467,1106,1011,4495,5357,2350,4270,212,172,321,484,321,910,402,1439,573,1027,314,269,970,1170,1104,2104,22647,11065,2667,723,12765,4,1,0,0
2021-03-21T23:59:59+01:00,0,2,565,707,949,1926,1082,3002,1466,4353,1918,3460,1103,1010,4495,5356,2350,4270,211,172,321,483,319,906,402,1434,567,1025,304,264,966,1166,1103,2104,22643,11062,2653,681,12717,4,1,0,0
2021-03-20T23:59:59+01:00,0,2,560,699,944,1910,1065,2986,1438,4335,1884,3431,1030,939,3911,4722,2300,4173,211,172,321,483,319,906,402,1434,567,1025,304,264,966,1166,1102,2103,20980,11060,2652,681,12696,4,1,0,0
2021-03-19T23:59:59+01:00,0,2,551,690,927,1884,1038,2966,1402,4310,1858,3401,942,874,3240,3885,2253,4076,208,172,319,483,318,903,400,1432,563,1018,301,263,953,1153,1071,2063,19002,11037,2641,579,12655,4,1,0,0
2021-03-18T23:59:59+01:00,0,2,538,677,910,1858,1015,2940,1363,4270,1813,3349,844,810,2727,3351,2231,4042,203,170,316,479,315,892,396,1426,561,1013,297,257,850,1059,963,1874,18924,10658,1239,410,12576,3,1,0,0
2021-03-17T23:59:59+01:00,0,2,536,667,901,1838,1002,2921,1341,4249,1794,3332,815,785,2641,3260,2225,4038,201,169,314,477,312,891,389,1422,558,1009,294,252,608,785,662,1429,18615,9739,1202,33,12529,0,1,0,0
2021-03-16T23:59:59+01:00,0,2,534,658,892,1816,980,2906,1323,4237,1769,3316,786,774,2593,3179,2223,4034,201,169,312,477,310,887,386,1420,555,1004,288,248,362,548,473,1122,18405,8736,1162,27,12455,0,0,0,0
2021-03-15T23:59:59+01:00,0,2,534,647,888,1798,971,2884,1317,4231,1761,3307,780,771,2590,3178,2223,4034,200,169,311,476,309,887,386,1420,552,1004,288,248,362,547,472,1122,18392,8730,1140,24,12384,0,0,0,0
2021-03-14T23:59:59+01:00,0,2,533,641,882,1786,964,2879,1306,4218,1751,3295,775,767,2585,3175,2223,4034,200,169,310,476,308,885,384,1418,552,1004,287,248,362,547,472,1122,18387,8727,1112,18,12317,0,0,0,0
2021-03-13T23:59:59+01:00,0,2,511,589,786,1524,834,2498,1112,3651,1469,2865,694,678,2482,3048,2222,4033,200,169,310,476,308,885,384,1418,552,1004,287,248,362,547,472,1122,18383,8727,1112,18,9503,0,0,0,0
2021-03-12T23:59:59+01:00,0,2,496,504,722,1257,742,2102,940,2956,1222,2271,553,525,2438,3003,2222,4033,200,167,310,476,308,883,383,1418,552,1002,287,247,349,526,424,1059,18360,8573,1111,18,6517,0,0,0,0
2021-03-11T23:59:59+01:00,0,2,473,468,689,1186,696,1996,881,2811,1142,2160,495,465,2424,2991,2221,4032,200,167,309,474,307,882,383,1415,551,1002,287,246,336,509,378,1016,18166,8447,1063,15,5903,0,0,0,0
2021-03-10T23:59:59+01:00,0,2,459,458,655,1153,656,1962,836,2775,1109,2132,476,449,2410,2972,2220,4029,196,165,305,467,307,881,378,1408,546,995,283,240,216,410,153,754,17891,7695,1043,9,5819,0,0,0,0
2021-03-09T23:59:59+01:00,0,2,443,441,622,1124,637,1943,813,2749,1087,2108,454,428,2317,2830,2097,3800,196,165,303,465,306,880,377,1405,546,992,281,239,216,410,153,753,17129,7687,1027,0,5739,0,0,0,0
2021-03-08T23:59:59+01:00,0,2,430,420,599,1094,619,1921,797,2724,1065,2082,432,399,2088,2555,1868,3423,196,164,303,463,305,875,377,1399,546,990,280,237,216,409,153,753,15885,7666,998,0,5635,0,0,0,0
2021-03-07T23:59:59+01:00,0,2,429,418,592,1077,605,1913,794,2711,1058,2071,431,398,2083,2547,1867,3421,196,164,303,462,305,874,377,1396,546,989,280,237,216,409,153,753,15857,7660,988,0,5572,0,0,0,0
2021-03-06T23:59:59+01:00,0,2,429,415,589,1063,602,1911,787,2704,1054,2064,430,398,2083,2547,1867,3421,196,164,303,462,305,874,377,1396,546,988,279,237,216,409,153,753,15849,7658,988,0,5529,0,0,0,0
2021-03-05T23:59:59+01:00,0,2,423,400,583,1051,596,1901,782,2695,1048,2056,417,390,1662,1985,1434,2669,193,159,299,462,302,873,375,1393,544,984,279,237,216,409,153,753,13626,7631,988,0,5480,0,0,0,0
2021-03-04T23:59:59+01:00,0,2,413,375,557,1012,577,1845,753,2642,1027,2006,413,386,1570,1867,1395,2596,181,151,288,452,301,865,373,1379,542,980,278,237,216,409,153,753,13275,7558,982,0,5179,0,0,0,0
2021-03-03T23:59:59+01:00,0,2,411,368,549,982,560,1813,728,2594,1010,1968,407,380,1248,1488,1242,2324,180,150,287,451,300,864,369,1372,539,973,276,235,215,408,151,748,12126,7518,975,0,4973,0,0,0,0
2021-03-02T23:59:59+01:00,0,2,407,363,541,948,546,1793,719,2570,999,1950,397,370,1003,1220,1124,2146,180,148,286,440,296,858,369,1363,539,967,276,235,215,408,151,748,11304,7479,940,0,4854,0,0,0,0
2021-03-01T23:59:59+01:00,0,2,405,355,532,925,528,1762,710,2546,988,1933,393,363,1002,1213,1124,2142,180,146,286,431,293,848,366,1348,536,961,274,233,214,407,151,748,11284,7422,905,0,4734,0,0,0,0
2021-02-28T23:59:59+01:00,0,2,400,352,529,916,521,1751,707,2535,983,1918,389,358,1002,1211,1124,2142,178,145,286,430,293,847,366,1348,535,961,274,233,214,407,151,748,11279,7416,878,0,4683,0,0,0,0
2021-02-27T23:59:59+01:00,0,2,399,350,524,909,519,1745,704,2526,980,1916,387,357,1002,1211,1123,2142,178,145,286,430,293,847,366,1348,534,961,274,233,214,407,151,748,11278,7415,878,0,4640,0,0,0,0
2021-02-26T23:59:59+01:00,0,2,351,303,455,736,443,1436,575,2107,808,1572,359,327,1002,1208,1123,2142,178,143,286,427,291,839,364,1340,532,958,274,233,214,407,151,748,11267,7385,867,0,2815,0,0,0,0
2021-02-25T23:59:59+01:00,0,2,331,295,445,714,431,1399,560,2059,790,1540,350,320,918,1119,1051,2018,126,129,266,422,280,827,353,1324,527,951,274,231,214,407,151,748,10865,7230,836,0,2641,0,0,0,0
2021-02-24T23:59:59+01:00,0,2,325,289,440,698,424,1363,544,2011,768,1496,342,307,709,887,867,1713,126,123,264,416,277,818,351,1311,520,944,272,229,212,407,151,746,9925,7167,794,0,2466,0,0,0,0
2021-02-23T23:59:59+01:00,0,2,323,277,432,684,413,1338,536,1975,750,1477,328,297,460,641,676,1412,126,122,263,414,275,813,351,1304,519,936,271,228,211,407,150,745,8925,7135,750,0,2346,0,0,0,0
2021-02-22T23:59:59+01:00,0,2,323,275,431,677,412,1333,532,1965,745,1473,328,294,459,639,676,1411,126,117,258,404,274,796,347,1279,514,928,267,227,211,407,150,745,8921,7050,738,0,2316,0,0,0,0
2021-02-21T23:59:59+01:00,0,2,320,274,429,671,409,1325,530,1957,739,1469,317,289,455,635,674,1411,126,117,257,403,274,794,344,1276,507,925,266,226,210,406,149,736,8916,7016,697,0,2293,0,0,0,0
2021-02-20T23:59:59+01:00,0,2,320,271,429,669,409,1317,529,1948,737,1465,317,289,455,635,674,1411,126,117,257,403,274,794,344,1276,506,925,266,226,210,406,149,736,8916,7015,697,0,2264,0,0,0,0
2021-02-19T23:59:59+01:00,0,1,273,245,397,592,375,1148,471,1733,630,1255,308,273,428,598,595,1304,126,117,257,403,273,794,344,1276,506,925,266,226,210,406,149,736,8698,7014,590,0,1338,0,0,0,0
2021-02-18T23:59:59+01:00,0,1,272,240,390,583,364,1125,458,1715,620,1248,308,271,375,551,493,1176,123,114,253,398,266,788,341,1267,503,924,264,224,210,406,149,736,8518,6966,418,0,1254,0,0,0,0
2021-02-17T23:59:59+01:00,0,1,266,236,378,569,357,1116,435,1698,612,1236,303,264,219,414,157,766,115,101,249,392,261,773,335,1251,497,913,260,221,209,406,149,736,7797,6868,31,0,1199,0,0,0,0
2021-02-16T23:59:59+01:00,0,1,264,234,367,567,347,1107,427,1684,607,1230,300,261,219,413,157,766,84,89,229,366,250,743,317,1211,465,878,238,206,202,388,148,729,7790,6543,27,0,1134,0,0,0,0
2021-02-15T23:59:59+01:00,0,1,262,234,365,563,346,1101,425,1672,603,1224,300,261,219,412,156,766,83,87,225,355,242,731,307,1183,450,855,225,199,190,366,142,673,7782,6313,24,0,1104,0,0,0,0
2021-02-14T23:59:59+01:00,0,1,261,232,359,560,342,1091,421,1666,600,1221,300,261,219,412,156,766,79,85,218,350,239,723,302,1170,446,840,224,197,190,355,142,664,7772,6224,19,0,1077,0,0,0,0
2021-02-13T23:59:59+01:00,0,1,261,232,359,560,342,1091,420,1666,600,1220,299,261,219,412,156,766,79,85,218,350,239,723,302,1170,446,840,224,197,190,355,142,664,7770,6224,19,0,1076,0,0,0,0
2021-02-12T23:59:59+01:00,0,1,203,171,310,482,315,895,386,1425,563,1005,290,246,218,412,156,766,76,84,215,349,237,720,295,1166,443,835,220,195,190,353,142,664,7758,6184,19,0,67,0,0,0,0
2021-02-11T23:59:59+01:00,0,0,201,170,304,471,311,881,380,1405,553,997,290,246,218,412,156,766,75,81,204,323,227,676,275,1114,426,787,219,192,190,348,142,661,7717,5940,16,0,28,0,0,0,0
2021-02-10T23:59:59+01:00,0,0,198,163,300,467,308,877,374,1394,549,989,288,244,216,411,156,764,70,75,188,297,216,617,258,1029,401,735,210,178,176,319,130,614,7675,5513,10,0,13,0,0,0,0
2021-02-09T23:59:59+01:00,0,0,193,156,297,458,307,868,374,1384,547,980,285,243,216,411,156,763,61,60,149,233,187,512,220,837,345,600,189,152,156,284,120,548,7630,4653,2,0,6,0,0,0,0
2021-02-08T23:59:59+01:00,0,0,186,149,293,445,302,858,370,1364,540,973,281,239,215,410,154,759,34,47,104,143,138,284,161,458,250,393,160,126,129,228,97,453,7530,3205,2,0,6,0,0,0,0
2021-02-07T23:59:59+01:00,0,0,184,147,290,444,301,856,369,1363,539,972,280,238,215,410,154,759,19,40,84,121,132,263,152,424,234,365,152,122,119,218,92,418,7520,2955,1,0,0,0,0,0,0
2021-02-06T23:59:59+01:00,0,0,184,147,290,444,301,856,369,1363,539,972,280,238,215,410,154,759,19,37,82,118,122,247,141,407,203,344,137,118,118,213,91,408,7520,2805,1,0,0,0,0,0,0
2021-02-05T23:59:59+01:00,0,0,184,145,290,441,300,845,367,1355,535,969,280,237,215,410,154,758,18,32,78,113,115,234,136,380,189,325,132,113,115,208,84,392,7484,2664,1,0,0,0,0,0,0
2021-02-04T23:59:59+01:00,0,0,176,140,289,437,293,836,364,1344,526,959,279,235,214,410,154,756,11,21,52,76,86,178,113,290,157,268,114,98,103,194,76,352,7412,2189,0,0,0,0,0,0,0
2021-02-03T23:59:59+01:00,0,0,158,133,279,431,289,830,362,1333,526,957,279,235,213,410,154,755,11,19,44,66,77,143,89,259,136,226,95,83,88,166,69,312,7344,1883,0,0,0,0,0,0,0
2021-02-02T23:59:59+01:00,0,0,137,127,267,429,286,823,357,1326,525,950,278,235,212,410,153,754,11,16,35,60,65,119,74,214,105,176,63,59,63,106,45,197,7269,1408,0,0,0,0,0,0,0
2021-02-01T23:59:59+01:00,0,0,132,122,262,414,284,807,355,1302,519,938,273,233,212,410,153,754,4,10,20,33,34,66,45,120,60,76,28,30,27,44,25,97,7170,719,0,0,0,0,0,0,0
2021-01-31T23:59:59+01:00,0,0,131,119,260,411,282,803,352,1296,515,936,273,230,211,409,153,754,4,6,15,23,29,47,32,74,40,43,14,8,13,28,20,59,7135,455,0,0,0,0,0,0,0
2021-01-30T23:59:59+01:00,0,0,131,119,260,411,282,802,352,1295,514,936,273,230,211,409,153,754,4,6,13,20,26,40,27,66,37,41,14,8,13,28,20,59,7132,422,0,0,0,0,0,0,0
2021-01-29T23:59:59+01:00,0,0,131,119,260,411,281,802,352,1295,514,936,273,230,211,409,153,754,4,6,7,18,24,31,22,58,33,38,14,8,13,27,19,58,7131,380,0,0,0,0,0,0,0
2021-01-28T23:59:59+01:00,0,0,129,116,256,405,277,796,349,1288,510,935,273,230,211,409,153,754,1,3,2,8,16,13,12,28,13,23,11,4,6,14,6,23,7091,183,0,0,0,0,0,0,0
2021-01-27T23:59:59+01:00,0,0,121,106,253,400,274,788,344,1281,504,927,268,227,210,408,153,754,0,0,1,4,12,11,8,21,11,17,10,4,6,14,6,23,7018,148,0,0,0,0,0,0,0
2021-01-26T23:59:59+01:00,0,0,92,94,235,383,266,763,331,1243,479,895,248,215,203,392,153,746,0,0,1,4,12,11,8,21,11,17,10,4,6,14,6,23,6738,148,0,0,0,0,0,0,0
2021-01-25T23:59:59+01:00,0,0,89,89,233,363,253,744,317,1209,461,870,231,208,194,372,149,691,0,0,1,4,12,9,7,14,8,13,10,4,6,14,6,23,6473,131,0,0,0,0,0,0,0
2021-01-24T23:59:59+01:00,0,0,89,87,229,359,252,739,314,1196,459,855,230,206,194,361,149,681,0,0,1,4,12,9,7,14,8,13,10,4,6,14,6,23,6400,131,0,0,0,0,0,0,0
2021-01-23T23:59:59+01:00,0,0,89,87,229,359,252,739,314,1196,459,855,230,206,194,361,149,681,0,0,1,4,12,9,7,14,8,13,10,4,6,14,6,23,6400,131,0,0,0,0,0,0,0
2021-01-22T23:59:59+01:00,0,0,89,86,227,357,252,736,310,1192,455,852,228,205,194,360,149,681,0,0,1,4,12,9,7,14,8,13,10,4,6,14,6,23,6373,131,0,0,0,0,0,0,0
2021-01-21T23:59:59+01:00,0,0,89,83,213,328,242,692,285,1141,441,819,227,201,193,354,149,678,0,0,1,2,9,8,6,13,7,11,10,4,6,14,6,23,6135,120,0,0,0,0,0,0,0
2021-01-20T23:59:59+01:00,0,0,83,77,199,307,229,627,271,1047,412,760,218,190,178,325,138,631,0,0,1,2,9,8,6,13,7,11,10,4,6,14,6,23,5692,120,0,0,0,0,0,0,0
2021-01-19T23:59:59+01:00,0,0,75,67,159,257,209,563,245,923,370,651,199,164,156,285,125,554,0,0,1,2,3,7,6,12,5,9,7,3,6,14,6,23,5002,104,0,0,0,0,0,0,0
2021-01-18T23:59:59+01:00,0,0,63,59,136,214,187,459,218,766,330,558,180,143,132,235,104,472,0,0,0,1,2,4,3,7,3,7,6,3,6,14,6,22,4256,84,0,0,0,0,0,0,0
2021-01-17T23:59:59+01:00,0,0,41,46,110,184,170,399,201,677,304,501,172,137,119,218,90,418,0,0,0,0,2,4,2,7,3,5,4,3,6,14,5,22,3787,77,0,0,0,0,0,0,0
2021-01-16T23:59:59+01:00,0,0,34,43,110,181,160,382,185,657,272,479,156,132,118,212,89,408,0,0,0,0,0,0,0,0,0,0,0,0,0,0,0,0,3618,0,0,0,0,0,0,0,0
2021-01-15T23:59:59+01:00,0,0,32,39,106,176,149,369,179,627,255,456,151,123,115,206,81,392,0,0,0,0,0,0,0,0,0,0,0,0,0,0,0,0,3456,0,0,0,0,0,0,0,0
2021-01-14T23:59:59+01:00,0,0,14,24,52,77,87,173,114,290,151,268,123,104,101,191,71,352,0,0,0,0,0,0,0,0,0,0,0,0,0,0,0,0,2192,0,0,0,0,0,0,0,0
2021-01-13T23:59:59+01:00,0,0,12,20,42,67,78,138,92,260,126,231,94,82,82,154,56,284,0,0,0,0,0,0,0,0,0,0,0,0,0,0,0,0,1818,0,0,0,0,0,0,0,0
2021-01-12T23:59:59+01:00,0,0,12,15,38,63,65,113,77,211,97,177,61,56,55,92,32,162,0,0,0,0,0,0,0,0,0,0,0,0,0,0,0,0,1326,0,0,0,0,0,0,0,0
2021-01-11T23:59:59+01:00,0,0,4,10,27,46,41,82,56,141,59,90,31,30,23,36,16,70,0,0,0,0,0,0,0,0,0,0,0,0,0,0,0,0,762,0,0,0,0,0,0,0,0
2021-01-10T23:59:59+01:00,0,0,3,5,20,33,36,58,37,94,38,53,14,8,7,19,11,31,0,0,0,0,0,0,0,0,0,0,0,0,0,0,0,0,467,0,0,0,0,0,0,0,0
2021-01-09T23:59:59+01:00,0,0,3,5,18,29,35,54,32,84,36,52,14,8,7,19,11,31,0,0,0,0,0,0,0,0,0,0,0,0,0,0,0,0,438,0,0,0,0,0,0,0,0
2021-01-08T23:59:59+01:00,0,0,3,5,15,27,32,43,26,75,32,48,13,8,6,17,10,30,0,0,0,0,0,0,0,0,0,0,0,0,0,0,0,0,390,0,0,0,0,0,0,0,0
2021-01-07T23:59:59+01:00,0,0,1,3,2,10,17,13,13,29,14,24,11,5,6,15,8,24,0,0,0,0,0,0,0,0,0,0,0,0,0,0,0,0,195,0,0,0,0,0,0,0,0
2021-01-06T23:59:59+01:00,0,0,1,0,2,4,15,11,9,23,12,19,11,5,6,15,8,24,0,0,0,0,0,0,0,0,0,0,0,0,0,0,0,0,165,0,0,0,0,0,0,0,0
2021-01-05T23:59:59+01:00,0,0,0,0,1,4,14,11,8,21,11,19,10,5,6,15,8,24,0,0,0,0,0,0,0,0,0,0,0,0,0,0,0,0,157,0,0,0,0,0,0,0,0
2021-01-04T23:59:59+01:00,0,0,0,0,1,4,14,10,7,17,9,17,10,5,6,15,8,24,0,0,0,0,0,0,0,0,0,0,0,0,0,0,0,0,147,0,0,0,0,0,0,0,0
2021-01-03T23:59:59+01:00,0,0,0,0,1,4,13,9,7,14,7,14,10,5,6,15,8,24,0,0,0,0,0,0,0,0,0,0,0,0,0,0,0,0,137,0,0,0,0,0,0,0,0
2021-01-02T23:59:59+01:00,0,0,0,0,1,4,13,9,7,14,7,14,10,5,6,15,8,24,0,0,0,0,0,0,0,0,0,0,0,0,0,0,0,0,137,0,0,0,0,0,0,0,0
2021-01-01T23:59:59+01:00,0,0,0,0,1,4,13,9,7,14,7,14,10,5,6,15,8,24,0,0,0,0,0,0,0,0,0,0,0,0,0,0,0,0,137,0,0,0,0,0,0,0,0
2020-12-31T23:59:59+01:00,0,0,0,0,1,4,13,9,7,14,7,14,10,5,6,15,8,24,0,0,0,0,0,0,0,0,0,0,0,0,0,0,0,0,137,0,0,0,0,0,0,0,0
2020-12-30T23:59:59+01:00,0,0,0,0,1,4,13,9,7,14,7,14,10,5,6,15,8,24,0,0,0,0,0,0,0,0,0,0,0,0,0,0,0,0,137,0,0,0,0,0,0,0,0
2020-12-29T23:59:59+01:00,0,0,0,0,1,4,10,9,7,14,5,12,10,5,6,15,8,24,0,0,0,0,0,0,0,0,0,0,0,0,0,0,0,0,130,0,0,0,0,0,0,0,0
2020-12-28T23:59:59+01:00,0,0,0,0,1,1,7,7,7,8,3,9,10,5,6,15,8,24,0,0,0,0,0,0,0,0,0,0,0,0,0,0,0,0,111,0,0,0,0,0,0,0,0
2020-12-27T23:59:59+01:00,0,0,0,0,0,0,2,4,2,7,2,6,4,4,6,15,7,23,0,0,0,0,0,0,0,0,0,0,0,0,0,0,0,0,82,0,0,0,0,0,0,0,0
