Datum,<15_m,<15_w,15-24_1_m,15-24_1_w,25-34_1_m,25-34_1_w,35-44_1_m,35-44_1_w,45-54_1_m,45-54_1_w,55-64_1_m,55-64_1_w,65-74_1_m,65-74_1_w,75-84_1_m,75-84_1_w,>84_1_m,>84_1_w,<24_2_m,<24_2_w,25-34_2_m,25-34_2_w,35-44_2_m,35-44_2_w,45-54_2_m,45-54_2_w,55-64_2_m,55-64_2_w,65-74_2_m,65-74_2_w,75-84_2_m,75-84_2_w,>84_2_m,>84_2_w,bp_1,bp_2,mo_1,mo_2,az_1,az_2,ja,unb_1,unb_2
2021-09-10T23:59:59+02:00,201,197,3763,3303,9415,6681,8931,6088,7802,8207,5726,6059,2867,2967,3309,3347,2754,5205,3062,2731,8204,5841,8056,5467,7117,7447,5121,5537,2291,2556,2483,2648,1992,3872,58565,49153,8585,7477,9800,7784,11004,48,44
2021-09-09T23:59:59+02:00,197,195,3735,3275,9353,6645,8883,6063,7779,8164,5712,6050,2864,2965,3309,3347,2754,5205,3045,2715,8162,5804,8021,5445,7093,7419,5107,5526,2289,2553,2483,2647,1992,3872,58364,49032,8574,7464,9800,7777,10889,48,44
2021-09-08T23:59:59+02:00,195,193,3695,3261,9300,6633,8851,6034,7760,8130,5697,6033,2861,2963,3308,3346,2754,5205,3012,2704,8105,5783,7980,5419,7062,7385,5092,5505,2287,2552,2482,2647,1992,3872,58225,48879,8568,7453,9799,7773,10759,48,44
2021-09-07T23:59:59+02:00,193,192,3661,3250,9268,6604,8824,6012,7738,8109,5678,6018,2860,2961,3307,3345,2754,5202,2990,2693,8062,5754,7954,5390,7042,7358,5078,5492,2285,2548,2480,2646,1992,3872,58068,48731,8562,7441,9799,7768,10679,48,44
2021-09-06T23:59:59+02:00,193,191,3628,3236,9226,6577,8793,5996,7717,8083,5671,6006,2857,2954,3305,3345,2754,5202,2967,2679,8027,5737,7925,5380,7024,7333,5072,5480,2281,2546,2479,2646,1992,3872,57906,48616,8561,7436,9798,7768,10601,48,44
2021-09-05T23:59:59+02:00,191,190,3612,3231,9208,6567,8778,5986,7714,8071,5664,5999,2856,2953,3305,3345,2754,5201,2957,2673,8003,5720,7912,5363,7016,7326,5062,5475,2279,2545,2479,2645,1992,3872,57842,48547,8560,7427,9797,7767,10558,48,44
2021-09-04T23:59:59+02:00,191,189,3609,3227,9205,6559,8773,5986,7710,8069,5664,5998,2856,2953,3305,3345,2754,5201,2956,2668,7997,5713,7907,5362,7011,7323,5061,5474,2275,2544,2479,2645,1992,3872,57825,48526,8560,7423,9797,7766,10544,48,44
2021-09-03T23:59:59+02:00,189,188,3580,3197,9154,6541,8739,5960,7688,8052,5650,5981,2854,2951,3305,3343,2754,5199,2934,2647,7953,5690,7878,5341,6988,7298,5047,5453,2271,2542,2479,2643,1992,3870,57692,48413,8545,7402,9797,7765,10422,48,44
2021-09-02T23:59:59+02:00,188,186,3546,3179,9095,6512,8690,5941,7663,8026,5637,5961,2850,2948,3303,3342,2754,5198,2913,2627,7889,5663,7838,5322,6961,7270,5035,5431,2267,2539,2477,2642,1992,3867,57530,48267,8536,7389,9795,7762,10288,48,44
2021-09-01T23:59:59+02:00,185,185,3521,3163,9042,6492,8656,5925,7640,8010,5626,5954,2849,2945,3302,3339,2754,5198,2894,2617,7837,5631,7795,5299,6927,7250,5025,5420,2263,2536,2476,2638,1992,3867,57386,48092,8517,7364,9795,7759,10218,48,44
2021-08-31T23:59:59+02:00,181,185,3491,3147,8986,6467,8628,5915,7621,7986,5619,5945,2845,2943,3301,3337,2754,5196,2873,2599,7789,5603,7766,5282,6902,7221,5014,5401,2259,2532,2475,2638,1992,3867,57249,47953,8510,7355,9795,7747,10122,48,44
2021-08-30T23:59:59+02:00,180,185,3441,3126,8937,6433,8580,5886,7583,7954,5607,5930,2840,2940,3300,3336,2754,5196,2838,2583,7734,5581,7723,5260,6871,7200,5005,5384,2254,2528,2473,2638,1992,3866,57044,47807,8506,7347,9794,7746,9992,48,44
2021-08-29T23:59:59+02:00,177,184,3426,3111,8908,6415,8556,5873,7575,7944,5599,5921,2839,2937,3300,3336,2753,5196,2818,2560,7693,5565,7697,5240,6858,7183,4994,5378,2252,2527,2472,2636,1991,3866,56962,47692,8500,7335,9794,7741,9921,48,44
2021-08-28T23:59:59+02:00,176,184,3420,3110,8903,6413,8550,5870,7568,7943,5599,5920,2839,2936,3300,3336,2753,5196,2811,2554,7684,5562,7689,5235,6852,7179,4992,5377,2252,2527,2472,2636,1991,3866,56947,47663,8500,7332,9794,7740,9902,48,44
2021-08-27T23:59:59+02:00,174,183,3404,3102,8872,6397,8519,5860,7547,7932,5591,5912,2839,2936,3300,3336,2753,5196,2795,2546,7659,5552,7669,5221,6835,7171,4984,5370,2252,2527,2471,2634,1991,3866,56857,47599,8499,7331,9794,7740,9829,48,44
2021-08-26T23:59:59+02:00,174,181,3356,3082,8803,6371,8474,5843,7524,7910,5576,5900,2836,2933,3300,3335,2753,5195,2759,2520,7603,5516,7607,5187,6798,7146,4953,5354,2247,2522,2470,2633,1991,3866,56679,47384,8492,7311,9794,7717,9704,48,44
2021-08-25T23:59:59+02:00,171,179,3326,3069,8758,6341,8438,5826,7492,7885,5564,5878,2832,2928,3300,3332,2752,5195,2711,2492,7533,5471,7554,5150,6755,7104,4936,5326,2245,2517,2469,2630,1990,3866,56543,47106,8488,7303,9793,7711,9565,48,44
2021-08-24T23:59:59+02:00,170,177,3314,3055,8731,6321,8418,5806,7473,7863,5556,5867,2830,2927,3299,3329,2752,5194,2684,2466,7489,5439,7519,5124,6723,7072,4919,5307,2244,2515,2468,2629,1990,3866,56450,46914,8482,7286,9793,7707,9480,48,44
2021-08-23T23:59:59+02:00,168,169,3264,3032,8678,6294,8379,5785,7441,7831,5542,5852,2828,2926,3298,3328,2752,5193,2653,2446,7429,5397,7476,5106,6683,7040,4903,5290,2240,2513,2467,2628,1989,3866,56269,46729,8472,7271,9790,7703,9349,48,44
2021-08-22T23:59:59+02:00,167,169,3252,3022,8661,6274,8365,5776,7423,7820,5536,5845,2825,2923,3298,3328,2752,5193,2635,2434,7396,5371,7454,5089,6659,7023,4899,5280,2235,2508,2467,2628,1988,3865,56190,46590,8466,7261,9789,7700,9303,48,44
2021-08-21T23:59:59+02:00,165,168,3237,3016,8647,6263,8354,5770,7417,7813,5531,5838,2824,2923,3298,3327,2752,5193,2624,2427,7372,5352,7434,5077,6646,7016,4890,5273,2234,2506,2466,2627,1988,3865,56123,46495,8460,7235,9789,7698,9283,48,44
2021-08-20T23:59:59+02:00,164,165,3220,3004,8612,6240,8322,5751,7395,7790,5520,5825,2823,2920,3298,3326,2752,5191,2588,2412,7317,5309,7393,5047,6605,6976,4873,5250,2230,2501,2466,2624,1988,3863,56041,46311,8447,7191,9788,7686,9160,48,44
2021-08-19T23:59:59+02:00,164,162,3194,2985,8551,6210,8279,5726,7371,7763,5506,5810,2817,2917,3297,3324,2752,5190,2538,2387,7229,5255,7326,5008,6555,6916,4843,5217,2226,2497,2465,2623,1988,3863,55887,45960,8432,7161,9786,7677,9030,48,44
2021-08-18T23:59:59+02:00,163,160,3171,2974,8516,6186,8246,5708,7336,7747,5494,5803,2812,2914,3296,3324,2751,5189,2502,2367,7152,5220,7262,4973,6509,6886,4817,5189,2222,2493,2462,2623,1988,3862,55744,45698,8425,7097,9785,7668,8952,48,44
2021-08-17T23:59:59+02:00,163,159,3152,2957,8484,6162,8215,5693,7325,7726,5482,5792,2809,2912,3295,3323,2750,5189,2470,2342,7085,5169,7211,4936,6480,6845,4797,5167,2214,2487,2461,2619,1987,3862,55618,45404,8415,7055,9784,7661,8886,48,44
2021-08-16T23:59:59+02:00,160,157,3139,2943,8453,6146,8195,5684,7310,7709,5469,5779,2809,2912,3294,3322,2750,5189,2436,2303,7004,5125,7139,4898,6426,6802,4766,5142,2212,2485,2458,2616,1987,3862,55517,45009,8410,7041,9784,7650,8823,48,44
2021-08-15T23:59:59+02:00,160,156,3132,2931,8421,6133,8176,5672,7292,7697,5463,5772,2807,2909,3294,3321,2750,5189,2405,2256,6944,5087,7095,4862,6389,6769,4753,5129,2208,2480,2457,2614,1987,3862,55420,44701,8405,7019,9783,7646,8781,48,44
2021-08-14T23:59:59+02:00,159,156,3127,2925,8410,6128,8167,5671,7292,7694,5459,5770,2805,2908,3294,3320,2750,5189,2396,2245,6915,5073,7080,4851,6380,6752,4733,5119,2205,2477,2457,2612,1987,3861,55399,44589,8404,7006,9783,7644,8752,48,44
2021-08-13T23:59:59+02:00,157,155,3105,2914,8383,6111,8154,5657,7277,7684,5447,5762,2804,2903,3293,3319,2750,5189,2357,2218,6863,5031,7036,4815,6343,6726,4716,5104,2204,2471,2454,2612,1987,3861,55307,44328,8402,6983,9783,7643,8686,48,44
2021-08-12T23:59:59+02:00,154,149,3088,2901,8345,6087,8118,5636,7256,7659,5433,5747,2802,2901,3291,3319,2750,5189,2319,2182,6769,4973,6977,4775,6296,6673,4689,5071,2200,2468,2449,2611,1987,3861,55178,43976,8397,6957,9782,7622,8581,48,44
2021-08-11T23:59:59+02:00,151,146,3069,2887,8302,6061,8088,5621,7233,7642,5421,5730,2800,2898,3291,3318,2750,5189,2286,2152,6675,4914,6889,4726,6240,6611,4664,5027,2192,2458,2448,2609,1987,3860,55034,43527,8388,6917,9779,7611,8509,48,44
2021-08-10T23:59:59+02:00,150,145,3051,2872,8255,6041,8057,5602,7202,7625,5406,5723,2797,2898,3291,3316,2750,5188,2211,2091,6547,4844,6791,4656,6148,6540,4619,5004,2186,2449,2445,2608,1987,3859,54905,42889,8377,6894,9777,7595,8423,48,44
2021-08-09T23:59:59+02:00,149,144,3033,2867,8217,6018,8027,5591,7178,7606,5395,5711,2796,2897,3291,3316,2750,5187,2153,2038,6442,4771,6688,4609,6080,6486,4591,4968,2179,2440,2444,2606,1987,3859,54813,42408,8367,6839,9777,7574,8329,48,44
2021-08-08T23:59:59+02:00,149,142,3016,2856,8192,6001,8007,5576,7166,7595,5388,5706,2793,2897,3291,3316,2750,5187,2124,2009,6368,4722,6629,4577,6039,6461,4576,4952,2168,2435,2442,2604,1987,3859,54735,42134,8366,6791,9774,7567,8266,48,44
2021-08-07T23:59:59+02:00,148,141,3007,2849,8162,5985,7989,5569,7158,7586,5384,5701,2791,2897,3291,3316,2750,5187,2084,1985,6285,4667,6568,4542,6003,6420,4557,4936,2164,2434,2442,2601,1987,3859,54666,41790,8362,6761,9774,7558,8222,48,44
2021-08-06T23:59:59+02:00,147,140,2992,2838,8131,5969,7957,5547,7136,7563,5372,5688,2787,2895,3291,3315,2750,5187,2044,1939,6178,4589,6494,4501,5959,6375,4537,4916,2162,2431,2441,2598,1987,3858,54602,41421,8341,6727,9774,7546,8101,48,44
2021-08-05T23:59:59+02:00,145,139,2959,2821,8097,5944,7915,5520,7113,7542,5352,5662,2782,2892,3288,3311,2750,5186,1994,1884,6038,4481,6377,4435,5888,6310,4500,4871,2153,2423,2438,2595,1986,3858,54445,40904,8331,6628,9771,7488,7982,48,44
2021-08-04T23:59:59+02:00,140,134,2889,2790,8005,5904,7862,5490,7077,7504,5334,5647,2776,2888,3286,3310,2750,5186,1910,1850,5897,4402,6239,4379,5817,6244,4470,4829,2142,2417,2433,2592,1986,3857,54197,40406,8312,6569,9770,7451,7798,48,44
2021-08-03T23:59:59+02:00,137,134,2866,2767,7972,5886,7821,5467,7052,7479,5322,5634,2772,2886,3285,3307,2750,5186,1877,1820,5795,4331,6136,4326,5745,6184,4429,4788,2137,2411,2432,2590,1986,3857,54029,39925,8307,6524,9768,7427,7723,48,44
2021-08-02T23:59:59+02:00,137,134,2842,2740,7926,5854,7792,5456,7026,7465,5303,5625,2769,2880,3284,3306,2749,5186,1849,1789,5665,4237,6023,4260,5674,6133,4380,4753,2132,2398,2430,2584,1985,3856,53861,39355,8298,6482,9768,7404,7650,48,44
2021-08-01T23:59:59+02:00,136,132,2825,2724,7887,5829,7777,5441,7014,7456,5297,5618,2766,2879,3282,3306,2749,5186,1829,1769,5583,4193,5959,4212,5629,6110,4361,4733,2129,2394,2428,2581,1985,3856,53757,39063,8283,6449,9766,7378,7599,48,44
2021-07-31T23:59:59+02:00,134,131,2818,2716,7866,5820,7768,5436,7010,7444,5295,5617,2764,2879,3282,3306,2749,5186,1790,1725,5482,4131,5895,4165,5576,6074,4333,4708,2126,2391,2428,2580,1985,3856,53712,38591,8278,6432,9765,7374,7567,48,44
2021-07-30T23:59:59+02:00,130,128,2806,2706,7838,5803,7753,5414,6990,7431,5288,5609,2763,2878,3282,3305,2749,5186,1769,1706,5396,4088,5825,4107,5517,6023,4307,4691,2121,2389,2427,2577,1985,3856,53624,38225,8267,6400,9765,7363,7504,48,44
2021-07-29T23:59:59+02:00,128,127,2771,2686,7780,5753,7711,5370,6960,7391,5264,5587,2762,2873,3280,3304,2749,5186,1728,1675,5268,3987,5691,4035,5426,5930,4260,4635,2113,2379,2424,2575,1984,3856,53410,37637,8250,6342,9760,7326,7360,48,44
2021-07-28T23:59:59+02:00,125,125,2749,2671,7740,5714,7675,5342,6932,7369,5249,5575,2759,2871,3278,3301,2748,5185,1690,1630,5166,3907,5573,3968,5332,5853,4224,4600,2101,2371,2422,2573,1984,3854,53205,37060,8237,6282,9756,7287,7308,48,44
2021-07-27T23:59:59+02:00,122,123,2731,2652,7693,5690,7638,5324,6911,7345,5236,5560,2757,2869,3278,3300,2747,5185,1647,1599,5024,3818,5446,3890,5242,5780,4179,4547,2094,2358,2421,2570,1983,3854,53063,36464,8214,6198,9755,7245,7227,48,44
2021-07-26T23:59:59+02:00,121,120,2704,2633,7659,5666,7602,5304,6884,7326,5231,5547,2753,2869,3277,3299,2747,5185,1609,1542,4881,3755,5334,3825,5168,5704,4124,4510,2090,2344,2420,2564,1983,3853,52908,35893,8190,6123,9752,7196,7170,48,44
2021-07-25T23:59:59+02:00,117,117,2687,2609,7620,5640,7568,5291,6863,7304,5221,5542,2751,2866,3276,3298,2747,5184,1589,1514,4824,3709,5277,3795,5120,5664,4093,4486,2086,2339,2419,2564,1983,3853,52742,35609,8180,6090,9749,7164,7121,48,44
2021-07-24T23:59:59+02:00,117,116,2671,2598,7587,5623,7541,5278,6845,7289,5212,5536,2750,2863,3276,3298,2747,5184,1569,1495,4777,3687,5202,3749,5078,5636,4072,4477,2085,2337,2418,2562,1983,3852,52650,35411,8158,6002,9748,7164,7065,48,44
2021-07-23T23:59:59+02:00,114,114,2641,2571,7531,5592,7509,5254,6811,7264,5190,5523,2748,2860,3274,3298,2747,5184,1512,1461,4635,3583,5063,3671,5002,5565,4024,4444,2084,2329,2417,2557,1982,3852,52459,34756,8152,5974,9746,7143,6955,48,44
2021-07-22T23:59:59+02:00,112,111,2606,2541,7439,5546,7455,5214,6759,7218,5156,5499,2741,2853,3272,3297,2747,5182,1452,1420,4467,3508,4909,3598,4852,5483,3934,4389,2071,2319,2412,2555,1982,3851,52118,34107,8131,5820,9734,7071,6845,48,44
2021-07-21T23:59:59+02:00,111,107,2573,2522,7367,5508,7395,5172,6697,7178,5135,5473,2734,2847,3270,3294,2747,5180,1422,1373,4344,3421,4767,3532,4741,5373,3861,4343,2058,2307,2409,2554,1982,3849,51845,33620,8078,5603,9728,7010,6735,48,44
2021-07-20T23:59:59+02:00,110,106,2550,2493,7306,5473,7358,5138,6658,7134,5104,5454,2731,2842,3268,3294,2747,5180,1387,1339,4223,3352,4677,3479,4647,5293,3805,4312,2054,2297,2408,2553,1982,3848,51569,33139,8067,5523,9726,6960,6657,48,44
2021-07-19T23:59:59+02:00,109,105,2522,2464,7249,5428,7308,5115,6618,7101,5083,5437,2726,2837,3267,3290,2747,5179,1366,1315,4146,3306,4594,3444,4568,5228,3769,4286,2050,2291,2404,2550,1981,3848,51270,32832,8052,5405,9725,6915,6610,48,44
2021-07-18T23:59:59+02:00,109,103,2491,2433,7173,5376,7265,5082,6580,7058,5064,5427,2719,2831,3265,3290,2746,5178,1348,1294,4100,3263,4554,3413,4519,5207,3732,4271,2044,2281,2403,2550,1981,3846,50928,32626,8036,5331,9721,6888,6575,48,42
2021-07-17T23:59:59+02:00,107,99,2473,2418,7153,5361,7246,5063,6560,7041,5043,5416,2715,2830,3265,3289,2746,5177,1335,1281,4066,3229,4509,3392,4478,5174,3702,4259,2038,2278,2403,2548,1981,3846,50808,32464,8026,5274,9720,6878,6516,48,42
2021-07-16T23:59:59+02:00,107,96,2431,2390,7089,5326,7184,5027,6514,6998,5011,5388,2708,2824,3263,3288,2746,5177,1295,1257,3962,3178,4416,3350,4389,5114,3641,4211,2024,2267,2397,2546,1981,3845,50621,32113,7995,5245,9706,6808,6308,48,42
2021-07-15T23:59:59+02:00,104,91,2388,2359,7011,5286,7119,4984,6464,6943,4994,5361,2705,2818,3260,3283,2746,5177,1242,1224,3759,3062,4230,3245,4235,5014,3575,4148,2015,2258,2392,2540,1981,3845,50271,31402,7976,5009,9700,6740,6204,48,42
2021-07-14T23:59:59+02:00,101,89,2347,2340,6937,5250,7043,4947,6407,6898,4972,5336,2696,2812,3257,3281,2746,5177,1193,1182,3640,2973,4127,3182,4129,4943,3529,4103,2002,2249,2391,2537,1981,3845,49938,30917,7959,4909,9696,6666,6097,48,42
2021-07-13T23:59:59+02:00,98,84,2316,2309,6878,5214,6978,4908,6365,6849,4949,5318,2686,2805,3255,3281,2746,5177,1159,1149,3537,2891,3998,3115,4041,4854,3474,4040,1974,2241,2388,2532,1979,3843,49603,30430,7950,4772,9695,6570,6018,47,42
2021-07-12T23:59:59+02:00,90,82,2286,2283,6807,5168,6907,4862,6313,6808,4921,5290,2681,2802,3252,3280,2746,5177,1128,1127,3438,2814,3884,3049,3936,4772,3421,3992,1963,2230,2383,2522,1979,3843,49246,29979,7936,4652,9691,6487,5930,47,41
2021-07-11T23:59:59+02:00,85,80,2274,2267,6769,5150,6877,4839,6281,6789,4912,5281,2678,2797,3250,3280,2745,5177,1119,1111,3395,2772,3823,3017,3882,4744,3399,3977,1954,2218,2380,2518,1979,3843,49128,29796,7913,4619,9688,6431,5848,47,41
2021-07-10T23:59:59+02:00,83,79,2250,2232,6687,5099,6813,4803,6231,6752,4886,5269,2675,2794,3250,3277,2745,5176,1101,1091,3337,2727,3776,2987,3844,4712,3383,3965,1947,2211,2380,2516,1979,3843,48867,29614,7891,4617,9672,6415,5711,47,41
2021-07-09T23:59:59+02:00,82,77,2226,2209,6611,5056,6762,4777,6181,6716,4866,5248,2673,2789,3249,3276,2745,5176,1078,1074,3277,2680,3725,2950,3792,4676,3353,3936,1943,2196,2378,2515,1979,3843,48634,29395,7855,4585,9663,6358,5600,47,41
2021-07-08T23:59:59+02:00,77,74,2167,2160,6508,4989,6652,4719,6114,6649,4830,5214,2665,2780,3246,3272,2745,5176,1001,1019,3107,2587,3529,2875,3614,4576,3277,3868,1926,2180,2376,2506,1978,3842,48290,28896,7776,4294,9628,6224,5371,47,41
2021-07-07T23:59:59+02:00,77,73,2092,2113,6383,4911,6544,4660,6038,6590,4794,5165,2659,2769,3241,3267,2745,5176,949,982,2953,2504,3355,2796,3455,4468,3219,3803,1906,2150,2368,2497,1978,3840,47774,28339,7726,4046,9607,6140,5213,47,41
2021-07-06T23:59:59+02:00,74,73,2045,2074,6270,4855,6450,4616,5982,6520,4749,5129,2652,2763,3237,3262,2745,5176,912,943,2837,2405,3263,2733,3377,4373,3158,3746,1879,2119,2363,2490,1978,3840,47315,27827,7675,3937,9591,6050,5108,46,41
2021-07-05T23:59:59+02:00,72,73,1970,2024,6124,4777,6336,4574,5911,6462,4707,5089,2648,2756,3235,3260,2745,5174,864,900,2728,2329,3185,2683,3297,4299,3110,3689,1857,2100,2356,2481,1977,3837,46824,27443,7630,3860,9565,5965,4926,46,41
2021-07-04T23:59:59+02:00,72,72,1923,1987,6029,4730,6288,4542,5868,6441,4689,5066,2645,2754,3235,3258,2745,5173,825,876,2663,2273,3148,2657,3265,4265,3085,3666,1841,2075,2353,2480,1976,3837,46602,27300,7587,3801,9536,5885,4798,45,41
2021-07-03T23:59:59+02:00,67,58,1818,1907,5816,4570,6137,4453,5780,6349,4638,5029,2643,2751,3235,3254,2745,5173,783,850,2597,2225,3098,2633,3226,4218,3054,3636,1835,2068,2352,2476,1976,3835,45752,27121,7553,3799,9528,5856,4583,45,41
2021-07-02T23:59:59+02:00,61,50,1777,1863,5736,4524,6089,4414,5757,6321,4625,5011,2642,2745,3234,3253,2744,5173,761,823,2523,2176,3025,2590,3182,4168,3023,3596,1817,2050,2348,2470,1976,3833,45465,26825,7514,3772,9523,5755,4503,45,41
2021-07-01T23:59:59+02:00,52,41,1728,1822,5627,4450,5998,4364,5680,6250,4597,4981,2638,2739,3233,3252,2744,5172,692,782,2324,2100,2833,2500,3004,4053,2923,3508,1785,2026,2339,2457,1975,3831,45034,26038,7453,3567,9507,5645,4357,45,41
2021-06-30T23:59:59+02:00,52,38,1677,1766,5504,4355,5896,4311,5621,6201,4584,4957,2634,2731,3231,3249,2744,5172,656,743,2220,2033,2720,2445,2893,3965,2860,3432,1765,1992,2330,2445,1974,3830,44589,25563,7386,3450,9490,5518,4236,45,41
2021-06-29T23:59:59+02:00,51,34,1619,1683,5390,4262,5796,4256,5564,6140,4555,4927,2628,2726,3230,3248,2743,5171,626,703,2137,1950,2639,2377,2792,3846,2798,3380,1748,1958,2317,2431,1973,3827,44045,25063,7352,3374,9482,5404,4115,45,41
2021-06-28T23:59:59+02:00,49,32,1584,1624,5271,4194,5725,4201,5518,6097,4527,4902,2624,2718,3229,3246,2743,5171,610,676,2040,1886,2560,2323,2719,3764,2752,3332,1729,1939,2309,2425,1973,3824,43630,24741,7288,3233,9470,5307,4027,45,41
2021-06-27T23:59:59+02:00,48,31,1552,1596,5221,4151,5677,4168,5474,6078,4516,4890,2621,2714,3229,3245,2743,5171,590,658,1989,1839,2522,2303,2673,3725,2722,3315,1717,1923,2308,2415,1973,3824,43436,24591,7251,3178,9447,5219,3951,45,41
2021-06-26T23:59:59+02:00,36,26,1519,1566,5148,4104,5580,4123,5433,6043,4495,4877,2621,2712,3229,3243,2743,5171,584,648,1956,1817,2485,2283,2650,3702,2700,3293,1695,1913,2307,2413,1973,3824,43061,24363,7165,3174,9447,5195,3951,44,41
2021-06-25T23:59:59+02:00,29,18,1483,1523,5032,4024,5523,4094,5397,6016,4469,4865,2617,2709,3227,3242,2743,5170,574,623,1909,1797,2421,2216,2553,3561,2654,3191,1687,1891,2303,2410,1971,3823,42611,23899,7128,3148,9446,5015,3949,44,41
2021-06-24T23:59:59+02:00,21,13,1431,1469,4841,3904,5394,4042,5300,5972,4425,4834,2612,2706,3227,3241,2742,5170,534,600,1797,1728,2249,2149,2391,3477,2541,3096,1653,1868,2293,2404,1970,3820,41946,23374,7073,2839,9435,4930,3837,44,41
2021-06-23T23:59:59+02:00,21,13,1399,1434,4756,3846,5309,3990,5244,5926,4400,4799,2602,2699,3223,3237,2741,5169,500,581,1731,1669,2148,2101,2272,3385,2437,2999,1628,1844,2287,2397,1969,3818,41508,22818,7014,2763,9430,4786,3801,44,41
2021-06-22T23:59:59+02:00,20,13,1372,1413,4678,3780,5226,3942,5198,5879,4371,4773,2598,2693,3223,3236,2740,5169,484,562,1673,1628,2064,2045,2191,3272,2330,2900,1614,1820,2277,2385,1968,3814,41089,22379,6967,2643,9426,4624,3775,44,40
2021-06-21T23:59:59+02:00,19,13,1343,1370,4562,3692,5144,3896,5132,5818,4344,4753,2594,2679,3222,3231,2739,5167,468,546,1637,1592,2029,2004,2140,3189,2262,2819,1589,1784,2254,2362,1968,3810,40557,22076,6922,2546,9423,4479,3741,44,40
2021-06-20T23:59:59+02:00,18,11,1319,1339,4488,3627,5098,3878,5097,5798,4321,4741,2590,2677,3221,3231,2738,5167,452,531,1603,1563,2003,1980,2105,3162,2212,2778,1582,1769,2252,2356,1968,3809,40275,21885,6891,2509,9410,4414,3702,44,39
2021-06-19T23:59:59+02:00,17,11,1308,1320,4445,3595,5077,3850,5065,5773,4303,4731,2586,2675,3221,3230,2737,5167,447,527,1586,1546,1987,1953,2092,3138,2187,2741,1574,1760,2248,2353,1966,3808,40105,21726,6827,2480,9410,4404,3681,44,39
2021-06-18T23:59:59+02:00,12,8,1289,1298,4375,3551,5026,3810,5015,5732,4279,4719,2582,2671,3220,3228,2737,5167,434,517,1565,1529,1960,1922,2046,3089,2130,2679,1560,1743,2248,2348,1965,3805,39773,21410,6780,2477,9409,4357,3667,44,39
2021-06-17T23:59:59+02:00,10,7,1243,1262,4214,3480,4839,3736,4840,5639,4215,4670,2576,2668,3220,3227,2736,5167,400,500,1466,1496,1783,1860,1882,2994,2024,2597,1536,1720,2237,2336,1963,3803,39162,20935,6718,2371,9399,4276,3378,42,39
2021-06-16T23:59:59+02:00,10,7,1218,1228,4107,3395,4740,3681,4733,5568,4169,4639,2568,2664,3219,3223,2735,5166,384,479,1407,1460,1719,1829,1800,2914,1960,2524,1520,1692,2223,2323,1963,3799,38670,20530,6590,2303,9389,4197,3323,42,39
2021-06-15T23:59:59+02:00,10,7,1183,1193,3970,3309,4669,3623,4657,5492,4126,4606,2558,2657,3214,3221,2735,5165,374,455,1357,1413,1672,1787,1730,2857,1888,2451,1502,1661,2217,2309,1962,3798,38115,20201,6550,2215,9376,4125,3243,42,39
2021-06-14T23:59:59+02:00,10,5,1156,1158,3878,3254,4585,3567,4578,5421,4074,4572,2554,2647,3213,3217,2734,5164,364,442,1318,1378,1624,1755,1682,2798,1827,2397,1489,1635,2212,2302,1961,3796,37651,19949,6460,2143,9370,4045,3188,41,39
2021-06-13T23:59:59+02:00,10,5,1141,1144,3827,3211,4527,3522,4528,5382,4054,4557,2553,2641,3212,3216,2734,5162,358,435,1285,1361,1589,1730,1639,2762,1787,2352,1473,1614,2206,2291,1961,3794,37389,19759,6423,2120,9364,3969,3128,41,39
2021-06-12T23:59:59+02:00,10,4,1124,1122,3799,3185,4499,3500,4509,5367,4038,4547,2550,2638,3211,3215,2734,5161,354,433,1277,1344,1564,1704,1610,2742,1742,2330,1463,1602,2194,2287,1961,3793,37200,19587,6411,2120,9364,3910,3114,41,39
2021-06-11T23:59:59+02:00,8,4,1106,1109,3759,3139,4424,3472,4470,5330,4011,4536,2549,2634,3210,3212,2734,5160,343,421,1255,1310,1536,1684,1564,2692,1684,2282,1452,1586,2192,2282,1961,3792,36904,19329,6384,2112,9360,3833,3089,41,39
2021-06-10T23:59:59+02:00,7,4,1046,1064,3635,3055,4292,3390,4366,5260,3954,4502,2545,2626,3208,3210,2733,5160,327,409,1193,1274,1469,1622,1499,2620,1593,2176,1418,1551,2187,2272,1960,3789,36314,18890,6242,2105,9342,3677,3007,41,38
2021-06-09T23:59:59+02:00,7,2,996,1029,3506,2957,4150,3329,4274,5181,3909,4460,2541,2620,3205,3206,2733,5160,309,392,1130,1238,1400,1594,1437,2538,1515,2100,1391,1491,2179,2258,1959,3786,35822,18562,6071,2051,9338,3545,2873,41,38
2021-06-08T23:59:59+02:00,6,2,947,988,3376,2868,4028,3240,4172,5094,3852,4431,2533,2615,3202,3203,2732,5158,294,369,1086,1198,1344,1560,1381,2478,1464,2026,1366,1454,2168,2240,1955,3781,35261,18314,5934,2002,9327,3405,2748,41,37
2021-06-07T23:59:59+02:00,5,2,919,962,3271,2791,3895,3199,4047,5020,3800,4403,2519,2609,3201,3201,2732,5156,285,362,1040,1159,1288,1538,1335,2423,1392,1972,1351,1432,2152,2223,1954,3772,34874,18136,5753,1966,9318,3273,2600,41,37
2021-06-06T23:59:59+02:00,5,2,900,952,3212,2750,3805,3147,3973,4989,3765,4387,2515,2603,3199,3200,2730,5155,278,349,1025,1133,1256,1504,1310,2366,1360,1912,1335,1415,2145,2216,1952,3769,34658,18030,5616,1917,9309,3159,2510,41,37
2021-06-05T23:59:59+02:00,5,2,885,933,3140,2689,3756,3116,3937,4963,3752,4382,2514,2601,3199,3199,2730,5154,273,342,1009,1111,1233,1484,1285,2335,1324,1890,1315,1389,2142,2212,1952,3769,34374,17858,5609,1914,9303,3108,2469,41,36
2021-06-04T23:59:59+02:00,3,2,861,917,3085,2637,3679,3075,3865,4906,3722,4362,2510,2598,3196,3199,2730,5154,262,335,986,1078,1210,1470,1250,2296,1287,1853,1296,1364,2132,2207,1952,3767,34048,17690,5561,1909,9300,3048,2380,41,36
2021-06-03T23:59:59+02:00,3,2,815,885,2928,2536,3491,2968,3685,4783,3626,4289,2502,2588,3191,3193,2730,5154,250,321,953,1042,1151,1415,1181,2200,1224,1788,1255,1318,2121,2193,1952,3765,33359,17461,5325,1888,9284,2882,2171,41,36
2021-06-02T23:59:59+02:00,3,2,784,876,2853,2454,3423,2912,3617,4718,3583,4263,2500,2583,3191,3192,2730,5154,234,316,932,1010,1096,1383,1131,2155,1171,1735,1240,1280,2117,2190,1952,3765,32993,17243,5307,1873,9283,2843,2013,41,36
2021-06-01T23:59:59+02:00,3,2,738,848,2688,2337,3229,2810,3439,4600,3519,4199,2489,2575,3188,3186,2730,5154,221,303,853,959,993,1318,1040,2037,1116,1658,1205,1220,2108,2178,1950,3760,32383,16959,5084,1833,9271,2646,1732,41,36
2021-05-31T23:59:59+02:00,3,2,703,822,2557,2252,3091,2711,3323,4495,3458,4148,2482,2562,3186,3181,2730,5153,206,287,804,914,923,1264,987,1950,1073,1598,1182,1189,2102,2173,1948,3758,31987,16779,4851,1818,9252,2510,1494,41,36
2021-05-30T23:59:59+02:00,3,2,692,808,2500,2202,3014,2672,3263,4447,3438,4124,2478,2557,3185,3180,2729,5151,196,267,763,875,866,1218,940,1882,1050,1545,1164,1173,2096,2163,1948,3756,31835,16680,4786,1804,9241,2353,1303,41,36
2021-05-29T23:59:59+02:00,3,1,690,806,2485,2185,2991,2660,3246,4429,3428,4115,2477,2556,3185,3180,2729,5151,193,257,757,865,847,1193,921,1828,1031,1507,1149,1152,2095,2155,1947,3756,31710,16574,4784,1803,9239,2210,1302,41,36
2021-05-28T23:59:59+02:00,3,1,683,796,2452,2149,2943,2633,3221,4408,3416,4098,2476,2552,3183,3174,2729,5151,190,249,746,855,837,1172,910,1786,996,1463,1126,1121,2092,2147,1946,3754,31472,16389,4773,1801,9234,2133,1298,41,36
2021-05-27T23:59:59+02:00,3,1,637,775,2323,2094,2808,2560,3083,4329,3331,4044,2468,2538,3182,3172,2729,5148,175,232,683,803,761,1116,827,1688,927,1376,1103,1088,2078,2126,1945,3752,30977,16166,4641,1760,9201,1878,1100,41,35
2021-05-26T23:59:59+02:00,3,1,606,750,2219,2029,2646,2500,2955,4265,3276,3990,2457,2526,3177,3165,2726,5142,168,214,645,764,715,1080,778,1619,881,1318,1084,1058,2059,2092,1940,3745,30573,15931,4402,1745,9172,1738,968,41,35
2021-05-25T23:59:59+02:00,3,1,583,734,2133,1970,2544,2458,2847,4182,3224,3952,2443,2517,3174,3160,2725,5138,158,205,624,735,680,1045,731,1558,829,1255,1059,1034,2028,2057,1939,3740,30210,15690,4220,1706,9130,1601,903,40,32
2021-05-24T23:59:59+02:00,3,1,570,711,2078,1929,2469,2428,2776,4128,3170,3908,2431,2509,3168,3159,2722,5137,153,197,605,717,653,1013,693,1496,804,1198,1035,1016,2022,2053,1934,3739,30024,15579,4044,1693,9094,1475,804,39,31
2021-05-23T23:59:59+02:00,3,1,567,709,2064,1917,2456,2413,2765,4115,3159,3894,2426,2506,3168,3157,2722,5137,152,196,601,711,645,1008,675,1483,791,1189,1029,1010,2017,2048,1932,3735,29910,15492,4041,1686,9093,1465,802,39,31
2021-05-22T23:59:59+02:00,3,1,562,699,2041,1898,2422,2396,2740,4085,3129,3865,2417,2501,3166,3154,2722,5136,149,188,594,706,641,998,661,1477,785,1180,1016,1002,2009,2033,1932,3735,29675,15421,4040,1686,9091,1427,792,39,31
2021-05-21T23:59:59+02:00,3,1,550,681,1956,1868,2330,2349,2673,4034,3085,3816,2410,2487,3163,3153,2722,5134,149,185,588,699,629,988,647,1465,764,1159,999,973,1996,2027,1932,3734,29193,15317,4012,1684,9074,1364,789,39,31
2021-05-20T23:59:59+02:00,3,1,512,659,1823,1796,2197,2274,2548,3937,2998,3728,2389,2472,3154,3145,2720,5131,141,176,560,664,596,949,619,1406,732,1096,972,937,1984,2012,1930,3731,28507,15176,3894,1668,9000,1157,717,39,31
2021-05-19T23:59:59+02:00,3,1,472,624,1716,1722,2060,2206,2409,3839,2894,3628,2368,2452,3147,3138,2714,5130,128,168,533,643,564,915,591,1355,704,1035,950,916,1964,1979,1923,3727,27756,14997,3823,1645,8956,1060,599,39,31
2021-05-18T23:59:59+02:00,3,0,447,601,1638,1661,1962,2145,2294,3716,2794,3527,2355,2431,3139,3130,2713,5126,120,161,509,623,541,882,573,1279,686,972,932,889,1950,1957,1919,3720,27234,14856,3650,1604,8899,954,499,39,31
2021-05-17T23:59:59+02:00,3,0,426,589,1581,1626,1904,2092,2216,3605,2739,3454,2335,2411,3128,3122,2711,5121,115,153,487,609,530,847,560,1215,673,917,910,852,1945,1946,1918,3715,26921,14763,3497,1565,8832,855,406,39,29
2021-05-16T23:59:59+02:00,3,0,422,588,1552,1598,1873,2068,2172,3552,2678,3395,2321,2402,3125,3118,2711,5120,112,151,479,590,521,831,546,1165,653,875,882,821,1938,1941,1918,3714,26733,14701,3428,1528,8791,767,333,39,29
2021-05-15T23:59:59+02:00,3,0,417,583,1525,1581,1854,2048,2152,3528,2651,3357,2314,2402,3124,3115,2710,5120,111,148,477,589,521,830,541,1161,645,867,878,818,1932,1937,1918,3714,26529,14665,3428,1527,8783,759,328,37,29
2021-05-14T23:59:59+02:00,3,0,404,569,1494,1551,1813,2004,2072,3454,2597,3309,2304,2390,3121,3115,2708,5120,109,144,474,573,501,805,521,1130,631,851,863,803,1924,1928,1918,3713,26146,14602,3386,1511,8759,657,307,37,29
2021-05-13T23:59:59+02:00,2,0,381,553,1434,1502,1709,1959,1956,3366,2525,3216,2277,2372,3112,3109,2706,5114,104,141,462,565,491,790,515,1115,618,838,834,770,1907,1902,1917,3707,25694,14510,3167,1457,8705,617,280,37,27
2021-05-12T23:59:59+02:00,1,0,374,548,1416,1494,1691,1950,1936,3341,2510,3198,2274,2365,3106,3106,2706,5113,104,139,459,565,490,783,511,1110,614,832,826,754,1903,1893,1915,3707,25558,14452,3144,1447,8699,616,277,36,27
2021-05-11T23:59:59+02:00,1,0,353,528,1348,1457,1593,1910,1824,3243,2405,3120,2257,2337,3097,3095,2701,5112,98,129,444,537,470,753,491,1078,579,810,798,720,1890,1882,1913,3703,25139,14327,2973,1403,8585,528,220,36,27
2021-05-10T23:59:59+02:00,1,0,338,509,1309,1428,1540,1880,1756,3181,2343,3048,2242,2322,3088,3086,2700,5108,98,126,438,530,461,732,484,1054,574,787,782,701,1884,1875,1911,3698,24856,14258,2897,1394,8463,474,192,36,26
2021-05-09T23:59:59+02:00,1,0,332,499,1268,1408,1513,1863,1709,3144,2274,2995,2231,2308,3085,3080,2700,5103,95,123,429,521,453,726,474,1044,563,773,767,691,1875,1870,1910,3695,24612,14209,2842,1386,8412,425,169,36,25
2021-05-08T23:59:59+02:00,1,0,326,496,1257,1389,1480,1840,1678,3117,2223,2974,2224,2300,3082,3079,2698,5102,94,123,428,520,451,725,473,1039,563,767,761,690,1870,1859,1910,3695,24368,14188,2838,1378,8408,412,168,36,25
2021-05-07T23:59:59+02:00,1,0,315,489,1229,1362,1428,1820,1618,3053,2168,2925,2215,2289,3081,3074,2696,5097,91,120,416,507,441,698,460,1004,540,742,755,665,1849,1844,1910,3691,24083,14116,2809,1353,8342,308,134,36,22
2021-05-06T23:59:59+02:00,1,0,297,474,1141,1324,1311,1758,1477,2939,2024,2832,2175,2253,3077,3061,2695,5093,88,114,403,493,429,681,447,981,522,719,740,646,1831,1828,1906,3684,23568,14032,2616,1328,8129,223,106,34,21
2021-05-05T23:59:59+02:00,1,0,282,460,1100,1298,1264,1721,1409,2873,1932,2748,2150,2219,3062,3046,2695,5082,88,110,395,483,424,669,439,969,515,701,718,633,1805,1806,1906,3681,23103,13945,2556,1302,8063,174,99,34,19
2021-05-04T23:59:59+02:00,1,0,274,449,1063,1274,1225,1700,1363,2825,1868,2681,2130,2184,3052,3032,2685,5069,84,106,388,472,421,664,429,949,505,681,700,610,1785,1779,1902,3681,22752,13839,2493,1269,8010,133,93,34,18
2021-05-03T23:59:59+02:00,1,0,267,441,1032,1251,1188,1683,1334,2790,1820,2643,2112,2153,3038,3023,2683,5063,78,100,376,466,413,656,425,941,497,674,681,598,1758,1750,1900,3677,22493,13733,2468,1258,7960,112,64,34,17
2021-05-02T23:59:59+02:00,1,0,261,439,1018,1239,1160,1667,1308,2777,1805,2620,2104,2138,3033,3020,2681,5060,76,99,370,462,408,651,420,935,493,669,673,585,1733,1735,1900,3676,22367,13684,2451,1230,7920,98,50,34,16
2021-05-01T23:59:59+02:00,1,0,257,434,1010,1230,1147,1656,1292,2763,1787,2601,2095,2131,3029,3016,2681,5059,76,98,370,461,406,651,418,931,493,668,671,585,1733,1735,1900,3676,22222,13676,2450,1230,7920,95,48,34,16
2021-04-30T23:59:59+02:00,1,0,254,428,999,1208,1125,1636,1254,2698,1719,2538,2081,2113,3022,3011,2680,5055,75,96,369,455,403,645,417,906,488,656,664,579,1730,1729,1900,3674,21890,13660,2445,1218,7916,70,16,34,15
2021-04-29T23:59:59+02:00,1,0,240,413,950,1184,1086,1598,1202,2640,1624,2461,2030,2063,3012,2999,2675,5043,75,95,363,454,398,640,410,895,477,646,647,567,1714,1716,1894,3668,21382,13580,2407,1191,7856,48,15,33,15
2021-04-28T23:59:59+02:00,1,0,229,410,934,1169,1056,1586,1166,2599,1555,2405,1983,2000,2999,2994,2673,5040,72,94,356,451,395,631,406,885,470,631,629,548,1695,1695,1894,3666,21062,13500,2359,1141,7798,35,14,33,15
2021-04-27T23:59:59+02:00,1,0,226,402,920,1155,1039,1573,1142,2573,1532,2376,1948,1953,2992,2987,2671,5036,70,91,354,448,393,626,404,881,464,626,621,535,1683,1672,1890,3663,20852,13437,2327,1112,7763,30,14,29,15
2021-04-26T23:59:59+02:00,1,0,223,395,910,1146,1028,1560,1114,2554,1477,2326,1928,1930,2982,2976,2668,5030,70,91,350,444,393,624,398,878,460,620,611,522,1668,1657,1888,3658,20651,13387,2311,1073,7695,28,14,29,15
2021-04-25T23:59:59+02:00,1,0,223,394,902,1136,1015,1552,1097,2535,1444,2291,1899,1906,2974,2969,2668,5029,69,90,349,438,390,622,395,874,458,619,608,515,1662,1647,1888,3656,20513,13365,2283,1053,7643,20,14,29,13
2021-04-24T23:59:59+02:00,1,0,219,390,891,1126,1002,1538,1083,2516,1407,2267,1889,1881,2971,2963,2668,5029,69,90,349,438,389,622,395,872,457,616,605,512,1661,1644,1888,3656,20334,13358,2283,1042,7623,20,14,29,13
2021-04-23T23:59:59+02:00,1,0,215,383,880,1113,995,1527,1063,2495,1349,2218,1863,1853,2964,2957,2668,5026,68,88,349,438,389,621,394,868,454,612,598,504,1651,1634,1888,3651,20166,13329,2271,1014,7523,20,14,29,13
2021-04-22T23:59:59+02:00,1,0,213,375,854,1091,971,1504,1031,2451,1292,2153,1816,1800,2950,2937,2666,5017,68,87,347,433,383,613,391,858,449,606,584,496,1632,1619,1883,3646,19850,13252,2215,986,7442,13,14,29,13
2021-04-21T23:59:59+02:00,1,0,207,368,835,1076,946,1485,990,2414,1240,2100,1764,1729,2928,2915,2659,5008,66,85,344,431,381,610,388,853,446,599,579,490,1618,1597,1872,3641,19487,13180,2179,963,7379,13,14,29,13
2021-04-20T23:59:59+02:00,1,0,201,363,817,1052,926,1464,967,2360,1196,2043,1701,1660,2898,2888,2653,4990,65,85,342,430,377,606,383,847,445,592,572,481,1595,1565,1868,3637,19145,13095,2106,939,7305,12,14,29,13
2021-04-19T23:59:59+02:00,1,0,199,353,802,1041,912,1445,950,2327,1170,2007,1656,1613,2885,2873,2651,4985,65,84,341,428,372,600,379,838,440,581,568,475,1567,1538,1862,3624,18923,12999,2087,911,7234,9,13,28,13
2021-04-18T23:59:59+02:00,1,0,197,350,795,1032,900,1434,928,2304,1146,1986,1615,1571,2876,2865,2644,4979,64,82,340,427,372,600,378,833,439,578,565,469,1557,1532,1859,3622,18775,12969,2054,895,7160,9,13,28,13
2021-04-17T23:59:59+02:00,1,0,195,346,792,1029,893,1432,919,2299,1139,1978,1595,1540,2871,2856,2644,4979,64,79,338,422,371,600,376,829,438,575,560,463,1546,1524,1859,3619,18689,12917,2053,893,7131,9,13,28,13
2021-04-16T23:59:59+02:00,1,0,194,345,783,1022,879,1415,905,2276,1101,1937,1538,1472,2857,2841,2640,4972,59,77,335,415,370,598,371,817,431,561,533,432,1533,1502,1848,3606,18454,12809,2036,826,7051,8,13,27,12
2021-04-15T23:59:59+02:00,1,0,193,340,761,1005,861,1403,879,2231,1057,1894,1484,1413,2828,2813,2625,4956,57,76,330,409,365,597,363,810,421,558,518,424,1499,1468,1835,3591,18168,12691,2019,777,6916,7,13,26,12
2021-04-14T23:59:59+02:00,1,0,192,334,752,997,854,1390,864,2197,1037,1863,1424,1365,2777,2747,2612,4940,54,72,325,405,361,592,360,801,410,544,502,404,1463,1436,1828,3572,17883,12548,1995,729,6825,7,13,23,11
2021-04-13T23:59:59+02:00,1,0,188,328,743,993,843,1378,854,2172,1003,1834,1357,1292,2723,2688,2604,4925,52,72,320,401,352,584,353,793,401,536,489,396,1436,1413,1819,3561,17630,12446,1942,681,6710,5,13,22,11
2021-04-12T23:59:59+02:00,1,0,188,327,737,988,835,1366,826,2149,987,1813,1304,1254,2703,2658,2600,4911,51,68,310,393,347,578,348,785,395,529,470,386,1417,1397,1816,3553,17489,12349,1916,639,6596,5,13,20,11
2021-04-11T23:59:59+02:00,0,0,186,325,731,977,827,1361,812,2130,970,1795,1279,1222,2681,2636,2595,4904,50,66,305,391,345,576,347,781,390,521,464,377,1402,1392,1811,3546,17410,12296,1888,613,6486,4,12,19,11
2021-04-10T23:59:59+02:00,0,0,186,323,731,974,824,1360,805,2122,962,1788,1265,1206,2668,2619,2594,4904,45,61,282,377,329,560,333,769,375,511,449,370,1390,1372,1806,3540,17350,12113,1879,597,6454,4,11,19,11
2021-04-09T23:59:59+02:00,0,0,186,319,726,971,814,1337,796,2038,942,1705,1209,1132,2624,2590,2591,4896,38,59,268,363,310,547,313,755,361,494,431,360,1346,1342,1793,3526,17183,11872,1839,567,6201,4,9,17,10
2021-04-08T23:59:59+02:00,0,0,184,315,722,964,803,1325,780,2020,917,1683,1133,1048,2564,2550,2578,4886,37,57,260,349,297,539,297,739,335,476,404,337,1296,1303,1769,3492,17003,11581,1766,534,6049,4,8,17,10
2021-04-07T23:59:59+02:00,0,0,178,312,713,958,795,1310,763,1991,894,1651,1078,985,2508,2489,2569,4871,35,54,242,332,287,533,288,726,320,463,374,317,1249,1264,1750,3454,16805,11307,1718,503,5883,4,8,17,10
2021-04-06T23:59:59+02:00,0,0,174,311,706,953,779,1295,743,1969,865,1625,1044,938,2467,2439,2561,4861,33,53,241,329,283,530,278,722,310,458,363,303,1218,1234,1730,3432,16681,11171,1683,468,5701,4,8,17,10
2021-04-05T23:59:59+02:00,0,0,174,311,705,947,773,1285,734,1953,854,1610,1015,911,2440,2396,2556,4852,33,53,241,325,282,526,274,715,304,456,361,296,1182,1208,1722,3413,16613,11073,1666,438,5567,4,8,17,10
2021-04-04T23:59:59+02:00,0,0,173,308,702,940,767,1273,723,1936,845,1588,999,895,2432,2390,2556,4851,33,53,241,325,281,526,274,715,303,456,359,296,1164,1194,1718,3409,16578,11028,1660,438,5471,4,8,16,10
2021-04-03T23:59:59+02:00,0,0,173,308,702,940,765,1271,722,1931,837,1584,986,884,2425,2379,2553,4850,33,53,241,325,281,526,274,714,303,454,359,296,1164,1189,1718,3406,16529,11017,1660,438,5450,4,8,16,10
2021-04-02T23:59:59+02:00,0,0,173,307,702,939,764,1268,718,1924,829,1573,973,871,2402,2356,2551,4847,33,53,238,325,279,524,271,707,296,449,354,294,1142,1161,1706,3379,16453,10897,1648,431,5422,4,8,16,10
2021-04-01T23:59:59+02:00,0,0,170,304,696,928,751,1254,712,1904,811,1552,941,835,2360,2306,2545,4828,32,52,230,322,277,520,268,700,290,444,342,286,1102,1120,1673,3336,16316,10692,1584,417,5318,4,8,16,10
2021-03-31T23:59:59+02:00,0,0,167,301,689,921,741,1238,703,1858,796,1509,923,815,2313,2240,2524,4809,32,52,229,321,272,518,263,698,280,433,327,280,1036,1067,1649,3304,16194,10479,1514,398,5160,4,7,16,10
2021-03-30T23:59:59+02:00,0,0,163,294,683,912,737,1217,692,1819,784,1463,900,796,2262,2174,2510,4787,32,51,226,318,269,515,260,692,274,425,316,274,1002,1038,1627,3268,16042,10320,1466,380,5004,4,7,16,10
2021-03-29T23:59:59+02:00,0,0,160,288,677,899,731,1205,682,1787,771,1424,881,777,2186,2105,2489,4757,32,50,225,316,268,513,256,684,266,414,309,267,974,1016,1614,3241,15829,10187,1422,370,4885,4,7,16,10
2021-03-28T23:59:59+02:00,0,0,152,270,667,892,724,1196,677,1766,766,1406,873,755,2137,2060,2484,4745,32,49,222,316,264,507,252,681,264,411,307,265,963,1005,1608,3233,15745,10129,1367,362,4774,4,7,16,10
2021-03-27T23:59:59+01:00,0,0,152,267,663,885,720,1192,671,1755,763,1399,862,740,2125,2044,2484,4742,32,49,222,316,264,507,251,674,261,406,305,264,956,995,1590,3209,15688,10062,1357,351,4732,4,7,16,10
2021-03-26T23:59:59+01:00,0,0,150,265,653,873,714,1176,661,1736,754,1367,843,720,2099,2018,2474,4732,32,49,222,316,263,505,251,673,255,394,299,256,924,963,1557,3158,15580,9879,1319,351,4646,4,5,16,10
2021-03-25T23:59:59+01:00,0,0,147,264,643,861,693,1155,643,1698,735,1324,823,700,2055,1974,2458,4714,32,48,219,311,262,504,245,670,253,392,291,252,885,932,1495,3079,15463,9643,1265,337,4467,3,5,15,10
2021-03-24T23:59:59+01:00,0,0,144,255,628,848,686,1141,634,1659,720,1290,798,680,2011,1930,2441,4690,32,48,217,308,260,502,243,670,247,389,284,246,839,907,1444,2986,15321,9413,1230,321,4311,2,4,15,10
2021-03-23T23:59:59+01:00,0,0,141,253,621,838,672,1128,624,1636,706,1250,780,666,1970,1899,2425,4671,31,47,215,307,258,498,236,665,244,382,274,242,813,883,1366,2887,15225,9148,1200,310,4160,2,4,15,10
2021-03-22T23:59:59+01:00,0,0,138,248,603,819,655,1109,613,1602,689,1224,769,652,1938,1874,2414,4655,31,46,214,305,256,496,235,657,243,378,270,238,786,861,1274,2781,15139,8882,1168,298,3999,2,4,13,10
2021-03-21T23:59:59+01:00,0,0,135,246,599,813,651,1106,608,1578,677,1189,762,641,1914,1867,2407,4639,31,46,213,305,255,494,234,656,241,376,268,234,780,858,1265,2772,15105,8848,1147,289,3879,2,4,12,9
2021-03-20T23:59:59+01:00,0,0,133,246,593,810,647,1102,604,1574,675,1187,755,632,1890,1843,2400,4627,31,46,213,305,254,494,233,654,238,370,266,232,770,852,1247,2758,15039,8793,1137,279,3839,2,4,12,9
2021-03-19T23:59:59+01:00,0,0,124,234,586,796,638,1095,600,1556,658,1173,719,587,1830,1801,2370,4606,30,46,213,304,253,494,231,647,235,367,264,226,744,833,1209,2705,14863,8645,1061,264,3742,2,4,11,9
2021-03-18T23:59:59+01:00,0,0,121,229,567,786,618,1063,581,1506,628,1125,683,562,1778,1752,2342,4563,30,46,212,302,251,486,231,642,231,358,262,218,726,821,1176,2661,14668,8513,996,245,3526,2,4,11,9
2021-03-17T23:59:59+01:00,0,0,115,223,556,771,606,1058,571,1493,613,1102,659,537,1733,1717,2321,4524,30,45,212,301,250,483,230,641,230,355,261,216,714,808,1141,2614,14464,8395,945,239,3470,2,4,10,9
2021-03-16T23:59:59+01:00,0,0,110,217,544,759,592,1044,559,1450,596,1074,640,513,1678,1661,2299,4487,30,44,212,299,250,477,229,639,228,354,257,216,697,789,1111,2558,14284,8258,889,236,3325,2,2,10,9
2021-03-15T23:59:59+01:00,0,0,106,210,529,742,580,1020,547,1416,581,1035,620,494,1632,1622,2277,4462,29,44,211,296,250,474,227,637,226,354,248,211,677,777,1086,2522,14121,8152,834,222,3187,2,0,10,9
2021-03-14T23:59:59+01:00,0,0,102,198,520,727,569,998,539,1371,564,990,602,478,1603,1601,2261,4437,29,44,211,294,249,473,226,632,225,349,246,207,673,770,1078,2507,14014,8125,799,193,3011,2,0,10,9
2021-03-13T23:59:59+01:00,0,0,98,188,494,706,540,972,511,1347,541,969,574,469,1576,1574,2253,4429,29,44,211,294,249,473,225,632,225,348,245,207,667,760,1047,2476,13787,8043,785,192,2917,2,0,10,9
2021-03-12T23:59:59+01:00,0,0,89,182,468,677,520,945,487,1312,514,932,542,447,1518,1527,2230,4390,29,44,211,293,249,472,225,632,225,347,241,205,651,748,1021,2449,13474,7951,755,192,2786,2,0,10,8
2021-03-11T23:59:59+01:00,0,0,83,171,437,640,485,912,447,1233,476,868,508,414,1438,1459,2182,4331,29,43,210,290,244,468,223,628,221,344,236,203,635,725,996,2408,13085,7863,702,141,2512,2,0,10,8
2021-03-10T23:59:59+01:00,0,0,81,165,413,615,466,895,428,1197,448,823,477,388,1359,1393,2143,4275,29,43,208,285,240,464,220,622,221,342,231,200,616,717,973,2368,12739,7753,669,124,2369,2,0,10,8
2021-03-09T23:59:59+01:00,0,0,81,161,402,594,439,866,413,1147,430,791,455,369,1307,1360,2101,4230,29,43,207,282,238,456,217,618,217,337,229,199,604,710,954,2337,12510,7669,642,105,2192,2,0,10,8
2021-03-08T23:59:59+01:00,0,0,78,156,389,576,418,848,401,1094,418,749,439,353,1249,1324,2077,4192,29,43,207,281,235,450,213,613,212,333,227,198,591,705,944,2326,12319,7616,605,89,2031,1,0,10,7
2021-03-07T23:59:59+01:00,0,0,75,152,386,566,410,832,389,1080,411,743,436,348,1236,1304,2068,4183,29,43,206,280,235,448,211,612,212,332,226,197,587,702,936,2319,12252,7586,578,87,1979,0,0,10,7
2021-03-06T23:59:59+01:00,0,0,75,145,383,561,403,810,379,1023,403,709,433,347,1229,1293,2053,4168,29,43,206,280,234,447,211,611,212,332,226,197,584,702,934,2305,12193,7577,578,74,1830,0,0,10,7
2021-03-05T23:59:59+01:00,0,0,75,140,379,555,399,803,376,1006,391,683,421,333,1188,1251,2009,4107,29,43,205,279,233,446,210,609,211,329,224,196,579,701,926,2284,11974,7553,556,48,1766,0,0,10,7
2021-03-04T23:59:59+01:00,0,0,74,127,370,522,385,770,356,964,377,653,403,331,1136,1201,1925,4011,28,43,203,272,231,440,208,598,208,328,223,195,577,698,923,2281,11671,7505,522,47,1589,0,0,10,5
2021-03-03T23:59:59+01:00,0,0,68,116,361,506,377,753,351,942,363,633,393,323,1091,1167,1855,3889,28,43,203,271,230,438,205,588,208,322,222,192,572,695,916,2275,11395,7461,495,42,1472,0,0,9,5
2021-03-02T23:59:59+01:00,0,0,65,109,351,493,362,734,340,921,355,605,380,316,1055,1136,1757,3768,27,43,203,271,230,431,200,581,206,319,220,192,570,687,909,2262,11069,7402,471,42,1374,0,0,9,5
2021-03-01T23:59:59+01:00,0,0,64,107,345,479,355,714,329,896,348,571,374,313,1027,1104,1639,3613,27,42,202,270,228,422,198,573,206,315,219,192,567,679,900,2254,10725,7344,450,42,1266,0,0,9,5
2021-02-28T23:59:59+01:00,0,0,64,105,338,470,352,706,327,872,342,551,369,301,1018,1100,1629,3601,27,42,201,269,227,422,198,573,206,315,218,192,566,675,897,2251,10679,7329,439,42,1188,0,0,9,5
2021-02-27T23:59:59+01:00,0,0,61,96,334,461,348,702,321,859,338,541,365,297,1008,1089,1606,3579,27,42,201,268,227,421,197,572,205,314,218,192,566,675,897,2251,10607,7328,426,37,1131,0,0,9,5
2021-02-26T23:59:59+01:00,0,0,59,93,327,438,322,670,299,828,325,520,361,293,983,1069,1562,3517,27,41,201,267,227,419,195,569,202,312,218,192,566,675,896,2248,10443,7310,423,37,953,0,0,9,4
2021-02-25T23:59:59+01:00,0,0,52,80,315,417,311,640,293,800,311,493,351,283,964,1050,1524,3470,27,41,200,264,223,416,192,561,197,311,213,189,555,667,885,2242,10289,7248,409,27,802,0,0,9,4
2021-02-24T23:59:59+01:00,0,0,48,75,306,405,303,627,288,785,307,483,345,282,944,1038,1477,3411,26,41,198,262,220,403,190,553,194,306,211,186,549,661,883,2229,10141,7183,394,19,732,0,0,9,4
2021-02-23T23:59:59+01:00,0,0,45,66,293,389,295,608,282,766,297,473,338,280,913,1019,1436,3338,25,41,197,260,218,398,189,547,190,303,210,185,547,650,877,2209,9962,7120,375,15,640,0,0,9,4
2021-02-22T23:59:59+01:00,0,0,42,63,286,377,291,597,278,755,293,469,329,272,890,1004,1406,3302,25,39,193,257,215,385,181,537,184,300,207,182,535,642,870,2192,9837,7027,358,5,597,0,0,8,4
2021-02-21T23:59:59+01:00,0,0,41,62,281,369,289,588,274,747,286,465,326,269,885,999,1399,3292,25,38,191,255,214,383,181,528,184,299,207,182,531,641,862,2179,9810,6981,350,5,547,0,0,7,4
2021-02-20T23:59:59+01:00,0,0,40,62,278,368,289,585,273,741,283,457,325,269,871,987,1365,3259,25,38,191,255,214,383,181,528,183,298,207,182,530,641,860,2178,9720,6975,339,5,525,0,0,7,4
2021-02-19T23:59:59+01:00,0,0,39,62,274,363,283,563,263,715,278,443,321,264,845,970,1330,3229,25,37,191,255,213,382,181,526,182,298,206,181,525,640,855,2161,9610,6939,324,5,436,0,0,6,4
2021-02-18T23:59:59+01:00,0,0,39,58,256,342,275,542,254,694,261,415,317,255,833,949,1304,3197,24,36,187,248,211,376,177,511,180,287,203,176,510,626,818,2094,9516,6744,298,5,302,0,0,6,4
2021-02-17T23:59:59+01:00,0,0,39,56,249,336,271,528,249,681,258,393,312,250,813,938,1275,3150,22,34,184,243,203,361,173,494,175,275,195,172,499,611,799,2055,9383,6573,288,4,246,0,0,6,4
2021-02-16T23:59:59+01:00,0,0,38,51,237,324,268,517,243,666,251,385,307,248,801,926,1249,3118,20,34,175,235,196,342,166,482,171,261,192,165,465,580,764,1987,9285,6311,280,4,181,0,0,6,4
2021-02-15T23:59:59+01:00,0,0,37,50,231,321,261,504,239,660,247,377,303,247,782,917,1237,3099,19,32,168,228,191,334,161,471,165,254,182,159,435,551,728,1916,9219,6070,266,4,144,0,0,6,4
2021-02-14T23:59:59+01:00,0,0,35,50,228,318,259,498,237,654,247,373,303,243,775,911,1228,3080,18,32,166,225,187,329,160,459,163,251,181,156,426,542,710,1872,9196,5952,233,4,126,0,0,6,4
2021-02-13T23:59:59+01:00,0,0,34,50,228,318,257,498,237,653,247,373,303,243,773,910,1227,3079,18,32,164,224,184,329,159,457,162,248,179,153,421,539,702,1856,9189,5904,233,1,124,0,0,6,4
2021-02-12T23:59:59+01:00,0,0,33,48,225,312,254,489,233,642,244,366,302,242,767,909,1224,3069,18,32,162,221,183,328,157,455,160,247,177,149,417,523,671,1790,9160,5767,233,1,80,0,0,6,4
2021-02-11T23:59:59+01:00,0,0,32,47,217,293,247,473,226,618,231,353,298,241,759,892,1199,3036,18,31,146,200,175,297,146,408,154,224,160,133,370,474,608,1622,9089,5237,166,1,18,0,0,6,4
2021-02-10T23:59:59+01:00,0,0,31,47,214,285,244,466,222,609,228,347,293,241,747,889,1191,3026,17,28,133,176,159,260,127,357,143,200,144,125,343,443,546,1496,9033,4759,148,1,7,0,0,6,2
2021-02-09T23:59:59+01:00,0,0,30,46,213,282,242,453,217,601,224,344,289,237,743,882,1182,3013,17,26,118,146,146,237,110,314,129,173,126,116,309,386,491,1338,8978,4238,124,1,3,0,0,6,2
2021-02-08T23:59:59+01:00,0,0,30,46,212,280,236,439,214,589,221,339,284,237,735,875,1176,3006,15,24,102,124,125,193,91,273,121,161,103,107,270,334,429,1202,8911,3725,109,1,3,0,0,6,2
2021-02-07T23:59:59+01:00,0,0,30,45,210,279,234,438,214,586,221,338,284,237,733,871,1171,3003,14,18,98,116,118,182,86,255,115,151,96,102,263,321,413,1152,8890,3548,106,1,0,0,0,6,2
2021-02-06T23:59:59+01:00,0,0,30,45,210,279,234,437,214,586,221,337,283,237,732,871,1170,2991,11,14,97,114,117,178,84,248,115,149,95,101,263,317,402,1137,8887,3487,92,1,0,0,0,6,2
2021-02-05T23:59:59+01:00,0,0,29,44,210,279,234,436,212,583,219,336,282,237,730,871,1158,2964,10,10,89,106,113,175,83,243,109,137,92,99,254,310,377,1108,8867,3358,57,0,0,0,0,6,2
2021-02-04T23:59:59+01:00,0,0,29,44,207,274,230,432,207,577,217,332,279,233,724,864,1149,2950,9,7,62,73,90,131,71,204,89,118,88,85,222,274,333,982,8792,2869,57,0,0,0,0,4,2
2021-02-03T23:59:59+01:00,0,0,29,43,207,272,229,420,204,571,216,329,276,230,714,861,1141,2933,6,4,45,55,71,107,53,158,76,88,63,60,166,200,252,719,8726,2148,50,0,0,0,0,4,2
2021-02-02T23:59:59+01:00,0,0,28,43,206,270,225,414,203,566,213,328,273,229,706,850,1134,2908,3,3,29,38,56,77,41,102,57,65,54,49,119,134,168,475,8646,1487,49,0,0,0,0,4,2
2021-02-01T23:59:59+01:00,0,0,27,41,204,270,222,409,200,560,208,320,271,226,699,847,1129,2896,3,1,22,20,29,45,28,63,33,34,38,31,72,86,97,286,8579,897,49,0,0,0,0,4,2
2021-01-31T23:59:59+01:00,0,0,27,41,203,268,220,405,198,552,207,319,270,226,695,843,1123,2881,3,1,20,15,19,37,21,50,25,30,35,25,57,74,94,256,8527,769,48,0,0,0,0,4,2
2021-01-30T23:59:59+01:00,0,0,27,41,203,268,220,404,197,552,207,319,270,226,694,843,1122,2879,3,1,19,14,17,37,19,46,23,29,34,24,57,71,92,250,8522,742,47,0,0,0,0,4,2
2021-01-29T23:59:59+01:00,0,0,27,41,203,265,219,403,196,551,205,317,270,226,689,840,1116,2871,3,0,16,9,12,31,18,41,19,26,34,23,54,70,90,244,8494,694,43,0,0,0,0,3,2
2021-01-28T23:59:59+01:00,0,0,27,40,196,262,219,397,195,542,202,312,269,226,677,832,1093,2851,3,0,3,3,7,18,10,22,9,12,26,16,37,47,60,173,8404,448,34,0,0,0,0,3,1
2021-01-27T23:59:59+01:00,0,0,26,38,191,257,214,388,193,529,199,302,261,221,663,815,1069,2813,1,0,2,3,6,14,9,20,8,11,25,15,31,41,50,132,8242,369,29,0,0,0,0,3,1
2021-01-26T23:59:59+01:00,0,0,23,38,188,246,208,375,188,511,196,293,255,216,641,798,1041,2762,1,0,1,3,6,14,9,20,8,11,24,12,30,37,49,115,8046,341,24,0,0,0,0,3,1
2021-01-25T23:59:59+01:00,0,0,23,37,179,243,205,365,183,501,191,282,245,211,618,778,1015,2717,1,0,1,3,4,12,8,17,8,10,21,10,26,36,41,104,7876,303,6,0,0,0,0,3,1
2021-01-24T23:59:59+01:00,0,0,22,36,177,240,202,364,182,499,190,280,245,209,614,773,1012,2712,1,0,1,3,3,12,8,17,8,10,21,10,26,36,40,102,7840,299,5,0,0,0,0,3,1
2021-01-23T23:59:59+01:00,0,0,22,36,177,240,200,364,182,498,190,280,245,209,613,773,1004,2699,1,0,1,3,3,11,8,17,7,10,21,10,26,36,40,102,7815,297,5,0,0,0,0,3,1
2021-01-22T23:59:59+01:00,0,0,21,35,175,236,199,364,182,497,189,280,245,207,611,771,976,2657,1,0,1,3,3,11,8,17,7,10,21,10,26,36,40,102,7728,297,5,0,0,0,0,3,1
2021-01-21T23:59:59+01:00,0,0,20,35,166,226,192,346,177,473,187,263,233,202,586,745,940,2603,1,0,1,3,1,6,7,11,5,6,20,8,22,26,35,85,7473,238,5,0,0,0,0,3,1
2021-01-20T23:59:59+01:00,0,0,19,33,151,200,174,305,147,415,173,240,215,191,543,699,871,2402,1,0,1,3,1,6,7,10,5,5,19,7,21,23,31,79,6848,220,4,0,0,0,0,3,1
2021-01-19T23:59:59+01:00,0,0,19,30,128,168,159,271,134,372,157,217,180,170,479,608,773,2128,1,0,1,3,1,6,5,7,3,3,11,3,10,15,22,57,6055,148,3,0,0,0,0,3,1
2021-01-18T23:59:59+01:00,0,0,16,29,113,150,137,227,116,323,140,190,142,155,388,503,638,1787,1,0,1,1,0,3,4,5,2,3,2,1,4,6,10,28,5112,71,3,0,0,0,0,3,1
2021-01-17T23:59:59+01:00,0,0,15,19,109,136,129,214,108,299,132,178,133,140,372,473,588,1684,1,0,0,0,0,1,2,4,2,2,1,1,3,1,2,5,4780,24,3,0,0,0,0,3,1
2021-01-16T23:59:59+01:00,0,0,13,15,105,133,127,209,105,289,130,172,130,136,367,465,571,1656,0,0,0,0,0,0,0,0,1,0,0,0,0,0,0,0,4674,0,0,0,0,0,0,3,1
2021-01-15T23:59:59+01:00,0,0,11,13,100,124,123,204,103,279,128,160,126,133,359,449,540,1612,0,0,0,0,0,0,0,0,1,0,0,0,0,0,0,0,4512,0,0,0,0,0,0,3,1
2021-01-14T23:59:59+01:00,0,0,9,9,75,91,104,167,85,234,112,143,114,111,306,399,475,1396,0,0,0,0,0,0,0,0,1,0,0,0,0,0,0,0,3867,0,0,0,0,0,0,3,1
2021-01-13T23:59:59+01:00,0,0,7,8,62,81,93,140,75,192,102,117,86,82,236,283,377,1066,0,0,0,0,0,0,0,0,1,0,0,0,0,0,0,0,3038,0,0,0,0,0,0,3,1
2021-01-12T23:59:59+01:00,0,0,5,6,53,61,76,110,67,135,80,93,70,66,166,203,274,747,0,0,0,0,0,0,0,0,1,0,0,0,0,0,0,0,2239,0,0,0,0,0,0,1,1
2021-01-11T23:59:59+01:00,0,0,4,4,45,48,63,81,53,108,58,65,50,45,96,123,145,421,0,0,0,0,0,0,0,0,1,0,0,0,0,0,0,0,1431,0,0,0,0,0,0,1,1
2021-01-10T23:59:59+01:00,0,0,3,4,41,36,47,67,39,86,48,56,45,35,79,109,136,367,0,0,0,0,0,0,0,0,1,0,0,0,0,0,0,0,1211,0,0,0,0,0,0,1,1
2021-01-09T23:59:59+01:00,0,0,3,3,38,35,42,64,36,76,42,51,44,35,79,107,133,365,0,0,0,0,0,0,0,0,1,0,0,0,0,0,0,0,1164,0,0,0,0,0,0,1,1
2021-01-08T23:59:59+01:00,0,0,3,2,31,27,35,57,29,63,37,45,42,32,74,104,129,354,0,0,0,0,0,0,0,0,1,0,0,0,0,0,0,0,1073,0,0,0,0,0,0,1,1
2021-01-07T23:59:59+01:00,0,0,3,2,9,3,10,20,12,27,13,22,35,23,52,69,89,251,0,0,0,0,0,0,0,0,1,0,0,0,0,0,0,0,643,0,0,0,0,0,0,0,1
2021-01-06T23:59:59+01:00,0,0,3,0,2,3,5,15,9,21,9,13,31,21,44,58,74,200,0,0,0,0,0,0,0,0,1,0,0,0,0,0,0,0,511,0,0,0,0,0,0,0,1
2021-01-05T23:59:59+01:00,0,0,2,0,1,3,5,14,9,19,9,12,30,20,43,57,71,192,0,0,0,0,0,0,0,0,1,0,0,0,0,0,0,0,490,0,0,0,0,0,0,0,1
2021-01-04T23:59:59+01:00,0,0,1,0,1,3,5,13,8,17,8,11,26,16,34,48,55,146,0,0,0,0,0,0,0,0,1,0,0,0,0,0,0,0,394,0,0,0,0,0,0,0,1
2021-01-03T23:59:59+01:00,0,0,1,0,1,3,4,13,8,17,7,11,26,16,34,48,55,145,0,0,0,0,0,0,0,0,1,0,0,0,0,0,0,0,391,0,0,0,0,0,0,0,1
2021-01-02T23:59:59+01:00,0,0,1,0,1,3,4,13,7,17,6,11,26,16,34,48,55,145,0,0,0,0,0,0,0,0,1,0,0,0,0,0,0,0,389,0,0,0,0,0,0,0,1
2021-01-01T23:59:59+01:00,0,0,1,0,1,3,4,13,7,17,6,11,26,16,34,48,55,145,0,0,0,0,0,0,0,0,1,0,0,0,0,0,0,0,389,0,0,0,0,0,0,0,1
2020-12-31T23:59:59+01:00,0,0,1,0,1,3,4,12,7,17,6,11,26,16,34,48,55,145,0,0,0,0,0,0,0,0,1,0,0,0,0,0,0,0,388,0,0,0,0,0,0,0,1
2020-12-30T23:59:59+01:00,0,0,1,0,1,3,4,12,7,16,6,11,26,16,34,48,55,145,0,0,0,0,0,0,0,0,1,0,0,0,0,0,0,0,387,0,0,0,0,0,0,0,1
2020-12-29T23:59:59+01:00,0,0,1,0,1,3,3,8,5,12,4,8,19,10,25,40,40,118,0,0,0,0,0,0,0,0,1,0,0,0,0,0,0,0,298,0,0,0,0,0,0,0,1
2020-12-28T23:59:59+01:00,0,0,1,0,1,1,1,2,3,6,3,4,11,3,8,15,24,58,0,0,0,0,0,0,0,0,1,0,0,0,0,0,0,0,142,0,0,0,0,0,0,0,1
2020-12-27T23:59:59+01:00,0,0,1,0,0,0,0,1,2,6,1,2,2,1,5,4,5,20,0,0,0,0,0,0,0,0,0,0,0,0,0,0,0,0,50,0,0,0,0,0,0,0,0
