Datum,<15_m,<15_w,15-24_1_m,15-24_1_w,25-34_1_m,25-34_1_w,35-44_1_m,35-44_1_w,45-54_1_m,45-54_1_w,55-64_1_m,55-64_1_w,65-74_1_m,65-74_1_w,75-84_1_m,75-84_1_w,>84_1_m,>84_1_w,<24_2_m,<24_2_w,25-34_2_m,25-34_2_w,35-44_2_m,35-44_2_w,45-54_2_m,45-54_2_w,55-64_2_m,55-64_2_w,65-74_2_m,65-74_2_w,75-84_2_m,75-84_2_w,>84_2_m,>84_2_w,bp_1,bp_2,mo_1,mo_2,az_1,az_2,ja,unb_1,unb_2
2021-07-18T23:59:59+02:00,59,63,2050,1947,6281,4617,6448,4453,5899,6478,4452,4973,2363,2538,3051,3138,2707,5134,1109,1050,3617,2798,3989,3000,3986,4773,3204,3907,1716,2012,2201,2407,1946,3803,46029,29592,7118,4705,8896,6311,5181,20,17
2021-07-17T23:59:59+02:00,57,60,2039,1939,6266,4604,6433,4440,5884,6465,4435,4966,2361,2537,3051,3137,2707,5133,1103,1043,3588,2769,3955,2984,3956,4744,3179,3899,1714,2009,2201,2405,1946,3803,45933,29452,7114,4665,8896,6308,5144,20,17
2021-07-16T23:59:59+02:00,57,57,2005,1918,6212,4578,6379,4409,5850,6425,4407,4938,2355,2533,3050,3136,2707,5133,1067,1029,3501,2731,3868,2947,3881,4695,3122,3856,1701,2000,2198,2403,1946,3802,45776,29158,7092,4646,8889,6248,4965,20,16
2021-07-15T23:59:59+02:00,55,53,1969,1895,6142,4547,6330,4372,5809,6378,4390,4913,2353,2531,3048,3133,2707,5133,1024,1002,3328,2640,3711,2857,3752,4603,3067,3796,1693,1992,2196,2399,1946,3802,45496,28546,7080,4472,8882,6187,4873,20,16
2021-07-14T23:59:59+02:00,54,51,1941,1884,6086,4517,6261,4343,5760,6339,4371,4895,2346,2526,3046,3131,2707,5133,983,972,3227,2566,3620,2803,3653,4542,3027,3755,1682,1985,2195,2396,1946,3802,45221,28116,7070,4384,8880,6129,4793,20,16
2021-07-13T23:59:59+02:00,51,49,1919,1861,6039,4492,6203,4309,5724,6293,4351,4879,2338,2521,3044,3131,2707,5133,959,944,3146,2496,3505,2740,3569,4460,2975,3695,1655,1978,2193,2392,1945,3800,44942,27677,7066,4262,8879,6050,4731,19,14
2021-07-12T23:59:59+02:00,48,48,1898,1842,5974,4452,6136,4269,5679,6258,4326,4855,2333,2518,3041,3131,2707,5133,931,927,3053,2426,3401,2684,3473,4388,2930,3650,1644,1967,2189,2384,1945,3800,44638,27278,7058,4152,8875,5978,4651,19,14
2021-07-11T23:59:59+02:00,44,48,1891,1831,5945,4436,6109,4252,5651,6242,4317,4848,2330,2513,3039,3131,2706,5133,925,912,3020,2389,3347,2659,3427,4363,2909,3637,1637,1955,2186,2380,1945,3800,44544,27123,7039,4125,8873,5926,4584,19,14
2021-07-10T23:59:59+02:00,43,47,1872,1805,5870,4397,6052,4221,5605,6206,4296,4838,2328,2510,3039,3128,2706,5132,910,898,2971,2355,3303,2633,3391,4334,2893,3625,1632,1949,2186,2379,1945,3800,44325,26969,7022,4124,8859,5916,4462,19,14
2021-07-09T23:59:59+02:00,42,45,1852,1789,5807,4361,6007,4201,5558,6174,4279,4817,2326,2506,3039,3127,2706,5132,891,885,2921,2313,3257,2605,3342,4299,2870,3598,1631,1936,2184,2378,1945,3800,44126,26784,6992,4097,8856,5869,4367,19,14
2021-07-08T23:59:59+02:00,38,42,1809,1751,5716,4308,5911,4150,5492,6113,4247,4785,2318,2497,3037,3124,2706,5132,825,837,2767,2236,3074,2533,3175,4207,2800,3534,1616,1921,2182,2369,1944,3799,43837,26324,6923,3831,8822,5757,4167,19,14
2021-07-07T23:59:59+02:00,38,41,1752,1715,5607,4246,5814,4106,5423,6058,4218,4738,2312,2488,3034,3120,2706,5132,784,810,2639,2171,2920,2467,3036,4111,2752,3471,1600,1897,2174,2362,1944,3797,43384,25835,6888,3630,8808,5689,4040,19,14
2021-07-06T23:59:59+02:00,36,41,1714,1687,5511,4200,5727,4066,5374,5993,4176,4704,2306,2482,3031,3116,2706,5132,752,783,2537,2077,2835,2412,2966,4025,2700,3417,1579,1869,2171,2357,1944,3797,42974,25372,6851,3539,8795,5615,3953,19,14
2021-07-05T23:59:59+02:00,34,41,1651,1647,5380,4132,5618,4031,5308,5940,4135,4670,2302,2477,3029,3115,2706,5130,716,756,2440,2007,2763,2370,2899,3956,2657,3365,1563,1852,2165,2348,1943,3794,42526,25023,6814,3484,8775,5541,3802,19,14
2021-07-04T23:59:59+02:00,34,41,1617,1615,5311,4100,5578,4006,5273,5920,4117,4652,2300,2475,3029,3113,2706,5129,682,733,2385,1964,2730,2348,2869,3923,2635,3345,1550,1834,2163,2347,1942,3794,42349,24895,6784,3429,8752,5472,3702,19,14
2021-07-03T23:59:59+02:00,33,31,1526,1553,5118,3953,5437,3922,5193,5836,4073,4616,2298,2472,3029,3109,2706,5129,646,712,2325,1923,2681,2328,2832,3879,2606,3320,1546,1827,2162,2343,1942,3792,41593,24733,6756,3427,8745,5449,3509,19,14
2021-07-02T23:59:59+02:00,29,27,1496,1521,5055,3917,5394,3891,5174,5813,4063,4599,2297,2466,3028,3108,2705,5129,630,691,2268,1879,2614,2289,2791,3833,2581,3282,1529,1811,2158,2337,1942,3790,41360,24472,6729,3401,8740,5356,3450,19,14
2021-07-01T23:59:59+02:00,25,23,1454,1495,4968,3858,5323,3851,5111,5752,4041,4574,2295,2462,3027,3107,2705,5128,566,655,2092,1813,2444,2213,2635,3731,2489,3198,1507,1792,2149,2325,1941,3788,40999,23762,6678,3202,8729,5267,3359,19,14
2021-06-30T23:59:59+02:00,25,22,1415,1459,4874,3783,5233,3812,5055,5706,4028,4551,2291,2455,3025,3104,2705,5128,535,627,1998,1756,2339,2170,2531,3647,2432,3124,1489,1769,2142,2313,1940,3787,40629,23333,6626,3092,8713,5155,3269,19,14
2021-06-29T23:59:59+02:00,25,19,1365,1393,4783,3705,5149,3762,5004,5649,4003,4522,2287,2451,3024,3104,2705,5127,511,595,1926,1689,2269,2109,2435,3536,2375,3076,1478,1738,2130,2300,1939,3784,40162,22884,6598,3026,8707,5053,3175,19,14
2021-06-28T23:59:59+02:00,24,18,1341,1343,4685,3655,5092,3718,4964,5613,3976,4497,2283,2444,3023,3102,2705,5127,501,577,1839,1633,2193,2055,2368,3459,2332,3029,1462,1721,2123,2294,1939,3782,39821,22585,6546,2898,8697,4961,3110,19,14
2021-06-27T23:59:59+02:00,24,18,1319,1320,4649,3625,5053,3692,4927,5597,3967,4490,2281,2440,3023,3101,2705,5127,490,564,1789,1597,2158,2038,2330,3424,2302,3013,1455,1710,2122,2285,1939,3782,39672,22458,6516,2846,8681,4887,3053,19,14
2021-06-26T23:59:59+02:00,18,14,1298,1300,4588,3582,4967,3651,4890,5567,3947,4476,2281,2438,3023,3099,2705,5127,484,557,1761,1578,2127,2021,2312,3405,2284,2996,1438,1700,2121,2283,1939,3782,39359,22269,6441,2844,8681,4867,3053,17,14
2021-06-25T23:59:59+02:00,15,7,1272,1266,4488,3517,4918,3627,4857,5542,3921,4465,2278,2437,3021,3098,2705,5127,477,538,1718,1557,2075,1958,2224,3279,2246,2904,1430,1682,2118,2279,1937,3781,38978,21873,6414,2822,8679,4696,3052,17,14
2021-06-24T23:59:59+02:00,13,6,1235,1223,4321,3413,4804,3578,4774,5502,3880,4438,2276,2434,3021,3097,2704,5127,442,519,1613,1495,1918,1897,2075,3204,2144,2813,1403,1662,2110,2274,1936,3778,38410,21409,6368,2536,8674,4620,2953,17,14
2021-06-23T23:59:59+02:00,13,6,1210,1197,4244,3372,4727,3533,4727,5464,3858,4405,2266,2429,3018,3095,2703,5127,412,502,1552,1445,1824,1854,1965,3113,2058,2729,1383,1640,2105,2268,1935,3776,38036,20923,6329,2464,8668,4488,2919,17,14
2021-06-22T23:59:59+02:00,13,6,1187,1184,4181,3317,4655,3493,4686,5422,3836,4380,2262,2423,3018,3094,2703,5127,399,485,1498,1411,1748,1806,1886,3008,1967,2651,1373,1616,2096,2256,1935,3772,37684,20538,6298,2354,8664,4348,2896,17,14
2021-06-21T23:59:59+02:00,13,6,1161,1152,4078,3239,4582,3454,4625,5364,3811,4363,2258,2410,3017,3089,2702,5125,385,471,1466,1379,1714,1766,1839,2931,1913,2578,1355,1583,2075,2234,1935,3769,37217,20280,6260,2267,8662,4211,2863,17,14
2021-06-20T23:59:59+02:00,13,4,1140,1130,4018,3189,4542,3438,4591,5347,3789,4353,2257,2408,3016,3089,2701,5125,370,459,1434,1356,1694,1745,1811,2905,1873,2544,1348,1570,2073,2228,1935,3768,36987,20127,6232,2232,8651,4151,2831,17,14
2021-06-19T23:59:59+02:00,12,4,1129,1114,3982,3166,4526,3419,4565,5327,3772,4344,2254,2406,3016,3088,2701,5125,365,455,1418,1343,1678,1724,1800,2882,1851,2517,1342,1563,2070,2227,1933,3767,36848,19990,6178,2205,8651,4145,2821,17,14
2021-06-18T23:59:59+02:00,8,1,1112,1096,3923,3132,4477,3385,4517,5291,3748,4333,2251,2402,3015,3086,2701,5125,356,446,1400,1326,1653,1695,1759,2836,1807,2466,1332,1553,2070,2222,1932,3764,36556,19725,6134,2203,8651,4105,2809,17,14
2021-06-17T23:59:59+02:00,7,1,1078,1072,3779,3066,4324,3320,4365,5212,3694,4290,2245,2399,3015,3085,2700,5125,329,429,1315,1297,1508,1638,1617,2747,1719,2394,1311,1535,2059,2211,1930,3762,36018,19301,6086,2119,8645,4028,2574,15,14
2021-06-16T23:59:59+02:00,7,1,1060,1045,3686,2989,4240,3274,4272,5156,3653,4260,2239,2396,3014,3082,2699,5124,317,411,1260,1264,1457,1609,1540,2668,1661,2329,1298,1509,2048,2198,1930,3757,35590,18936,5985,2053,8638,3957,2528,15,14
2021-06-15T23:59:59+02:00,7,1,1030,1016,3557,2921,4181,3227,4201,5084,3618,4230,2231,2389,3009,3080,2699,5123,309,388,1213,1223,1414,1570,1481,2611,1600,2262,1283,1483,2043,2185,1930,3756,35103,18644,5954,1979,8629,3885,2459,15,14
2021-06-14T23:59:59+02:00,7,1,1008,989,3474,2878,4099,3177,4126,5014,3567,4199,2227,2379,3009,3076,2698,5122,304,374,1178,1195,1375,1547,1443,2568,1552,2214,1273,1459,2038,2178,1929,3754,34682,18426,5870,1948,8625,3810,2411,15,14
2021-06-13T23:59:59+02:00,7,1,994,978,3431,2844,4051,3141,4080,4979,3550,4185,2226,2373,3008,3075,2698,5120,300,368,1148,1179,1346,1529,1401,2534,1526,2180,1260,1440,2032,2167,1929,3752,34450,18272,5840,1927,8621,3737,2367,15,14
2021-06-12T23:59:59+02:00,7,1,978,962,3405,2822,4024,3122,4065,4966,3535,4175,2223,2370,3007,3074,2698,5119,296,367,1143,1164,1332,1511,1384,2515,1503,2163,1251,1431,2023,2165,1929,3752,34280,18167,5829,1927,8621,3686,2359,15,14
2021-06-11T23:59:59+02:00,6,1,966,953,3369,2782,3953,3098,4029,4935,3510,4163,2222,2367,3006,3071,2698,5118,288,356,1125,1132,1310,1494,1343,2471,1455,2120,1241,1416,2021,2160,1929,3751,34015,17940,5804,1921,8618,3615,2343,15,14
2021-06-10T23:59:59+02:00,6,1,911,913,3268,2713,3830,3029,3942,4870,3462,4130,2219,2359,3004,3069,2697,5118,275,344,1069,1101,1250,1442,1281,2403,1382,2024,1215,1386,2017,2150,1929,3748,33489,17559,5696,1914,8602,3465,2281,15,14
2021-06-09T23:59:59+02:00,6,0,865,888,3152,2625,3701,2977,3852,4797,3421,4090,2215,2353,3001,3066,2697,5118,259,332,1013,1071,1191,1417,1223,2329,1318,1962,1193,1332,2010,2137,1928,3745,33037,17280,5543,1867,8598,3347,2167,15,14
2021-06-08T23:59:59+02:00,5,0,819,856,3032,2546,3583,2900,3754,4722,3367,4064,2208,2348,2998,3063,2696,5116,246,317,971,1033,1145,1388,1172,2276,1279,1894,1172,1300,1999,2121,1925,3741,32524,17067,5412,1822,8588,3223,2067,15,13
2021-06-07T23:59:59+02:00,4,0,795,834,2936,2479,3460,2870,3639,4660,3320,4040,2194,2344,2997,3061,2696,5114,240,311,928,1001,1096,1368,1128,2227,1217,1845,1159,1281,1986,2105,1924,3733,32178,16916,5248,1787,8583,3102,1940,15,13
2021-06-06T23:59:59+02:00,4,0,777,826,2884,2445,3386,2834,3573,4634,3294,4028,2191,2338,2995,3060,2694,5113,233,299,917,979,1070,1347,1114,2175,1191,1789,1144,1267,1980,2098,1922,3730,31989,16823,5124,1740,8579,2998,1886,15,13
2021-06-05T23:59:59+02:00,4,0,765,811,2821,2399,3344,2812,3540,4615,3281,4026,2191,2336,2995,3060,2694,5112,229,292,904,964,1052,1334,1092,2152,1162,1769,1129,1244,1980,2095,1922,3730,31749,16682,5119,1737,8574,2956,1865,15,13
2021-06-04T23:59:59+02:00,2,0,746,797,2781,2357,3277,2780,3480,4567,3256,4011,2187,2333,2993,3060,2694,5112,221,287,889,943,1037,1326,1070,2128,1141,1744,1114,1223,1973,2090,1922,3728,31455,16561,5078,1732,8572,2906,1826,15,13
2021-06-03T23:59:59+02:00,2,0,703,766,2641,2275,3109,2691,3312,4459,3171,3942,2179,2323,2989,3055,2694,5112,210,276,864,922,993,1285,1011,2048,1089,1689,1079,1184,1965,2076,1922,3726,30828,16373,4853,1718,8558,2753,1677,15,13
2021-06-02T23:59:59+02:00,2,0,679,761,2589,2219,3070,2664,3262,4412,3138,3920,2177,2320,2989,3054,2694,5112,199,272,851,905,967,1275,977,2021,1047,1648,1067,1151,1963,2073,1922,3726,30523,16181,4837,1705,8557,2724,1632,15,13
2021-06-01T23:59:59+02:00,2,0,639,733,2454,2118,2904,2581,3103,4317,3083,3860,2167,2312,2986,3049,2694,5112,190,260,782,866,894,1228,908,1923,1001,1577,1039,1096,1954,2062,1920,3721,29941,15922,4639,1668,8547,2537,1463,15,13
2021-05-31T23:59:59+02:00,2,0,609,713,2344,2056,2790,2514,3012,4232,3033,3815,2162,2299,2984,3046,2694,5111,179,249,746,840,849,1202,875,1853,966,1523,1019,1069,1948,2057,1918,3719,29588,15769,4421,1654,8531,2408,1348,15,13
2021-05-30T23:59:59+02:00,2,0,601,707,2302,2019,2738,2489,2974,4199,3015,3793,2159,2295,2984,3045,2693,5109,172,239,720,814,817,1167,848,1803,944,1471,1007,1054,1943,2049,1918,3717,29449,15684,4362,1644,8522,2258,1262,15,13
2021-05-29T23:59:59+02:00,2,0,599,705,2288,2005,2715,2479,2957,4181,3005,3784,2158,2294,2984,3045,2693,5109,169,231,714,806,799,1144,836,1754,932,1438,995,1036,1942,2044,1917,3717,29332,15609,4360,1644,8519,2124,1261,15,13
2021-05-28T23:59:59+02:00,2,0,594,695,2263,1972,2674,2454,2932,4164,2996,3769,2158,2290,2982,3040,2693,5109,167,224,705,796,789,1126,827,1719,903,1400,978,1009,1940,2036,1916,3715,29127,15461,4351,1642,8518,2051,1257,15,13
2021-05-27T23:59:59+02:00,2,0,552,678,2141,1926,2549,2391,2803,4092,2917,3719,2149,2277,2981,3038,2693,5106,154,210,648,749,716,1073,751,1623,840,1318,956,978,1926,2017,1915,3713,28688,15268,4227,1605,8493,1806,1065,15,12
2021-05-26T23:59:59+02:00,2,0,530,656,2048,1863,2396,2337,2679,4032,2863,3668,2138,2266,2977,3031,2690,5100,150,198,611,711,671,1039,713,1555,796,1264,941,952,1907,1984,1910,3707,28318,15057,4010,1596,8468,1677,934,15,12
2021-05-25T23:59:59+02:00,2,0,509,644,1970,1812,2301,2297,2578,3954,2817,3636,2126,2258,2974,3026,2689,5096,144,190,593,681,641,1005,672,1498,754,1205,923,931,1882,1951,1909,3703,27997,14860,3841,1562,8431,1545,871,15,11
2021-05-24T23:59:59+02:00,2,0,499,630,1920,1778,2232,2267,2516,3906,2768,3598,2115,2251,2968,3025,2686,5095,140,182,574,665,616,977,639,1443,733,1154,903,917,1876,1949,1904,3702,27836,14780,3695,1553,8399,1425,772,15,11
2021-05-23T23:59:59+02:00,2,0,496,629,1907,1770,2221,2255,2508,3893,2757,3583,2112,2248,2968,3023,2686,5095,139,181,570,660,610,974,623,1433,724,1148,899,911,1872,1945,1902,3698,27738,14712,3692,1547,8398,1416,770,15,11
2021-05-22T23:59:59+02:00,2,0,491,621,1888,1756,2194,2239,2487,3866,2731,3559,2105,2244,2967,3020,2686,5094,136,173,563,655,606,966,613,1429,720,1140,890,905,1865,1931,1902,3698,27543,14654,3691,1547,8396,1383,761,15,11
2021-05-21T23:59:59+02:00,2,0,480,608,1814,1726,2119,2198,2430,3822,2693,3519,2098,2232,2964,3019,2686,5093,136,170,559,648,595,958,601,1417,701,1122,877,882,1853,1926,1902,3697,27134,14571,3666,1546,8382,1322,758,15,11
2021-05-20T23:59:59+02:00,2,0,445,590,1684,1659,1997,2130,2314,3731,2613,3435,2079,2219,2956,3011,2684,5089,129,163,531,614,563,919,576,1361,672,1061,855,852,1842,1914,1900,3694,26507,14449,3556,1533,8314,1124,689,15,11
2021-05-19T23:59:59+02:00,2,0,410,557,1583,1592,1866,2070,2188,3635,2520,3347,2062,2203,2949,3006,2678,5088,116,155,504,594,531,885,547,1311,646,1003,836,833,1822,1884,1893,3689,25831,14281,3492,1513,8280,1029,571,15,11
2021-05-18T23:59:59+02:00,2,0,390,539,1508,1535,1776,2016,2081,3517,2433,3258,2050,2184,2941,2998,2677,5084,109,149,482,575,510,853,532,1235,628,941,824,806,1811,1865,1889,3682,25366,14159,3333,1476,8228,927,472,15,11
2021-05-17T23:59:59+02:00,2,0,371,528,1458,1502,1731,1972,2019,3425,2394,3191,2033,2166,2930,2990,2675,5081,104,142,464,561,503,819,523,1173,618,888,807,774,1806,1854,1888,3677,25097,14082,3226,1445,8171,831,382,15,11
2021-05-16T23:59:59+02:00,2,0,367,527,1433,1475,1700,1951,1981,3375,2343,3140,2019,2159,2927,2986,2675,5080,102,140,456,542,493,803,512,1127,599,848,780,746,1801,1850,1888,3676,24939,14034,3160,1413,8138,744,309,15,11
2021-05-15T23:59:59+02:00,2,0,362,524,1407,1459,1684,1931,1965,3353,2323,3111,2013,2159,2926,2984,2674,5080,102,137,454,542,493,802,507,1123,593,839,777,744,1797,1847,1888,3676,24762,14004,3160,1413,8134,736,305,14,11
2021-05-14T23:59:59+02:00,2,0,352,513,1382,1429,1644,1894,1891,3286,2281,3073,2007,2152,2923,2984,2672,5080,100,134,452,527,475,777,489,1092,581,824,764,730,1791,1839,1888,3675,24437,13951,3122,1398,8114,635,289,14,11
2021-05-13T23:59:59+02:00,2,0,334,499,1329,1386,1547,1854,1778,3203,2216,2991,1984,2135,2914,2980,2670,5074,96,131,441,520,465,763,484,1078,571,811,740,705,1778,1816,1887,3669,24034,13872,2919,1354,8067,598,263,14,11
2021-05-12T23:59:59+02:00,1,0,328,496,1312,1378,1532,1847,1758,3179,2203,2978,1981,2128,2908,2977,2670,5073,96,129,439,520,464,757,480,1074,569,805,733,693,1774,1809,1885,3669,23915,13824,2898,1346,8062,597,260,13,11
2021-05-11T23:59:59+02:00,1,0,312,477,1249,1346,1438,1814,1657,3084,2109,2911,1965,2102,2900,2966,2666,5072,90,119,425,494,444,732,462,1043,540,785,713,664,1763,1799,1883,3665,23535,13723,2746,1312,7961,509,207,13,11
2021-05-10T23:59:59+02:00,1,0,299,463,1213,1320,1391,1786,1595,3029,2059,2846,1954,2087,2891,2957,2665,5068,90,116,419,487,435,712,455,1021,536,762,705,649,1757,1793,1881,3661,23284,13667,2674,1306,7860,456,180,13,11
2021-05-09T23:59:59+02:00,1,0,295,453,1173,1303,1370,1772,1549,2994,2004,2807,1945,2074,2888,2951,2665,5063,87,114,412,479,428,705,446,1013,527,751,697,639,1751,1789,1880,3658,23078,13632,2624,1301,7816,411,159,13,11
2021-05-08T23:59:59+02:00,1,0,289,451,1166,1286,1349,1757,1530,2974,1973,2794,1939,2067,2886,2950,2663,5062,86,114,411,479,426,704,445,1008,527,745,695,638,1745,1779,1880,3658,22914,13616,2621,1293,7812,399,159,13,11
2021-05-07T23:59:59+02:00,1,0,279,444,1143,1261,1306,1738,1473,2917,1926,2746,1930,2057,2885,2945,2661,5057,83,111,400,466,416,678,432,974,507,719,690,615,1728,1765,1880,3654,22663,13554,2593,1270,7752,296,125,13,10
2021-05-06T23:59:59+02:00,1,0,264,433,1062,1225,1199,1681,1341,2807,1803,2659,1895,2029,2881,2932,2660,5053,81,105,387,452,405,663,420,953,489,700,678,601,1715,1752,1876,3647,22199,13489,2426,1252,7556,213,97,12,9
2021-05-05T23:59:59+02:00,1,0,251,421,1027,1201,1162,1646,1274,2742,1728,2585,1873,1998,2867,2917,2660,5041,81,101,380,444,401,651,413,942,484,683,660,589,1693,1732,1876,3644,21781,13416,2368,1230,7503,166,90,12,8
2021-05-04T23:59:59+02:00,1,0,244,411,993,1179,1125,1625,1232,2697,1679,2525,1854,1966,2857,2903,2650,5028,77,98,373,434,398,647,405,923,476,664,644,570,1677,1707,1872,3644,21461,13325,2307,1200,7461,128,84,12,7
2021-05-03T23:59:59+02:00,1,0,242,403,965,1158,1090,1610,1202,2665,1640,2490,1838,1938,2844,2894,2648,5022,73,92,361,429,390,639,401,915,470,657,630,560,1657,1683,1870,3640,21229,13236,2284,1192,7417,107,59,12,6
2021-05-02T23:59:59+02:00,1,0,236,401,952,1148,1064,1595,1182,2653,1625,2469,1831,1924,2839,2891,2646,5019,71,92,356,427,387,634,398,909,467,652,622,551,1638,1672,1870,3639,21113,13202,2269,1172,7384,94,44,12,6
2021-05-01T23:59:59+02:00,1,0,233,398,945,1140,1054,1587,1170,2640,1612,2451,1824,1918,2837,2887,2646,5019,71,92,356,426,386,634,397,905,467,651,620,551,1638,1672,1870,3639,20998,13195,2269,1172,7384,91,44,12,6
2021-04-30T23:59:59+02:00,1,0,231,392,935,1121,1033,1570,1139,2578,1561,2396,1811,1901,2831,2882,2645,5015,70,90,355,421,383,628,396,881,462,640,613,545,1635,1666,1870,3637,20714,13180,2264,1160,7380,67,13,12,5
2021-04-29T23:59:59+02:00,1,0,219,380,893,1101,999,1535,1093,2525,1474,2329,1767,1857,2822,2871,2641,5003,70,89,350,420,379,623,390,870,452,629,603,533,1620,1654,1864,3631,20271,13114,2228,1133,7324,46,12,12,5
2021-04-28T23:59:59+02:00,1,0,208,377,881,1087,970,1524,1060,2490,1409,2274,1732,1799,2811,2866,2639,5000,67,88,343,417,376,614,387,861,446,617,587,516,1606,1638,1864,3629,19980,13042,2189,1097,7271,33,11,12,5
2021-04-27T23:59:59+02:00,1,0,207,371,868,1074,957,1512,1036,2466,1390,2247,1704,1756,2805,2859,2637,4996,65,85,341,414,375,609,385,857,440,612,580,505,1594,1615,1860,3626,19791,12982,2164,1069,7239,28,11,11,5
2021-04-26T23:59:59+02:00,1,0,205,365,859,1067,948,1502,1011,2449,1340,2203,1686,1736,2795,2848,2634,4990,65,84,339,411,375,608,381,854,436,606,571,495,1579,1600,1858,3622,19614,12938,2150,1035,7179,26,11,11,5
2021-04-25T23:59:59+02:00,1,0,205,364,851,1058,937,1495,995,2434,1308,2172,1663,1714,2788,2841,2634,4989,64,83,339,406,372,607,379,850,434,605,569,489,1574,1591,1858,3620,19490,12921,2126,1017,7134,18,11,11,4
2021-04-24T23:59:59+02:00,1,0,201,360,841,1052,925,1482,984,2418,1280,2152,1654,1690,2785,2837,2634,4989,64,83,339,406,371,607,379,849,433,602,568,486,1573,1589,1858,3620,19338,12916,2126,1008,7120,18,11,11,4
2021-04-23T23:59:59+02:00,1,0,198,354,831,1042,918,1475,966,2405,1225,2111,1632,1664,2779,2831,2634,4986,63,82,339,406,371,606,378,846,430,598,561,478,1565,1581,1858,3615,19200,12892,2115,982,7030,18,11,11,4
2021-04-22T23:59:59+02:00,1,0,198,346,809,1024,897,1456,937,2363,1176,2054,1590,1620,2768,2811,2632,4977,63,81,338,402,366,600,375,836,425,593,551,471,1547,1569,1853,3610,18926,12827,2061,957,6961,11,11,11,4
2021-04-21T23:59:59+02:00,1,0,193,341,791,1011,875,1439,902,2327,1127,2011,1546,1564,2748,2790,2625,4969,61,79,335,400,365,597,372,831,422,586,546,465,1535,1547,1842,3605,18607,12757,2031,935,6908,11,11,11,4
2021-04-20T23:59:59+02:00,1,0,189,336,776,988,860,1420,883,2276,1094,1961,1495,1501,2721,2766,2619,4954,60,79,333,399,362,594,368,825,422,579,540,457,1513,1516,1839,3601,18317,12679,1961,913,6846,10,11,11,4
2021-04-19T23:59:59+02:00,1,0,187,328,765,976,848,1403,870,2250,1071,1930,1465,1458,2709,2753,2617,4949,60,78,332,397,358,589,365,816,417,569,536,451,1486,1491,1833,3589,18135,12590,1945,886,6784,7,10,11,4
2021-04-18T23:59:59+02:00,1,0,186,325,757,968,837,1394,852,2236,1050,1912,1435,1423,2700,2748,2611,4943,59,76,331,396,358,589,364,811,415,567,534,446,1477,1485,1830,3587,18020,12564,1916,870,6720,7,10,11,4
2021-04-17T23:59:59+02:00,1,0,184,321,754,966,832,1392,845,2232,1045,1905,1418,1399,2695,2741,2611,4943,59,73,329,393,357,589,362,807,415,564,531,440,1469,1478,1830,3586,17947,12523,1915,868,6699,7,10,11,4
2021-04-16T23:59:59+02:00,1,0,183,320,748,960,820,1376,834,2212,1011,1865,1369,1336,2684,2726,2607,4936,54,71,326,387,356,587,358,795,408,550,508,412,1458,1457,1819,3573,17737,12422,1900,805,6628,6,10,10,4
2021-04-15T23:59:59+02:00,1,0,182,316,727,945,803,1365,810,2168,970,1828,1324,1287,2656,2700,2592,4920,52,71,322,381,351,586,350,790,398,547,494,404,1427,1425,1807,3558,17476,12314,1887,758,6505,5,10,9,4
2021-04-14T23:59:59+02:00,1,0,181,310,719,938,796,1352,799,2136,955,1801,1271,1247,2610,2635,2579,4904,50,67,318,378,349,582,347,782,389,536,479,390,1395,1395,1800,3540,17208,12189,1868,717,6429,5,10,8,4
2021-04-13T23:59:59+02:00,1,0,177,305,711,934,786,1342,789,2111,924,1775,1218,1180,2558,2578,2571,4889,48,67,315,375,341,578,340,774,381,528,466,382,1370,1374,1792,3529,16976,12096,1818,673,6325,4,10,7,4
2021-04-12T23:59:59+02:00,1,0,177,304,707,930,778,1330,768,2090,910,1755,1175,1146,2539,2548,2567,4875,47,63,305,369,336,572,335,766,376,522,451,372,1354,1361,1789,3521,16851,12013,1798,633,6219,4,10,6,4
2021-04-11T23:59:59+02:00,0,0,176,303,702,922,771,1325,759,2076,895,1739,1154,1122,2519,2526,2562,4868,46,61,300,367,334,570,334,762,371,515,446,363,1339,1357,1785,3514,16793,11963,1774,607,6118,3,10,6,4
2021-04-10T23:59:59+02:00,0,0,176,302,702,920,769,1324,753,2067,888,1734,1144,1108,2507,2511,2562,4868,41,56,277,355,319,555,320,751,356,505,434,356,1327,1338,1780,3508,16741,11789,1766,591,6093,3,10,6,4
2021-04-09T23:59:59+02:00,0,0,176,298,697,917,760,1302,745,1985,872,1652,1100,1042,2470,2485,2559,4860,34,54,263,341,301,544,302,737,343,489,417,348,1287,1309,1768,3494,16599,11569,1733,561,5851,3,8,5,4
2021-04-08T23:59:59+02:00,0,0,175,295,693,912,754,1296,732,1968,850,1632,1041,969,2415,2450,2547,4850,34,52,256,327,287,536,286,722,318,471,391,325,1238,1274,1744,3461,16445,11290,1676,528,5722,3,7,5,4
2021-04-07T23:59:59+02:00,0,0,169,292,685,906,748,1283,716,1942,837,1603,991,916,2365,2395,2539,4834,32,49,239,311,277,530,278,709,304,458,363,307,1192,1237,1725,3423,16264,11028,1636,497,5582,3,7,5,4
2021-04-06T23:59:59+02:00,0,0,165,291,679,902,736,1269,697,1919,812,1579,959,872,2325,2346,2531,4824,30,48,238,308,275,527,268,706,294,453,352,293,1165,1207,1705,3402,16152,10898,1604,464,5408,3,7,5,4
2021-04-05T23:59:59+02:00,0,0,165,291,678,896,732,1260,688,1903,803,1564,934,848,2299,2305,2526,4816,30,48,237,304,274,523,265,699,289,451,350,286,1134,1183,1697,3383,16094,10808,1589,435,5279,3,7,5,4
2021-04-04T23:59:59+02:00,0,0,164,288,677,890,727,1249,679,1887,796,1544,926,834,2294,2299,2526,4815,30,48,237,304,273,523,265,699,289,451,348,286,1117,1170,1693,3379,16072,10767,1587,435,5191,3,7,4,4
2021-04-03T23:59:59+02:00,0,0,164,288,677,890,725,1247,678,1883,789,1541,916,825,2288,2290,2523,4814,30,48,237,304,273,523,265,698,289,449,348,286,1117,1165,1693,3376,16032,10756,1587,435,5173,3,7,4,4
2021-04-02T23:59:59+02:00,0,0,164,287,677,889,724,1244,675,1875,781,1530,904,816,2268,2269,2521,4811,30,48,234,304,271,521,262,691,281,444,344,285,1096,1137,1682,3349,15965,10640,1575,428,5148,3,7,4,4
2021-04-01T23:59:59+02:00,0,0,161,284,672,878,712,1231,669,1855,764,1509,877,784,2232,2224,2515,4792,29,47,226,301,269,517,259,684,275,439,333,277,1060,1098,1649,3306,15845,10443,1514,414,5050,3,7,4,4
2021-03-31T23:59:59+02:00,0,0,158,281,665,872,702,1217,661,1809,752,1470,863,767,2194,2166,2494,4773,29,47,225,300,264,515,255,682,266,430,319,272,997,1045,1625,3274,15732,10238,1459,396,4904,3,6,4,4
2021-03-30T23:59:59+02:00,0,0,155,274,661,864,699,1196,653,1770,743,1428,845,749,2149,2103,2480,4751,29,46,222,297,262,512,253,676,261,422,309,266,966,1017,1603,3238,15597,10087,1418,378,4754,3,6,4,4
2021-03-29T23:59:59+02:00,0,0,152,268,656,851,694,1184,643,1738,730,1389,828,732,2082,2040,2459,4721,29,46,221,296,261,510,249,670,253,411,302,261,941,996,1590,3211,15403,9964,1375,368,4637,3,6,4,4
2021-03-28T23:59:59+02:00,0,0,144,253,645,844,689,1175,638,1718,725,1374,822,713,2042,2001,2454,4709,29,45,218,296,257,504,245,667,252,408,300,259,930,986,1584,3203,15335,9908,1326,360,4533,3,6,4,4
2021-03-27T23:59:59+01:00,0,0,144,250,641,839,685,1171,632,1706,723,1367,814,700,2033,1990,2454,4708,29,45,218,296,257,504,245,661,250,403,298,258,923,976,1567,3179,15290,9844,1317,350,4497,3,6,4,4
2021-03-26T23:59:59+01:00,0,0,142,249,633,828,680,1156,623,1688,715,1338,796,682,2009,1965,2444,4698,29,45,218,296,256,502,245,661,244,391,293,251,893,944,1534,3130,15187,9669,1282,350,4421,3,4,4,4
2021-03-25T23:59:59+01:00,0,0,139,248,624,819,664,1135,608,1654,697,1296,777,662,1967,1924,2428,4680,29,45,215,291,255,501,238,658,242,389,285,247,854,913,1474,3053,15079,9439,1228,336,4257,2,4,4,4
2021-03-24T23:59:59+01:00,0,0,136,241,611,807,660,1124,599,1617,683,1263,754,646,1927,1881,2411,4656,29,45,214,290,254,499,236,658,236,386,278,241,811,889,1424,2961,14950,9218,1194,320,4113,2,3,4,4
2021-03-23T23:59:59+01:00,0,0,134,239,605,800,646,1112,589,1595,671,1225,736,632,1890,1850,2396,4638,28,44,212,289,252,495,229,653,233,379,268,237,787,866,1347,2863,14861,8958,1165,309,3971,2,3,4,4
2021-03-22T23:59:59+01:00,0,0,131,234,587,783,629,1094,579,1563,656,1199,727,619,1860,1826,2385,4622,28,43,211,287,250,494,228,645,232,375,265,232,762,845,1256,2758,14782,8699,1134,297,3816,2,3,4,4
2021-03-21T23:59:59+01:00,0,0,129,232,583,776,625,1091,575,1539,645,1165,721,609,1836,1820,2379,4606,28,43,210,287,249,492,227,644,231,373,263,229,756,842,1247,2749,14751,8666,1113,288,3701,2,3,4,4
2021-03-20T23:59:59+01:00,0,0,127,232,578,773,622,1089,572,1536,643,1163,718,600,1815,1798,2372,4594,28,43,210,287,249,492,226,642,228,367,261,227,747,836,1230,2736,14691,8615,1105,278,3668,2,3,4,4
2021-03-19T23:59:59+01:00,0,0,118,220,573,760,616,1083,570,1519,626,1149,685,559,1759,1758,2343,4573,27,43,210,286,248,492,225,636,225,364,259,221,722,817,1195,2683,14531,8473,1033,263,3575,2,3,4,4
2021-03-18T23:59:59+01:00,0,0,115,215,556,750,596,1051,551,1469,598,1101,651,534,1710,1710,2316,4531,27,43,208,284,246,485,225,630,222,355,257,213,705,805,1163,2641,14343,8347,971,244,3362,2,3,4,4
2021-03-17T23:59:59+01:00,0,0,110,209,545,737,586,1046,542,1455,584,1082,629,513,1667,1675,2295,4492,27,42,208,283,245,482,224,629,221,352,256,211,693,793,1128,2595,14146,8231,927,238,3311,2,3,4,4
2021-03-16T23:59:59+01:00,0,0,105,203,534,726,573,1035,530,1417,568,1054,611,489,1615,1623,2274,4457,27,41,208,281,245,477,224,627,219,351,252,211,678,775,1099,2540,13973,8100,875,235,3178,2,2,4,4
2021-03-15T23:59:59+01:00,0,0,101,196,519,711,562,1010,519,1382,554,1017,594,472,1575,1589,2252,4433,26,41,207,278,245,474,222,625,217,351,244,207,660,763,1075,2504,13825,8000,821,221,3051,2,0,4,4
2021-03-14T23:59:59+01:00,0,0,97,184,510,697,551,988,511,1338,539,972,576,457,1548,1568,2236,4408,26,41,207,276,244,473,221,620,216,346,242,203,656,756,1067,2489,13721,7973,787,192,2879,2,0,4,4
2021-03-13T23:59:59+01:00,0,0,93,173,484,676,522,962,485,1317,517,951,551,449,1523,1545,2228,4400,26,41,207,276,244,473,220,619,216,345,241,203,651,747,1038,2460,13501,7896,773,191,2796,2,0,4,4
2021-03-12T23:59:59+01:00,0,0,84,167,458,647,501,935,464,1282,492,917,521,431,1470,1498,2206,4361,26,41,207,275,244,472,220,619,216,344,238,201,639,735,1013,2433,13202,7810,744,191,2675,2,0,4,3
2021-03-11T23:59:59+01:00,0,0,79,156,427,610,466,903,426,1207,458,856,491,398,1395,1433,2158,4302,26,41,206,272,239,468,219,615,212,341,234,199,624,717,989,2392,12829,7732,691,140,2418,2,0,4,3
2021-03-10T23:59:59+01:00,0,0,77,150,405,586,448,885,410,1171,431,814,462,375,1318,1369,2119,4245,26,41,204,267,235,462,217,609,212,339,231,196,605,709,966,2353,12496,7624,658,125,2281,2,0,4,3
2021-03-09T23:59:59+01:00,0,0,76,147,396,566,426,856,397,1122,413,783,442,358,1270,1337,2078,4201,26,41,203,264,233,454,214,605,209,335,229,195,594,702,948,2323,12281,7545,632,106,2112,2,0,4,3
2021-03-08T23:59:59+01:00,0,0,73,142,383,548,408,838,385,1070,402,741,426,344,1216,1302,2054,4163,26,41,203,263,230,449,210,600,205,331,227,195,582,697,938,2312,12097,7495,595,90,1957,1,0,4,3
2021-03-07T23:59:59+01:00,0,0,70,138,380,538,400,822,373,1055,396,735,423,339,1204,1284,2045,4154,26,41,203,262,230,447,208,599,205,330,226,194,578,694,930,2305,12032,7466,569,88,1906,0,0,4,3
2021-03-06T23:59:59+01:00,0,0,70,132,377,534,393,801,367,1002,389,702,421,338,1197,1273,2030,4139,26,41,203,262,229,446,208,598,205,330,226,194,575,694,928,2292,11977,7458,569,75,1768,0,0,4,3
2021-03-05T23:59:59+01:00,0,0,70,127,373,528,389,796,365,986,378,676,410,325,1158,1231,1986,4080,26,41,202,261,228,445,207,596,204,328,224,193,570,693,920,2271,11764,7435,547,49,1709,0,0,4,3
2021-03-04T23:59:59+01:00,0,0,70,116,364,496,375,763,345,945,364,646,393,323,1106,1181,1904,3987,26,41,200,256,226,438,205,585,201,327,223,192,568,690,917,2268,11467,7388,514,48,1537,0,0,4,3
2021-03-03T23:59:59+01:00,0,0,66,109,355,481,368,747,340,923,350,626,383,315,1062,1148,1835,3866,26,41,200,255,225,436,203,575,201,320,222,189,563,687,910,2263,11197,7346,487,43,1426,0,0,4,3
2021-03-02T23:59:59+01:00,0,0,63,103,345,469,355,729,329,903,343,598,370,308,1027,1118,1738,3745,25,41,200,255,225,429,198,569,199,317,220,189,561,679,903,2250,10874,7288,463,43,1335,0,0,4,3
2021-03-01T23:59:59+01:00,0,0,62,101,339,456,348,711,318,878,336,564,365,304,1001,1087,1621,3592,25,40,199,255,223,420,196,561,199,313,219,189,559,673,894,2242,10538,7234,442,43,1229,0,0,4,3
2021-02-28T23:59:59+01:00,0,0,62,99,332,447,345,703,316,854,332,544,360,292,993,1083,1611,3580,25,40,198,254,222,420,196,561,199,313,218,189,559,670,891,2239,10494,7221,431,43,1152,0,0,4,3
2021-02-27T23:59:59+01:00,0,0,59,90,328,438,341,701,310,842,328,534,356,288,984,1072,1590,3559,25,40,198,253,222,419,195,560,198,312,218,189,559,670,891,2239,10426,7220,419,38,1097,0,0,4,3
2021-02-26T23:59:59+01:00,0,0,57,87,321,414,316,669,291,812,316,513,352,284,960,1052,1549,3497,25,39,198,252,222,417,193,557,195,310,218,189,559,670,890,2236,10269,7202,416,38,922,0,0,4,2
2021-02-25T23:59:59+01:00,0,0,50,76,309,396,306,639,284,784,304,487,343,274,943,1033,1512,3452,25,39,197,250,218,414,190,549,190,309,213,186,548,662,879,2230,10122,7141,402,28,782,0,0,4,2
2021-02-24T23:59:59+01:00,0,0,46,72,300,384,299,626,279,770,300,477,336,273,923,1021,1465,3393,24,39,195,248,215,401,188,541,187,304,211,183,542,656,877,2217,9975,7076,388,20,713,0,0,4,2
2021-02-23T23:59:59+01:00,0,0,43,63,287,370,290,607,274,751,290,467,329,271,895,1003,1425,3320,23,39,194,246,213,396,187,535,183,302,210,182,540,646,871,2198,9803,7016,369,16,623,0,0,4,2
2021-02-22T23:59:59+01:00,0,0,40,60,280,358,286,597,271,740,286,463,322,264,874,988,1396,3284,23,37,190,243,210,383,179,525,178,299,207,180,528,638,864,2181,9685,6926,353,5,580,0,0,4,2
2021-02-21T23:59:59+01:00,0,0,39,59,276,351,284,588,267,732,280,459,319,262,869,983,1389,3275,23,36,189,241,210,381,179,516,178,297,207,180,524,637,856,2168,9659,6882,345,5,533,0,0,4,2
2021-02-20T23:59:59+01:00,0,0,38,59,273,350,284,585,266,726,277,451,318,262,856,972,1357,3244,23,36,189,241,210,381,179,516,177,296,207,180,523,637,854,2167,9575,6876,334,5,511,0,0,4,2
2021-02-19T23:59:59+01:00,0,0,37,59,269,345,278,562,257,701,272,438,314,257,834,955,1323,3214,23,35,189,241,209,380,179,515,176,296,206,179,518,636,849,2150,9471,6841,319,5,424,0,0,3,2
2021-02-18T23:59:59+01:00,0,0,37,56,251,325,269,541,248,680,255,411,311,248,823,938,1298,3182,23,34,185,234,207,374,175,499,174,285,203,174,503,622,812,2083,9386,6647,293,5,291,0,0,3,2
2021-02-17T23:59:59+01:00,0,0,37,54,244,319,266,527,243,667,252,389,307,243,803,927,1269,3135,21,32,182,229,199,360,171,482,169,273,195,169,492,607,793,2044,9254,6477,283,4,239,0,0,3,2
2021-02-16T23:59:59+01:00,0,0,36,49,233,308,263,516,237,652,246,382,302,241,792,916,1244,3104,19,32,173,221,191,341,165,470,165,259,192,162,459,576,758,1976,9162,6217,275,4,176,0,0,3,2
2021-02-15T23:59:59+01:00,0,0,35,48,227,305,256,503,233,646,243,374,299,239,774,908,1232,3085,18,30,168,215,186,334,160,460,159,252,182,157,429,547,722,1906,9099,5983,261,4,139,0,0,3,2
2021-02-14T23:59:59+01:00,0,0,33,48,225,302,254,497,231,641,243,370,299,235,767,902,1223,3066,17,30,166,212,183,329,159,448,157,249,181,154,421,538,704,1863,9077,5868,228,4,122,0,0,3,2
2021-02-13T23:59:59+01:00,0,0,32,48,225,302,253,497,231,640,243,370,299,235,765,901,1222,3066,17,30,164,211,180,329,158,446,156,246,179,151,416,535,696,1848,9071,5821,228,1,121,0,0,3,2
2021-02-12T23:59:59+01:00,0,0,31,46,222,297,250,488,227,629,240,364,298,234,759,900,1219,3056,17,30,162,208,179,328,156,444,154,245,177,147,413,519,665,1782,9043,5685,228,1,78,0,0,3,2
2021-02-11T23:59:59+01:00,0,0,30,45,214,278,243,472,220,605,227,350,294,233,751,883,1194,3023,17,29,145,189,171,297,146,398,148,224,160,131,367,471,602,1614,8971,5164,161,1,17,0,0,3,2
2021-02-10T23:59:59+01:00,0,0,30,45,210,271,241,465,217,596,224,343,291,233,739,880,1186,3013,16,27,133,167,158,259,127,349,137,200,144,122,340,440,541,1489,8917,4698,146,1,7,0,0,3,0
2021-02-09T23:59:59+01:00,0,0,29,43,209,268,239,452,213,589,220,340,287,229,735,873,1177,3000,16,26,118,141,145,236,109,307,123,173,126,114,308,384,486,1331,8863,4187,122,1,3,0,0,3,0
2021-02-08T23:59:59+01:00,0,0,29,43,208,266,233,438,210,578,217,335,282,229,728,868,1171,2993,14,24,102,120,124,193,91,264,115,161,103,105,269,332,424,1196,8800,3678,107,1,3,0,0,3,0
2021-02-07T23:59:59+01:00,0,0,29,42,206,264,231,437,210,575,217,334,282,229,727,865,1166,2990,13,18,98,114,117,182,86,247,110,152,96,100,262,319,408,1146,8780,3506,104,1,0,0,0,3,0
2021-02-06T23:59:59+01:00,0,0,29,42,206,264,231,436,210,575,217,333,281,229,726,865,1165,2978,10,14,97,112,116,178,84,240,110,150,95,99,262,315,397,1131,8777,3445,90,1,0,0,0,3,0
2021-02-05T23:59:59+01:00,0,0,28,41,206,264,231,435,208,572,215,332,280,229,724,865,1153,2951,9,10,89,104,112,175,83,236,104,138,92,97,253,310,373,1102,8757,3320,55,0,0,0,0,3,0
2021-02-04T23:59:59+01:00,0,0,28,41,204,263,227,430,203,566,213,328,277,226,718,859,1144,2940,8,7,61,72,88,131,71,199,84,119,88,83,221,274,329,975,8690,2834,55,0,0,0,0,3,0
2021-02-03T23:59:59+01:00,0,0,28,40,204,261,226,418,200,560,212,325,275,224,708,856,1137,2925,5,4,45,54,69,108,54,155,71,90,63,58,166,200,248,712,8627,2121,50,0,0,0,0,3,0
2021-02-02T23:59:59+01:00,0,0,27,40,203,259,223,412,199,555,209,324,272,223,700,847,1130,2900,3,3,29,38,54,77,41,99,53,66,54,47,119,134,165,470,8550,1466,49,0,0,0,0,3,0
2021-02-01T23:59:59+01:00,0,0,26,38,201,259,220,407,196,549,205,317,271,220,693,844,1125,2888,3,1,22,21,27,45,27,62,29,35,38,29,72,86,95,283,8486,883,49,0,0,0,0,3,0
2021-01-31T23:59:59+01:00,0,0,26,38,201,257,218,403,194,541,204,315,270,220,689,840,1119,2873,3,1,20,16,18,37,20,49,21,31,35,23,57,74,92,254,8435,757,48,0,0,0,0,3,0
2021-01-30T23:59:59+01:00,0,0,26,38,201,257,218,403,193,541,204,315,270,220,688,840,1118,2871,3,1,19,15,16,37,18,45,19,30,34,22,57,71,90,248,8431,730,47,0,0,0,0,3,0
2021-01-29T23:59:59+01:00,0,0,26,38,201,254,217,402,192,540,202,313,270,220,683,837,1112,2863,3,0,16,10,11,31,17,40,15,27,34,21,54,70,88,242,8403,682,43,0,0,0,0,2,0
2021-01-28T23:59:59+01:00,0,0,26,37,194,251,217,396,191,531,199,308,269,220,671,829,1089,2843,3,0,3,3,6,18,9,22,7,13,26,15,37,47,58,171,8313,439,34,0,0,0,0,2,0
2021-01-27T23:59:59+01:00,0,0,25,35,189,246,212,387,189,517,196,298,261,214,657,812,1065,2805,1,0,2,3,5,14,8,20,6,12,25,14,31,41,49,130,8151,361,29,0,0,0,0,2,0
2021-01-26T23:59:59+01:00,0,0,22,35,186,235,206,374,184,499,193,290,255,209,635,795,1037,2754,1,0,1,3,5,14,8,20,6,12,24,11,30,37,48,113,7956,333,24,0,0,0,0,2,0
2021-01-25T23:59:59+01:00,0,0,22,34,178,233,203,364,179,489,188,279,245,205,612,775,1011,2709,1,0,1,3,4,12,7,17,6,11,21,10,26,36,40,102,7789,297,6,0,0,0,0,2,0
2021-01-24T23:59:59+01:00,0,0,21,33,176,230,201,363,178,487,187,277,245,203,608,770,1008,2704,1,0,1,3,3,12,7,17,6,11,21,10,26,36,39,100,7754,293,5,0,0,0,0,2,0
2021-01-23T23:59:59+01:00,0,0,21,33,176,230,199,363,178,486,187,277,245,203,607,770,1000,2691,1,0,1,3,3,11,7,17,5,11,21,10,26,36,39,100,7729,291,5,0,0,0,0,2,0
2021-01-22T23:59:59+01:00,0,0,20,32,174,226,198,363,178,485,186,277,245,201,605,768,972,2649,1,0,1,3,3,11,7,17,5,11,21,10,26,36,39,100,7642,291,5,0,0,0,0,2,0
2021-01-21T23:59:59+01:00,0,0,19,32,165,218,191,346,173,463,184,261,233,196,580,743,935,2596,1,0,1,3,1,6,7,12,3,7,20,8,22,26,34,83,7395,234,5,0,0,0,0,2,0
2021-01-20T23:59:59+01:00,0,0,18,30,151,194,176,304,144,407,170,237,215,184,538,697,867,2396,1,0,1,3,1,6,7,11,3,6,19,7,21,23,30,77,6782,216,4,0,0,0,0,2,0
2021-01-19T23:59:59+01:00,0,0,18,28,128,164,160,270,131,366,155,214,180,164,475,606,769,2122,1,0,1,3,1,6,5,7,1,4,11,3,10,15,21,55,5998,144,3,0,0,0,0,2,0
2021-01-18T23:59:59+01:00,0,0,15,27,113,147,138,226,114,317,138,187,142,149,385,501,633,1779,1,0,1,1,0,3,4,5,0,4,2,1,4,6,10,28,5056,70,3,0,0,0,0,2,0
2021-01-17T23:59:59+01:00,0,0,14,17,109,133,130,213,106,293,131,176,133,135,370,471,583,1678,1,0,0,0,0,1,2,4,0,2,1,1,3,1,2,5,4730,23,3,0,0,0,0,2,0
2021-01-16T23:59:59+01:00,0,0,12,13,105,130,128,208,103,283,129,170,130,131,365,463,566,1650,0,0,0,0,0,0,0,0,0,0,0,0,0,0,0,0,4624,0,0,0,0,0,0,2,0
2021-01-15T23:59:59+01:00,0,0,10,11,100,121,124,203,101,274,127,158,126,128,358,448,536,1606,0,0,0,0,0,0,0,0,0,0,0,0,0,0,0,0,4466,0,0,0,0,0,0,2,0
2021-01-14T23:59:59+01:00,0,0,8,7,75,88,104,166,83,228,110,141,114,107,306,398,471,1390,0,0,0,0,0,0,0,0,0,0,0,0,0,0,0,0,3823,0,0,0,0,0,0,2,0
2021-01-13T23:59:59+01:00,0,0,6,6,63,78,93,139,73,189,100,116,86,78,236,283,373,1060,0,0,0,0,0,0,0,0,0,0,0,0,0,0,0,0,3002,0,0,0,0,0,0,2,0
2021-01-12T23:59:59+01:00,0,0,5,5,53,60,76,110,65,132,78,91,70,62,166,202,270,740,0,0,0,0,0,0,0,0,0,0,0,0,0,0,0,0,2207,0,0,0,0,0,0,0,0
2021-01-11T23:59:59+01:00,0,0,4,3,45,48,63,80,51,106,56,64,50,41,96,123,141,416,0,0,0,0,0,0,0,0,0,0,0,0,0,0,0,0,1405,0,0,0,0,0,0,0,0
2021-01-10T23:59:59+01:00,0,0,3,3,41,36,46,67,36,84,46,55,45,31,79,109,132,363,0,0,0,0,0,0,0,0,0,0,0,0,0,0,0,0,1187,0,0,0,0,0,0,0,0
2021-01-09T23:59:59+01:00,0,0,3,2,38,35,41,64,33,74,40,50,44,31,79,107,129,361,0,0,0,0,0,0,0,0,0,0,0,0,0,0,0,0,1140,0,0,0,0,0,0,0,0
2021-01-08T23:59:59+01:00,0,0,3,2,31,27,34,57,28,62,35,44,42,29,74,104,126,350,0,0,0,0,0,0,0,0,0,0,0,0,0,0,0,0,1055,0,0,0,0,0,0,0,0
2021-01-07T23:59:59+01:00,0,0,3,2,9,3,9,20,11,28,11,22,35,20,52,69,87,248,0,0,0,0,0,0,0,0,0,0,0,0,0,0,0,0,630,0,0,0,0,0,0,0,0
2021-01-06T23:59:59+01:00,0,0,3,0,2,3,5,15,8,22,7,13,31,18,44,58,73,197,0,0,0,0,0,0,0,0,0,0,0,0,0,0,0,0,500,0,0,0,0,0,0,0,0
2021-01-05T23:59:59+01:00,0,0,2,0,1,3,5,14,8,20,7,12,30,17,43,57,70,189,0,0,0,0,0,0,0,0,0,0,0,0,0,0,0,0,479,0,0,0,0,0,0,0,0
2021-01-04T23:59:59+01:00,0,0,1,0,1,3,5,13,7,18,6,11,26,14,34,48,54,143,0,0,0,0,0,0,0,0,0,0,0,0,0,0,0,0,384,0,0,0,0,0,0,0,0
2021-01-03T23:59:59+01:00,0,0,1,0,1,3,4,13,7,18,6,11,26,14,34,48,54,142,0,0,0,0,0,0,0,0,0,0,0,0,0,0,0,0,382,0,0,0,0,0,0,0,0
2021-01-02T23:59:59+01:00,0,0,1,0,1,3,4,13,7,18,5,11,26,14,34,48,54,142,0,0,0,0,0,0,0,0,0,0,0,0,0,0,0,0,381,0,0,0,0,0,0,0,0
2021-01-01T23:59:59+01:00,0,0,1,0,1,3,4,13,7,18,5,11,26,14,34,48,54,142,0,0,0,0,0,0,0,0,0,0,0,0,0,0,0,0,381,0,0,0,0,0,0,0,0
2020-12-31T23:59:59+01:00,0,0,1,0,1,3,4,12,7,18,5,11,26,14,34,48,54,142,0,0,0,0,0,0,0,0,0,0,0,0,0,0,0,0,380,0,0,0,0,0,0,0,0
2020-12-30T23:59:59+01:00,0,0,1,0,1,3,4,12,7,17,5,11,26,14,34,48,54,142,0,0,0,0,0,0,0,0,0,0,0,0,0,0,0,0,379,0,0,0,0,0,0,0,0
2020-12-29T23:59:59+01:00,0,0,1,0,1,3,3,8,5,12,3,8,19,10,25,40,39,115,0,0,0,0,0,0,0,0,0,0,0,0,0,0,0,0,292,0,0,0,0,0,0,0,0
2020-12-28T23:59:59+01:00,0,0,1,0,1,1,1,2,3,6,2,5,11,3,8,15,24,58,0,0,0,0,0,0,0,0,0,0,0,0,0,0,0,0,141,0,0,0,0,0,0,0,0
2020-12-27T23:59:59+01:00,0,0,1,0,0,0,0,1,2,6,0,2,2,1,5,4,5,20,0,0,0,0,0,0,0,0,0,0,0,0,0,0,0,0,49,0,0,0,0,0,0,0,0
