Datum,<15_m,<15_w,15-24_1_m,15-24_1_w,25-34_1_m,25-34_1_w,35-44_1_m,35-44_1_w,45-54_1_m,45-54_1_w,55-64_1_m,55-64_1_w,65-74_1_m,65-74_1_w,75-84_1_m,75-84_1_w,>84_1_m,>84_1_w,<24_2_m,<24_2_w,25-34_2_m,25-34_2_w,35-44_2_m,35-44_2_w,45-54_2_m,45-54_2_w,55-64_2_m,55-64_2_w,65-74_2_m,65-74_2_w,75-84_2_m,75-84_2_w,>84_2_m,>84_2_w,bp_1,bp_2,mo_1,mo_2,az_1,az_2,ja,unb_1,unb_2
2021-09-06T23:59:59+02:00,180,188,3596,3187,9141,6477,8716,5934,7666,8026,5617,5961,2820,2922,3284,3331,2753,5192,2942,2636,7955,5661,7866,5335,6982,7286,5026,5441,2246,2517,2460,2633,1989,3861,57370,48176,8452,7346,9735,7727,10483,46,41
2021-09-05T23:59:59+02:00,179,187,3579,3183,9123,6468,8701,5926,7663,8016,5609,5955,2819,2921,3284,3331,2753,5191,2932,2631,7935,5645,7853,5319,6975,7279,5017,5436,2245,2516,2460,2632,1989,3861,57311,48115,8451,7338,9734,7726,10441,46,41
2021-09-04T23:59:59+02:00,179,186,3576,3180,9119,6460,8696,5926,7659,8014,5609,5954,2819,2921,3284,3331,2753,5191,2931,2627,7930,5638,7848,5318,6970,7276,5016,5435,2241,2515,2460,2632,1989,3861,57293,48094,8451,7335,9734,7725,10428,46,41
2021-09-03T23:59:59+02:00,177,185,3547,3152,9069,6445,8662,5900,7637,7997,5595,5937,2817,2919,3284,3330,2753,5189,2909,2609,7888,5616,7820,5296,6949,7253,5002,5414,2237,2513,2460,2630,1989,3859,57166,47987,8436,7316,9734,7724,10308,46,41
2021-09-02T23:59:59+02:00,176,183,3515,3133,9013,6418,8617,5881,7613,7971,5583,5918,2814,2916,3282,3329,2753,5188,2890,2588,7825,5592,7781,5277,6922,7227,4990,5393,2234,2510,2458,2629,1989,3856,57013,47846,8428,7303,9732,7721,10179,46,41
2021-09-01T23:59:59+02:00,173,182,3490,3118,8962,6398,8587,5865,7590,7956,5572,5911,2813,2914,3281,3326,2753,5188,2871,2578,7774,5561,7743,5254,6888,7208,4980,5382,2231,2507,2458,2626,1989,3856,56874,47677,8409,7278,9732,7719,10113,46,41
2021-08-31T23:59:59+02:00,169,182,3459,3102,8906,6375,8559,5855,7570,7931,5566,5902,2809,2912,3280,3324,2753,5186,2851,2560,7727,5536,7716,5237,6862,7179,4969,5364,2227,2505,2457,2626,1989,3856,56740,47550,8402,7269,9732,7707,10014,46,41
2021-08-30T23:59:59+02:00,168,182,3408,3081,8856,6341,8512,5826,7532,7900,5554,5887,2805,2909,3279,3323,2753,5186,2816,2544,7672,5515,7673,5216,6831,7158,4960,5347,2222,2501,2455,2626,1989,3855,56536,47407,8399,7261,9731,7706,9883,46,41
2021-08-29T23:59:59+02:00,165,181,3393,3066,8827,6323,8489,5814,7524,7890,5546,5878,2804,2906,3279,3323,2752,5186,2796,2522,7633,5499,7648,5197,6818,7141,4950,5341,2220,2500,2454,2624,1988,3855,56454,47295,8393,7249,9731,7702,9814,46,41
2021-08-28T23:59:59+02:00,164,181,3387,3065,8822,6321,8483,5811,7517,7889,5546,5877,2804,2905,3279,3323,2752,5186,2789,2516,7624,5496,7640,5192,6812,7138,4949,5340,2220,2500,2454,2624,1988,3855,56439,47267,8393,7246,9731,7702,9795,46,41
2021-08-27T23:59:59+02:00,162,180,3371,3057,8791,6305,8453,5802,7497,7878,5538,5869,2804,2905,3279,3323,2752,5186,2773,2509,7600,5486,7621,5179,6797,7130,4942,5333,2220,2500,2453,2622,1988,3855,56350,47207,8392,7246,9731,7702,9724,46,41
2021-08-26T23:59:59+02:00,162,178,3323,3037,8724,6280,8409,5786,7474,7856,5523,5857,2801,2902,3279,3322,2752,5185,2737,2483,7545,5452,7562,5145,6760,7107,4913,5317,2216,2496,2452,2621,1988,3855,56174,46999,8385,7228,9731,7680,9604,46,41
2021-08-25T23:59:59+02:00,159,177,3294,3024,8680,6250,8373,5769,7442,7831,5511,5835,2797,2897,3279,3319,2751,5185,2689,2456,7475,5407,7509,5110,6717,7065,4896,5291,2214,2492,2452,2618,1987,3855,56041,46728,8381,7220,9730,7674,9465,46,41
2021-08-24T23:59:59+02:00,158,175,3282,3010,8653,6230,8355,5749,7423,7809,5503,5824,2795,2896,3278,3316,2751,5184,2663,2431,7433,5375,7476,5085,6686,7033,4880,5273,2213,2490,2452,2617,1987,3855,55949,46544,8375,7205,9730,7670,9381,46,41
2021-08-23T23:59:59+02:00,156,167,3232,2987,8601,6203,8316,5728,7390,7778,5489,5809,2793,2895,3277,3315,2751,5183,2632,2411,7375,5334,7433,5069,6645,7001,4864,5256,2209,2488,2451,2616,1986,3855,55771,46364,8365,7191,9727,7666,9250,46,41
2021-08-22T23:59:59+02:00,155,167,3220,2977,8584,6183,8302,5720,7372,7768,5483,5802,2790,2892,3277,3315,2751,5183,2614,2399,7342,5308,7411,5053,6621,6984,4860,5247,2204,2483,2451,2616,1985,3855,55692,46227,8359,7181,9726,7663,9206,46,41
2021-08-21T23:59:59+02:00,153,166,3205,2971,8571,6173,8291,5714,7366,7762,5479,5796,2789,2892,3277,3314,2751,5183,2603,2391,7319,5289,7391,5041,6608,6977,4851,5241,2203,2481,2450,2615,1985,3855,55626,46136,8356,7155,9726,7661,9187,46,41
2021-08-20T23:59:59+02:00,152,163,3188,2959,8536,6150,8260,5695,7345,7739,5468,5783,2788,2889,3277,3313,2751,5181,2568,2377,7265,5248,7351,5011,6567,6938,4834,5218,2199,2476,2450,2612,1985,3853,55545,45957,8343,7112,9725,7649,9065,46,41
2021-08-19T23:59:59+02:00,152,160,3162,2940,8476,6121,8221,5670,7322,7714,5454,5768,2782,2886,3276,3311,2751,5180,2518,2352,7178,5195,7285,4972,6518,6879,4804,5185,2195,2472,2449,2611,1985,3853,55394,45609,8331,7082,9723,7640,8938,46,41
2021-08-18T23:59:59+02:00,151,158,3139,2929,8442,6099,8188,5652,7288,7698,5442,5761,2777,2883,3275,3311,2750,5179,2482,2334,7102,5160,7222,4937,6472,6849,4778,5158,2191,2468,2446,2611,1985,3852,55254,45352,8325,7019,9722,7631,8860,46,41
2021-08-17T23:59:59+02:00,151,157,3120,2913,8410,6075,8157,5640,7279,7677,5430,5750,2774,2881,3274,3310,2749,5179,2450,2309,7035,5109,7172,4901,6442,6809,4757,5137,2184,2462,2445,2608,1984,3852,55133,45065,8315,6978,9721,7624,8794,46,41
2021-08-16T23:59:59+02:00,148,155,3109,2899,8379,6061,8138,5631,7265,7661,5418,5737,2774,2881,3273,3309,2749,5179,2416,2272,6954,5065,7100,4864,6389,6767,4726,5112,2182,2460,2442,2605,1984,3852,55040,44676,8310,6964,9721,7613,8731,46,41
2021-08-15T23:59:59+02:00,148,154,3102,2887,8349,6048,8119,5620,7247,7650,5413,5730,2773,2879,3273,3308,2749,5179,2386,2228,6896,5028,7056,4829,6352,6734,4714,5099,2178,2455,2441,2603,1984,3852,54949,44377,8305,6942,9720,7609,8690,46,41
2021-08-14T23:59:59+02:00,147,154,3097,2881,8339,6043,8110,5619,7247,7647,5410,5728,2771,2878,3273,3307,2749,5179,2377,2217,6868,5014,7041,4818,6342,6717,4695,5089,2175,2452,2441,2601,1984,3851,54929,44266,8304,6929,9720,7607,8662,46,41
2021-08-13T23:59:59+02:00,145,153,3075,2873,8313,6027,8097,5605,7232,7637,5398,5720,2770,2873,3273,3306,2749,5179,2337,2192,6816,4973,6997,4782,6305,6691,4678,5074,2174,2446,2439,2601,1984,3851,54841,44007,8302,6906,9720,7606,8598,46,41
2021-08-12T23:59:59+02:00,142,147,3058,2861,8277,6004,8063,5584,7211,7612,5384,5707,2768,2871,3271,3306,2749,5179,2299,2157,6722,4916,6938,4742,6258,6638,4651,5042,2170,2443,2435,2600,1984,3851,54719,43658,8297,6880,9719,7585,8494,46,41
2021-08-11T23:59:59+02:00,139,144,3039,2847,8235,5978,8033,5570,7189,7596,5374,5690,2766,2868,3271,3305,2749,5179,2266,2127,6630,4859,6850,4693,6202,6576,4627,4998,2162,2433,2434,2598,1984,3850,54579,43212,8288,6840,9716,7574,8424,46,41
2021-08-10T23:59:59+02:00,138,143,3021,2833,8189,5958,8004,5555,7159,7580,5361,5683,2763,2868,3271,3303,2749,5178,2192,2067,6502,4791,6755,4627,6110,6505,4583,4975,2156,2424,2431,2597,1984,3849,54455,42583,8279,6817,9715,7558,8342,46,41
2021-08-09T23:59:59+02:00,137,142,3003,2828,8154,5935,7974,5544,7135,7561,5350,5671,2762,2867,3271,3303,2749,5177,2134,2015,6398,4720,6653,4580,6041,6451,4555,4939,2150,2415,2430,2595,1984,3849,54364,42109,8271,6762,9715,7537,8248,46,41
2021-08-08T23:59:59+02:00,137,140,2987,2817,8130,5918,7954,5530,7123,7550,5343,5666,2759,2867,3271,3303,2749,5177,2106,1986,6328,4671,6595,4550,6003,6427,4541,4923,2140,2410,2428,2593,1984,3849,54287,41842,8270,6719,9712,7530,8187,46,41
2021-08-07T23:59:59+02:00,136,139,2978,2810,8100,5902,7936,5523,7115,7541,5339,5661,2757,2867,3271,3303,2749,5177,2067,1962,6245,4616,6534,4515,5967,6387,4524,4909,2137,2409,2428,2590,1984,3849,54218,41503,8266,6691,9712,7521,8143,46,41
2021-08-06T23:59:59+02:00,135,138,2963,2799,8069,5887,7904,5501,7093,7518,5327,5648,2753,2865,3271,3302,2749,5177,2027,1917,6139,4539,6460,4475,5923,6343,4504,4889,2135,2406,2427,2587,1984,3848,54155,41138,8245,6658,9712,7509,8022,46,41
2021-08-05T23:59:59+02:00,133,137,2931,2783,8035,5862,7863,5475,7070,7497,5307,5622,2748,2862,3268,3298,2749,5176,1976,1862,5999,4432,6343,4409,5853,6279,4467,4844,2126,2398,2424,2585,1984,3848,54002,40629,8235,6559,9709,7451,7904,46,41
2021-08-04T23:59:59+02:00,128,132,2861,2753,7945,5822,7810,5445,7037,7459,5289,5607,2742,2858,3266,3297,2749,5176,1892,1828,5859,4353,6206,4353,5784,6213,4437,4802,2115,2392,2419,2582,1984,3847,53760,40132,8217,6501,9708,7415,7722,46,41
2021-08-03T23:59:59+02:00,125,132,2838,2731,7912,5804,7771,5424,7012,7434,5278,5595,2738,2856,3265,3294,2749,5176,1859,1798,5759,4282,6103,4301,5713,6153,4397,4761,2110,2386,2418,2580,1984,3847,53599,39655,8212,6458,9706,7391,7647,46,41
2021-08-02T23:59:59+02:00,125,132,2815,2706,7867,5772,7742,5415,6986,7420,5259,5586,2736,2850,3264,3293,2748,5176,1830,1768,5629,4190,5991,4236,5643,6103,4347,4727,2104,2373,2416,2574,1983,3846,53437,39090,8203,6418,9706,7369,7575,46,41
2021-08-01T23:59:59+02:00,124,130,2798,2690,7830,5749,7728,5401,6974,7411,5253,5580,2733,2849,3262,3293,2748,5176,1810,1749,5549,4148,5927,4188,5599,6080,4329,4707,2101,2370,2414,2571,1983,3846,53338,38802,8188,6387,9705,7344,7525,46,41
2021-07-31T23:59:59+02:00,122,129,2791,2682,7809,5741,7719,5396,6970,7401,5252,5579,2731,2849,3262,3293,2748,5176,1771,1705,5448,4086,5865,4142,5546,6044,4301,4682,2098,2367,2414,2570,1983,3846,53296,38333,8183,6370,9705,7340,7493,46,41
2021-07-30T23:59:59+02:00,119,126,2780,2673,7782,5724,7705,5374,6951,7389,5245,5571,2730,2848,3262,3292,2748,5176,1750,1686,5363,4043,5796,4085,5487,5994,4275,4665,2093,2365,2413,2567,1983,3846,53212,37970,8175,6340,9705,7329,7430,46,41
2021-07-29T23:59:59+02:00,117,125,2746,2653,7724,5676,7662,5329,6921,7349,5221,5549,2729,2843,3260,3291,2748,5176,1709,1655,5238,3943,5662,4014,5398,5903,4228,4609,2085,2355,2410,2565,1982,3846,52999,37388,8159,6284,9700,7292,7287,46,41
2021-07-28T23:59:59+02:00,114,123,2724,2640,7684,5637,7629,5302,6894,7327,5206,5537,2726,2842,3258,3288,2747,5175,1671,1610,5136,3865,5544,3947,5304,5826,4192,4574,2073,2347,2408,2563,1982,3844,52799,36814,8148,6224,9696,7253,7236,46,41
2021-07-27T23:59:59+02:00,111,121,2706,2621,7636,5613,7592,5284,6873,7304,5193,5522,2724,2840,3258,3287,2746,5175,1628,1580,4996,3778,5417,3868,5213,5753,4147,4522,2066,2334,2407,2560,1981,3844,52657,36224,8125,6140,9695,7211,7155,46,41
2021-07-26T23:59:59+02:00,110,118,2679,2602,7603,5590,7558,5265,6846,7285,5188,5509,2720,2840,3257,3287,2746,5175,1590,1524,4852,3716,5307,3802,5139,5677,4093,4486,2062,2320,2406,2554,1981,3843,52506,35659,8104,6065,9692,7162,7098,46,41
2021-07-25T23:59:59+02:00,106,115,2662,2579,7564,5564,7524,5252,6825,7263,5178,5504,2718,2837,3256,3286,2746,5174,1570,1496,4795,3671,5251,3771,5091,5637,4062,4462,2058,2315,2405,2554,1981,3843,52342,35376,8094,6033,9689,7130,7049,46,41
2021-07-24T23:59:59+02:00,106,114,2646,2568,7532,5548,7498,5239,6807,7248,5169,5499,2717,2834,3256,3286,2746,5174,1551,1477,4749,3650,5177,3726,5049,5609,4041,4454,2057,2313,2404,2552,1981,3842,52253,35182,8072,5946,9688,7130,6994,46,41
2021-07-23T23:59:59+02:00,103,112,2616,2541,7476,5520,7466,5215,6773,7223,5147,5488,2715,2831,3254,3286,2746,5174,1495,1443,4607,3550,5040,3648,4975,5538,3993,4421,2056,2305,2403,2547,1980,3842,52067,34536,8066,5918,9686,7110,6885,46,41
2021-07-22T23:59:59+02:00,101,109,2581,2511,7386,5476,7412,5174,6721,7176,5113,5464,2708,2825,3252,3285,2746,5172,1435,1402,4445,3475,4887,3576,4826,5456,3907,4369,2043,2295,2398,2545,1980,3841,51731,33898,8045,5769,9674,7039,6775,46,41
2021-07-21T23:59:59+02:00,100,105,2549,2493,7316,5439,7353,5133,6660,7136,5092,5438,2701,2819,3250,3282,2746,5170,1405,1358,4322,3390,4746,3510,4716,5346,3834,4323,2030,2283,2395,2544,1980,3839,51462,33418,7995,5552,9668,6978,6666,46,41
2021-07-20T23:59:59+02:00,99,104,2527,2465,7255,5407,7316,5100,6621,7092,5062,5419,2698,2814,3249,3282,2746,5170,1370,1324,4201,3323,4657,3460,4622,5266,3778,4292,2026,2273,2394,2543,1980,3838,51195,32940,7983,5474,9666,6928,6589,46,41
2021-07-19T23:59:59+02:00,98,103,2501,2438,7199,5364,7267,5078,6581,7060,5041,5403,2693,2809,3248,3278,2746,5169,1349,1301,4125,3277,4574,3426,4543,5200,3742,4267,2022,2267,2390,2540,1979,3838,50903,32634,7970,5356,9665,6883,6544,46,41
2021-07-18T23:59:59+02:00,98,101,2470,2408,7125,5316,7224,5045,6544,7018,5022,5393,2686,2803,3246,3278,2745,5168,1332,1280,4079,3234,4534,3396,4494,5179,3705,4252,2016,2257,2389,2540,1979,3836,50570,32430,7954,5282,9661,6856,6509,46,39
2021-07-17T23:59:59+02:00,96,97,2453,2394,7105,5301,7205,5026,6524,7001,5002,5382,2682,2802,3246,3277,2745,5167,1319,1267,4045,3200,4490,3375,4453,5146,3676,4240,2010,2254,2389,2538,1979,3836,50452,32269,7945,5225,9660,6847,6450,46,39
2021-07-16T23:59:59+02:00,96,94,2411,2366,7042,5267,7143,4990,6478,6958,4970,5354,2675,2796,3244,3276,2745,5167,1280,1243,3941,3150,4397,3333,4365,5086,3615,4192,1996,2243,2383,2536,1979,3835,50265,31918,7914,5197,9646,6777,6245,46,39
2021-07-15T23:59:59+02:00,93,89,2368,2335,6965,5229,7079,4947,6428,6904,4953,5327,2672,2790,3241,3273,2745,5167,1229,1210,3740,3036,4211,3228,4211,4988,3550,4130,1987,2234,2379,2530,1979,3835,49922,31214,7895,4964,9640,6710,6141,46,39
2021-07-14T23:59:59+02:00,91,87,2329,2317,6892,5193,7003,4911,6372,6859,4931,5303,2664,2784,3238,3271,2745,5167,1182,1169,3622,2948,4107,3165,4105,4918,3505,4085,1974,2226,2378,2527,1979,3835,49595,30734,7878,4864,9636,6636,6037,46,39
2021-07-13T23:59:59+02:00,88,82,2298,2285,6833,5159,6939,4872,6330,6810,4908,5285,2656,2777,3236,3271,2745,5167,1148,1137,3519,2866,3980,3098,4017,4829,3450,4022,1947,2219,2375,2522,1978,3833,49263,30249,7869,4728,9635,6541,5960,45,39
2021-07-12T23:59:59+02:00,81,80,2268,2259,6762,5114,6868,4826,6279,6770,4881,5258,2651,2774,3233,3270,2745,5167,1117,1115,3420,2790,3866,3032,3912,4746,3398,3974,1936,2208,2370,2512,1978,3833,48911,29798,7855,4608,9631,6459,5873,45,38
2021-07-11T23:59:59+02:00,76,78,2256,2243,6726,5096,6838,4803,6248,6751,4872,5249,2648,2769,3231,3270,2744,5167,1108,1099,3377,2748,3805,3001,3858,4718,3376,3959,1927,2196,2367,2508,1978,3833,48794,29616,7834,4575,9628,6403,5791,45,38
2021-07-10T23:59:59+02:00,74,77,2233,2208,6646,5046,6775,4768,6197,6714,4846,5238,2645,2766,3231,3267,2744,5166,1091,1079,3321,2705,3758,2971,3820,4686,3360,3947,1921,2189,2367,2506,1978,3833,48536,29436,7812,4573,9612,6387,5658,45,38
2021-07-09T23:59:59+02:00,73,75,2209,2185,6570,5002,6724,4742,6147,6678,4828,5217,2643,2761,3230,3266,2744,5166,1068,1062,3262,2657,3707,2934,3769,4650,3332,3919,1918,2174,2365,2505,1978,3833,48303,29221,7776,4541,9604,6330,5549,45,38
2021-07-08T23:59:59+02:00,69,72,2150,2137,6468,4936,6614,4684,6080,6612,4792,5183,2635,2752,3227,3262,2744,5166,992,1008,3093,2568,3512,2861,3592,4551,3256,3851,1901,2158,2363,2496,1977,3832,47962,28728,7697,4252,9569,6197,5323,45,38
2021-07-07T23:59:59+02:00,69,71,2075,2090,6345,4858,6506,4626,6003,6553,4756,5134,2629,2741,3222,3257,2744,5166,940,971,2941,2487,3338,2782,3433,4443,3198,3786,1881,2129,2355,2488,1977,3830,47446,28174,7647,4006,9550,6114,5165,45,38
2021-07-06T23:59:59+02:00,67,71,2028,2052,6233,4802,6413,4583,5945,6483,4712,5098,2623,2735,3218,3252,2744,5166,903,933,2827,2389,3246,2720,3356,4349,3137,3729,1855,2098,2350,2481,1977,3830,46992,27664,7597,3899,9534,6028,5061,45,38
2021-07-05T23:59:59+02:00,65,71,1953,2002,6086,4724,6300,4542,5874,6428,4670,5058,2619,2728,3216,3250,2744,5164,856,890,2718,2314,3168,2669,3276,4276,3089,3672,1833,2079,2343,2472,1976,3827,46504,27280,7553,3822,9508,5943,4881,45,38
2021-07-04T23:59:59+02:00,65,70,1906,1965,5994,4679,6254,4512,5832,6407,4652,5035,2616,2726,3216,3248,2744,5163,817,866,2654,2260,3130,2644,3244,4242,3065,3649,1818,2055,2340,2471,1975,3827,46285,27138,7514,3763,9480,5865,4756,44,38
2021-07-03T23:59:59+02:00,62,56,1801,1886,5781,4522,6103,4423,5744,6315,4604,4998,2614,2723,3216,3244,2744,5163,775,841,2588,2213,3080,2621,3205,4196,3034,3619,1812,2048,2339,2467,1975,3825,45443,26962,7481,3761,9472,5836,4542,44,38
2021-07-02T23:59:59+02:00,56,48,1760,1842,5702,4476,6055,4386,5724,6289,4591,4980,2613,2717,3215,3243,2743,5163,754,814,2514,2164,3008,2578,3161,4147,3004,3579,1794,2030,2335,2461,1975,3823,45161,26669,7445,3735,9467,5735,4462,44,38
2021-07-01T23:59:59+02:00,48,40,1712,1802,5594,4404,5964,4336,5646,6218,4563,4950,2609,2712,3214,3242,2743,5162,687,773,2317,2088,2818,2489,2982,4032,2904,3491,1763,2006,2326,2448,1974,3821,44735,25886,7384,3531,9452,5626,4318,44,38
2021-06-30T23:59:59+02:00,48,38,1661,1747,5473,4311,5864,4283,5587,6169,4551,4927,2605,2704,3212,3239,2743,5162,651,734,2213,2020,2705,2435,2872,3943,2841,3414,1743,1973,2317,2436,1973,3820,44297,25413,7320,3414,9435,5500,4197,44,38
2021-06-29T23:59:59+02:00,47,34,1604,1665,5360,4219,5766,4228,5532,6109,4523,4897,2600,2699,3211,3238,2742,5161,622,694,2131,1938,2624,2367,2771,3825,2779,3362,1726,1939,2304,2422,1972,3817,43758,24915,7289,3338,9427,5386,4079,44,38
2021-06-28T23:59:59+02:00,45,32,1568,1607,5242,4154,5696,4172,5486,6067,4495,4872,2596,2691,3210,3236,2742,5161,605,668,2034,1873,2546,2312,2699,3743,2733,3315,1708,1920,2296,2416,1972,3814,43348,24596,7227,3198,9415,5289,3992,44,38
2021-06-27T23:59:59+02:00,44,31,1536,1579,5192,4112,5649,4139,5443,6048,4484,4861,2593,2687,3210,3235,2742,5161,585,650,1983,1828,2509,2292,2654,3704,2703,3298,1697,1905,2295,2406,1972,3814,43156,24449,7190,3143,9393,5203,3917,44,38
2021-06-26T23:59:59+02:00,35,26,1504,1550,5119,4066,5555,4095,5402,6013,4463,4847,2593,2685,3210,3233,2742,5161,579,640,1951,1806,2472,2272,2631,3681,2682,3277,1675,1895,2294,2404,1972,3814,42788,24224,7105,3139,9393,5179,3917,44,38
2021-06-25T23:59:59+02:00,29,18,1468,1508,5005,3986,5501,4066,5367,5986,4438,4836,2589,2682,3208,3232,2742,5160,570,615,1904,1786,2409,2205,2534,3542,2636,3175,1667,1873,2290,2401,1970,3813,42346,23765,7070,3113,9392,4999,3915,44,38
2021-06-24T23:59:59+02:00,21,13,1416,1455,4816,3868,5373,4014,5271,5943,4394,4805,2584,2679,3208,3231,2741,5160,530,593,1792,1718,2238,2138,2373,3459,2524,3080,1633,1849,2280,2395,1969,3810,41687,23243,7015,2805,9382,4914,3804,44,38
2021-06-23T23:59:59+02:00,21,13,1385,1421,4731,3812,5288,3962,5216,5897,4369,4770,2574,2672,3204,3229,2740,5159,496,575,1725,1659,2137,2090,2255,3367,2420,2985,1608,1825,2274,2388,1968,3808,41254,22690,6959,2730,9377,4770,3768,44,38
2021-06-22T23:59:59+02:00,20,13,1358,1400,4654,3746,5205,3914,5170,5850,4340,4744,2570,2666,3204,3228,2739,5159,481,557,1667,1617,2053,2034,2174,3257,2313,2887,1595,1802,2265,2376,1967,3804,40838,22257,6912,2612,9373,4609,3742,44,37
2021-06-21T23:59:59+02:00,19,13,1329,1358,4538,3658,5123,3870,5104,5787,4313,4725,2566,2652,3203,3223,2738,5157,465,541,1631,1582,2018,1993,2124,3176,2245,2807,1571,1766,2242,2353,1967,3800,40309,21959,6868,2516,9370,4464,3708,44,37
2021-06-20T23:59:59+02:00,18,11,1305,1327,4464,3595,5078,3851,5069,5767,4290,4713,2562,2650,3202,3223,2737,5157,449,526,1597,1552,1992,1969,2089,3149,2196,2766,1564,1751,2240,2347,1967,3799,40028,21770,6838,2479,9357,4399,3669,44,36
2021-06-19T23:59:59+02:00,17,11,1294,1308,4422,3563,5058,3824,5037,5742,4272,4704,2559,2648,3202,3222,2736,5157,444,522,1580,1535,1976,1942,2076,3125,2171,2730,1556,1742,2236,2344,1965,3798,39863,21612,6774,2450,9357,4389,3648,44,36
2021-06-18T23:59:59+02:00,12,8,1276,1286,4352,3520,5008,3784,4987,5701,4248,4692,2555,2644,3201,3220,2736,5157,431,512,1559,1518,1949,1911,2030,3076,2114,2669,1543,1725,2236,2339,1964,3795,39535,21297,6727,2447,9356,4343,3634,44,36
2021-06-17T23:59:59+02:00,10,7,1232,1250,4191,3449,4821,3710,4812,5608,4188,4646,2549,2641,3201,3219,2735,5157,397,495,1460,1485,1772,1849,1866,2981,2010,2587,1520,1703,2225,2327,1962,3793,38930,20823,6665,2341,9348,4264,3346,42,36
2021-06-16T23:59:59+02:00,10,7,1207,1216,4084,3364,4722,3657,4705,5537,4142,4615,2541,2637,3200,3215,2734,5156,381,474,1401,1449,1708,1818,1785,2901,1946,2514,1504,1676,2211,2314,1962,3789,38440,20419,6537,2273,9338,4186,3291,42,36
2021-06-15T23:59:59+02:00,10,7,1174,1181,3947,3281,4651,3599,4629,5462,4100,4582,2531,2630,3195,3213,2734,5155,371,450,1351,1402,1661,1777,1715,2843,1875,2442,1486,1645,2206,2300,1961,3788,37890,20091,6497,2186,9326,4114,3213,42,36
2021-06-14T23:59:59+02:00,10,5,1147,1146,3856,3228,4567,3543,4550,5391,4048,4548,2527,2620,3195,3209,2733,5154,361,437,1312,1369,1615,1746,1667,2785,1814,2388,1473,1619,2201,2293,1960,3786,37428,19842,6408,2117,9320,4034,3159,41,36
2021-06-13T23:59:59+02:00,10,5,1132,1132,3805,3185,4509,3498,4500,5353,4029,4533,2526,2614,3194,3208,2733,5152,355,430,1279,1352,1580,1721,1624,2749,1775,2343,1457,1598,2195,2282,1960,3784,37167,19652,6371,2095,9315,3958,3099,41,36
2021-06-12T23:59:59+02:00,10,4,1115,1110,3777,3159,4481,3476,4482,5338,4013,4523,2523,2611,3193,3207,2733,5151,351,428,1271,1335,1555,1695,1595,2729,1729,2321,1447,1586,2183,2279,1960,3783,36979,19480,6359,2095,9315,3900,3085,41,36
2021-06-11T23:59:59+02:00,8,4,1097,1097,3737,3114,4407,3448,4443,5302,3986,4512,2522,2607,3192,3204,2733,5150,340,416,1250,1302,1528,1675,1549,2679,1671,2274,1436,1570,2181,2274,1960,3782,36685,19224,6332,2087,9311,3824,3061,41,36
2021-06-10T23:59:59+02:00,7,4,1037,1052,3617,3031,4276,3366,4340,5234,3929,4478,2518,2599,3190,3202,2732,5150,324,404,1188,1266,1461,1613,1484,2607,1580,2168,1402,1536,2176,2264,1959,3779,36100,18786,6194,2080,9293,3668,2979,41,35
2021-06-09T23:59:59+02:00,7,2,987,1018,3488,2934,4135,3307,4248,5156,3884,4436,2514,2593,3187,3199,2732,5150,306,388,1125,1230,1393,1585,1422,2525,1503,2092,1375,1478,2168,2250,1958,3776,35611,18460,6024,2027,9290,3536,2847,41,35
2021-06-08T23:59:59+02:00,6,2,939,978,3359,2849,4013,3219,4146,5069,3827,4407,2506,2588,3184,3196,2731,5148,293,366,1082,1191,1337,1552,1367,2465,1453,2019,1351,1442,2157,2232,1954,3772,35056,18218,5887,1980,9279,3398,2725,41,34
2021-06-07T23:59:59+02:00,5,2,911,952,3255,2772,3880,3180,4021,4995,3776,4379,2492,2582,3183,3194,2731,5146,284,359,1036,1152,1281,1530,1322,2410,1381,1965,1336,1421,2141,2215,1953,3763,34672,18041,5707,1945,9270,3266,2577,41,34
2021-06-06T23:59:59+02:00,5,2,892,942,3196,2731,3791,3130,3947,4964,3742,4363,2488,2576,3181,3193,2729,5145,277,346,1021,1126,1250,1497,1297,2352,1349,1905,1320,1404,2134,2208,1951,3760,34457,17935,5570,1896,9262,3152,2489,41,34
2021-06-05T23:59:59+02:00,5,2,877,923,3125,2673,3742,3099,3911,4938,3729,4359,2487,2574,3181,3192,2729,5144,272,339,1005,1105,1227,1477,1272,2321,1313,1883,1300,1378,2131,2204,1951,3760,34176,17763,5564,1893,9256,3101,2449,41,33
2021-06-04T23:59:59+02:00,3,2,853,907,3070,2621,3666,3058,3839,4881,3699,4339,2483,2571,3178,3192,2729,5144,261,332,983,1072,1205,1463,1237,2283,1278,1847,1281,1354,2121,2199,1951,3758,33852,17601,5516,1888,9253,3042,2360,41,33
2021-06-03T23:59:59+02:00,3,2,808,876,2914,2522,3478,2951,3659,4761,3603,4266,2475,2560,3173,3186,2729,5144,249,318,950,1036,1146,1408,1170,2190,1215,1782,1240,1308,2110,2185,1951,3756,33166,17374,5282,1868,9238,2876,2153,41,33
2021-06-02T23:59:59+02:00,3,2,778,867,2840,2443,3410,2895,3594,4696,3560,4240,2473,2556,3173,3185,2729,5144,233,313,929,1005,1092,1376,1120,2145,1162,1732,1225,1269,2106,2182,1951,3756,32807,17158,5265,1853,9237,2837,1997,41,33
2021-06-01T23:59:59+02:00,3,2,732,839,2675,2327,3215,2793,3415,4579,3496,4176,2462,2548,3170,3179,2729,5144,220,300,850,954,989,1311,1030,2027,1107,1656,1191,1210,2097,2170,1949,3751,32198,16877,5042,1813,9225,2641,1717,41,33
2021-05-31T23:59:59+02:00,3,2,697,815,2544,2244,3077,2696,3299,4473,3436,4126,2455,2535,3168,3174,2729,5143,205,285,801,911,919,1259,977,1940,1064,1598,1168,1179,2091,2165,1947,3749,31805,16698,4809,1798,9206,2506,1484,41,33
2021-05-30T23:59:59+02:00,3,2,686,801,2488,2193,3001,2658,3239,4425,3416,4102,2451,2530,3167,3173,2728,5141,195,265,761,872,863,1213,930,1873,1041,1545,1154,1163,2085,2155,1947,3747,31654,16600,4744,1788,9195,2349,1295,41,33
2021-05-29T23:59:59+02:00,3,1,684,799,2473,2176,2978,2646,3222,4407,3406,4093,2450,2529,3167,3173,2728,5141,192,255,755,862,844,1188,912,1821,1023,1507,1139,1142,2084,2147,1946,3747,31529,16496,4742,1788,9193,2207,1294,41,33
2021-05-28T23:59:59+02:00,3,1,677,789,2440,2140,2931,2619,3197,4387,3394,4077,2450,2525,3165,3167,2728,5141,189,247,744,851,834,1168,901,1779,988,1463,1116,1112,2081,2139,1945,3745,31295,16313,4731,1786,9188,2130,1290,41,33
2021-05-27T23:59:59+02:00,3,1,632,768,2311,2085,2796,2547,3059,4309,3310,4023,2442,2511,3164,3165,2728,5138,174,230,681,799,758,1112,819,1681,921,1376,1093,1079,2067,2118,1944,3743,30803,16093,4600,1745,9155,1876,1092,41,32
2021-05-26T23:59:59+02:00,3,1,603,743,2211,2019,2634,2487,2932,4244,3255,3970,2431,2499,3159,3158,2725,5132,167,212,644,760,712,1076,770,1612,875,1318,1074,1049,2048,2084,1939,3736,30403,15858,4364,1730,9126,1736,961,41,32
2021-05-25T23:59:59+02:00,3,1,580,727,2125,1960,2533,2445,2825,4162,3203,3933,2418,2490,3156,3153,2724,5128,157,204,624,731,677,1041,724,1551,823,1255,1050,1025,2017,2049,1938,3731,30044,15620,4184,1691,9084,1600,896,40,29
2021-05-24T23:59:59+02:00,3,1,567,704,2070,1920,2458,2414,2755,4109,3149,3891,2406,2482,3150,3152,2721,5127,152,196,605,713,650,1009,686,1489,799,1200,1027,1007,2011,2045,1933,3730,29861,15513,4010,1678,9048,1474,797,39,28
2021-05-23T23:59:59+02:00,3,1,564,702,2056,1909,2446,2400,2744,4096,3138,3877,2401,2479,3150,3150,2721,5127,151,195,601,707,643,1005,669,1476,786,1192,1021,1001,2006,2040,1931,3726,29750,15430,4007,1671,9047,1464,795,39,28
2021-05-22T23:59:59+02:00,3,1,559,692,2033,1890,2412,2383,2720,4066,3109,3849,2392,2474,3148,3147,2721,5126,148,187,594,702,639,995,656,1470,780,1183,1008,993,1998,2025,1931,3726,29517,15359,4006,1671,9045,1426,786,39,28
2021-05-21T23:59:59+02:00,3,1,547,674,1948,1860,2320,2336,2655,4016,3065,3800,2385,2460,3145,3146,2721,5124,148,184,588,695,627,985,642,1458,759,1162,991,964,1985,2019,1931,3725,29039,15255,3978,1669,9028,1363,783,39,28
2021-05-20T23:59:59+02:00,3,1,509,653,1815,1789,2189,2262,2531,3918,2980,3713,2364,2445,3136,3138,2719,5121,140,175,560,660,594,946,614,1399,728,1099,964,928,1973,2004,1929,3722,28361,15116,3861,1653,8954,1156,711,39,28
2021-05-19T23:59:59+02:00,3,1,469,618,1708,1715,2053,2194,2393,3821,2876,3614,2343,2425,3129,3131,2713,5120,127,167,533,639,562,912,586,1348,700,1038,942,907,1953,1973,1922,3718,27614,14937,3790,1632,8911,1059,593,39,28
2021-05-18T23:59:59+02:00,3,0,445,596,1631,1654,1955,2134,2279,3699,2776,3514,2330,2405,3121,3123,2712,5116,119,160,509,619,540,879,569,1271,682,975,924,880,1939,1951,1918,3711,27098,14798,3618,1591,8854,953,494,39,28
2021-05-17T23:59:59+02:00,3,0,423,584,1574,1619,1901,2081,2201,3589,2721,3441,2310,2385,3110,3115,2710,5111,114,152,488,605,530,844,556,1207,669,920,903,843,1934,1940,1917,3706,26785,14706,3469,1552,8788,855,401,39,27
2021-05-16T23:59:59+02:00,3,0,419,583,1546,1590,1870,2058,2157,3536,2661,3382,2296,2376,3107,3111,2710,5110,111,150,480,586,521,828,542,1158,649,878,875,812,1927,1935,1917,3705,26599,14645,3400,1515,8749,767,328,39,27
2021-05-15T23:59:59+02:00,3,0,414,578,1520,1573,1851,2039,2137,3512,2634,3344,2289,2376,3106,3108,2709,5110,110,147,478,585,521,827,537,1154,641,870,871,809,1921,1931,1917,3705,26396,14609,3400,1514,8742,759,323,37,27
2021-05-14T23:59:59+02:00,3,0,401,565,1489,1543,1810,1995,2057,3439,2580,3296,2279,2364,3103,3108,2707,5110,108,144,475,569,501,802,517,1123,627,854,856,794,1913,1922,1917,3704,26014,14546,3358,1498,8718,657,303,37,27
2021-05-13T23:59:59+02:00,2,0,378,549,1429,1494,1706,1950,1941,3351,2508,3203,2252,2346,3094,3102,2705,5104,103,141,463,561,491,787,511,1108,616,841,827,762,1896,1896,1916,3698,25562,14456,3139,1445,8664,617,276,37,25
2021-05-12T23:59:59+02:00,1,0,371,545,1411,1486,1688,1941,1921,3326,2493,3185,2249,2339,3088,3099,2705,5103,103,139,460,561,490,780,507,1103,612,835,819,747,1892,1887,1914,3698,25426,14399,3117,1435,8658,616,273,36,25
2021-05-11T23:59:59+02:00,1,0,351,525,1343,1449,1591,1902,1809,3228,2388,3107,2232,2311,3079,3088,2700,5102,97,129,445,533,469,753,487,1071,577,813,791,714,1879,1876,1912,3694,25008,14275,2948,1394,8544,528,216,36,25
2021-05-10T23:59:59+02:00,1,0,336,507,1304,1419,1538,1872,1742,3167,2326,3035,2218,2296,3070,3079,2699,5098,97,126,439,526,460,732,480,1047,572,790,775,695,1873,1869,1910,3690,24727,14207,2872,1385,8424,474,188,36,24
2021-05-09T23:59:59+02:00,1,0,330,497,1263,1399,1511,1855,1695,3130,2258,2985,2207,2282,3067,3073,2699,5093,94,123,430,517,452,726,470,1038,561,776,761,685,1864,1864,1909,3687,24486,14159,2818,1378,8373,425,165,36,23
2021-05-08T23:59:59+02:00,1,0,324,494,1252,1380,1478,1832,1664,3103,2206,2965,2200,2274,3064,3072,2697,5092,93,123,429,516,450,725,469,1033,561,770,755,684,1858,1854,1909,3687,24243,14139,2814,1370,8369,412,164,36,23
2021-05-07T23:59:59+02:00,1,0,313,487,1224,1353,1427,1813,1604,3039,2151,2916,2191,2263,3063,3067,2695,5087,90,120,417,503,440,698,456,998,538,745,749,659,1837,1839,1909,3683,23959,14067,2785,1345,8304,308,130,36,21
2021-05-06T23:59:59+02:00,1,0,295,472,1136,1316,1310,1750,1463,2925,2008,2823,2151,2228,3059,3054,2694,5083,87,114,404,489,428,681,443,975,520,722,734,640,1819,1823,1905,3676,23446,13983,2592,1320,8092,223,102,34,20
2021-05-05T23:59:59+02:00,1,0,280,458,1095,1290,1263,1713,1395,2859,1916,2739,2126,2194,3044,3039,2694,5072,87,110,396,479,423,669,436,964,513,704,712,627,1793,1801,1905,3673,22981,13896,2532,1296,8026,174,95,34,18
2021-05-04T23:59:59+02:00,1,0,272,447,1058,1266,1224,1692,1350,2811,1853,2672,2106,2159,3034,3025,2684,5059,83,106,389,468,420,664,426,944,503,684,694,604,1774,1774,1901,3673,22632,13791,2469,1263,7973,133,89,34,17
2021-05-03T23:59:59+02:00,1,0,267,439,1027,1244,1187,1675,1321,2776,1805,2634,2089,2130,3021,3016,2682,5053,78,100,377,462,412,656,421,936,495,677,675,593,1747,1746,1899,3669,22376,13686,2445,1252,7924,112,62,34,15
2021-05-02T23:59:59+02:00,1,0,261,437,1013,1232,1159,1659,1295,2762,1790,2611,2081,2115,3016,3013,2680,5050,76,99,371,458,407,651,417,930,492,672,667,580,1724,1731,1899,3668,22250,13638,2428,1227,7884,98,48,34,14
2021-05-01T23:59:59+02:00,1,0,257,432,1005,1223,1146,1649,1280,2748,1772,2592,2072,2108,3012,3009,2680,5049,76,98,371,457,405,651,415,926,492,671,665,580,1724,1731,1899,3668,22106,13630,2428,1227,7884,95,46,34,14
2021-04-30T23:59:59+02:00,1,0,254,426,995,1201,1125,1629,1242,2684,1706,2530,2058,2090,3005,3004,2679,5045,75,96,370,451,402,645,414,901,487,659,658,574,1721,1725,1899,3666,21780,13614,2423,1215,7880,70,14,34,13
2021-04-29T23:59:59+02:00,1,0,240,411,946,1177,1086,1591,1194,2627,1611,2453,2007,2041,2995,2992,2674,5033,75,95,364,450,397,640,407,890,476,648,641,562,1705,1712,1893,3660,21277,13534,2386,1188,7820,48,13,33,13
2021-04-28T23:59:59+02:00,1,0,229,408,931,1162,1056,1579,1158,2587,1543,2397,1960,1978,2982,2987,2672,5030,72,94,357,447,394,631,403,880,469,633,623,543,1686,1691,1893,3658,20958,13454,2339,1138,7763,35,12,33,13
2021-04-27T23:59:59+02:00,1,0,226,400,917,1148,1039,1566,1135,2561,1520,2368,1925,1932,2975,2980,2670,5026,70,91,355,444,392,626,401,876,463,628,615,531,1674,1668,1889,3655,20750,13392,2307,1109,7728,30,12,29,13
2021-04-26T23:59:59+02:00,1,0,223,393,908,1139,1028,1553,1107,2542,1465,2319,1905,1909,2965,2969,2667,5020,70,91,351,440,392,624,395,873,459,622,605,519,1659,1653,1887,3651,20551,13345,2291,1070,7660,28,12,29,13
2021-04-25T23:59:59+02:00,1,0,223,392,900,1129,1015,1545,1090,2523,1432,2284,1881,1885,2957,2962,2667,5019,69,90,350,434,389,622,393,869,457,621,602,513,1653,1643,1887,3649,20414,13324,2267,1050,7608,20,12,29,12
2021-04-24T23:59:59+02:00,1,0,219,388,889,1119,1002,1531,1076,2505,1396,2260,1871,1860,2954,2956,2667,5019,69,90,350,434,388,622,393,867,456,618,600,510,1652,1640,1887,3649,20237,13317,2267,1040,7588,20,12,29,12
2021-04-23T23:59:59+02:00,1,0,215,381,878,1106,995,1521,1056,2484,1338,2212,1845,1833,2947,2950,2667,5016,68,88,350,434,388,621,392,863,453,614,593,502,1642,1630,1887,3644,20072,13288,2255,1012,7488,20,12,29,12
2021-04-22T23:59:59+02:00,1,0,213,373,852,1085,971,1498,1025,2442,1282,2147,1798,1781,2934,2930,2665,5007,68,87,348,429,382,613,389,853,448,608,580,494,1623,1615,1882,3639,19761,13212,2199,984,7409,13,12,29,12
2021-04-21T23:59:59+02:00,1,0,207,366,833,1070,946,1479,984,2405,1230,2094,1747,1711,2912,2908,2658,4998,66,85,345,427,380,610,386,848,445,601,575,488,1609,1593,1871,3634,19400,13140,2163,961,7346,13,12,29,12
2021-04-20T23:59:59+02:00,1,0,201,361,817,1046,926,1458,961,2351,1186,2038,1686,1643,2882,2882,2652,4980,65,85,343,426,376,606,381,842,445,594,568,479,1586,1560,1867,3630,19064,13054,2090,938,7273,12,12,29,12
2021-04-19T23:59:59+02:00,1,0,199,351,802,1035,912,1439,944,2318,1161,2004,1642,1596,2869,2867,2650,4975,65,84,342,424,371,600,377,833,440,583,564,473,1558,1533,1861,3617,18847,12958,2071,910,7202,9,11,28,12
2021-04-18T23:59:59+02:00,1,0,197,348,795,1026,901,1429,923,2297,1137,1983,1601,1554,2860,2859,2643,4969,64,82,341,423,371,600,376,828,439,580,561,467,1548,1527,1858,3615,18704,12928,2038,894,7128,9,11,28,12
2021-04-17T23:59:59+02:00,1,0,195,344,792,1023,894,1427,914,2292,1130,1975,1581,1523,2855,2850,2643,4969,64,79,339,418,370,600,374,824,438,577,556,461,1537,1519,1858,3612,18618,12876,2037,892,7099,9,11,28,12
2021-04-16T23:59:59+02:00,1,0,194,343,783,1016,881,1410,900,2269,1092,1934,1525,1455,2841,2835,2639,4962,59,77,336,411,369,598,369,812,431,563,529,430,1524,1497,1847,3599,18384,12768,2020,825,7020,8,11,27,11
2021-04-15T23:59:59+02:00,1,0,193,338,761,999,863,1398,874,2224,1050,1892,1473,1397,2812,2807,2624,4946,57,76,331,405,364,597,361,806,421,560,514,422,1490,1463,1834,3584,18102,12651,2003,776,6887,7,11,26,11
2021-04-14T23:59:59+02:00,1,0,192,332,752,991,856,1385,859,2190,1031,1861,1413,1350,2761,2741,2611,4930,54,72,326,402,360,592,358,797,410,546,498,403,1454,1431,1827,3565,17817,12509,1980,729,6797,7,11,23,10
2021-04-13T23:59:59+02:00,1,0,188,326,743,987,845,1373,849,2165,997,1832,1347,1277,2707,2682,2603,4915,52,72,321,398,351,585,351,789,401,538,485,395,1427,1409,1818,3554,17564,12409,1927,681,6683,5,11,22,10
2021-04-12T23:59:59+02:00,1,0,188,325,737,982,837,1361,820,2142,981,1811,1294,1239,2687,2652,2599,4901,51,68,311,390,346,579,346,781,395,531,466,385,1409,1393,1815,3546,17423,12313,1901,639,6569,5,11,19,10
2021-04-11T23:59:59+02:00,0,0,186,323,731,971,829,1356,806,2125,964,1794,1271,1208,2665,2630,2594,4894,50,66,306,388,344,577,345,777,390,523,461,376,1394,1388,1810,3539,17346,12260,1874,613,6461,4,11,18,10
2021-04-10T23:59:59+02:00,0,0,186,321,731,968,826,1355,799,2117,956,1787,1257,1192,2651,2613,2593,4894,45,61,283,374,328,561,331,765,375,513,446,369,1382,1368,1805,3533,17286,12077,1865,597,6429,4,10,18,10
2021-04-09T23:59:59+02:00,0,0,186,317,726,965,816,1332,791,2033,936,1704,1201,1118,2607,2584,2590,4886,38,59,269,360,309,548,311,751,361,496,429,359,1339,1338,1792,3519,17120,11838,1826,567,6176,4,8,16,9
2021-04-08T23:59:59+02:00,0,0,184,313,722,958,805,1323,775,2015,912,1681,1125,1034,2547,2544,2577,4876,37,57,261,346,296,540,295,735,335,478,402,336,1289,1299,1768,3485,16941,11548,1756,534,6024,4,7,16,9
2021-04-07T23:59:59+02:00,0,0,178,310,713,952,797,1308,759,1987,889,1649,1070,973,2492,2483,2568,4861,35,54,243,330,286,534,286,722,320,465,373,316,1242,1260,1749,3447,16744,11276,1711,503,5859,4,7,16,9
2021-04-06T23:59:59+02:00,0,0,174,309,706,947,781,1293,739,1964,860,1623,1036,926,2451,2433,2560,4851,33,53,242,327,282,531,276,719,310,460,362,302,1211,1230,1729,3425,16620,11140,1676,469,5677,4,7,16,9
2021-04-05T23:59:59+02:00,0,0,174,309,705,941,775,1283,730,1948,849,1608,1007,900,2424,2390,2555,4843,33,53,242,323,281,527,272,712,304,458,360,295,1177,1205,1721,3406,16555,11045,1659,439,5543,4,7,16,9
2021-04-04T23:59:59+02:00,0,0,173,306,702,934,769,1271,720,1931,840,1586,992,885,2416,2384,2555,4842,33,53,242,323,280,527,272,712,303,458,358,295,1159,1191,1717,3402,16520,11000,1654,439,5449,4,7,15,9
2021-04-03T23:59:59+02:00,0,0,173,306,702,934,767,1269,719,1926,832,1582,979,874,2409,2374,2552,4841,33,53,242,323,280,527,272,711,303,456,358,295,1159,1186,1717,3399,16472,10989,1654,439,5428,4,7,15,9
2021-04-02T23:59:59+02:00,0,0,173,305,702,933,766,1266,715,1919,824,1571,966,861,2386,2351,2550,4838,33,53,239,323,278,525,269,704,296,451,353,293,1137,1158,1705,3372,16396,10869,1642,432,5400,4,7,15,9
2021-04-01T23:59:59+02:00,0,0,170,302,696,922,753,1252,709,1899,806,1550,935,825,2344,2301,2544,4819,32,52,231,320,276,521,266,697,290,446,341,285,1097,1117,1672,3329,16260,10664,1578,418,5296,4,7,15,9
2021-03-31T23:59:59+02:00,0,0,167,299,689,915,743,1236,700,1853,792,1507,917,805,2297,2235,2523,4800,32,52,230,319,271,519,261,695,280,435,326,279,1031,1064,1648,3297,16138,10451,1509,399,5138,4,6,15,9
2021-03-30T23:59:59+02:00,0,0,163,292,683,906,739,1215,689,1814,781,1461,894,786,2248,2169,2509,4778,32,51,227,316,268,516,259,689,274,427,315,273,997,1035,1626,3261,15988,10293,1461,381,4983,4,6,15,9
2021-03-29T23:59:59+02:00,0,0,160,286,677,893,733,1203,679,1782,768,1422,875,768,2172,2100,2488,4748,32,50,226,314,267,514,255,681,266,416,308,266,969,1013,1613,3234,15776,10160,1417,371,4864,4,6,15,9
2021-03-28T23:59:59+02:00,0,0,152,269,667,886,726,1194,674,1761,763,1404,867,747,2125,2055,2483,4736,32,49,223,314,263,508,251,678,264,413,306,264,958,1002,1607,3226,15695,10102,1362,363,4754,4,6,15,9
2021-03-27T23:59:59+01:00,0,0,152,266,663,879,722,1190,668,1750,760,1397,856,732,2113,2040,2483,4733,32,49,223,314,263,508,250,671,261,408,304,263,951,992,1589,3202,15638,10035,1352,352,4713,4,6,15,9
2021-03-26T23:59:59+01:00,0,0,150,264,653,867,716,1174,658,1731,751,1366,837,712,2087,2014,2473,4723,32,49,223,314,262,506,250,670,255,396,298,255,919,960,1556,3153,15530,9854,1314,352,4628,4,4,15,9
2021-03-25T23:59:59+01:00,0,0,147,263,643,855,695,1153,640,1693,732,1323,817,692,2043,1970,2457,4705,32,48,220,309,261,505,244,667,253,394,290,251,880,929,1494,3074,15413,9618,1260,338,4449,3,4,14,9
2021-03-24T23:59:59+01:00,0,0,144,254,628,842,688,1139,631,1654,717,1289,792,674,1999,1926,2440,4681,32,48,218,306,259,503,242,667,247,391,283,245,834,904,1443,2981,15272,9388,1225,322,4294,2,3,14,9
2021-03-23T23:59:59+01:00,0,0,141,252,621,832,674,1127,621,1632,704,1249,774,660,1958,1895,2424,4662,31,47,216,305,257,499,235,662,244,384,273,241,808,880,1365,2883,15178,9124,1196,311,4143,2,3,14,9
2021-03-22T23:59:59+01:00,0,0,138,247,603,813,656,1108,610,1598,687,1223,763,646,1926,1870,2413,4646,31,46,215,303,255,497,234,654,243,380,270,237,781,858,1273,2777,15092,8859,1164,299,3982,2,3,12,9
2021-03-21T23:59:59+01:00,0,0,135,245,599,807,652,1105,605,1574,676,1188,756,635,1902,1863,2406,4630,31,46,214,303,254,495,233,653,241,378,268,233,775,855,1264,2768,15058,8825,1143,290,3863,2,3,11,8
2021-03-20T23:59:59+01:00,0,0,133,245,593,804,648,1101,601,1570,674,1186,749,626,1878,1839,2399,4618,31,46,214,303,253,495,232,651,238,372,266,231,765,849,1246,2754,14992,8770,1133,280,3823,2,3,11,8
2021-03-19T23:59:59+01:00,0,0,124,233,587,790,639,1094,597,1552,657,1172,713,581,1819,1797,2369,4597,30,46,214,302,252,495,230,644,235,369,264,225,739,830,1208,2701,14817,8622,1057,265,3727,2,3,10,8
2021-03-18T23:59:59+01:00,0,0,121,228,568,780,619,1062,578,1502,627,1124,677,556,1767,1748,2341,4554,30,46,212,300,250,487,230,639,231,360,262,217,721,818,1175,2657,14622,8490,993,246,3511,2,3,10,8
2021-03-17T23:59:59+01:00,0,0,115,222,557,767,607,1057,568,1489,612,1101,653,531,1722,1713,2320,4515,30,45,212,299,249,484,229,638,230,357,261,215,709,806,1140,2610,14418,8373,943,240,3456,2,3,9,8
2021-03-16T23:59:59+01:00,0,0,110,216,545,755,593,1044,556,1446,595,1073,634,507,1667,1658,2298,4479,30,44,212,297,249,479,228,636,228,356,257,215,692,787,1110,2554,14239,8236,887,237,3312,2,2,9,8
2021-03-15T23:59:59+01:00,0,0,106,209,530,740,581,1020,544,1412,580,1035,614,488,1625,1619,2276,4454,29,44,211,294,249,476,226,634,226,356,249,211,673,775,1085,2518,14081,8133,832,223,3177,2,0,9,8
2021-03-14T23:59:59+01:00,0,0,102,197,521,725,570,998,536,1367,563,990,596,472,1596,1598,2260,4429,29,44,211,292,248,475,225,629,225,351,247,207,669,768,1077,2503,13974,8106,797,194,3001,2,0,9,8
2021-03-13T23:59:59+01:00,0,0,98,187,495,704,541,972,508,1343,540,969,568,463,1570,1572,2252,4421,29,44,211,292,248,475,224,629,225,350,246,207,663,758,1047,2474,13749,8027,783,193,2907,2,0,9,8
2021-03-12T23:59:59+01:00,0,0,89,181,469,675,521,945,484,1308,513,932,537,442,1512,1525,2229,4382,29,44,211,291,248,474,224,629,225,349,242,205,647,746,1021,2447,13437,7935,753,193,2777,2,0,9,7
2021-03-11T23:59:59+01:00,0,0,83,170,438,638,486,913,444,1229,475,869,504,409,1432,1457,2181,4323,29,43,210,288,243,470,222,625,221,346,237,203,631,724,996,2406,13051,7848,700,142,2504,2,0,9,7
2021-03-10T23:59:59+01:00,0,0,81,164,414,613,467,896,425,1193,447,824,473,383,1353,1391,2142,4267,29,43,208,283,239,466,219,619,221,344,232,200,612,716,973,2366,12705,7738,667,125,2361,2,0,9,7
2021-03-09T23:59:59+01:00,0,0,81,160,403,592,440,867,411,1143,429,792,451,364,1301,1358,2101,4222,29,43,207,280,237,458,216,615,217,339,230,199,601,709,954,2335,12478,7655,640,106,2184,2,0,9,7
2021-03-08T23:59:59+01:00,0,0,78,155,390,574,419,849,399,1090,417,750,435,348,1243,1322,2077,4184,29,43,207,279,234,452,212,610,212,335,228,198,588,704,944,2324,12287,7602,603,90,2023,1,0,9,6
2021-03-07T23:59:59+01:00,0,0,75,151,387,564,411,833,387,1076,410,744,432,343,1230,1302,2068,4175,29,43,206,278,234,450,210,609,212,334,227,197,584,701,936,2317,12220,7572,576,88,1971,0,0,9,6
2021-03-06T23:59:59+01:00,0,0,75,144,384,559,404,812,377,1020,402,709,429,342,1223,1291,2053,4160,29,43,206,278,233,449,210,608,212,334,227,197,581,701,934,2303,12161,7563,576,75,1824,0,0,9,6
2021-03-05T23:59:59+01:00,0,0,75,139,380,553,400,805,374,1003,390,683,417,328,1182,1249,2009,4101,29,43,205,277,232,448,209,606,211,331,225,196,576,700,926,2282,11944,7539,554,49,1760,0,0,9,6
2021-03-04T23:59:59+01:00,0,0,74,126,371,520,386,772,354,961,376,653,399,326,1130,1199,1925,4005,28,43,203,271,230,441,207,595,208,330,224,195,574,697,923,2279,11641,7491,520,48,1583,0,0,9,5
2021-03-03T23:59:59+01:00,0,0,68,115,362,504,378,755,349,939,362,633,389,318,1085,1165,1855,3883,28,43,203,270,229,439,204,585,208,323,223,192,569,694,916,2273,11365,7447,493,43,1466,0,0,8,5
2021-03-02T23:59:59+01:00,0,0,65,109,352,491,363,737,338,918,354,605,376,311,1049,1134,1757,3762,27,43,203,270,229,432,199,578,206,320,221,192,567,686,909,2260,11039,7388,469,43,1370,0,0,8,5
2021-03-01T23:59:59+01:00,0,0,64,107,346,477,356,717,327,893,347,571,371,308,1021,1102,1639,3607,27,42,202,269,227,423,197,570,206,316,220,192,564,678,900,2252,10696,7330,448,43,1262,0,0,8,5
2021-02-28T23:59:59+01:00,0,0,64,105,339,468,353,709,325,869,342,551,366,296,1012,1098,1628,3595,27,42,201,268,226,423,197,570,206,316,219,192,563,674,897,2249,10649,7315,437,43,1185,0,0,8,5
2021-02-27T23:59:59+01:00,0,0,61,96,335,459,349,705,319,856,338,541,362,292,1002,1087,1605,3573,27,42,201,267,226,422,196,569,205,315,219,192,563,674,897,2249,10577,7314,424,38,1128,0,0,8,5
2021-02-26T23:59:59+01:00,0,0,59,93,328,435,323,673,297,825,325,520,358,288,977,1067,1561,3511,27,41,201,266,226,420,194,566,202,313,219,192,563,674,896,2246,10413,7296,421,38,950,0,0,8,4
2021-02-25T23:59:59+01:00,0,0,52,80,315,415,312,643,291,797,311,494,348,278,958,1048,1523,3464,27,41,200,263,222,417,191,558,197,312,214,189,552,666,885,2240,10259,7234,407,28,801,0,0,8,4
2021-02-24T23:59:59+01:00,0,0,48,75,306,403,304,630,286,782,307,484,342,277,938,1036,1476,3405,26,41,198,261,219,404,189,550,194,307,212,186,546,660,883,2227,10111,7169,392,20,731,0,0,8,4
2021-02-23T23:59:59+01:00,0,0,45,66,293,387,296,611,280,763,297,474,335,275,908,1017,1435,3332,25,41,197,259,217,399,188,544,190,304,211,185,544,649,877,2207,9933,7106,373,16,639,0,0,8,4
2021-02-22T23:59:59+01:00,0,0,42,63,286,375,292,600,276,752,293,470,328,268,886,1002,1405,3296,25,39,193,256,214,386,180,534,184,301,207,182,532,641,870,2190,9811,7013,357,5,596,0,0,7,4
2021-02-21T23:59:59+01:00,0,0,41,62,281,367,290,591,272,744,286,466,325,265,881,997,1398,3286,25,38,191,254,213,384,180,525,184,300,207,182,528,640,862,2177,9784,6967,349,5,546,0,0,6,4
2021-02-20T23:59:59+01:00,0,0,40,62,278,366,290,588,271,738,283,458,324,265,867,985,1365,3255,25,38,191,254,213,384,180,525,183,299,207,182,527,640,860,2176,9697,6961,338,5,524,0,0,6,4
2021-02-19T23:59:59+01:00,0,0,39,62,274,361,284,565,261,712,278,444,320,260,841,968,1330,3225,25,37,191,254,212,383,180,524,182,299,206,181,522,639,855,2159,9587,6926,323,5,435,0,0,5,4
2021-02-18T23:59:59+01:00,0,0,39,58,256,340,275,544,252,691,261,416,316,251,829,947,1304,3193,24,36,187,247,210,377,176,509,180,288,203,176,507,625,818,2092,9493,6731,297,5,301,0,0,5,4
2021-02-17T23:59:59+01:00,0,0,39,56,249,334,271,530,247,678,258,394,311,246,809,936,1275,3146,22,34,184,242,202,362,172,492,175,276,195,172,496,610,799,2053,9360,6560,287,4,245,0,0,5,4
2021-02-16T23:59:59+01:00,0,0,38,51,237,322,268,519,241,663,251,386,306,244,798,925,1249,3114,20,34,175,234,195,343,166,480,171,262,192,165,463,579,764,1985,9264,6300,279,4,180,0,0,5,4
2021-02-15T23:59:59+01:00,0,0,37,50,231,319,261,506,237,657,247,378,302,243,779,916,1237,3095,19,32,168,227,190,335,161,469,165,255,182,159,433,550,728,1914,9198,6059,265,4,143,0,0,5,4
2021-02-14T23:59:59+01:00,0,0,35,50,228,316,259,500,235,651,247,374,302,239,772,910,1228,3076,18,32,166,224,186,330,160,457,163,252,181,156,425,541,710,1870,9175,5942,232,4,125,0,0,5,4
2021-02-13T23:59:59+01:00,0,0,34,50,228,316,257,500,235,650,247,374,302,239,770,909,1227,3075,18,32,164,223,183,330,159,455,162,249,179,153,420,538,702,1855,9168,5895,232,1,123,0,0,5,4
2021-02-12T23:59:59+01:00,0,0,33,48,225,310,254,491,231,639,244,367,301,238,764,908,1224,3065,18,32,162,220,182,329,157,453,160,248,177,149,416,522,671,1789,9139,5758,232,1,79,0,0,5,4
2021-02-11T23:59:59+01:00,0,0,32,47,217,291,247,475,224,615,231,354,297,237,756,891,1199,3032,18,31,146,200,174,298,146,406,154,225,160,133,369,473,608,1621,9068,5229,165,1,18,0,0,5,4
2021-02-10T23:59:59+01:00,0,0,31,47,214,283,244,468,220,606,228,347,293,237,744,888,1191,3022,17,28,133,176,158,260,127,356,143,200,144,125,342,442,546,1496,9012,4753,148,1,7,0,0,5,2
2021-02-09T23:59:59+01:00,0,0,30,46,213,280,242,455,215,598,224,344,289,233,740,881,1182,3009,17,26,118,147,145,237,110,313,129,173,126,116,308,385,491,1338,8957,4233,124,1,3,0,0,5,2
2021-02-08T23:59:59+01:00,0,0,30,46,212,278,236,441,212,586,221,339,284,233,732,874,1176,3002,15,24,102,125,124,193,91,272,121,161,103,107,269,333,429,1202,8890,3720,109,1,3,0,0,5,2
2021-02-07T23:59:59+01:00,0,0,30,45,210,277,234,440,212,583,221,338,284,233,730,870,1171,2999,14,18,98,117,117,182,86,254,115,151,96,102,262,320,413,1152,8869,3543,106,1,0,0,0,5,2
2021-02-06T23:59:59+01:00,0,0,30,45,210,277,234,439,212,583,221,337,283,233,729,870,1170,2987,11,14,97,115,116,178,84,247,115,149,95,101,262,316,402,1137,8866,3482,92,1,0,0,0,5,2
2021-02-05T23:59:59+01:00,0,0,29,44,210,277,234,438,210,580,219,336,282,233,727,870,1158,2960,10,10,89,107,112,175,83,242,109,137,92,99,253,310,377,1108,8846,3354,57,0,0,0,0,5,2
2021-02-04T23:59:59+01:00,0,0,29,44,207,273,230,433,205,574,217,332,279,229,721,863,1149,2946,9,7,62,74,89,131,71,203,89,118,88,85,221,274,333,982,8771,2866,57,0,0,0,0,4,2
2021-02-03T23:59:59+01:00,0,0,29,43,207,271,229,421,202,568,216,329,276,226,711,860,1141,2929,6,4,45,56,70,107,53,157,76,88,63,60,166,200,252,719,8705,2146,50,0,0,0,0,4,2
2021-02-02T23:59:59+01:00,0,0,28,43,206,269,225,415,201,563,213,328,273,225,703,849,1134,2904,3,3,29,39,55,77,41,101,57,65,54,49,119,134,168,475,8625,1485,49,0,0,0,0,4,2
2021-02-01T23:59:59+01:00,0,0,27,41,204,269,222,410,198,557,208,320,271,222,696,846,1129,2892,3,1,22,21,28,45,28,62,33,34,38,31,72,86,97,286,8558,895,49,0,0,0,0,4,2
2021-01-31T23:59:59+01:00,0,0,27,41,203,267,220,406,196,549,207,319,270,222,692,842,1123,2877,3,1,20,16,19,37,21,49,25,30,35,25,57,74,94,256,8506,768,48,0,0,0,0,4,2
2021-01-30T23:59:59+01:00,0,0,27,41,203,267,220,405,195,549,207,319,270,222,691,842,1122,2875,3,1,19,15,17,37,19,45,23,29,34,24,57,71,92,250,8501,741,47,0,0,0,0,4,2
2021-01-29T23:59:59+01:00,0,0,27,41,203,264,219,404,194,548,205,317,270,222,686,839,1116,2867,3,0,16,10,12,31,18,40,19,26,34,23,54,70,90,244,8473,693,43,0,0,0,0,3,2
2021-01-28T23:59:59+01:00,0,0,27,40,196,261,219,398,193,539,202,312,269,222,674,831,1093,2847,3,0,3,3,7,18,10,21,9,12,26,16,37,47,60,173,8383,447,34,0,0,0,0,3,1
2021-01-27T23:59:59+01:00,0,0,26,38,191,256,214,389,191,526,199,302,261,217,659,813,1069,2809,1,0,2,3,6,14,9,19,8,11,25,15,31,41,50,132,8219,368,29,0,0,0,0,3,1
2021-01-26T23:59:59+01:00,0,0,23,38,188,245,208,376,186,508,196,294,255,212,637,796,1041,2758,1,0,1,3,6,14,9,19,8,11,24,12,30,37,49,115,8024,340,24,0,0,0,0,3,1
2021-01-25T23:59:59+01:00,0,0,23,37,179,242,205,366,181,498,191,283,245,207,614,776,1015,2713,1,0,1,3,4,12,8,16,8,10,21,10,26,36,41,104,7854,302,6,0,0,0,0,3,1
2021-01-24T23:59:59+01:00,0,0,22,36,177,239,202,365,180,496,190,281,245,205,610,771,1012,2708,1,0,1,3,3,12,8,16,8,10,21,10,26,36,40,102,7818,298,5,0,0,0,0,3,1
2021-01-23T23:59:59+01:00,0,0,22,36,177,239,200,365,180,495,190,281,245,205,609,771,1004,2695,1,0,1,3,3,11,8,16,7,10,21,10,26,36,40,102,7793,296,5,0,0,0,0,3,1
2021-01-22T23:59:59+01:00,0,0,21,35,175,235,199,365,180,494,189,281,245,203,607,769,976,2653,1,0,1,3,3,11,8,16,7,10,21,10,26,36,40,102,7706,296,5,0,0,0,0,3,1
2021-01-21T23:59:59+01:00,0,0,20,35,166,226,192,347,175,471,187,264,233,198,582,743,940,2600,1,0,1,3,1,6,7,11,5,6,20,8,22,26,35,85,7454,238,5,0,0,0,0,3,1
2021-01-20T23:59:59+01:00,0,0,19,33,151,200,174,305,146,415,173,240,215,187,539,697,871,2400,1,0,1,3,1,6,7,10,5,5,19,7,21,23,31,79,6833,220,4,0,0,0,0,3,1
2021-01-19T23:59:59+01:00,0,0,19,30,128,168,159,271,133,372,157,217,180,166,476,607,773,2126,1,0,1,3,1,6,5,7,3,3,11,3,10,15,22,57,6042,148,3,0,0,0,0,3,1
2021-01-18T23:59:59+01:00,0,0,16,29,113,150,137,227,115,323,140,190,142,151,386,502,638,1785,1,0,1,1,0,3,4,5,2,3,2,1,4,6,10,28,5100,71,3,0,0,0,0,3,1
2021-01-17T23:59:59+01:00,0,0,15,19,109,136,129,214,107,299,132,178,133,137,371,472,588,1682,1,0,0,0,0,1,2,4,2,2,1,1,3,1,2,5,4770,24,3,0,0,0,0,3,1
2021-01-16T23:59:59+01:00,0,0,13,15,105,133,127,209,104,289,130,172,130,133,366,464,571,1654,0,0,0,0,0,0,0,0,1,0,0,0,0,0,0,0,4664,0,0,0,0,0,0,3,1
2021-01-15T23:59:59+01:00,0,0,11,13,100,124,123,204,102,279,128,160,126,130,358,448,540,1610,0,0,0,0,0,0,0,0,1,0,0,0,0,0,0,0,4502,0,0,0,0,0,0,3,1
2021-01-14T23:59:59+01:00,0,0,9,9,75,91,104,167,84,234,112,143,114,109,306,398,475,1394,0,0,0,0,0,0,0,0,1,0,0,0,0,0,0,0,3859,0,0,0,0,0,0,3,1
2021-01-13T23:59:59+01:00,0,0,7,8,62,81,93,140,74,192,102,117,86,80,236,283,377,1064,0,0,0,0,0,0,0,0,1,0,0,0,0,0,0,0,3031,0,0,0,0,0,0,3,1
2021-01-12T23:59:59+01:00,0,0,5,6,53,62,76,110,66,135,80,93,70,64,166,203,274,745,0,0,0,0,0,0,0,0,1,0,0,0,0,0,0,0,2234,0,0,0,0,0,0,1,1
2021-01-11T23:59:59+01:00,0,0,4,4,45,49,63,81,52,108,58,65,50,43,96,123,145,419,0,0,0,0,0,0,0,0,1,0,0,0,0,0,0,0,1426,0,0,0,0,0,0,1,1
2021-01-10T23:59:59+01:00,0,0,3,4,41,37,47,67,38,86,48,56,45,33,79,109,136,365,0,0,0,0,0,0,0,0,1,0,0,0,0,0,0,0,1206,0,0,0,0,0,0,1,1
2021-01-09T23:59:59+01:00,0,0,3,3,38,36,42,64,35,76,42,51,44,33,79,107,133,363,0,0,0,0,0,0,0,0,1,0,0,0,0,0,0,0,1159,0,0,0,0,0,0,1,1
2021-01-08T23:59:59+01:00,0,0,3,2,31,28,35,57,29,63,37,45,42,30,74,104,129,352,0,0,0,0,0,0,0,0,1,0,0,0,0,0,0,0,1069,0,0,0,0,0,0,1,1
2021-01-07T23:59:59+01:00,0,0,3,2,9,3,10,20,12,27,13,22,35,21,52,69,89,250,0,0,0,0,0,0,0,0,1,0,0,0,0,0,0,0,640,0,0,0,0,0,0,0,1
2021-01-06T23:59:59+01:00,0,0,3,0,2,3,5,15,9,21,9,13,31,19,44,58,74,199,0,0,0,0,0,0,0,0,1,0,0,0,0,0,0,0,508,0,0,0,0,0,0,0,1
2021-01-05T23:59:59+01:00,0,0,2,0,1,3,5,14,9,19,9,12,30,18,43,57,71,191,0,0,0,0,0,0,0,0,1,0,0,0,0,0,0,0,487,0,0,0,0,0,0,0,1
2021-01-04T23:59:59+01:00,0,0,1,0,1,3,5,13,8,17,8,11,26,14,34,48,55,145,0,0,0,0,0,0,0,0,1,0,0,0,0,0,0,0,391,0,0,0,0,0,0,0,1
2021-01-03T23:59:59+01:00,0,0,1,0,1,3,4,13,8,17,7,11,26,14,34,48,55,144,0,0,0,0,0,0,0,0,1,0,0,0,0,0,0,0,388,0,0,0,0,0,0,0,1
2021-01-02T23:59:59+01:00,0,0,1,0,1,3,4,13,7,17,6,11,26,14,34,48,55,144,0,0,0,0,0,0,0,0,1,0,0,0,0,0,0,0,386,0,0,0,0,0,0,0,1
2021-01-01T23:59:59+01:00,0,0,1,0,1,3,4,13,7,17,6,11,26,14,34,48,55,144,0,0,0,0,0,0,0,0,1,0,0,0,0,0,0,0,386,0,0,0,0,0,0,0,1
2020-12-31T23:59:59+01:00,0,0,1,0,1,3,4,12,7,17,6,11,26,14,34,48,55,144,0,0,0,0,0,0,0,0,1,0,0,0,0,0,0,0,385,0,0,0,0,0,0,0,1
2020-12-30T23:59:59+01:00,0,0,1,0,1,3,4,12,7,16,6,11,26,14,34,48,55,144,0,0,0,0,0,0,0,0,1,0,0,0,0,0,0,0,384,0,0,0,0,0,0,0,1
2020-12-29T23:59:59+01:00,0,0,1,0,1,3,3,8,5,12,4,8,19,10,25,40,40,117,0,0,0,0,0,0,0,0,1,0,0,0,0,0,0,0,297,0,0,0,0,0,0,0,1
2020-12-28T23:59:59+01:00,0,0,1,0,1,1,1,2,3,6,3,4,11,3,8,15,24,58,0,0,0,0,0,0,0,0,1,0,0,0,0,0,0,0,142,0,0,0,0,0,0,0,1
2020-12-27T23:59:59+01:00,0,0,1,0,0,0,0,1,2,6,1,2,2,1,5,4,5,20,0,0,0,0,0,0,0,0,0,0,0,0,0,0,0,0,50,0,0,0,0,0,0,0,0
