Datum,<15_1_m,<15_1_w,15-24_1_m,15-24_1_w,25-34_1_m,25-34_1_w,35-44_1_m,35-44_1_w,45-54_1_m,45-54_1_w,55-64_1_m,55-64_1_w,65-74_1_m,65-74_1_w,75-84_1_m,75-84_1_w,>84_1_m,>84_1_w,<15_2_m,<15_2_w,15-24_2_m,15-24_2_w,25-34_2_m,25-34_2_w,35-44_2_m,35-44_2_w,45-54_2_m,45-54_2_w,55-64_2_m,55-64_2_w,65-74_2_m,65-74_2_w,75-84_2_m,75-84_2_w,>84_2_m,>84_2_w,bp_1,bp_2,mo_1,mo_2,az_1,az_2,ja,unb_1,unb_2
2021-12-05T23:59:59+01:00,395,403,5442,4342,13079,8578,12310,7895,10359,10323,6387,6994,2089,2592,1265,1707,338,943,223,204,4456,3627,11026,7488,10589,6875,9031,9016,5730,6235,1927,2362,1187,1616,299,868,64916,53838,8526,7684,9615,8306,14570,83,89
2021-12-04T23:59:59+01:00,387,399,5435,4339,13072,8576,12306,7895,10357,10322,6384,6994,2089,2587,1265,1707,338,942,222,202,4445,3621,11009,7473,10565,6866,9009,9001,5723,6224,1925,2361,1187,1615,299,868,64873,53701,8522,7677,9615,8306,14570,83,89
2021-12-03T23:59:59+01:00,376,386,5421,4329,13055,8567,12292,7890,10349,10307,6382,6981,2088,2583,1265,1706,338,942,221,201,4418,3609,10961,7452,10514,6848,8975,8970,5700,6201,1923,2359,1185,1615,299,868,64752,53413,8510,7674,9615,8305,14566,83,89
2021-12-02T23:59:59+01:00,368,375,5409,4317,13032,8554,12264,7873,10333,10293,6373,6963,2086,2577,1263,1706,337,942,221,197,4385,3593,10892,7417,10424,6818,8907,8930,5669,6171,1922,2357,1184,1612,299,868,64577,52979,8497,7659,9615,8305,14562,83,89
2021-12-01T23:59:59+01:00,360,368,5399,4310,13019,8549,12246,7861,10318,10274,6362,6942,2084,2573,1262,1703,337,941,219,197,4357,3582,10824,7382,10356,6792,8847,8906,5653,6151,1918,2350,1183,1611,299,868,64432,52624,8487,7645,9615,8304,14560,83,89
2021-11-30T23:59:59+01:00,351,359,5388,4302,12996,8540,12225,7850,10302,10263,6353,6932,2080,2570,1261,1702,337,941,218,195,4326,3567,10781,7365,10305,6774,8813,8884,5634,6138,1917,2347,1182,1610,299,866,64288,52365,8480,7636,9615,8304,14554,83,89
2021-11-29T23:59:59+01:00,337,350,5370,4296,12974,8531,12202,7837,10293,10245,6345,6922,2080,2561,1261,1701,336,941,218,195,4308,3556,10731,7349,10252,6752,8775,8848,5615,6118,1914,2343,1181,1606,299,863,64128,52083,8475,7625,9615,8304,14549,83,89
2021-11-28T23:59:59+01:00,331,345,5356,4288,12951,8520,12189,7823,10279,10227,6340,6909,2077,2558,1261,1699,336,940,216,193,4292,3548,10704,7330,10212,6741,8748,8832,5607,6104,1910,2342,1181,1606,299,863,63988,51900,8467,7618,9615,8304,14543,83,89
2021-11-27T23:59:59+01:00,325,334,5354,4284,12944,8512,12176,7814,10272,10215,6339,6906,2077,2557,1261,1699,336,940,216,192,4284,3543,10694,7324,10184,6733,8737,8824,5604,6102,1910,2342,1181,1606,299,863,63912,51819,8461,7609,9614,8304,14542,83,89
2021-11-26T23:59:59+01:00,314,324,5341,4270,12916,8498,12155,7800,10249,10196,6330,6893,2076,2554,1261,1698,336,938,215,191,4260,3530,10649,7307,10153,6713,8705,8806,5596,6091,1909,2338,1181,1606,299,862,63734,51611,8453,7600,9614,8304,14532,83,89
2021-11-25T23:59:59+01:00,303,319,5318,4253,12874,8476,12120,7773,10219,10169,6318,6873,2068,2548,1258,1694,336,938,213,186,4217,3507,10588,7279,10084,6672,8640,8777,5578,6079,1905,2333,1181,1605,299,862,63458,51229,8446,7582,9614,8304,14522,83,89
2021-11-24T23:59:59+01:00,299,313,5293,4248,12838,8462,12098,7753,10191,10149,6299,6855,2067,2538,1256,1692,336,938,212,184,4199,3499,10530,7252,10031,6654,8603,8754,5563,6064,1903,2332,1181,1604,299,862,63238,50960,8438,7577,9614,8304,14517,83,89
2021-11-23T23:59:59+01:00,292,304,5270,4237,12796,8443,12053,7725,10153,10113,6285,6837,2061,2533,1254,1691,336,937,212,184,4180,3491,10478,7233,9992,6631,8562,8731,5549,6046,1897,2329,1181,1603,299,861,62966,50711,8416,7569,9614,8304,14505,83,89
2021-11-22T23:59:59+01:00,284,293,5251,4225,12742,8421,12010,7706,10120,10083,6272,6816,2058,2522,1253,1690,336,937,209,182,4160,3481,10438,7219,9945,6614,8524,8698,5540,6032,1894,2326,1180,1602,299,861,62680,50469,8406,7562,9614,8302,14499,83,89
2021-11-21T23:59:59+01:00,282,284,5232,4219,12697,8406,11966,7683,10096,10056,6259,6804,2055,2518,1250,1690,336,937,205,182,4148,3472,10415,7210,9913,6595,8497,8683,5530,6023,1893,2323,1180,1601,299,860,62454,50311,8396,7557,9614,8302,14486,83,89
2021-11-20T23:59:59+01:00,279,282,5189,4210,12663,8393,11945,7677,10071,10035,6242,6793,2052,2517,1249,1689,336,937,204,182,4142,3466,10397,7201,9896,6592,8487,8671,5519,6017,1889,2320,1180,1601,299,860,62267,50219,8383,7553,9614,8302,14475,83,89
2021-11-19T23:59:59+01:00,270,273,5147,4174,12606,8375,11899,7654,10031,9999,6232,6779,2048,2507,1249,1689,336,937,203,182,4115,3454,10337,7185,9856,6576,8465,8649,5505,6011,1889,2316,1180,1601,299,860,61932,49996,8373,7545,9614,8302,14466,83,89
2021-11-18T23:59:59+01:00,268,265,5105,4149,12520,8339,11833,7618,9979,9950,6209,6750,2044,2500,1246,1686,336,935,199,181,4089,3441,10283,7168,9792,6560,8427,8625,5487,5999,1886,2312,1178,1600,299,860,61489,49721,8356,7536,9614,8302,14453,83,89
2021-11-17T23:59:59+01:00,267,264,5069,4122,12444,8298,11762,7584,9922,9898,6183,6724,2039,2494,1244,1684,336,933,199,181,4061,3433,10246,7146,9739,6531,8392,8589,5466,5985,1885,2310,1176,1597,299,860,61048,49453,8348,7528,9614,8302,14437,83,89
2021-11-16T23:59:59+01:00,266,260,5039,4102,12352,8258,11680,7543,9869,9848,6153,6704,2034,2481,1244,1681,335,933,198,181,4048,3429,10220,7131,9709,6521,8365,8562,5456,5973,1884,2309,1176,1596,299,859,60602,49298,8329,7523,9614,8302,14417,83,89
2021-11-15T23:59:59+01:00,264,259,5005,4081,12265,8221,11598,7505,9804,9790,6123,6672,2027,2473,1244,1679,335,932,195,181,4027,3417,10204,7121,9674,6507,8353,8544,5448,5957,1881,2307,1175,1596,299,857,60125,49151,8320,7518,9614,8302,14395,83,89
2021-11-14T23:59:59+01:00,263,254,4963,4057,12201,8189,11530,7478,9743,9754,6101,6650,2023,2471,1242,1678,335,932,194,180,4015,3406,10166,7105,9659,6498,8342,8528,5442,5950,1881,2307,1173,1595,299,857,59746,49031,8310,7513,9614,8302,14371,83,89
2021-11-13T23:59:59+01:00,261,253,4944,4043,12148,8164,11483,7459,9702,9728,6087,6638,2021,2470,1242,1677,335,932,192,180,4008,3401,10154,7097,9653,6495,8335,8525,5439,5948,1880,2306,1173,1595,299,857,59505,48995,8292,7509,9614,8301,14352,83,89
2021-11-12T23:59:59+01:00,257,247,4901,4024,12075,8124,11416,7426,9644,9689,6066,6613,2019,2464,1241,1677,335,932,190,180,3990,3390,10130,7084,9635,6482,8316,8514,5429,5943,1880,2303,1173,1595,299,857,59100,48873,8282,7506,9614,8301,14329,83,89
2021-11-11T23:59:59+01:00,255,245,4847,4005,11969,8073,11295,7384,9569,9623,6026,6572,2013,2456,1241,1675,335,931,189,179,3967,3379,10096,7067,9606,6455,8286,8493,5425,5931,1880,2302,1171,1594,299,857,58519,48701,8259,7497,9614,8301,14295,83,89
2021-11-10T23:59:59+01:00,249,243,4794,3986,11835,8014,11193,7337,9491,9570,5994,6545,2008,2450,1240,1672,335,929,187,178,3954,3367,10070,7056,9580,6441,8258,8479,5414,5926,1878,2299,1170,1591,299,857,57945,48573,8239,7492,9613,8301,14255,83,89
2021-11-09T23:59:59+01:00,249,241,4747,3960,11733,7980,11116,7300,9435,9542,5966,6516,2007,2448,1240,1672,335,929,186,175,3939,3361,10037,7048,9556,6430,8240,8456,5404,5912,1878,2296,1168,1590,299,857,57531,48450,8224,7485,9613,8300,14212,83,89
2021-11-08T23:59:59+01:00,247,237,4694,3936,11616,7950,11006,7261,9359,9483,5935,6485,2003,2445,1239,1669,335,928,185,173,3918,3354,10006,7032,9526,6414,8223,8444,5398,5904,1876,2291,1167,1589,299,857,57009,48338,8210,7473,9612,8300,14158,83,89
2021-11-07T23:59:59+01:00,246,236,4667,3922,11553,7917,10940,7244,9311,9458,5918,6469,2001,2441,1238,1668,334,928,184,172,3907,3343,9988,7024,9508,6406,8214,8434,5393,5900,1875,2290,1166,1588,299,857,56717,48272,8196,7463,9611,8300,14126,83,89
2021-11-06T23:59:59+01:00,246,235,4656,3915,11521,7905,10897,7227,9285,9443,5906,6458,1998,2439,1238,1668,334,928,184,172,3906,3339,9983,7021,9504,6402,8209,8428,5389,5898,1873,2290,1166,1588,299,857,56531,48239,8193,7463,9611,8300,14119,83,89
2021-11-05T23:59:59+01:00,245,233,4623,3895,11460,7877,10825,7193,9218,9401,5891,6441,1997,2434,1237,1667,334,928,183,172,3891,3333,9967,7007,9488,6396,8189,8416,5385,5892,1872,2288,1166,1588,299,857,56170,48157,8189,7461,9611,8300,14083,83,89
2021-11-04T23:59:59+01:00,243,231,4567,3869,11351,7819,10712,7143,9118,9351,5863,6416,1993,2428,1236,1666,334,927,182,170,3870,3322,9936,6981,9447,6372,8164,8386,5369,5877,1872,2283,1165,1588,299,857,55659,48024,8172,7458,9611,8300,13969,83,89
2021-11-03T23:59:59+01:00,242,227,4543,3847,11255,7777,10618,7112,9046,9306,5839,6394,1990,2427,1236,1665,334,926,181,167,3853,3318,9905,6963,9414,6366,8143,8370,5363,5873,1869,2276,1165,1588,299,856,55237,47915,8164,7451,9611,8300,13914,83,89
2021-11-02T23:59:59+01:00,242,226,4510,3834,11180,7747,10538,7080,8977,9275,5812,6376,1987,2424,1236,1664,334,926,180,167,3845,3306,9880,6943,9387,6355,8125,8343,5354,5863,1866,2274,1165,1586,299,854,54894,47815,8154,7444,9611,8298,13844,83,89
2021-11-01T23:59:59+01:00,241,226,4476,3818,11111,7718,10443,7050,8913,9247,5787,6353,1984,2417,1236,1662,334,925,180,167,3826,3296,9848,6921,9352,6336,8103,8330,5342,5852,1865,2274,1165,1586,299,854,54559,47710,8146,7437,9611,8298,13759,83,89
2021-10-31T23:59:59+01:00,239,226,4464,3816,11093,7711,10432,7046,8905,9240,5786,6350,1984,2417,1236,1662,334,925,179,167,3820,3296,9841,6919,9347,6334,8101,8327,5340,5849,1864,2274,1165,1586,299,854,54513,47701,8141,7436,9611,8298,13735,83,89
2021-10-30T23:59:59+02:00,238,226,4459,3814,11075,7707,10417,7043,8896,9231,5777,6346,1983,2416,1236,1662,334,925,179,167,3818,3296,9833,6916,9342,6334,8097,8326,5335,5846,1864,2274,1165,1586,299,854,54452,47692,8141,7435,9611,8298,13713,83,89
2021-10-29T23:59:59+02:00,237,226,4412,3801,10995,7682,10339,7011,8849,9191,5758,6333,1983,2412,1236,1662,333,924,178,167,3797,3290,9799,6910,9315,6326,8079,8314,5328,5839,1862,2274,1165,1586,299,853,54144,47630,8132,7432,9611,8298,13626,83,89
2021-10-28T23:59:59+02:00,236,224,4372,3785,10893,7653,10232,6975,8788,9137,5733,6306,1981,2405,1233,1662,333,924,178,166,3778,3279,9751,6885,9263,6299,8048,8287,5314,5828,1861,2270,1164,1586,298,853,53785,47510,8116,7419,9611,8298,13479,83,89
2021-10-27T23:59:59+02:00,236,223,4349,3777,10835,7631,10181,6938,8732,9104,5714,6287,1978,2402,1233,1661,333,924,177,166,3761,3269,9719,6864,9240,6285,8030,8270,5305,5816,1858,2269,1163,1583,298,852,53525,47397,8103,7409,9611,8297,13416,83,89
2021-10-26T23:59:59+02:00,235,222,4314,3760,10791,7601,10131,6909,8689,9057,5693,6272,1976,2399,1232,1660,333,923,175,166,3746,3261,9682,6843,9210,6270,8008,8248,5294,5809,1856,2269,1161,1579,298,851,53265,47271,8094,7408,9611,8297,13339,83,89
2021-10-25T23:59:59+02:00,234,222,4309,3755,10775,7595,10109,6894,8674,9037,5690,6265,1974,2398,1232,1660,333,923,175,166,3744,3260,9672,6833,9192,6260,7997,8233,5290,5806,1855,2269,1160,1579,298,851,53194,47233,8093,7406,9611,8297,13292,83,89
2021-10-24T23:59:59+02:00,231,221,4299,3743,10734,7578,10078,6874,8655,9013,5684,6256,1972,2398,1231,1660,333,923,174,166,3736,3255,9650,6826,9173,6248,7987,8219,5285,5802,1855,2268,1160,1578,298,851,53050,47177,8087,7402,9610,8295,13244,83,89
2021-10-23T23:59:59+02:00,228,221,4294,3739,10713,7576,10067,6866,8650,9003,5682,6251,1972,2398,1231,1660,333,923,174,166,3734,3253,9642,6825,9167,6244,7981,8216,5283,5801,1855,2268,1160,1578,298,851,52991,47160,8086,7400,9610,8295,13228,83,89
2021-10-22T23:59:59+02:00,227,220,4275,3727,10678,7560,10039,6851,8625,8969,5671,6230,1972,2397,1231,1660,333,923,173,165,3726,3251,9621,6813,9146,6233,7970,8203,5275,5791,1854,2264,1160,1577,298,851,52823,47087,8082,7396,9610,8295,13178,83,89
2021-10-21T23:59:59+02:00,221,218,4255,3714,10615,7539,9994,6814,8594,8923,5662,6204,1971,2395,1230,1659,333,923,172,165,3696,3237,9573,6798,9118,6214,7944,8178,5260,5776,1852,2261,1159,1576,298,851,52584,46927,8070,7387,9610,8295,13103,83,89
2021-10-20T23:59:59+02:00,221,218,4246,3704,10596,7526,9964,6798,8567,8902,5653,6191,1968,2392,1230,1659,333,923,171,164,3685,3222,9545,6784,9093,6200,7928,8165,5252,5766,1849,2260,1159,1574,298,849,52444,46802,8067,7380,9610,8294,13072,82,89
2021-10-19T23:59:59+02:00,218,217,4234,3698,10578,7519,9937,6786,8552,8889,5645,6185,1967,2391,1230,1659,333,922,165,162,3674,3206,9525,6768,9078,6185,7916,8152,5239,5756,1849,2255,1158,1573,298,849,52344,46670,8058,7375,9610,8294,13049,82,89
2021-10-18T23:59:59+02:00,218,214,4218,3691,10564,7511,9919,6778,8541,8878,5640,6172,1966,2388,1228,1658,333,922,165,162,3662,3192,9506,6753,9062,6179,7907,8144,5238,5744,1845,2251,1158,1573,298,847,52247,46577,8054,7365,9610,8293,13027,82,89
2021-10-17T23:59:59+02:00,218,212,4207,3687,10554,7504,9906,6774,8533,8875,5639,6168,1965,2388,1228,1658,333,921,165,159,3650,3184,9495,6748,9054,6173,7896,8135,5236,5739,1844,2247,1156,1573,298,847,52197,46508,8049,7361,9610,8292,13012,82,89
2021-10-16T23:59:59+02:00,218,212,4205,3685,10548,7501,9904,6773,8530,8870,5637,6166,1964,2387,1227,1657,333,921,165,158,3649,3183,9491,6746,9054,6173,7893,8134,5235,5739,1844,2247,1156,1573,298,847,52174,46501,8046,7361,9610,8291,13006,82,89
2021-10-15T23:59:59+02:00,216,212,4193,3678,10533,7492,9891,6767,8521,8855,5629,6159,1963,2387,1227,1657,333,921,165,156,3638,3179,9480,6735,9042,6165,7886,8128,5228,5735,1844,2247,1156,1572,298,847,52085,46434,8042,7358,9610,8291,12990,82,89
2021-10-14T23:59:59+02:00,215,212,4180,3671,10505,7475,9862,6748,8498,8835,5620,6149,1962,2383,1227,1656,333,921,164,153,3612,3170,9449,6709,9010,6141,7862,8115,5217,5724,1843,2242,1153,1572,298,847,51959,46275,8033,7344,9610,8289,12943,82,89
2021-10-13T23:59:59+02:00,213,212,4166,3664,10487,7461,9844,6739,8483,8819,5612,6142,1961,2382,1227,1654,333,921,161,153,3597,3161,9420,6696,8994,6129,7845,8104,5208,5717,1843,2242,1152,1570,298,847,51865,46172,8029,7337,9610,8289,12909,82,89
2021-10-12T23:59:59+02:00,211,211,4160,3659,10469,7454,9825,6729,8470,8801,5598,6132,1960,2380,1226,1653,333,921,160,151,3590,3149,9397,6678,8969,6114,7828,8092,5193,5707,1838,2237,1152,1569,298,847,51763,46032,8024,7333,9610,8288,12886,82,89
2021-10-11T23:59:59+02:00,211,209,4147,3652,10443,7445,9801,6713,8461,8782,5592,6121,1959,2378,1226,1653,333,921,158,151,3578,3138,9357,6664,8938,6095,7810,8072,5185,5697,1837,2236,1152,1569,298,847,51668,45895,8014,7322,9610,8287,12845,82,89
2021-10-10T23:59:59+02:00,210,207,4136,3649,10435,7432,9794,6702,8451,8771,5589,6112,1958,2378,1224,1653,333,921,157,151,3567,3135,9338,6655,8927,6087,7797,8066,5179,5690,1835,2235,1152,1568,298,847,51605,45818,8004,7320,9610,8286,12826,82,89
2021-10-09T23:59:59+02:00,210,207,4135,3648,10431,7431,9781,6697,8448,8769,5587,6112,1958,2377,1224,1653,333,921,157,149,3564,3132,9336,6653,8918,6081,7793,8065,5174,5689,1835,2235,1152,1568,298,847,51589,45800,8003,7317,9610,8284,12810,82,89
2021-10-08T23:59:59+02:00,208,206,4126,3639,10410,7422,9768,6685,8434,8752,5580,6105,1957,2376,1224,1652,333,921,157,149,3556,3124,9316,6646,8901,6072,7787,8049,5164,5686,1832,2232,1151,1567,298,847,51498,45721,7999,7314,9610,8284,12779,82,89
2021-10-07T23:59:59+02:00,207,204,4109,3627,10385,7405,9728,6674,8414,8731,5575,6099,1956,2371,1224,1652,333,921,157,148,3531,3101,9273,6629,8875,6061,7764,8019,5146,5675,1829,2226,1151,1567,298,847,51361,45539,7992,7297,9610,8284,12738,82,89
2021-10-06T23:59:59+02:00,205,203,4100,3618,10357,7388,9712,6667,8404,8723,5568,6091,1954,2366,1224,1650,333,920,156,148,3515,3089,9248,6618,8856,6050,7755,8006,5144,5665,1827,2222,1151,1566,298,846,51262,45435,7988,7292,9610,8283,12708,82,89
2021-10-05T23:59:59+02:00,204,202,4083,3608,10341,7372,9692,6655,8384,8699,5560,6084,1953,2364,1224,1649,333,920,155,148,3498,3077,9227,6605,8832,6036,7732,7981,5133,5656,1825,2218,1150,1564,298,845,51151,45301,7984,7285,9610,8283,12666,82,89
2021-10-04T23:59:59+02:00,203,201,4058,3599,10315,7357,9657,6638,8366,8685,5552,6075,1951,2364,1223,1644,333,918,154,148,3483,3068,9200,6586,8797,6019,7710,7952,5123,5641,1824,2216,1149,1562,297,845,51032,45160,7975,7281,9610,8283,12603,82,89
2021-10-03T23:59:59+02:00,203,200,4044,3594,10290,7342,9645,6627,8352,8672,5550,6068,1949,2361,1222,1643,332,918,154,148,3469,3062,9172,6575,8784,6010,7701,7939,5118,5636,1823,2212,1149,1561,296,845,50955,45095,7974,7278,9610,8279,12554,82,89
2021-10-02T23:59:59+02:00,202,200,4042,3593,10289,7340,9641,6626,8350,8671,5548,6066,1948,2360,1222,1643,332,918,154,148,3466,3061,9168,6574,8782,6010,7697,7938,5117,5632,1822,2211,1149,1561,296,845,50945,45084,7972,7277,9610,8277,12545,82,89
2021-10-01T23:59:59+02:00,200,199,4032,3589,10270,7332,9625,6615,8340,8657,5544,6057,1944,2356,1222,1643,332,917,152,147,3448,3053,9149,6562,8765,5998,7688,7927,5111,5625,1820,2211,1149,1561,296,845,50874,45010,7969,7273,9610,8273,12502,82,89
2021-09-30T23:59:59+02:00,200,198,3999,3573,10222,7309,9585,6586,8312,8629,5527,6043,1941,2353,1221,1643,332,916,150,146,3424,3030,9101,6533,8728,5976,7672,7893,5095,5611,1818,2205,1149,1561,296,844,50700,44867,7961,7246,9610,8270,12395,82,89
2021-09-29T23:59:59+02:00,200,196,3980,3560,10177,7293,9567,6565,8298,8600,5518,6037,1939,2350,1220,1641,332,915,150,145,3404,3020,9066,6524,8711,5955,7659,7873,5083,5598,1818,2203,1149,1560,296,844,50571,44769,7952,7239,9610,8266,12325,82,89
2021-09-28T23:59:59+02:00,198,196,3968,3551,10134,7273,9536,6551,8270,8564,5509,6020,1939,2343,1220,1640,332,913,147,144,3387,3006,9037,6504,8689,5939,7631,7846,5075,5585,1818,2197,1149,1559,296,843,50436,44659,7944,7233,9610,8264,12234,82,89
2021-09-27T23:59:59+02:00,195,196,3947,3534,10098,7242,9512,6526,8248,8534,5495,6008,1936,2331,1219,1640,331,912,147,142,3367,2992,8992,6476,8658,5911,7605,7816,5063,5577,1815,2188,1148,1558,296,842,50306,44521,7935,7230,9610,8260,12118,82,89
2021-09-26T23:59:59+02:00,193,196,3939,3525,10077,7232,9501,6517,8235,8522,5490,6002,1931,2330,1217,1639,331,912,146,141,3358,2986,8971,6471,8649,5900,7593,7809,5056,5567,1812,2187,1148,1557,296,841,50233,44462,7934,7226,9609,8256,12077,82,89
2021-09-25T23:59:59+02:00,193,195,3933,3524,10068,7228,9497,6514,8229,8521,5486,6002,1931,2329,1217,1638,331,912,146,140,3351,2983,8964,6467,8645,5898,7589,7804,5054,5566,1812,2186,1147,1554,296,841,50214,44442,7932,7224,9609,8253,12057,82,89
2021-09-24T23:59:59+02:00,192,192,3920,3517,10034,7215,9481,6503,8205,8502,5478,5990,1929,2327,1217,1637,331,912,145,140,3338,2972,8936,6453,8631,5887,7566,7789,5047,5557,1811,2182,1147,1554,296,841,50128,44376,7930,7219,9609,8253,11976,82,89
2021-09-23T23:59:59+02:00,190,189,3882,3497,9965,7183,9425,6459,8166,8452,5460,5970,1923,2320,1215,1634,331,912,145,139,3309,2955,8876,6421,8577,5851,7526,7742,5029,5540,1804,2178,1146,1552,296,841,49967,44267,7921,7210,9609,8249,11728,82,89
2021-09-22T23:59:59+02:00,187,189,3858,3481,9932,7165,9398,6436,8131,8436,5441,5960,1921,2316,1214,1634,331,912,142,136,3287,2948,8844,6401,8550,5836,7495,7721,5012,5534,1799,2171,1144,1552,296,840,49832,44143,7916,7207,9607,8243,11636,82,89
2021-09-21T23:59:59+02:00,186,188,3839,3468,9905,7143,9350,6414,8097,8408,5426,5949,1920,2316,1214,1634,331,912,141,136,3263,2934,8806,6374,8503,5820,7459,7687,4996,5514,1798,2170,1143,1551,296,840,49708,43984,7907,7199,9607,8243,11523,82,89
2021-09-20T23:59:59+02:00,184,188,3812,3454,9865,7125,9310,6392,8063,8376,5418,5933,1916,2313,1214,1634,331,910,141,135,3242,2910,8762,6354,8461,5796,7424,7654,4988,5494,1795,2168,1142,1550,295,840,49570,43839,7904,7194,9607,8237,11395,82,89
2021-09-19T23:59:59+02:00,184,188,3796,3445,9830,7118,9293,6384,8057,8366,5411,5926,1914,2310,1212,1632,331,909,139,135,3233,2901,8731,6343,8438,5788,7409,7639,4981,5486,1794,2164,1141,1549,295,839,49505,43768,7898,7188,9607,8232,11329,82,89
2021-09-18T23:59:59+02:00,184,187,3793,3445,9825,7116,9286,6381,8051,8364,5409,5925,1914,2310,1212,1632,331,909,139,135,3226,2897,8722,6341,8425,5785,7402,7637,4977,5481,1794,2164,1141,1548,295,839,49493,43726,7897,7187,9606,8232,11310,82,89
2021-09-17T23:59:59+02:00,184,186,3776,3436,9785,7104,9258,6368,8029,8351,5398,5916,1913,2305,1210,1632,331,909,139,135,3212,2888,8680,6328,8397,5774,7379,7627,4968,5472,1794,2163,1140,1548,295,839,49400,43653,7890,7175,9604,8229,11225,82,89
2021-09-16T23:59:59+02:00,184,186,3751,3412,9727,7077,9211,6342,7992,8313,5378,5902,1911,2300,1209,1632,331,908,139,134,3197,2877,8638,6307,8363,5751,7357,7601,4953,5463,1792,2162,1140,1548,294,837,49187,43532,7865,7165,9602,8221,11137,82,89
2021-09-15T23:59:59+02:00,182,185,3730,3401,9687,7057,9177,6317,7962,8295,5371,5882,1908,2296,1206,1631,330,906,137,134,3181,2872,8604,6286,8330,5723,7321,7581,4935,5446,1789,2158,1140,1545,292,834,49032,43384,7858,7157,9602,8217,11049,82,89
2021-09-14T23:59:59+02:00,181,184,3704,3381,9644,7031,9132,6287,7932,8263,5359,5864,1905,2293,1206,1629,329,906,137,133,3159,2857,8564,6258,8291,5705,7295,7557,4921,5429,1788,2158,1139,1542,292,833,48858,43251,7846,7148,9602,8214,10940,82,89
2021-09-13T23:59:59+02:00,178,184,3686,3367,9605,7012,9101,6263,7914,8227,5343,5848,1903,2289,1206,1629,329,905,135,131,3140,2848,8534,6240,8274,5692,7285,7535,4913,5423,1787,2154,1139,1540,292,833,48689,43144,7826,7142,9602,8213,10886,82,89
2021-09-12T23:59:59+02:00,178,183,3670,3366,9582,6999,9091,6253,7905,8211,5336,5841,1902,2287,1205,1626,329,904,134,130,3125,2839,8510,6227,8265,5681,7269,7518,4909,5415,1783,2153,1139,1540,292,832,48608,43062,7825,7137,9602,8205,10846,82,89
2021-09-11T23:59:59+02:00,178,183,3667,3363,9575,6995,9088,6249,7904,8209,5333,5839,1901,2286,1204,1626,329,904,133,130,3123,2838,8503,6224,8263,5677,7268,7514,4908,5413,1783,2153,1139,1540,292,832,48589,43048,7824,7137,9601,8205,10830,82,89
2021-09-10T23:59:59+02:00,177,180,3638,3356,9547,6973,9062,6236,7880,8187,5321,5818,1897,2283,1204,1626,329,904,132,127,3106,2832,8475,6198,8237,5662,7246,7494,4894,5394,1782,2152,1139,1538,292,832,48494,42974,7820,7131,9601,8204,10708,82,89
2021-09-09T23:59:59+02:00,175,179,3620,3341,9494,6946,9023,6212,7857,8148,5304,5807,1895,2280,1204,1626,329,904,130,126,3095,2823,8438,6172,8210,5641,7220,7462,4880,5379,1781,2148,1139,1538,292,832,48323,42862,7812,7119,9600,8195,10611,82,88
2021-09-08T23:59:59+02:00,174,177,3600,3332,9460,6936,8999,6183,7839,8117,5289,5790,1891,2278,1203,1624,329,903,128,124,3077,2811,8394,6154,8176,5617,7192,7423,4870,5355,1780,2146,1138,1538,292,832,48218,42725,7805,7110,9599,8191,10500,82,88
2021-09-07T23:59:59+02:00,173,175,3575,3323,9433,6913,8971,6163,7817,8098,5273,5778,1891,2276,1202,1623,329,899,126,123,3058,2803,8367,6130,8152,5593,7174,7399,4855,5342,1777,2142,1137,1537,292,832,48071,42596,7803,7100,9599,8185,10434,82,88
2021-09-06T23:59:59+02:00,173,175,3558,3313,9402,6895,8942,6148,7798,8070,5266,5766,1888,2267,1199,1623,328,899,126,123,3040,2790,8340,6116,8126,5581,7156,7371,4847,5327,1773,2140,1137,1537,292,832,47936,42485,7801,7095,9598,8184,10365,82,88
2021-09-05T23:59:59+02:00,173,174,3547,3308,9391,6887,8928,6138,7796,8060,5259,5756,1887,2265,1199,1623,328,898,126,122,3030,2788,8324,6101,8116,5569,7149,7363,4837,5320,1771,2139,1137,1536,292,832,47881,42426,7797,7088,9596,8183,10330,82,88
2021-09-04T23:59:59+02:00,173,173,3541,3305,9387,6882,8921,6137,7792,8059,5259,5755,1887,2265,1199,1623,328,898,125,122,3026,2784,8319,6095,8110,5569,7142,7361,4836,5319,1769,2138,1136,1536,292,832,47865,42405,7797,7085,9596,8182,10313,82,88
2021-09-03T23:59:59+02:00,171,172,3525,3287,9356,6872,8900,6120,7773,8043,5246,5740,1883,2262,1199,1622,328,896,124,119,3011,2768,8292,6080,8085,5549,7120,7337,4823,5299,1764,2136,1136,1534,292,830,47782,42311,7785,7063,9596,8181,10216,82,88
2021-09-02T23:59:59+02:00,171,170,3498,3269,9308,6847,8860,6101,7751,8018,5233,5722,1878,2256,1197,1621,328,895,123,117,2992,2755,8246,6061,8047,5529,7095,7308,4814,5278,1759,2131,1134,1533,292,827,47647,42198,7776,7051,9594,8177,10087,82,87
2021-09-01T23:59:59+02:00,168,170,3480,3258,9270,6833,8830,6088,7730,8001,5224,5714,1876,2254,1196,1618,328,895,120,115,2973,2747,8199,6039,8010,5509,7064,7288,4803,5264,1755,2129,1133,1530,292,827,47534,42045,7763,7029,9594,8174,10018,82,87
2021-08-31T23:59:59+02:00,166,169,3467,3248,9231,6810,8811,6078,7710,7980,5216,5704,1872,2252,1195,1617,328,894,119,113,2955,2735,8153,6017,7990,5490,7037,7260,4791,5245,1751,2127,1132,1530,292,827,47433,41918,7757,7019,9594,8158,9933,82,87
2021-08-30T23:59:59+02:00,165,169,3438,3228,9193,6782,8768,6056,7671,7945,5202,5687,1867,2250,1194,1617,328,894,119,112,2924,2722,8107,5993,7952,5471,7001,7237,4779,5226,1747,2123,1131,1530,291,826,47268,41783,7756,7009,9592,8156,9802,82,87
2021-08-29T23:59:59+02:00,164,169,3424,3213,9164,6773,8747,6047,7661,7935,5194,5677,1865,2247,1194,1617,327,894,119,109,2904,2699,8068,5984,7931,5452,6987,7223,4769,5221,1745,2122,1129,1529,290,826,47196,41678,7750,6998,9591,8151,9735,82,87
2021-08-28T23:59:59+02:00,163,169,3418,3212,9161,6771,8739,6046,7654,7933,5194,5675,1865,2246,1194,1616,327,894,119,108,2899,2694,8063,5980,7924,5448,6981,7219,4766,5220,1745,2122,1129,1528,290,826,47180,41652,7749,6997,9591,8151,9715,82,87
2021-08-27T23:59:59+02:00,162,169,3405,3208,9140,6761,8713,6037,7636,7924,5182,5667,1865,2246,1194,1615,327,894,119,107,2880,2688,8042,5972,7901,5433,6968,7212,4757,5213,1745,2122,1128,1526,290,826,47117,41588,7748,6995,9590,8150,9645,82,87
2021-08-26T23:59:59+02:00,162,167,3375,3196,9096,6738,8677,6023,7611,7902,5167,5654,1862,2243,1194,1614,327,893,116,104,2854,2667,7996,5941,7847,5403,6928,7183,4731,5198,1740,2116,1128,1525,290,826,46972,41383,7741,6977,9589,8128,9543,82,87
2021-08-25T23:59:59+02:00,158,165,3358,3186,9058,6719,8641,6005,7587,7879,5153,5632,1860,2239,1194,1612,327,893,113,101,2817,2645,7945,5904,7798,5364,6891,7144,4715,5169,1739,2110,1127,1524,290,826,46855,41135,7734,6969,9588,8120,9429,82,87
2021-08-24T23:59:59+02:00,158,164,3352,3177,9040,6702,8622,5987,7572,7856,5143,5621,1857,2238,1193,1609,327,891,112,101,2796,2623,7913,5869,7764,5341,6864,7116,4698,5152,1738,2108,1127,1523,290,825,46781,40960,7729,6960,9588,8115,9349,82,87
2021-08-23T23:59:59+02:00,157,159,3325,3158,8998,6680,8579,5966,7543,7827,5131,5607,1856,2236,1191,1606,327,890,111,100,2766,2600,7868,5828,7723,5324,6831,7084,4684,5136,1734,2108,1127,1521,289,825,46633,40792,7720,6946,9585,8109,9226,82,87
2021-08-22T23:59:59+02:00,157,159,3312,3150,8984,6663,8566,5959,7524,7815,5124,5601,1855,2235,1190,1606,327,890,110,100,2750,2585,7837,5805,7703,5311,6811,7063,4680,5126,1729,2103,1126,1521,288,825,46562,40660,7713,6936,9585,8106,9181,82,87
2021-08-21T23:59:59+02:00,156,159,3303,3142,8971,6654,8556,5957,7518,7811,5122,5595,1854,2235,1190,1605,327,890,105,98,2740,2577,7818,5796,7684,5301,6799,7055,4672,5116,1728,2101,1125,1521,288,825,46507,40582,7710,6908,9585,8105,9162,82,87
2021-08-20T23:59:59+02:00,155,157,3292,3133,8944,6636,8521,5937,7499,7788,5110,5582,1852,2232,1190,1604,327,888,103,96,2709,2561,7770,5762,7644,5269,6761,7016,4656,5094,1723,2097,1124,1518,288,823,46428,40401,7701,6868,9584,8095,9051,82,87
2021-08-19T23:59:59+02:00,154,154,3273,3120,8900,6611,8487,5917,7476,7760,5097,5563,1846,2229,1189,1602,327,887,97,91,2665,2540,7691,5714,7584,5231,6713,6958,4627,5061,1718,2093,1124,1517,288,823,46297,40067,7688,6836,9582,8086,8936,82,87
2021-08-18T23:59:59+02:00,153,152,3263,3110,8879,6592,8455,5904,7442,7742,5084,5554,1841,2227,1189,1602,326,886,95,89,2638,2520,7627,5677,7523,5195,6669,6925,4602,5037,1713,2088,1122,1517,288,823,46185,39818,7683,6782,9581,8074,8858,82,87
2021-08-17T23:59:59+02:00,152,152,3246,3099,8855,6565,8430,5888,7431,7718,5073,5541,1838,2225,1188,1601,325,886,91,86,2608,2503,7564,5627,7482,5157,6639,6885,4582,5016,1704,2083,1121,1513,287,823,46063,39541,7676,6741,9580,8066,8798,82,87
2021-08-16T23:59:59+02:00,150,151,3234,3087,8831,6550,8409,5881,7416,7702,5060,5528,1837,2224,1188,1601,325,886,84,84,2579,2473,7483,5583,7409,5123,6587,6842,4549,4991,1702,2079,1119,1512,287,823,45968,39159,7671,6725,9580,8054,8742,82,87
2021-08-15T23:59:59+02:00,149,150,3226,3074,8803,6540,8391,5871,7397,7688,5054,5516,1835,2221,1188,1600,325,886,76,81,2541,2438,7417,5549,7373,5095,6545,6811,4535,4978,1697,2074,1118,1510,287,823,45873,38858,7664,6704,9579,8048,8699,82,87
2021-08-14T23:59:59+02:00,148,150,3219,3069,8792,6537,8385,5870,7396,7684,5051,5514,1833,2220,1188,1599,325,886,76,79,2529,2429,7390,5536,7361,5084,6538,6796,4517,4968,1692,2071,1118,1508,287,822,45854,38753,7664,6690,9579,8047,8669,82,87
2021-08-13T23:59:59+02:00,148,149,3203,3065,8770,6529,8376,5857,7382,7670,5042,5505,1833,2216,1187,1598,325,886,76,77,2492,2409,7340,5505,7325,5058,6498,6765,4506,4953,1691,2067,1116,1508,287,822,45783,38514,7663,6675,9579,8046,8613,82,87
2021-08-12T23:59:59+02:00,146,144,3185,3057,8742,6511,8345,5838,7359,7648,5026,5490,1830,2215,1184,1596,325,886,75,76,2447,2373,7247,5456,7271,5018,6448,6716,4480,4923,1686,2064,1113,1507,286,822,45678,38180,7655,6641,9577,8020,8512,81,87
2021-08-11T23:59:59+02:00,144,142,3167,3040,8705,6483,8321,5825,7337,7628,5016,5475,1828,2213,1183,1595,325,886,73,74,2415,2340,7167,5394,7191,4973,6389,6651,4458,4884,1681,2055,1111,1505,286,820,45550,37737,7644,6605,9572,8013,8440,81,87
2021-08-10T23:59:59+02:00,144,141,3148,3028,8674,6471,8292,5805,7307,7612,4998,5466,1824,2213,1183,1593,325,885,72,70,2339,2282,7039,5331,7100,4901,6292,6585,4412,4859,1670,2047,1108,1502,286,819,45438,37100,7636,6578,9569,7998,8357,81,87
2021-08-09T23:59:59+02:00,141,141,3127,3018,8643,6448,8265,5794,7280,7593,4989,5452,1823,2212,1183,1593,325,884,68,69,2275,2217,6923,5249,6999,4856,6220,6527,4383,4823,1664,2037,1107,1501,286,819,45348,36588,7630,6516,9568,7975,8253,81,87
2021-08-08T23:59:59+02:00,141,140,3114,3010,8624,6440,8248,5781,7268,7584,4982,5448,1819,2212,1183,1593,325,884,68,68,2251,2189,6856,5215,6953,4829,6181,6504,4372,4806,1654,2033,1106,1499,286,819,45286,36353,7628,6470,9565,7964,8203,81,87
2021-08-07T23:59:59+02:00,140,139,3108,3003,8605,6427,8232,5770,7259,7574,4976,5443,1817,2212,1182,1593,325,884,65,61,2215,2167,6779,5164,6895,4795,6145,6466,4356,4792,1649,2031,1106,1496,286,819,45225,36027,7623,6442,9565,7956,8160,81,87
2021-08-06T23:59:59+02:00,140,138,3095,2992,8578,6415,8199,5746,7240,7549,4964,5429,1813,2210,1182,1592,325,884,59,57,2175,2126,6669,5091,6814,4759,6100,6426,4334,4771,1646,2028,1105,1493,286,819,45161,35654,7604,6415,9565,7940,8044,81,86
2021-08-05T23:59:59+02:00,139,136,3072,2976,8553,6390,8155,5727,7215,7523,4945,5406,1809,2207,1180,1588,325,883,55,53,2134,2075,6535,4978,6695,4703,6028,6359,4293,4730,1639,2021,1102,1491,286,819,45022,35150,7595,6319,9564,7881,7924,81,86
2021-08-04T23:59:59+02:00,136,132,3031,2954,8484,6352,8115,5699,7184,7494,4929,5390,1805,2202,1177,1587,325,883,55,47,2074,2037,6403,4906,6572,4647,5955,6291,4263,4691,1629,2014,1097,1488,286,818,44801,34625,7580,6268,9564,7847,7795,81,86
2021-08-03T23:59:59+02:00,134,131,3013,2934,8454,6335,8081,5680,7161,7468,4916,5377,1801,2201,1176,1584,325,883,52,47,2039,2008,6307,4839,6465,4593,5883,6232,4222,4647,1623,2007,1096,1486,286,818,44650,34135,7575,6222,9563,7822,7722,81,85
2021-08-02T23:59:59+02:00,134,131,2990,2908,8418,6311,8057,5667,7137,7452,4899,5367,1797,2197,1175,1584,324,883,51,46,2011,1972,6169,4745,6348,4528,5810,6177,4175,4613,1616,1992,1095,1483,285,817,44502,33542,7568,6179,9562,7798,7652,81,83
2021-08-01T23:59:59+02:00,134,130,2974,2892,8389,6288,8042,5650,7125,7444,4894,5358,1796,2196,1173,1584,324,883,49,45,1988,1950,6090,4693,6281,4479,5766,6152,4160,4592,1614,1989,1093,1480,285,817,44405,33226,7556,6150,9562,7774,7603,81,82
2021-07-31T23:59:59+02:00,132,129,2967,2885,8375,6282,8032,5646,7118,7435,4893,5355,1795,2196,1173,1584,324,883,46,34,1946,1908,5987,4626,6213,4430,5713,6115,4131,4569,1609,1986,1093,1479,285,817,44364,32728,7554,6137,9562,7767,7574,81,82
2021-07-30T23:59:59+02:00,128,127,2959,2876,8345,6266,8017,5630,7097,7419,4886,5348,1794,2194,1173,1583,324,883,42,33,1926,1883,5900,4580,6145,4375,5656,6065,4105,4550,1605,1984,1092,1476,285,817,44277,32346,7540,6110,9561,7756,7517,81,82
2021-07-29T23:59:59+02:00,126,125,2926,2858,8288,6227,7976,5584,7067,7378,4861,5328,1792,2189,1171,1582,324,883,37,29,1882,1853,5766,4472,6006,4298,5563,5979,4055,4499,1598,1974,1089,1474,285,817,44077,31740,7524,6051,9555,7717,7367,81,82
2021-07-28T23:59:59+02:00,123,122,2905,2844,8258,6199,7951,5558,7045,7354,4848,5312,1788,2187,1170,1580,323,882,36,26,1844,1808,5657,4396,5890,4225,5480,5905,4019,4466,1586,1966,1088,1472,285,816,43900,31169,7514,5993,9551,7670,7320,81,82
2021-07-27T23:59:59+02:00,119,121,2889,2825,8217,6182,7916,5538,7027,7337,4836,5300,1788,2185,1170,1579,322,882,34,26,1796,1776,5512,4305,5762,4143,5383,5837,3979,4415,1578,1955,1087,1469,284,815,43782,30552,7498,5912,9549,7625,7239,81,82
2021-07-26T23:59:59+02:00,117,119,2863,2809,8182,6158,7881,5521,7006,7315,4829,5289,1786,2184,1168,1579,322,882,34,26,1751,1719,5365,4237,5660,4074,5307,5765,3922,4380,1575,1943,1086,1464,283,814,43639,29963,7474,5839,9546,7574,7181,81,82
2021-07-25T23:59:59+02:00,111,117,2846,2796,8147,6137,7854,5513,6985,7297,4819,5283,1784,2181,1167,1578,322,881,31,23,1724,1693,5305,4190,5601,4042,5257,5728,3889,4356,1570,1938,1085,1463,283,813,43496,29664,7467,5804,9544,7535,7133,81,82
2021-07-24T23:59:59+02:00,111,115,2834,2782,8122,6124,7830,5499,6971,7284,4809,5278,1782,2178,1167,1578,322,881,30,23,1705,1669,5253,4167,5526,3993,5214,5703,3867,4348,1568,1936,1083,1460,283,812,43414,29451,7444,5710,9543,7534,7084,81,82
2021-07-23T23:59:59+02:00,109,113,2809,2761,8066,6102,7801,5475,6933,7258,4790,5264,1780,2174,1165,1578,322,881,26,20,1644,1632,5102,4057,5389,3925,5140,5632,3814,4317,1565,1926,1081,1455,282,812,43242,28776,7436,5681,9541,7513,6970,81,82
2021-07-22T23:59:59+02:00,106,110,2774,2732,7994,6053,7746,5438,6883,7209,4756,5240,1772,2167,1164,1577,322,880,25,19,1593,1594,4926,3976,5232,3844,4979,5550,3734,4263,1551,1915,1076,1453,281,811,42922,28104,7410,5529,9531,7442,6855,81,82
2021-07-21T23:59:59+02:00,105,107,2745,2719,7927,6020,7693,5400,6823,7169,4733,5216,1764,2160,1163,1574,322,878,25,17,1555,1546,4801,3889,5093,3778,4876,5444,3661,4221,1538,1903,1073,1452,281,809,42667,27606,7368,5313,9524,7383,6742,81,81
2021-07-20T23:59:59+02:00,105,107,2724,2694,7872,5987,7658,5371,6783,7128,4712,5196,1760,2156,1163,1573,322,877,24,17,1521,1511,4668,3811,5001,3724,4772,5364,3610,4189,1533,1893,1071,1451,281,808,42419,27090,7360,5234,9521,7324,6665,81,81
2021-07-19T23:59:59+02:00,104,107,2700,2669,7813,5945,7607,5352,6738,7095,4695,5179,1754,2149,1161,1569,321,876,23,14,1497,1484,4586,3758,4914,3685,4700,5302,3574,4160,1527,1885,1067,1448,279,807,42126,26757,7345,5104,9518,7283,6618,81,81
2021-07-18T23:59:59+02:00,104,104,2674,2644,7744,5913,7573,5325,6698,7058,4678,5169,1748,2142,1158,1569,320,875,21,14,1476,1459,4540,3719,4875,3651,4650,5274,3540,4147,1521,1876,1066,1448,279,805,41828,26543,7332,5024,9513,7256,6584,81,80
2021-07-17T23:59:59+02:00,99,100,2661,2626,7727,5900,7556,5307,6680,7042,4656,5157,1744,2141,1158,1568,320,873,21,14,1461,1444,4500,3688,4823,3625,4612,5242,3511,4135,1516,1873,1066,1446,279,805,41716,26362,7322,4966,9510,7248,6526,81,80
2021-07-16T23:59:59+02:00,99,97,2622,2603,7664,5864,7493,5267,6633,6999,4628,5130,1738,2135,1156,1567,320,873,20,13,1418,1413,4398,3629,4728,3580,4521,5185,3448,4090,1503,1865,1061,1444,279,804,41524,25999,7299,4929,9502,7180,6312,81,80
2021-07-15T23:59:59+02:00,96,93,2573,2577,7590,5830,7437,5227,6585,6945,4610,5102,1734,2130,1154,1564,319,873,18,13,1359,1379,4186,3513,4538,3474,4375,5086,3386,4024,1492,1855,1056,1439,278,804,41199,25263,7280,4694,9495,7112,6204,80,80
2021-07-14T23:59:59+02:00,95,90,2539,2560,7515,5800,7364,5192,6531,6896,4584,5080,1728,2123,1152,1562,319,873,17,13,1311,1337,4048,3419,4426,3403,4262,5014,3336,3979,1481,1844,1053,1435,278,804,40877,24722,7258,4585,9493,7034,6103,80,80
2021-07-13T23:59:59+02:00,91,87,2504,2531,7462,5767,7299,5148,6491,6844,4564,5062,1718,2117,1150,1562,319,873,16,11,1275,1294,3925,3315,4297,3331,4169,4925,3276,3919,1454,1836,1050,1428,277,802,40550,24200,7249,4427,9491,6920,6020,80,80
2021-07-12T23:59:59+02:00,86,87,2478,2503,7385,5725,7227,5102,6438,6802,4534,5036,1713,2114,1147,1562,319,873,15,11,1242,1268,3811,3225,4173,3258,4066,4843,3222,3873,1441,1826,1046,1420,277,802,40188,23710,7234,4296,9487,6832,5935,79,79
2021-07-11T23:59:59+02:00,80,84,2463,2487,7347,5698,7197,5076,6410,6783,4526,5029,1710,2110,1145,1562,318,873,15,11,1229,1249,3758,3177,4114,3221,4012,4813,3196,3859,1430,1813,1044,1416,276,802,40064,23513,7214,4254,9482,6769,5848,78,79
2021-07-10T23:59:59+02:00,79,83,2434,2452,7262,5658,7130,5037,6358,6748,4502,5017,1706,2106,1145,1559,318,872,15,11,1203,1230,3697,3134,4065,3191,3973,4781,3178,3845,1422,1806,1044,1414,276,802,39807,23318,7187,4253,9470,6754,5702,78,79
2021-07-09T23:59:59+02:00,78,80,2408,2433,7190,5620,7085,5009,6312,6717,4485,4994,1704,2100,1145,1558,318,872,11,7,1178,1212,3642,3082,4012,3145,3917,4740,3151,3815,1420,1790,1042,1412,276,802,39575,23058,7158,4217,9460,6697,5606,78,79
2021-07-08T23:59:59+02:00,73,77,2358,2387,7094,5554,6982,4957,6247,6652,4446,4960,1697,2089,1143,1555,317,872,9,7,1105,1157,3471,2990,3811,3065,3734,4643,3075,3753,1403,1773,1039,1403,275,801,39231,22531,7080,3924,9429,6551,5403,78,79
2021-07-07T23:59:59+02:00,73,76,2282,2335,6977,5478,6879,4900,6174,6594,4412,4912,1690,2080,1141,1551,316,872,9,7,1046,1115,3302,2898,3624,2972,3572,4536,3022,3689,1386,1742,1032,1395,275,799,38731,21925,7035,3665,9403,6465,5241,78,79
2021-07-06T23:59:59+02:00,70,75,2231,2295,6868,5422,6790,4856,6118,6524,4373,4877,1681,2074,1138,1547,316,872,9,7,1006,1071,3184,2794,3534,2909,3497,4444,2968,3627,1360,1710,1027,1387,275,799,38277,21402,6980,3559,9386,6369,5136,78,78
2021-07-05T23:59:59+02:00,68,75,2162,2245,6724,5347,6669,4817,6047,6465,4335,4838,1675,2066,1136,1545,316,870,9,7,962,1033,3072,2720,3453,2863,3419,4370,2923,3570,1340,1692,1021,1377,275,797,37775,21009,6928,3483,9359,6279,4976,77,77
2021-07-04T23:59:59+02:00,68,73,2121,2197,6634,5296,6629,4787,6004,6442,4318,4815,1672,2063,1136,1543,316,869,8,7,922,1005,3004,2661,3414,2833,3385,4337,2896,3545,1326,1672,1019,1375,274,797,37557,20848,6886,3424,9334,6201,4839,77,77
2021-07-03T23:59:59+02:00,64,59,2019,2111,6411,5130,6475,4697,5916,6354,4265,4782,1667,2057,1135,1539,316,869,8,7,884,974,2926,2610,3354,2801,3344,4289,2864,3514,1320,1667,1018,1371,274,795,36688,20639,6850,3419,9327,6177,4613,77,77
2021-07-02T23:59:59+02:00,55,51,1974,2068,6327,5080,6431,4667,5893,6326,4248,4763,1665,2051,1133,1538,315,869,8,7,861,946,2854,2556,3283,2754,3296,4237,2834,3475,1302,1648,1012,1365,274,792,36377,20311,6815,3393,9321,6074,4544,76,77
2021-07-01T23:59:59+02:00,51,44,1916,2027,6214,5003,6345,4617,5811,6257,4220,4732,1662,2045,1132,1537,313,868,8,7,780,892,2651,2466,3087,2664,3111,4115,2732,3381,1275,1624,1002,1349,274,790,35931,19472,6761,3161,9304,5967,4393,76,77
2021-06-30T23:59:59+02:00,51,43,1866,1970,6081,4914,6238,4565,5749,6211,4205,4706,1658,2036,1130,1534,313,868,8,6,743,856,2535,2384,2968,2605,2998,4019,2660,3302,1247,1596,994,1339,273,789,35476,18969,6696,3030,9288,5828,4258,75,77
2021-06-29T23:59:59+02:00,49,42,1797,1885,5951,4821,6140,4504,5688,6149,4176,4674,1651,2031,1128,1533,313,867,7,6,708,808,2436,2294,2888,2539,2889,3898,2603,3247,1230,1561,982,1328,273,786,34889,18442,6660,2949,9279,5704,4132,74,77
2021-06-28T23:59:59+02:00,47,40,1760,1825,5823,4748,6066,4450,5644,6109,4147,4648,1649,2021,1127,1532,313,867,7,6,690,776,2324,2212,2806,2474,2808,3810,2556,3200,1211,1544,975,1322,273,784,34443,18071,6600,2791,9269,5597,4048,74,77
2021-06-27T23:59:59+02:00,47,39,1730,1796,5772,4705,6026,4414,5596,6094,4137,4635,1647,2017,1127,1531,313,867,7,6,672,755,2268,2167,2763,2442,2759,3766,2525,3179,1200,1531,973,1313,273,784,34243,17899,6567,2730,9247,5499,3976,74,77
2021-06-26T23:59:59+02:00,40,33,1696,1766,5698,4657,5934,4367,5555,6061,4118,4619,1646,2015,1127,1529,313,867,7,6,664,743,2229,2137,2724,2416,2739,3740,2499,3158,1183,1521,972,1310,273,784,33869,17645,6478,2725,9247,5478,3975,74,75
2021-06-25T23:59:59+02:00,34,27,1657,1724,5584,4582,5875,4338,5514,6036,4094,4608,1643,2014,1125,1528,312,867,6,6,655,721,2173,2101,2655,2345,2629,3607,2454,3055,1173,1498,969,1307,272,783,33421,17157,6448,2693,9246,5295,3968,74,75
2021-06-24T23:59:59+02:00,27,22,1604,1671,5400,4468,5743,4281,5410,5990,4051,4582,1639,2009,1125,1527,311,867,6,6,615,698,2051,2025,2462,2269,2453,3521,2346,2961,1141,1473,960,1300,271,780,32753,16617,6385,2329,9236,5211,3854,74,75
2021-06-23T23:59:59+02:00,26,22,1569,1625,5298,4406,5658,4223,5360,5945,4029,4545,1630,2003,1123,1524,310,867,6,6,583,674,1978,1953,2346,2214,2332,3424,2242,2870,1114,1450,953,1290,270,779,32274,16015,6331,2244,9230,5062,3818,74,75
2021-06-22T23:59:59+02:00,26,22,1538,1607,5216,4331,5569,4172,5309,5897,4003,4521,1624,1997,1122,1522,310,867,6,6,565,650,1904,1897,2254,2154,2247,3316,2139,2780,1096,1428,943,1278,269,774,31823,15554,6284,2101,9225,4892,3792,74,74
2021-06-21T23:59:59+02:00,25,22,1504,1563,5083,4239,5482,4127,5235,5835,3973,4496,1619,1984,1121,1517,309,865,6,6,545,630,1862,1852,2213,2110,2192,3226,2068,2698,1077,1398,919,1256,269,770,31250,15232,6240,1999,9217,4739,3748,74,74
2021-06-20T23:59:59+02:00,24,20,1473,1528,5005,4163,5430,4104,5199,5814,3949,4485,1616,1983,1120,1517,308,865,6,6,528,613,1828,1821,2186,2086,2160,3197,2025,2659,1065,1382,916,1247,269,769,30934,15033,6200,1958,9203,4670,3712,74,73
2021-06-19T23:59:59+02:00,23,20,1455,1508,4958,4129,5404,4075,5170,5788,3928,4474,1609,1981,1120,1516,308,865,6,6,519,607,1806,1792,2164,2057,2146,3172,1999,2620,1056,1374,912,1246,267,768,30742,14843,6131,1925,9203,4663,3690,74,72
2021-06-18T23:59:59+02:00,18,16,1427,1487,4873,4081,5348,4030,5122,5750,3903,4462,1606,1978,1117,1514,308,865,6,6,504,596,1785,1774,2135,2023,2095,3122,1943,2563,1042,1358,910,1241,266,766,30375,14515,6083,1922,9201,4608,3677,74,72
2021-06-17T23:59:59+02:00,15,15,1387,1444,4694,3992,5150,3950,4942,5656,3845,4416,1599,1975,1117,1513,307,865,6,6,464,573,1681,1734,1946,1959,1930,3018,1837,2477,1017,1340,897,1230,264,764,29721,14024,6016,1807,9193,4513,3367,73,72
2021-06-16T23:59:59+02:00,14,14,1355,1410,4586,3905,5046,3892,4837,5593,3798,4390,1592,1971,1116,1509,307,864,6,6,444,549,1616,1690,1880,1922,1841,2930,1775,2395,999,1313,887,1215,264,760,29213,13578,5895,1734,9179,4424,3307,73,72
2021-06-15T23:59:59+02:00,14,14,1319,1376,4445,3808,4968,3823,4759,5522,3757,4357,1581,1964,1111,1506,307,863,6,6,429,525,1556,1634,1823,1876,1768,2874,1699,2326,981,1287,880,1203,263,759,28619,13220,5861,1645,9164,4346,3224,73,72
2021-06-14T23:59:59+02:00,14,12,1292,1332,4339,3745,4882,3769,4675,5445,3702,4329,1577,1955,1109,1501,305,862,6,6,420,512,1503,1596,1770,1840,1712,2805,1640,2273,970,1263,875,1196,262,758,28117,12953,5761,1563,9160,4259,3163,73,71
2021-06-13T23:59:59+02:00,13,12,1274,1313,4290,3707,4832,3727,4624,5401,3683,4313,1576,1949,1109,1499,305,861,6,6,412,504,1467,1578,1731,1816,1670,2768,1605,2231,952,1243,872,1184,262,756,27853,12769,5725,1538,9155,4177,3102,73,71
2021-06-12T23:59:59+02:00,13,11,1261,1287,4254,3687,4800,3701,4605,5384,3670,4302,1574,1945,1107,1498,305,860,6,6,409,501,1454,1557,1703,1790,1648,2747,1576,2210,944,1234,861,1181,262,755,27648,12616,5715,1537,9154,4115,3089,73,70
2021-06-11T23:59:59+02:00,12,11,1242,1271,4213,3637,4724,3677,4559,5346,3640,4290,1573,1943,1106,1495,305,859,6,6,398,487,1429,1515,1671,1769,1605,2701,1527,2168,933,1219,857,1176,262,753,27333,12359,5683,1529,9149,4033,3066,73,70
2021-06-10T23:59:59+02:00,12,9,1180,1213,4077,3549,4586,3594,4458,5275,3588,4252,1568,1935,1104,1494,305,859,6,6,378,466,1359,1468,1595,1710,1534,2624,1437,2066,904,1185,853,1167,260,750,26699,11896,5536,1516,9128,3858,2988,73,69
2021-06-09T23:59:59+02:00,11,7,1129,1174,3921,3438,4445,3528,4368,5193,3540,4210,1561,1928,1102,1491,305,858,5,6,359,445,1295,1424,1529,1674,1477,2543,1358,2000,873,1133,844,1153,259,747,26168,11586,5347,1452,9117,3715,2846,73,69
2021-06-08T23:59:59+02:00,10,7,1071,1128,3769,3337,4318,3444,4255,5108,3488,4180,1555,1923,1099,1488,303,856,5,5,342,423,1245,1382,1470,1636,1416,2483,1309,1925,849,1095,833,1136,255,744,25560,11324,5200,1400,9106,3572,2719,72,67
2021-06-07T23:59:59+02:00,9,7,1042,1098,3654,3249,4179,3406,4130,5036,3431,4153,1542,1917,1098,1486,303,855,2,2,333,414,1198,1338,1408,1613,1364,2430,1239,1873,835,1076,820,1120,253,740,25139,11137,5009,1364,9100,3438,2572,72,66
2021-06-06T23:59:59+02:00,9,7,1019,1085,3591,3210,4097,3354,4052,5003,3398,4138,1540,1912,1095,1485,302,855,2,2,325,402,1178,1308,1373,1579,1339,2368,1210,1812,823,1060,812,1111,253,737,24922,11009,4860,1311,9086,3324,2493,72,65
2021-06-05T23:59:59+02:00,9,7,1004,1067,3502,3139,4042,3322,4017,4980,3387,4134,1538,1908,1095,1484,302,854,2,1,316,391,1156,1283,1352,1562,1314,2337,1175,1792,811,1037,810,1107,253,737,24600,10830,4853,1308,9082,3274,2455,71,64
2021-06-04T23:59:59+02:00,7,7,978,1047,3451,3081,3965,3279,3951,4924,3358,4112,1534,1904,1092,1484,302,854,2,1,305,383,1132,1251,1325,1543,1285,2292,1146,1763,794,1016,804,1102,253,734,24265,10680,4804,1302,9078,3211,2364,71,64
2021-06-03T23:59:59+02:00,7,7,933,1013,3285,2981,3766,3170,3773,4806,3264,4039,1525,1892,1088,1479,302,854,1,1,294,372,1092,1208,1264,1484,1213,2205,1079,1700,755,974,794,1088,253,733,23553,10442,4566,1281,9060,3040,2158,71,62
2021-06-02T23:59:59+02:00,7,7,905,999,3207,2905,3706,3124,3709,4743,3222,4011,1522,1886,1087,1478,302,854,1,1,283,362,1061,1184,1217,1463,1167,2162,1024,1653,739,940,790,1082,253,732,23168,10208,4545,1267,9060,2999,2040,71,62
2021-06-01T23:59:59+02:00,7,7,854,959,3031,2781,3516,3025,3542,4639,3160,3950,1512,1877,1084,1473,302,853,0,1,270,346,973,1122,1118,1405,1083,2053,974,1572,705,889,784,1073,252,726,22524,9912,4314,1233,9047,2792,1792,71,60
2021-05-31T23:59:59+02:00,7,6,815,930,2904,2694,3365,2927,3432,4545,3106,3896,1506,1864,1081,1469,302,853,0,1,255,327,932,1077,1048,1350,1035,1974,933,1513,686,864,777,1068,251,726,22099,9727,4068,1218,9025,2654,1589,71,59
2021-05-30T23:59:59+02:00,7,6,804,919,2841,2645,3294,2887,3374,4500,3083,3875,1502,1857,1081,1469,302,852,0,1,245,310,887,1027,992,1308,988,1912,905,1454,673,848,774,1058,251,725,21934,9616,4004,1209,9013,2478,1416,71,59
2021-05-29T23:59:59+02:00,7,6,801,916,2820,2628,3271,2871,3355,4485,3075,3866,1500,1856,1081,1469,302,852,0,1,242,299,882,1013,973,1279,972,1862,891,1421,660,826,770,1053,250,725,21801,9520,4002,1207,9010,2336,1415,70,59
2021-05-28T23:59:59+02:00,7,6,790,902,2781,2583,3220,2839,3327,4461,3065,3850,1500,1853,1079,1463,302,852,0,1,236,289,868,993,961,1254,957,1818,859,1381,641,796,766,1045,249,723,21533,9331,3987,1202,9008,2246,1410,70,58
2021-05-27T23:59:59+02:00,7,6,741,876,2645,2514,3074,2767,3180,4377,2981,3798,1491,1843,1077,1461,301,850,0,0,221,271,807,939,875,1194,866,1718,788,1295,615,763,756,1029,248,721,21014,9110,3843,1165,8974,1977,1193,70,55
2021-05-26T23:59:59+02:00,7,6,705,839,2533,2431,2909,2697,3052,4307,2931,3749,1479,1833,1076,1454,299,845,0,0,211,252,762,894,825,1155,822,1645,746,1233,599,738,738,997,246,718,20573,8873,3587,1152,8946,1830,1059,70,55
2021-05-25T23:59:59+02:00,7,6,680,818,2435,2368,2802,2650,2948,4222,2883,3709,1467,1825,1073,1450,299,843,0,0,198,239,732,861,790,1117,783,1584,693,1170,578,716,716,970,245,716,20187,8646,3403,1115,8901,1685,995,69,50
2021-05-24T23:59:59+02:00,7,6,663,794,2374,2322,2726,2616,2874,4163,2829,3666,1454,1818,1067,1449,299,841,0,0,192,231,704,839,761,1084,746,1526,667,1117,561,703,709,965,245,714,19978,8542,3221,1101,8866,1564,891,69,48
2021-05-23T23:59:59+02:00,7,6,660,793,2354,2305,2710,2601,2862,4147,2816,3650,1451,1816,1067,1447,299,841,0,0,190,229,696,830,750,1077,730,1516,653,1107,557,696,706,959,244,711,19846,8454,3215,1093,8866,1552,889,69,44
2021-05-22T23:59:59+02:00,7,6,653,780,2323,2281,2669,2577,2838,4115,2781,3621,1445,1812,1067,1445,299,840,0,0,188,221,686,824,743,1065,714,1507,646,1100,547,686,700,947,243,711,19580,8385,3214,1093,8863,1506,878,69,43
2021-05-21T23:59:59+02:00,7,6,639,765,2235,2242,2580,2525,2763,4066,2738,3575,1439,1799,1065,1444,299,839,0,0,186,218,679,814,731,1055,700,1493,628,1080,533,660,693,939,243,709,19078,8288,3189,1090,8842,1444,872,69,43
2021-05-20T23:59:59+02:00,7,6,603,738,2111,2162,2440,2444,2628,3963,2657,3491,1423,1783,1063,1436,299,838,0,0,176,207,646,770,694,1014,667,1435,604,1017,514,631,686,930,242,708,18392,8158,3062,1078,8763,1229,799,69,40
2021-05-19T23:59:59+02:00,6,6,564,700,1993,2070,2290,2368,2485,3862,2554,3393,1403,1765,1055,1433,297,838,0,0,162,199,614,745,662,979,630,1381,578,957,498,608,675,907,241,706,17600,7992,2983,1059,8719,1124,676,69,40
2021-05-18T23:59:59+02:00,6,5,532,679,1907,1984,2183,2306,2365,3742,2458,3301,1391,1745,1047,1426,297,834,0,0,155,190,592,714,633,945,612,1303,558,893,477,578,667,894,240,702,17057,7857,2804,1019,8658,1013,566,69,40
2021-05-17T23:59:59+02:00,4,2,507,664,1846,1943,2124,2253,2283,3622,2395,3226,1372,1726,1040,1419,297,832,0,0,149,182,572,699,624,906,598,1239,539,835,460,546,664,886,240,701,16731,7776,2636,985,8587,907,465,68,40
2021-05-16T23:59:59+02:00,3,2,501,663,1816,1914,2079,2221,2239,3570,2338,3164,1357,1717,1038,1413,297,831,0,0,144,181,561,679,608,888,580,1192,523,797,435,514,662,883,240,700,16533,7722,2565,954,8538,819,377,67,38
2021-05-15T23:59:59+02:00,3,1,495,658,1785,1893,2059,2196,2219,3546,2312,3124,1349,1715,1037,1410,296,831,0,0,142,178,558,678,607,883,574,1187,517,786,431,512,660,881,240,700,16310,7688,2562,953,8529,806,372,67,38
2021-05-14T23:59:59+02:00,3,1,478,643,1755,1852,2014,2153,2128,3476,2269,3083,1341,1705,1035,1410,294,831,0,0,138,172,552,661,587,860,553,1151,500,770,415,497,655,875,239,698,15923,7622,2518,938,8507,697,345,67,38
2021-05-13T23:59:59+02:00,2,1,449,617,1676,1800,1895,2098,2008,3389,2201,2990,1316,1686,1027,1407,292,827,0,0,132,169,537,653,577,843,541,1130,483,756,396,468,641,850,239,693,15479,7528,2242,893,8453,655,309,66,37
2021-05-12T23:59:59+02:00,2,1,440,611,1656,1785,1877,2086,1982,3363,2185,2974,1313,1681,1023,1405,292,826,0,0,132,167,533,653,576,836,538,1124,481,749,390,456,639,844,239,693,15328,7483,2216,884,8445,652,307,64,37
2021-05-11T23:59:59+02:00,2,1,418,588,1570,1744,1764,2044,1868,3269,2075,2905,1299,1656,1019,1396,292,826,0,0,126,157,513,616,555,809,518,1090,450,727,368,428,629,838,239,693,14901,7378,2030,856,8327,549,240,64,37
2021-05-10T23:59:59+02:00,2,1,399,570,1521,1709,1708,2009,1790,3203,2016,2838,1291,1642,1013,1389,292,823,0,0,126,154,507,609,543,785,509,1064,444,706,360,415,627,835,239,692,14605,7327,1944,848,8201,492,214,63,35
2021-05-09T23:59:59+02:00,2,1,392,558,1473,1682,1669,1989,1743,3163,1952,2797,1277,1629,1011,1384,292,821,0,0,121,151,500,600,531,776,499,1053,434,694,350,403,622,830,239,691,14353,7288,1888,837,8143,442,189,63,34
2021-05-08T23:59:59+02:00,2,1,387,552,1459,1658,1630,1967,1718,3137,1919,2776,1270,1622,1008,1383,291,821,0,0,120,151,497,600,528,775,497,1048,434,688,349,401,618,821,239,691,14126,7269,1880,832,8139,431,187,63,32
2021-05-07T23:59:59+02:00,2,1,374,544,1428,1626,1577,1946,1656,3070,1870,2725,1262,1614,1006,1378,291,817,0,0,116,147,486,586,516,748,485,1013,417,662,346,380,603,809,239,689,13833,7216,1850,807,8072,327,151,63,30
2021-05-06T23:59:59+02:00,2,1,349,530,1330,1577,1461,1883,1511,2953,1729,2628,1230,1583,1003,1367,291,814,0,0,114,142,470,568,504,729,473,988,400,642,337,365,589,794,239,686,13309,7151,1660,786,7839,239,120,61,27
2021-05-05T23:59:59+02:00,2,1,334,515,1288,1545,1413,1839,1442,2882,1645,2542,1211,1559,996,1354,291,809,0,0,113,138,459,557,499,716,465,978,394,624,319,353,571,777,239,685,12864,7077,1594,766,7772,189,112,61,24
2021-05-04T23:59:59+02:00,2,1,325,502,1232,1507,1375,1809,1391,2833,1587,2481,1192,1530,990,1341,290,804,0,0,109,134,449,543,495,709,452,958,382,607,307,337,561,756,239,685,12516,6996,1530,739,7715,147,98,57,23
2021-05-03T23:59:59+02:00,2,1,318,494,1191,1483,1335,1787,1357,2795,1544,2441,1172,1504,984,1334,288,800,0,0,101,130,438,534,484,701,445,950,372,598,295,329,545,739,238,683,12244,6909,1505,730,7664,127,72,57,22
2021-05-02T23:59:59+02:00,2,1,314,493,1175,1467,1302,1767,1327,2775,1531,2416,1163,1490,981,1333,288,797,0,0,98,129,431,526,478,695,439,943,369,595,291,321,526,729,238,683,12100,6866,1489,711,7625,111,56,56,20
2021-05-01T23:59:59+02:00,2,1,310,487,1165,1459,1291,1753,1312,2763,1510,2399,1157,1484,978,1329,288,796,0,0,97,128,431,525,475,695,437,940,369,593,289,321,526,729,238,683,11960,6854,1486,711,7623,108,55,56,19
2021-04-30T23:59:59+02:00,2,1,305,478,1154,1432,1266,1733,1281,2697,1455,2348,1144,1466,973,1326,288,793,0,0,96,125,428,520,472,688,435,914,364,583,284,314,523,724,238,682,11648,6835,1481,700,7618,82,25,56,18
2021-04-29T23:59:59+02:00,2,0,289,463,1097,1397,1212,1692,1230,2638,1363,2279,1101,1423,968,1318,287,791,0,0,96,123,423,518,467,683,427,902,355,575,275,304,512,714,237,678,11154,6775,1440,680,7549,59,23,53,18
2021-04-28T23:59:59+02:00,2,0,277,457,1080,1378,1181,1677,1195,2598,1292,2223,1068,1369,958,1316,287,789,0,0,92,120,418,514,460,673,419,893,350,562,260,286,501,701,236,677,10852,6698,1389,643,7489,44,22,53,17
2021-04-27T23:59:59+02:00,2,0,273,447,1059,1359,1161,1665,1168,2575,1266,2194,1042,1332,952,1310,287,786,0,0,90,117,413,508,457,665,415,887,342,556,255,278,491,682,235,676,10649,6642,1360,614,7448,37,21,48,14
2021-04-26T23:59:59+02:00,2,0,270,441,1050,1348,1150,1649,1136,2557,1216,2145,1024,1312,946,1303,286,785,0,0,90,117,409,501,457,661,411,883,340,550,248,270,481,673,235,676,10467,6603,1344,590,7382,34,21,46,14
2021-04-25T23:59:59+02:00,2,0,269,439,1040,1333,1131,1640,1116,2539,1187,2117,1002,1290,943,1296,286,785,0,0,89,115,407,491,454,661,410,878,339,549,247,266,476,664,235,675,10335,6581,1319,574,7332,26,21,42,14
2021-04-24T23:59:59+02:00,2,0,263,434,1025,1319,1118,1624,1100,2520,1159,2099,993,1266,940,1293,286,785,0,0,89,115,407,491,452,661,410,875,338,546,246,265,475,661,235,675,10162,6574,1319,566,7308,25,21,40,14
2021-04-23T23:59:59+02:00,2,0,261,424,1014,1303,1106,1614,1082,2498,1103,2056,971,1241,938,1286,286,782,0,0,88,114,407,490,450,660,409,873,335,543,242,260,470,656,235,675,9999,6551,1305,554,7213,25,21,39,13
2021-04-22T23:59:59+02:00,2,0,257,413,990,1279,1084,1592,1045,2455,1053,1993,942,1199,930,1273,286,778,0,0,88,113,404,485,444,653,404,864,332,537,236,255,461,646,234,673,9715,6494,1256,540,7139,18,21,38,12
2021-04-21T23:59:59+02:00,2,0,252,409,966,1258,1059,1573,1009,2420,1007,1946,906,1149,920,1258,285,775,0,0,87,111,402,484,442,649,400,857,327,528,233,249,450,631,233,670,9411,6438,1233,519,7078,18,21,38,12
2021-04-20T23:59:59+02:00,2,0,245,403,947,1229,1040,1550,984,2367,967,1891,859,1085,906,1242,283,773,0,0,86,111,400,481,439,643,394,850,323,521,227,241,438,612,232,670,9123,6372,1163,502,7007,17,21,38,11
2021-04-19T23:59:59+02:00,2,0,242,392,926,1216,1027,1530,968,2334,937,1851,833,1055,902,1235,283,770,0,0,85,110,399,479,434,637,390,840,318,511,227,236,428,593,230,665,8939,6309,1144,482,6937,14,20,37,11
2021-04-18T23:59:59+02:00,2,0,241,388,916,1205,1012,1521,947,2316,914,1829,807,1015,900,1230,282,768,0,0,84,108,394,477,434,636,389,837,317,508,226,232,422,589,230,665,8808,6288,1114,468,6879,14,20,37,11
2021-04-17T23:59:59+02:00,2,0,240,383,914,1202,1005,1517,938,2307,909,1823,790,989,897,1224,282,768,0,0,84,105,391,473,432,636,386,832,317,503,224,228,416,582,230,664,8735,6244,1112,467,6850,13,20,37,11
2021-04-16T23:59:59+02:00,2,0,238,382,901,1198,992,1497,923,2284,879,1783,751,932,888,1214,281,765,0,0,80,102,388,465,429,634,375,819,312,491,210,213,412,573,227,661,8539,6170,1097,428,6777,12,20,37,10
2021-04-15T23:59:59+02:00,2,0,236,375,874,1180,975,1481,896,2236,834,1744,717,885,876,1195,281,761,0,0,78,100,385,457,423,625,367,811,305,488,202,207,394,549,224,655,8305,6078,1085,398,6654,11,20,35,10
2021-04-14T23:59:59+02:00,2,0,234,367,862,1168,963,1466,881,2201,816,1713,677,841,845,1150,281,757,0,0,75,95,379,452,414,614,362,801,294,480,192,190,377,529,222,650,8070,5965,1066,365,6579,11,20,33,10
2021-04-13T23:59:59+02:00,2,0,230,363,850,1162,954,1455,868,2175,787,1683,622,786,824,1118,280,753,0,0,71,90,369,443,394,602,346,787,288,476,189,186,363,516,221,647,7902,5857,1017,336,6480,9,20,31,10
2021-04-12T23:59:59+02:00,2,0,228,362,845,1155,944,1438,841,2153,769,1661,591,758,813,1101,280,751,0,0,70,86,355,435,389,595,341,779,280,470,182,180,355,506,220,640,7798,5773,996,310,6385,9,20,27,9
2021-04-11T23:59:59+02:00,1,0,224,360,835,1143,934,1431,826,2137,755,1642,573,733,806,1079,279,748,0,0,69,84,349,432,383,593,337,775,277,464,177,172,347,503,218,639,7734,5717,975,299,6283,7,20,24,9
2021-04-10T23:59:59+02:00,1,0,224,358,834,1139,929,1429,814,2127,745,1633,566,717,798,1065,278,748,0,0,65,76,323,415,361,578,324,760,263,455,170,164,341,488,217,637,7672,5532,969,293,6249,7,19,23,9
2021-04-09T23:59:59+02:00,1,0,224,354,824,1135,912,1404,804,2045,729,1548,529,655,777,1042,276,743,0,0,56,71,304,403,344,565,307,745,251,442,161,158,321,467,213,629,7544,5333,944,284,5995,7,15,20,9
2021-04-08T23:59:59+02:00,1,0,220,351,817,1128,899,1396,790,2024,704,1528,485,590,746,1019,274,739,0,0,54,68,292,385,328,552,293,730,237,423,152,142,305,449,211,611,7420,5131,901,271,5866,7,14,20,9
2021-04-07T23:59:59+02:00,1,0,214,346,806,1117,881,1378,769,1994,683,1495,447,548,718,981,271,735,0,0,52,65,272,369,318,546,285,717,227,410,138,132,285,429,205,601,7269,4959,866,256,5713,7,14,19,8
2021-04-06T23:59:59+02:00,1,0,211,344,798,1110,867,1359,749,1969,655,1470,420,509,693,949,270,732,0,0,50,63,271,364,314,544,276,712,223,403,133,128,276,409,200,591,7169,4885,838,237,5557,6,14,17,8
2021-04-05T23:59:59+02:00,1,0,211,343,793,1103,859,1347,740,1951,648,1454,399,488,676,924,270,731,0,0,50,62,270,360,313,540,272,706,219,402,132,125,263,387,195,583,7124,4820,826,222,5440,6,14,17,8
2021-04-04T23:59:59+02:00,1,0,210,339,789,1093,853,1337,730,1934,641,1435,387,476,673,919,270,731,0,0,50,61,269,359,312,540,272,706,218,402,130,124,254,374,191,581,7098,4785,821,222,5353,6,12,17,8
2021-04-03T23:59:59+02:00,1,0,210,339,787,1093,851,1335,730,1929,634,1432,379,470,670,910,270,730,0,0,50,61,269,359,312,540,272,705,218,400,130,124,254,372,191,579,7062,4778,821,222,5339,6,12,17,8
2021-04-02T23:59:59+02:00,1,0,210,337,786,1090,849,1333,725,1919,626,1421,369,461,657,899,269,729,0,0,50,60,266,357,308,538,268,697,213,391,128,123,247,353,190,566,7007,4698,814,219,5311,6,12,15,8
2021-04-01T23:59:59+02:00,1,0,207,334,780,1076,837,1319,719,1899,612,1402,354,436,624,866,268,723,0,0,48,59,258,350,304,534,266,689,211,386,120,121,231,328,187,545,6915,4588,770,212,5219,5,10,15,8
2021-03-31T23:59:59+02:00,1,0,203,332,772,1067,827,1305,709,1850,602,1361,343,423,600,820,265,720,0,0,48,59,257,349,299,531,262,687,205,382,115,118,217,301,185,524,6840,4500,723,204,5083,5,8,15,8
2021-03-30T23:59:59+02:00,1,0,200,326,766,1057,821,1282,695,1809,592,1317,330,407,575,783,263,720,0,0,48,58,254,345,294,528,261,682,202,376,112,116,207,282,181,510,6759,4418,685,199,4946,5,8,13,8
2021-03-29T23:59:59+02:00,1,0,196,321,761,1040,816,1268,685,1778,582,1279,326,393,548,745,261,713,0,0,48,56,251,343,293,526,260,678,199,369,108,114,197,270,175,498,6653,4354,664,193,4840,3,8,13,8
2021-03-28T23:59:59+02:00,1,0,190,304,751,1029,807,1260,680,1756,579,1261,324,378,521,718,259,711,0,0,48,55,248,342,290,520,256,675,198,366,105,112,190,261,172,497,6607,4310,630,187,4731,3,8,13,8
2021-03-27T23:59:59+01:00,1,0,190,301,745,1023,802,1256,674,1744,577,1252,320,369,514,708,259,710,0,0,48,55,248,342,290,520,252,669,195,362,103,111,186,254,168,487,6564,4272,622,180,4693,3,8,13,8
2021-03-26T23:59:59+01:00,1,0,186,299,733,1008,793,1238,661,1726,568,1229,312,358,510,694,257,706,0,0,46,55,247,342,289,518,252,668,189,350,98,104,175,237,161,476,6495,4191,604,179,4609,3,6,13,8
2021-03-25T23:59:59+01:00,1,0,182,297,724,993,771,1209,643,1689,557,1188,304,345,493,669,255,702,0,0,46,54,244,337,285,517,245,665,189,349,92,103,158,215,154,451,6412,4092,590,170,4445,3,6,13,8
2021-03-24T23:59:59+01:00,1,0,179,290,714,979,761,1193,632,1653,541,1155,293,331,473,645,252,699,0,0,46,54,242,335,283,515,243,665,185,345,90,100,143,208,148,418,6329,4015,565,163,4317,2,6,13,8
2021-03-23T23:59:59+01:00,1,0,175,285,706,963,745,1176,620,1629,526,1117,287,319,453,629,247,696,0,0,45,54,240,333,280,512,238,659,183,341,86,95,137,200,138,392,6263,3931,547,158,4181,2,6,13,8
2021-03-22T23:59:59+01:00,1,0,171,274,686,939,723,1152,607,1594,511,1093,282,309,441,612,246,689,0,0,45,54,238,330,276,510,235,652,182,339,86,92,130,192,121,363,6181,3845,525,155,4036,1,6,13,8
2021-03-21T23:59:59+01:00,1,0,165,270,674,926,708,1142,595,1565,502,1061,275,301,426,605,244,687,0,0,45,54,235,330,274,508,234,651,180,337,85,89,128,191,116,360,6122,3823,505,151,3928,1,4,12,7
2021-03-20T23:59:59+01:00,1,0,163,269,665,921,703,1138,588,1559,499,1058,271,295,412,591,242,685,0,0,45,54,235,330,273,508,233,649,180,333,84,88,124,185,112,353,6084,3794,501,149,3879,1,4,11,7
2021-03-19T23:59:59+01:00,1,0,153,258,660,901,692,1131,582,1540,487,1045,256,274,396,567,236,677,0,0,43,54,234,329,272,507,231,642,179,329,81,85,116,175,108,334,6006,3729,461,147,3788,1,3,11,7
2021-03-18T23:59:59+01:00,1,0,148,251,640,883,674,1096,563,1487,469,998,241,258,382,544,233,659,0,0,43,54,232,325,270,499,231,636,177,322,80,82,108,167,104,320,5915,3664,424,138,3576,1,3,11,7
2021-03-17T23:59:59+01:00,0,0,142,245,627,863,661,1089,558,1474,461,980,227,245,364,528,230,653,0,0,43,53,232,321,269,496,229,634,177,321,80,82,103,162,96,309,5819,3620,396,137,3510,1,3,10,7
2021-03-16T23:59:59+01:00,0,0,138,236,611,848,643,1078,546,1432,451,955,219,230,343,494,226,641,0,0,43,52,232,318,269,490,227,632,176,320,75,82,98,157,94,291,5725,3573,365,133,3372,1,2,10,7
2021-03-15T23:59:59+01:00,0,0,133,229,595,828,632,1056,535,1400,434,919,212,222,330,470,222,634,0,0,42,52,231,315,267,487,226,631,174,319,74,80,92,151,92,279,5630,3530,336,131,3250,1,1,9,7
2021-03-14T23:59:59+01:00,0,0,128,218,578,810,616,1035,526,1357,422,873,203,210,319,458,215,630,0,0,42,52,231,312,265,486,225,626,173,314,73,80,90,147,90,276,5558,3513,324,119,3076,1,0,8,7
2021-03-13T23:59:59+01:00,0,0,125,205,548,781,583,1009,501,1332,401,853,188,200,311,445,212,626,0,0,42,52,231,312,265,486,224,626,173,313,73,80,87,143,77,261,5354,3474,320,119,2984,1,0,8,7
2021-03-12T23:59:59+01:00,0,0,114,196,515,754,563,981,478,1294,377,819,172,189,286,414,210,606,0,0,42,52,231,311,264,486,224,626,173,312,67,79,83,137,74,254,5114,3442,313,119,2864,1,0,8,6
2021-03-11T23:59:59+01:00,0,0,106,186,481,708,523,943,439,1218,354,767,159,167,258,373,205,584,0,0,42,51,230,308,260,482,222,622,170,309,67,77,78,131,72,241,4865,3411,301,97,2599,1,0,8,5
2021-03-10T23:59:59+01:00,0,0,104,176,456,681,503,924,422,1179,337,727,143,151,241,342,200,551,0,0,41,51,228,303,256,476,219,616,170,307,64,76,74,129,70,232,4687,3370,287,85,2453,1,0,8,5
2021-03-09T23:59:59+01:00,0,0,104,171,442,650,473,894,407,1135,325,694,137,143,229,324,194,538,0,0,41,51,227,300,253,468,217,612,166,303,63,74,72,127,63,223,4600,3328,270,75,2266,1,0,8,4
2021-03-08T23:59:59+01:00,0,0,101,162,425,632,455,877,396,1083,315,654,133,135,214,303,189,525,0,0,41,51,227,296,250,463,212,607,159,299,60,73,67,124,62,222,4515,3298,254,57,2101,1,0,8,3
2021-03-07T23:59:59+01:00,0,0,98,158,419,619,444,861,386,1068,311,648,131,135,207,290,187,524,0,0,41,50,226,295,250,461,210,606,159,299,60,73,65,122,61,221,4468,3287,244,54,2040,0,0,8,3
2021-03-06T23:59:59+01:00,0,0,97,152,416,609,437,837,374,1017,301,616,129,134,201,282,185,519,0,0,41,50,226,295,249,460,210,605,159,299,60,73,63,122,60,216,4430,3282,244,48,1893,0,0,8,3
2021-03-05T23:59:59+01:00,0,0,95,146,410,596,433,829,372,999,292,593,123,124,189,261,177,507,0,0,41,50,225,292,248,459,209,602,158,297,60,73,61,121,59,208,4347,3265,235,39,1817,0,0,8,3
2021-03-04T23:59:59+01:00,0,0,92,132,399,557,414,795,355,954,281,565,114,122,170,232,170,482,0,0,41,49,223,285,246,453,207,589,155,296,58,73,61,121,59,207,4240,3223,217,38,1626,0,0,8,3
2021-03-03T23:59:59+01:00,0,0,85,122,389,541,404,777,348,933,272,546,112,119,157,225,164,449,0,0,41,48,223,285,245,451,203,581,155,290,58,73,60,119,59,207,4166,3198,211,35,1508,0,0,8,3
2021-03-02T23:59:59+01:00,0,0,82,119,376,524,387,759,340,913,265,524,109,113,148,215,153,420,0,0,40,48,223,285,245,445,198,574,153,287,58,73,60,116,59,205,4071,3168,204,34,1408,0,0,8,3
2021-03-01T23:59:59+01:00,0,0,81,117,370,510,379,737,329,888,259,496,108,112,141,205,132,386,0,0,40,47,221,284,242,437,196,565,153,284,58,73,60,115,58,205,3981,3135,199,34,1301,0,0,8,3
2021-02-28T23:59:59+01:00,0,0,81,115,362,500,374,729,326,864,254,478,103,104,139,202,126,382,0,0,40,47,220,284,241,436,195,565,153,284,58,73,59,115,58,204,3955,3131,194,33,1218,0,0,8,2
2021-02-27T23:59:59+01:00,0,0,78,106,356,493,369,720,319,853,251,469,101,102,137,196,119,370,0,0,40,47,220,283,241,435,194,564,151,283,58,73,59,115,58,204,3919,3129,187,28,1157,0,0,8,2
2021-02-26T23:59:59+01:00,0,0,75,100,348,468,343,685,297,822,240,448,98,98,129,186,116,352,0,0,40,46,219,282,241,433,193,561,147,281,58,73,59,114,58,202,3863,3111,185,28,973,0,0,8,1
2021-02-25T23:59:59+01:00,0,0,66,89,334,445,331,656,289,794,229,425,93,98,121,179,113,340,0,0,40,46,217,278,236,430,191,553,142,280,58,71,57,112,57,202,3810,3080,177,20,819,0,0,8,1
2021-02-24T23:59:59+01:00,0,0,61,82,327,431,323,639,284,777,226,417,91,98,116,175,104,329,0,0,37,46,215,275,233,417,189,544,140,275,55,70,54,112,57,202,3766,3035,172,14,742,0,0,8,1
2021-02-23T23:59:59+01:00,0,0,59,73,312,411,313,621,278,758,220,409,86,96,111,171,102,308,0,0,35,46,214,273,230,410,188,538,135,272,54,70,54,108,57,200,3714,3001,167,10,641,0,0,8,1
2021-02-22T23:59:59+01:00,0,0,57,71,306,399,308,612,276,749,218,405,84,93,102,163,100,297,0,0,35,44,211,271,228,396,181,527,131,269,53,70,53,108,57,200,3668,2954,160,4,600,0,0,7,1
2021-02-21T23:59:59+01:00,0,0,56,70,299,393,305,602,271,740,213,402,83,91,101,161,98,295,0,0,35,43,209,269,227,393,180,518,130,268,53,70,53,108,57,199,3658,2930,157,4,550,0,0,6,1
2021-02-20T23:59:59+01:00,0,0,55,70,297,392,304,599,270,733,213,397,81,91,98,156,85,280,0,0,35,41,209,269,227,393,179,518,128,267,53,70,52,108,57,197,3619,2921,156,4,528,0,0,6,1
2021-02-19T23:59:59+01:00,0,0,54,70,294,386,297,577,259,707,211,385,77,88,93,148,82,272,0,0,35,40,209,269,226,392,179,517,128,267,53,70,51,107,56,195,3585,2912,154,4,439,0,0,5,1
2021-02-18T23:59:59+01:00,0,0,51,65,276,362,289,554,251,686,196,361,76,84,91,143,80,263,0,0,34,39,203,260,223,386,175,502,128,257,53,68,51,105,53,191,3555,2845,145,4,300,0,0,5,1
2021-02-17T23:59:59+01:00,0,0,51,63,269,356,287,538,243,673,192,341,74,82,86,141,78,253,0,0,32,38,199,253,216,372,171,484,125,246,49,66,51,102,52,187,3505,2756,144,3,244,0,0,5,1
2021-02-16T23:59:59+01:00,0,0,50,58,256,340,283,527,238,657,187,333,72,81,83,139,71,245,0,0,29,38,190,244,209,352,165,472,121,233,49,61,41,86,43,178,3465,2623,141,3,178,0,0,5,1
2021-02-15T23:59:59+01:00,0,0,50,57,251,337,276,515,235,651,183,327,70,81,78,135,70,244,0,0,28,37,181,236,204,344,159,462,116,226,46,58,41,81,39,171,3436,2540,140,3,145,0,0,5,1
2021-02-14T23:59:59+01:00,0,0,48,56,249,332,273,508,232,645,183,322,69,78,75,134,69,240,0,0,26,37,179,232,201,339,158,449,115,223,46,58,40,80,37,164,3423,2494,127,3,122,0,0,5,1
2021-02-13T23:59:59+01:00,0,0,47,56,249,332,271,508,232,644,183,322,69,78,74,134,69,239,0,0,26,37,178,231,198,339,157,448,114,220,45,57,39,79,36,159,3419,2474,127,1,120,0,0,5,1
2021-02-12T23:59:59+01:00,0,0,46,54,246,327,268,499,228,633,180,319,69,77,72,134,69,238,0,0,25,37,177,227,197,338,156,446,111,219,43,56,39,75,32,151,3409,2440,127,1,80,0,0,5,1
2021-02-11T23:59:59+01:00,0,0,45,52,239,304,262,482,221,610,168,309,66,76,70,132,69,232,0,0,25,34,160,204,190,307,147,403,106,200,38,54,34,64,29,134,3369,2231,103,1,18,0,0,5,0
2021-02-10T23:59:59+01:00,0,0,45,51,236,296,260,475,216,602,166,304,63,76,69,132,68,230,0,0,23,31,146,181,174,267,126,354,98,177,34,52,32,61,25,124,3336,1995,93,1,8,0,0,5,0
2021-02-09T23:59:59+01:00,0,0,43,50,235,293,258,465,211,594,163,301,62,76,69,130,68,230,0,0,23,29,128,155,158,243,112,311,92,151,27,47,31,48,22,110,3314,1766,77,1,4,0,0,5,0
2021-02-08T23:59:59+01:00,0,0,43,50,232,291,250,451,207,581,158,296,59,76,69,128,68,229,0,0,20,28,111,132,136,203,92,272,87,141,19,45,25,41,22,95,3267,1541,61,1,4,0,0,4,0
2021-02-07T23:59:59+01:00,0,0,43,49,229,290,248,450,206,578,157,296,59,76,68,127,68,228,0,0,19,22,106,121,126,191,87,252,82,131,19,43,24,33,22,88,3258,1435,57,1,0,0,0,3,0
2021-02-06T23:59:59+01:00,0,0,43,49,229,290,248,449,206,578,156,295,58,76,67,127,67,223,0,0,15,19,105,120,125,187,85,245,82,129,18,42,24,30,19,88,3254,1398,50,1,0,0,0,3,0
2021-02-05T23:59:59+01:00,0,0,42,48,229,290,248,448,205,576,154,294,58,76,67,126,66,213,0,0,13,16,96,112,121,182,84,241,82,121,17,42,24,26,17,85,3240,1340,41,0,0,0,0,3,0
2021-02-04T23:59:59+01:00,0,0,42,48,226,286,243,444,201,570,152,291,58,74,66,124,66,212,0,0,12,12,66,80,98,136,72,206,65,101,16,37,21,22,15,73,3201,1078,41,0,0,0,0,3,0
2021-02-03T23:59:59+01:00,0,0,41,47,226,283,242,432,199,564,151,288,58,73,65,123,66,212,0,0,9,7,51,61,75,111,54,160,55,72,12,17,17,16,10,57,3171,817,38,0,0,0,0,3,0
2021-02-02T23:59:59+01:00,0,0,40,47,225,280,238,426,198,558,147,287,57,73,63,120,64,209,0,0,7,5,34,42,59,81,43,103,45,50,10,14,12,11,5,40,3132,583,37,0,0,0,0,3,0
2021-02-01T23:59:59+01:00,0,0,39,45,223,280,233,420,194,552,144,280,57,72,61,119,64,209,0,0,5,3,26,22,32,48,29,64,27,28,8,9,8,5,2,23,3091,351,37,0,0,0,0,2,0
2021-01-31T23:59:59+01:00,0,0,39,45,222,279,231,414,192,544,143,280,57,72,60,118,64,208,0,0,5,3,23,17,23,38,23,53,21,24,8,6,7,5,2,21,3067,289,35,0,0,0,0,2,0
2021-01-30T23:59:59+01:00,0,0,39,45,222,279,231,413,191,544,143,280,57,72,59,118,64,205,0,0,5,3,21,16,21,38,21,49,20,23,7,5,7,4,2,20,3062,271,34,0,0,0,0,2,0
2021-01-29T23:59:59+01:00,0,0,39,45,222,277,230,412,190,543,141,278,57,72,58,117,63,204,0,0,5,1,16,11,16,30,18,43,16,21,6,4,6,4,2,19,3052,225,30,0,0,0,0,1,0
2021-01-28T23:59:59+01:00,0,0,39,44,212,274,229,407,188,534,139,274,57,72,57,116,61,203,0,0,5,1,6,3,9,17,10,25,9,9,3,2,4,1,0,18,3018,125,22,0,0,0,0,1,0
2021-01-27T23:59:59+01:00,0,0,38,43,208,267,225,397,186,520,136,265,54,70,57,113,60,200,0,0,2,1,4,3,8,15,9,22,8,9,3,2,2,1,0,14,2949,105,18,0,0,0,0,1,0
2021-01-26T23:59:59+01:00,0,0,34,43,205,255,220,384,182,502,132,258,53,65,51,106,52,192,0,0,2,1,3,3,8,15,9,21,8,9,3,2,2,1,0,11,2847,100,14,0,0,0,0,1,0
2021-01-25T23:59:59+01:00,0,0,34,42,195,251,217,373,179,491,128,248,51,63,50,103,46,190,0,0,2,1,2,3,6,13,8,18,8,9,3,2,2,0,0,9,2781,88,4,0,0,0,0,1,0
2021-01-24T23:59:59+01:00,0,0,33,41,192,248,215,372,178,489,128,247,51,63,48,100,45,189,0,0,2,1,1,3,5,13,8,18,8,9,3,2,2,0,0,9,2759,86,3,0,0,0,0,1,0
2021-01-23T23:59:59+01:00,0,0,33,41,192,248,213,372,178,489,128,247,51,62,48,99,45,186,0,0,2,1,1,3,5,12,8,17,7,9,3,2,2,0,0,9,2751,83,3,0,0,0,0,1,0
2021-01-22T23:59:59+01:00,0,0,31,40,191,244,212,372,178,487,126,247,51,62,48,99,43,180,0,0,2,0,1,3,4,12,8,16,7,9,3,2,2,0,0,9,2730,80,3,0,0,0,0,1,0
2021-01-21T23:59:59+01:00,0,0,27,38,180,230,206,356,174,466,124,234,49,62,44,90,42,176,0,0,2,0,1,3,1,7,7,11,5,5,3,2,1,0,0,7,2611,57,3,0,0,0,0,0,0
2021-01-20T23:59:59+01:00,0,0,26,36,162,205,188,312,144,411,114,211,44,59,41,85,36,161,0,0,2,0,1,3,1,7,7,10,5,4,3,2,1,0,0,7,2337,55,2,0,0,0,0,0,0
2021-01-19T23:59:59+01:00,0,0,26,33,136,178,171,276,135,369,108,189,32,52,32,70,32,146,0,0,1,0,1,3,1,5,4,8,3,3,2,0,1,0,0,4,2075,37,2,0,0,0,0,0,0
2021-01-18T23:59:59+01:00,0,0,21,32,122,157,149,235,118,321,101,165,28,49,29,58,30,125,0,0,1,0,1,1,0,2,3,6,2,3,1,0,1,0,0,4,1823,26,2,0,0,0,0,0,0
2021-01-17T23:59:59+01:00,0,0,19,23,116,143,141,222,109,294,96,154,28,44,29,51,28,110,0,0,1,0,0,0,0,1,1,4,2,2,1,0,1,0,0,1,1682,14,2,0,0,0,0,0,0
2021-01-16T23:59:59+01:00,0,0,16,21,113,141,139,217,106,284,95,147,25,43,28,45,22,107,0,0,0,0,0,0,0,0,0,0,0,0,0,0,0,0,0,0,1622,0,0,0,0,0,0,0,0
2021-01-15T23:59:59+01:00,0,0,13,18,107,132,135,211,103,275,94,137,24,43,28,40,21,104,0,0,0,0,0,0,0,0,0,0,0,0,0,0,0,0,0,0,1553,0,0,0,0,0,0,0,0
2021-01-14T23:59:59+01:00,0,0,11,14,83,100,116,172,87,234,81,121,18,38,25,32,20,88,0,0,0,0,0,0,0,0,0,0,0,0,0,0,0,0,0,0,1293,0,0,0,0,0,0,0,0
2021-01-13T23:59:59+01:00,0,0,9,13,69,88,102,143,79,192,75,96,17,24,21,24,18,70,0,0,0,0,0,0,0,0,0,0,0,0,0,0,0,0,0,0,1083,0,0,0,0,0,0,0,0
2021-01-12T23:59:59+01:00,0,0,7,9,56,70,84,114,71,137,63,74,13,19,17,20,9,53,0,0,0,0,0,0,0,0,0,0,0,0,0,0,0,0,0,0,852,0,0,0,0,0,0,0,0
2021-01-11T23:59:59+01:00,0,0,5,7,48,52,70,86,56,109,47,55,12,14,8,9,4,28,0,0,0,0,0,0,0,0,0,0,0,0,0,0,0,0,0,0,635,0,0,0,0,0,0,0,0
2021-01-10T23:59:59+01:00,0,0,5,7,43,41,52,70,42,88,39,47,11,9,7,9,4,24,0,0,0,0,0,0,0,0,0,0,0,0,0,0,0,0,0,0,514,0,0,0,0,0,0,0,0
2021-01-09T23:59:59+01:00,0,0,5,6,38,40,47,67,39,80,37,43,10,9,7,8,4,23,0,0,0,0,0,0,0,0,0,0,0,0,0,0,0,0,0,0,477,0,0,0,0,0,0,0,0
2021-01-08T23:59:59+01:00,0,0,5,5,31,32,41,58,30,67,31,38,7,6,5,7,3,21,0,0,0,0,0,0,0,0,0,0,0,0,0,0,0,0,0,0,398,0,0,0,0,0,0,0,0
2021-01-07T23:59:59+01:00,0,0,5,2,13,3,12,20,12,30,8,18,6,3,4,2,1,19,0,0,0,0,0,0,0,0,0,0,0,0,0,0,0,0,0,0,161,0,0,0,0,0,0,0,0
2021-01-06T23:59:59+01:00,0,0,5,1,6,3,7,17,9,24,7,10,4,3,2,2,1,16,0,0,0,0,0,0,0,0,0,0,0,0,0,0,0,0,0,0,120,0,0,0,0,0,0,0,0
2021-01-05T23:59:59+01:00,0,0,3,1,3,3,7,16,9,22,7,9,4,2,2,2,0,15,0,0,0,0,0,0,0,0,0,0,0,0,0,0,0,0,0,0,108,0,0,0,0,0,0,0,0
2021-01-04T23:59:59+01:00,0,0,2,1,3,3,7,15,8,19,7,9,3,2,2,1,0,10,0,0,0,0,0,0,0,0,0,0,0,0,0,0,0,0,0,0,94,0,0,0,0,0,0,0,0
2021-01-03T23:59:59+01:00,0,0,2,1,1,3,6,15,8,19,7,9,3,2,2,1,0,10,0,0,0,0,0,0,0,0,0,0,0,0,0,0,0,0,0,0,91,0,0,0,0,0,0,0,0
2021-01-02T23:59:59+01:00,0,0,2,1,1,3,6,15,7,19,6,9,3,2,2,1,0,10,0,0,0,0,0,0,0,0,0,0,0,0,0,0,0,0,0,0,89,0,0,0,0,0,0,0,0
2021-01-01T23:59:59+01:00,0,0,2,0,1,3,5,15,7,19,6,9,3,2,2,1,0,10,0,0,0,0,0,0,0,0,0,0,0,0,0,0,0,0,0,0,87,0,0,0,0,0,0,0,0
2020-12-31T23:59:59+01:00,0,0,2,0,1,3,5,14,7,19,6,9,3,2,2,1,0,10,0,0,0,0,0,0,0,0,0,0,0,0,0,0,0,0,0,0,86,0,0,0,0,0,0,0,0
2020-12-30T23:59:59+01:00,0,0,2,0,1,3,5,13,7,17,6,9,3,2,2,1,0,10,0,0,0,0,0,0,0,0,0,0,0,0,0,0,0,0,0,0,83,0,0,0,0,0,0,0,0
2020-12-29T23:59:59+01:00,0,0,1,0,1,3,4,8,4,14,4,7,2,1,2,0,0,8,0,0,0,0,0,0,0,0,0,0,0,0,0,0,0,0,0,0,60,0,0,0,0,0,0,0,0
2020-12-28T23:59:59+01:00,0,0,1,0,1,1,1,1,2,7,3,4,2,0,1,0,0,4,0,0,0,0,0,0,0,0,0,0,0,0,0,0,0,0,0,0,29,0,0,0,0,0,0,0,0
2020-12-27T23:59:59+01:00,0,0,1,0,0,0,0,1,1,7,1,2,1,0,1,0,0,2,0,0,0,0,0,0,0,0,0,0,0,0,0,0,0,0,0,0,17,0,0,0,0,0,0,0,0
