Datum,<15_1_m,<15_1_w,15-24_1_m,15-24_1_w,25-34_1_m,25-34_1_w,35-44_1_m,35-44_1_w,45-54_1_m,45-54_1_w,55-64_1_m,55-64_1_w,65-74_1_m,65-74_1_w,75-84_1_m,75-84_1_w,>84_1_m,>84_1_w,<15_2_m,<15_2_w,15-24_2_m,15-24_2_w,25-34_2_m,25-34_2_w,35-44_2_m,35-44_2_w,45-54_2_m,45-54_2_w,55-64_2_m,55-64_2_w,65-74_2_m,65-74_2_w,75-84_2_m,75-84_2_w,>84_2_m,>84_2_w,bp_1,bp_2,mo_1,mo_2,az_1,az_2,ja,unb_1,unb_2
2021-10-29T23:59:59+02:00,252,229,4405,3754,10490,7275,9881,6724,8493,8944,5559,6172,1890,2348,1185,1623,322,914,192,169,3698,3212,9255,6507,8881,6055,7727,8084,5148,5705,1765,2208,1114,1540,284,843,52058,45478,7806,7118,9197,7920,13118,47,47
2021-10-28T23:59:59+02:00,252,228,4363,3738,10388,7246,9786,6695,8432,8893,5533,6144,1887,2341,1183,1623,322,914,191,168,3675,3198,9206,6475,8832,6035,7702,8061,5136,5696,1764,2205,1114,1540,283,843,51711,45357,7794,7109,9197,7920,12985,47,47
2021-10-27T23:59:59+02:00,251,227,4333,3723,10328,7227,9731,6659,8376,8861,5517,6128,1884,2338,1183,1622,322,914,189,168,3655,3185,9173,6450,8805,6018,7683,8047,5128,5683,1761,2204,1113,1537,283,842,51442,45232,7784,7100,9197,7919,12920,47,47
2021-10-26T23:59:59+02:00,249,225,4292,3706,10267,7198,9673,6631,8339,8814,5499,6115,1881,2335,1182,1621,322,914,188,167,3634,3169,9119,6430,8777,6004,7668,8024,5115,5675,1759,2204,1111,1533,283,842,51177,45100,7777,7099,9197,7919,12831,47,47
2021-10-25T23:59:59+02:00,247,225,4284,3699,10249,7189,9652,6619,8323,8796,5496,6111,1880,2334,1182,1621,322,914,188,167,3633,3168,9105,6418,8761,5994,7657,8008,5111,5673,1758,2204,1111,1533,283,842,51103,45060,7776,7097,9197,7919,12785,47,47
2021-10-24T23:59:59+02:00,244,224,4268,3684,10209,7171,9620,6600,8307,8774,5492,6103,1878,2334,1181,1621,322,914,187,166,3615,3155,9079,6409,8741,5984,7647,7996,5107,5668,1757,2204,1111,1532,283,842,50960,44985,7771,7092,9197,7917,12736,47,47
2021-10-23T23:59:59+02:00,243,224,4262,3678,10189,7168,9609,6593,8303,8767,5491,6099,1878,2334,1181,1621,322,914,187,166,3612,3152,9073,6408,8735,5981,7642,7995,5106,5667,1757,2204,1111,1532,283,842,50904,44970,7770,7090,9197,7917,12723,47,47
2021-10-22T23:59:59+02:00,242,221,4228,3663,10149,7148,9584,6580,8273,8734,5479,6079,1878,2333,1181,1621,322,914,185,165,3600,3146,9048,6395,8713,5974,7627,7984,5097,5656,1757,2201,1111,1531,283,842,50714,44889,7764,7084,9197,7917,12672,47,47
2021-10-21T23:59:59+02:00,238,220,4195,3643,10060,7125,9541,6542,8238,8686,5472,6056,1877,2328,1180,1620,322,914,182,164,3565,3121,8995,6375,8684,5954,7598,7960,5082,5643,1756,2198,1109,1530,283,842,50436,44712,7750,7070,9197,7915,12591,47,47
2021-10-20T23:59:59+02:00,237,218,4176,3623,10040,7108,9513,6526,8213,8668,5466,6044,1875,2325,1180,1620,322,914,180,163,3548,3106,8966,6355,8657,5941,7580,7947,5074,5633,1753,2196,1109,1528,283,840,50284,44573,7746,7061,9197,7913,12559,46,47
2021-10-19T23:59:59+02:00,233,217,4161,3612,10022,7103,9483,6514,8198,8656,5460,6036,1874,2324,1180,1620,322,913,176,162,3532,3088,8949,6339,8643,5928,7568,7933,5064,5624,1752,2191,1108,1527,283,840,50174,44444,7738,7058,9197,7913,12537,46,47
2021-10-18T23:59:59+02:00,233,215,4148,3604,10005,7093,9464,6503,8186,8645,5456,6024,1873,2320,1179,1619,322,913,176,162,3521,3074,8934,6324,8630,5920,7560,7924,5063,5614,1750,2189,1108,1527,283,838,50067,44357,7735,7049,9197,7913,12520,46,47
2021-10-17T23:59:59+02:00,233,213,4133,3599,9995,7084,9452,6499,8177,8642,5454,6020,1872,2320,1179,1618,321,912,176,159,3509,3065,8924,6321,8624,5915,7550,7916,5061,5610,1749,2185,1106,1527,283,838,50005,44292,7729,7046,9197,7913,12508,46,47
2021-10-16T23:59:59+02:00,233,213,4128,3597,9990,7082,9450,6498,8175,8639,5453,6019,1871,2320,1178,1617,321,912,176,158,3507,3063,8920,6319,8624,5914,7547,7914,5061,5610,1749,2185,1106,1527,283,838,49985,44283,7728,7045,9197,7912,12502,46,47
2021-10-15T23:59:59+02:00,229,212,4111,3589,9972,7073,9435,6490,8165,8624,5446,6013,1870,2320,1178,1617,321,912,176,156,3494,3057,8905,6308,8611,5908,7539,7907,5054,5606,1749,2185,1106,1526,283,838,49891,44214,7724,7043,9197,7912,12479,46,47
2021-10-14T23:59:59+02:00,228,212,4093,3578,9941,7053,9414,6472,8141,8604,5437,6004,1870,2317,1178,1616,320,911,174,150,3470,3044,8872,6281,8578,5880,7514,7894,5043,5596,1748,2180,1103,1526,283,838,49760,44045,7715,7027,9197,7910,12431,46,47
2021-10-13T23:59:59+02:00,225,211,4075,3570,9922,7039,9397,6460,8130,8590,5429,5996,1868,2316,1178,1614,320,911,172,150,3455,3036,8844,6263,8561,5868,7496,7884,5035,5590,1748,2180,1102,1525,283,838,49659,43940,7711,7021,9197,7910,12398,46,47
2021-10-12T23:59:59+02:00,223,210,4064,3563,9901,7025,9375,6450,8118,8574,5417,5987,1867,2314,1177,1614,320,911,170,148,3447,3022,8820,6244,8537,5853,7482,7871,5019,5579,1744,2175,1101,1524,283,838,49546,43795,7705,7016,9197,7909,12376,46,47
2021-10-11T23:59:59+02:00,221,208,4043,3557,9877,7019,9353,6438,8109,8557,5413,5977,1866,2313,1177,1614,320,911,168,148,3431,3011,8784,6232,8510,5833,7464,7851,5012,5570,1743,2174,1101,1524,283,838,49450,43659,7696,7004,9197,7909,12344,46,47
2021-10-10T23:59:59+02:00,220,206,4032,3550,9864,7007,9345,6427,8098,8548,5409,5969,1866,2313,1176,1614,320,911,166,148,3422,3008,8765,6226,8496,5825,7451,7848,5006,5563,1742,2173,1101,1523,283,838,49377,43587,7690,7001,9197,7909,12325,46,47
2021-10-09T23:59:59+02:00,220,206,4030,3549,9860,7007,9333,6420,8095,8546,5407,5969,1866,2312,1176,1614,320,911,166,147,3419,3001,8763,6224,8486,5816,7447,7847,5003,5562,1742,2173,1101,1523,283,838,49359,43564,7690,6997,9197,7908,12309,46,47
2021-10-08T23:59:59+02:00,218,205,4017,3540,9838,6998,9320,6409,8081,8531,5402,5966,1864,2311,1176,1614,320,911,166,147,3411,2988,8737,6214,8472,5807,7441,7829,4994,5560,1738,2171,1100,1522,283,838,49276,43477,7688,6996,9197,7908,12273,46,47
2021-10-07T23:59:59+02:00,216,203,3991,3524,9797,6979,9277,6399,8058,8510,5396,5960,1863,2306,1176,1614,320,911,165,145,3379,2961,8691,6192,8441,5794,7418,7800,4975,5549,1735,2166,1100,1521,283,838,49113,43286,7683,6976,9197,7908,12218,46,47
2021-10-06T23:59:59+02:00,214,202,3981,3516,9769,6960,9262,6392,8050,8502,5390,5952,1861,2303,1176,1612,320,910,164,145,3364,2947,8669,6179,8423,5784,7410,7784,4973,5538,1733,2163,1100,1520,283,838,49018,43187,7679,6970,9197,7906,12189,46,47
2021-10-05T23:59:59+02:00,214,200,3963,3502,9751,6942,9241,6379,8033,8479,5382,5946,1860,2301,1176,1611,320,910,163,145,3347,2932,8645,6168,8397,5766,7391,7758,4963,5530,1731,2159,1099,1518,283,838,48905,43057,7677,6962,9197,7906,12142,46,47
2021-10-04T23:59:59+02:00,214,199,3937,3489,9719,6924,9203,6362,8017,8468,5375,5937,1858,2300,1175,1606,320,908,163,145,3332,2922,8619,6147,8360,5753,7371,7733,4954,5515,1730,2157,1099,1517,282,838,48776,42926,7669,6957,9196,7906,12081,46,47
2021-10-03T23:59:59+02:00,214,199,3915,3475,9690,6908,9189,6352,8003,8456,5373,5929,1856,2298,1174,1605,320,908,163,145,3314,2915,8588,6136,8348,5744,7362,7720,4948,5509,1728,2154,1099,1516,282,838,48684,42854,7664,6954,9196,7903,12031,46,47
2021-10-02T23:59:59+02:00,214,199,3911,3472,9688,6906,9186,6351,8001,8456,5370,5927,1855,2297,1174,1605,320,908,163,145,3311,2915,8584,6135,8346,5744,7357,7719,4947,5505,1727,2153,1099,1516,282,838,48672,42842,7661,6954,9196,7901,12022,46,47
2021-10-01T23:59:59+02:00,213,198,3898,3467,9665,6900,9174,6341,7988,8446,5365,5918,1852,2295,1174,1605,320,907,161,141,3293,2903,8564,6126,8331,5731,7348,7708,4940,5498,1725,2153,1098,1516,282,838,48605,42764,7658,6950,9196,7897,11978,46,47
2021-09-30T23:59:59+02:00,212,196,3860,3442,9614,6875,9138,6316,7959,8420,5348,5904,1849,2292,1173,1605,320,906,159,140,3271,2877,8514,6097,8298,5710,7329,7677,4925,5484,1724,2147,1098,1516,282,837,48416,42621,7648,6925,9196,7893,11877,46,47
2021-09-29T23:59:59+02:00,209,194,3838,3426,9567,6858,9121,6294,7946,8392,5339,5898,1847,2289,1172,1603,320,905,159,140,3252,2867,8479,6090,8282,5686,7318,7655,4914,5472,1724,2145,1098,1515,282,837,48277,42527,7640,6917,9196,7888,11811,46,47
2021-09-28T23:59:59+02:00,207,194,3822,3413,9528,6832,9090,6281,7921,8358,5330,5881,1846,2282,1172,1602,320,903,156,139,3233,2854,8453,6065,8259,5673,7293,7628,4905,5460,1724,2139,1098,1514,282,836,48135,42418,7635,6912,9196,7887,11720,46,47
2021-09-27T23:59:59+02:00,205,194,3797,3396,9490,6803,9065,6256,7904,8328,5316,5869,1842,2271,1171,1602,319,902,156,138,3208,2842,8409,6038,8230,5645,7271,7599,4892,5451,1721,2130,1098,1513,282,835,48009,42284,7621,6909,9196,7883,11608,46,47
2021-09-26T23:59:59+02:00,203,194,3784,3387,9471,6789,9054,6248,7891,8316,5311,5864,1837,2270,1169,1601,319,902,155,137,3196,2835,8389,6033,8219,5634,7257,7592,4884,5441,1717,2130,1098,1512,282,834,47940,42223,7616,6905,9195,7879,11563,46,47
2021-09-25T23:59:59+02:00,202,193,3777,3386,9461,6784,9050,6244,7884,8314,5309,5863,1837,2269,1169,1600,319,902,155,136,3189,2832,8381,6029,8215,5631,7253,7587,4883,5438,1716,2129,1097,1509,282,834,47920,42203,7613,6902,9195,7877,11539,46,47
2021-09-24T23:59:59+02:00,201,191,3757,3373,9428,6770,9035,6232,7861,8294,5301,5851,1836,2267,1169,1599,319,902,154,135,3174,2819,8355,6014,8203,5619,7231,7572,4876,5429,1716,2125,1097,1509,282,834,47827,42139,7611,6896,9195,7877,11456,46,47
2021-09-23T23:59:59+02:00,199,189,3720,3356,9365,6736,8982,6184,7819,8245,5281,5831,1830,2260,1167,1596,319,902,153,134,3151,2806,8302,5985,8153,5580,7189,7525,4857,5411,1707,2121,1096,1507,282,834,47660,42027,7599,6888,9195,7873,11226,46,47
2021-09-22T23:59:59+02:00,196,189,3699,3338,9338,6711,8954,6163,7784,8231,5265,5821,1828,2257,1166,1596,319,902,151,131,3128,2797,8273,5960,8127,5565,7159,7505,4842,5405,1704,2114,1094,1507,282,833,47528,41903,7594,6884,9193,7867,11140,46,47
2021-09-21T23:59:59+02:00,194,185,3678,3323,9309,6688,8908,6140,7751,8204,5250,5810,1827,2257,1166,1596,319,902,150,131,3104,2782,8236,5933,8082,5550,7123,7473,4825,5385,1702,2113,1093,1506,282,833,47394,41746,7587,6877,9193,7867,11028,46,47
2021-09-20T23:59:59+02:00,192,185,3651,3306,9269,6672,8871,6118,7716,8171,5243,5795,1823,2255,1166,1596,319,900,150,128,3083,2757,8193,5914,8042,5526,7088,7444,4817,5365,1699,2111,1092,1505,281,833,47259,41603,7583,6871,9192,7862,10904,46,47
2021-09-19T23:59:59+02:00,191,184,3634,3297,9239,6664,8856,6112,7710,8160,5235,5788,1822,2252,1165,1594,319,899,148,128,3076,2750,8164,5900,8023,5519,7073,7428,4809,5357,1697,2107,1091,1504,281,832,47194,41534,7576,6862,9192,7856,10847,46,47
2021-09-18T23:59:59+02:00,190,184,3630,3294,9234,6662,8849,6109,7706,8158,5233,5787,1822,2252,1165,1594,319,899,147,128,3069,2748,8154,5897,8012,5515,7068,7426,4805,5352,1697,2107,1091,1503,281,832,47178,41492,7574,6861,9191,7856,10831,46,47
2021-09-17T23:59:59+02:00,190,183,3611,3285,9197,6646,8820,6095,7687,8145,5224,5778,1821,2247,1163,1594,319,899,147,127,3053,2740,8113,5881,7982,5503,7045,7415,4797,5343,1697,2105,1090,1503,281,832,47085,41410,7567,6849,9189,7853,10747,46,47
2021-09-16T23:59:59+02:00,190,182,3585,3254,9141,6620,8773,6068,7650,8111,5204,5765,1819,2242,1161,1594,319,898,147,126,3041,2726,8073,5855,7948,5478,7024,7390,4783,5336,1695,2104,1090,1503,280,831,46870,41290,7542,6840,9188,7845,10658,46,47
2021-09-15T23:59:59+02:00,188,182,3561,3240,9107,6603,8742,6042,7623,8090,5198,5746,1816,2238,1158,1594,318,897,143,126,3024,2722,8047,5842,7921,5451,6991,7371,4767,5319,1693,2101,1090,1500,278,828,46717,41156,7535,6833,9188,7844,10582,46,47
2021-09-14T23:59:59+02:00,187,181,3541,3218,9064,6582,8696,6014,7596,8059,5186,5728,1814,2234,1157,1593,317,897,143,124,3004,2706,8006,5818,7880,5432,6965,7347,4752,5303,1692,2101,1089,1497,278,827,46554,41023,7525,6824,9188,7841,10474,46,47
2021-09-13T23:59:59+02:00,185,180,3526,3202,9023,6559,8666,5994,7578,8027,5171,5711,1812,2230,1157,1593,317,896,141,122,2990,2696,7974,5803,7863,5419,6956,7325,4743,5298,1691,2098,1089,1496,278,827,46389,40924,7504,6819,9187,7838,10422,46,47
2021-09-12T23:59:59+02:00,185,179,3508,3197,8998,6548,8654,5984,7567,8011,5162,5702,1811,2229,1156,1590,317,895,140,121,2975,2687,7948,5788,7853,5407,6939,7309,4739,5289,1687,2097,1089,1496,278,826,46300,40840,7502,6813,9187,7830,10378,46,47
2021-09-11T23:59:59+02:00,185,179,3505,3195,8990,6543,8650,5982,7566,8009,5159,5700,1810,2228,1155,1590,317,895,139,121,2973,2686,7939,5785,7849,5404,6938,7304,4738,5287,1687,2097,1089,1496,278,826,46283,40825,7500,6811,9185,7830,10362,46,47
2021-09-10T23:59:59+02:00,184,175,3476,3188,8964,6523,8632,5968,7540,7988,5146,5680,1806,2225,1154,1590,317,895,138,118,2958,2680,7913,5762,7831,5389,6915,7284,4723,5268,1686,2096,1089,1494,278,826,46195,40761,7497,6805,9185,7829,10244,46,47
2021-09-09T23:59:59+02:00,182,172,3456,3165,8917,6495,8596,5943,7518,7949,5130,5669,1803,2222,1154,1590,317,895,136,117,2943,2668,7879,5734,7804,5368,6892,7254,4710,5253,1685,2092,1089,1494,278,826,46016,40646,7489,6794,9185,7820,10152,46,46
2021-09-08T23:59:59+02:00,181,171,3435,3150,8882,6483,8570,5914,7499,7919,5115,5652,1799,2220,1153,1588,317,894,134,115,2925,2656,7836,5716,7768,5344,6863,7218,4698,5231,1684,2091,1088,1494,277,826,45907,40514,7480,6785,9182,7816,10038,46,46
2021-09-07T23:59:59+02:00,180,169,3414,3144,8864,6457,8541,5893,7477,7899,5100,5641,1799,2218,1152,1587,317,891,132,114,2908,2645,7807,5692,7743,5321,6845,7192,4685,5219,1681,2087,1087,1493,277,826,45774,40383,7477,6775,9182,7812,9973,46,46
2021-09-06T23:59:59+02:00,180,169,3394,3134,8833,6436,8516,5882,7457,7874,5091,5628,1795,2208,1150,1587,316,891,132,114,2889,2633,7780,5678,7718,5311,6828,7164,4678,5205,1675,2085,1087,1493,277,826,45642,40274,7475,6772,9181,7811,9905,46,46
2021-09-05T23:59:59+02:00,180,168,3379,3129,8824,6427,8504,5872,7455,7864,5084,5616,1792,2207,1150,1587,316,890,132,113,2878,2631,7764,5665,7707,5297,6821,7157,4668,5198,1672,2084,1087,1492,277,826,45586,40219,7473,6763,9180,7810,9866,46,46
2021-09-04T23:59:59+02:00,180,167,3374,3127,8821,6421,8497,5870,7452,7863,5084,5615,1791,2207,1150,1587,316,890,131,113,2873,2626,7760,5657,7700,5297,6816,7155,4667,5197,1670,2083,1086,1492,277,826,45569,40195,7473,6760,9180,7808,9851,46,46
2021-09-03T23:59:59+02:00,178,165,3360,3108,8787,6411,8478,5853,7434,7848,5071,5600,1788,2204,1150,1586,316,888,130,110,2855,2611,7731,5643,7679,5279,6797,7133,4654,5177,1666,2082,1086,1490,277,824,45484,40109,7462,6737,9180,7807,9758,46,46
2021-09-02T23:59:59+02:00,178,163,3337,3089,8736,6386,8436,5832,7413,7822,5058,5582,1783,2199,1148,1585,315,887,129,109,2838,2598,7681,5622,7644,5261,6772,7106,4645,5156,1662,2077,1084,1488,277,821,45349,39999,7451,6727,9178,7804,9627,46,45
2021-09-01T23:59:59+02:00,175,163,3319,3076,8696,6371,8409,5819,7393,7804,5046,5574,1782,2196,1147,1582,315,887,126,107,2821,2590,7635,5598,7611,5244,6744,7083,4633,5143,1659,2075,1083,1485,277,821,45232,39855,7438,6706,9178,7802,9557,46,45
2021-08-31T23:59:59+02:00,173,162,3303,3067,8652,6348,8389,5808,7374,7783,5039,5565,1779,2194,1146,1581,314,886,124,107,2806,2579,7591,5576,7589,5226,6720,7055,4621,5124,1655,2073,1082,1485,276,821,45128,39737,7433,6697,9178,7788,9470,46,45
2021-08-30T23:59:59+02:00,172,162,3276,3049,8612,6321,8346,5784,7336,7752,5026,5549,1775,2192,1145,1581,314,886,124,106,2776,2565,7544,5553,7552,5206,6685,7034,4610,5105,1651,2071,1081,1485,276,820,44970,39608,7432,6687,9177,7786,9343,46,45
2021-08-29T23:59:59+02:00,171,161,3264,3032,8585,6313,8327,5776,7328,7742,5018,5540,1774,2189,1145,1581,313,886,124,103,2753,2545,7509,5544,7533,5188,6672,7020,4599,5100,1649,2070,1080,1484,275,820,44898,39504,7426,6676,9177,7781,9284,46,45
2021-08-28T23:59:59+02:00,170,161,3257,3031,8579,6310,8322,5774,7322,7739,5018,5538,1774,2188,1145,1580,313,886,124,102,2747,2540,7503,5539,7528,5186,6667,7016,4596,5099,1649,2070,1080,1483,275,820,44879,39480,7426,6675,9177,7781,9264,46,45
2021-08-27T23:59:59+02:00,168,161,3247,3028,8561,6297,8299,5766,7302,7729,5006,5530,1774,2188,1145,1579,313,886,124,101,2733,2535,7485,5530,7507,5173,6652,7008,4586,5091,1649,2070,1079,1481,275,820,44814,39417,7425,6674,9176,7780,9201,46,45
2021-08-26T23:59:59+02:00,168,160,3221,3015,8522,6274,8263,5752,7279,7707,4992,5519,1772,2185,1145,1578,313,885,121,98,2710,2512,7445,5503,7459,5145,6617,6980,4562,5076,1643,2064,1079,1480,275,820,44675,39227,7418,6655,9176,7760,9111,46,45
2021-08-25T23:59:59+02:00,164,158,3199,3006,8484,6257,8228,5737,7255,7683,4979,5497,1768,2182,1145,1576,313,885,118,95,2672,2494,7394,5464,7410,5109,6580,6943,4545,5049,1642,2059,1078,1479,275,820,44563,38992,7412,6647,9176,7753,8992,46,45
2021-08-24T23:59:59+02:00,164,157,3194,2997,8465,6242,8209,5719,7239,7662,4969,5486,1765,2181,1144,1574,313,883,117,95,2653,2474,7361,5435,7377,5087,6554,6917,4529,5032,1642,2057,1077,1479,275,819,44487,38830,7408,6637,9176,7749,8916,46,45
2021-08-23T23:59:59+02:00,163,150,3170,2977,8419,6221,8165,5697,7209,7632,4955,5473,1765,2180,1142,1573,313,882,116,94,2627,2453,7315,5397,7337,5070,6519,6884,4514,5015,1638,2056,1077,1478,274,819,44345,38671,7397,6625,9173,7743,8789,46,45
2021-08-22T23:59:59+02:00,161,150,3158,2967,8404,6202,8150,5689,7189,7621,4948,5467,1764,2179,1141,1573,313,882,115,94,2613,2438,7282,5375,7313,5057,6499,6865,4509,5006,1635,2051,1076,1478,273,818,44268,38540,7389,6614,9173,7740,8743,46,45
2021-08-21T23:59:59+02:00,160,150,3150,2963,8393,6194,8140,5687,7184,7616,4946,5461,1763,2179,1141,1572,313,882,110,92,2604,2430,7264,5362,7293,5047,6487,6858,4501,4998,1634,2049,1075,1478,273,818,44221,38460,7386,6587,9173,7738,8726,46,45
2021-08-20T23:59:59+02:00,159,148,3140,2954,8368,6177,8109,5668,7165,7596,4934,5449,1760,2176,1141,1571,313,880,108,90,2575,2415,7220,5327,7258,5018,6452,6822,4485,4978,1628,2045,1074,1475,273,816,44149,38292,7377,6550,9172,7729,8620,46,45
2021-08-19T23:59:59+02:00,158,145,3120,2940,8325,6151,8070,5649,7145,7568,4921,5431,1754,2173,1140,1569,313,879,105,85,2529,2395,7139,5276,7198,4982,6405,6764,4455,4946,1624,2041,1074,1474,273,816,44018,37965,7365,6520,9170,7718,8503,46,45
2021-08-18T23:59:59+02:00,157,143,3107,2933,8299,6134,8040,5636,7112,7550,4909,5422,1749,2171,1140,1569,312,878,103,83,2503,2378,7073,5241,7142,4947,6363,6731,4432,4923,1619,2037,1072,1473,273,816,43907,37727,7360,6468,9169,7709,8428,46,45
2021-08-17T23:59:59+02:00,157,143,3090,2921,8276,6107,8012,5623,7098,7528,4898,5410,1746,2169,1139,1568,311,878,98,79,2476,2358,7017,5195,7099,4912,6335,6691,4414,4903,1611,2031,1071,1469,272,816,43785,37457,7354,6433,9168,7703,8369,46,45
2021-08-16T23:59:59+02:00,155,142,3079,2910,8255,6090,7992,5617,7086,7513,4885,5397,1745,2168,1138,1568,311,878,91,77,2445,2330,6944,5152,7030,4876,6286,6648,4383,4876,1609,2029,1068,1468,272,816,43696,37087,7349,6419,9168,7691,8316,46,45
2021-08-15T23:59:59+02:00,154,141,3071,2896,8228,6080,7976,5604,7068,7499,4880,5387,1743,2165,1138,1567,311,878,81,74,2413,2292,6884,5122,6993,4846,6244,6618,4370,4864,1605,2023,1067,1466,272,816,43602,36799,7342,6397,9167,7686,8275,46,45
2021-08-14T23:59:59+02:00,152,141,3065,2889,8215,6076,7967,5603,7067,7496,4876,5385,1741,2164,1138,1566,311,878,81,73,2404,2284,6857,5110,6980,4836,6236,6604,4351,4855,1602,2020,1067,1464,272,815,43580,36705,7340,6384,9167,7685,8243,46,45
2021-08-13T23:59:59+02:00,152,140,3051,2885,8195,6067,7957,5590,7053,7485,4868,5377,1741,2160,1137,1565,311,878,81,71,2368,2262,6811,5080,6941,4809,6195,6575,4340,4840,1601,2016,1066,1464,272,815,43514,36467,7339,6369,9167,7684,8189,46,45
2021-08-12T23:59:59+02:00,150,135,3033,2876,8164,6044,7927,5572,7031,7461,4854,5363,1739,2158,1134,1563,311,878,80,70,2330,2227,6723,5031,6889,4772,6147,6526,4315,4810,1598,2013,1063,1463,272,815,43412,36156,7331,6341,9165,7661,8081,44,45
2021-08-11T23:59:59+02:00,148,132,3017,2859,8124,6019,7907,5562,7009,7440,4843,5349,1737,2156,1134,1562,310,878,78,67,2303,2196,6641,4975,6814,4731,6090,6464,4294,4771,1593,2005,1063,1461,272,813,43288,35742,7320,6310,9160,7654,8013,44,45
2021-08-10T23:59:59+02:00,148,131,2998,2849,8094,6006,7881,5543,6980,7424,4825,5340,1734,2156,1134,1560,310,877,77,62,2231,2140,6529,4916,6728,4662,6001,6398,4247,4746,1583,1997,1061,1459,272,812,43182,35145,7310,6286,9157,7640,7934,44,45
2021-08-09T23:59:59+02:00,145,131,2978,2841,8064,5985,7857,5533,6956,7405,4816,5329,1733,2155,1134,1560,310,876,74,61,2169,2082,6428,4845,6631,4619,5931,6342,4219,4713,1577,1987,1060,1458,272,812,43096,34661,7303,6235,9157,7617,7842,44,45
2021-08-08T23:59:59+02:00,145,130,2965,2834,8048,5975,7841,5520,6946,7397,4809,5325,1730,2155,1134,1560,310,876,74,60,2144,2055,6367,4809,6590,4592,5892,6319,4207,4696,1568,1983,1059,1456,272,812,43039,34428,7300,6190,9153,7609,7797,44,45
2021-08-07T23:59:59+02:00,144,129,2958,2827,8028,5962,7827,5513,6940,7387,4804,5320,1728,2155,1133,1560,310,876,71,53,2113,2034,6289,4760,6535,4558,5859,6281,4190,4682,1564,1982,1059,1453,272,812,42981,34112,7295,6162,9153,7599,7761,44,45
2021-08-06T23:59:59+02:00,144,128,2947,2819,8001,5951,7796,5491,6920,7366,4793,5306,1723,2153,1133,1559,310,876,64,50,2073,1999,6192,4687,6461,4523,5819,6243,4169,4661,1561,1978,1058,1450,272,812,42919,33768,7278,6133,9153,7582,7654,44,45
2021-08-05T23:59:59+02:00,143,127,2923,2802,7977,5932,7759,5471,6897,7344,4774,5283,1719,2150,1131,1555,310,875,58,46,2032,1951,6065,4579,6353,4463,5751,6179,4132,4621,1554,1970,1055,1448,272,812,42790,33280,7270,6046,9151,7525,7544,44,45
2021-08-04T23:59:59+02:00,140,123,2881,2781,7909,5900,7722,5445,6869,7312,4756,5267,1715,2146,1128,1554,310,875,58,41,1974,1918,5943,4512,6231,4409,5685,6112,4104,4583,1544,1963,1050,1445,272,811,42580,32794,7257,5995,9151,7492,7416,44,45
2021-08-03T23:59:59+02:00,138,122,2866,2763,7882,5888,7686,5428,6846,7286,4744,5254,1711,2145,1127,1551,310,875,55,41,1940,1888,5845,4451,6125,4356,5616,6054,4064,4542,1539,1956,1049,1443,272,811,42445,32320,7252,5951,9150,7468,7344,44,45
2021-08-02T23:59:59+02:00,138,122,2843,2739,7851,5866,7662,5416,6824,7269,4727,5243,1710,2141,1126,1551,309,875,54,40,1916,1853,5720,4358,6013,4295,5549,6000,4019,4508,1533,1943,1048,1440,271,810,42307,31757,7245,5910,9149,7450,7278,44,45
2021-08-01T23:59:59+02:00,138,121,2828,2723,7822,5845,7648,5400,6812,7261,4721,5236,1709,2140,1124,1551,309,875,48,38,1896,1834,5645,4314,5952,4251,5504,5978,4004,4488,1531,1940,1046,1437,271,810,42216,31466,7233,5881,9148,7429,7231,44,45
2021-07-31T23:59:59+02:00,136,120,2820,2715,7808,5838,7640,5396,6806,7252,4720,5234,1708,2139,1124,1551,309,875,45,28,1858,1792,5547,4250,5887,4204,5452,5940,3978,4464,1526,1936,1046,1436,271,810,42175,30984,7231,5869,9148,7425,7202,44,45
2021-07-30T23:59:59+02:00,134,118,2810,2707,7783,5822,7627,5379,6789,7238,4713,5226,1707,2138,1124,1550,309,875,41,27,1836,1770,5466,4213,5823,4151,5395,5893,3952,4445,1522,1934,1045,1433,271,810,42096,30628,7219,5843,9148,7414,7148,44,45
2021-07-29T23:59:59+02:00,132,116,2775,2690,7731,5779,7587,5336,6760,7198,4688,5206,1706,2133,1122,1549,309,875,36,24,1797,1741,5344,4115,5693,4077,5305,5808,3903,4394,1515,1925,1042,1431,271,810,41893,30057,7204,5788,9142,7375,7008,44,45
2021-07-28T23:59:59+02:00,129,114,2756,2676,7701,5752,7560,5309,6737,7176,4674,5192,1702,2131,1121,1547,308,874,35,21,1760,1695,5245,4044,5577,4006,5219,5735,3865,4361,1503,1918,1040,1429,271,809,41718,29496,7194,5728,9138,7333,6964,44,45
2021-07-27T23:59:59+02:00,124,112,2740,2656,7662,5736,7529,5290,6718,7158,4662,5180,1702,2130,1121,1546,307,874,33,21,1715,1667,5111,3966,5452,3924,5128,5667,3825,4309,1496,1907,1039,1426,270,809,41600,28920,7177,5645,9137,7289,6888,44,45
2021-07-26T23:59:59+02:00,122,110,2717,2640,7626,5710,7497,5270,6695,7136,4656,5169,1700,2130,1119,1545,307,874,33,21,1670,1613,4974,3898,5350,3855,5055,5597,3764,4275,1493,1895,1038,1420,270,808,41453,28346,7155,5575,9134,7240,6831,44,45
2021-07-25T23:59:59+02:00,115,108,2702,2626,7590,5691,7470,5262,6676,7118,4646,5165,1698,2127,1118,1543,307,873,30,18,1647,1586,4915,3850,5292,3825,5007,5562,3730,4251,1489,1891,1037,1420,270,808,41317,28056,7147,5543,9132,7205,6782,44,45
2021-07-24T23:59:59+02:00,115,106,2688,2616,7563,5680,7446,5246,6662,7105,4636,5161,1697,2124,1118,1543,307,873,30,17,1626,1564,4868,3830,5221,3777,4965,5538,3710,4243,1488,1889,1036,1418,270,807,41241,27860,7125,5455,9131,7204,6730,44,45
2021-07-23T23:59:59+02:00,113,104,2664,2595,7514,5658,7421,5221,6624,7081,4616,5150,1695,2120,1116,1543,307,873,26,14,1567,1534,4727,3724,5091,3705,4892,5467,3658,4213,1486,1880,1035,1413,269,807,41071,27208,7118,5427,9129,7183,6631,44,45
2021-07-22T23:59:59+02:00,112,101,2633,2567,7440,5613,7369,5183,6578,7034,4581,5126,1688,2113,1115,1542,307,872,24,14,1514,1493,4560,3648,4939,3624,4738,5385,3577,4159,1473,1871,1030,1411,269,806,40766,26547,7095,5286,9118,7115,6518,44,45
2021-07-21T23:59:59+02:00,110,97,2606,2550,7375,5581,7319,5143,6520,6994,4559,5103,1681,2107,1115,1539,307,870,24,12,1478,1447,4439,3566,4805,3560,4634,5278,3505,4118,1462,1859,1028,1410,269,804,40518,26071,7055,5078,9112,7054,6408,44,44
2021-07-20T23:59:59+02:00,110,97,2585,2526,7323,5547,7283,5114,6482,6953,4532,5084,1677,2103,1115,1538,307,870,23,12,1443,1415,4322,3498,4718,3507,4535,5197,3450,4085,1457,1850,1027,1409,269,803,40274,25589,7045,5001,9110,6998,6329,44,44
2021-07-19T23:59:59+02:00,109,97,2565,2502,7268,5510,7238,5093,6438,6921,4513,5068,1671,2096,1113,1535,307,869,23,10,1420,1388,4248,3451,4633,3472,4461,5134,3415,4057,1451,1844,1023,1406,267,802,39992,25271,7034,4876,9108,6958,6287,44,44
2021-07-18T23:59:59+02:00,109,95,2538,2477,7204,5474,7204,5065,6401,6881,4496,5058,1665,2091,1112,1535,306,868,21,10,1401,1363,4201,3412,4595,3441,4413,5110,3382,4044,1445,1835,1022,1406,267,800,39705,25068,7018,4797,9102,6932,6255,44,43
2021-07-17T23:59:59+02:00,104,92,2526,2463,7184,5461,7186,5049,6381,6867,4474,5047,1660,2090,1112,1534,306,866,21,10,1389,1350,4166,3379,4545,3419,4371,5080,3352,4032,1438,1832,1022,1404,267,800,39597,24897,7008,4741,9100,6923,6196,44,43
2021-07-16T23:59:59+02:00,104,89,2491,2443,7125,5425,7126,5008,6338,6824,4447,5019,1654,2084,1111,1533,306,866,20,9,1346,1323,4068,3325,4454,3375,4289,5024,3291,3985,1425,1823,1016,1402,267,799,39417,24549,6986,4706,9093,6858,5990,44,43
2021-07-15T23:59:59+02:00,102,85,2446,2416,7057,5389,7069,4970,6292,6771,4429,4993,1651,2079,1109,1530,304,866,12,9,1292,1289,3872,3216,4265,3274,4146,4927,3226,3919,1415,1815,1012,1398,265,799,39100,23847,6968,4465,9087,6793,5889,44,43
2021-07-14T23:59:59+02:00,101,82,2412,2400,6989,5358,6999,4936,6238,6724,4407,4970,1643,2072,1107,1528,304,866,11,9,1246,1246,3750,3126,4161,3207,4036,4861,3179,3875,1403,1805,1011,1395,265,799,38789,23342,6948,4361,9086,6721,5793,44,43
2021-07-13T23:59:59+02:00,97,79,2378,2373,6935,5328,6935,4898,6198,6675,4386,4952,1633,2067,1105,1528,304,866,10,7,1213,1207,3644,3036,4037,3136,3947,4770,3125,3815,1374,1798,1008,1390,263,797,38470,22836,6941,4223,9083,6619,5718,44,43
2021-07-12T23:59:59+02:00,92,79,2352,2350,6869,5286,6868,4855,6147,6634,4359,4927,1628,2064,1102,1528,304,866,9,7,1179,1185,3535,2949,3923,3066,3845,4691,3073,3769,1361,1788,1003,1382,263,797,38137,22372,6927,4093,9080,6534,5633,44,42
2021-07-11T23:59:59+02:00,86,76,2339,2336,6833,5261,6839,4833,6118,6616,4349,4919,1625,2059,1100,1528,303,866,9,7,1165,1168,3487,2903,3863,3030,3792,4662,3051,3755,1351,1775,1000,1378,263,797,38021,22182,6906,4053,9075,6474,5548,44,42
2021-07-10T23:59:59+02:00,85,75,2310,2302,6753,5220,6775,4795,6069,6580,4325,4908,1622,2056,1100,1525,303,865,9,7,1142,1146,3430,2863,3815,3000,3754,4630,3034,3743,1345,1767,1000,1376,263,797,37774,21996,6880,4052,9061,6459,5408,44,42
2021-07-09T23:59:59+02:00,83,72,2282,2282,6685,5187,6730,4773,6022,6547,4307,4885,1620,2050,1100,1524,303,865,5,3,1117,1130,3381,2814,3763,2960,3703,4593,3007,3715,1342,1751,998,1375,263,797,37549,21761,6852,4019,9049,6404,5314,44,42
2021-07-08T23:59:59+02:00,78,69,2234,2241,6597,5119,6633,4722,5955,6482,4270,4850,1613,2041,1098,1520,303,865,4,3,1044,1079,3215,2723,3570,2880,3521,4499,2936,3651,1327,1735,994,1366,262,796,37227,21260,6779,3728,9016,6264,5109,44,42
2021-07-07T23:59:59+02:00,78,68,2162,2195,6488,5044,6530,4669,5884,6424,4239,4803,1606,2032,1095,1515,302,865,4,3,989,1044,3063,2639,3392,2796,3361,4394,2881,3588,1311,1705,985,1356,262,793,36740,20687,6740,3483,8995,6182,4954,44,42
2021-07-06T23:59:59+02:00,75,68,2115,2155,6381,4993,6440,4620,5830,6356,4199,4769,1599,2027,1092,1510,302,865,4,3,952,1002,2947,2534,3303,2736,3286,4302,2829,3531,1285,1673,981,1348,262,793,36293,20177,6689,3369,8979,6096,4855,44,42
2021-07-05T23:59:59+02:00,72,68,2047,2114,6241,4923,6325,4581,5761,6298,4160,4732,1594,2020,1090,1508,302,863,4,3,908,964,2837,2461,3221,2691,3211,4235,2785,3476,1263,1656,975,1338,262,789,35804,19788,6644,3293,8954,6010,4702,44,41
2021-07-04T23:59:59+02:00,72,67,2004,2070,6159,4882,6287,4551,5718,6277,4142,4710,1591,2018,1090,1506,302,862,4,3,867,937,2773,2412,3184,2666,3179,4201,2764,3455,1249,1635,973,1337,261,789,35594,19639,6604,3236,8929,5936,4583,44,41
2021-07-03T23:59:59+02:00,69,53,1908,1988,5941,4719,6135,4465,5633,6190,4095,4677,1588,2014,1089,1502,302,862,4,3,828,908,2703,2364,3127,2638,3139,4153,2734,3424,1243,1630,972,1333,261,787,34758,19444,6570,3233,8921,5911,4366,44,41
2021-07-02T23:59:59+02:00,59,45,1870,1950,5867,4678,6091,4436,5613,6162,4080,4659,1587,2007,1087,1501,301,862,4,3,806,882,2629,2311,3058,2593,3094,4102,2703,3387,1222,1613,968,1327,261,785,34478,19129,6534,3204,8916,5808,4304,44,41
2021-07-01T23:59:59+02:00,54,38,1819,1913,5761,4605,6010,4384,5534,6095,4053,4629,1584,2001,1086,1500,301,861,4,3,731,836,2435,2230,2872,2503,2910,3982,2603,3296,1198,1589,957,1312,261,783,34055,18326,6486,2986,8900,5705,4159,44,41
2021-06-30T23:59:59+02:00,54,36,1768,1858,5639,4526,5909,4335,5474,6046,4039,4604,1580,1993,1084,1497,301,861,4,2,695,799,2327,2157,2758,2447,2798,3888,2536,3218,1174,1561,949,1302,260,782,33622,17843,6422,2861,8885,5570,4034,44,41
2021-06-29T23:59:59+02:00,52,34,1708,1774,5525,4445,5808,4276,5421,5986,4010,4574,1572,1988,1083,1496,301,860,3,2,663,748,2239,2076,2682,2383,2695,3768,2479,3165,1161,1527,936,1292,260,779,33083,17341,6387,2790,8877,5452,3911,43,41
2021-06-28T23:59:59+02:00,51,33,1672,1715,5403,4380,5740,4224,5373,5946,3981,4548,1570,1979,1082,1494,301,860,3,2,649,719,2138,2009,2603,2323,2620,3682,2425,3115,1145,1509,929,1286,260,777,32658,16992,6326,2643,8866,5350,3832,43,41
2021-06-27T23:59:59+02:00,51,32,1641,1685,5351,4341,5696,4192,5326,5932,3968,4536,1567,1975,1082,1493,301,860,3,2,630,701,2086,1969,2559,2296,2574,3643,2394,3096,1138,1497,928,1276,260,777,32465,16840,6293,2584,8843,5266,3757,43,41
2021-06-26T23:59:59+02:00,44,27,1610,1658,5281,4293,5604,4148,5285,5898,3949,4521,1567,1973,1082,1491,301,860,3,2,623,689,2053,1941,2524,2274,2556,3617,2371,3078,1120,1487,927,1274,260,777,32102,16607,6209,2579,8843,5248,3756,43,41
2021-06-25T23:59:59+02:00,38,21,1571,1620,5177,4221,5548,4121,5247,5874,3925,4511,1564,1970,1080,1490,300,860,2,2,613,665,1999,1913,2458,2205,2457,3484,2329,2974,1108,1465,924,1270,259,776,31676,16134,6179,2550,8842,5067,3753,43,41
2021-06-24T23:59:59+02:00,22,17,1517,1567,4991,4110,5418,4065,5145,5831,3886,4485,1560,1966,1080,1489,299,860,2,2,575,644,1887,1840,2278,2133,2285,3400,2224,2877,1076,1443,916,1264,258,773,31019,15615,6120,2220,8831,4984,3637,43,41
2021-06-23T23:59:59+02:00,21,17,1484,1520,4904,4056,5338,4008,5096,5787,3864,4450,1551,1960,1077,1486,298,860,2,2,544,621,1813,1777,2168,2079,2165,3308,2121,2789,1051,1421,911,1256,256,772,30574,15039,6066,2141,8827,4841,3601,43,41
2021-06-22T23:59:59+02:00,21,17,1454,1502,4830,3991,5253,3959,5051,5742,3839,4427,1546,1954,1076,1484,298,860,2,2,527,599,1747,1730,2077,2027,2078,3200,2017,2700,1037,1398,901,1244,256,767,30159,14609,6021,2005,8822,4671,3575,43,40
2021-06-21T23:59:59+02:00,20,17,1422,1460,4710,3898,5171,3915,4981,5681,3809,4405,1542,1941,1074,1479,297,858,2,2,511,583,1708,1686,2041,1985,2027,3116,1952,2616,1017,1369,879,1224,256,764,29607,14304,5977,1908,8820,4531,3537,43,40
2021-06-20T23:59:59+02:00,19,15,1395,1428,4634,3829,5121,3895,4946,5659,3786,4394,1539,1940,1073,1479,296,858,2,2,495,566,1676,1656,2017,1961,1997,3088,1911,2578,1009,1354,877,1218,256,763,29306,14119,5941,1869,8807,4468,3503,43,39
2021-06-19T23:59:59+02:00,18,14,1380,1409,4593,3797,5096,3869,4916,5634,3767,4381,1534,1937,1073,1478,296,858,2,2,486,562,1656,1635,1998,1934,1981,3062,1884,2540,999,1347,873,1217,254,762,29122,13938,5877,1838,8807,4460,3485,43,38
2021-06-18T23:59:59+02:00,13,10,1354,1392,4521,3755,5045,3825,4866,5595,3742,4369,1530,1934,1071,1476,296,858,2,2,470,553,1636,1618,1968,1903,1936,3013,1833,2484,986,1332,871,1213,253,760,28783,13629,5829,1834,8806,4413,3471,43,38
2021-06-17T23:59:59+02:00,9,9,1314,1353,4354,3677,4857,3746,4690,5507,3687,4324,1524,1931,1071,1475,295,858,2,2,431,532,1533,1583,1784,1842,1777,2915,1729,2402,965,1313,860,1202,251,758,28161,13155,5772,1724,8799,4327,3174,42,38
2021-06-16T23:59:59+02:00,9,8,1283,1322,4248,3591,4757,3692,4587,5442,3641,4297,1518,1927,1070,1471,295,857,2,2,412,509,1471,1544,1722,1809,1696,2829,1670,2326,948,1286,850,1187,251,755,27665,12735,5656,1653,8787,4250,3120,42,38
2021-06-15T23:59:59+02:00,9,8,1247,1287,4111,3506,4684,3632,4510,5370,3598,4264,1508,1920,1065,1469,295,856,2,2,399,489,1416,1491,1669,1763,1628,2772,1600,2257,931,1257,845,1176,250,754,27105,12397,5618,1567,8772,4180,3039,42,38
2021-06-14T23:59:59+02:00,9,6,1220,1248,4019,3449,4600,3577,4427,5296,3543,4233,1504,1912,1064,1464,293,854,2,2,391,478,1369,1456,1619,1728,1576,2708,1544,2204,921,1232,841,1169,249,751,26627,12142,5521,1493,8768,4095,2983,41,37
2021-06-13T23:59:59+02:00,9,6,1204,1231,3970,3408,4551,3536,4376,5252,3522,4217,1503,1906,1064,1463,293,853,2,2,383,470,1336,1438,1580,1703,1536,2671,1511,2163,903,1211,838,1159,249,749,26369,11956,5484,1470,8762,4021,2923,41,37
2021-06-12T23:59:59+02:00,9,5,1189,1203,3940,3387,4521,3511,4358,5236,3507,4207,1501,1903,1063,1462,293,852,2,2,378,468,1323,1419,1557,1678,1514,2649,1486,2144,895,1201,828,1156,249,748,26172,11813,5473,1470,8760,3960,2911,41,36
2021-06-11T23:59:59+02:00,8,5,1169,1189,3900,3339,4450,3481,4317,5198,3477,4195,1500,1901,1062,1459,293,851,2,2,366,454,1301,1378,1529,1657,1468,2607,1439,2102,885,1187,824,1150,249,747,25865,11568,5443,1462,8757,3880,2888,41,36
2021-06-10T23:59:59+02:00,8,4,1105,1135,3776,3254,4313,3399,4218,5132,3422,4158,1495,1894,1060,1458,293,851,2,2,346,437,1236,1339,1462,1597,1403,2535,1351,2004,859,1155,820,1140,248,744,25254,11138,5300,1449,8738,3718,2812,41,35
2021-06-09T23:59:59+02:00,7,2,1055,1097,3632,3147,4175,3337,4127,5054,3374,4116,1489,1888,1058,1455,293,851,1,2,329,417,1175,1296,1398,1561,1346,2453,1270,1938,832,1100,813,1126,247,742,24751,10832,5114,1389,8729,3578,2671,41,35
2021-06-08T23:59:59+02:00,6,2,999,1059,3495,3051,4054,3256,4015,4970,3324,4085,1482,1884,1055,1452,292,849,1,1,313,397,1129,1257,1341,1526,1286,2395,1224,1865,812,1066,802,1110,243,739,24179,10592,4969,1339,8718,3439,2551,41,34
2021-06-07T23:59:59+02:00,5,2,969,1030,3382,2971,3915,3221,3893,4900,3272,4059,1467,1879,1054,1450,292,848,1,0,305,391,1085,1217,1283,1505,1238,2343,1156,1811,799,1045,789,1094,241,735,23777,10422,4783,1303,8710,3308,2410,41,34
2021-06-06T23:59:59+02:00,5,2,945,1019,3319,2936,3836,3173,3825,4870,3241,4044,1465,1873,1051,1449,291,848,1,0,297,380,1069,1190,1252,1476,1216,2284,1129,1752,787,1030,782,1086,241,732,23565,10311,4646,1249,8697,3198,2343,41,34
2021-06-05T23:59:59+02:00,5,2,933,1001,3249,2874,3782,3143,3789,4846,3231,4040,1464,1871,1051,1449,291,847,1,0,290,369,1051,1170,1233,1460,1190,2256,1097,1730,773,1007,780,1083,241,732,23282,10145,4640,1245,8693,3154,2305,41,33
2021-06-04T23:59:59+02:00,3,2,905,980,3202,2817,3708,3105,3725,4792,3204,4020,1460,1867,1049,1449,291,847,1,0,277,361,1026,1138,1210,1444,1166,2216,1067,1703,757,986,774,1078,241,730,22961,10007,4594,1240,8689,3093,2217,41,33
2021-06-03T23:59:59+02:00,3,2,861,945,3039,2722,3521,2997,3550,4675,3111,3944,1451,1857,1045,1444,291,847,0,0,266,351,993,1098,1154,1388,1099,2131,1004,1646,718,948,766,1065,241,729,22268,9790,4354,1222,8672,2930,2023,41,33
2021-06-02T23:59:59+02:00,3,2,836,932,2968,2658,3464,2956,3487,4613,3069,3918,1449,1852,1045,1443,291,847,0,0,253,341,967,1076,1113,1370,1056,2089,953,1601,705,916,763,1060,241,728,21913,9578,4335,1208,8672,2894,1912,41,33
2021-06-01T23:59:59+02:00,3,2,789,899,2815,2545,3282,2863,3320,4506,3009,3856,1438,1845,1042,1438,291,847,0,0,242,327,886,1018,1022,1314,974,1981,904,1522,674,862,757,1051,241,722,21298,9292,4123,1173,8661,2697,1678,41,32
2021-05-31T23:59:59+02:00,3,2,751,871,2691,2457,3143,2765,3212,4415,2956,3803,1432,1833,1041,1434,291,846,0,0,229,311,847,976,957,1262,928,1904,864,1463,654,838,751,1046,239,719,20886,9120,3884,1157,8642,2561,1482,41,32
2021-05-30T23:59:59+02:00,3,2,740,859,2631,2411,3077,2726,3162,4374,2938,3782,1428,1827,1041,1433,291,845,0,0,219,294,804,933,905,1221,889,1844,841,1409,640,822,747,1036,239,718,20736,9021,3822,1149,8630,2392,1323,41,32
2021-05-29T23:59:59+02:00,3,2,738,856,2612,2395,3054,2714,3143,4357,2930,3773,1426,1825,1041,1433,291,845,0,0,215,283,798,920,885,1193,872,1797,827,1376,626,802,745,1031,238,718,20609,8928,3820,1148,8627,2250,1322,40,32
2021-05-28T23:59:59+02:00,3,2,730,844,2573,2354,3009,2686,3120,4334,2920,3758,1426,1822,1039,1428,291,845,0,0,211,274,786,902,873,1169,856,1756,795,1336,608,773,741,1023,237,716,20360,8747,3811,1143,8625,2163,1318,40,32
2021-05-27T23:59:59+02:00,3,2,684,821,2446,2291,2876,2616,2974,4257,2836,3709,1417,1811,1038,1426,290,843,0,0,197,258,723,849,791,1115,768,1664,731,1254,584,740,732,1007,236,714,19869,8543,3676,1104,8591,1903,1115,40,31
2021-05-26T23:59:59+02:00,3,2,650,786,2336,2218,2711,2551,2848,4191,2785,3659,1407,1799,1036,1419,288,838,0,0,188,236,681,809,743,1080,726,1595,692,1196,568,714,714,974,235,711,19442,8319,3429,1093,8563,1764,983,40,31
2021-05-25T23:59:59+02:00,3,2,628,767,2243,2156,2610,2508,2748,4109,2738,3621,1396,1791,1033,1415,288,836,0,0,179,223,658,780,708,1045,689,1537,644,1134,550,696,694,947,234,709,19072,8107,3249,1058,8521,1629,929,39,28
2021-05-24T23:59:59+02:00,3,2,613,743,2184,2115,2534,2474,2678,4053,2678,3579,1383,1784,1027,1414,288,835,0,0,174,215,636,762,681,1013,655,1480,618,1081,533,682,687,943,234,709,18873,8015,3066,1047,8487,1508,829,39,27
2021-05-23T23:59:59+02:00,3,2,609,742,2166,2101,2521,2459,2668,4037,2667,3566,1380,1782,1027,1412,288,835,0,0,172,213,630,754,673,1007,639,1466,610,1074,530,674,682,937,233,706,18752,7932,3063,1041,8487,1496,828,39,26
2021-05-22T23:59:59+02:00,3,2,602,729,2141,2078,2484,2437,2647,4004,2635,3538,1372,1778,1027,1410,288,834,0,0,170,205,621,751,668,997,627,1460,605,1068,520,666,676,925,233,706,18503,7870,3062,1041,8484,1461,819,39,26
2021-05-21T23:59:59+02:00,3,2,587,714,2051,2041,2399,2384,2578,3957,2594,3492,1365,1765,1025,1408,288,833,0,0,169,202,615,742,658,988,615,1448,590,1048,509,640,669,919,233,704,18015,7786,3034,1040,8464,1400,816,39,26
2021-05-20T23:59:59+02:00,3,2,556,693,1924,1970,2267,2306,2448,3855,2515,3407,1350,1749,1023,1403,288,831,0,0,160,191,581,704,626,949,585,1390,566,986,485,609,664,910,233,703,17364,7663,2907,1029,8390,1186,746,39,26
2021-05-19T23:59:59+02:00,2,2,520,658,1811,1886,2120,2233,2305,3753,2411,3312,1332,1731,1015,1400,286,831,0,0,146,184,554,680,593,914,553,1338,540,926,471,588,654,888,232,701,16591,7512,2836,1012,8348,1085,625,39,26
2021-05-18T23:59:59+02:00,2,1,492,637,1730,1809,2019,2176,2195,3633,2319,3221,1321,1712,1008,1393,286,827,0,0,139,175,530,651,570,883,537,1261,520,864,455,564,647,874,231,698,16075,7394,2669,974,8291,973,522,39,26
2021-05-17T23:59:59+02:00,2,0,472,623,1672,1773,1966,2125,2121,3521,2262,3144,1303,1692,1001,1386,286,825,0,0,133,167,514,636,562,845,527,1200,504,809,438,533,645,866,231,696,15771,7320,2515,944,8225,871,426,39,26
2021-05-16T23:59:59+02:00,2,0,466,622,1644,1748,1929,2097,2081,3472,2208,3086,1288,1683,999,1382,286,824,0,0,129,164,505,615,551,830,514,1154,486,772,413,504,642,861,231,695,15594,7264,2443,916,8183,784,349,39,26
2021-05-15T23:59:59+02:00,2,0,461,617,1617,1730,1910,2076,2060,3448,2183,3048,1279,1682,998,1380,285,824,0,0,128,161,501,614,550,827,509,1150,480,762,409,502,639,859,231,695,15387,7232,2442,915,8175,773,344,37,26
2021-05-14T23:59:59+02:00,2,0,443,603,1586,1696,1867,2034,1982,3379,2141,3004,1271,1672,996,1380,283,824,0,0,126,156,496,599,531,802,490,1118,466,746,393,485,634,854,231,693,15018,7172,2400,899,8154,669,322,37,26
2021-05-13T23:59:59+02:00,1,0,416,582,1524,1643,1757,1981,1862,3292,2074,2912,1247,1655,989,1378,281,820,0,0,121,153,484,591,522,786,484,1102,452,732,377,458,624,829,231,689,14579,7089,2157,859,8098,633,293,37,26
2021-05-12T23:59:59+02:00,1,0,409,576,1504,1634,1742,1972,1837,3269,2059,2898,1245,1649,985,1376,281,820,0,0,121,151,481,591,521,780,481,1097,449,726,372,446,623,823,231,688,14449,7046,2133,850,8091,632,291,36,26
2021-05-11T23:59:59+02:00,1,0,390,556,1427,1595,1635,1931,1725,3176,1954,2827,1231,1624,981,1367,281,820,0,0,114,142,466,559,499,752,462,1065,421,705,350,418,613,817,231,688,14045,6947,1956,821,7976,537,228,36,26
2021-05-10T23:59:59+02:00,1,0,375,541,1382,1563,1581,1898,1653,3111,1896,2759,1224,1610,977,1361,281,817,0,0,114,139,459,554,490,730,454,1041,416,685,341,405,611,811,231,687,13772,6899,1872,813,7853,484,203,36,24
2021-05-09T23:59:59+02:00,1,0,369,530,1337,1538,1547,1877,1609,3074,1835,2718,1211,1597,975,1356,281,816,0,0,109,136,452,545,480,722,444,1031,406,674,331,394,606,806,231,686,13530,6862,1816,802,7804,432,183,36,23
2021-05-08T23:59:59+02:00,1,0,363,525,1323,1517,1516,1857,1586,3048,1805,2697,1204,1589,972,1355,280,816,0,0,108,136,451,545,477,721,443,1026,406,667,330,393,602,798,231,686,13318,6847,1810,796,7801,420,181,36,23
2021-05-07T23:59:59+02:00,1,0,352,518,1295,1489,1462,1838,1524,2988,1756,2647,1198,1581,971,1350,280,813,0,0,105,133,439,531,464,694,431,991,390,643,328,374,588,785,231,684,13047,6797,1781,772,7736,318,145,36,21
2021-05-06T23:59:59+02:00,1,0,328,505,1199,1445,1349,1781,1383,2873,1623,2554,1167,1549,969,1339,280,811,0,0,102,128,425,515,452,676,418,968,377,624,319,357,576,773,231,682,12553,6736,1591,755,7512,233,119,34,20
2021-05-05T23:59:59+02:00,1,0,314,490,1159,1413,1303,1741,1317,2804,1545,2474,1150,1525,963,1324,280,806,0,0,101,124,414,504,447,664,410,958,372,606,302,346,558,754,231,681,12135,6664,1528,735,7446,184,111,34,17
2021-05-04T23:59:59+02:00,1,0,304,480,1113,1381,1264,1715,1272,2758,1492,2414,1133,1495,958,1314,279,802,0,0,97,121,404,492,444,657,399,939,364,589,288,331,547,734,231,681,11813,6589,1465,707,7402,145,99,34,16
2021-05-03T23:59:59+02:00,1,0,297,474,1081,1357,1228,1697,1241,2723,1451,2375,1117,1468,952,1308,278,797,0,0,90,116,392,485,435,649,392,931,354,581,276,323,530,718,230,679,11566,6510,1441,700,7362,123,70,34,14
2021-05-02T23:59:59+02:00,1,0,292,473,1067,1343,1195,1680,1216,2704,1440,2352,1108,1454,950,1307,278,794,0,0,88,115,385,478,431,644,387,924,351,578,271,315,512,708,230,679,11435,6471,1426,683,7328,109,53,33,13
2021-05-01T23:59:59+02:00,1,0,288,468,1058,1335,1183,1666,1201,2692,1423,2335,1102,1449,947,1305,278,793,0,0,88,114,384,477,428,644,385,920,351,577,269,315,512,708,230,679,11300,6461,1425,683,7327,106,52,33,12
2021-04-30T23:59:59+02:00,1,0,284,459,1046,1311,1163,1647,1173,2631,1369,2282,1089,1434,941,1301,278,790,0,0,86,112,383,472,424,637,383,895,347,567,264,309,510,703,230,678,11004,6447,1420,674,7324,79,22,33,11
2021-04-29T23:59:59+02:00,1,0,269,445,993,1281,1123,1607,1128,2575,1275,2213,1046,1390,936,1292,277,788,0,0,86,108,378,470,420,632,375,883,338,558,255,299,499,693,229,674,10530,6386,1381,653,7263,56,21,32,11
2021-04-28T23:59:59+02:00,1,0,258,439,976,1263,1096,1593,1095,2534,1210,2159,1015,1337,928,1290,277,786,0,0,82,105,372,465,416,624,372,875,334,545,241,284,487,679,228,673,10244,6320,1332,615,7209,42,20,32,11
2021-04-27T23:59:59+02:00,1,0,254,429,957,1246,1077,1581,1069,2511,1188,2132,991,1304,922,1286,277,783,0,0,80,102,366,460,414,618,370,870,328,539,238,276,476,660,227,672,10052,6270,1305,588,7174,35,19,28,9
2021-04-26T23:59:59+02:00,1,0,251,423,949,1237,1067,1566,1041,2493,1140,2085,972,1284,915,1279,276,782,0,0,80,102,362,454,414,615,366,867,327,534,233,268,466,651,227,672,9877,6237,1290,564,7109,33,19,28,9
2021-04-25T23:59:59+02:00,1,0,251,421,941,1223,1051,1559,1024,2476,1111,2057,950,1261,911,1272,276,782,0,0,79,101,360,445,411,614,365,862,326,533,232,263,461,643,227,671,9748,6217,1266,548,7062,24,19,28,9
2021-04-24T23:59:59+02:00,1,0,247,415,927,1211,1039,1544,1010,2456,1084,2040,939,1238,908,1269,276,782,0,0,79,101,360,445,410,614,365,860,325,530,231,261,460,640,227,671,9583,6210,1266,540,7038,24,19,27,9
2021-04-23T23:59:59+02:00,1,0,245,405,916,1195,1030,1533,994,2438,1031,1997,918,1215,906,1262,276,779,0,0,78,100,360,445,410,613,364,858,322,527,227,255,455,635,227,671,9432,6189,1253,528,6946,24,19,26,8
2021-04-22T23:59:59+02:00,1,0,242,395,893,1172,1006,1511,964,2398,988,1938,885,1174,898,1250,276,776,0,0,78,99,358,439,405,606,360,849,320,521,222,249,445,625,226,669,9164,6135,1203,513,6879,17,19,26,8
2021-04-21T23:59:59+02:00,1,0,237,390,871,1153,980,1494,929,2362,944,1890,853,1124,890,1236,276,772,0,0,77,97,356,438,403,603,356,843,316,513,221,244,436,610,225,666,8874,6086,1178,494,6821,17,19,26,8
2021-04-20T23:59:59+02:00,1,0,230,385,854,1126,962,1474,905,2313,904,1837,808,1060,878,1219,275,770,0,0,77,97,354,437,400,598,350,838,314,507,217,236,424,591,224,666,8599,6028,1110,479,6757,16,19,26,8
2021-04-19T23:59:59+02:00,1,0,227,375,836,1114,949,1454,889,2282,876,1802,780,1029,874,1212,274,767,0,0,76,96,353,434,394,593,347,828,310,497,217,231,414,574,222,661,8420,5969,1094,457,6690,14,18,25,8
2021-04-18T23:59:59+02:00,1,0,226,370,828,1104,937,1446,868,2260,858,1784,754,990,870,1206,273,764,0,0,75,94,350,434,394,593,346,825,310,494,216,227,408,571,222,661,8295,5950,1068,448,6630,14,18,25,8
2021-04-17T23:59:59+02:00,1,0,225,367,825,1101,930,1445,861,2255,854,1778,738,966,868,1200,273,764,0,0,75,91,348,430,392,593,343,821,309,490,214,222,402,564,222,660,8231,5908,1067,446,6606,14,18,25,8
2021-04-16T23:59:59+02:00,1,0,224,366,815,1096,917,1426,845,2234,823,1741,698,907,858,1190,272,761,0,0,71,89,346,423,389,591,334,807,302,476,202,206,399,555,219,657,8039,5836,1052,408,6532,13,18,25,7
2021-04-15T23:59:59+02:00,1,0,223,359,790,1079,899,1412,820,2189,784,1703,667,860,850,1171,272,757,0,0,69,88,343,416,384,586,327,799,295,473,193,200,382,533,217,652,7820,5753,1041,381,6417,12,18,24,7
2021-04-14T23:59:59+02:00,1,0,222,352,779,1070,889,1399,805,2154,767,1675,630,820,821,1125,272,753,0,0,66,84,338,413,380,581,325,789,287,465,183,184,367,510,215,647,7606,5661,1025,349,6342,12,18,21,7
2021-04-13T23:59:59+02:00,1,0,218,347,769,1065,878,1387,796,2129,739,1649,583,770,798,1091,271,749,0,0,63,81,331,408,370,577,318,782,282,460,180,180,354,497,213,644,7451,5599,978,318,6248,10,18,19,7
2021-04-12T23:59:59+02:00,1,0,216,345,765,1059,871,1374,770,2109,722,1632,551,742,787,1074,271,747,0,0,62,77,318,399,366,571,314,775,275,454,173,175,346,485,212,638,7359,5521,956,292,6157,10,18,16,7
2021-04-11T23:59:59+02:00,0,0,213,342,757,1049,864,1368,758,2093,712,1616,536,717,779,1050,270,744,0,0,60,74,313,397,363,569,312,771,274,449,168,167,339,482,210,636,7299,5474,936,282,6066,9,18,15,7
2021-04-10T23:59:59+02:00,0,0,213,340,757,1046,860,1366,748,2085,702,1608,529,702,772,1036,269,744,0,0,56,67,288,381,342,554,300,757,259,441,160,160,334,468,209,634,7244,5300,929,274,6036,9,17,14,7
2021-04-09T23:59:59+02:00,0,0,213,337,752,1043,847,1343,740,2003,686,1524,491,640,751,1016,266,740,0,0,47,64,275,369,325,541,284,742,248,428,151,155,311,446,205,625,7129,5107,905,266,5785,9,13,13,7
2021-04-08T23:59:59+02:00,0,0,211,333,747,1036,836,1334,726,1983,667,1504,445,581,723,993,264,737,0,0,45,62,266,353,310,529,271,726,233,412,140,139,295,429,203,608,7013,4917,866,255,5665,9,12,13,7
2021-04-07T23:59:59+02:00,0,0,206,329,737,1029,823,1319,710,1955,648,1471,407,539,693,955,261,733,0,0,42,59,247,340,300,523,264,712,225,400,125,129,277,409,198,599,6880,4748,832,246,5517,9,12,13,6
2021-04-06T23:59:59+02:00,0,0,204,327,729,1024,809,1303,691,1931,620,1445,384,503,668,924,260,731,0,0,40,58,246,335,296,521,254,708,219,394,119,124,268,389,193,589,6789,4674,805,226,5368,7,12,11,6
2021-04-05T23:59:59+02:00,0,0,204,326,726,1017,801,1291,683,1915,614,1430,367,480,651,900,260,730,0,0,40,56,246,331,295,516,250,702,214,393,119,120,253,369,190,583,6747,4613,794,210,5258,7,11,11,6
2021-04-04T23:59:59+02:00,0,0,203,322,721,1006,796,1280,674,1897,607,1411,357,469,648,896,260,730,0,0,39,55,245,330,294,516,250,702,213,393,117,120,246,356,186,581,6721,4581,789,209,5173,7,9,11,6
2021-04-03T23:59:59+02:00,0,0,203,322,719,1006,794,1278,673,1893,600,1409,349,463,645,889,260,729,0,0,39,55,245,330,294,516,250,701,213,391,117,120,245,354,186,579,6688,4573,789,209,5159,7,9,11,6
2021-04-02T23:59:59+02:00,0,0,203,320,718,1005,793,1275,669,1886,596,1399,340,454,633,879,260,728,0,0,39,54,242,329,292,514,248,693,208,385,115,119,238,335,185,566,6641,4501,783,206,5136,7,9,10,6
2021-04-01T23:59:59+02:00,0,0,200,317,713,991,781,1262,664,1866,579,1380,328,430,603,846,259,722,0,0,37,53,233,323,290,511,247,686,206,381,107,116,223,309,181,545,6554,4394,741,198,5043,6,9,10,6
2021-03-31T23:59:59+02:00,0,0,196,314,705,983,771,1248,654,1820,569,1341,319,419,582,797,257,719,0,0,37,53,232,322,285,508,244,684,200,377,101,113,209,283,179,524,6485,4306,695,191,4910,6,7,10,6
2021-03-30T23:59:59+02:00,0,0,193,308,700,972,766,1227,642,1781,560,1297,308,404,556,761,256,719,0,0,37,52,230,318,281,505,243,679,197,372,98,111,200,265,176,510,6410,4231,660,186,4774,6,7,10,6
2021-03-29T23:59:59+02:00,0,0,189,303,694,955,761,1214,633,1750,551,1259,304,390,526,724,254,712,0,0,37,51,228,317,280,503,242,674,195,365,94,109,191,252,171,498,6302,4171,638,180,4671,4,7,10,6
2021-03-28T23:59:59+02:00,0,0,182,287,686,946,754,1207,629,1728,548,1243,302,375,499,700,252,710,0,0,37,50,226,317,277,497,238,671,194,362,91,107,184,242,168,497,6256,4128,604,174,4575,4,7,10,6
2021-03-27T23:59:59+01:00,0,0,182,283,681,940,749,1203,622,1717,546,1235,298,367,493,690,252,709,0,0,37,50,226,317,277,497,236,665,191,357,90,106,180,235,164,487,6216,4091,596,168,4538,4,7,10,6
2021-03-26T23:59:59+01:00,0,0,178,281,669,928,741,1188,610,1699,537,1210,291,356,489,676,250,706,0,0,37,50,226,317,276,495,236,664,184,344,85,98,166,219,156,475,6149,4006,578,167,4460,4,5,10,6
2021-03-25T23:59:59+01:00,0,0,174,279,661,915,720,1164,593,1662,527,1170,284,344,473,652,249,702,0,0,37,50,222,312,274,494,230,661,184,343,78,98,150,202,153,451,6075,3920,562,160,4306,4,5,10,6
2021-03-24T23:59:59+01:00,0,0,172,270,650,902,712,1149,584,1625,515,1140,274,329,456,627,246,699,0,0,37,50,220,310,271,492,228,661,180,340,76,95,137,195,145,417,6002,3843,539,153,4179,3,5,10,6
2021-03-23T23:59:59+01:00,0,0,169,267,641,889,699,1137,573,1602,503,1102,268,317,438,611,241,695,0,0,35,50,218,309,269,490,223,656,178,336,73,92,130,188,136,392,5949,3768,522,148,4049,2,5,10,6
2021-03-22T23:59:59+01:00,0,0,165,259,622,868,680,1118,562,1570,490,1078,264,306,427,596,240,689,0,0,35,50,217,307,266,488,221,649,177,334,73,88,124,180,121,362,5893,3687,498,145,3907,1,5,10,6
2021-03-21T23:59:59+01:00,0,0,161,257,614,861,675,1114,558,1546,484,1045,258,298,414,589,238,685,0,0,35,50,214,307,265,486,220,648,175,332,72,85,122,179,117,359,5870,3666,485,141,3802,1,4,9,5
2021-03-20T23:59:59+01:00,0,0,159,257,606,857,670,1109,552,1542,481,1044,255,291,401,575,236,683,0,0,35,50,214,307,264,486,219,646,175,328,71,84,119,175,113,353,5836,3641,480,139,3758,1,4,9,5
2021-03-19T23:59:59+01:00,0,0,149,245,601,839,659,1103,546,1524,469,1031,241,269,385,549,230,674,0,0,33,50,213,306,263,486,217,638,174,325,68,82,110,165,108,331,5757,3573,441,137,3668,1,3,9,5
2021-03-18T23:59:59+01:00,0,0,144,239,583,823,642,1069,528,1474,455,986,226,254,371,528,226,657,0,0,33,50,212,303,261,478,217,633,172,318,68,79,101,157,102,316,5674,3510,408,128,3465,1,3,9,5
2021-03-17T23:59:59+01:00,0,0,137,233,571,804,629,1062,523,1461,446,968,214,241,353,510,223,651,0,0,33,49,212,301,260,476,216,632,172,317,68,79,96,152,97,304,5578,3473,381,127,3402,1,3,7,5
2021-03-16T23:59:59+01:00,0,0,132,225,556,789,611,1051,511,1421,434,943,206,226,333,476,218,639,0,0,33,48,212,298,260,470,214,631,171,316,64,79,91,147,95,284,5485,3426,346,123,3268,1,2,7,5
2021-03-15T23:59:59+01:00,0,0,126,218,541,773,602,1029,502,1389,418,906,200,218,318,452,216,633,0,0,32,48,211,295,260,467,213,630,169,315,63,77,85,141,92,269,5394,3381,316,121,3152,1,1,7,5
2021-03-14T23:59:59+01:00,0,0,121,205,529,755,587,1008,493,1346,405,863,191,206,308,440,209,629,0,0,32,48,211,292,259,466,212,625,168,310,62,77,84,138,90,266,5327,3366,302,110,2984,1,0,6,5
2021-03-13T23:59:59+01:00,0,0,117,193,502,729,556,982,469,1322,383,844,174,197,300,428,207,626,0,0,32,48,211,292,259,466,211,625,168,309,62,77,81,134,78,251,5132,3328,296,110,2898,1,0,6,5
2021-03-12T23:59:59+01:00,0,0,106,186,474,703,537,953,448,1283,361,812,158,185,275,400,206,606,0,0,32,48,211,291,259,465,211,625,168,308,57,76,78,128,76,245,4906,3300,290,110,2781,1,0,6,4
2021-03-11T23:59:59+01:00,0,0,98,179,442,657,501,916,410,1208,340,759,143,163,250,357,201,584,0,0,32,47,210,288,254,461,209,621,165,306,57,74,74,122,74,233,4662,3270,282,90,2525,1,0,6,3
2021-03-10T23:59:59+01:00,0,0,95,169,419,635,484,897,395,1170,324,722,128,147,234,327,196,553,0,0,32,47,208,283,250,456,206,615,165,304,54,73,70,120,71,222,4491,3228,272,78,2389,1,0,6,3
2021-03-09T23:59:59+01:00,0,0,95,164,408,608,453,868,380,1126,312,690,123,138,222,309,190,541,0,0,32,47,207,280,247,448,204,611,160,300,54,71,68,118,64,213,4407,3185,256,68,2208,1,0,6,3
2021-03-08T23:59:59+01:00,0,0,92,157,393,591,435,851,371,1074,303,653,118,129,208,289,186,528,0,0,32,47,207,276,244,443,199,607,154,296,52,70,63,115,63,212,4329,3157,240,51,2048,1,0,6,2
2021-03-07T23:59:59+01:00,0,0,88,152,388,579,427,836,361,1060,300,647,116,129,201,275,184,527,0,0,32,47,206,275,244,441,198,606,154,296,52,70,61,114,62,211,4283,3148,229,49,1992,0,0,6,2
2021-03-06T23:59:59+01:00,0,0,87,145,386,572,420,812,351,1009,291,615,115,128,195,267,182,522,0,0,32,47,206,275,243,440,198,605,154,296,52,70,59,114,61,206,4250,3143,229,43,1849,0,0,6,2
2021-03-05T23:59:59+01:00,0,0,86,140,381,560,415,804,350,992,282,591,109,118,181,247,173,509,0,0,32,47,205,273,242,439,197,603,153,294,52,70,57,113,61,198,4164,3128,220,35,1778,0,0,6,2
2021-03-04T23:59:59+01:00,0,0,83,126,370,524,397,770,332,946,272,564,99,117,162,222,167,485,0,0,32,47,203,267,240,433,195,590,150,293,50,70,57,113,61,197,4065,3088,203,34,1589,0,0,6,2
2021-03-03T23:59:59+01:00,0,0,76,115,360,506,388,752,328,925,263,546,97,114,151,213,159,450,0,0,32,46,203,267,239,431,192,582,150,287,50,70,56,112,61,197,3990,3065,197,31,1472,0,0,6,2
2021-03-02T23:59:59+01:00,0,0,73,112,349,490,372,735,320,906,257,524,95,111,142,205,150,423,0,0,31,46,203,267,239,425,187,575,148,284,50,70,56,110,61,196,3909,3036,191,31,1373,0,0,6,2
2021-03-01T23:59:59+01:00,0,0,72,110,343,476,365,714,311,882,251,496,94,109,135,195,132,388,0,0,31,45,202,266,237,416,185,568,148,281,50,70,56,109,60,196,3823,3006,186,31,1268,0,0,6,2
2021-02-28T23:59:59+01:00,0,0,72,108,336,467,362,706,308,858,246,478,89,101,133,191,128,384,0,0,31,45,201,265,236,416,184,568,148,281,50,70,56,109,60,195,3799,3002,181,31,1188,0,0,6,1
2021-02-27T23:59:59+01:00,0,0,69,99,330,461,357,700,302,847,243,469,87,99,132,186,121,373,0,0,31,45,201,264,236,415,183,567,146,280,50,70,56,109,60,195,3766,3000,175,26,1131,0,0,6,1
2021-02-26T23:59:59+01:00,0,0,67,94,322,438,331,665,281,816,233,448,84,95,123,176,117,353,0,0,31,44,201,263,236,413,182,564,142,278,50,70,56,109,60,193,3709,2984,173,26,951,0,0,6,0
2021-02-25T23:59:59+01:00,0,0,59,83,309,417,320,637,275,790,221,425,79,95,114,169,112,339,0,0,31,44,199,260,231,410,180,557,137,277,50,68,54,107,58,193,3655,2955,167,18,802,0,0,6,0
2021-02-24T23:59:59+01:00,0,0,55,76,302,404,312,622,270,774,218,417,78,95,109,165,106,328,0,0,30,44,197,259,228,397,178,549,135,272,48,67,52,107,58,193,3619,2917,162,12,727,0,0,6,0
2021-02-23T23:59:59+01:00,0,0,50,67,289,385,302,604,264,756,213,409,74,93,103,161,104,304,0,0,29,44,196,257,226,392,177,543,131,269,47,67,52,103,58,191,3565,2888,157,8,627,0,0,6,0
2021-02-22T23:59:59+01:00,0,0,48,64,284,374,298,595,262,747,211,405,72,90,95,153,101,290,0,0,29,42,193,255,223,379,169,533,128,266,46,67,51,103,57,191,3517,2840,150,4,588,0,0,5,0
2021-02-21T23:59:59+01:00,0,0,47,63,278,368,295,585,257,739,206,400,71,88,94,151,99,288,0,0,29,41,192,253,222,376,169,524,128,265,46,67,51,102,56,190,3506,2817,147,4,539,0,0,4,0
2021-02-20T23:59:59+01:00,0,0,46,63,276,367,295,582,256,733,206,394,70,88,91,147,87,273,0,0,29,41,192,253,222,376,169,524,126,264,46,67,50,102,56,188,3470,2811,146,4,518,0,0,4,0
2021-02-19T23:59:59+01:00,0,0,45,63,273,362,289,559,245,707,204,382,66,86,87,139,85,266,0,0,29,39,192,253,221,375,169,523,126,264,46,67,49,101,55,186,3440,2801,144,4,430,0,0,3,0
2021-02-18T23:59:59+01:00,0,0,43,60,255,338,281,537,237,686,190,359,65,82,85,134,83,256,0,0,28,38,188,245,218,368,164,508,125,254,46,65,48,99,51,182,3411,2732,135,4,297,0,0,3,0
2021-02-17T23:59:59+01:00,0,0,43,58,248,333,279,522,230,673,187,339,63,80,81,132,80,246,0,0,26,37,184,239,211,354,160,492,122,243,42,63,48,97,50,179,3363,2649,134,3,243,0,0,3,0
2021-02-16T23:59:59+01:00,0,0,42,53,235,318,275,511,224,659,182,332,61,79,78,130,73,237,0,0,23,37,175,230,203,335,154,480,118,231,42,59,38,83,43,170,3324,2522,131,3,178,0,0,3,0
2021-02-15T23:59:59+01:00,0,0,41,53,230,315,268,498,221,654,178,326,59,79,73,126,72,236,0,0,22,36,168,223,198,327,148,469,114,224,39,56,38,77,40,162,3297,2441,130,3,146,0,0,3,0
2021-02-14T23:59:59+01:00,0,0,38,53,227,311,266,491,218,647,178,321,58,76,70,126,71,232,0,0,20,36,166,219,194,322,147,457,113,221,39,56,37,76,38,155,3286,2395,118,3,122,0,0,3,0
2021-02-13T23:59:59+01:00,0,0,37,53,227,311,264,491,218,646,178,321,58,76,69,126,71,231,0,0,20,36,165,218,191,322,146,455,112,218,38,56,36,75,36,151,3282,2375,118,1,120,0,0,3,0
2021-02-12T23:59:59+01:00,0,0,36,51,225,306,261,482,214,635,175,318,58,75,68,126,71,230,0,0,20,36,164,215,190,321,145,453,110,217,36,55,36,71,33,142,3273,2344,118,1,81,0,0,3,0
2021-02-11T23:59:59+01:00,0,0,35,50,217,285,254,465,207,610,163,307,56,74,67,124,71,225,0,0,20,34,148,195,183,290,136,408,105,198,32,54,33,61,31,128,3235,2147,96,1,18,0,0,3,0
2021-02-10T23:59:59+01:00,0,0,35,49,214,277,252,458,203,602,161,302,53,74,66,124,70,223,0,0,18,31,137,171,169,252,117,359,98,176,28,52,32,59,28,117,3203,1923,86,1,8,0,0,3,0
2021-02-09T23:59:59+01:00,0,0,34,48,213,274,250,448,198,594,157,299,53,74,66,122,70,223,0,0,18,29,120,146,152,232,104,317,93,151,23,47,31,47,24,105,3181,1708,71,1,4,0,0,3,0
2021-02-08T23:59:59+01:00,0,0,34,48,212,272,244,433,195,582,152,294,51,74,66,121,70,223,0,0,16,28,103,123,130,193,85,278,88,141,16,45,25,40,23,90,3141,1487,55,1,4,0,0,3,0
2021-02-07T23:59:59+01:00,0,0,34,47,209,271,242,432,194,579,151,294,51,74,65,120,70,223,0,0,15,22,98,114,122,182,80,259,83,131,16,44,24,34,23,85,3132,1392,52,1,0,0,0,2,0
2021-02-06T23:59:59+01:00,0,0,34,47,209,271,242,431,194,579,150,292,50,74,64,120,69,218,0,0,12,18,97,113,121,178,78,252,83,129,15,43,24,31,21,84,3127,1356,45,1,0,0,0,2,0
2021-02-05T23:59:59+01:00,0,0,33,46,209,271,242,430,193,578,148,291,50,74,64,120,69,208,0,0,10,15,88,105,117,173,77,248,82,121,14,41,23,27,18,81,3115,1294,37,0,0,0,0,2,0
2021-02-04T23:59:59+01:00,0,0,33,46,206,268,237,426,188,572,146,288,50,72,64,118,69,207,0,0,9,11,60,74,94,128,66,209,65,102,13,36,20,23,16,71,3078,1039,37,0,0,0,0,2,0
2021-02-03T23:59:59+01:00,0,0,33,45,206,267,236,414,186,566,145,285,50,71,63,117,69,206,0,0,6,6,44,55,73,105,51,160,55,74,10,17,16,17,11,54,3050,785,34,0,0,0,0,2,0
2021-02-02T23:59:59+01:00,0,0,32,45,205,265,232,408,185,560,142,284,49,71,61,114,67,203,0,0,4,3,28,39,57,75,40,103,44,51,8,14,11,12,7,36,3012,553,34,0,0,0,0,2,0
2021-02-01T23:59:59+01:00,0,0,31,43,203,265,228,403,182,555,139,277,49,70,60,113,67,203,0,0,4,1,22,21,31,44,26,63,27,28,5,9,8,8,6,21,2976,336,34,0,0,0,0,1,0
2021-01-31T23:59:59+01:00,0,0,31,43,202,263,226,398,180,547,138,277,49,70,59,113,66,202,0,0,4,1,20,16,22,36,20,51,21,24,5,6,6,7,5,19,2951,273,33,0,0,0,0,1,0
2021-01-30T23:59:59+01:00,0,0,31,43,202,263,226,397,179,547,138,277,49,70,58,113,66,199,0,0,4,1,19,15,20,36,18,47,20,23,5,5,6,6,5,18,2946,257,32,0,0,0,0,1,0
2021-01-29T23:59:59+01:00,0,0,31,42,202,261,225,396,178,546,136,275,49,70,57,112,65,198,0,0,4,0,16,9,15,29,16,41,16,21,4,4,5,6,5,17,2935,215,28,0,0,0,0,0,0
2021-01-28T23:59:59+01:00,0,0,31,41,194,258,224,391,177,537,133,271,49,70,55,111,61,196,0,0,4,0,5,3,8,16,9,23,9,9,2,2,3,3,1,17,2899,117,20,0,0,0,0,0,0
2021-01-27T23:59:59+01:00,0,0,30,40,191,252,220,381,175,524,130,262,46,68,55,109,60,194,0,0,1,0,3,3,7,14,8,19,8,9,2,2,2,3,1,13,2835,97,16,0,0,0,0,0,0
2021-01-26T23:59:59+01:00,0,0,27,40,188,240,214,368,171,506,127,255,45,64,49,101,54,186,0,0,1,0,2,3,7,14,8,19,8,9,2,2,2,3,1,10,2736,93,12,0,0,0,0,0,0
2021-01-25T23:59:59+01:00,0,0,27,39,179,237,211,358,168,497,124,245,43,62,48,98,49,184,0,0,1,0,1,3,5,12,7,16,8,9,2,2,2,1,1,8,2676,80,4,0,0,0,0,0,0
2021-01-24T23:59:59+01:00,0,0,26,38,177,234,208,357,167,495,124,244,43,62,46,95,48,183,0,0,1,0,1,3,4,12,7,16,8,9,2,2,2,1,1,8,2654,79,3,0,0,0,0,0,0
2021-01-23T23:59:59+01:00,0,0,26,38,177,234,206,357,167,494,124,244,43,62,46,94,48,181,0,0,1,0,1,3,4,11,7,15,7,9,2,2,2,1,1,8,2648,76,3,0,0,0,0,0,0
2021-01-22T23:59:59+01:00,0,0,25,37,176,230,205,357,167,493,123,244,43,62,46,94,46,174,0,0,1,0,1,3,4,11,7,15,7,9,2,2,2,1,1,8,2629,76,3,0,0,0,0,0,0
2021-01-21T23:59:59+01:00,0,0,21,36,167,221,199,340,163,472,121,231,42,62,42,86,45,171,0,0,1,0,1,3,1,6,6,10,5,5,2,2,2,0,1,7,2520,54,3,0,0,0,0,0,0
2021-01-20T23:59:59+01:00,0,0,20,34,153,195,183,299,135,416,111,210,37,59,39,82,41,157,0,0,1,0,1,3,1,6,6,9,5,4,2,2,2,0,1,7,2261,52,2,0,0,0,0,0,0
2021-01-19T23:59:59+01:00,0,0,20,31,128,168,166,267,126,373,107,189,27,53,31,68,36,143,0,0,1,0,1,3,1,5,4,7,3,3,1,0,2,0,0,4,2011,36,2,0,0,0,0,0,0
2021-01-18T23:59:59+01:00,0,0,17,31,113,147,143,226,109,325,100,165,24,50,28,56,32,121,0,0,1,0,1,1,0,2,3,5,2,3,0,0,1,0,0,4,1760,24,2,0,0,0,0,0,0
2021-01-17T23:59:59+01:00,0,0,16,22,108,133,135,212,100,301,95,154,24,45,28,51,30,109,0,0,1,0,0,0,0,1,1,4,2,2,0,0,1,0,0,1,1628,13,2,0,0,0,0,0,0
2021-01-16T23:59:59+01:00,0,0,14,19,105,131,133,207,97,291,94,147,21,44,27,45,25,105,0,0,0,0,0,0,0,0,0,0,0,0,0,0,0,0,0,0,1569,0,0,0,0,0,0,0,0
2021-01-15T23:59:59+01:00,0,0,11,17,99,122,129,201,95,282,94,137,20,43,26,40,23,102,0,0,0,0,0,0,0,0,0,0,0,0,0,0,0,0,0,0,1501,0,0,0,0,0,0,0,0
2021-01-14T23:59:59+01:00,0,0,9,13,75,91,110,165,79,237,82,122,15,38,23,33,22,88,0,0,0,0,0,0,0,0,0,0,0,0,0,0,0,0,0,0,1250,0,0,0,0,0,0,0,0
2021-01-13T23:59:59+01:00,0,0,7,12,61,80,97,136,73,192,76,97,15,24,19,25,20,68,0,0,0,0,0,0,0,0,0,0,0,0,0,0,0,0,0,0,1043,0,0,0,0,0,0,0,0
2021-01-12T23:59:59+01:00,0,0,5,8,49,62,79,106,66,136,63,75,11,19,15,21,12,51,0,0,0,0,0,0,0,0,0,0,0,0,0,0,0,0,0,0,813,0,0,0,0,0,0,0,0
2021-01-11T23:59:59+01:00,0,0,4,6,43,49,67,81,52,107,48,55,10,15,8,12,9,28,0,0,0,0,0,0,0,0,0,0,0,0,0,0,0,0,0,0,619,0,0,0,0,0,0,0,0
2021-01-10T23:59:59+01:00,0,0,4,6,39,38,50,67,38,86,40,47,8,10,6,11,8,24,0,0,0,0,0,0,0,0,0,0,0,0,0,0,0,0,0,0,498,0,0,0,0,0,0,0,0
2021-01-09T23:59:59+01:00,0,0,4,5,36,37,45,64,35,78,37,43,8,9,6,10,8,23,0,0,0,0,0,0,0,0,0,0,0,0,0,0,0,0,0,0,462,0,0,0,0,0,0,0,0
2021-01-08T23:59:59+01:00,0,0,4,5,29,28,39,56,27,65,31,38,6,6,4,9,7,21,0,0,0,0,0,0,0,0,0,0,0,0,0,0,0,0,0,0,386,0,0,0,0,0,0,0,0
2021-01-07T23:59:59+01:00,0,0,4,2,11,3,11,18,11,29,8,18,5,3,3,4,3,20,0,0,0,0,0,0,0,0,0,0,0,0,0,0,0,0,0,0,156,0,0,0,0,0,0,0,0
2021-01-06T23:59:59+01:00,0,0,4,0,4,3,6,15,8,23,7,10,3,3,2,4,3,17,0,0,0,0,0,0,0,0,0,0,0,0,0,0,0,0,0,0,115,0,0,0,0,0,0,0,0
2021-01-05T23:59:59+01:00,0,0,2,0,2,3,6,14,8,21,7,9,3,2,2,4,2,16,0,0,0,0,0,0,0,0,0,0,0,0,0,0,0,0,0,0,104,0,0,0,0,0,0,0,0
2021-01-04T23:59:59+01:00,0,0,1,0,2,3,6,13,7,17,7,9,2,2,2,2,2,10,0,0,0,0,0,0,0,0,0,0,0,0,0,0,0,0,0,0,87,0,0,0,0,0,0,0,0
2021-01-03T23:59:59+01:00,0,0,1,0,1,3,5,13,7,17,7,9,2,2,2,2,2,10,0,0,0,0,0,0,0,0,0,0,0,0,0,0,0,0,0,0,85,0,0,0,0,0,0,0,0
2021-01-02T23:59:59+01:00,0,0,1,0,1,3,5,13,6,17,6,9,2,2,2,2,2,10,0,0,0,0,0,0,0,0,0,0,0,0,0,0,0,0,0,0,83,0,0,0,0,0,0,0,0
2021-01-01T23:59:59+01:00,0,0,1,0,1,3,5,13,6,17,6,9,2,2,2,2,2,10,0,0,0,0,0,0,0,0,0,0,0,0,0,0,0,0,0,0,83,0,0,0,0,0,0,0,0
2020-12-31T23:59:59+01:00,0,0,1,0,1,3,5,12,6,17,6,9,2,2,2,2,2,10,0,0,0,0,0,0,0,0,0,0,0,0,0,0,0,0,0,0,82,0,0,0,0,0,0,0,0
2020-12-30T23:59:59+01:00,0,0,1,0,1,3,5,12,6,16,6,9,2,2,2,2,2,10,0,0,0,0,0,0,0,0,0,0,0,0,0,0,0,0,0,0,81,0,0,0,0,0,0,0,0
2020-12-29T23:59:59+01:00,0,0,1,0,1,3,4,8,4,13,4,7,1,1,2,1,0,8,0,0,0,0,0,0,0,0,0,0,0,0,0,0,0,0,0,0,59,0,0,0,0,0,0,0,0
2020-12-28T23:59:59+01:00,0,0,1,0,1,1,1,1,2,6,3,4,1,0,1,0,0,4,0,0,0,0,0,0,0,0,0,0,0,0,0,0,0,0,0,0,27,0,0,0,0,0,0,0,0
2020-12-27T23:59:59+01:00,0,0,1,0,0,0,0,1,1,6,1,2,0,0,1,0,0,2,0,0,0,0,0,0,0,0,0,0,0,0,0,0,0,0,0,0,15,0,0,0,0,0,0,0,0
