Datum,<24_1_m,<24_1_w,25-34_1_m,25-34_1_w,35-44_1_m,35-44_1_w,45-54_1_m,45-54_1_w,55-64_1_m,55-64_1_w,65-74_1_m,65-74_1_w,75-84_1_m,75-84_1_w,>84_1_m,>84_1_w,<24_2_m,<24_2_w,25-34_2_m,25-34_2_w,35-44_2_m,35-44_2_w,45-54_2_m,45-54_2_w,55-64_2_m,55-64_2_w,65-74_2_m,65-74_2_w,75-84_2_m,75-84_2_w,>84_2_m,>84_2_w,bp_1,bp_2,mo_1,mo_2,az_1,az_2,ja
2021-06-27T23:59:59+02:00,1286,1275,4506,3499,4888,3561,4670,5436,3680,4320,1937,2216,2476,2673,2187,4293,460,511,1673,1532,2045,1947,2149,3288,2115,2884,1221,1572,1699,1958,1506,3059,36392,19829,5992,2498,8145,4665,2807
2021-06-26T23:59:59+02:00,1263,1256,4462,3468,4849,3540,4645,5415,3669,4312,1937,2214,2476,2671,2187,4293,455,505,1646,1514,2019,1932,2139,3272,2099,2868,1205,1563,1699,1956,1506,3059,36151,19663,5987,2498,8145,4649,2807
2021-06-25T23:59:59+02:00,1238,1222,4367,3411,4800,3515,4611,5390,3644,4300,1934,2212,2474,2670,2187,4293,448,488,1607,1493,1972,1871,2062,3148,2064,2778,1197,1545,1696,1952,1504,3058,35786,19294,5964,2481,8145,4482,2806
2021-06-24T23:59:59+02:00,1197,1177,4199,3306,4683,3467,4527,5347,3604,4273,1932,2209,2474,2669,2186,4293,419,470,1511,1440,1820,1814,1917,3077,1962,2688,1171,1525,1688,1947,1503,3055,35210,18845,5915,2224,8140,4407,2711
2021-06-23T23:59:59+02:00,1171,1149,4119,3262,4608,3420,4481,5312,3580,4243,1922,2204,2471,2667,2185,4293,392,456,1451,1394,1730,1771,1810,2990,1877,2607,1152,1504,1683,1940,1502,3053,34833,18377,5873,2155,8136,4281,2678
2021-06-22T23:59:59+02:00,1144,1129,4054,3203,4537,3381,4437,5269,3559,4221,1916,2198,2471,2666,2185,4293,379,441,1401,1360,1658,1729,1731,2887,1792,2531,1142,1482,1674,1929,1502,3049,34460,18021,5844,2042,8133,4144,2658
2021-06-21T23:59:59+02:00,1118,1093,3950,3125,4463,3336,4372,5211,3534,4205,1910,2186,2470,2661,2184,4291,366,431,1375,1330,1629,1691,1686,2814,1742,2457,1125,1452,1655,1908,1502,3046,33977,17786,5805,1961,8131,4013,2627
2021-06-20T23:59:59+02:00,1096,1068,3892,3074,4419,3324,4335,5190,3515,4196,1908,2184,2469,2661,2184,4291,353,419,1349,1309,1612,1674,1657,2790,1705,2428,1116,1437,1653,1902,1502,3045,33743,17645,5779,1932,8120,3958,2594
2021-06-19T23:59:59+02:00,1081,1053,3858,3051,4402,3303,4310,5169,3499,4188,1905,2182,2469,2660,2184,4291,348,416,1334,1294,1595,1654,1647,2768,1684,2401,1110,1428,1650,1901,1500,3044,33601,17506,5726,1904,8120,3954,2587
2021-06-18T23:59:59+02:00,1056,1031,3798,3013,4352,3272,4263,5134,3474,4176,1902,2179,2468,2658,2184,4291,339,408,1318,1277,1568,1628,1607,2725,1645,2356,1101,1418,1650,1896,1499,3042,33301,17256,5683,1903,8120,3919,2576
2021-06-17T23:59:59+02:00,1023,1008,3655,2947,4204,3206,4120,5054,3423,4136,1896,2175,2468,2657,2183,4291,313,393,1237,1247,1431,1570,1475,2640,1561,2286,1079,1397,1639,1885,1497,3040,32761,16839,5637,1819,8115,3846,2362
2021-06-16T23:59:59+02:00,1003,979,3559,2870,4118,3163,4032,4995,3379,4108,1889,2172,2467,2654,2183,4290,302,376,1186,1214,1380,1543,1400,2563,1503,2220,1068,1375,1628,1873,1497,3037,32328,16484,5536,1759,8107,3779,2318
2021-06-15T23:59:59+02:00,975,949,3420,2800,4057,3116,3960,4927,3345,4080,1882,2165,2462,2652,2183,4289,294,355,1138,1174,1335,1503,1346,2510,1446,2161,1054,1350,1624,1863,1496,3036,31834,16211,5509,1687,8098,3711,2248
2021-06-14T23:59:59+02:00,954,923,3333,2760,3975,3067,3884,4854,3293,4050,1878,2155,2462,2647,2182,4288,290,342,1105,1146,1298,1481,1308,2466,1401,2115,1044,1327,1619,1856,1495,3034,31412,16001,5423,1657,8094,3638,2201
2021-06-13T23:59:59+02:00,942,910,3290,2727,3929,3032,3840,4824,3276,4037,1877,2149,2462,2646,2182,4287,286,336,1078,1131,1268,1463,1269,2433,1380,2084,1031,1309,1616,1845,1495,3032,31186,15854,5393,1637,8092,3571,2163
2021-06-12T23:59:59+02:00,927,893,3261,2707,3900,3014,3822,4810,3262,4027,1875,2146,2461,2645,2182,4287,283,335,1073,1117,1256,1448,1254,2414,1358,2070,1023,1300,1607,1843,1495,3032,31012,15758,5382,1637,8092,3523,2157
2021-06-11T23:59:59+02:00,914,882,3225,2667,3831,2992,3790,4781,3239,4015,1874,2144,2460,2642,2182,4286,275,326,1055,1085,1235,1433,1215,2373,1313,2030,1015,1284,1605,1839,1495,3031,30756,15545,5359,1632,8090,3455,2142
2021-06-10T23:59:59+02:00,858,844,3127,2599,3713,2923,3703,4721,3196,3980,1869,2136,2458,2641,2181,4286,263,315,1002,1056,1176,1386,1157,2310,1248,1935,991,1254,1601,1830,1495,3028,30239,15192,5256,1624,8077,3312,2084
2021-06-09T23:59:59+02:00,813,819,3015,2513,3585,2874,3613,4647,3159,3942,1865,2130,2455,2638,2181,4286,248,302,951,1026,1117,1363,1104,2240,1187,1877,973,1201,1594,1817,1494,3026,29795,14935,5111,1579,8074,3199,1972
2021-06-08T23:59:59+02:00,769,785,2897,2437,3469,2801,3519,4571,3108,3916,1859,2125,2453,2636,2180,4284,234,290,915,988,1071,1335,1056,2188,1150,1811,956,1172,1584,1804,1491,3023,29294,14736,4988,1537,8065,3084,1875
2021-06-07T23:59:59+02:00,743,765,2798,2375,3343,2774,3407,4509,3061,3891,1845,2121,2452,2634,2180,4283,228,283,875,957,1023,1315,1015,2139,1092,1761,943,1153,1572,1790,1490,3019,28956,14590,4822,1502,8059,2973,1752
2021-06-06T23:59:59+02:00,723,758,2747,2345,3270,2739,3345,4486,3036,3877,1843,2117,2450,2633,2180,4283,222,273,866,936,1001,1296,1004,2093,1068,1706,930,1139,1566,1783,1490,3017,28774,14509,4699,1457,8054,2872,1711
2021-06-05T23:59:59+02:00,713,744,2683,2299,3227,2719,3312,4467,3022,3875,1843,2115,2450,2633,2180,4282,218,266,858,920,986,1284,983,2071,1041,1690,919,1118,1566,1780,1489,3017,28538,14384,4694,1454,8046,2834,1692
2021-06-04T23:59:59+02:00,694,734,2644,2255,3163,2688,3257,4422,2999,3859,1839,2112,2448,2633,2180,4282,211,263,844,900,973,1277,967,2051,1024,1666,908,1097,1560,1775,1489,3015,28254,14279,4654,1449,8044,2788,1662
2021-06-03T23:59:59+02:00,658,705,2509,2176,3003,2609,3107,4320,2924,3792,1831,2103,2444,2629,2180,4282,200,256,819,879,938,1243,918,1981,978,1612,877,1059,1553,1763,1489,3014,27652,14111,4452,1435,8030,2644,1541
2021-06-02T23:59:59+02:00,637,700,2461,2125,2966,2586,3060,4275,2892,3769,1829,2100,2444,2628,2180,4282,192,253,809,867,916,1235,888,1956,941,1572,865,1028,1551,1760,1489,3014,27362,13936,4434,1423,8029,2618,1509
2021-06-01T23:59:59+02:00,598,675,2334,2032,2807,2505,2915,4186,2839,3709,1819,2093,2441,2623,2180,4282,184,240,744,830,850,1189,828,1860,894,1497,841,978,1546,1751,1489,3009,26810,13698,4245,1390,8019,2431,1358
2021-05-31T23:59:59+02:00,566,659,2232,1975,2700,2444,2830,4113,2792,3665,1815,2082,2440,2621,2180,4282,172,231,717,807,811,1168,799,1797,859,1450,823,955,1539,1746,1488,3008,26483,13556,4033,1377,8001,2312,1272
2021-05-30T23:59:59+02:00,557,655,2197,1946,2653,2423,2806,4084,2773,3643,1813,2079,2440,2621,2180,4281,166,223,693,786,782,1137,785,1750,845,1401,813,940,1536,1740,1488,3007,26354,13479,3979,1370,7995,2173,1215
2021-05-29T23:59:59+02:00,555,654,2183,1933,2631,2415,2790,4070,2764,3634,1813,2078,2440,2621,2180,4281,164,216,688,779,764,1114,774,1702,833,1368,804,924,1535,1735,1487,3007,26248,13413,3978,1370,7992,2041,1214
2021-05-28T23:59:59+02:00,550,646,2162,1904,2593,2392,2766,4053,2754,3619,1813,2075,2439,2616,2180,4281,163,212,682,771,757,1096,766,1669,805,1333,790,897,1533,1728,1486,3005,26062,13280,3968,1368,7990,1974,1212
2021-05-27T23:59:59+02:00,509,629,2042,1861,2469,2329,2638,3983,2675,3572,1803,2064,2438,2614,2180,4279,151,201,627,724,686,1044,693,1577,741,1255,772,867,1525,1713,1486,3003,25639,13104,3842,1333,7965,1742,1023
2021-05-26T23:59:59+02:00,488,609,1954,1801,2317,2274,2515,3927,2625,3523,1793,2056,2436,2608,2178,4273,147,190,592,688,639,1009,655,1509,700,1200,759,842,1514,1682,1484,3001,25286,12911,3630,1324,7945,1615,896
2021-05-25T23:59:59+02:00,466,598,1880,1757,2224,2235,2420,3851,2582,3493,1782,2048,2433,2604,2177,4271,139,182,575,662,610,976,618,1455,662,1143,744,825,1497,1660,1483,2999,24988,12745,3464,1293,7912,1493,834
2021-05-24T23:59:59+02:00,457,585,1827,1724,2161,2207,2361,3803,2536,3456,1772,2043,2428,2603,2177,4270,137,175,553,647,585,950,589,1402,641,1095,728,811,1492,1658,1483,2999,24842,12678,3324,1285,7883,1381,736
2021-05-23T23:59:59+02:00,455,584,1815,1717,2152,2195,2355,3790,2526,3442,1771,2040,2428,2602,2177,4270,136,174,549,645,579,946,574,1394,634,1089,726,806,1488,1654,1481,2997,24756,12620,3321,1281,7882,1371,735
2021-05-22T23:59:59+02:00,450,576,1796,1703,2127,2183,2339,3764,2501,3418,1764,2037,2428,2600,2177,4269,133,168,542,641,575,939,565,1390,630,1082,717,800,1484,1641,1481,2997,24578,12572,3321,1281,7879,1340,726
2021-05-21T23:59:59+02:00,439,564,1724,1676,2058,2143,2284,3722,2470,3381,1759,2027,2425,2599,2177,4268,133,165,538,634,565,932,554,1379,615,1064,707,777,1477,1637,1481,2996,24199,12503,3296,1281,7866,1281,723
2021-05-20T23:59:59+02:00,410,546,1597,1614,1937,2077,2170,3636,2394,3298,1741,2015,2423,2591,2177,4266,126,157,509,599,538,897,530,1324,591,1004,686,750,1471,1626,1479,2995,23609,12399,3191,1271,7797,1087,656
2021-05-19T23:59:59+02:00,380,516,1501,1550,1809,2021,2049,3544,2305,3212,1726,1999,2416,2588,2174,4266,113,148,482,578,508,866,503,1276,566,947,675,734,1457,1601,1475,2992,22970,12258,3132,1255,7766,994,542
2021-05-18T23:59:59+02:00,360,500,1428,1498,1728,1972,1945,3428,2226,3128,1716,1980,2409,2581,2174,4262,105,142,461,561,487,836,488,1200,547,886,664,708,1451,1588,1474,2989,22534,12154,2988,1220,7715,896,445
2021-05-17T23:59:59+02:00,342,490,1383,1464,1683,1931,1883,3335,2189,3063,1702,1964,2402,2575,2174,4259,101,135,444,549,481,802,480,1137,541,835,651,681,1448,1580,1473,2988,22284,12095,2885,1198,7659,802,358
2021-05-16T23:59:59+02:00,338,489,1361,1441,1651,1914,1845,3283,2141,3015,1688,1957,2400,2571,2174,4258,99,133,438,530,470,788,471,1090,525,798,624,656,1445,1576,1473,2987,22135,12054,2823,1168,7627,720,286
2021-05-15T23:59:59+02:00,335,486,1336,1424,1637,1893,1830,3264,2121,2987,1682,1956,2400,2570,2173,4258,99,130,436,530,470,787,467,1086,519,790,621,654,1442,1574,1473,2987,21966,12027,2823,1168,7624,713,282
2021-05-14T23:59:59+02:00,327,476,1312,1392,1595,1855,1761,3200,2080,2953,1676,1949,2399,2570,2171,4258,97,127,434,515,452,762,449,1057,510,775,608,639,1439,1567,1473,2986,21657,11981,2784,1153,7606,612,268
2021-05-13T23:59:59+02:00,308,462,1259,1351,1498,1815,1655,3121,2015,2872,1653,1933,2392,2568,2169,4252,92,124,423,508,443,748,444,1043,500,764,590,617,1429,1545,1473,2982,21274,11911,2583,1116,7561,579,241
2021-05-12T23:59:59+02:00,302,459,1245,1343,1485,1808,1637,3100,2005,2858,1650,1927,2387,2566,2169,4252,92,122,422,508,442,743,439,1039,499,758,584,606,1428,1540,1472,2982,21169,11871,2564,1110,7557,578,238
2021-05-11T23:59:59+02:00,288,442,1184,1312,1392,1773,1536,3005,1915,2795,1637,1902,2381,2558,2168,4251,86,112,408,482,422,719,425,1007,474,739,568,579,1418,1534,1471,2981,20809,11787,2413,1080,7461,492,187
2021-05-10T23:59:59+02:00,277,428,1152,1287,1344,1745,1477,2949,1867,2733,1629,1889,2374,2549,2168,4248,85,109,402,475,413,698,418,985,471,716,561,567,1416,1528,1471,2978,20572,11740,2343,1074,7367,440,160
2021-05-09T23:59:59+02:00,274,418,1116,1271,1323,1730,1432,2918,1818,2698,1621,1878,2372,2544,2168,4245,82,107,396,467,407,691,408,978,461,705,552,557,1410,1525,1471,2975,20383,11708,2298,1069,7329,395,140
2021-05-08T23:59:59+02:00,268,416,1109,1254,1303,1718,1415,2901,1791,2687,1615,1872,2370,2544,2167,4244,81,107,395,467,405,690,407,973,461,700,551,556,1405,1516,1471,2975,20236,11693,2295,1063,7326,384,140
2021-05-07T23:59:59+02:00,258,409,1087,1231,1260,1701,1360,2848,1751,2642,1608,1863,2369,2539,2167,4240,78,104,385,455,395,664,394,940,445,676,547,534,1389,1504,1471,2972,20008,11638,2267,1042,7269,284,109
2021-05-06T23:59:59+02:00,243,398,1009,1193,1152,1644,1229,2738,1640,2558,1577,1836,2367,2527,2167,4237,75,99,373,442,386,648,381,920,431,658,539,521,1377,1494,1469,2968,19562,11589,2101,1027,7080,201,83
2021-05-05T23:59:59+02:00,233,386,979,1169,1116,1610,1167,2675,1572,2489,1559,1809,2357,2513,2167,4232,75,95,370,435,383,636,376,911,427,640,523,510,1356,1478,1469,2965,19181,11528,2048,1005,7035,159,76
2021-05-04T23:59:59+02:00,226,377,948,1147,1079,1589,1127,2632,1527,2432,1543,1780,2352,2501,2161,4225,71,93,364,425,381,632,368,895,421,623,511,492,1345,1458,1466,2965,18887,11456,1990,978,7002,123,71
2021-05-03T23:59:59+02:00,225,370,921,1128,1044,1574,1099,2601,1493,2396,1529,1754,2342,2494,2160,4221,68,88,352,420,374,625,366,887,415,616,501,485,1330,1440,1465,2961,18671,11385,1968,972,6963,103,49
2021-05-02T23:59:59+02:00,222,368,908,1118,1022,1559,1080,2590,1479,2377,1522,1740,2340,2492,2159,4218,66,88,347,418,372,620,363,881,413,612,494,478,1312,1429,1465,2960,18568,11353,1954,956,6935,91,34
2021-05-01T23:59:59+02:00,220,365,903,1110,1013,1551,1069,2577,1467,2360,1517,1735,2338,2488,2158,4218,66,88,347,417,371,620,362,877,413,611,492,478,1312,1429,1465,2960,18462,11346,1954,956,6935,88,34
2021-04-30T23:59:59+02:00,218,359,893,1092,993,1535,1042,2517,1422,2310,1506,1716,2332,2485,2157,4215,65,86,346,413,368,614,361,853,408,603,486,472,1309,1423,1465,2958,18199,11331,1950,945,6932,65,5
2021-04-29T23:59:59+02:00,208,352,855,1073,963,1503,1002,2466,1342,2244,1466,1674,2325,2475,2153,4210,65,85,341,412,364,609,358,842,399,594,478,463,1296,1413,1462,2953,17800,11280,1916,921,6881,44,5
2021-04-28T23:59:59+02:00,198,351,844,1059,935,1493,972,2431,1284,2192,1439,1622,2317,2471,2153,4208,62,85,334,408,360,600,356,835,394,584,463,448,1284,1400,1462,2951,17532,11219,1879,887,6842,30,5
2021-04-27T23:59:59+02:00,197,345,832,1045,923,1481,949,2409,1266,2165,1415,1586,2312,2466,2152,4205,61,82,332,405,359,595,354,831,389,579,458,439,1274,1379,1460,2948,17359,11168,1857,862,6814,25,5
2021-04-26T23:59:59+02:00,195,340,824,1038,915,1473,928,2391,1220,2121,1399,1567,2304,2457,2151,4202,61,82,330,403,359,594,350,829,387,574,451,429,1262,1366,1460,2946,17201,11132,1843,837,6761,23,5
2021-04-25T23:59:59+02:00,195,340,815,1029,904,1466,915,2376,1193,2094,1379,1547,2299,2450,2151,4201,60,82,330,399,356,593,349,826,386,573,449,425,1259,1357,1460,2945,17091,11120,1820,823,6720,15,5
2021-04-24T23:59:59+02:00,192,336,807,1024,892,1454,905,2361,1168,2077,1372,1525,2297,2446,2151,4201,60,82,330,399,356,593,349,826,385,570,447,422,1258,1355,1460,2945,16956,11114,1820,816,6707,15,5
2021-04-23T23:59:59+02:00,189,331,798,1014,887,1446,887,2349,1113,2036,1355,1503,2291,2440,2151,4198,60,81,330,399,356,593,348,824,383,568,441,414,1252,1349,1460,2945,16828,11095,1810,801,6620,15,5
2021-04-22T23:59:59+02:00,189,324,776,997,869,1426,862,2309,1065,1982,1324,1462,2281,2424,2150,4191,60,80,329,395,352,586,345,816,379,563,433,408,1238,1339,1458,2943,16579,11042,1759,782,6559,8,5
2021-04-21T23:59:59+02:00,185,319,758,984,848,1410,831,2274,1019,1943,1286,1411,2270,2407,2146,4186,58,78,326,393,352,583,342,812,376,556,428,404,1229,1322,1451,2938,16299,10986,1733,762,6508,8,5
2021-04-20T23:59:59+02:00,181,314,745,964,835,1391,814,2225,988,1896,1242,1351,2251,2390,2144,4176,58,78,324,393,350,580,338,808,376,550,425,396,1211,1297,1448,2936,16046,10922,1668,746,6454,8,5
2021-04-19T23:59:59+02:00,180,306,734,953,822,1375,802,2201,969,1867,1216,1314,2242,2380,2143,4172,58,77,323,391,347,576,335,799,373,540,422,391,1193,1275,1442,2926,15886,10847,1655,724,6396,6,4
2021-04-18T23:59:59+02:00,179,303,725,947,810,1366,784,2188,952,1849,1190,1280,2235,2376,2137,4170,57,75,322,390,347,576,334,794,371,538,420,386,1185,1272,1439,2924,15782,10823,1627,710,6339,6,4
2021-04-17T23:59:59+02:00,177,299,721,945,805,1364,779,2184,947,1843,1177,1258,2230,2369,2137,4170,57,72,320,387,347,576,333,790,371,535,418,380,1180,1265,1439,2924,15713,10789,1626,708,6322,6,4
2021-04-16T23:59:59+02:00,176,298,716,941,793,1348,770,2165,917,1806,1137,1201,2221,2357,2135,4165,52,70,317,381,346,575,329,780,365,520,404,356,1176,1251,1432,2913,15528,10711,1612,659,6261,5,4
2021-04-15T23:59:59+02:00,175,294,697,926,781,1339,748,2123,877,1769,1101,1157,2202,2334,2124,4152,50,70,315,375,341,574,321,775,358,517,396,348,1152,1227,1424,2899,15301,10621,1600,624,6149,5,4
2021-04-14T23:59:59+02:00,173,288,690,920,775,1326,739,2095,863,1743,1059,1118,2168,2281,2116,4141,48,66,311,372,338,571,318,767,349,510,384,334,1126,1198,1419,2889,15077,10515,1584,588,6083,5,4
2021-04-13T23:59:59+02:00,168,284,681,916,765,1316,731,2070,836,1718,1020,1060,2129,2235,2111,4133,46,66,308,368,330,567,313,760,343,502,373,328,1108,1181,1412,2882,14892,10440,1537,551,5993,4,4
2021-04-12T23:59:59+02:00,168,283,678,912,757,1306,712,2053,823,1701,985,1032,2110,2213,2108,4124,45,62,298,362,326,561,308,754,338,496,360,321,1097,1169,1410,2874,14789,10368,1519,515,5904,4,4
2021-04-11T23:59:59+02:00,166,283,673,904,749,1301,704,2040,812,1690,965,1009,2094,2192,2106,4118,44,60,293,360,324,559,307,751,334,491,354,313,1084,1165,1407,2869,14740,10322,1497,493,5816,4,4
2021-04-10T23:59:59+02:00,166,283,673,903,747,1300,700,2031,806,1686,956,997,2086,2179,2106,4118,40,55,270,348,310,543,294,740,319,481,345,306,1076,1148,1402,2866,14696,10161,1491,480,5796,4,4
2021-04-09T23:59:59+02:00,166,279,668,901,739,1278,693,1950,791,1603,918,937,2057,2157,2103,4110,32,52,255,335,292,531,276,727,309,468,332,300,1042,1119,1393,2858,14568,9958,1466,458,5561,4,3
2021-04-08T23:59:59+02:00,165,276,664,896,733,1272,682,1933,774,1583,872,875,2013,2129,2095,4104,32,50,246,321,278,523,263,713,288,451,312,280,1008,1096,1379,2833,14437,9730,1420,435,5454,4,3
2021-04-07T23:59:59+02:00,159,273,656,890,725,1261,668,1910,762,1555,830,829,1971,2087,2089,4089,30,48,229,304,269,518,256,701,276,439,291,266,971,1070,1364,2808,14286,9515,1381,413,5329,4,3
2021-04-06T23:59:59+02:00,156,272,650,887,712,1249,650,1888,738,1531,802,785,1941,2048,2083,4081,29,47,228,302,267,516,247,698,268,434,282,253,948,1043,1352,2792,14194,9408,1351,386,5167,4,3
2021-04-05T23:59:59+02:00,156,272,650,881,708,1240,642,1872,729,1516,779,764,1918,2012,2080,4077,29,47,227,299,266,512,244,691,265,432,281,246,925,1022,1346,2778,14144,9334,1339,363,5048,4,3
2021-04-04T23:59:59+02:00,155,270,649,876,703,1229,636,1856,724,1496,771,752,1914,2009,2080,4076,29,47,227,299,265,512,244,691,265,432,279,246,910,1008,1343,2775,14128,9296,1338,363,4965,4,3
2021-04-03T23:59:59+02:00,155,270,649,876,701,1227,635,1853,718,1494,760,742,1909,2001,2078,4075,29,47,227,299,265,512,244,691,265,431,279,246,910,1003,1343,2773,14091,9288,1338,363,4948,4,3
2021-04-02T23:59:59+02:00,155,269,649,875,700,1224,632,1846,712,1484,750,733,1892,1983,2076,4073,29,47,224,299,263,510,242,685,259,426,275,245,892,976,1336,2748,14033,9186,1328,356,4925,4,3
2021-04-01T23:59:59+02:00,152,266,645,865,690,1210,626,1827,697,1464,729,705,1859,1942,2074,4058,28,46,216,296,261,506,240,678,253,421,265,237,863,943,1314,2715,13931,9022,1275,345,4833,4,3
2021-03-31T23:59:59+02:00,149,264,637,859,682,1196,619,1783,687,1424,715,692,1826,1892,2059,4044,28,46,215,295,257,504,238,675,245,416,253,233,814,893,1298,2684,13838,8849,1226,330,4694,4,3
2021-03-30T23:59:59+02:00,147,258,633,852,679,1176,612,1745,678,1382,699,676,1789,1844,2050,4027,28,45,212,292,255,502,236,669,241,409,245,228,793,873,1280,2656,13729,8731,1190,316,4556,4,3
2021-03-29T23:59:59+02:00,144,252,628,839,674,1164,603,1715,669,1344,686,661,1739,1787,2032,4001,28,45,211,291,254,500,235,664,235,399,238,226,771,856,1269,2636,13564,8635,1156,306,4445,3,3
2021-03-28T23:59:59+02:00,137,239,618,832,669,1155,599,1696,666,1329,682,643,1704,1750,2027,3989,28,44,208,291,250,494,232,661,234,396,236,224,761,848,1263,2631,13498,8584,1114,300,4350,3,3
2021-03-27T23:59:59+01:00,137,236,614,827,667,1151,594,1685,664,1322,674,632,1695,1740,2027,3988,28,44,208,291,250,494,232,655,232,392,233,223,754,838,1248,2614,13455,8528,1107,291,4317,3,3
2021-03-26T23:59:59+01:00,135,235,607,816,662,1139,585,1670,657,1296,659,615,1679,1718,2019,3980,28,44,208,291,249,492,232,655,227,382,228,216,731,813,1225,2575,13366,8388,1081,291,4248,3,3
2021-03-25T23:59:59+01:00,132,234,599,806,647,1120,570,1637,644,1253,642,597,1645,1684,2008,3966,28,44,205,286,248,491,226,652,225,380,220,213,700,786,1177,2515,13277,8199,1035,278,4093,3,3
2021-03-24T23:59:59+01:00,129,227,590,794,644,1110,561,1600,632,1221,625,583,1614,1643,1994,3948,28,44,204,285,248,490,225,651,219,377,215,207,670,769,1145,2438,13170,8032,1003,265,3962,3,2
2021-03-23T23:59:59+01:00,127,226,584,786,630,1099,552,1579,620,1185,614,570,1588,1619,1981,3935,27,43,202,284,246,486,219,646,217,371,210,204,650,753,1091,2362,13097,7834,980,257,3836,3,2
2021-03-22T23:59:59+01:00,124,221,566,769,614,1082,543,1550,608,1161,606,557,1564,1599,1974,3923,27,42,201,282,244,485,218,637,216,367,207,199,629,735,1025,2283,13032,7630,954,247,3692,3,2
2021-03-21T23:59:59+01:00,122,220,562,762,611,1079,540,1526,598,1129,600,548,1542,1593,1968,3909,27,42,201,282,243,483,217,636,215,365,206,196,624,733,1017,2277,13002,7602,936,241,3584,3,2
2021-03-20T23:59:59+01:00,120,220,557,760,610,1077,538,1524,596,1127,597,540,1528,1572,1961,3902,27,42,201,282,243,483,216,634,212,359,204,194,618,727,1003,2265,12955,7556,931,233,3554,3,2
2021-03-19T23:59:59+01:00,111,210,552,747,604,1070,537,1508,582,1113,575,504,1481,1539,1939,3889,27,42,201,281,242,483,215,627,209,355,203,190,595,709,979,2221,12828,7437,874,221,3466,2,2
2021-03-18T23:59:59+01:00,108,206,536,740,585,1039,520,1459,557,1066,549,480,1443,1507,1922,3855,27,42,199,279,240,476,215,621,206,347,201,183,583,699,956,2184,12680,7330,824,206,3269,2,2
2021-03-17T23:59:59+01:00,104,201,526,727,574,1035,513,1446,543,1049,531,460,1408,1482,1904,3830,27,41,199,279,239,473,214,620,205,345,201,182,574,689,928,2146,12523,7235,786,203,3222,2,2
2021-03-16T23:59:59+01:00,99,196,517,716,561,1025,501,1408,528,1020,515,437,1367,1434,1890,3803,27,40,199,277,239,468,214,619,203,344,198,182,563,675,905,2102,12377,7131,740,200,3095,2,1
2021-03-15T23:59:59+01:00,96,189,503,702,552,1001,491,1373,515,983,501,423,1333,1401,1876,3784,26,40,198,274,239,465,213,618,201,344,193,178,548,663,887,2072,12248,7047,692,189,2975,2,0
2021-03-14T23:59:59+01:00,93,177,494,688,541,979,486,1329,503,941,483,408,1311,1380,1863,3765,26,40,198,272,238,464,212,613,200,339,192,175,544,655,883,2060,12155,7024,661,164,2813,2,0
2021-03-13T23:59:59+01:00,89,166,470,667,514,952,461,1309,481,920,462,401,1290,1361,1856,3759,26,40,198,272,238,464,212,612,200,338,191,175,540,647,859,2033,11951,6957,649,163,2736,2,0
2021-03-12T23:59:59+01:00,81,160,444,639,492,924,440,1275,458,889,440,382,1240,1317,1837,3724,26,40,198,271,238,463,212,612,200,338,188,173,530,639,842,2015,11666,6894,626,163,2623,2,0
2021-03-11T23:59:59+01:00,76,150,411,600,457,892,405,1202,428,831,416,352,1177,1260,1798,3675,26,40,197,268,233,459,211,607,196,335,185,171,518,627,822,1979,11328,6826,589,120,2375,2,0
2021-03-10T23:59:59+01:00,74,145,390,577,441,874,390,1163,404,793,391,331,1116,1203,1770,3622,26,40,195,263,229,453,209,601,196,333,182,169,505,622,805,1947,11041,6739,561,107,2241,2,0
2021-03-09T23:59:59+01:00,73,141,381,558,420,846,378,1114,388,762,374,315,1076,1178,1735,3586,26,40,194,260,228,445,206,597,193,329,182,168,495,617,791,1921,10862,6671,539,91,2072,2,0
2021-03-08T23:59:59+01:00,70,136,369,541,403,828,370,1062,378,722,359,304,1029,1146,1716,3556,26,40,194,259,224,440,202,592,189,325,180,168,487,613,783,1912,10708,6630,507,75,1919,1,0
2021-03-07T23:59:59+01:00,67,132,366,530,394,811,358,1047,374,716,357,301,1017,1131,1709,3548,26,40,194,258,224,438,201,591,189,324,180,167,483,610,776,1907,10645,6606,487,73,1868,0,0
2021-03-06T23:59:59+01:00,67,127,363,527,387,790,353,994,366,684,354,300,1010,1120,1695,3537,26,40,194,258,223,437,201,590,189,324,180,167,481,610,775,1896,10596,6599,487,63,1731,0,0
2021-03-05T23:59:59+01:00,67,123,358,522,383,785,352,978,356,659,343,287,978,1084,1663,3488,26,40,193,257,222,436,200,589,188,321,179,166,476,609,769,1880,10418,6578,465,44,1676,0,0
2021-03-04T23:59:59+01:00,67,114,349,489,370,753,333,937,344,629,329,285,937,1041,1596,3415,26,40,192,253,220,430,198,578,185,319,178,165,474,606,766,1877,10171,6533,442,43,1506,0,0
2021-03-03T23:59:59+01:00,64,107,340,474,364,738,328,914,331,608,320,278,906,1014,1544,3313,26,40,192,252,219,428,197,568,185,312,177,162,469,603,759,1874,9954,6494,419,38,1397,0,0
2021-03-02T23:59:59+01:00,61,102,331,463,352,721,319,896,324,582,310,272,877,991,1471,3218,25,40,192,252,219,421,192,562,183,309,175,162,467,595,753,1864,9698,6440,399,38,1314,0,0
2021-03-01T23:59:59+01:00,60,100,324,450,345,702,309,870,317,548,305,268,854,964,1380,3091,25,39,191,252,217,412,190,554,183,306,174,162,466,591,745,1858,9421,6393,379,38,1206,0,0
2021-02-28T23:59:59+01:00,60,98,318,441,343,694,308,846,313,530,301,258,847,960,1371,3082,25,39,189,251,217,412,190,554,183,306,173,162,466,589,744,1855,9385,6383,370,38,1132,0,0
2021-02-27T23:59:59+01:00,57,89,314,432,339,692,302,835,309,520,297,254,839,949,1353,3063,25,39,189,250,217,411,189,553,182,305,173,162,466,589,744,1855,9322,6382,359,33,1078,0,0
2021-02-26T23:59:59+01:00,55,86,307,408,314,660,282,805,298,500,294,251,816,932,1322,3013,25,38,189,249,217,409,188,550,180,303,173,162,466,589,743,1852,9192,6365,357,33,905,0,0
2021-02-25T23:59:59+01:00,49,74,296,390,305,631,275,777,286,474,285,242,804,915,1294,2974,25,38,188,247,213,406,185,542,175,302,169,159,457,583,732,1847,9066,6310,344,23,770,0,0
2021-02-24T23:59:59+01:00,45,70,289,378,299,618,271,763,282,466,279,241,787,905,1254,2922,24,38,185,245,210,393,184,534,172,297,167,156,451,578,731,1835,8939,6247,332,16,705,0,0
2021-02-23T23:59:59+01:00,42,61,276,366,287,598,268,746,273,457,275,239,766,890,1224,2861,23,38,184,243,208,388,183,528,169,295,167,155,449,570,725,1818,8801,6192,318,13,615,0,0
2021-02-22T23:59:59+01:00,40,58,269,354,283,588,264,736,269,453,268,233,746,874,1200,2830,23,36,181,240,205,375,175,518,164,292,165,152,439,565,721,1808,8693,6115,304,5,572,0,0
2021-02-21T23:59:59+01:00,39,57,265,347,281,579,260,727,262,449,267,232,742,870,1193,2822,23,35,180,238,205,373,174,509,164,290,165,152,435,564,715,1799,8671,6076,298,5,525,0,0
2021-02-20T23:59:59+01:00,38,57,262,346,281,576,259,721,259,442,266,232,732,860,1167,2793,23,35,180,238,205,373,174,509,163,289,165,152,434,564,714,1798,8597,6071,289,5,504,0,0
2021-02-19T23:59:59+01:00,37,57,258,341,275,553,250,696,255,431,263,227,714,847,1141,2771,23,34,180,238,204,372,174,508,162,289,165,151,429,563,709,1786,8518,6042,276,5,417,0,0
2021-02-18T23:59:59+01:00,36,54,240,321,266,533,241,676,239,404,260,221,706,836,1118,2744,23,34,177,231,202,367,170,492,161,278,162,148,415,551,681,1729,8447,5875,254,5,287,0,0
2021-02-17T23:59:59+01:00,36,52,234,315,263,519,236,663,236,382,256,217,690,828,1097,2707,21,32,174,226,194,353,166,475,155,265,154,144,409,536,664,1696,8338,5717,247,4,236,0,0
2021-02-16T23:59:59+01:00,35,47,224,304,261,507,230,648,230,376,252,215,680,820,1074,2679,19,32,165,217,186,334,160,463,151,251,152,139,383,507,634,1641,8255,5487,240,4,174,0,0
2021-02-15T23:59:59+01:00,34,46,218,301,254,495,227,642,227,368,250,213,666,813,1065,2663,18,30,160,212,181,327,156,455,145,244,142,136,358,485,605,1580,8203,5287,228,4,138,0,0
2021-02-14T23:59:59+01:00,32,46,215,298,252,489,225,637,227,364,250,208,659,807,1060,2647,17,30,158,209,178,322,155,443,143,242,142,133,350,477,591,1548,8184,5190,198,4,120,0,0
2021-02-13T23:59:59+01:00,31,46,215,298,251,489,225,636,227,364,250,208,657,806,1060,2647,17,30,156,208,175,322,154,441,142,238,140,132,347,474,583,1535,8179,5149,198,1,119,0,0
2021-02-12T23:59:59+01:00,30,45,213,293,248,480,221,625,224,358,249,206,652,805,1057,2638,17,30,154,205,174,321,152,439,140,237,139,128,345,461,559,1482,8152,5038,198,1,79,0,0
2021-02-11T23:59:59+01:00,29,44,205,275,241,464,214,600,210,343,245,205,645,790,1036,2610,17,29,137,187,166,289,142,394,134,217,128,114,310,419,512,1342,8083,4588,139,1,17,0,0
2021-02-10T23:59:59+01:00,29,44,201,269,239,457,211,591,207,336,242,205,638,787,1028,2600,16,28,127,168,153,252,124,345,124,193,116,105,289,389,463,1242,8032,4177,128,1,7,0,0
2021-02-09T23:59:59+01:00,28,42,200,266,237,444,207,584,203,333,240,201,634,780,1020,2591,16,26,112,142,141,230,107,302,113,166,100,97,262,339,416,1116,7982,3724,107,1,3,0,0
2021-02-08T23:59:59+01:00,28,42,199,264,230,430,204,573,200,328,236,201,628,777,1015,2585,14,24,96,121,120,188,89,260,106,155,84,89,232,296,362,1010,7925,3282,91,1,3,0,0
2021-02-07T23:59:59+01:00,28,41,197,262,229,429,204,570,200,328,236,201,627,775,1013,2582,13,18,92,115,113,177,84,242,102,147,79,84,225,284,349,970,7911,3127,88,1,0,0,0
2021-02-06T23:59:59+01:00,28,41,197,262,229,428,204,570,200,327,235,201,627,775,1012,2572,10,14,91,112,112,173,82,235,102,145,78,83,225,280,340,959,7908,3072,77,1,0,0,0
2021-02-05T23:59:59+01:00,27,40,197,262,229,427,203,568,198,326,235,201,625,775,1002,2550,9,10,83,104,108,170,81,232,96,133,76,81,217,275,321,935,7890,2960,50,0,0,0,0
2021-02-04T23:59:59+01:00,27,40,195,261,225,422,198,562,196,322,233,198,620,769,993,2541,8,7,57,72,84,127,70,195,76,114,72,71,187,246,283,829,7827,2518,50,0,0,0,0
2021-02-03T23:59:59+01:00,27,39,194,259,224,410,195,556,195,319,231,196,612,767,987,2526,5,4,43,54,66,104,52,152,64,85,53,47,141,176,221,611,7767,1893,45,0,0,0,0
2021-02-02T23:59:59+01:00,26,39,193,257,221,404,194,551,193,318,228,195,606,761,980,2505,3,3,29,38,52,75,39,97,49,63,44,37,105,123,145,397,7700,1309,44,0,0,0,0
2021-02-01T23:59:59+01:00,25,36,191,257,218,399,191,545,189,311,227,191,599,758,976,2496,3,1,22,20,25,43,25,60,28,34,29,24,65,77,80,242,7638,785,44,0,0,0,0
2021-01-31T23:59:59+01:00,25,36,191,255,216,395,189,537,188,309,226,191,595,754,971,2485,3,1,20,15,16,36,18,47,21,30,27,19,52,67,77,214,7592,668,43,0,0,0,0
2021-01-30T23:59:59+01:00,25,36,191,255,216,395,188,537,188,309,226,191,594,754,971,2483,3,1,19,14,14,36,16,43,19,29,26,18,52,64,75,208,7589,641,42,0,0,0,0
2021-01-29T23:59:59+01:00,25,36,191,252,215,394,187,536,187,307,226,191,589,752,965,2475,3,0,17,9,9,30,15,38,15,26,26,17,49,63,75,202,7562,596,38,0,0,0,0
2021-01-28T23:59:59+01:00,25,36,184,249,215,389,186,527,185,302,225,191,578,745,949,2456,3,0,4,3,5,17,9,20,7,13,21,11,33,41,49,144,7484,380,29,0,0,0,0
2021-01-27T23:59:59+01:00,24,34,180,244,209,380,184,513,182,291,217,186,568,728,927,2424,1,0,2,3,5,13,8,18,6,12,20,10,28,36,41,110,7334,313,24,0,0,0,0
2021-01-26T23:59:59+01:00,21,34,177,232,203,367,179,495,179,283,213,181,548,711,903,2381,1,0,1,3,5,13,8,18,6,12,19,9,27,32,40,95,7154,289,20,0,0,0,0
2021-01-25T23:59:59+01:00,21,33,171,231,200,357,176,485,174,272,203,178,527,696,883,2339,1,0,1,3,4,11,7,15,6,11,18,8,23,31,33,85,7005,257,6,0,0,0,0
2021-01-24T23:59:59+01:00,20,32,169,228,198,356,175,483,174,271,203,177,523,691,881,2334,1,0,1,3,3,11,7,15,6,11,18,8,23,31,32,84,6974,254,5,0,0,0,0
2021-01-23T23:59:59+01:00,20,32,169,228,196,356,175,482,174,271,203,177,522,691,873,2322,1,0,1,3,3,10,7,15,5,11,18,8,23,31,32,84,6950,252,5,0,0,0,0
2021-01-22T23:59:59+01:00,20,31,167,224,195,356,175,481,173,271,203,176,520,689,851,2288,1,0,1,3,3,10,7,15,5,11,18,8,23,31,32,84,6879,252,5,0,0,0,0
2021-01-21T23:59:59+01:00,19,31,158,216,188,338,170,461,171,256,193,171,496,666,820,2244,1,0,1,3,1,6,7,10,3,7,17,7,19,21,29,68,6654,200,5,0,0,0,0
2021-01-20T23:59:59+01:00,18,29,145,195,173,297,143,405,157,232,181,159,463,623,759,2070,1,0,1,3,1,6,7,10,3,6,16,6,18,20,25,65,6099,188,4,0,0,0,0
2021-01-19T23:59:59+01:00,18,28,123,165,157,264,130,364,143,209,152,141,408,542,673,1837,1,0,1,3,1,6,5,6,1,4,10,3,8,14,16,46,5398,125,3,0,0,0,0
2021-01-18T23:59:59+01:00,15,27,108,148,135,222,113,314,128,182,121,127,333,449,555,1544,1,0,1,1,0,3,4,4,0,4,1,1,3,5,8,24,4563,60,3,0,0,0,0
2021-01-17T23:59:59+01:00,14,17,104,134,127,209,105,289,122,172,115,114,319,423,509,1461,1,0,0,0,0,1,2,3,0,2,0,1,2,1,1,4,4269,18,3,0,0,0,0
2021-01-16T23:59:59+01:00,12,13,100,130,125,204,102,279,120,165,112,112,316,415,495,1440,0,0,0,0,0,0,0,0,0,0,0,0,0,0,0,0,4177,0,0,0,0,0,0
2021-01-15T23:59:59+01:00,10,11,95,122,121,199,100,270,118,153,108,109,310,402,471,1403,0,0,0,0,0,0,0,0,0,0,0,0,0,0,0,0,4036,0,0,0,0,0,0
2021-01-14T23:59:59+01:00,8,7,71,89,102,162,83,224,101,136,97,92,264,360,413,1212,0,0,0,0,0,0,0,0,0,0,0,0,0,0,0,0,3447,0,0,0,0,0,0
2021-01-13T23:59:59+01:00,6,6,59,79,92,135,73,185,92,111,75,66,203,252,336,932,0,0,0,0,0,0,0,0,0,0,0,0,0,0,0,0,2724,0,0,0,0,0,0
2021-01-12T23:59:59+01:00,5,5,50,62,75,106,64,131,73,86,59,51,148,183,240,647,0,0,0,0,0,0,0,0,0,0,0,0,0,0,0,0,2004,0,0,0,0,0,0
2021-01-11T23:59:59+01:00,4,3,42,49,62,77,50,104,55,62,40,33,87,112,123,368,0,0,0,0,0,0,0,0,0,0,0,0,0,0,0,0,1286,0,0,0,0,0,0
2021-01-10T23:59:59+01:00,3,3,38,36,45,64,34,80,45,54,36,26,72,100,116,317,0,0,0,0,0,0,0,0,0,0,0,0,0,0,0,0,1080,0,0,0,0,0,0
2021-01-09T23:59:59+01:00,3,2,35,35,40,61,31,72,40,49,36,26,72,98,114,315,0,0,0,0,0,0,0,0,0,0,0,0,0,0,0,0,1038,0,0,0,0,0,0
2021-01-08T23:59:59+01:00,3,2,28,27,33,55,26,60,35,44,35,24,68,95,112,306,0,0,0,0,0,0,0,0,0,0,0,0,0,0,0,0,960,0,0,0,0,0,0
2021-01-07T23:59:59+01:00,3,2,9,3,8,19,11,26,11,23,30,15,48,62,76,216,0,0,0,0,0,0,0,0,0,0,0,0,0,0,0,0,562,0,0,0,0,0,0
2021-01-06T23:59:59+01:00,3,0,3,3,5,14,8,20,7,14,26,14,41,52,64,174,0,0,0,0,0,0,0,0,0,0,0,0,0,0,0,0,448,0,0,0,0,0,0
2021-01-05T23:59:59+01:00,2,0,1,3,5,13,8,18,7,13,25,13,40,51,61,166,0,0,0,0,0,0,0,0,0,0,0,0,0,0,0,0,426,0,0,0,0,0,0
2021-01-04T23:59:59+01:00,1,0,1,3,5,12,7,16,6,12,23,11,31,43,46,126,0,0,0,0,0,0,0,0,0,0,0,0,0,0,0,0,343,0,0,0,0,0,0
2021-01-03T23:59:59+01:00,1,0,1,3,4,12,7,16,6,12,23,11,31,43,46,125,0,0,0,0,0,0,0,0,0,0,0,0,0,0,0,0,341,0,0,0,0,0,0
2021-01-02T23:59:59+01:00,1,0,1,3,4,12,7,16,5,12,23,11,31,43,46,125,0,0,0,0,0,0,0,0,0,0,0,0,0,0,0,0,340,0,0,0,0,0,0
2021-01-01T23:59:59+01:00,1,0,1,3,4,12,7,16,5,12,23,11,31,43,46,125,0,0,0,0,0,0,0,0,0,0,0,0,0,0,0,0,340,0,0,0,0,0,0
2020-12-31T23:59:59+01:00,1,0,1,3,4,11,7,16,5,12,23,11,31,43,46,125,0,0,0,0,0,0,0,0,0,0,0,0,0,0,0,0,339,0,0,0,0,0,0
2020-12-30T23:59:59+01:00,1,0,1,3,4,11,7,16,5,12,23,11,31,43,46,125,0,0,0,0,0,0,0,0,0,0,0,0,0,0,0,0,339,0,0,0,0,0,0
2020-12-29T23:59:59+01:00,1,0,1,3,3,8,5,11,3,9,17,8,23,37,32,101,0,0,0,0,0,0,0,0,0,0,0,0,0,0,0,0,262,0,0,0,0,0,0
2020-12-28T23:59:59+01:00,1,0,1,1,1,2,3,5,2,6,10,2,6,13,20,51,0,0,0,0,0,0,0,0,0,0,0,0,0,0,0,0,124,0,0,0,0,0,0
2020-12-27T23:59:59+01:00,1,0,0,0,0,1,2,5,0,3,1,1,4,4,4,15,0,0,0,0,0,0,0,0,0,0,0,0,0,0,0,0,41,0,0,0,0,0,0
