Datum,<15_m,<15_w,15-24_1_m,15-24_1_w,25-34_1_m,25-34_1_w,35-44_1_m,35-44_1_w,45-54_1_m,45-54_1_w,55-64_1_m,55-64_1_w,65-74_1_m,65-74_1_w,75-84_1_m,75-84_1_w,>84_1_m,>84_1_w,<24_2_m,<24_2_w,25-34_2_m,25-34_2_w,35-44_2_m,35-44_2_w,45-54_2_m,45-54_2_w,55-64_2_m,55-64_2_w,65-74_2_m,65-74_2_w,75-84_2_m,75-84_2_w,>84_2_m,>84_2_w,bp_1,bp_2,mo_1,mo_2,az_1,az_2,ja,unb_1,unb_2
2021-08-22T23:59:59+02:00,138,154,3095,2836,8342,5981,8100,5551,7222,7628,5362,5686,2709,2824,3222,3279,2740,5170,2522,2277,7131,5121,7232,4903,6486,6854,4745,5136,2127,2421,2400,2581,1976,3843,54405,45085,8149,6997,9547,7535,8866,33,29
2021-08-21T23:59:59+02:00,136,153,3081,2832,8330,5972,8090,5546,7217,7622,5358,5682,2708,2824,3222,3278,2740,5170,2511,2270,7112,5106,7213,4893,6473,6847,4736,5130,2126,2419,2399,2580,1976,3843,54346,45004,8146,6972,9547,7533,8850,33,29
2021-08-20T23:59:59+02:00,135,152,3066,2822,8300,5956,8062,5531,7199,7601,5350,5672,2707,2821,3222,3278,2740,5168,2479,2259,7061,5073,7176,4870,6436,6810,4719,5109,2122,2414,2399,2577,1976,3841,54285,44843,8134,6932,9547,7522,8744,33,29
2021-08-19T23:59:59+02:00,135,149,3046,2805,8250,5930,8028,5509,7180,7578,5336,5657,2701,2818,3222,3278,2740,5167,2433,2235,6986,5026,7117,4832,6390,6754,4691,5079,2118,2410,2398,2577,1976,3841,54158,44521,8122,6905,9545,7514,8632,33,29
2021-08-18T23:59:59+02:00,134,147,3026,2795,8219,5909,7999,5491,7147,7563,5324,5650,2696,2815,3221,3278,2739,5166,2403,2217,6914,4993,7059,4802,6346,6725,4665,5054,2114,2406,2395,2577,1976,3840,54027,44280,8116,6847,9545,7506,8559,33,29
2021-08-17T23:59:59+02:00,134,146,3008,2781,8188,5885,7969,5480,7137,7542,5312,5639,2693,2813,3220,3277,2738,5166,2373,2194,6849,4945,7010,4769,6318,6687,4645,5034,2107,2401,2394,2574,1975,3840,53910,44007,8106,6811,9544,7499,8496,33,29
2021-08-16T23:59:59+02:00,131,144,2999,2767,8159,5870,7951,5471,7123,7527,5300,5626,2693,2813,3219,3276,2738,5166,2340,2166,6775,4909,6946,4737,6266,6647,4615,5010,2106,2399,2391,2572,1975,3840,53820,43661,8100,6797,9544,7489,8437,33,29
2021-08-15T23:59:59+02:00,131,144,2993,2757,8134,5858,7932,5460,7105,7519,5296,5620,2692,2811,3219,3275,2738,5166,2315,2128,6723,4877,6904,4703,6233,6619,4605,4997,2102,2395,2390,2570,1975,3840,53741,43398,8096,6776,9543,7486,8398,33,29
2021-08-14T23:59:59+02:00,130,144,2989,2751,8124,5853,7923,5459,7105,7516,5293,5618,2690,2810,3219,3274,2738,5166,2308,2118,6695,4864,6889,4692,6223,6602,4586,4987,2099,2392,2390,2568,1975,3839,53721,43290,8095,6763,9543,7484,8371,33,29
2021-08-13T23:59:59+02:00,128,143,2969,2743,8098,5837,7911,5445,7090,7506,5282,5610,2689,2806,3219,3273,2738,5166,2270,2093,6644,4830,6848,4658,6189,6577,4569,4973,2098,2387,2389,2568,1975,3839,53636,43048,8093,6744,9543,7483,8309,33,29
2021-08-12T23:59:59+02:00,125,137,2952,2733,8064,5815,7880,5426,7072,7481,5269,5597,2688,2804,3217,3273,2738,5166,2233,2059,6551,4774,6795,4620,6143,6525,4542,4942,2094,2384,2385,2567,1975,3839,53525,42710,8088,6718,9542,7462,8210,33,29
2021-08-11T23:59:59+02:00,122,134,2934,2719,8025,5790,7851,5412,7051,7467,5259,5580,2686,2801,3217,3272,2738,5166,2202,2030,6462,4723,6710,4572,6091,6467,4518,4900,2086,2375,2384,2565,1975,3838,53390,42283,8079,6682,9539,7454,8144,33,29
2021-08-10T23:59:59+02:00,122,133,2917,2705,7981,5773,7825,5398,7021,7451,5246,5573,2683,2801,3217,3270,2738,5165,2129,1973,6340,4660,6618,4508,6001,6396,4475,4877,2080,2366,2382,2564,1975,3837,53274,41674,8071,6663,9538,7439,8064,33,29
2021-08-09T23:59:59+02:00,121,132,2899,2700,7949,5751,7795,5387,6998,7432,5235,5561,2682,2800,3217,3270,2738,5164,2075,1925,6239,4592,6517,4462,5935,6342,4447,4843,2074,2357,2381,2562,1975,3837,53185,41213,8063,6611,9538,7420,7973,33,29
2021-08-08T23:59:59+02:00,121,130,2883,2689,7926,5736,7775,5375,6987,7422,5228,5557,2679,2800,3217,3270,2738,5164,2049,1899,6175,4546,6460,4435,5897,6318,4433,4829,2065,2352,2379,2560,1975,3837,53115,40963,8062,6570,9535,7414,7913,33,29
2021-08-07T23:59:59+02:00,120,129,2875,2683,7896,5722,7757,5368,6979,7413,5224,5552,2677,2800,3217,3270,2738,5164,2011,1876,6093,4495,6400,4401,5861,6279,4416,4815,2062,2351,2379,2557,1975,3837,53049,40635,8058,6542,9535,7405,7870,33,29
2021-08-06T23:59:59+02:00,119,128,2860,2673,7865,5708,7728,5346,6958,7391,5214,5539,2673,2798,3217,3269,2738,5164,1974,1832,5992,4422,6327,4363,5818,6235,4398,4795,2060,2348,2378,2554,1975,3837,52990,40286,8038,6510,9535,7393,7753,33,29
2021-08-05T23:59:59+02:00,117,127,2830,2656,7831,5685,7689,5321,6935,7370,5195,5514,2670,2795,3214,3266,2738,5163,1926,1782,5858,4318,6211,4304,5749,6172,4361,4750,2054,2340,2375,2552,1975,3837,52844,39800,8030,6414,9532,7337,7637,33,29
2021-08-04T23:59:59+02:00,114,124,2761,2628,7744,5647,7640,5292,6901,7333,5177,5500,2664,2792,3212,3265,2738,5163,1844,1748,5720,4244,6075,4252,5680,6106,4331,4708,2043,2334,2370,2549,1975,3836,52620,39311,8013,6361,9531,7301,7458,33,29
2021-08-03T23:59:59+02:00,111,124,2740,2607,7713,5630,7603,5273,6876,7309,5166,5488,2660,2790,3211,3262,2738,5163,1811,1718,5625,4176,5973,4201,5609,6047,4292,4669,2038,2329,2369,2547,1975,3836,52468,38846,8008,6319,9529,7276,7386,33,29
2021-08-02T23:59:59+02:00,111,124,2718,2586,7668,5602,7577,5264,6853,7295,5148,5479,2658,2786,3210,3261,2737,5163,1782,1690,5504,4088,5864,4136,5542,5998,4243,4637,2032,2316,2368,2542,1974,3835,52319,38301,8000,6283,9529,7255,7318,33,29
2021-08-01T23:59:59+02:00,110,122,2702,2574,7633,5578,7564,5251,6842,7287,5142,5473,2656,2785,3208,3261,2737,5163,1764,1672,5427,4046,5799,4091,5499,5975,4225,4618,2030,2313,2366,2539,1974,3835,52227,38023,7987,6252,9528,7230,7270,33,29
2021-07-31T23:59:59+02:00,108,121,2696,2567,7615,5570,7557,5246,6838,7277,5141,5472,2654,2785,3208,3261,2737,5163,1725,1628,5329,3985,5738,4044,5446,5939,4197,4593,2027,2310,2366,2538,1974,3835,52188,37556,7982,6235,9528,7226,7242,33,29
2021-07-30T23:59:59+02:00,106,118,2685,2558,7591,5557,7544,5225,6819,7265,5134,5464,2653,2784,3208,3260,2737,5163,1705,1611,5246,3944,5673,3988,5387,5893,4171,4576,2022,2308,2365,2535,1974,3835,52110,37203,7976,6208,9528,7218,7181,33,29
2021-07-29T23:59:59+02:00,105,117,2652,2540,7535,5513,7501,5180,6790,7225,5111,5442,2652,2780,3206,3259,2737,5163,1665,1581,5123,3847,5541,3919,5299,5803,4125,4520,2015,2299,2362,2533,1973,3835,51905,36631,7961,6154,9523,7181,7042,33,29
2021-07-28T23:59:59+02:00,104,115,2632,2528,7497,5475,7471,5156,6766,7203,5096,5432,2649,2779,3204,3256,2736,5162,1628,1537,5023,3772,5426,3854,5207,5729,4089,4485,2003,2291,2360,2531,1973,3834,51720,36071,7951,6097,9520,7143,6993,33,29
2021-07-27T23:59:59+02:00,101,113,2617,2512,7451,5452,7435,5139,6746,7184,5085,5420,2648,2778,3204,3255,2735,5162,1585,1510,4885,3686,5301,3775,5117,5657,4046,4435,1997,2278,2359,2528,1972,3834,51589,35488,7933,6014,9519,7102,6919,33,29
2021-07-26T23:59:59+02:00,100,110,2591,2496,7418,5430,7400,5122,6719,7165,5080,5408,2644,2778,3203,3255,2735,5162,1550,1456,4744,3624,5191,3711,5043,5582,3992,4400,1993,2264,2358,2522,1972,3833,51445,34934,7913,5941,9516,7053,6863,33,29
2021-07-25T23:59:59+02:00,96,107,2576,2475,7380,5406,7367,5109,6699,7144,5070,5403,2642,2775,3202,3254,2735,5161,1530,1428,4689,3581,5137,3681,4997,5543,3962,4378,1990,2260,2357,2522,1972,3833,51291,34664,7904,5910,9513,7022,6814,33,29
2021-07-24T23:59:59+02:00,96,106,2561,2468,7348,5392,7342,5097,6682,7129,5062,5398,2641,2772,3202,3254,2735,5161,1511,1410,4643,3561,5063,3636,4955,5517,3941,4370,1989,2258,2356,2520,1972,3832,51212,34471,7882,5825,9512,7022,6760,33,29
2021-07-23T23:59:59+02:00,94,104,2532,2442,7293,5366,7312,5073,6648,7105,5041,5389,2639,2769,3200,3254,2735,5161,1457,1379,4506,3461,4929,3559,4882,5450,3894,4338,1988,2250,2355,2516,1971,3832,51033,33842,7876,5798,9510,7002,6657,33,29
2021-07-22T23:59:59+02:00,92,101,2498,2413,7206,5328,7260,5035,6599,7060,5008,5367,2633,2764,3198,3253,2735,5159,1398,1340,4347,3389,4778,3487,4733,5369,3809,4289,1976,2241,2350,2514,1971,3831,50717,33215,7858,5652,9499,6933,6550,33,29
2021-07-21T23:59:59+02:00,91,97,2466,2395,7139,5292,7201,4995,6539,7022,4987,5341,2626,2758,3197,3250,2735,5157,1369,1298,4226,3307,4637,3428,4625,5261,3738,4246,1964,2229,2347,2513,1971,3829,50460,32753,7807,5442,9493,6872,6441,33,29
2021-07-20T23:59:59+02:00,90,96,2445,2367,7084,5261,7165,4964,6502,6978,4957,5323,2623,2754,3197,3250,2735,5157,1334,1269,4109,3242,4549,3379,4536,5183,3683,4215,1962,2220,2346,2512,1971,3828,50207,32294,7797,5370,9491,6822,6365,33,29
2021-07-19T23:59:59+02:00,89,96,2423,2342,7031,5220,7115,4943,6464,6946,4936,5308,2619,2749,3196,3246,2735,5156,1314,1247,4035,3195,4467,3346,4458,5119,3649,4192,1958,2214,2342,2509,1970,3828,49928,31996,7785,5253,9490,6779,6322,33,29
2021-07-18T23:59:59+02:00,89,94,2395,2315,6962,5177,7075,4913,6427,6906,4918,5298,2612,2743,3194,3246,2734,5155,1298,1227,3990,3155,4428,3316,4409,5099,3613,4177,1952,2204,2341,2509,1970,3826,49617,31797,7770,5179,9486,6753,6289,33,28
2021-07-17T23:59:59+02:00,87,90,2379,2301,6943,5164,7056,4895,6407,6889,4898,5287,2608,2742,3194,3245,2734,5154,1287,1214,3956,3121,4386,3296,4369,5067,3585,4165,1946,2201,2341,2507,1970,3826,49504,31639,7761,5125,9485,6745,6231,33,28
2021-07-16T23:59:59+02:00,87,87,2339,2274,6880,5130,6996,4861,6363,6847,4866,5259,2601,2736,3192,3244,2734,5154,1249,1192,3854,3071,4294,3254,4281,5008,3524,4118,1932,2190,2335,2505,1970,3825,49322,31294,7734,5098,9472,6676,6028,33,28
2021-07-15T23:59:59+02:00,84,82,2297,2243,6804,5092,6934,4819,6313,6793,4849,5232,2598,2730,3189,3241,2734,5154,1197,1160,3656,2961,4113,3150,4128,4910,3462,4056,1923,2181,2332,2500,1970,3825,48981,30606,7716,4871,9466,6609,5926,33,28
2021-07-14T23:59:59+02:00,82,80,2260,2225,6733,5057,6859,4785,6258,6749,4828,5209,2590,2724,3186,3239,2734,5154,1149,1123,3541,2875,4011,3088,4024,4840,3419,4011,1910,2173,2331,2497,1970,3825,48663,30138,7702,4774,9463,6536,5823,33,28
2021-07-13T23:59:59+02:00,79,74,2229,2194,6675,5026,6794,4749,6216,6703,4805,5191,2582,2719,3184,3239,2734,5154,1115,1092,3442,2798,3887,3022,3935,4753,3365,3949,1883,2166,2328,2492,1969,3823,48339,29662,7695,4641,9462,6442,5750,32,28
2021-07-12T23:59:59+02:00,73,72,2201,2168,6606,4982,6725,4703,6165,6664,4780,5164,2577,2716,3181,3238,2734,5154,1085,1071,3344,2723,3775,2956,3832,4671,3314,3901,1872,2155,2323,2482,1969,3823,47994,29218,7682,4522,9458,6362,5666,32,27
2021-07-11T23:59:59+02:00,69,71,2190,2153,6570,4964,6695,4682,6135,6647,4771,5155,2574,2711,3179,3238,2733,5154,1076,1055,3302,2683,3717,2927,3779,4644,3292,3886,1863,2143,2320,2478,1969,3823,47883,29044,7662,4489,9456,6306,5586,32,27
2021-07-10T23:59:59+02:00,68,70,2167,2119,6491,4913,6632,4649,6085,6610,4745,5144,2571,2708,3179,3235,2733,5153,1059,1037,3248,2641,3672,2897,3739,4613,3276,3874,1857,2136,2320,2476,1969,3823,47626,28869,7640,4488,9441,6289,5457,32,27
2021-07-09T23:59:59+02:00,67,68,2144,2096,6418,4872,6582,4624,6036,6575,4727,5123,2569,2703,3178,3234,2733,5153,1039,1020,3191,2596,3621,2862,3690,4578,3248,3847,1854,2121,2318,2475,1969,3823,47397,28661,7606,4458,9434,6235,5352,32,27
2021-07-08T23:59:59+02:00,63,65,2089,2049,6319,4806,6478,4567,5969,6510,4691,5089,2562,2694,3175,3230,2733,5153,966,968,3027,2508,3428,2790,3516,4484,3173,3779,1837,2105,2316,2466,1968,3822,47067,28178,7529,4170,9400,6112,5130,32,27
2021-07-07T23:59:59+02:00,63,64,2019,2004,6196,4730,6372,4511,5895,6451,4655,5041,2556,2684,3170,3225,2733,5153,915,933,2879,2429,3259,2712,3359,4377,3116,3715,1819,2076,2308,2458,1968,3820,46562,27633,7482,3930,9381,6032,4976,32,27
2021-07-06T23:59:59+02:00,61,64,1974,1967,6083,4675,6281,4468,5840,6382,4611,5005,2550,2678,3167,3221,2733,5153,878,897,2767,2332,3167,2651,3284,4283,3057,3661,1794,2045,2303,2451,1968,3820,46117,27129,7436,3828,9365,5949,4873,32,27
2021-07-05T23:59:59+02:00,59,64,1902,1918,5937,4599,6169,4428,5770,6328,4569,4966,2546,2671,3165,3219,2733,5151,833,856,2659,2258,3090,2603,3205,4212,3009,3607,1773,2026,2296,2442,1967,3817,45634,26751,7396,3757,9340,5865,4697,32,27
2021-07-04T23:59:59+02:00,59,63,1857,1881,5850,4558,6124,4398,5729,6308,4551,4945,2544,2669,3165,3217,2733,5150,795,832,2598,2208,3053,2579,3175,4179,2986,3584,1758,2002,2293,2441,1966,3817,45427,26616,7357,3701,9312,5787,4576,32,27
2021-07-03T23:59:59+02:00,56,51,1755,1804,5640,4403,5975,4309,5642,6217,4503,4908,2542,2666,3165,3213,2733,5150,754,807,2533,2161,3003,2557,3137,4133,2955,3554,1752,1995,2292,2437,1966,3815,44601,26442,7324,3699,9304,5758,4364,32,27
2021-07-02T23:59:59+02:00,50,43,1716,1761,5563,4358,5929,4275,5622,6191,4490,4890,2541,2660,3164,3212,2732,5150,733,780,2463,2113,2933,2518,3093,4085,2925,3514,1734,1978,2288,2431,1966,3813,44327,26159,7290,3673,9299,5659,4286,32,27
2021-07-01T23:59:59+02:00,43,37,1669,1725,5456,4288,5840,4227,5544,6119,4462,4860,2537,2655,3163,3211,2732,5149,666,741,2274,2037,2745,2433,2918,3972,2826,3427,1705,1954,2279,2418,1965,3811,43912,25400,7230,3469,9284,5553,4144,32,27
2021-06-30T23:59:59+02:00,43,35,1619,1675,5339,4202,5741,4182,5485,6070,4450,4836,2533,2648,3161,3208,2732,5149,630,705,2172,1972,2634,2381,2810,3884,2764,3351,1685,1924,2270,2406,1964,3810,43489,24940,7171,3354,9268,5429,4029,32,27
2021-06-29T23:59:59+02:00,42,32,1564,1598,5229,4113,5646,4128,5431,6010,4423,4808,2528,2643,3160,3207,2731,5148,602,665,2094,1894,2555,2318,2711,3767,2702,3300,1669,1890,2257,2392,1963,3807,42969,24455,7141,3280,9260,5319,3915,32,27
2021-06-28T23:59:59+02:00,40,30,1529,1540,5115,4053,5578,4073,5386,5967,4395,4783,2524,2635,3159,3205,2731,5148,585,641,1997,1830,2478,2263,2640,3685,2656,3253,1651,1871,2249,2386,1963,3804,42572,24139,7080,3141,9248,5223,3829,32,27
2021-06-27T23:59:59+02:00,40,29,1499,1514,5066,4012,5531,4043,5344,5948,4384,4773,2522,2631,3159,3204,2731,5148,566,624,1946,1785,2440,2243,2595,3647,2626,3236,1641,1857,2248,2376,1963,3804,42389,23994,7043,3086,9228,5139,3756,32,27
2021-06-26T23:59:59+02:00,31,24,1467,1486,4995,3966,5438,3999,5303,5913,4363,4759,2522,2629,3159,3202,2731,5148,560,615,1914,1765,2405,2225,2574,3625,2605,3215,1619,1847,2247,2374,1963,3804,42027,23779,6958,3083,9228,5115,3756,31,27
2021-06-25T23:59:59+02:00,25,16,1434,1446,4887,3891,5386,3971,5268,5887,4338,4748,2518,2626,3157,3201,2731,5148,551,590,1867,1743,2345,2158,2479,3486,2560,3115,1611,1826,2243,2370,1961,3803,41604,23329,6925,3057,9227,4935,3754,31,27
2021-06-24T23:59:59+02:00,18,13,1383,1397,4706,3779,5260,3920,5172,5845,4295,4717,2514,2623,3157,3200,2730,5148,512,568,1756,1678,2177,2092,2317,3408,2450,3020,1578,1803,2233,2364,1960,3800,40969,22822,6872,2750,9219,4851,3645,31,27
2021-06-23T23:59:59+02:00,18,13,1352,1364,4623,3726,5176,3869,5119,5800,4271,4682,2504,2616,3153,3198,2729,5148,478,551,1691,1621,2077,2045,2201,3316,2348,2929,1555,1779,2227,2357,1959,3798,40546,22284,6819,2677,9214,4707,3610,31,27
2021-06-22T23:59:59+02:00,17,13,1325,1345,4550,3662,5094,3823,5072,5754,4243,4655,2500,2610,3153,3197,2728,5148,464,533,1635,1580,1993,1993,2121,3207,2246,2836,1542,1755,2218,2345,1959,3794,40139,21868,6773,2560,9210,4549,3585,31,26
2021-06-21T23:59:59+02:00,17,13,1297,1305,4436,3579,5013,3778,5008,5692,4216,4637,2496,2597,3152,3192,2727,5146,448,519,1601,1546,1959,1952,2071,3127,2180,2758,1519,1719,2196,2322,1959,3790,39626,21582,6730,2464,9207,4405,3552,31,26
2021-06-20T23:59:59+02:00,16,11,1274,1274,4366,3518,4969,3760,4973,5673,4193,4625,2492,2595,3151,3192,2726,5146,432,504,1569,1517,1935,1928,2040,3102,2132,2718,1512,1705,2194,2316,1959,3789,39350,21402,6700,2427,9195,4342,3517,31,25
2021-06-19T23:59:59+02:00,15,11,1263,1255,4326,3488,4949,3734,4941,5650,4176,4616,2489,2593,3151,3191,2725,5146,427,500,1552,1500,1919,1901,2027,3079,2109,2683,1504,1697,2191,2313,1957,3788,39190,21249,6639,2398,9195,4333,3497,31,25
2021-06-18T23:59:59+02:00,11,8,1246,1235,4257,3448,4899,3697,4892,5611,4152,4604,2485,2589,3150,3189,2725,5146,414,490,1531,1483,1894,1869,1982,3030,2054,2623,1490,1682,2191,2308,1956,3785,38875,20937,6592,2395,9195,4291,3483,31,25
2021-06-17T23:59:59+02:00,9,7,1202,1200,4097,3378,4712,3623,4720,5520,4092,4560,2479,2586,3150,3188,2724,5146,381,473,1433,1450,1720,1807,1821,2937,1954,2544,1467,1660,2180,2296,1954,3783,38276,20474,6532,2291,9187,4214,3197,29,25
2021-06-16T23:59:59+02:00,9,7,1179,1167,3997,3295,4616,3573,4616,5452,4047,4531,2471,2582,3149,3184,2723,5145,366,452,1375,1414,1658,1776,1740,2858,1892,2471,1452,1634,2168,2283,1954,3779,37803,20078,6410,2223,9178,4137,3145,29,25
2021-06-15T23:59:59+02:00,9,7,1147,1134,3860,3213,4547,3517,4541,5379,4006,4499,2462,2575,3144,3182,2723,5144,356,429,1325,1367,1611,1735,1671,2800,1823,2403,1435,1604,2163,2269,1953,3778,37264,19758,6373,2138,9166,4065,3068,29,25
2021-06-14T23:59:59+02:00,9,5,1121,1102,3769,3161,4463,3461,4464,5309,3954,4466,2458,2565,3144,3178,2722,5143,346,416,1286,1334,1566,1704,1625,2744,1765,2351,1423,1578,2158,2262,1952,3776,36811,19517,6285,2071,9160,3987,3014,28,25
2021-06-13T23:59:59+02:00,9,5,1106,1088,3719,3121,4406,3418,4415,5272,3935,4451,2457,2559,3143,3177,2722,5141,340,409,1253,1318,1531,1679,1582,2709,1728,2311,1408,1557,2152,2251,1952,3774,36555,19334,6249,2049,9155,3912,2957,28,25
2021-06-12T23:59:59+02:00,9,4,1089,1067,3691,3095,4378,3397,4399,5258,3919,4441,2454,2556,3142,3176,2722,5140,336,408,1245,1301,1509,1658,1556,2690,1682,2290,1397,1546,2140,2248,1952,3774,36370,19175,6237,2049,9155,3855,2945,28,25
2021-06-11T23:59:59+02:00,8,4,1072,1056,3652,3051,4304,3369,4360,5223,3893,4430,2453,2552,3141,3174,2722,5139,326,396,1224,1268,1484,1638,1511,2640,1626,2243,1387,1531,2138,2243,1952,3773,36084,18925,6210,2041,9151,3779,2922,28,25
2021-06-10T23:59:59+02:00,7,4,1013,1014,3534,2971,4175,3288,4259,5156,3837,4395,2450,2544,3139,3172,2721,5139,310,384,1164,1232,1419,1579,1446,2570,1539,2137,1354,1499,2133,2233,1951,3770,35512,18501,6079,2034,9133,3623,2843,28,25
2021-06-09T23:59:59+02:00,7,2,964,982,3406,2877,4036,3230,4166,5078,3793,4353,2446,2538,3136,3169,2721,5139,292,368,1103,1198,1352,1551,1384,2490,1463,2064,1328,1441,2125,2219,1950,3767,35027,18184,5913,1982,9130,3492,2713,28,25
2021-06-08T23:59:59+02:00,6,2,916,943,3277,2793,3913,3145,4066,4994,3737,4326,2439,2533,3133,3166,2720,5137,280,348,1059,1159,1295,1520,1331,2432,1416,1991,1304,1406,2114,2201,1946,3763,34478,17948,5777,1936,9120,3355,2598,28,24
2021-06-07T23:59:59+02:00,5,2,888,917,3173,2719,3781,3109,3942,4921,3687,4299,2425,2527,3132,3164,2720,5135,271,341,1013,1120,1241,1499,1285,2379,1347,1938,1289,1386,2098,2184,1945,3755,34101,17778,5598,1901,9113,3225,2452,28,24
2021-06-06T23:59:59+02:00,5,2,869,907,3115,2679,3694,3064,3871,4891,3654,4286,2422,2521,3130,3163,2718,5134,264,328,999,1095,1210,1470,1262,2321,1317,1879,1273,1370,2091,2177,1943,3752,33888,17674,5466,1853,9107,3111,2373,28,24
2021-06-05T23:59:59+02:00,5,2,854,889,3045,2621,3650,3036,3834,4868,3641,4283,2421,2519,3130,3162,2718,5133,259,321,983,1074,1189,1450,1238,2293,1282,1858,1255,1346,2089,2173,1943,3752,33620,17514,5461,1849,9101,3062,2335,28,23
2021-06-04T23:59:59+02:00,3,2,831,873,2993,2572,3576,2995,3765,4815,3613,4264,2417,2516,3127,3162,2718,5133,249,314,964,1044,1169,1436,1204,2259,1250,1823,1237,1322,2079,2168,1943,3750,33299,17357,5416,1844,9098,3004,2260,28,23
2021-06-03T23:59:59+02:00,3,2,786,842,2843,2477,3396,2892,3587,4700,3521,4192,2409,2506,3123,3157,2718,5133,238,301,934,1010,1114,1385,1138,2168,1191,1760,1201,1277,2069,2154,1943,3748,32629,17139,5188,1829,9084,2841,2067,28,23
2021-06-02T23:59:59+02:00,3,2,758,835,2771,2403,3332,2841,3524,4635,3478,4165,2407,2502,3123,3156,2718,5133,224,297,914,981,1063,1357,1090,2124,1139,1711,1186,1238,2065,2151,1943,3748,32277,16925,5170,1815,9084,2804,1925,28,23
2021-06-01T23:59:59+02:00,3,2,713,807,2614,2294,3143,2741,3348,4520,3414,4105,2396,2494,3120,3150,2718,5133,211,284,837,934,965,1294,1005,2008,1084,1638,1153,1182,2056,2139,1941,3743,31673,16648,4953,1776,9075,2611,1664,28,23
2021-05-31T23:59:59+02:00,3,2,679,785,2489,2214,3005,2650,3235,4422,3356,4057,2390,2481,3118,3145,2718,5132,197,272,790,894,899,1247,956,1929,1042,1580,1131,1151,2050,2134,1939,3741,31285,16477,4726,1761,9058,2478,1453,28,23
2021-05-30T23:59:59+02:00,3,2,669,775,2435,2165,2932,2613,3180,4379,3336,4035,2386,2476,3117,3144,2717,5130,188,256,752,858,848,1202,913,1866,1019,1528,1117,1135,2044,2124,1939,3739,31136,16382,4664,1751,9048,2323,1284,28,23
2021-05-29T23:59:59+02:00,3,1,667,773,2421,2148,2909,2601,3163,4361,3326,4026,2385,2475,3117,3144,2717,5130,185,246,746,848,830,1178,896,1815,1004,1492,1103,1116,2043,2116,1938,3739,31012,16287,4662,1751,9046,2184,1283,28,23
2021-05-28T23:59:59+02:00,3,1,660,763,2391,2113,2865,2576,3138,4343,3314,4010,2385,2471,3115,3138,2717,5130,182,238,735,837,820,1158,886,1775,969,1450,1080,1087,2040,2108,1937,3737,30788,16110,4652,1749,9043,2108,1279,28,23
2021-05-27T23:59:59+02:00,3,1,617,744,2265,2059,2733,2505,3005,4266,3232,3957,2376,2457,3114,3136,2717,5127,168,222,672,789,745,1103,807,1677,904,1364,1058,1056,2026,2087,1936,3735,30312,15897,4522,1709,9010,1859,1085,28,22
2021-05-26T23:59:59+02:00,3,1,588,719,2167,1995,2575,2446,2880,4201,3177,3905,2365,2445,3109,3129,2714,5121,162,208,635,750,699,1067,761,1608,858,1307,1041,1027,2007,2054,1931,3729,29917,15668,4293,1696,8982,1725,954,28,22
2021-05-25T23:59:59+02:00,3,1,566,704,2085,1940,2475,2406,2774,4118,3128,3870,2352,2436,3106,3124,2713,5117,154,200,616,720,668,1034,716,1549,808,1246,1018,1004,1979,2020,1930,3725,29573,15445,4115,1659,8942,1591,890,27,21
2021-05-24T23:59:59+02:00,3,1,553,683,2032,1900,2400,2375,2706,4065,3075,3829,2340,2428,3100,3123,2710,5116,150,192,597,702,641,1002,678,1487,784,1192,997,987,1973,2016,1925,3724,29392,15340,3946,1646,8906,1467,791,27,21
2021-05-23T23:59:59+02:00,3,1,550,681,2019,1889,2388,2361,2696,4052,3064,3815,2336,2425,3100,3121,2710,5116,149,191,593,696,634,998,662,1474,773,1184,992,981,1968,2012,1923,3720,29284,15262,3943,1639,8905,1457,789,27,21
2021-05-22T23:59:59+02:00,3,1,545,672,1996,1871,2357,2346,2672,4022,3035,3787,2327,2420,3098,3118,2710,5115,146,183,586,691,630,988,649,1468,767,1175,979,974,1960,1997,1923,3720,29059,15192,3942,1639,8903,1419,780,27,21
2021-05-21T23:59:59+02:00,3,1,533,654,1916,1840,2270,2302,2608,3972,2992,3740,2320,2407,3095,3117,2710,5113,146,180,581,684,618,979,636,1456,747,1155,962,945,1948,1991,1923,3719,28598,15091,3915,1638,8886,1358,777,27,21
2021-05-20T23:59:59+02:00,3,1,495,634,1784,1772,2142,2228,2485,3879,2908,3654,2301,2393,3086,3109,2708,5110,139,171,553,649,585,939,608,1398,716,1092,936,911,1936,1976,1921,3716,27938,14957,3800,1622,8813,1152,705,27,21
2021-05-19T23:59:59+02:00,3,1,455,599,1678,1699,2006,2163,2349,3783,2805,3560,2282,2374,3079,3102,2702,5109,126,163,526,629,553,905,578,1347,689,1031,915,890,1916,1946,1914,3712,27207,14781,3729,1601,8771,1056,587,27,21
2021-05-18T23:59:59+02:00,3,0,433,577,1604,1639,1909,2104,2237,3661,2709,3463,2270,2354,3071,3094,2701,5105,118,156,502,609,531,872,561,1270,671,969,898,863,1903,1926,1910,3705,26708,14646,3557,1561,8716,950,488,27,21
2021-05-17T23:59:59+02:00,3,0,412,565,1549,1604,1856,2052,2161,3552,2656,3390,2251,2334,3060,3086,2699,5100,113,148,482,595,521,837,548,1206,659,914,880,829,1898,1915,1909,3700,26405,14558,3410,1525,8650,852,396,27,20
2021-05-16T23:59:59+02:00,3,0,408,564,1521,1575,1825,2029,2119,3501,2598,3333,2237,2325,3057,3082,2699,5099,110,146,474,576,512,821,534,1156,639,872,851,798,1892,1910,1909,3699,26225,14498,3342,1488,8613,763,323,27,20
2021-05-15T23:59:59+02:00,3,0,403,560,1495,1558,1807,2010,2099,3478,2574,3295,2230,2325,3056,3079,2698,5099,109,143,472,575,512,820,529,1152,631,864,847,796,1888,1907,1909,3699,26028,14466,3342,1487,8607,755,318,25,20
2021-05-14T23:59:59+02:00,3,0,390,548,1466,1528,1767,1967,2020,3406,2521,3247,2220,2313,3053,3079,2696,5099,107,140,470,559,494,795,509,1121,617,848,834,782,1881,1898,1909,3698,25650,14407,3300,1471,8585,654,300,25,20
2021-05-13T23:59:59+02:00,2,0,369,532,1409,1479,1665,1924,1904,3318,2452,3157,2193,2295,3044,3073,2694,5093,102,137,458,551,484,780,503,1106,606,835,807,752,1866,1873,1908,3692,25208,14323,3084,1419,8533,614,273,25,18
2021-05-12T23:59:59+02:00,1,0,362,528,1391,1471,1648,1915,1883,3294,2437,3140,2190,2288,3038,3070,2694,5092,102,135,455,551,483,773,499,1101,603,829,799,738,1862,1865,1906,3692,25075,14269,3063,1409,8527,613,270,24,18
2021-05-11T23:59:59+02:00,1,0,342,508,1324,1434,1551,1878,1774,3198,2335,3063,2173,2260,3029,3059,2690,5091,96,125,440,523,464,746,479,1070,569,807,773,705,1850,1854,1904,3688,24666,14150,2896,1369,8416,525,214,24,18
2021-05-10T23:59:59+02:00,1,0,327,492,1286,1404,1500,1849,1709,3140,2276,2992,2160,2245,3020,3050,2689,5087,96,122,434,516,455,726,472,1046,564,784,759,687,1844,1847,1902,3684,24395,14085,2821,1361,8301,471,186,24,17
2021-05-09T23:59:59+02:00,1,0,321,482,1245,1384,1476,1832,1663,3104,2210,2947,2149,2231,3017,3044,2689,5082,93,119,425,507,447,720,462,1037,553,770,745,677,1837,1842,1901,3681,24164,14039,2767,1354,8252,422,163,24,16
2021-05-08T23:59:59+02:00,1,0,315,479,1236,1365,1446,1813,1633,3078,2158,2929,2142,2223,3015,3043,2687,5081,92,119,424,506,445,719,461,1032,553,764,740,676,1831,1832,1901,3681,23935,14020,2763,1346,8248,409,162,24,16
2021-05-07T23:59:59+02:00,1,0,305,472,1209,1338,1397,1793,1575,3015,2103,2881,2133,2213,3014,3038,2685,5076,89,116,412,493,435,692,448,997,530,739,734,651,1810,1818,1901,3677,23659,13949,2734,1321,8184,305,128,24,14
2021-05-06T23:59:59+02:00,1,0,288,459,1121,1301,1279,1730,1436,2904,1963,2789,2094,2180,3010,3025,2684,5072,87,110,399,479,423,675,436,975,511,718,720,633,1793,1802,1897,3670,23156,13869,2543,1300,7976,220,100,22,13
2021-05-05T23:59:59+02:00,1,0,273,445,1081,1275,1235,1694,1368,2839,1874,2706,2070,2147,2996,3010,2684,5061,87,106,391,470,418,663,429,964,504,700,699,620,1767,1780,1897,3667,22699,13782,2483,1277,7916,172,93,22,12
2021-05-04T23:59:59+02:00,1,0,265,434,1046,1252,1196,1673,1324,2792,1815,2640,2050,2112,2986,2996,2674,5048,83,102,384,459,415,658,419,944,495,680,682,597,1749,1754,1893,3667,22354,13681,2420,1244,7870,131,87,22,11
2021-05-03T23:59:59+02:00,1,0,260,426,1015,1230,1161,1656,1295,2758,1768,2603,2033,2083,2973,2987,2672,5042,78,96,372,453,407,650,415,936,487,673,664,586,1722,1726,1891,3663,22103,13576,2396,1234,7822,110,60,22,10
2021-05-02T23:59:59+02:00,1,0,254,424,1001,1218,1133,1640,1269,2744,1753,2579,2025,2068,2968,2984,2670,5039,76,96,366,450,403,645,411,930,484,667,656,573,1699,1712,1891,3662,21977,13530,2379,1211,7782,96,45,22,10
2021-05-01T23:59:59+02:00,1,0,250,420,993,1209,1122,1631,1255,2731,1736,2560,2016,2062,2965,2980,2670,5039,76,96,366,449,402,645,410,926,484,666,654,573,1699,1712,1891,3662,21843,13523,2379,1211,7782,93,45,22,10
2021-04-30T23:59:59+02:00,1,0,248,414,983,1187,1101,1611,1217,2667,1673,2500,2002,2044,2958,2975,2669,5035,75,94,365,443,399,639,409,901,479,655,647,567,1696,1706,1891,3660,21523,13507,2374,1199,7778,68,14,22,9
2021-04-29T23:59:59+02:00,1,0,234,399,935,1163,1064,1575,1169,2612,1581,2425,1950,1998,2948,2964,2664,5023,75,93,359,442,394,634,403,890,468,644,632,555,1681,1694,1885,3654,21034,13431,2338,1172,7718,47,13,22,9
2021-04-28T23:59:59+02:00,1,0,223,396,921,1148,1034,1564,1134,2574,1513,2369,1907,1936,2935,2959,2662,5020,72,92,353,439,391,625,400,880,461,630,614,537,1662,1676,1885,3652,20721,13353,2293,1127,7664,34,12,22,9
2021-04-27T23:59:59+02:00,1,0,222,389,907,1134,1018,1551,1110,2549,1490,2342,1874,1893,2929,2952,2660,5016,70,89,351,436,389,620,398,876,455,625,606,526,1650,1653,1881,3649,20518,13292,2266,1098,7629,29,12,21,9
2021-04-26T23:59:59+02:00,1,0,219,382,898,1125,1008,1538,1083,2531,1436,2292,1856,1872,2919,2941,2657,5010,70,89,347,432,389,619,392,873,451,619,597,514,1635,1638,1879,3645,20327,13247,2250,1059,7561,27,12,21,9
2021-04-25T23:59:59+02:00,1,0,219,381,890,1116,995,1530,1066,2512,1404,2257,1832,1849,2911,2934,2657,5009,69,88,346,427,386,618,390,869,449,618,594,508,1629,1628,1879,3643,20193,13228,2226,1039,7509,19,12,21,8
2021-04-24T23:59:59+02:00,1,0,215,377,879,1106,982,1516,1052,2494,1370,2235,1822,1825,2908,2928,2657,5009,69,88,346,427,385,618,390,867,448,615,593,505,1628,1625,1879,3643,20022,13221,2226,1030,7489,19,12,21,8
2021-04-23T23:59:59+02:00,1,0,211,370,868,1094,975,1506,1032,2475,1311,2188,1797,1798,2901,2922,2657,5006,68,86,346,427,385,617,389,864,445,611,586,497,1619,1616,1879,3638,19861,13195,2214,1003,7391,19,12,21,8
2021-04-22T23:59:59+02:00,1,0,209,362,842,1075,951,1483,1001,2433,1257,2123,1751,1746,2888,2902,2655,4997,68,85,344,422,379,609,386,854,440,605,575,489,1600,1602,1874,3633,19554,13121,2158,976,7313,12,12,21,8
2021-04-21T23:59:59+02:00,1,0,203,355,824,1060,927,1465,962,2396,1206,2072,1704,1677,2867,2881,2648,4989,66,83,341,420,377,606,383,849,437,598,570,483,1588,1580,1863,3628,19203,13050,2124,954,7254,12,12,21,8
2021-04-20T23:59:59+02:00,1,0,197,350,808,1036,909,1446,941,2343,1165,2019,1646,1610,2837,2855,2642,4974,65,83,339,419,373,602,378,843,437,591,563,475,1565,1547,1859,3624,18884,12965,2051,931,7184,11,12,21,8
2021-04-19T23:59:59+02:00,1,0,195,342,794,1025,895,1428,924,2310,1140,1985,1606,1564,2824,2840,2640,4969,65,82,338,417,368,597,374,834,432,580,559,469,1537,1520,1853,3611,18672,12870,2034,903,7115,8,11,20,8
2021-04-18T23:59:59+02:00,1,0,194,339,787,1016,884,1418,904,2290,1119,1965,1567,1523,2815,2833,2634,4963,64,80,337,416,368,597,373,829,431,577,556,463,1527,1514,1850,3609,18537,12840,2003,887,7043,8,11,20,8
2021-04-17T23:59:59+02:00,1,0,192,335,784,1013,878,1416,895,2285,1112,1957,1547,1496,2810,2824,2634,4963,64,77,335,411,367,597,371,825,431,574,551,457,1518,1506,1850,3606,18455,12791,2002,885,7015,8,11,20,8
2021-04-16T23:59:59+02:00,1,0,191,334,775,1007,865,1399,881,2262,1074,1918,1491,1429,2796,2809,2630,4956,59,75,332,404,366,595,366,813,424,560,525,427,1505,1484,1839,3593,18225,12684,1985,819,6936,7,11,19,7
2021-04-15T23:59:59+02:00,1,0,190,329,753,990,847,1387,856,2218,1032,1878,1439,1374,2767,2781,2615,4940,57,74,327,398,361,594,358,807,414,557,510,419,1471,1452,1827,3578,17948,12568,1968,772,6805,6,11,18,7
2021-04-14T23:59:59+02:00,1,0,189,323,744,983,840,1374,840,2184,1013,1848,1381,1327,2718,2716,2602,4924,54,70,322,395,357,589,355,799,404,543,494,401,1436,1421,1820,3559,17665,12430,1947,725,6717,6,11,16,7
2021-04-13T23:59:59+02:00,1,0,185,317,735,979,829,1363,829,2159,980,1819,1317,1252,2665,2658,2594,4909,52,70,319,392,349,583,348,791,396,535,481,393,1409,1399,1811,3548,17414,12332,1895,680,6604,5,11,15,7
2021-04-12T23:59:59+02:00,1,0,185,316,730,974,821,1351,803,2136,964,1798,1268,1216,2645,2628,2590,4895,51,66,309,385,344,577,343,783,390,528,463,383,1392,1384,1808,3540,17277,12241,1870,638,6494,5,11,13,7
2021-04-11T23:59:59+02:00,0,0,183,315,724,964,814,1346,790,2120,948,1781,1246,1185,2624,2606,2585,4888,50,64,304,383,342,575,342,779,385,520,458,374,1377,1379,1804,3533,17204,12189,1845,612,6387,4,11,13,7
2021-04-10T23:59:59+02:00,0,0,183,313,724,961,811,1345,783,2112,941,1774,1232,1170,2611,2590,2584,4888,45,59,281,370,327,560,328,767,370,510,445,367,1365,1360,1799,3527,17148,12012,1836,596,6355,4,10,13,7
2021-04-09T23:59:59+02:00,0,0,183,309,720,957,801,1322,775,2028,922,1692,1177,1099,2569,2561,2581,4880,38,57,267,355,309,548,309,753,357,494,428,358,1323,1331,1786,3513,16987,11783,1799,566,6104,4,8,11,6
2021-04-08T23:59:59+02:00,0,0,182,306,716,950,790,1314,761,2010,899,1670,1104,1017,2511,2523,2568,4870,37,55,259,341,296,540,293,737,331,476,401,335,1274,1292,1762,3479,16815,11494,1733,533,5957,4,7,11,6
2021-04-07T23:59:59+02:00,0,0,176,303,708,944,782,1300,744,1982,877,1638,1050,958,2457,2463,2559,4855,35,52,241,325,286,534,284,724,316,463,372,315,1227,1253,1743,3441,16622,11222,1688,502,5796,4,7,11,6
2021-04-06T23:59:59+02:00,0,0,172,302,702,940,768,1285,724,1959,849,1613,1016,911,2417,2413,2551,4845,33,51,240,322,282,531,274,721,306,458,361,301,1198,1223,1723,3419,16503,11088,1653,468,5617,4,7,11,6
2021-04-05T23:59:59+02:00,0,0,172,302,701,934,764,1276,715,1943,838,1598,988,885,2390,2370,2546,4837,33,51,240,318,281,527,271,714,300,456,359,294,1164,1198,1715,3400,16440,10994,1636,438,5485,4,7,11,6
2021-04-04T23:59:59+02:00,0,0,171,299,698,927,759,1265,706,1927,831,1576,973,871,2384,2364,2546,4836,33,51,240,318,280,527,271,714,299,456,357,294,1146,1185,1711,3396,16410,10950,1633,438,5393,4,7,10,6
2021-04-03T23:59:59+02:00,0,0,171,299,698,927,757,1263,705,1922,823,1573,960,862,2378,2354,2543,4835,33,51,240,318,280,527,271,713,299,454,357,294,1146,1180,1711,3393,16365,10939,1633,438,5373,4,7,10,6
2021-04-02T23:59:59+02:00,0,0,171,298,698,926,756,1260,702,1915,815,1562,948,851,2356,2332,2541,4832,33,51,237,318,278,525,268,706,292,449,352,292,1125,1152,1699,3366,16295,10820,1621,431,5346,4,7,10,6
2021-04-01T23:59:59+02:00,0,0,168,295,692,915,743,1247,696,1895,797,1541,918,815,2317,2283,2535,4813,32,50,229,315,276,521,265,699,286,444,340,284,1086,1113,1666,3323,16164,10618,1558,417,5243,4,7,10,6
2021-03-31T23:59:59+02:00,0,0,165,292,685,908,733,1231,688,1849,783,1498,902,796,2270,2219,2514,4794,32,50,228,314,271,519,260,697,276,433,325,278,1021,1060,1642,3291,16045,10406,1492,398,5085,4,6,10,6
2021-03-30T23:59:59+02:00,0,0,161,285,679,899,729,1210,677,1810,772,1454,880,778,2222,2154,2500,4772,32,49,225,311,268,516,258,691,271,425,314,272,987,1031,1620,3255,15899,10249,1445,380,4931,4,6,10,6
2021-03-29T23:59:59+02:00,0,0,158,279,673,886,723,1199,667,1778,759,1415,861,760,2147,2086,2479,4742,32,48,224,310,267,514,254,683,263,414,307,266,959,1010,1607,3228,15690,10119,1401,370,4812,4,6,10,6
2021-03-28T23:59:59+02:00,0,0,150,262,663,879,716,1190,662,1757,754,1397,854,739,2100,2042,2474,4730,32,47,221,310,263,508,250,680,261,411,305,264,948,999,1601,3220,15609,10061,1347,362,4703,4,6,10,6
2021-03-27T23:59:59+01:00,0,0,150,259,659,872,712,1186,656,1746,752,1390,843,724,2089,2028,2474,4727,32,47,221,310,263,508,249,673,258,406,303,263,941,989,1584,3196,15554,9994,1338,352,4663,4,6,10,6
2021-03-26T23:59:59+01:00,0,0,148,257,649,860,706,1170,647,1727,744,1359,824,705,2063,2003,2464,4717,32,47,221,310,262,506,249,672,252,394,298,255,909,957,1551,3147,15446,9814,1301,352,4581,4,4,10,6
2021-03-25T23:59:59+01:00,0,0,145,256,639,848,685,1149,631,1690,725,1316,804,685,2020,1960,2448,4699,32,47,218,305,261,505,243,669,250,392,290,251,870,926,1489,3068,15332,9579,1247,338,4404,3,4,9,6
2021-03-24T23:59:59+01:00,0,0,142,247,625,835,678,1135,622,1652,710,1282,779,667,1978,1916,2431,4675,32,47,216,303,259,503,241,669,244,389,283,245,825,901,1438,2975,15194,9351,1213,322,4249,2,3,9,6
2021-03-23T23:59:59+01:00,0,0,139,245,618,825,664,1123,612,1630,697,1243,761,653,1937,1885,2415,4656,31,46,214,302,257,499,234,664,241,382,273,241,800,878,1360,2877,15100,9089,1184,311,4099,2,3,9,6
2021-03-22T23:59:59+01:00,0,0,136,240,600,808,646,1104,601,1597,682,1217,750,640,1906,1860,2404,4640,31,45,213,300,255,497,233,656,240,378,270,236,773,856,1268,2771,15018,8824,1152,299,3940,2,3,8,6
2021-03-21T23:59:59+01:00,0,0,134,238,596,802,642,1101,596,1573,672,1182,744,629,1882,1853,2398,4624,31,45,212,300,254,495,232,655,238,376,268,233,767,853,1259,2762,14985,8790,1131,290,3823,2,3,8,6
2021-03-20T23:59:59+01:00,0,0,132,238,590,799,639,1098,593,1569,670,1180,739,620,1858,1831,2391,4612,31,45,212,300,253,495,231,653,235,370,266,231,758,847,1241,2748,14924,8736,1121,280,3785,2,3,8,6
2021-03-19T23:59:59+01:00,0,0,123,226,584,785,631,1092,590,1551,653,1166,704,577,1800,1789,2361,4591,30,45,212,299,252,495,230,646,232,367,264,225,732,828,1205,2695,14756,8591,1046,265,3688,2,3,7,6
2021-03-18T23:59:59+01:00,0,0,120,221,565,775,611,1060,571,1501,623,1118,668,552,1750,1741,2334,4548,30,45,210,297,250,487,230,640,228,358,262,217,714,816,1172,2652,14562,8460,984,246,3473,2,3,7,6
2021-03-17T23:59:59+01:00,0,0,114,215,554,762,599,1055,560,1488,608,1095,644,528,1705,1706,2313,4509,30,44,210,296,249,484,229,639,227,355,261,215,702,804,1137,2605,14359,8343,934,240,3418,2,3,6,6
2021-03-16T23:59:59+01:00,0,0,109,209,542,750,586,1043,548,1446,592,1067,626,504,1651,1651,2291,4473,30,43,210,294,249,479,228,637,225,354,257,215,686,785,1107,2550,14181,8208,881,237,3276,2,2,6,6
2021-03-15T23:59:59+01:00,0,0,105,202,528,735,574,1019,537,1412,577,1029,606,485,1609,1613,2269,4449,29,43,209,291,249,476,226,635,223,354,249,211,667,773,1082,2514,14025,8105,826,223,3144,2,0,6,6
2021-03-14T23:59:59+01:00,0,0,101,190,519,720,563,997,529,1367,560,984,588,470,1580,1592,2253,4424,29,43,209,289,248,475,225,630,222,349,247,207,663,766,1074,2499,13918,8078,791,194,2969,2,0,6,6
2021-03-13T23:59:59+01:00,0,0,97,180,493,699,534,971,501,1344,537,963,561,461,1554,1567,2245,4416,29,43,209,289,248,475,224,630,222,348,246,207,658,756,1044,2470,13694,8000,777,193,2877,2,0,6,6
2021-03-12T23:59:59+01:00,0,0,88,174,467,670,514,943,477,1309,511,927,531,440,1499,1520,2222,4377,29,43,209,288,248,474,224,630,222,347,242,205,645,744,1019,2443,13389,7912,748,193,2747,2,0,6,5
2021-03-11T23:59:59+01:00,0,0,82,163,436,633,479,911,439,1230,473,863,501,407,1420,1452,2174,4318,29,42,208,285,243,470,222,626,218,344,237,203,629,722,994,2402,13005,7825,695,142,2478,2,0,6,5
2021-03-10T23:59:59+01:00,0,0,80,157,412,608,460,894,421,1194,445,819,470,381,1342,1388,2135,4262,29,42,206,280,239,466,219,620,218,342,232,200,610,714,971,2362,12663,7715,662,125,2336,2,0,6,5
2021-03-09T23:59:59+01:00,0,0,79,153,401,588,434,865,408,1144,427,788,448,362,1290,1355,2094,4217,29,42,205,277,237,458,216,616,214,338,230,199,599,707,952,2331,12438,7633,635,106,2160,2,0,6,5
2021-03-08T23:59:59+01:00,0,0,76,148,387,570,415,847,396,1091,416,746,432,347,1232,1319,2070,4179,29,42,205,276,234,452,212,611,210,334,228,198,586,702,942,2320,12248,7581,598,90,2002,1,0,6,4
2021-03-07T23:59:59+01:00,0,0,73,144,384,560,407,831,384,1077,409,740,429,342,1219,1299,2061,4170,29,42,204,275,234,450,210,610,210,333,227,197,582,699,934,2313,12181,7551,571,88,1950,0,0,6,4
2021-03-06T23:59:59+01:00,0,0,73,137,381,555,400,810,375,1022,401,706,427,341,1212,1288,2046,4155,29,42,204,275,233,449,210,609,210,333,227,197,579,699,932,2300,12123,7543,571,75,1806,0,0,6,4
2021-03-05T23:59:59+01:00,0,0,73,132,377,549,396,804,372,1005,389,680,415,327,1172,1246,2002,4096,29,42,203,274,232,448,209,607,209,330,225,196,574,698,924,2279,11907,7519,549,49,1743,0,0,6,4
2021-03-04T23:59:59+01:00,0,0,73,121,368,516,382,771,352,963,375,650,398,325,1120,1196,1918,4000,28,42,201,269,230,441,207,596,206,329,224,195,572,695,921,2276,11604,7471,516,48,1569,0,0,6,4
2021-03-03T23:59:59+01:00,0,0,68,114,359,500,374,754,347,941,361,630,388,317,1075,1162,1848,3878,28,42,201,268,229,439,204,586,206,322,223,192,567,692,914,2270,11328,7427,489,43,1457,0,0,5,4
2021-03-02T23:59:59+01:00,0,0,65,108,349,487,361,736,336,920,353,602,375,310,1040,1132,1750,3757,27,42,201,268,229,432,199,579,204,319,221,192,565,684,907,2257,11004,7368,465,43,1363,0,0,5,4
2021-03-01T23:59:59+01:00,0,0,64,106,343,473,354,716,325,895,346,568,370,306,1013,1100,1632,3602,27,41,200,267,227,423,197,571,204,315,220,192,562,677,898,2249,10662,7311,444,43,1255,0,0,5,4
2021-02-28T23:59:59+01:00,0,0,64,104,336,464,351,708,323,871,341,548,365,294,1004,1096,1622,3590,27,41,199,266,226,423,197,571,204,315,219,192,561,673,895,2246,10616,7296,433,43,1178,0,0,5,4
2021-02-27T23:59:59+01:00,0,0,61,95,332,455,347,704,317,858,337,538,361,290,995,1085,1600,3568,27,41,199,265,226,422,196,570,203,314,219,192,561,673,895,2246,10545,7295,421,38,1121,0,0,5,4
2021-02-26T23:59:59+01:00,0,0,59,92,325,431,322,673,297,827,324,517,357,286,970,1065,1558,3506,27,40,199,264,226,420,194,567,200,312,219,192,561,673,894,2243,10384,7277,418,38,946,0,0,5,3
2021-02-25T23:59:59+01:00,0,0,52,79,312,412,311,643,291,798,309,491,347,276,951,1046,1520,3460,27,40,198,261,222,417,191,559,195,311,214,189,550,665,883,2237,10231,7215,404,28,798,0,0,5,3
2021-02-24T23:59:59+01:00,0,0,48,74,303,400,304,630,286,783,305,481,341,275,931,1034,1473,3401,26,40,196,259,219,404,189,551,192,306,212,186,544,659,881,2224,10083,7150,390,20,728,0,0,5,3
2021-02-23T23:59:59+01:00,0,0,45,65,290,384,296,611,280,764,295,471,334,273,902,1015,1432,3328,25,40,195,257,217,399,188,545,188,303,211,185,542,648,875,2204,9906,7087,371,16,636,0,0,5,3
2021-02-22T23:59:59+01:00,0,0,42,62,283,372,292,600,276,753,291,467,327,266,880,1000,1402,3292,25,38,191,254,214,386,180,535,183,300,207,182,530,640,868,2187,9784,6995,355,5,593,0,0,4,3
2021-02-21T23:59:59+01:00,0,0,41,61,278,364,290,591,272,745,284,463,324,264,875,995,1395,3283,25,37,190,252,213,384,180,526,183,299,207,182,526,639,860,2174,9758,6950,347,5,543,0,0,4,3
2021-02-20T23:59:59+01:00,0,0,40,61,275,363,290,588,271,739,281,455,323,264,862,983,1362,3252,25,37,190,252,213,384,180,526,182,298,207,182,525,639,858,2173,9672,6944,336,5,521,0,0,4,3
2021-02-19T23:59:59+01:00,0,0,39,61,271,358,284,565,261,713,276,441,319,259,839,966,1328,3222,25,36,190,252,212,383,180,525,181,298,206,181,520,638,853,2156,9566,6909,321,5,432,0,0,3,3
2021-02-18T23:59:59+01:00,0,0,39,57,253,337,275,544,252,692,259,413,315,250,827,945,1302,3190,24,35,186,245,210,377,176,509,179,287,203,176,505,624,816,2089,9472,6714,295,5,298,0,0,3,3
2021-02-17T23:59:59+01:00,0,0,39,55,246,331,272,530,247,679,256,391,310,245,807,934,1273,3143,22,33,183,240,202,362,172,492,174,275,195,172,494,609,797,2050,9339,6543,285,4,244,0,0,3,3
2021-02-16T23:59:59+01:00,0,0,38,50,235,319,269,519,241,664,249,384,305,243,796,923,1247,3111,20,33,174,232,194,343,166,480,170,261,192,165,461,578,762,1982,9244,6283,277,4,180,0,0,3,3
2021-02-15T23:59:59+01:00,0,0,37,49,229,316,262,506,237,658,246,376,301,242,777,914,1235,3092,19,31,168,226,189,335,161,469,164,254,182,159,431,549,726,1911,9179,6044,263,4,143,0,0,3,3
2021-02-14T23:59:59+01:00,0,0,35,49,226,313,260,500,235,652,246,372,301,238,770,908,1226,3073,18,31,166,223,185,330,160,457,162,251,181,156,423,540,708,1868,9156,5928,230,4,125,0,0,3,3
2021-02-13T23:59:59+01:00,0,0,34,49,226,313,258,500,235,651,246,372,301,238,768,907,1225,3073,18,31,164,222,182,330,159,455,161,248,179,153,418,537,700,1853,9150,5881,230,1,123,0,0,3,3
2021-02-12T23:59:59+01:00,0,0,33,47,223,307,255,491,231,640,243,365,300,237,762,906,1222,3063,18,31,162,219,181,329,157,453,159,247,177,149,414,521,669,1787,9121,5744,230,1,79,0,0,3,3
2021-02-11T23:59:59+01:00,0,0,32,46,215,288,248,475,224,616,230,351,296,236,754,889,1197,3030,18,30,146,199,173,298,146,406,152,225,160,133,368,472,606,1619,9049,5217,163,1,18,0,0,3,3
2021-02-10T23:59:59+01:00,0,0,31,46,212,281,245,468,220,607,227,344,292,236,742,886,1189,3020,17,27,133,176,157,260,127,356,141,200,144,125,341,441,544,1494,8994,4742,146,1,7,0,0,3,1
2021-02-09T23:59:59+01:00,0,0,30,44,211,278,243,455,215,599,223,341,288,232,738,879,1180,3007,17,26,118,147,144,237,110,313,127,173,126,116,308,385,489,1336,8938,4225,122,1,3,0,0,3,1
2021-02-08T23:59:59+01:00,0,0,30,44,210,276,237,441,212,587,220,336,283,232,730,873,1174,3000,15,24,102,125,123,193,91,272,119,161,103,107,269,333,427,1200,8872,3712,107,1,3,0,0,3,1
2021-02-07T23:59:59+01:00,0,0,30,43,208,275,235,440,212,584,220,335,283,232,728,869,1169,2997,14,18,98,117,116,182,86,254,113,151,96,102,262,320,411,1150,8851,3535,104,1,0,0,0,3,1
2021-02-06T23:59:59+01:00,0,0,30,43,208,275,235,439,212,584,220,334,282,232,727,869,1168,2985,11,14,97,115,115,178,84,247,113,149,95,101,262,316,400,1135,8848,3474,90,1,0,0,0,3,1
2021-02-05T23:59:59+01:00,0,0,29,42,208,275,235,438,210,581,218,333,281,232,725,869,1156,2958,10,10,89,107,111,175,83,242,107,137,92,99,253,310,376,1106,8828,3347,55,0,0,0,0,3,1
2021-02-04T23:59:59+01:00,0,0,29,42,205,272,231,433,205,575,216,329,278,228,719,862,1147,2944,9,7,62,74,88,131,71,203,87,118,88,85,221,274,332,980,8753,2859,55,0,0,0,0,3,1
2021-02-03T23:59:59+01:00,0,0,29,41,205,270,230,421,202,569,215,326,276,226,709,859,1140,2928,6,4,45,56,69,107,53,157,74,88,63,60,166,200,251,717,8689,2139,50,0,0,0,0,3,1
2021-02-02T23:59:59+01:00,0,0,28,41,204,268,226,415,201,564,212,325,273,225,701,848,1133,2903,3,3,29,39,54,77,41,101,55,65,54,49,119,134,167,473,8609,1478,49,0,0,0,0,3,1
2021-02-01T23:59:59+01:00,0,0,27,39,202,268,223,410,198,558,208,318,271,222,694,845,1128,2891,3,1,22,21,27,45,28,62,31,34,38,31,72,86,96,284,8544,889,49,0,0,0,0,3,1
2021-01-31T23:59:59+01:00,0,0,27,39,202,266,221,406,196,550,207,317,270,222,690,841,1122,2876,3,1,20,16,18,37,21,49,23,30,35,25,57,74,93,254,8493,762,48,0,0,0,0,3,1
2021-01-30T23:59:59+01:00,0,0,27,39,202,266,221,405,195,550,207,317,270,222,689,841,1121,2874,3,1,19,15,16,37,19,45,21,29,34,24,57,71,91,248,8488,735,47,0,0,0,0,3,1
2021-01-29T23:59:59+01:00,0,0,27,39,202,263,220,404,194,549,205,315,270,222,684,838,1115,2866,3,0,16,10,11,31,18,40,17,26,34,23,54,70,89,242,8460,687,43,0,0,0,0,2,1
2021-01-28T23:59:59+01:00,0,0,27,38,195,260,220,398,193,540,202,310,269,222,672,830,1092,2846,3,0,3,3,6,18,10,22,8,12,26,16,37,47,59,171,8370,442,34,0,0,0,0,2,1
2021-01-27T23:59:59+01:00,0,0,26,36,190,255,215,389,191,526,199,300,261,217,658,813,1068,2808,1,0,2,3,5,14,9,20,7,11,25,15,31,41,49,130,8208,363,29,0,0,0,0,2,1
2021-01-26T23:59:59+01:00,0,0,23,36,187,244,209,376,186,508,196,292,255,212,636,796,1040,2757,1,0,1,3,5,14,9,20,7,11,24,12,30,37,48,113,8013,335,24,0,0,0,0,2,1
2021-01-25T23:59:59+01:00,0,0,23,35,179,242,206,366,181,498,191,281,245,207,613,776,1014,2712,1,0,1,3,4,12,8,17,7,10,21,10,26,36,40,102,7845,298,6,0,0,0,0,2,1
2021-01-24T23:59:59+01:00,0,0,22,34,177,239,203,365,180,496,190,279,245,205,609,771,1011,2707,1,0,1,3,3,12,8,17,7,10,21,10,26,36,39,100,7809,294,5,0,0,0,0,2,1
2021-01-23T23:59:59+01:00,0,0,22,34,177,239,201,365,180,495,190,279,245,205,608,771,1003,2694,1,0,1,3,3,11,8,17,6,10,21,10,26,36,39,100,7784,292,5,0,0,0,0,2,1
2021-01-22T23:59:59+01:00,0,0,21,33,175,235,200,365,180,494,189,279,245,203,606,769,975,2652,1,0,1,3,3,11,8,17,6,10,21,10,26,36,39,100,7697,292,5,0,0,0,0,2,1
2021-01-21T23:59:59+01:00,0,0,20,33,166,226,193,347,175,471,187,263,233,198,581,743,939,2599,1,0,1,3,1,6,7,12,4,6,20,8,22,26,34,83,7446,234,5,0,0,0,0,2,1
2021-01-20T23:59:59+01:00,0,0,19,31,151,200,175,305,146,415,173,239,215,187,539,697,870,2399,1,0,1,3,1,6,7,11,4,5,19,7,21,23,30,77,6826,216,4,0,0,0,0,2,1
2021-01-19T23:59:59+01:00,0,0,19,29,128,168,159,271,133,372,157,216,180,166,476,606,772,2125,1,0,1,3,1,6,5,7,2,3,11,3,10,15,21,55,6035,144,3,0,0,0,0,2,1
2021-01-18T23:59:59+01:00,0,0,16,28,113,150,137,227,115,323,140,189,142,151,386,501,636,1782,1,0,1,1,0,3,4,5,1,3,2,1,4,6,10,28,5090,70,3,0,0,0,0,2,1
2021-01-17T23:59:59+01:00,0,0,15,18,109,136,129,214,107,299,132,177,133,137,371,471,586,1680,1,0,0,0,0,1,2,4,1,2,1,1,3,1,2,5,4761,23,3,0,0,0,0,2,1
2021-01-16T23:59:59+01:00,0,0,13,14,105,133,127,209,104,289,130,171,130,133,366,463,569,1652,0,0,0,0,0,0,0,0,1,0,0,0,0,0,0,0,4655,0,0,0,0,0,0,2,1
2021-01-15T23:59:59+01:00,0,0,11,12,100,124,123,204,102,279,128,159,126,130,358,447,539,1608,0,0,0,0,0,0,0,0,1,0,0,0,0,0,0,0,4494,0,0,0,0,0,0,2,1
2021-01-14T23:59:59+01:00,0,0,9,8,75,91,104,167,84,234,111,142,114,109,306,397,474,1392,0,0,0,0,0,0,0,0,1,0,0,0,0,0,0,0,3851,0,0,0,0,0,0,2,1
2021-01-13T23:59:59+01:00,0,0,7,7,62,81,93,140,74,192,101,116,86,80,236,282,376,1062,0,0,0,0,0,0,0,0,1,0,0,0,0,0,0,0,3023,0,0,0,0,0,0,2,1
2021-01-12T23:59:59+01:00,0,0,5,5,53,62,76,110,66,135,79,92,70,64,166,202,273,743,0,0,0,0,0,0,0,0,1,0,0,0,0,0,0,0,2226,0,0,0,0,0,0,0,1
2021-01-11T23:59:59+01:00,0,0,4,3,45,49,63,81,52,108,57,65,50,43,96,123,144,417,0,0,0,0,0,0,0,0,1,0,0,0,0,0,0,0,1420,0,0,0,0,0,0,0,1
2021-01-10T23:59:59+01:00,0,0,3,3,41,37,46,67,38,86,47,56,45,33,79,109,135,363,0,0,0,0,0,0,0,0,1,0,0,0,0,0,0,0,1200,0,0,0,0,0,0,0,1
2021-01-09T23:59:59+01:00,0,0,3,2,38,36,41,64,35,76,41,51,44,33,79,107,132,361,0,0,0,0,0,0,0,0,1,0,0,0,0,0,0,0,1153,0,0,0,0,0,0,0,1
2021-01-08T23:59:59+01:00,0,0,3,2,31,28,34,57,29,63,36,45,42,30,74,104,128,350,0,0,0,0,0,0,0,0,1,0,0,0,0,0,0,0,1064,0,0,0,0,0,0,0,1
2021-01-07T23:59:59+01:00,0,0,3,2,9,3,9,20,12,28,12,22,35,21,52,69,88,248,0,0,0,0,0,0,0,0,1,0,0,0,0,0,0,0,635,0,0,0,0,0,0,0,1
2021-01-06T23:59:59+01:00,0,0,3,0,2,3,5,15,9,22,8,13,31,19,44,58,73,197,0,0,0,0,0,0,0,0,1,0,0,0,0,0,0,0,504,0,0,0,0,0,0,0,1
2021-01-05T23:59:59+01:00,0,0,2,0,1,3,5,14,9,20,8,12,30,18,43,57,70,189,0,0,0,0,0,0,0,0,1,0,0,0,0,0,0,0,483,0,0,0,0,0,0,0,1
2021-01-04T23:59:59+01:00,0,0,1,0,1,3,5,13,8,18,7,11,26,14,34,48,54,143,0,0,0,0,0,0,0,0,1,0,0,0,0,0,0,0,387,0,0,0,0,0,0,0,1
2021-01-03T23:59:59+01:00,0,0,1,0,1,3,4,13,8,18,6,11,26,14,34,48,54,142,0,0,0,0,0,0,0,0,1,0,0,0,0,0,0,0,384,0,0,0,0,0,0,0,1
2021-01-02T23:59:59+01:00,0,0,1,0,1,3,4,13,7,18,5,11,26,14,34,48,54,142,0,0,0,0,0,0,0,0,1,0,0,0,0,0,0,0,382,0,0,0,0,0,0,0,1
2021-01-01T23:59:59+01:00,0,0,1,0,1,3,4,13,7,18,5,11,26,14,34,48,54,142,0,0,0,0,0,0,0,0,1,0,0,0,0,0,0,0,382,0,0,0,0,0,0,0,1
2020-12-31T23:59:59+01:00,0,0,1,0,1,3,4,12,7,18,5,11,26,14,34,48,54,142,0,0,0,0,0,0,0,0,1,0,0,0,0,0,0,0,381,0,0,0,0,0,0,0,1
2020-12-30T23:59:59+01:00,0,0,1,0,1,3,4,12,7,17,5,11,26,14,34,48,54,142,0,0,0,0,0,0,0,0,1,0,0,0,0,0,0,0,380,0,0,0,0,0,0,0,1
2020-12-29T23:59:59+01:00,0,0,1,0,1,3,3,8,5,12,3,8,19,10,25,40,39,115,0,0,0,0,0,0,0,0,1,0,0,0,0,0,0,0,293,0,0,0,0,0,0,0,1
2020-12-28T23:59:59+01:00,0,0,1,0,1,1,1,2,3,6,2,4,11,3,8,15,24,58,0,0,0,0,0,0,0,0,1,0,0,0,0,0,0,0,141,0,0,0,0,0,0,0,1
2020-12-27T23:59:59+01:00,0,0,1,0,0,0,0,1,2,6,0,2,2,1,5,4,5,20,0,0,0,0,0,0,0,0,0,0,0,0,0,0,0,0,49,0,0,0,0,0,0,0,0
