Datum,<24_1_m,<24_1_w,25-34_1_m,25-34_1_w,35-44_1_m,35-44_1_w,45-54_1_m,45-54_1_w,55-64_1_m,55-64_1_w,65-74_1_m,65-74_1_w,75-84_1_m,75-84_1_w,>84_1_m,>84_1_w,<24_2_m,<24_2_w,25-34_2_m,25-34_2_w,35-44_2_m,35-44_2_w,45-54_2_m,45-54_2_w,55-64_2_m,55-64_2_w,65-74_2_m,65-74_2_w,75-84_2_m,75-84_2_w,>84_2_m,>84_2_w,bp_1,bp_2,mo_1,mo_2,az_1,az_2,ja
2021-05-08T23:59:59+02:00,314,477,1015,1158,1223,1759,1329,2776,1587,2485,1236,1619,1685,2056,1275,2908,89,132,382,446,389,708,371,901,391,619,408,466,989,1219,770,1918,16570,9055,1752,774,6658,338,108
2021-05-07T23:59:59+02:00,306,470,1000,1136,1185,1741,1277,2731,1554,2446,1231,1612,1684,2051,1275,2906,86,129,370,433,381,683,360,873,378,595,402,446,980,1209,770,1918,16368,9012,1727,755,6615,242,81
2021-05-06T23:59:59+02:00,295,459,947,1097,1104,1689,1171,2625,1461,2377,1210,1586,1683,2043,1275,2904,84,128,358,423,374,667,348,858,363,580,396,437,971,1199,770,1916,15966,8973,1615,742,6474,177,57
2021-05-05T23:59:59+02:00,284,452,919,1079,1070,1658,1109,2571,1406,2319,1197,1563,1678,2033,1275,2901,84,123,355,417,370,661,346,851,357,569,384,424,958,1187,770,1916,15623,8924,1589,726,6435,146,53
2021-05-04T23:59:59+02:00,277,445,895,1065,1037,1639,1067,2529,1366,2272,1185,1537,1674,2027,1275,2900,83,121,349,407,368,657,339,837,352,553,376,410,950,1168,770,1916,15367,8865,1555,706,6404,113,49
2021-05-03T23:59:59+02:00,277,438,873,1049,1007,1628,1039,2498,1337,2238,1174,1511,1669,2023,1274,2899,82,118,343,404,363,648,338,833,345,545,366,399,941,1157,769,1914,15173,8808,1537,700,6367,93,41
2021-05-02T23:59:59+02:00,274,436,857,1039,988,1617,1021,2486,1329,2216,1167,1503,1668,2022,1274,2898,80,118,338,401,362,645,336,827,343,540,358,392,927,1149,769,1914,15085,8782,1524,684,6343,83,27
2021-05-01T23:59:59+02:00,271,433,851,1032,979,1609,1011,2474,1319,2202,1163,1497,1667,2020,1274,2898,80,118,338,400,361,645,336,824,342,539,357,392,927,1149,769,1914,14990,8775,1524,684,6343,82,27
2021-04-30T23:59:59+02:00,267,426,843,1018,959,1593,978,2409,1279,2160,1155,1483,1664,2018,1274,2895,79,116,337,398,358,637,335,799,338,534,353,387,926,1144,769,1913,14741,8764,1521,675,6341,59,2
2021-04-29T23:59:59+02:00,255,419,811,997,928,1562,937,2358,1204,2096,1125,1451,1662,2013,1274,2895,79,115,333,396,354,633,331,787,333,525,345,378,918,1137,769,1911,14385,8724,1491,656,6293,39,2
2021-04-28T23:59:59+02:00,244,416,799,986,901,1550,905,2323,1151,2035,1104,1411,1657,2012,1274,2895,75,115,327,391,349,626,330,780,331,516,332,366,909,1127,769,1911,14134,8671,1456,632,6255,26,2
2021-04-27T23:59:59+02:00,241,408,789,975,888,1541,885,2305,1131,2011,1084,1380,1652,2009,1274,2894,74,112,325,388,348,623,328,775,326,510,328,358,901,1115,769,1910,13985,8633,1435,611,6229,21,2
2021-04-26T23:59:59+02:00,239,403,782,968,878,1535,864,2285,1089,1971,1071,1360,1645,2006,1273,2893,74,112,323,386,347,622,326,773,324,506,322,348,897,1108,769,1910,13840,8607,1424,596,6180,19,2
2021-04-25T23:59:59+02:00,239,401,775,961,865,1526,852,2272,1061,1943,1057,1342,1642,2000,1273,2892,74,112,323,382,345,621,326,771,323,506,320,345,895,1101,769,1909,13738,8600,1403,585,6141,12,2
2021-04-24T23:59:59+02:00,234,398,768,958,853,1516,842,2256,1039,1929,1051,1322,1640,1998,1273,2892,74,112,323,382,345,621,325,771,323,503,319,344,895,1100,769,1909,13618,8597,1403,581,6129,12,2
2021-04-23T23:59:59+02:00,231,392,759,949,849,1510,825,2243,980,1892,1042,1302,1637,1993,1273,2889,74,112,323,382,345,620,324,769,322,502,313,337,893,1096,769,1909,13506,8583,1393,570,6046,12,2
2021-04-22T23:59:59+02:00,230,385,739,931,834,1492,794,2203,943,1846,1020,1265,1630,1983,1273,2886,74,109,321,380,343,614,321,764,321,498,310,332,886,1087,768,1908,13295,8544,1348,562,5989,5,2
2021-04-21T23:59:59+02:00,224,381,724,918,815,1480,766,2172,898,1805,995,1219,1626,1971,1273,2885,72,107,319,379,342,611,320,760,318,492,309,328,879,1072,766,1904,13060,8502,1327,545,5943,5,2
2021-04-20T23:59:59+02:00,221,377,712,901,803,1462,746,2124,872,1764,964,1161,1614,1958,1272,2884,72,107,318,379,339,609,318,756,318,488,307,321,870,1052,765,1904,12851,8459,1265,533,5895,5,2
2021-04-19T23:59:59+02:00,219,369,702,891,790,1447,736,2100,853,1736,943,1128,1610,1955,1272,2882,72,106,316,376,336,604,317,750,316,480,307,317,857,1036,764,1898,12713,8409,1253,514,5843,3,2
2021-04-18T23:59:59+02:00,218,367,694,888,775,1438,723,2088,837,1720,923,1098,1608,1951,1271,2881,71,104,315,375,336,604,316,747,316,479,306,312,851,1033,763,1898,12625,8392,1236,505,5795,3,2
2021-04-17T23:59:59+02:00,217,363,688,885,771,1438,719,2082,834,1713,911,1081,1606,1947,1271,2881,70,101,314,373,336,604,315,743,316,476,305,308,847,1026,763,1898,12568,8363,1236,503,5779,3,2
2021-04-16T23:59:59+02:00,217,360,683,883,758,1424,712,2065,803,1674,880,1032,1600,1938,1270,2879,66,99,311,367,335,602,311,735,311,461,293,288,844,1016,759,1893,12406,8298,1223,464,5725,3,2
2021-04-15T23:59:59+02:00,215,357,668,866,746,1412,691,2027,765,1635,854,995,1591,1919,1269,2874,65,99,308,361,330,601,305,731,304,458,287,281,825,996,757,1886,12221,8227,1212,438,5625,3,2
2021-04-14T23:59:59+02:00,212,351,660,860,738,1400,684,1997,752,1612,821,961,1567,1880,1266,2870,62,94,305,359,327,597,303,726,297,449,281,271,807,980,756,1880,12040,8154,1196,411,5567,3,2
2021-04-13T23:59:59+02:00,209,346,653,856,729,1391,676,1977,726,1586,789,912,1550,1853,1264,2866,60,93,302,355,319,592,299,720,292,443,277,266,796,970,751,1877,11913,8097,1155,387,5487,2,2
2021-04-12T23:59:59+02:00,208,345,650,853,721,1380,661,1961,712,1570,761,880,1540,1841,1264,2862,59,89,293,349,315,586,294,715,287,439,268,258,790,961,751,1871,11831,8034,1138,361,5411,2,2
2021-04-11T23:59:59+02:00,204,344,644,849,715,1376,654,1949,702,1556,743,858,1533,1824,1264,2859,57,87,288,347,314,584,292,714,285,432,264,253,782,957,750,1870,11791,7997,1121,348,5333,2,2
2021-04-10T23:59:59+02:00,204,344,644,848,713,1374,650,1942,697,1551,737,842,1528,1815,1264,2859,52,79,264,335,301,572,281,702,269,424,255,245,777,945,748,1868,11754,7847,1114,339,5314,2,2
2021-04-09T23:59:59+02:00,204,340,642,846,705,1348,641,1862,682,1472,711,791,1509,1796,1264,2854,43,74,251,322,283,558,265,690,257,412,244,240,757,922,745,1864,11652,7667,1094,329,5091,2,2
2021-04-08T23:59:59+02:00,203,336,638,842,699,1341,631,1843,665,1453,673,739,1483,1778,1263,2852,41,71,242,306,269,551,249,675,240,397,232,222,743,905,740,1847,11555,7487,1059,310,4995,2,2
2021-04-07T23:59:59+02:00,197,333,632,835,692,1330,618,1819,654,1425,639,699,1458,1738,1260,2846,39,67,225,292,260,544,243,664,231,383,217,212,715,883,737,1834,11429,7318,1030,295,4886,2,2
2021-04-06T23:59:59+02:00,194,333,626,832,681,1316,602,1795,632,1404,619,663,1440,1709,1259,2845,38,66,224,290,257,542,234,661,226,378,213,207,700,860,735,1826,11357,7247,1008,278,4755,2,1
2021-04-05T23:59:59+02:00,194,333,626,825,675,1308,596,1779,625,1392,599,640,1430,1687,1259,2843,38,66,223,287,255,537,230,655,225,376,213,201,681,839,735,1821,11330,7188,995,261,4653,2,1
2021-04-04T23:59:59+02:00,194,331,626,820,671,1299,591,1761,621,1375,590,628,1429,1685,1259,2842,38,66,222,287,255,537,230,655,224,376,212,201,671,825,735,1818,11320,7158,994,261,4575,2,1
2021-04-03T23:59:59+02:00,194,331,626,820,670,1297,591,1758,616,1373,578,622,1428,1678,1258,2841,38,66,222,287,255,537,230,655,224,375,212,201,671,822,735,1816,11292,7152,994,261,4562,2,1
2021-04-02T23:59:59+02:00,194,331,626,818,669,1294,588,1751,611,1365,570,613,1420,1668,1257,2840,38,66,221,286,254,535,229,649,220,370,208,199,657,799,732,1803,11249,7078,988,255,4544,2,1
2021-04-01T23:59:59+02:00,190,325,623,811,659,1281,583,1731,598,1346,551,589,1400,1640,1256,2828,37,65,213,283,253,531,226,641,216,365,200,197,637,772,725,1779,11167,6960,950,247,4458,2,1
2021-03-31T23:59:59+02:00,187,323,617,804,651,1266,575,1686,590,1310,540,578,1381,1597,1250,2821,37,65,211,282,252,529,225,635,210,363,194,193,610,738,721,1753,11100,6847,911,238,4328,2,1
2021-03-30T23:59:59+02:00,185,317,612,797,648,1238,570,1651,580,1273,530,563,1355,1558,1247,2814,37,63,209,280,250,527,222,630,208,356,189,189,598,716,710,1738,11018,6760,883,228,4198,2,1
2021-03-29T23:59:59+02:00,183,312,606,782,644,1228,562,1623,572,1235,517,545,1326,1518,1240,2800,37,63,208,279,249,525,222,624,205,348,186,186,584,700,706,1728,10893,6696,857,220,4104,2,1
2021-03-28T23:59:59+02:00,175,296,600,774,640,1221,558,1605,570,1219,512,528,1302,1492,1237,2793,37,62,205,279,245,519,220,620,205,346,184,185,576,693,705,1724,10844,6656,825,215,4014,2,1
2021-03-27T23:59:59+01:00,174,294,597,770,637,1216,554,1596,568,1211,508,520,1298,1485,1237,2792,37,61,205,279,245,519,220,614,203,342,181,183,570,684,698,1714,10811,6613,821,208,3985,2,1
2021-03-26T23:59:59+01:00,172,292,590,760,633,1206,546,1577,563,1191,498,507,1290,1469,1229,2787,37,61,205,279,245,517,220,614,196,331,179,178,549,660,689,1697,10742,6515,801,208,3925,2,1
2021-03-25T23:59:59+01:00,170,291,581,749,621,1187,530,1543,554,1157,487,492,1265,1448,1224,2780,37,61,201,273,245,517,215,611,194,328,172,177,525,636,669,1663,10668,6394,779,196,3789,2,1
2021-03-24T23:59:59+01:00,167,280,574,738,616,1172,526,1514,547,1125,479,479,1244,1418,1218,2771,36,61,201,272,245,516,215,610,190,325,169,171,504,619,656,1619,10594,6288,752,188,3680,2,0
2021-03-23T23:59:59+01:00,165,278,568,729,602,1161,520,1494,536,1092,471,464,1224,1401,1209,2764,35,60,200,270,242,515,211,605,187,320,164,168,485,608,632,1578,10536,6164,734,182,3565,2,0
2021-03-22T23:59:59+01:00,159,271,550,715,590,1142,511,1470,525,1068,468,454,1213,1385,1206,2756,35,59,200,268,241,514,210,599,187,317,162,163,472,590,595,1539,10490,6037,712,179,3437,2,0
2021-03-21T23:59:59+01:00,157,270,546,708,587,1137,508,1445,517,1036,462,447,1197,1380,1203,2749,35,59,200,267,240,513,209,598,186,315,161,161,467,588,589,1535,10467,6014,699,174,3336,2,0
2021-03-20T23:59:59+01:00,156,270,543,706,586,1136,505,1443,517,1032,457,440,1185,1365,1198,2744,35,59,200,267,239,513,209,596,186,310,158,160,463,582,584,1526,10432,5981,695,171,3308,2,0
2021-03-19T23:59:59+01:00,148,259,537,695,580,1128,504,1430,504,1014,439,408,1154,1336,1190,2738,35,59,200,266,238,513,208,589,184,306,158,157,454,559,576,1501,10334,5902,649,166,3231,2,0
2021-03-18T23:59:59+01:00,145,256,522,689,558,1095,490,1383,483,971,419,391,1129,1308,1182,2718,35,59,197,264,237,504,208,583,182,304,156,155,441,548,569,1475,10220,5826,613,155,3054,2,0
2021-03-17T23:59:59+01:00,139,249,513,678,548,1091,484,1371,472,956,404,376,1105,1287,1176,2705,35,58,197,264,236,501,208,583,182,303,156,153,433,542,555,1451,10106,5766,584,153,3011,2,0
2021-03-16T23:59:59+01:00,133,245,503,666,535,1078,472,1335,460,929,396,359,1075,1247,1172,2692,35,57,197,263,236,495,208,582,180,303,153,153,428,529,543,1425,9999,5698,552,151,2890,2,0
2021-03-15T23:59:59+01:00,131,239,490,652,525,1052,462,1299,451,896,384,345,1055,1218,1166,2681,34,57,197,260,235,492,208,581,178,303,151,150,419,522,536,1401,9891,5638,512,148,2784,2,0
2021-03-14T23:59:59+01:00,126,225,478,635,517,1029,456,1252,442,858,371,337,1035,1201,1162,2670,34,57,197,258,233,491,207,577,177,298,150,147,417,518,532,1396,9817,5620,489,131,2627,2,0
2021-03-13T23:59:59+01:00,121,211,452,617,492,1005,435,1230,419,842,355,330,1022,1187,1161,2666,34,57,196,258,233,491,207,577,176,297,149,147,412,510,515,1378,9634,5569,481,130,2562,2,0
2021-03-12T23:59:59+01:00,111,200,428,593,471,975,417,1199,397,809,337,316,985,1149,1152,2645,34,57,196,258,233,490,207,577,176,297,146,145,405,500,506,1368,9391,5524,470,130,2454,2,0
2021-03-11T23:59:59+01:00,103,188,398,558,437,935,386,1132,374,750,320,287,944,1104,1128,2611,34,57,195,255,227,486,204,572,174,293,144,144,396,490,494,1348,9112,5475,442,97,2226,2,0
2021-03-10T23:59:59+01:00,98,180,381,538,421,915,372,1096,356,713,304,273,900,1065,1117,2569,34,57,192,252,225,479,202,567,174,290,142,142,383,484,485,1325,8897,5406,423,86,2102,2,0
2021-03-09T23:59:59+01:00,97,175,368,518,402,885,358,1052,345,679,295,263,868,1041,1096,2550,34,57,191,248,224,473,200,564,171,288,142,141,375,478,480,1310,8764,5361,407,74,1937,2,0
2021-03-08T23:59:59+01:00,94,169,355,505,386,864,349,1006,339,642,285,255,842,1009,1085,2537,34,57,191,246,220,467,196,557,167,286,140,141,369,475,475,1302,8654,5326,385,57,1797,1,0
2021-03-07T23:59:59+01:00,91,162,352,497,377,846,339,993,338,637,282,252,834,997,1081,2530,34,57,191,245,220,465,195,556,167,286,140,141,365,472,471,1300,8601,5310,367,55,1752,0,0
2021-03-06T23:59:59+01:00,91,157,347,494,370,823,335,944,329,607,281,250,827,987,1076,2524,34,57,191,245,219,464,195,555,167,286,140,141,364,472,470,1294,8565,5305,367,49,1622,0,0
2021-03-05T23:59:59+01:00,89,152,343,489,368,818,333,930,318,584,276,239,797,953,1064,2498,34,57,190,244,218,463,194,554,166,284,139,140,361,471,467,1283,8437,5289,351,36,1570,0,0
2021-03-04T23:59:59+01:00,89,143,330,456,358,787,317,883,308,563,265,237,762,912,1030,2458,34,57,188,239,217,456,192,544,163,282,138,139,360,469,465,1280,8265,5247,332,35,1407,0,0
2021-03-03T23:59:59+01:00,86,138,321,444,354,774,312,866,299,543,259,228,732,886,1006,2398,34,56,188,239,216,453,190,535,163,276,138,136,359,466,462,1277,8117,5217,317,30,1314,0,0
2021-03-02T23:59:59+01:00,82,135,313,434,344,760,304,848,293,518,249,224,709,865,960,2337,33,56,188,239,216,445,186,530,161,274,137,136,358,461,462,1269,7931,5179,302,30,1241,0,0
2021-03-01T23:59:59+01:00,80,132,309,422,337,745,297,821,287,490,248,218,690,839,903,2263,33,55,187,238,213,437,185,523,160,270,137,136,357,457,458,1264,7744,5137,288,30,1146,0,0
2021-02-28T23:59:59+01:00,80,130,304,415,334,734,297,797,282,470,244,213,685,835,896,2256,33,55,185,237,213,437,185,523,160,270,136,136,357,454,458,1263,7714,5129,279,30,1075,0,0
2021-02-27T23:59:59+01:00,77,121,300,406,330,733,293,784,279,460,240,211,678,823,886,2239,33,55,185,236,213,436,184,522,159,269,136,136,357,454,458,1263,7661,5128,270,25,1023,0,0
2021-02-26T23:59:59+01:00,75,116,294,387,303,701,275,758,270,440,238,209,661,799,876,2208,33,55,185,235,213,434,183,520,157,267,136,136,357,454,458,1261,7572,5115,268,25,862,0,0
2021-02-25T23:59:59+01:00,68,103,282,371,297,670,267,732,259,419,230,206,650,782,860,2180,33,55,184,233,210,431,179,512,153,266,135,133,349,449,454,1257,7477,5072,257,17,733,0,0
2021-02-24T23:59:59+01:00,63,97,277,361,292,656,264,722,255,410,227,206,634,771,837,2147,32,55,183,231,207,418,178,504,151,261,134,131,345,448,453,1250,7385,5023,250,12,673,0,0
2021-02-23T23:59:59+01:00,58,87,268,352,282,636,258,707,250,402,223,204,623,755,821,2108,31,55,182,228,205,413,176,499,149,257,134,129,342,442,451,1242,7290,4980,241,9,591,0,0
2021-02-22T23:59:59+01:00,54,84,263,338,280,628,256,696,247,400,216,200,609,743,807,2081,31,53,178,225,199,399,170,490,144,254,132,128,336,439,448,1235,7207,4911,231,3,551,0,0
2021-02-21T23:59:59+01:00,50,82,262,332,278,618,251,687,242,397,215,199,605,739,802,2076,31,52,177,223,199,397,169,480,144,252,132,128,332,439,446,1227,7190,4877,226,3,505,0,0
2021-02-20T23:59:59+01:00,49,82,260,331,278,614,250,680,239,392,214,199,595,729,783,2055,31,52,177,223,199,397,169,480,143,251,132,128,331,439,445,1226,7131,4872,220,3,485,0,0
2021-02-19T23:59:59+01:00,48,82,254,326,273,587,243,660,235,381,211,195,584,717,768,2042,31,51,177,223,198,396,169,479,142,251,132,127,326,438,441,1219,7075,4849,214,3,399,0,0
2021-02-18T23:59:59+01:00,46,76,236,310,265,566,234,642,221,355,208,189,577,709,754,2026,31,50,175,217,197,387,165,465,141,244,130,123,313,430,427,1181,7023,4724,197,3,274,0,0
2021-02-17T23:59:59+01:00,46,74,231,305,263,552,229,629,219,338,204,186,562,703,740,1998,29,48,172,212,190,373,160,450,137,235,125,119,307,420,415,1161,6934,4598,192,3,231,0,0
2021-02-16T23:59:59+01:00,43,68,223,294,260,539,224,616,213,333,200,186,551,697,728,1980,27,48,163,203,181,354,156,437,133,224,124,114,287,396,398,1127,6871,4417,190,3,170,0,0
2021-02-15T23:59:59+01:00,42,67,217,291,252,527,222,610,210,325,199,185,541,693,724,1967,27,46,158,198,177,348,152,429,129,219,112,110,272,382,379,1081,6829,4264,184,3,135,0,0
2021-02-14T23:59:59+01:00,40,67,214,288,249,520,220,607,210,322,199,181,535,691,720,1956,26,45,157,196,173,343,152,416,128,217,112,107,265,376,370,1060,6813,4187,163,3,117,0,0
2021-02-13T23:59:59+01:00,39,67,214,288,248,520,220,606,210,322,199,181,534,690,720,1956,26,45,155,195,170,343,151,413,126,215,112,107,263,374,366,1055,6809,4162,163,1,116,0,0
2021-02-12T23:59:59+01:00,38,65,212,284,245,509,216,596,207,317,198,179,529,689,718,1950,26,44,153,193,169,342,148,411,126,213,111,104,262,364,348,1019,6786,4079,163,1,76,0,0
2021-02-11T23:59:59+01:00,37,63,204,266,238,491,207,572,196,303,196,178,523,676,703,1929,25,42,137,176,162,308,138,368,122,195,102,94,237,336,316,930,6724,3730,114,1,16,0,0
2021-02-10T23:59:59+01:00,37,63,199,261,236,485,205,564,193,298,194,178,519,673,698,1921,23,41,126,156,151,270,122,324,113,172,91,89,218,315,284,863,6684,3393,105,1,7,0,0
2021-02-09T23:59:59+01:00,36,61,197,258,235,472,201,559,189,296,192,174,518,667,695,1913,23,39,110,130,137,248,109,281,103,149,77,81,196,268,256,781,6644,3019,87,1,3,0,0
2021-02-08T23:59:59+01:00,36,61,196,254,228,457,199,548,186,291,189,174,512,664,692,1910,21,37,92,112,117,199,94,249,93,137,67,77,172,233,224,700,6593,2650,70,1,3,0,0
2021-02-07T23:59:59+01:00,36,60,193,252,228,455,199,546,186,291,189,174,511,661,692,1909,20,32,88,105,110,186,88,233,90,128,62,74,165,221,217,672,6582,2514,67,1,0,0,0
2021-02-06T23:59:59+01:00,36,60,193,252,228,454,199,545,185,291,189,174,511,661,691,1903,15,25,88,104,109,180,86,229,90,124,61,74,165,217,212,662,6579,2463,60,1,0,0,0
2021-02-05T23:59:59+01:00,36,60,193,252,228,453,198,543,183,290,189,174,511,661,685,1884,12,20,81,98,106,175,84,227,85,113,59,73,160,214,200,650,6565,2378,40,0,0,0,0
2021-02-04T23:59:59+01:00,35,60,193,250,223,449,194,537,181,287,189,171,509,656,682,1877,9,11,55,70,82,132,73,194,63,93,54,66,142,189,174,579,6518,2003,40,0,0,0,0
2021-02-03T23:59:59+01:00,35,57,193,248,222,437,190,531,181,284,189,169,503,655,677,1866,6,6,39,54,66,108,56,150,48,71,40,42,113,133,136,428,6467,1508,35,0,0,0,0
2021-02-02T23:59:59+01:00,34,57,192,245,219,431,188,526,179,281,187,168,497,649,672,1853,4,5,26,36,50,76,43,95,37,54,32,27,82,98,95,279,6407,1049,35,0,0,0,0
2021-02-01T23:59:59+01:00,33,54,190,245,215,426,185,520,175,273,187,165,492,646,669,1845,2,2,20,19,25,40,26,62,22,32,19,18,52,70,53,171,6349,640,35,0,0,0,0
2021-01-31T23:59:59+01:00,33,54,190,243,213,422,183,511,174,271,186,165,487,643,667,1836,2,2,18,14,16,35,18,48,15,27,18,14,42,62,52,150,6307,538,34,0,0,0,0
2021-01-30T23:59:59+01:00,33,54,190,243,213,422,182,511,174,271,186,165,486,643,667,1834,2,2,17,13,14,35,16,44,13,26,18,13,42,60,50,146,6304,515,33,0,0,0,0
2021-01-29T23:59:59+01:00,33,54,190,240,211,421,182,510,173,269,186,165,481,641,661,1830,2,0,15,9,8,29,16,39,10,22,18,13,40,59,50,143,6281,476,29,0,0,0,0
2021-01-28T23:59:59+01:00,33,53,186,238,211,414,181,502,171,266,185,164,469,637,651,1818,2,0,2,3,3,18,10,19,5,11,15,9,26,38,33,105,6220,299,21,0,0,0,0
2021-01-27T23:59:59+01:00,32,51,182,233,206,406,178,491,168,257,178,160,459,626,636,1795,0,0,1,3,3,15,9,18,4,11,14,8,21,32,27,81,6097,247,18,0,0,0,0
2021-01-26T23:59:59+01:00,29,51,178,221,199,392,175,473,165,250,177,156,444,611,618,1763,0,0,1,3,3,15,9,18,4,11,14,7,19,26,27,72,5945,229,14,0,0,0,0
2021-01-25T23:59:59+01:00,29,50,172,219,196,383,172,462,160,243,169,153,428,601,604,1734,0,0,1,3,2,13,8,15,4,10,14,6,15,25,23,67,5827,206,4,0,0,0,0
2021-01-24T23:59:59+01:00,28,49,171,216,194,382,171,460,160,243,169,153,425,598,603,1731,0,0,1,3,2,13,8,15,4,10,14,6,15,25,22,66,5805,204,3,0,0,0,0
2021-01-23T23:59:59+01:00,28,49,171,216,192,382,171,460,160,243,169,153,425,598,598,1726,0,0,1,3,2,13,8,15,4,10,14,6,15,25,22,66,5793,204,3,0,0,0,0
2021-01-22T23:59:59+01:00,28,48,169,212,191,382,171,459,160,243,169,152,424,596,583,1699,0,0,1,3,2,13,8,15,4,10,14,6,15,25,22,66,5738,204,3,0,0,0,0
2021-01-21T23:59:59+01:00,28,47,160,204,185,364,165,439,159,231,161,148,403,574,562,1673,0,0,1,3,0,7,7,11,3,5,13,6,13,19,20,53,5553,161,3,0,0,0,0
2021-01-20T23:59:59+01:00,27,46,145,181,172,321,141,388,147,209,150,137,373,541,516,1540,0,0,1,3,0,7,7,11,3,4,13,5,13,18,16,51,5078,152,3,0,0,0,0
2021-01-19T23:59:59+01:00,25,45,125,151,154,289,131,346,135,189,123,118,323,474,462,1367,0,0,1,3,0,6,5,7,1,3,7,2,6,14,9,34,4494,98,2,0,0,0,0
2021-01-18T23:59:59+01:00,22,41,106,139,130,240,119,301,118,163,99,108,269,396,376,1144,0,0,1,1,0,3,4,5,0,3,0,1,1,4,5,19,3806,47,2,0,0,0,0
2021-01-17T23:59:59+01:00,21,30,102,126,121,224,112,274,112,155,92,97,257,371,344,1084,0,0,0,0,0,1,2,4,0,1,0,1,1,2,1,4,3551,17,2,0,0,0,0
2021-01-16T23:59:59+01:00,17,24,99,124,119,217,109,265,109,148,91,97,255,363,335,1066,0,0,0,0,0,0,0,0,0,0,0,0,0,0,0,1,3468,1,0,0,0,0,0
2021-01-15T23:59:59+01:00,13,22,95,116,117,209,106,259,108,135,87,95,250,354,318,1042,0,0,0,0,0,0,0,0,0,0,0,0,0,0,0,1,3354,1,0,0,0,0,0
2021-01-14T23:59:59+01:00,10,13,69,86,99,170,89,219,90,117,75,82,216,319,277,898,0,0,0,0,0,0,0,0,0,0,0,0,0,0,0,0,2851,0,0,0,0,0,0
2021-01-13T23:59:59+01:00,7,10,58,76,90,143,79,180,79,95,59,59,169,215,235,699,0,0,0,0,0,0,0,0,0,0,0,0,0,0,0,0,2271,0,0,0,0,0,0
2021-01-12T23:59:59+01:00,6,10,49,58,73,110,68,130,64,74,44,40,125,159,170,482,0,0,0,0,0,0,0,0,0,0,0,0,0,0,0,0,1677,0,0,0,0,0,0
2021-01-11T23:59:59+01:00,3,8,44,45,61,81,52,103,49,56,28,24,70,110,93,269,0,0,0,0,0,0,0,0,0,0,0,0,0,0,0,0,1107,0,0,0,0,0,0
2021-01-10T23:59:59+01:00,2,7,38,33,45,65,36,81,39,47,25,19,58,99,90,229,0,0,0,0,0,0,0,0,0,0,0,0,0,0,0,0,921,0,0,0,0,0,0
2021-01-09T23:59:59+01:00,2,6,35,31,39,63,34,72,34,44,25,19,58,98,88,228,0,0,0,0,0,0,0,0,0,0,0,0,0,0,0,0,882,0,0,0,0,0,0
2021-01-08T23:59:59+01:00,2,4,28,25,32,57,27,61,31,38,24,18,55,95,86,222,0,0,0,0,0,0,0,0,0,0,0,0,0,0,0,0,810,0,0,0,0,0,0
2021-01-07T23:59:59+01:00,2,2,8,3,5,20,12,28,11,19,21,12,41,61,57,163,0,0,0,0,0,0,0,0,0,0,0,0,0,0,0,0,465,0,0,0,0,0,0
2021-01-06T23:59:59+01:00,2,0,2,3,3,17,9,19,6,14,18,11,35,50,49,132,0,0,0,0,0,0,0,0,0,0,0,0,0,0,0,0,370,0,0,0,0,0,0
2021-01-05T23:59:59+01:00,1,0,1,3,3,15,9,18,6,13,18,10,34,49,46,125,0,0,0,0,0,0,0,0,0,0,0,0,0,0,0,0,351,0,0,0,0,0,0
2021-01-04T23:59:59+01:00,0,0,1,3,3,14,8,16,6,12,17,8,24,38,35,101,0,0,0,0,0,0,0,0,0,0,0,0,0,0,0,0,286,0,0,0,0,0,0
2021-01-03T23:59:59+01:00,0,0,1,3,3,14,8,16,6,12,17,8,24,38,35,100,0,0,0,0,0,0,0,0,0,0,0,0,0,0,0,0,285,0,0,0,0,0,0
2021-01-02T23:59:59+01:00,0,0,1,3,3,14,8,16,6,12,17,8,24,38,35,100,0,0,0,0,0,0,0,0,0,0,0,0,0,0,0,0,285,0,0,0,0,0,0
2021-01-01T23:59:59+01:00,0,0,1,3,3,14,8,16,6,12,17,8,24,38,35,100,0,0,0,0,0,0,0,0,0,0,0,0,0,0,0,0,285,0,0,0,0,0,0
2020-12-31T23:59:59+01:00,0,0,1,3,3,14,8,16,6,12,17,8,24,38,35,100,0,0,0,0,0,0,0,0,0,0,0,0,0,0,0,0,285,0,0,0,0,0,0
2020-12-30T23:59:59+01:00,0,0,1,3,3,14,8,16,6,12,17,8,24,38,35,100,0,0,0,0,0,0,0,0,0,0,0,0,0,0,0,0,285,0,0,0,0,0,0
2020-12-29T23:59:59+01:00,0,0,1,3,2,10,6,11,4,10,11,5,18,32,25,80,0,0,0,0,0,0,0,0,0,0,0,0,0,0,0,0,218,0,0,0,0,0,0
2020-12-28T23:59:59+01:00,0,0,1,1,1,2,4,6,3,5,7,2,4,12,14,40,0,0,0,0,0,0,0,0,0,0,0,0,0,0,0,0,102,0,0,0,0,0,0
2020-12-27T23:59:59+01:00,0,0,0,0,0,1,2,6,0,2,0,1,3,4,2,13,0,0,0,0,0,0,0,0,0,0,0,0,0,0,0,0,34,0,0,0,0,0,0
