Datum,<15_1_m,<15_1_w,15-24_1_m,15-24_1_w,25-34_1_m,25-34_1_w,35-44_1_m,35-44_1_w,45-54_1_m,45-54_1_w,55-64_1_m,55-64_1_w,65-74_1_m,65-74_1_w,75-84_1_m,75-84_1_w,>84_1_m,>84_1_w,<15_2_m,<15_2_w,15-24_2_m,15-24_2_w,25-34_2_m,25-34_2_w,35-44_2_m,35-44_2_w,45-54_2_m,45-54_2_w,55-64_2_m,55-64_2_w,65-74_2_m,65-74_2_w,75-84_2_m,75-84_2_w,>84_2_m,>84_2_w,bp_1,bp_2,mo_1,mo_2,az_1,az_2,ja,unb_1,unb_2
2021-11-28T23:59:59+01:00,358,346,5719,4435,13096,8500,12152,7791,10230,10215,6303,6894,2032,2553,1248,1706,332,946,218,186,4334,3567,10587,7217,10080,6659,8674,8802,5561,6082,1870,2328,1169,1612,294,870,64555,51404,8375,7547,9490,8184,14527,82,93
2021-11-27T23:59:59+01:00,351,333,5715,4430,13088,8489,12139,7782,10223,10203,6302,6892,2032,2552,1248,1706,332,946,218,185,4322,3560,10573,7211,10053,6650,8663,8792,5558,6080,1870,2328,1169,1612,294,870,64469,51311,8370,7539,9489,8184,14526,82,93
2021-11-26T23:59:59+01:00,339,321,5699,4411,13059,8471,12118,7763,10202,10184,6294,6878,2031,2549,1248,1705,332,944,217,184,4289,3546,10521,7191,10021,6632,8630,8771,5549,6068,1869,2323,1169,1612,294,869,64274,51077,8361,7530,9488,8184,14516,82,93
2021-11-25T23:59:59+01:00,326,315,5673,4382,13015,8443,12081,7736,10168,10154,6282,6859,2024,2543,1245,1701,332,944,215,179,4238,3522,10455,7160,9951,6592,8568,8740,5532,6055,1865,2318,1169,1611,294,869,63966,50682,8354,7514,9488,8184,14505,82,93
2021-11-24T23:59:59+01:00,320,309,5632,4376,12973,8413,12051,7711,10140,10132,6264,6843,2023,2533,1243,1699,332,944,214,179,4214,3512,10395,7136,9898,6574,8529,8715,5517,6039,1862,2317,1169,1611,294,869,63693,50404,8347,7509,9488,8184,14499,82,93
2021-11-23T23:59:59+01:00,311,303,5602,4361,12923,8392,12011,7684,10102,10092,6252,6824,2017,2528,1242,1698,332,943,214,178,4190,3503,10336,7115,9859,6550,8486,8691,5502,6022,1855,2313,1169,1610,294,868,63410,50136,8322,7500,9488,8184,14486,82,93
2021-11-22T23:59:59+01:00,298,291,5565,4341,12858,8367,11961,7663,10067,10061,6237,6803,2014,2517,1241,1696,332,943,213,178,4167,3492,10293,7098,9812,6532,8450,8659,5493,6010,1853,2311,1168,1609,294,868,63067,49896,8311,7494,9488,8182,14478,82,93
2021-11-21T23:59:59+01:00,294,282,5532,4328,12802,8349,11913,7638,10039,10035,6224,6790,2010,2513,1238,1696,332,943,209,178,4149,3483,10271,7087,9780,6512,8425,8643,5483,6001,1852,2308,1168,1608,294,867,62795,49732,8300,7489,9488,8182,14464,82,93
2021-11-20T23:59:59+01:00,289,278,5477,4311,12759,8329,11888,7626,10016,10013,6206,6778,2007,2512,1237,1694,332,943,208,178,4140,3476,10252,7079,9763,6508,8414,8631,5471,5994,1848,2305,1168,1608,294,867,62560,49635,8285,7484,9488,8182,14451,82,93
2021-11-19T23:59:59+01:00,277,269,5412,4267,12679,8304,11840,7603,9968,9975,6193,6762,2002,2502,1237,1694,332,943,207,178,4106,3463,10185,7063,9724,6492,8392,8609,5457,5988,1848,2301,1168,1608,294,867,62147,49403,8272,7472,9488,8182,14441,82,93
2021-11-18T23:59:59+01:00,273,261,5352,4234,12577,8260,11765,7566,9917,9928,6170,6731,1999,2494,1234,1691,332,941,203,177,4081,3449,10130,7043,9660,6475,8355,8583,5439,5977,1844,2297,1166,1607,294,867,61643,49124,8256,7462,9488,8182,14427,82,93
2021-11-17T23:59:59+01:00,272,259,5287,4195,12494,8211,11693,7524,9855,9878,6143,6704,1994,2488,1232,1688,332,939,203,177,4046,3441,10087,7018,9606,6446,8318,8547,5418,5963,1843,2295,1164,1604,294,867,61130,48837,8248,7454,9488,8182,14411,82,93
2021-11-16T23:59:59+01:00,269,255,5231,4170,12381,8166,11597,7477,9801,9825,6114,6681,1990,2475,1232,1685,331,939,202,176,4028,3437,10053,7003,9571,6434,8291,8523,5408,5952,1842,2294,1164,1602,293,866,60607,48669,8227,7449,9488,8182,14386,82,93
2021-11-15T23:59:59+01:00,267,253,5148,4132,12251,8120,11497,7430,9731,9764,6082,6648,1984,2466,1232,1684,331,938,200,176,3999,3424,10034,6990,9536,6419,8279,8506,5400,5936,1839,2293,1163,1602,293,865,59975,48512,8219,7444,9488,8182,14362,82,93
2021-11-14T23:59:59+01:00,266,248,5094,4109,12179,8080,11418,7404,9669,9728,6059,6624,1980,2463,1230,1683,331,938,199,175,3986,3413,9992,6970,9517,6409,8268,8490,5393,5929,1838,2293,1161,1601,293,865,59560,48383,8207,7438,9488,8182,14334,82,93
2021-11-13T23:59:59+01:00,262,247,5066,4092,12112,8053,11364,7379,9629,9700,6044,6610,1978,2462,1230,1682,331,938,197,175,3981,3407,9979,6962,9507,6406,8261,8487,5390,5927,1837,2292,1161,1601,293,865,59280,48346,8184,7433,9488,8182,14312,82,93
2021-11-12T23:59:59+01:00,257,243,5014,4061,12017,8005,11292,7346,9564,9656,6024,6584,1976,2455,1229,1682,331,938,194,175,3962,3398,9949,6947,9490,6394,8241,8475,5380,5922,1837,2288,1161,1601,293,865,58807,48218,8176,7430,9488,8182,14287,82,93
2021-11-11T23:59:59+01:00,254,241,4927,4034,11895,7953,11173,7306,9487,9591,5982,6541,1970,2446,1229,1681,331,937,192,174,3937,3386,9909,6929,9461,6369,8210,8452,5375,5910,1837,2287,1160,1600,293,865,58168,48038,8153,7419,9488,8182,14251,82,93
2021-11-10T23:59:59+01:00,249,239,4855,4011,11736,7882,11068,7254,9405,9533,5948,6512,1966,2440,1227,1678,331,935,190,173,3921,3373,9882,6916,9438,6355,8185,8438,5364,5904,1835,2284,1159,1597,293,865,57519,47909,8132,7414,9487,8182,14210,82,93
2021-11-09T23:59:59+01:00,249,237,4797,3981,11615,7847,10986,7219,9349,9505,5916,6483,1965,2437,1227,1678,331,935,189,170,3907,3366,9850,6905,9412,6344,8168,8416,5354,5890,1835,2280,1157,1596,293,865,57063,47785,8119,7408,9487,8181,14164,82,93
2021-11-08T23:59:59+01:00,247,232,4739,3953,11490,7811,10874,7181,9273,9447,5887,6458,1962,2435,1226,1674,331,934,188,168,3884,3355,9818,6888,9382,6328,8151,8403,5348,5882,1833,2275,1156,1595,293,865,56531,47668,8105,7396,9486,8181,14107,82,93
2021-11-07T23:59:59+01:00,246,231,4706,3937,11424,7777,10805,7164,9223,9423,5870,6442,1960,2432,1225,1673,330,934,187,167,3873,3344,9800,6879,9363,6320,8141,8393,5343,5878,1832,2274,1155,1594,293,865,56224,47601,8092,7385,9486,8181,14074,82,93
2021-11-06T23:59:59+01:00,246,231,4692,3927,11385,7765,10765,7146,9199,9406,5857,6432,1957,2430,1225,1673,330,934,187,167,3871,3339,9793,6875,9359,6316,8137,8387,5339,5876,1829,2274,1155,1594,293,865,56034,47568,8089,7385,9486,8181,14062,82,93
2021-11-05T23:59:59+01:00,245,230,4648,3905,11315,7738,10691,7111,9129,9364,5841,6414,1955,2426,1224,1672,330,934,186,167,3856,3333,9776,6860,9344,6310,8118,8375,5335,5870,1828,2273,1155,1594,293,865,55645,47486,8084,7383,9486,8181,14027,82,93
2021-11-04T23:59:59+01:00,243,226,4583,3875,11196,7676,10575,7059,9034,9312,5810,6390,1951,2419,1223,1671,330,933,184,165,3834,3318,9738,6834,9300,6283,8092,8344,5319,5855,1828,2268,1154,1594,293,865,55109,47341,8069,7379,9486,8181,13905,82,93
2021-11-03T23:59:59+01:00,242,224,4547,3852,11100,7634,10482,7027,8964,9265,5786,6366,1948,2416,1223,1670,330,933,183,162,3816,3313,9706,6815,9268,6276,8070,8327,5313,5851,1824,2261,1154,1594,293,864,54675,47226,8060,7371,9486,8181,13850,82,93
2021-11-02T23:59:59+01:00,242,222,4499,3834,11014,7604,10399,6996,8892,9232,5758,6348,1945,2413,1223,1669,330,933,182,161,3807,3294,9681,6794,9237,6264,8051,8300,5304,5841,1820,2259,1154,1592,293,862,54296,47116,8051,7362,9486,8178,13777,82,93
2021-11-01T23:59:59+01:00,241,222,4465,3819,10939,7574,10298,6964,8831,9204,5734,6326,1943,2407,1223,1667,330,932,182,161,3787,3283,9647,6772,9204,6245,8028,8287,5291,5830,1819,2259,1154,1592,293,862,53954,47008,8045,7355,9486,8178,13691,82,93
2021-10-31T23:59:59+01:00,239,222,4450,3816,10922,7566,10285,6959,8825,9198,5733,6323,1943,2407,1223,1667,330,932,181,161,3781,3281,9640,6770,9198,6243,8026,8284,5289,5827,1818,2259,1154,1592,293,862,53904,46998,8042,7354,9486,8178,13665,82,93
2021-10-30T23:59:59+02:00,238,222,4445,3814,10899,7562,10269,6956,8816,9190,5723,6319,1942,2406,1223,1667,330,932,181,161,3779,3281,9631,6767,9192,6243,8022,8283,5283,5824,1818,2259,1154,1592,293,862,53839,46988,8042,7353,9486,8178,13641,82,93
2021-10-29T23:59:59+02:00,237,221,4390,3800,10814,7536,10188,6927,8769,9147,5704,6306,1942,2402,1223,1667,329,931,180,160,3754,3274,9596,6761,9163,6237,8002,8265,5276,5818,1816,2259,1154,1592,293,861,53522,46921,8033,7350,9486,8178,13545,82,93
2021-10-28T23:59:59+02:00,237,219,4342,3781,10705,7502,10083,6890,8706,9093,5677,6279,1940,2395,1221,1667,329,931,180,159,3726,3263,9548,6730,9111,6209,7971,8239,5262,5809,1815,2255,1154,1592,292,861,53146,46798,8018,7336,9486,8178,13391,82,93
2021-10-27T23:59:59+02:00,237,218,4317,3773,10640,7478,10029,6850,8649,9060,5658,6260,1937,2392,1221,1666,329,931,177,159,3710,3254,9508,6707,9087,6194,7951,8222,5254,5797,1812,2254,1153,1589,292,860,52874,46680,8007,7326,9486,8177,13320,82,93
2021-10-26T23:59:59+02:00,236,216,4283,3756,10590,7447,9972,6822,8608,9013,5638,6245,1934,2389,1220,1665,329,930,175,159,3694,3244,9466,6685,9053,6180,7930,8200,5243,5790,1810,2253,1151,1585,292,859,52606,46545,7998,7325,9486,8177,13240,82,93
2021-10-25T23:59:59+02:00,234,216,4276,3749,10574,7440,9950,6808,8591,8993,5635,6239,1932,2388,1220,1665,329,930,175,159,3691,3242,9456,6672,9036,6170,7917,8185,5239,5788,1809,2253,1150,1585,292,859,52531,46505,7997,7323,9486,8176,13191,82,93
2021-10-24T23:59:59+02:00,231,215,4266,3736,10529,7423,9919,6788,8572,8969,5629,6230,1930,2388,1219,1665,329,930,174,158,3680,3236,9432,6665,9017,6159,7906,8171,5234,5784,1809,2252,1150,1584,292,859,52381,46442,7991,7319,9486,8174,13144,82,93
2021-10-23T23:59:59+02:00,228,215,4261,3732,10507,7420,9907,6781,8567,8959,5628,6225,1930,2388,1219,1665,329,930,174,158,3678,3233,9424,6664,9011,6156,7901,8168,5233,5783,1809,2252,1150,1584,292,859,52319,46424,7990,7318,9486,8174,13130,82,93
2021-10-22T23:59:59+02:00,227,214,4237,3722,10468,7403,9880,6765,8541,8922,5616,6205,1930,2387,1219,1665,329,930,172,157,3669,3231,9402,6651,8990,6146,7889,8157,5224,5772,1808,2248,1150,1583,292,859,52144,46352,7985,7313,9486,8174,13076,82,93
2021-10-21T23:59:59+02:00,221,212,4216,3707,10396,7381,9834,6729,8508,8873,5607,6180,1929,2384,1218,1664,329,930,170,157,3639,3211,9357,6635,8961,6128,7862,8132,5208,5758,1806,2245,1148,1582,292,859,51891,46186,7971,7304,9486,8174,13000,82,93
2021-10-20T23:59:59+02:00,221,212,4202,3697,10377,7366,9804,6712,8482,8853,5599,6167,1927,2381,1218,1664,329,930,169,156,3626,3197,9327,6621,8931,6114,7845,8119,5200,5748,1803,2243,1148,1580,292,857,51748,46054,7969,7296,9486,8173,12967,81,93
2021-10-19T23:59:59+02:00,218,211,4192,3691,10356,7357,9775,6699,8465,8841,5591,6161,1925,2380,1218,1664,329,929,163,154,3615,3180,9308,6606,8915,6102,7833,8106,5187,5738,1803,2238,1147,1579,292,857,51645,45928,7959,7292,9486,8173,12940,81,93
2021-10-18T23:59:59+02:00,218,207,4174,3683,10344,7346,9756,6691,8453,8830,5585,6147,1924,2376,1216,1663,329,929,163,154,3604,3166,9290,6593,8899,6095,7824,8097,5186,5725,1800,2235,1147,1579,292,855,51538,45835,7955,7284,9486,8172,12919,81,93
2021-10-17T23:59:59+02:00,218,205,4167,3679,10335,7337,9741,6688,8446,8827,5582,6143,1923,2376,1216,1662,328,928,163,151,3592,3158,9280,6589,8891,6089,7815,8088,5184,5720,1798,2231,1145,1579,292,855,51486,45766,7949,7281,9486,8171,12906,81,93
2021-10-16T23:59:59+02:00,218,205,4165,3677,10329,7334,9739,6685,8445,8822,5580,6141,1922,2375,1215,1661,328,928,163,150,3591,3157,9276,6587,8891,6088,7812,8087,5183,5720,1798,2231,1145,1579,292,855,51463,45758,7946,7281,9486,8170,12900,81,93
2021-10-15T23:59:59+02:00,216,205,4151,3670,10312,7325,9726,6680,8436,8807,5572,6134,1921,2375,1215,1661,328,928,163,148,3581,3153,9264,6576,8876,6082,7806,8081,5176,5716,1798,2231,1145,1578,292,855,51372,45692,7943,7279,9486,8170,12882,81,93
2021-10-14T23:59:59+02:00,214,205,4138,3662,10283,7306,9697,6660,8415,8786,5563,6124,1920,2371,1215,1660,328,928,162,145,3556,3144,9233,6550,8844,6057,7782,8068,5165,5705,1797,2226,1142,1578,292,855,51242,45534,7932,7263,9486,8168,12836,81,93
2021-10-13T23:59:59+02:00,212,205,4125,3656,10266,7292,9678,6649,8400,8771,5555,6116,1918,2370,1215,1658,328,928,160,145,3541,3138,9206,6535,8827,6046,7764,8058,5156,5698,1797,2226,1141,1576,292,855,51143,45430,7928,7257,9486,8168,12806,81,93
2021-10-12T23:59:59+02:00,210,203,4118,3649,10248,7285,9658,6638,8388,8754,5542,6106,1916,2368,1214,1657,328,928,158,143,3532,3127,9184,6519,8802,6029,7749,8046,5142,5688,1793,2221,1141,1575,292,855,51039,45293,7922,7253,9486,8167,12783,81,93
2021-10-11T23:59:59+02:00,210,201,4106,3641,10223,7277,9635,6622,8380,8735,5536,6095,1915,2366,1214,1657,328,928,156,143,3520,3115,9145,6506,8774,6008,7731,8027,5135,5678,1792,2220,1141,1575,292,855,50945,45157,7911,7242,9486,8166,12746,81,93
2021-10-10T23:59:59+02:00,209,199,4093,3638,10214,7265,9628,6611,8371,8723,5533,6086,1915,2366,1213,1657,328,928,155,143,3509,3112,9126,6499,8763,6001,7719,8021,5129,5671,1790,2219,1141,1574,292,855,50880,45083,7902,7239,9485,8165,12729,81,93
2021-10-09T23:59:59+02:00,209,199,4090,3636,10211,7264,9614,6606,8368,8721,5530,6086,1915,2365,1213,1657,328,928,155,142,3505,3109,9124,6496,8754,5995,7715,8020,5124,5670,1790,2219,1141,1574,292,855,50859,45064,7902,7236,9485,8163,12713,81,93
2021-10-08T23:59:59+02:00,207,198,4079,3627,10187,7255,9600,6594,8355,8700,5523,6080,1914,2364,1213,1657,328,928,155,142,3496,3102,9103,6488,8739,5986,7710,8004,5114,5667,1788,2216,1140,1573,292,855,50763,44986,7897,7235,9485,8163,12681,81,93
2021-10-07T23:59:59+02:00,206,197,4061,3613,10156,7239,9562,6583,8333,8678,5518,6074,1913,2359,1213,1657,328,928,155,142,3468,3078,9062,6469,8713,5974,7686,7973,5095,5656,1785,2211,1140,1572,292,855,50617,44799,7890,7217,9485,8163,12641,81,93
2021-10-06T23:59:59+02:00,204,196,4051,3606,10127,7221,9548,6575,8324,8670,5511,6066,1911,2356,1213,1655,328,927,154,142,3455,3065,9039,6458,8695,5961,7677,7959,5092,5645,1783,2208,1140,1571,292,855,50518,44697,7886,7211,9485,8161,12614,81,93
2021-10-05T23:59:59+02:00,203,195,4035,3595,10110,7205,9529,6563,8305,8645,5503,6059,1910,2354,1213,1654,328,926,153,142,3440,3052,9016,6445,8671,5948,7656,7932,5082,5637,1781,2204,1139,1569,292,855,50407,44570,7884,7203,9485,8161,12569,81,93
2021-10-04T23:59:59+02:00,203,194,4013,3586,10084,7190,9494,6543,8287,8631,5495,6050,1907,2354,1212,1649,328,924,152,142,3424,3044,8989,6426,8637,5931,7634,7905,5071,5622,1780,2202,1139,1568,291,855,50288,44432,7875,7199,9484,8161,12507,81,93
2021-10-03T23:59:59+02:00,203,193,3996,3578,10058,7176,9481,6532,8273,8618,5493,6043,1905,2351,1211,1648,327,924,152,142,3409,3035,8960,6417,8626,5922,7625,7891,5066,5617,1779,2199,1139,1567,290,855,50202,44363,7873,7196,9484,8157,12461,81,93
2021-10-02T23:59:59+02:00,203,193,3994,3577,10057,7174,9477,6531,8271,8617,5491,6041,1904,2350,1211,1648,327,924,152,141,3406,3034,8956,6416,8624,5922,7621,7890,5065,5613,1778,2198,1139,1567,290,855,50193,44351,7871,7195,9484,8155,12452,81,93
2021-10-01T23:59:59+02:00,201,192,3984,3571,10036,7165,9461,6520,8259,8603,5486,6031,1900,2346,1211,1648,327,923,150,140,3389,3026,8937,6405,8608,5910,7613,7879,5058,5606,1776,2198,1139,1567,290,855,50112,44279,7868,7192,9484,8151,12410,81,93
2021-09-30T23:59:59+02:00,200,191,3951,3549,9983,7139,9422,6490,8231,8575,5469,6018,1897,2343,1209,1648,327,922,148,139,3368,3004,8889,6376,8573,5888,7597,7845,5042,5592,1774,2192,1139,1567,290,854,49924,44140,7860,7167,9484,8148,12303,81,93
2021-09-29T23:59:59+02:00,199,189,3932,3536,9938,7123,9403,6468,8215,8546,5460,6012,1895,2340,1208,1646,327,921,148,138,3349,2993,8852,6368,8556,5866,7585,7824,5031,5579,1774,2190,1139,1566,290,854,49793,44040,7850,7162,9484,8144,12231,81,93
2021-09-28T23:59:59+02:00,197,188,3921,3526,9897,7103,9371,6455,8186,8510,5450,5995,1895,2333,1208,1645,327,919,145,137,3334,2979,8824,6347,8534,5851,7557,7797,5023,5567,1774,2184,1139,1565,290,853,49658,43934,7842,7156,9484,8143,12139,81,93
2021-09-27T23:59:59+02:00,195,188,3899,3509,9859,7073,9345,6431,8166,8480,5436,5983,1892,2321,1207,1644,326,918,145,136,3311,2965,8779,6319,8504,5823,7532,7767,5011,5559,1771,2175,1139,1563,290,852,49530,43798,7833,7153,9484,8139,12021,81,93
2021-09-26T23:59:59+02:00,193,188,3891,3500,9839,7062,9333,6422,8153,8469,5431,5977,1886,2320,1205,1643,326,918,144,135,3302,2959,8758,6315,8494,5811,7518,7761,5004,5549,1767,2174,1139,1562,290,851,49458,43738,7832,7149,9483,8135,11978,81,93
2021-09-25T23:59:59+02:00,193,187,3886,3498,9830,7058,9329,6418,8146,8468,5427,5977,1886,2319,1205,1642,326,918,144,134,3295,2956,8751,6312,8490,5806,7513,7756,5002,5547,1767,2173,1138,1559,290,851,49439,43718,7830,7145,9483,8132,11956,81,93
2021-09-24T23:59:59+02:00,192,185,3870,3489,9798,7044,9311,6407,8124,8449,5419,5965,1884,2317,1205,1641,326,918,143,134,3283,2946,8724,6298,8477,5795,7491,7741,4995,5538,1766,2169,1138,1559,290,851,49347,43656,7828,7139,9483,8132,11877,81,93
2021-09-23T23:59:59+02:00,190,183,3834,3472,9733,7013,9255,6363,8083,8400,5401,5945,1879,2310,1202,1638,326,918,143,132,3258,2932,8664,6267,8424,5758,7449,7694,4977,5520,1758,2165,1137,1557,290,851,49192,43545,7819,7131,9483,8128,11633,81,93
2021-09-22T23:59:59+02:00,186,183,3807,3457,9700,6993,9226,6342,8050,8386,5383,5934,1877,2306,1201,1638,326,918,141,129,3233,2924,8633,6245,8398,5743,7418,7674,4961,5513,1755,2158,1135,1557,290,850,49056,43421,7814,7128,9481,8122,11541,81,93
2021-09-21T23:59:59+02:00,185,181,3788,3443,9671,6972,9178,6319,8017,8359,5368,5923,1876,2306,1201,1638,326,918,139,129,3208,2910,8593,6219,8351,5727,7383,7641,4944,5493,1754,2156,1134,1556,290,850,48934,43263,7806,7120,9480,8122,11424,81,93
2021-09-20T23:59:59+02:00,183,181,3757,3427,9633,6955,9141,6295,7984,8327,5361,5907,1872,2303,1201,1638,326,916,139,127,3184,2886,8551,6198,8310,5703,7350,7609,4936,5473,1751,2154,1133,1555,289,850,48797,43119,7803,7115,9480,8116,11296,81,93
2021-09-19T23:59:59+02:00,183,180,3741,3419,9601,6947,9126,6288,7978,8317,5354,5900,1869,2300,1200,1636,326,915,137,127,3176,2878,8523,6188,8290,5695,7335,7594,4929,5465,1750,2150,1132,1554,289,849,48731,43051,7796,7109,9480,8110,11237,81,93
2021-09-18T23:59:59+02:00,183,180,3737,3418,9596,6945,9121,6285,7972,8315,5352,5899,1869,2300,1200,1636,326,915,136,127,3168,2872,8515,6187,8279,5692,7328,7592,4925,5460,1750,2150,1132,1553,289,849,48719,43008,7795,7108,9479,8110,11219,81,93
2021-09-17T23:59:59+02:00,183,179,3718,3410,9559,6932,9092,6271,7951,8303,5341,5890,1868,2295,1198,1636,326,915,136,127,3154,2863,8475,6173,8251,5681,7305,7582,4917,5451,1750,2149,1131,1553,289,849,48628,42937,7788,7096,9476,8107,11134,81,93
2021-09-16T23:59:59+02:00,182,179,3687,3383,9500,6907,9044,6242,7913,8265,5321,5877,1865,2290,1197,1636,326,914,136,126,3139,2847,8434,6151,8217,5655,7283,7557,4902,5444,1748,2148,1131,1553,288,847,48410,42816,7761,7086,9474,8099,11041,81,93
2021-09-15T23:59:59+02:00,180,179,3662,3370,9464,6889,9010,6217,7883,8247,5314,5857,1862,2285,1195,1636,325,913,133,126,3122,2843,8405,6134,8186,5628,7247,7538,4884,5427,1745,2145,1131,1550,286,844,48256,42679,7755,7078,9474,8095,10955,81,93
2021-09-14T23:59:59+02:00,178,178,3639,3351,9419,6865,8965,6188,7853,8215,5302,5838,1860,2282,1194,1635,324,913,133,124,3102,2826,8365,6106,8147,5610,7220,7513,4870,5409,1744,2145,1130,1547,286,843,48086,42543,7744,7069,9474,8092,10845,81,93
2021-09-13T23:59:59+02:00,175,178,3620,3337,9378,6847,8935,6163,7835,8183,5285,5821,1858,2278,1194,1635,324,912,131,122,3085,2818,8333,6091,8130,5596,7210,7491,4861,5403,1743,2141,1130,1545,286,843,47917,42438,7724,7063,9474,8091,10791,81,93
2021-09-12T23:59:59+02:00,175,177,3600,3335,9355,6837,8925,6152,7825,8168,5278,5813,1857,2277,1193,1632,324,911,130,121,3068,2810,8310,6076,8121,5585,7192,7475,4857,5394,1739,2140,1130,1545,286,842,47836,42354,7723,7058,9473,8083,10749,81,93
2021-09-11T23:59:59+02:00,175,177,3597,3332,9348,6833,8922,6149,7824,8166,5275,5811,1856,2276,1192,1632,324,911,129,121,3066,2809,8303,6073,8119,5581,7191,7470,4856,5392,1739,2140,1130,1545,286,842,47818,42339,7722,7058,9472,8083,10733,81,93
2021-09-10T23:59:59+02:00,174,174,3566,3326,9320,6811,8902,6136,7801,8144,5261,5791,1852,2273,1191,1632,324,911,128,118,3049,2800,8273,6048,8099,5565,7170,7449,4840,5373,1738,2139,1129,1542,286,842,47726,42262,7719,7052,9472,8081,10612,81,93
2021-09-09T23:59:59+02:00,172,173,3550,3308,9271,6783,8867,6113,7779,8103,5242,5780,1851,2270,1191,1632,324,911,126,117,3037,2791,8235,6022,8072,5544,7146,7418,4825,5358,1737,2135,1129,1542,286,842,47557,42148,7711,7040,9471,8072,10518,81,92
2021-09-08T23:59:59+02:00,171,171,3530,3298,9236,6773,8844,6084,7761,8072,5227,5762,1847,2268,1190,1630,324,910,124,115,3021,2777,8191,6005,8039,5520,7118,7380,4814,5335,1736,2133,1128,1542,286,842,47453,42015,7703,7031,9468,8068,10406,81,92
2021-09-07T23:59:59+02:00,170,169,3509,3293,9214,6749,8815,6064,7741,8053,5211,5751,1847,2265,1189,1629,324,907,122,114,3003,2768,8165,5982,8014,5496,7101,7355,4799,5322,1733,2129,1127,1541,286,842,47319,41886,7701,7021,9468,8062,10341,81,92
2021-09-06T23:59:59+02:00,170,169,3489,3280,9182,6728,8788,6052,7721,8025,5204,5739,1842,2256,1187,1629,323,907,122,114,2984,2754,8140,5969,7990,5486,7083,7326,4793,5307,1728,2127,1127,1541,286,842,47178,41779,7698,7017,9467,8061,10272,81,92
2021-09-05T23:59:59+02:00,170,168,3477,3275,9172,6719,8774,6042,7719,8015,5198,5729,1841,2254,1187,1629,323,906,122,113,2974,2752,8125,5954,7978,5474,7076,7318,4783,5300,1726,2126,1127,1540,286,842,47123,41721,7694,7009,9466,8060,10236,81,92
2021-09-04T23:59:59+02:00,170,166,3471,3273,9169,6714,8768,6041,7716,8014,5198,5728,1841,2254,1187,1629,323,906,121,113,2969,2748,8120,5947,7973,5474,7071,7316,4782,5299,1724,2125,1126,1540,286,842,47108,41699,7694,7006,9466,8059,10221,81,92
2021-09-03T23:59:59+02:00,168,165,3457,3254,9136,6703,8747,6024,7698,7998,5185,5713,1838,2251,1187,1628,323,904,120,110,2952,2732,8092,5933,7951,5454,7050,7293,4769,5279,1720,2123,1126,1538,286,840,47023,41607,7683,6984,9466,8058,10126,81,92
2021-09-02T23:59:59+02:00,168,162,3435,3236,9085,6679,8706,6004,7677,7973,5172,5695,1833,2246,1185,1627,323,903,119,109,2934,2718,8044,5915,7914,5433,7024,7266,4760,5258,1716,2118,1124,1537,286,837,46887,41494,7674,6973,9464,8053,9999,81,91
2021-09-01T23:59:59+02:00,166,162,3417,3224,9047,6665,8678,5991,7657,7955,5160,5687,1832,2244,1184,1624,323,903,116,107,2915,2710,8000,5892,7878,5414,6996,7243,4748,5244,1712,2116,1123,1534,286,837,46772,41343,7662,6950,9464,8051,9931,81,91
2021-08-31T23:59:59+02:00,164,161,3402,3213,9004,6643,8657,5980,7640,7934,5152,5678,1829,2242,1183,1623,323,902,115,106,2898,2698,7956,5871,7856,5395,6972,7215,4736,5225,1708,2114,1122,1534,286,837,46669,41222,7656,6941,9464,8036,9844,81,91
2021-08-30T23:59:59+02:00,163,161,3372,3192,8964,6614,8614,5959,7601,7898,5137,5661,1824,2240,1182,1623,323,902,115,105,2866,2685,7908,5847,7819,5378,6936,7191,4724,5206,1704,2112,1121,1534,286,836,46501,41092,7655,6931,9462,8034,9710,81,91
2021-08-29T23:59:59+02:00,162,161,3361,3174,8937,6606,8593,5949,7592,7888,5130,5651,1822,2237,1182,1623,322,902,115,102,2847,2661,7871,5839,7798,5358,6922,7177,4714,5201,1702,2111,1119,1533,285,836,46431,40988,7650,6920,9461,8029,9644,81,91
2021-08-28T23:59:59+02:00,161,161,3355,3173,8934,6603,8586,5948,7585,7886,5130,5649,1822,2236,1182,1622,322,902,115,101,2842,2656,7865,5833,7792,5355,6916,7173,4711,5200,1702,2111,1119,1532,285,836,46415,40962,7649,6919,9461,8028,9624,81,91
2021-08-27T23:59:59+02:00,160,161,3343,3169,8915,6593,8561,5939,7567,7877,5119,5641,1822,2236,1182,1621,322,902,115,100,2824,2649,7845,5824,7770,5340,6905,7166,4702,5192,1702,2111,1118,1530,285,836,46352,40895,7648,6917,9460,8027,9559,81,91
2021-08-26T23:59:59+02:00,160,160,3315,3155,8874,6569,8526,5926,7543,7855,5104,5629,1821,2233,1182,1620,322,901,111,97,2799,2626,7802,5795,7719,5311,6868,7136,4677,5177,1697,2105,1118,1529,285,836,46212,40698,7641,6897,9459,8005,9462,81,91
2021-08-25T23:59:59+02:00,156,158,3296,3145,8835,6551,8493,5910,7517,7832,5090,5607,1819,2229,1182,1618,322,901,108,94,2762,2605,7751,5759,7672,5275,6831,7098,4661,5147,1696,2100,1117,1528,285,836,46095,40458,7634,6888,9458,7997,9349,81,91
2021-08-24T23:59:59+02:00,156,157,3291,3136,8814,6535,8474,5893,7501,7810,5080,5595,1817,2228,1181,1616,322,899,107,94,2741,2584,7717,5726,7638,5254,6803,7071,4645,5129,1696,2098,1117,1528,285,835,46019,40286,7629,6879,9458,7992,9272,81,91
2021-08-23T23:59:59+02:00,154,152,3264,3119,8769,6513,8432,5872,7470,7781,5066,5581,1817,2226,1179,1614,322,898,106,93,2710,2564,7672,5685,7597,5236,6768,7040,4630,5113,1692,2098,1117,1526,284,835,45872,40122,7620,6864,9455,7986,9145,81,91
2021-08-22T23:59:59+02:00,154,152,3250,3111,8755,6496,8419,5865,7450,7770,5060,5575,1816,2225,1178,1614,322,898,105,93,2694,2548,7640,5662,7576,5222,6748,7019,4627,5103,1688,2093,1116,1526,283,835,45800,39987,7613,6854,9455,7983,9101,81,91
2021-08-21T23:59:59+02:00,153,152,3243,3104,8745,6487,8409,5863,7445,7765,5058,5569,1815,2225,1178,1613,322,898,100,91,2684,2540,7622,5652,7556,5212,6737,7012,4619,5094,1687,2091,1115,1526,283,835,45749,39908,7610,6827,9455,7982,9084,81,91
2021-08-20T23:59:59+02:00,152,150,3233,3093,8720,6470,8376,5843,7426,7741,5046,5557,1812,2222,1178,1612,322,896,98,89,2655,2525,7575,5619,7520,5180,6699,6973,4603,5073,1681,2087,1114,1523,283,833,45669,39732,7601,6788,9454,7972,8977,81,91
2021-08-19T23:59:59+02:00,151,147,3214,3079,8677,6446,8339,5824,7406,7715,5033,5539,1806,2219,1177,1610,322,895,95,84,2610,2505,7494,5568,7459,5143,6651,6915,4573,5040,1676,2083,1114,1522,283,833,45542,39398,7589,6755,9451,7960,8863,81,91
2021-08-18T23:59:59+02:00,150,145,3203,3070,8654,6429,8310,5808,7373,7697,5019,5530,1801,2217,1177,1610,321,894,93,82,2583,2484,7429,5534,7401,5108,6609,6881,4548,5017,1671,2079,1112,1522,283,832,45430,39153,7584,6702,9450,7950,8786,81,91
2021-08-17T23:59:59+02:00,150,145,3187,3060,8630,6403,8283,5794,7360,7674,5008,5517,1798,2215,1176,1609,320,894,89,79,2555,2464,7374,5485,7357,5071,6578,6842,4529,4995,1662,2073,1111,1518,282,832,45312,38880,7577,6661,9449,7944,8725,81,91
2021-08-16T23:59:59+02:00,148,144,3177,3047,8609,6387,8264,5788,7347,7658,4995,5504,1797,2214,1176,1608,320,894,82,77,2526,2434,7296,5440,7288,5038,6529,6799,4498,4969,1660,2069,1109,1517,282,832,45219,38504,7572,6646,9449,7931,8674,81,91
2021-08-15T23:59:59+02:00,147,143,3168,3032,8579,6377,8247,5778,7329,7643,4989,5493,1795,2211,1176,1607,320,894,74,74,2488,2397,7231,5406,7251,5010,6483,6769,4485,4956,1656,2064,1108,1515,282,832,45122,38200,7565,6625,9448,7926,8630,81,91
2021-08-14T23:59:59+02:00,145,143,3163,3026,8568,6374,8240,5777,7329,7640,4985,5491,1793,2210,1176,1606,320,894,74,73,2479,2388,7205,5393,7239,4999,6476,6755,4466,4947,1651,2061,1108,1513,282,831,45104,38102,7564,6612,9448,7923,8601,81,91
2021-08-13T23:59:59+02:00,144,142,3146,3023,8545,6366,8231,5764,7313,7628,4976,5482,1793,2206,1175,1605,320,894,74,71,2445,2368,7155,5362,7202,4970,6436,6726,4455,4932,1650,2057,1107,1513,282,831,45031,37865,7563,6597,9448,7922,8545,81,91
2021-08-12T23:59:59+02:00,142,137,3127,3015,8516,6345,8198,5744,7289,7604,4961,5466,1790,2204,1172,1603,320,894,73,70,2403,2332,7063,5310,7148,4931,6385,6676,4430,4901,1646,2053,1104,1512,282,831,44922,37539,7555,6563,9446,7897,8436,80,91
2021-08-11T23:59:59+02:00,140,134,3109,2999,8479,6318,8174,5731,7267,7583,4950,5453,1789,2202,1172,1602,320,894,71,68,2375,2299,6989,5250,7069,4889,6325,6612,4409,4863,1642,2044,1104,1510,282,829,44794,37113,7544,6530,9441,7889,8367,80,91
2021-08-10T23:59:59+02:00,140,132,3090,2988,8448,6306,8148,5710,7237,7567,4932,5444,1785,2202,1172,1600,320,893,70,64,2304,2242,6869,5187,6982,4817,6230,6547,4362,4839,1632,2036,1102,1508,282,827,44684,36496,7533,6504,9438,7874,8287,80,91
2021-08-09T23:59:59+02:00,137,132,3070,2979,8418,6284,8124,5701,7210,7548,4922,5431,1784,2201,1172,1600,320,892,66,63,2240,2183,6758,5106,6882,4775,6158,6491,4330,4805,1626,2026,1101,1507,282,827,44596,35986,7527,6449,9437,7851,8190,80,91
2021-08-08T23:59:59+02:00,137,131,3058,2972,8400,6275,8106,5689,7200,7539,4916,5427,1780,2201,1172,1600,320,891,66,62,2215,2155,6692,5073,6838,4748,6117,6468,4319,4788,1616,2022,1100,1505,282,826,44535,35746,7525,6405,9434,7841,8143,80,91
2021-08-07T23:59:59+02:00,136,130,3050,2965,8381,6263,8092,5681,7193,7528,4911,5422,1778,2201,1171,1600,320,891,63,55,2179,2131,6615,5024,6781,4716,6082,6432,4302,4774,1612,2021,1100,1502,282,826,44476,35423,7520,6377,9433,7832,8105,80,91
2021-08-06T23:59:59+02:00,136,129,3038,2954,8353,6252,8060,5657,7174,7506,4900,5408,1773,2199,1171,1599,320,891,57,52,2138,2091,6506,4952,6702,4680,6038,6393,4283,4753,1609,2018,1099,1499,282,826,44414,35062,7502,6349,9433,7815,7991,80,89
2021-08-05T23:59:59+02:00,135,128,3014,2938,8329,6230,8021,5637,7150,7481,4881,5385,1769,2196,1169,1595,320,890,53,48,2096,2042,6371,4844,6588,4623,5966,6327,4244,4711,1602,2011,1096,1497,282,826,44282,34561,7492,6257,9432,7758,7875,80,89
2021-08-04T23:59:59+02:00,132,124,2977,2917,8261,6196,7983,5612,7120,7450,4865,5369,1765,2192,1166,1594,320,890,53,43,2040,2005,6245,4770,6467,4569,5896,6259,4216,4672,1592,2005,1091,1494,282,825,44072,34050,7478,6209,9432,7723,7750,80,89
2021-08-03T23:59:59+02:00,130,123,2960,2897,8235,6181,7947,5595,7098,7425,4852,5355,1761,2191,1165,1591,320,890,50,43,2003,1975,6150,4704,6361,4515,5828,6201,4172,4629,1587,1998,1090,1492,282,825,43929,33564,7473,6164,9430,7698,7678,80,87
2021-08-02T23:59:59+02:00,130,123,2935,2871,8201,6157,7921,5581,7073,7408,4835,5346,1758,2187,1164,1591,319,890,49,42,1974,1938,6017,4609,6245,4450,5757,6148,4126,4595,1580,1982,1089,1489,281,824,43784,32978,7465,6122,9429,7679,7604,80,85
2021-08-01T23:59:59+02:00,130,122,2918,2855,8172,6135,7907,5564,7062,7400,4830,5338,1757,2186,1162,1591,319,890,46,41,1950,1917,5939,4564,6180,4403,5712,6125,4110,4576,1578,1979,1087,1486,281,824,43690,32675,7453,6092,9429,7656,7555,80,84
2021-07-31T23:59:59+02:00,128,121,2911,2848,8159,6128,7898,5560,7055,7391,4829,5335,1756,2186,1162,1591,319,890,43,31,1910,1873,5838,4498,6112,4354,5659,6086,4081,4552,1572,1976,1087,1485,281,824,43650,32177,7451,6079,9429,7650,7526,80,84
2021-07-30T23:59:59+02:00,125,119,2903,2838,8132,6111,7885,5543,7034,7377,4821,5327,1755,2184,1162,1590,319,890,39,30,1890,1850,5757,4454,6050,4299,5600,6038,4053,4533,1568,1974,1086,1482,281,824,43565,31808,7438,6052,9427,7639,7471,80,84
2021-07-29T23:59:59+02:00,122,117,2869,2822,8074,6069,7843,5499,7003,7336,4798,5307,1753,2179,1160,1589,319,890,34,26,1850,1822,5628,4348,5915,4223,5506,5951,4005,4480,1561,1964,1083,1480,281,824,43360,31219,7423,5992,9421,7598,7323,80,84
2021-07-28T23:59:59+02:00,119,115,2847,2807,8045,6042,7816,5471,6981,7313,4785,5291,1748,2177,1159,1587,318,889,33,23,1813,1777,5525,4272,5798,4152,5420,5877,3968,4446,1548,1956,1081,1478,281,823,43182,30649,7412,5933,9417,7554,7275,80,84
2021-07-27T23:59:59+02:00,115,114,2831,2788,8004,6025,7783,5452,6961,7295,4773,5279,1748,2175,1158,1586,317,889,31,23,1766,1748,5385,4184,5669,4069,5328,5809,3928,4395,1539,1945,1079,1475,280,823,43062,30045,7396,5852,9416,7510,7194,80,84
2021-07-26T23:59:59+02:00,113,112,2805,2769,7969,6001,7749,5435,6939,7274,4768,5267,1746,2175,1156,1586,317,889,31,23,1721,1688,5244,4117,5567,4002,5255,5739,3870,4361,1536,1933,1078,1469,280,822,42918,29461,7373,5783,9413,7463,7136,80,84
2021-07-25T23:59:59+02:00,107,110,2790,2755,7933,5979,7722,5427,6918,7255,4758,5261,1744,2172,1155,1585,317,888,28,20,1697,1663,5182,4068,5507,3971,5204,5704,3836,4337,1531,1928,1077,1468,280,822,42775,29161,7365,5749,9410,7425,7088,80,84
2021-07-24T23:59:59+02:00,107,108,2777,2741,7908,5966,7697,5412,6904,7242,4748,5256,1742,2169,1155,1585,317,888,27,19,1676,1641,5134,4046,5432,3923,5161,5680,3816,4329,1529,1926,1076,1466,280,821,42690,28957,7342,5656,9409,7424,7039,80,84
2021-07-23T23:59:59+02:00,105,106,2753,2718,7852,5945,7669,5388,6865,7216,4729,5244,1740,2165,1153,1585,317,888,23,16,1618,1609,4982,3939,5294,3854,5086,5609,3763,4297,1527,1917,1075,1461,279,821,42520,28292,7334,5626,9407,7403,6925,80,84
2021-07-22T23:59:59+02:00,104,103,2720,2688,7782,5895,7615,5350,6817,7167,4694,5220,1733,2158,1152,1584,317,887,22,16,1567,1570,4808,3860,5139,3771,4924,5525,3683,4244,1514,1907,1070,1459,279,820,42205,27622,7308,5475,9397,7333,6811,80,84
2021-07-21T23:59:59+02:00,103,100,2692,2674,7718,5864,7564,5312,6757,7127,4671,5196,1726,2152,1151,1581,317,885,22,14,1529,1522,4684,3778,5004,3704,4824,5418,3608,4204,1501,1895,1067,1458,279,817,41954,27128,7269,5265,9391,7274,6699,80,83
2021-07-20T23:59:59+02:00,103,100,2672,2647,7662,5832,7527,5282,6718,7086,4647,5177,1722,2148,1151,1580,317,884,21,14,1496,1488,4550,3707,4914,3650,4723,5337,3556,4170,1497,1885,1066,1457,279,816,41702,26625,7260,5184,9388,7216,6622,80,83
2021-07-19T23:59:59+02:00,102,100,2650,2622,7605,5791,7482,5260,6675,7054,4629,5161,1716,2141,1149,1577,317,883,20,11,1472,1461,4472,3657,4830,3613,4649,5276,3521,4141,1491,1879,1061,1454,277,815,41416,26298,7246,5057,9386,7175,6579,80,83
2021-07-18T23:59:59+02:00,102,98,2621,2598,7536,5757,7447,5231,6632,7017,4612,5151,1710,2133,1147,1577,316,882,18,11,1451,1436,4426,3616,4791,3582,4600,5249,3487,4128,1485,1869,1060,1454,277,813,41113,26089,7232,4976,9381,7149,6543,80,82
2021-07-17T23:59:59+02:00,97,95,2609,2584,7519,5743,7430,5214,6614,7002,4590,5140,1706,2132,1147,1576,316,880,18,11,1437,1422,4387,3582,4739,3559,4560,5217,3457,4116,1480,1866,1060,1452,277,813,41006,25906,7223,4918,9377,7141,6488,80,82
2021-07-16T23:59:59+02:00,97,92,2571,2562,7454,5707,7372,5172,6568,6959,4563,5112,1699,2126,1146,1575,316,880,17,10,1394,1394,4285,3525,4649,3517,4472,5159,3394,4070,1467,1858,1055,1450,277,812,40814,25552,7202,4883,9369,7074,6276,80,82
2021-07-15T23:59:59+02:00,94,88,2521,2536,7383,5672,7314,5132,6521,6904,4545,5086,1695,2121,1144,1572,315,880,15,10,1335,1359,4086,3411,4462,3412,4327,5059,3333,4003,1456,1850,1050,1445,276,812,40491,24839,7182,4643,9362,7006,6171,78,82
2021-07-14T23:59:59+02:00,93,85,2487,2520,7310,5642,7242,5098,6466,6856,4522,5064,1688,2114,1142,1570,315,879,14,10,1287,1319,3955,3317,4352,3343,4214,4992,3286,3958,1444,1839,1048,1441,276,812,40171,24311,7161,4537,9360,6930,6073,78,82
2021-07-13T23:59:59+02:00,89,82,2457,2494,7257,5613,7178,5057,6427,6805,4503,5046,1678,2107,1140,1570,315,879,12,8,1255,1279,3838,3218,4228,3273,4123,4902,3232,3900,1416,1832,1046,1435,274,810,39855,23802,7152,4386,9358,6823,5997,78,82
2021-07-12T23:59:59+02:00,84,82,2430,2470,7185,5569,7108,5011,6376,6764,4474,5020,1673,2104,1137,1570,315,879,11,8,1221,1254,3725,3126,4108,3200,4021,4821,3178,3853,1402,1822,1042,1427,274,810,39507,23322,7138,4250,9353,6735,5910,77,81
2021-07-11T23:59:59+02:00,77,79,2416,2454,7146,5542,7079,4986,6346,6746,4465,5013,1670,2100,1135,1570,314,879,11,8,1207,1235,3671,3078,4047,3163,3965,4792,3152,3839,1393,1810,1040,1423,274,810,39383,23123,7119,4209,9347,6673,5822,76,81
2021-07-10T23:59:59+02:00,76,78,2388,2419,7064,5501,7013,4947,6295,6711,4442,5001,1666,2097,1135,1567,314,878,11,8,1184,1214,3612,3035,3999,3133,3926,4760,3134,3825,1387,1803,1040,1421,274,810,39129,22931,7093,4208,9334,6657,5680,76,81
2021-07-09T23:59:59+02:00,75,75,2362,2401,6996,5465,6968,4923,6245,6678,4423,4978,1664,2091,1135,1566,314,878,7,4,1159,1197,3560,2986,3946,3089,3869,4717,3106,3794,1385,1787,1038,1420,274,810,38903,22677,7064,4174,9323,6601,5582,76,81
2021-07-08T23:59:59+02:00,70,72,2311,2354,6903,5397,6868,4870,6180,6612,4385,4943,1657,2081,1133,1563,314,878,6,4,1085,1142,3391,2893,3750,3009,3684,4618,3035,3731,1370,1769,1036,1411,273,809,38566,22161,6987,3881,9291,6459,5374,76,81
2021-07-07T23:59:59+02:00,70,71,2235,2301,6790,5323,6765,4817,6106,6554,4350,4894,1650,2072,1130,1559,313,878,6,4,1030,1103,3237,2807,3568,2923,3524,4511,2982,3670,1353,1739,1029,1402,273,807,38067,21585,6943,3633,9266,6376,5215,76,81
2021-07-06T23:59:59+02:00,67,70,2188,2260,6682,5266,6674,4770,6049,6486,4310,4859,1643,2066,1127,1554,313,878,6,4,993,1059,3121,2703,3480,2863,3449,4418,2927,3609,1327,1708,1025,1393,273,807,37610,21070,6890,3524,9249,6284,5111,76,81
2021-07-05T23:59:59+02:00,65,70,2117,2212,6543,5195,6556,4733,5977,6426,4272,4822,1637,2057,1125,1552,313,876,6,4,948,1021,3009,2630,3399,2817,3371,4348,2883,3551,1306,1690,1019,1383,273,804,37116,20677,6840,3446,9222,6195,4955,75,79
2021-07-04T23:59:59+02:00,65,69,2078,2165,6454,5145,6518,4702,5933,6406,4254,4799,1634,2054,1125,1550,313,875,6,4,909,994,2941,2574,3363,2789,3335,4314,2856,3527,1291,1670,1017,1381,272,804,36899,20520,6802,3388,9198,6119,4821,75,79
2021-07-03T23:59:59+02:00,61,54,1977,2079,6236,4980,6363,4611,5845,6317,4203,4764,1630,2050,1124,1546,313,875,6,4,870,965,2869,2527,3305,2759,3293,4265,2824,3495,1284,1665,1016,1377,271,802,36036,20319,6766,3385,9190,6093,4597,75,79
2021-07-02T23:59:59+02:00,52,47,1935,2038,6155,4932,6318,4582,5823,6287,4188,4745,1629,2044,1122,1545,312,875,6,4,846,936,2795,2475,3235,2712,3248,4213,2792,3457,1265,1646,1012,1371,271,800,35740,19995,6730,3357,9184,5991,4528,74,79
2021-07-01T23:59:59+02:00,48,40,1882,1996,6047,4859,6235,4533,5742,6220,4160,4714,1626,2038,1121,1544,312,874,6,4,768,882,2592,2384,3042,2619,3064,4093,2690,3364,1240,1622,1002,1355,271,798,35311,19162,6681,3127,9167,5884,4376,74,79
2021-06-30T23:59:59+02:00,48,39,1833,1936,5918,4773,6132,4479,5679,6172,4146,4689,1622,2030,1119,1541,312,874,6,3,731,846,2478,2307,2927,2560,2953,3998,2620,3284,1216,1595,993,1345,270,797,34860,18668,6617,3001,9151,5748,4243,73,79
2021-06-29T23:59:59+02:00,46,37,1768,1852,5800,4680,6031,4418,5622,6112,4118,4660,1614,2024,1118,1540,312,872,5,3,696,795,2392,2217,2849,2495,2845,3878,2562,3231,1201,1561,981,1335,269,794,34289,18149,6581,2923,9143,5626,4122,72,79
2021-06-28T23:59:59+02:00,44,35,1729,1791,5677,4609,5958,4366,5576,6072,4088,4635,1612,2015,1117,1539,312,872,5,3,682,763,2283,2142,2768,2430,2765,3789,2510,3183,1184,1543,974,1329,269,792,33848,17787,6524,2769,9133,5519,4036,72,79
2021-06-27T23:59:59+02:00,44,34,1696,1764,5624,4571,5914,4332,5526,6057,4077,4622,1609,2011,1117,1538,312,872,5,3,662,744,2227,2099,2722,2399,2715,3744,2478,3161,1175,1529,972,1320,269,792,33652,17616,6490,2706,9111,5426,3957,72,79
2021-06-26T23:59:59+02:00,37,29,1662,1734,5549,4523,5820,4286,5485,6025,4058,4606,1608,2009,1117,1536,312,872,5,3,654,733,2194,2071,2685,2375,2695,3718,2452,3142,1158,1519,971,1318,269,792,33275,17373,6404,2701,9111,5408,3957,72,78
2021-06-25T23:59:59+02:00,31,23,1625,1692,5438,4451,5764,4256,5444,6001,4035,4595,1605,2008,1115,1535,311,872,4,3,646,709,2136,2039,2615,2306,2591,3584,2405,3038,1147,1496,968,1315,268,791,32836,16883,6375,2671,9110,5226,3952,72,78
2021-06-24T23:59:59+02:00,24,18,1572,1640,5253,4334,5633,4200,5339,5955,3995,4568,1601,2004,1115,1534,310,871,4,3,605,687,2015,1964,2428,2235,2417,3498,2296,2943,1117,1472,958,1309,267,787,32169,16354,6313,2315,9100,5140,3837,72,78
2021-06-23T23:59:59+02:00,23,18,1537,1591,5160,4269,5553,4141,5290,5911,3972,4531,1591,1998,1112,1531,309,871,4,3,574,662,1939,1899,2313,2181,2295,3402,2192,2853,1090,1450,953,1301,266,786,31699,15762,6258,2231,9094,4995,3799,72,78
2021-06-22T23:59:59+02:00,22,18,1505,1573,5084,4200,5465,4092,5242,5865,3946,4507,1586,1992,1111,1530,309,871,4,3,556,638,1869,1845,2222,2125,2211,3294,2087,2763,1075,1428,942,1289,266,782,31266,15313,6213,2088,9089,4827,3773,72,77
2021-06-21T23:59:59+02:00,21,18,1471,1529,4954,4107,5382,4047,5172,5805,3917,4482,1581,1979,1109,1525,308,869,4,3,539,619,1826,1797,2180,2083,2156,3206,2018,2681,1056,1398,918,1266,266,779,30696,14993,6172,1985,9087,4677,3730,72,77
2021-06-20T23:59:59+02:00,20,16,1440,1496,4874,4032,5326,4027,5137,5784,3893,4471,1578,1978,1108,1525,307,869,4,3,521,602,1794,1765,2154,2059,2125,3177,1974,2643,1047,1382,915,1259,266,778,30382,14799,6133,1945,9073,4612,3692,72,76
2021-06-19T23:59:59+02:00,19,16,1421,1474,4828,3998,5299,3999,5106,5757,3871,4458,1571,1976,1108,1524,307,869,4,3,512,595,1772,1740,2132,2031,2111,3151,1948,2602,1037,1375,911,1258,264,777,30188,14613,6063,1912,9071,4604,3668,72,75
2021-06-18T23:59:59+02:00,14,12,1395,1456,4748,3952,5243,3955,5057,5719,3845,4446,1568,1973,1106,1522,307,869,4,3,497,585,1751,1724,2103,2000,2064,3100,1897,2546,1024,1359,909,1254,263,775,29835,14302,6014,1909,9069,4551,3654,72,75
2021-06-17T23:59:59+02:00,11,11,1357,1416,4572,3869,5050,3877,4875,5627,3789,4400,1561,1970,1106,1521,306,869,4,3,458,562,1646,1686,1917,1937,1899,2999,1793,2461,1002,1340,897,1242,261,773,29201,13819,5948,1796,9061,4459,3347,71,75
2021-06-16T23:59:59+02:00,11,10,1326,1383,4466,3784,4947,3823,4772,5563,3742,4375,1554,1966,1104,1517,306,868,4,3,439,540,1581,1646,1854,1903,1815,2914,1734,2383,984,1314,887,1226,260,770,28702,13392,5832,1724,9045,4378,3290,71,75
2021-06-15T23:59:59+02:00,11,10,1292,1352,4324,3692,4870,3755,4696,5491,3700,4341,1544,1958,1099,1514,306,866,4,3,425,518,1519,1589,1800,1857,1745,2857,1660,2315,965,1288,882,1215,258,769,28123,13038,5793,1638,9029,4302,3207,71,75
2021-06-14T23:59:59+02:00,11,8,1265,1310,4227,3631,4788,3700,4612,5415,3644,4311,1539,1949,1098,1508,304,865,4,3,416,505,1470,1553,1749,1821,1691,2789,1601,2261,956,1264,877,1208,257,768,27632,12778,5694,1560,9025,4215,3147,71,74
2021-06-13T23:59:59+02:00,11,8,1248,1292,4176,3593,4738,3658,4560,5370,3624,4295,1538,1943,1098,1506,303,864,4,3,408,497,1435,1536,1708,1796,1647,2752,1566,2218,938,1245,873,1198,256,766,27367,12588,5658,1536,9020,4136,3085,71,74
2021-06-12T23:59:59+02:00,11,7,1234,1266,4145,3573,4706,3634,4541,5352,3611,4284,1536,1939,1097,1505,303,863,4,3,404,494,1422,1516,1681,1770,1626,2730,1538,2196,930,1235,863,1195,256,765,27169,12437,5647,1535,9019,4073,3072,71,73
2021-06-11T23:59:59+02:00,10,7,1217,1251,4104,3526,4633,3607,4495,5312,3581,4272,1535,1937,1096,1502,303,862,4,3,394,480,1399,1474,1650,1747,1582,2685,1491,2154,919,1220,859,1189,256,764,26859,12184,5614,1526,9015,3992,3049,71,73
2021-06-10T23:59:59+02:00,10,6,1154,1194,3979,3436,4496,3522,4395,5246,3526,4235,1531,1929,1094,1501,303,862,4,3,373,461,1334,1433,1574,1688,1514,2613,1401,2055,894,1187,855,1180,255,761,26237,11741,5468,1513,8996,3827,2970,71,72
2021-06-09T23:59:59+02:00,9,4,1102,1155,3827,3325,4352,3459,4306,5167,3476,4191,1525,1923,1092,1498,303,862,3,3,354,441,1270,1389,1509,1652,1458,2532,1320,1988,863,1133,848,1166,254,759,25711,11433,5281,1450,8987,3684,2826,71,72
2021-06-08T23:59:59+02:00,8,4,1044,1111,3679,3224,4231,3377,4193,5082,3423,4161,1519,1918,1090,1495,302,860,3,2,337,420,1219,1347,1451,1614,1396,2471,1273,1914,838,1098,837,1149,250,756,25120,11178,5135,1400,8975,3540,2696,71,70
2021-06-07T23:59:59+02:00,7,4,1016,1082,3566,3144,4093,3340,4069,5013,3366,4133,1506,1913,1089,1493,302,858,2,0,328,412,1173,1306,1391,1591,1347,2419,1206,1861,823,1078,823,1131,248,751,24711,11000,4948,1364,8969,3406,2550,71,69
2021-06-06T23:59:59+02:00,7,4,991,1070,3504,3104,4014,3289,3994,4980,3332,4117,1504,1908,1086,1492,301,858,2,0,319,402,1157,1277,1357,1558,1325,2360,1176,1801,811,1063,815,1123,248,747,24491,10884,4803,1309,8955,3295,2474,71,68
2021-06-05T23:59:59+02:00,7,4,978,1052,3423,3037,3959,3258,3957,4956,3321,4113,1503,1906,1086,1491,301,857,2,0,312,392,1136,1254,1337,1542,1298,2330,1143,1781,799,1039,813,1119,248,747,24186,10710,4796,1306,8951,3250,2434,70,67
2021-06-04T23:59:59+02:00,5,4,950,1032,3373,2979,3881,3217,3892,4898,3292,4091,1499,1902,1084,1491,301,857,2,0,301,383,1114,1223,1308,1525,1270,2286,1113,1752,783,1016,807,1114,248,744,23851,10564,4749,1300,8947,3187,2341,70,67
2021-06-03T23:59:59+02:00,5,4,905,997,3211,2876,3687,3107,3713,4778,3200,4016,1489,1890,1080,1486,301,857,1,0,290,372,1076,1182,1248,1463,1196,2195,1048,1692,744,976,799,1101,248,743,23147,10332,4510,1281,8928,3018,2132,70,65
2021-06-02T23:59:59+02:00,5,4,878,985,3134,2804,3629,3064,3649,4713,3158,3988,1487,1884,1080,1485,301,857,1,0,278,363,1046,1158,1203,1443,1152,2149,995,1647,730,944,796,1096,248,742,22776,10110,4489,1267,8928,2979,2013,70,65
2021-06-01T23:59:59+02:00,5,4,829,946,2966,2682,3444,2966,3477,4607,3097,3926,1477,1877,1077,1479,301,857,0,0,265,347,959,1092,1106,1384,1066,2037,945,1567,697,891,788,1086,247,735,22144,9809,4265,1232,8915,2770,1761,70,64
2021-05-31T23:59:59+02:00,5,3,790,917,2837,2595,3297,2869,3367,4512,3044,3873,1472,1864,1075,1474,301,857,0,0,249,330,918,1049,1036,1331,1017,1958,907,1508,677,866,781,1080,246,735,21727,9631,4018,1217,8892,2631,1558,70,62
2021-05-30T23:59:59+02:00,5,3,779,905,2777,2547,3228,2829,3308,4468,3022,3852,1468,1858,1075,1474,301,856,0,0,239,312,874,1002,979,1289,970,1896,881,1449,664,850,777,1071,246,734,21570,9525,3956,1207,8879,2456,1385,70,62
2021-05-29T23:59:59+02:00,5,3,776,901,2758,2530,3207,2815,3289,4452,3014,3843,1466,1857,1075,1474,301,856,0,0,236,301,869,987,960,1260,954,1847,866,1416,651,828,774,1066,245,734,21441,9430,3954,1205,8876,2314,1384,69,61
2021-05-28T23:59:59+02:00,5,3,767,889,2718,2488,3156,2786,3262,4427,3004,3827,1466,1854,1073,1469,301,856,0,0,232,292,856,967,948,1236,938,1804,837,1376,632,798,769,1058,244,732,21180,9245,3942,1200,8873,2226,1380,69,60
2021-05-27T23:59:59+02:00,5,3,722,864,2583,2420,3019,2714,3117,4343,2921,3776,1457,1843,1072,1467,300,854,0,0,217,273,793,914,866,1178,849,1704,771,1291,607,765,760,1039,243,730,20673,9030,3803,1163,8839,1958,1167,69,58
2021-05-26T23:59:59+02:00,5,3,687,830,2472,2344,2854,2647,2990,4274,2870,3726,1446,1831,1071,1459,298,849,0,0,207,252,750,874,816,1141,805,1632,731,1231,591,739,742,1005,242,727,20243,8801,3550,1149,8811,1815,1032,69,58
2021-05-25T23:59:59+02:00,5,3,664,810,2379,2282,2750,2602,2888,4189,2822,3689,1434,1823,1068,1455,297,847,0,0,195,239,725,844,780,1103,766,1572,677,1168,571,719,721,975,241,725,19864,8573,3370,1112,8767,1674,974,68,54
2021-05-24T23:59:59+02:00,5,3,649,783,2318,2239,2675,2566,2816,4132,2765,3645,1421,1816,1062,1454,297,846,0,0,190,231,700,824,751,1071,730,1515,651,1116,552,705,714,971,241,723,19658,8474,3186,1098,8732,1553,873,67,52
2021-05-23T23:59:59+02:00,5,3,645,782,2300,2223,2663,2551,2805,4116,2753,3629,1418,1814,1062,1452,297,846,0,0,188,229,693,816,741,1064,713,1503,640,1106,548,698,709,965,240,720,19531,8387,3183,1091,8732,1540,871,67,48
2021-05-22T23:59:59+02:00,5,3,638,769,2274,2200,2625,2529,2781,4083,2717,3600,1411,1810,1061,1450,297,845,0,0,186,221,683,810,735,1052,700,1495,633,1099,538,688,703,954,239,720,19270,8321,3182,1091,8730,1496,861,67,47
2021-05-21T23:59:59+02:00,5,3,623,752,2183,2162,2535,2475,2710,4033,2673,3554,1404,1797,1059,1449,296,844,0,0,183,218,676,799,724,1042,688,1482,618,1079,525,662,695,946,239,718,18763,8226,3155,1090,8707,1434,856,67,47
2021-05-20T23:59:59+02:00,5,3,587,726,2059,2085,2399,2396,2576,3931,2594,3469,1387,1781,1057,1443,296,842,0,0,174,207,642,757,687,1001,654,1424,592,1014,504,632,689,937,239,717,18090,8093,3028,1078,8630,1220,782,67,44
2021-05-19T23:59:59+02:00,4,3,550,691,1940,1998,2250,2324,2433,3830,2493,3372,1369,1763,1049,1440,294,842,0,0,160,200,611,733,653,966,620,1369,566,954,490,609,679,912,238,715,17311,7933,2956,1059,8587,1117,658,67,43
2021-05-18T23:59:59+02:00,4,2,521,669,1858,1913,2143,2266,2317,3711,2397,3281,1358,1742,1042,1433,294,838,0,0,153,191,589,704,627,936,603,1291,546,890,472,581,670,896,237,712,16775,7804,2782,1020,8528,1007,552,67,43
2021-05-17T23:59:59+02:00,4,0,497,655,1797,1873,2087,2215,2238,3596,2334,3206,1338,1722,1035,1426,293,836,0,0,147,183,571,690,618,896,589,1229,529,833,452,550,668,888,237,711,16459,7723,2618,988,8457,903,453,66,43
2021-05-16T23:59:59+02:00,3,0,492,654,1770,1845,2044,2184,2198,3546,2280,3145,1323,1713,1033,1421,293,835,0,0,143,182,561,670,602,879,573,1181,512,794,426,520,666,885,237,710,16269,7664,2547,957,8412,816,371,66,42
2021-05-15T23:59:59+02:00,3,0,487,649,1740,1825,2024,2162,2177,3522,2255,3104,1315,1712,1032,1419,292,835,0,0,141,179,558,668,601,874,566,1176,506,784,423,518,664,883,237,709,16053,7631,2546,956,8403,803,365,66,41
2021-05-14T23:59:59+02:00,3,0,470,632,1708,1787,1979,2121,2094,3452,2214,3063,1307,1702,1030,1419,290,835,0,0,138,172,551,652,581,850,545,1142,491,768,407,502,659,877,237,707,15676,7569,2503,940,8381,694,338,66,41
2021-05-13T23:59:59+02:00,2,0,441,610,1632,1732,1863,2066,1972,3365,2145,2971,1283,1683,1023,1417,288,831,0,0,133,169,534,643,571,833,534,1125,476,755,390,474,647,851,237,702,15234,7478,2235,900,8326,654,302,65,40
2021-05-12T23:59:59+02:00,2,0,433,605,1611,1720,1845,2055,1947,3341,2129,2956,1281,1678,1019,1415,288,831,0,0,133,167,530,643,570,826,531,1120,472,748,384,462,646,845,237,702,15094,7433,2209,891,8318,651,300,63,40
2021-05-11T23:59:59+02:00,2,0,414,584,1527,1678,1734,2013,1834,3245,2020,2887,1266,1654,1015,1405,288,831,0,0,126,158,512,609,549,798,509,1087,443,726,361,434,637,839,237,702,14675,7330,2025,861,8200,552,234,63,40
2021-05-10T23:59:59+02:00,2,0,397,566,1481,1643,1681,1978,1756,3179,1961,2819,1259,1640,1011,1399,288,828,0,0,126,154,505,602,537,775,500,1061,437,705,352,421,635,835,237,701,14389,7276,1939,851,8075,497,208,62,38
2021-05-09T23:59:59+02:00,2,0,390,554,1436,1614,1645,1958,1709,3140,1899,2779,1246,1628,1008,1394,288,827,0,0,121,151,498,592,527,767,491,1051,426,692,342,410,630,830,237,700,14144,7239,1880,840,8019,444,187,62,37
2021-05-08T23:59:59+02:00,2,0,385,548,1421,1593,1609,1937,1686,3114,1866,2756,1239,1621,1005,1393,287,827,0,0,120,151,495,592,524,766,489,1045,426,686,341,408,626,822,237,700,13923,7221,1873,834,8014,433,185,62,35
2021-05-07T23:59:59+02:00,2,0,372,540,1392,1562,1554,1918,1627,3051,1817,2704,1232,1613,1004,1387,287,824,0,0,116,147,484,578,511,738,477,1010,409,660,339,387,611,810,236,698,13643,7168,1844,809,7947,328,147,62,34
2021-05-06T23:59:59+02:00,2,0,347,526,1294,1519,1442,1858,1483,2934,1685,2610,1201,1582,1001,1376,287,821,0,0,114,143,468,559,500,719,462,985,395,639,330,372,597,797,236,695,13138,7104,1653,789,7721,239,119,59,31
2021-05-05T23:59:59+02:00,2,0,332,511,1253,1487,1396,1816,1416,2863,1605,2522,1182,1557,995,1363,287,816,0,0,113,139,457,548,495,706,454,975,389,621,313,360,580,780,236,694,12701,7032,1588,769,7655,190,111,59,28
2021-05-04T23:59:59+02:00,2,0,323,499,1200,1452,1358,1788,1369,2815,1549,2461,1165,1528,989,1352,285,812,0,0,108,136,448,535,491,699,442,953,378,604,301,343,569,760,236,694,12363,6951,1525,741,7604,149,99,57,26
2021-05-03T23:59:59+02:00,2,0,317,493,1163,1430,1321,1767,1336,2778,1506,2423,1147,1502,983,1345,284,808,0,0,100,132,436,525,480,692,435,946,367,595,290,335,551,743,234,692,12107,6864,1500,732,7559,129,71,57,24
2021-05-02T23:59:59+02:00,2,0,313,492,1147,1415,1290,1749,1309,2759,1494,2399,1137,1488,980,1344,284,805,0,0,97,130,428,517,474,686,430,939,363,592,286,327,531,732,234,692,11971,6820,1484,711,7524,113,54,56,22
2021-05-01T23:59:59+02:00,2,0,309,486,1137,1407,1279,1736,1294,2747,1475,2381,1131,1482,977,1341,284,804,0,0,97,129,428,516,470,686,427,936,363,590,284,327,531,732,234,692,11830,6808,1483,711,7523,110,53,56,20
2021-04-30T23:59:59+02:00,2,0,304,477,1126,1383,1253,1715,1264,2684,1421,2331,1118,1463,972,1338,284,801,0,0,95,127,425,511,467,679,425,910,358,580,279,320,529,727,234,691,11523,6790,1478,701,7519,83,23,56,19
2021-04-29T23:59:59+02:00,2,0,288,462,1071,1352,1201,1675,1214,2627,1329,2265,1074,1420,967,1330,283,799,0,0,95,125,420,509,462,674,416,898,349,572,269,310,518,717,233,688,11038,6730,1439,681,7454,59,21,54,19
2021-04-28T23:59:59+02:00,2,0,276,456,1057,1334,1171,1661,1180,2585,1262,2212,1042,1367,959,1328,283,798,0,0,91,123,414,505,457,664,410,889,344,559,253,293,508,705,232,687,10751,6656,1388,647,7398,44,20,53,18
2021-04-27T23:59:59+02:00,2,0,272,446,1035,1318,1149,1649,1155,2562,1237,2187,1014,1332,953,1324,283,795,0,0,89,120,409,500,454,656,407,884,336,553,249,285,494,686,231,686,10553,6600,1360,619,7360,36,19,48,15
2021-04-26T23:59:59+02:00,2,0,269,440,1026,1309,1139,1633,1124,2545,1188,2140,994,1311,947,1316,282,794,0,0,89,120,405,492,453,653,403,879,335,547,243,277,484,677,231,686,10374,6561,1345,594,7294,34,19,46,15
2021-04-25T23:59:59+02:00,2,0,268,438,1016,1295,1118,1624,1105,2527,1157,2112,973,1288,944,1308,282,794,0,0,88,118,403,482,450,652,402,874,334,546,242,273,479,669,231,685,10241,6539,1318,578,7244,26,19,42,15
2021-04-24T23:59:59+02:00,2,0,263,433,1001,1282,1106,1607,1088,2507,1130,2094,964,1264,941,1304,282,794,0,0,88,118,403,482,448,652,402,871,333,543,241,272,478,666,231,685,10068,6532,1318,570,7220,25,19,40,15
2021-04-23T23:59:59+02:00,2,0,261,423,990,1265,1095,1596,1070,2487,1076,2052,943,1239,939,1297,282,791,0,0,87,117,403,481,446,651,401,869,330,540,237,266,473,660,231,685,9910,6508,1305,557,7124,25,19,39,14
2021-04-22T23:59:59+02:00,2,0,257,412,966,1241,1070,1575,1035,2445,1026,1990,915,1199,932,1284,282,788,0,0,87,114,401,474,440,644,396,860,327,534,231,260,464,650,230,683,9629,6449,1255,542,7054,18,19,39,13
2021-04-21T23:59:59+02:00,2,0,253,407,941,1223,1044,1556,1001,2410,980,1942,882,1149,923,1270,282,785,0,0,86,112,398,473,438,640,392,854,322,525,228,255,454,635,229,680,9335,6396,1229,521,6995,17,19,39,13
2021-04-20T23:59:59+02:00,2,0,246,402,921,1195,1025,1534,975,2359,941,1888,836,1086,911,1252,280,782,0,0,86,111,396,471,435,634,385,849,319,519,222,246,443,616,228,680,9048,6331,1161,506,6927,16,19,39,13
2021-04-19T23:59:59+02:00,2,0,243,392,899,1183,1011,1514,959,2327,913,1850,804,1054,907,1245,280,778,0,0,85,110,393,469,430,628,381,839,314,509,222,241,431,597,226,675,8860,6264,1145,486,6854,13,18,38,13
2021-04-18T23:59:59+02:00,2,0,242,388,891,1172,996,1505,936,2306,894,1830,777,1015,905,1240,279,776,0,0,84,108,389,467,430,628,380,835,314,506,221,237,425,593,226,675,8733,6244,1116,474,6794,13,18,38,12
2021-04-17T23:59:59+02:00,2,0,241,384,889,1169,989,1501,927,2298,889,1823,761,989,903,1234,279,776,0,0,84,105,387,463,428,628,377,830,313,501,218,231,419,586,226,674,8662,6201,1114,470,6766,12,18,38,12
2021-04-16T23:59:59+02:00,2,0,240,383,879,1164,976,1481,911,2275,860,1783,722,932,892,1224,277,772,0,0,80,102,384,456,425,626,367,817,308,489,203,216,414,578,223,671,8465,6130,1098,429,6694,11,18,38,11
2021-04-15T23:59:59+02:00,2,0,237,376,854,1146,959,1466,883,2228,816,1743,688,884,882,1204,277,768,0,0,78,101,380,448,419,617,359,808,301,486,195,210,397,555,221,666,8233,6041,1086,400,6571,10,18,36,10
2021-04-14T23:59:59+02:00,2,0,235,368,843,1136,949,1452,869,2192,798,1715,648,842,853,1155,277,764,0,0,75,95,372,445,411,607,354,798,290,478,185,193,379,535,219,660,8006,5929,1068,365,6497,10,18,34,10
2021-04-13T23:59:59+02:00,2,0,229,364,833,1130,938,1441,857,2165,767,1685,599,788,830,1122,276,761,0,0,72,91,362,436,393,600,340,785,284,474,182,189,366,522,218,657,7835,5836,1020,334,6403,8,18,31,10
2021-04-12T23:59:59+02:00,2,0,227,362,828,1124,928,1426,830,2144,748,1663,568,760,819,1105,275,759,0,0,71,87,348,430,388,593,334,777,276,468,175,183,358,510,217,651,7733,5752,998,308,6308,8,18,27,9
2021-04-11T23:59:59+02:00,1,0,223,359,820,1112,919,1420,815,2127,735,1644,552,736,810,1082,274,756,0,0,70,85,342,428,384,591,331,773,275,463,169,175,350,507,215,648,7665,5698,977,298,6212,7,18,25,9
2021-04-10T23:59:59+02:00,1,0,223,357,819,1107,914,1418,804,2119,725,1634,545,721,803,1069,273,755,0,0,66,77,315,411,365,576,318,758,260,454,162,167,345,491,214,646,7606,5514,970,292,6180,7,17,23,9
2021-04-09T23:59:59+02:00,1,0,223,354,810,1103,898,1393,795,2036,709,1549,508,659,782,1046,271,751,0,0,57,73,300,399,347,562,302,743,250,441,152,161,324,469,211,638,7480,5318,944,284,5929,7,13,20,9
2021-04-08T23:59:59+02:00,1,0,220,351,804,1096,886,1385,781,2015,688,1528,466,595,751,1023,269,748,0,0,55,70,288,379,331,548,287,729,234,422,143,145,308,451,209,621,7360,5116,903,269,5805,7,12,20,9
2021-04-07T23:59:59+02:00,1,0,214,347,794,1085,873,1368,759,1985,667,1494,428,554,723,984,266,744,0,0,52,67,268,365,320,542,279,716,226,410,129,135,288,431,203,612,7211,4945,870,257,5656,7,12,19,8
2021-04-06T23:59:59+02:00,1,0,211,345,784,1079,858,1349,740,1961,637,1468,406,517,697,950,265,743,0,0,50,65,267,359,315,540,268,712,221,403,124,131,278,410,199,602,7114,4870,841,234,5501,6,12,17,8
2021-04-05T23:59:59+02:00,1,0,211,344,780,1072,850,1337,731,1943,630,1451,387,496,680,925,265,742,0,0,49,64,266,355,314,536,264,706,217,402,123,127,265,389,195,595,7071,4807,827,218,5386,6,12,17,8
2021-04-04T23:59:59+02:00,1,0,210,339,776,1062,844,1326,722,1926,623,1432,374,483,677,921,265,742,0,0,49,63,265,353,313,536,264,706,216,402,121,126,257,375,192,593,7044,4772,821,218,5299,6,10,17,8
2021-04-03T23:59:59+02:00,1,0,210,339,774,1062,842,1324,722,1921,616,1430,367,477,674,914,265,741,0,0,49,63,265,353,313,536,264,705,216,400,121,126,257,372,192,591,7011,4764,821,218,5286,6,10,17,8
2021-04-02T23:59:59+02:00,1,0,210,337,773,1060,840,1322,717,1913,609,1419,358,467,661,904,265,740,0,0,49,61,261,351,310,534,262,697,211,392,119,125,250,353,189,578,6960,4684,815,215,5259,6,10,15,8
2021-04-01T23:59:59+02:00,1,0,207,332,768,1046,828,1309,712,1893,594,1400,343,443,629,871,264,734,0,0,47,60,252,345,306,531,261,690,209,387,111,122,232,327,186,557,6869,4571,772,208,5167,5,10,14,8
2021-03-31T23:59:59+02:00,1,0,203,329,760,1037,818,1295,702,1846,584,1361,334,431,607,825,260,731,0,0,47,60,251,344,301,528,258,688,203,383,106,119,217,300,184,535,6798,4481,726,201,5033,5,8,14,8
2021-03-30T23:59:59+02:00,1,0,200,323,754,1028,812,1272,689,1806,574,1317,322,413,579,789,259,731,0,0,47,59,249,340,297,525,257,683,199,378,103,117,209,282,180,520,6716,4404,687,196,4898,5,8,13,8
2021-03-29T23:59:59+02:00,1,0,196,317,748,1010,807,1258,679,1775,565,1278,318,399,548,751,257,724,0,0,47,57,247,337,296,523,256,679,197,371,99,115,199,269,173,509,6604,4341,665,189,4793,3,8,13,8
2021-03-28T23:59:59+02:00,1,0,190,301,737,999,798,1250,674,1753,562,1261,316,385,520,727,254,722,0,0,47,56,245,337,293,517,253,676,196,368,96,113,192,260,170,507,6558,4297,630,185,4688,3,8,13,8
2021-03-27T23:59:59+01:00,1,0,190,298,732,993,793,1246,668,1741,560,1252,312,376,514,717,254,721,0,0,46,56,245,337,292,517,250,670,193,364,94,112,188,253,165,497,6517,4256,622,179,4651,3,8,13,8
2021-03-26T23:59:59+01:00,1,0,186,296,720,980,784,1230,656,1723,551,1229,305,365,510,702,252,717,0,0,45,56,245,337,291,515,250,669,186,352,89,105,176,237,157,485,6452,4174,603,178,4569,3,6,13,8
2021-03-25T23:59:59+01:00,1,0,182,294,710,966,762,1202,639,1686,540,1190,297,352,492,677,251,712,0,0,45,55,242,332,288,514,243,666,185,350,82,104,159,218,152,459,6368,4077,589,169,4409,3,6,13,8
2021-03-24T23:59:59+01:00,1,0,180,285,700,953,753,1186,628,1649,525,1158,286,338,474,653,248,709,0,0,45,55,240,330,286,512,241,666,181,347,80,101,146,212,146,425,6286,4003,563,162,4285,2,6,13,8
2021-03-23T23:59:59+01:00,1,0,177,280,692,938,738,1169,615,1626,510,1119,280,328,456,637,243,706,0,0,44,55,238,329,283,509,236,661,179,343,76,96,139,204,136,398,6224,3919,548,157,4148,2,6,13,8
2021-03-22T23:59:59+01:00,1,0,173,270,672,917,716,1145,601,1591,495,1095,275,318,444,621,242,700,0,0,44,55,236,327,279,507,234,654,178,341,76,93,133,195,121,368,6146,3836,526,154,4004,1,6,13,8
2021-03-21T23:59:59+01:00,1,0,168,267,661,904,705,1139,592,1564,488,1063,269,310,430,613,240,695,0,0,44,55,233,327,277,505,233,653,176,339,75,90,131,194,117,365,6099,3815,509,150,3897,1,4,12,7
2021-03-20T23:59:59+01:00,1,0,166,266,652,899,700,1135,583,1559,485,1061,264,301,417,599,238,693,0,0,44,55,233,327,275,505,232,651,176,335,74,89,128,190,113,358,6060,3788,502,148,3849,1,4,11,7
2021-03-19T23:59:59+01:00,1,0,156,255,645,878,689,1128,578,1541,474,1048,246,280,398,573,233,685,0,0,42,55,232,326,274,505,230,644,175,331,71,87,120,179,108,337,5978,3720,458,147,3759,1,3,11,7
2021-03-18T23:59:59+01:00,1,0,151,249,625,860,671,1093,559,1488,460,1002,231,264,385,550,230,667,0,0,42,55,230,323,272,497,230,638,172,324,71,84,112,171,103,324,5889,3657,423,138,3550,1,3,11,7
2021-03-17T23:59:59+01:00,0,0,144,243,612,841,658,1086,554,1475,454,983,219,251,366,534,226,661,0,0,42,54,230,319,271,495,228,636,172,323,71,84,107,165,97,310,5792,3613,395,136,3486,1,3,10,7
2021-03-16T23:59:59+01:00,0,0,140,234,595,826,639,1075,542,1433,443,958,211,236,345,499,222,649,0,0,42,53,230,316,271,489,226,635,171,322,67,84,102,159,94,292,5699,3566,362,132,3345,1,2,10,7
2021-03-15T23:59:59+01:00,0,0,134,227,579,811,628,1053,531,1401,428,921,204,228,332,474,219,642,0,0,41,53,229,313,269,485,225,634,169,321,66,82,96,153,92,278,5606,3520,333,130,3226,1,1,9,7
2021-03-14T23:59:59+01:00,0,0,129,215,564,792,613,1032,521,1357,416,875,194,216,319,463,213,638,0,0,41,53,229,310,267,484,224,629,168,316,65,82,95,149,90,275,5533,3503,320,119,3052,1,0,8,7
2021-03-13T23:59:59+01:00,0,0,126,203,536,763,583,1006,496,1332,395,855,179,205,312,449,211,635,0,0,41,53,229,310,266,484,223,629,168,315,65,82,92,145,78,260,5333,3464,316,119,2963,1,0,8,7
2021-03-12T23:59:59+01:00,0,0,115,194,506,737,563,977,473,1293,374,821,163,193,288,419,208,615,0,0,41,53,229,309,265,484,223,629,168,314,59,80,89,139,73,253,5098,3430,310,119,2842,1,0,8,6
2021-03-11T23:59:59+01:00,0,0,107,185,471,690,523,940,433,1220,352,769,150,170,258,377,204,593,0,0,41,52,227,307,260,480,221,625,165,311,59,78,85,133,71,240,4845,3400,299,97,2582,1,0,8,5
2021-03-10T23:59:59+01:00,0,0,104,175,447,666,503,921,416,1181,335,730,134,154,241,346,198,559,0,0,40,52,225,302,256,474,218,619,165,309,56,76,81,130,68,230,4664,3355,287,85,2439,1,0,8,5
2021-03-09T23:59:59+01:00,0,0,104,170,433,636,472,891,401,1137,323,698,128,146,230,327,192,547,0,0,40,52,224,299,253,466,216,615,161,305,55,74,79,127,62,221,4580,3313,268,75,2254,1,0,8,4
2021-03-08T23:59:59+01:00,0,0,101,162,417,618,454,874,391,1085,314,660,124,137,215,306,186,535,0,0,40,52,224,295,250,461,211,611,155,301,53,73,74,124,61,220,4498,3285,251,58,2092,1,0,8,3
2021-03-07T23:59:59+01:00,0,0,98,158,412,606,443,857,380,1070,311,654,122,137,208,292,184,533,0,0,40,51,223,294,250,459,209,610,155,301,53,73,72,121,60,219,4450,3274,240,54,2032,0,0,8,3
2021-03-06T23:59:59+01:00,0,0,96,151,409,597,435,833,369,1019,300,622,120,136,202,284,181,528,0,0,40,51,223,294,249,458,209,609,155,301,53,73,70,121,59,214,4411,3269,240,48,1883,0,0,8,3
2021-03-05T23:59:59+01:00,0,0,94,146,404,584,431,825,367,1001,290,599,114,126,191,264,172,515,0,0,40,51,222,292,248,457,208,606,154,299,53,73,68,120,58,206,4328,3253,231,39,1808,0,0,8,3
2021-03-04T23:59:59+01:00,0,0,91,130,393,548,413,791,350,956,278,569,105,124,172,237,165,488,0,0,40,51,220,285,246,451,206,593,151,298,52,73,68,120,58,205,4219,3213,214,38,1617,0,0,8,3
2021-03-03T23:59:59+01:00,0,0,84,119,383,532,404,773,345,935,269,551,103,121,160,230,159,454,0,0,40,50,220,285,245,449,202,585,151,292,52,73,67,118,58,205,4147,3188,208,35,1500,0,0,8,3
2021-03-02T23:59:59+01:00,0,0,81,116,372,517,387,755,337,916,262,529,100,115,150,220,149,425,0,0,39,50,220,285,245,443,197,578,148,288,52,73,67,116,58,204,4055,3158,201,34,1402,0,0,8,3
2021-03-01T23:59:59+01:00,0,0,80,114,366,503,380,733,326,891,256,501,98,114,143,209,131,390,0,0,39,49,218,284,243,434,195,570,148,285,52,73,66,115,57,204,3968,3125,195,34,1294,0,0,8,3
2021-02-28T23:59:59+01:00,0,0,80,112,359,493,376,725,324,867,251,483,93,106,140,205,127,386,0,0,39,49,217,284,242,433,194,570,148,285,52,73,65,115,57,204,3944,3122,192,33,1210,0,0,8,2
2021-02-27T23:59:59+01:00,0,0,77,103,353,487,370,717,318,856,248,474,91,104,139,200,120,375,0,0,39,49,217,283,241,432,193,569,146,284,52,73,65,115,57,204,3910,3120,186,27,1151,0,0,8,2
2021-02-26T23:59:59+01:00,0,0,74,98,345,462,344,683,297,825,237,453,88,100,131,189,116,355,0,0,38,48,215,282,241,430,192,566,142,282,52,73,65,114,57,202,3852,3100,184,27,968,0,0,8,1
2021-02-25T23:59:59+01:00,0,0,66,87,331,440,332,655,289,797,224,430,83,100,123,182,112,343,0,0,38,48,213,278,236,427,189,557,137,281,52,71,63,112,56,202,3798,3069,176,19,816,0,0,8,0
2021-02-24T23:59:59+01:00,0,0,62,80,324,426,324,639,284,780,221,422,82,100,118,177,105,330,0,0,35,48,210,275,233,414,187,549,135,276,50,70,59,112,56,202,3756,3024,171,13,740,0,0,8,0
2021-02-23T23:59:59+01:00,0,0,59,71,311,408,314,621,278,762,214,414,78,98,113,172,102,308,0,0,33,48,209,273,230,407,186,543,130,273,49,70,59,108,56,200,3703,2990,166,9,641,0,0,8,0
2021-02-22T23:59:59+01:00,0,0,57,69,305,396,309,611,276,753,212,409,76,95,105,164,100,296,0,0,33,46,206,271,228,392,179,533,127,270,48,70,58,108,56,200,3656,2943,158,4,600,0,0,7,0
2021-02-21T23:59:59+01:00,0,0,56,68,298,389,306,601,271,744,207,405,75,93,104,162,98,294,0,0,33,45,204,269,227,389,178,524,126,269,48,70,58,108,56,198,3646,2918,155,4,548,0,0,6,0
2021-02-20T23:59:59+01:00,0,0,55,68,296,388,305,598,270,737,207,400,73,93,101,158,86,279,0,0,33,43,204,269,227,389,177,524,124,268,48,70,57,108,56,196,3609,2909,154,4,526,0,0,6,0
2021-02-19T23:59:59+01:00,0,0,54,68,293,382,298,575,259,711,205,388,69,90,97,150,81,271,0,0,33,42,204,269,226,388,177,523,124,268,48,70,56,107,54,194,3573,2899,153,4,436,0,0,5,0
2021-02-18T23:59:59+01:00,0,0,51,66,275,358,290,552,251,690,190,363,68,86,95,145,79,262,0,0,32,41,199,260,223,381,173,508,124,258,48,68,56,105,51,189,3543,2831,144,4,301,0,0,5,0
2021-02-17T23:59:59+01:00,0,0,51,64,268,352,288,536,243,677,187,343,66,83,91,142,76,250,0,0,30,40,195,254,216,367,169,491,121,247,44,66,56,103,50,186,3490,2746,142,3,246,0,0,5,0
2021-02-16T23:59:59+01:00,0,0,50,59,254,338,284,525,237,661,182,335,64,82,88,140,70,242,0,0,27,40,186,244,208,347,163,479,117,235,44,61,46,88,41,176,3451,2612,139,3,180,0,0,5,0
2021-02-15T23:59:59+01:00,0,0,50,58,250,335,277,513,234,656,178,329,62,82,83,136,69,241,0,0,26,39,177,236,203,339,157,468,113,228,41,58,46,82,37,167,3423,2526,138,3,148,0,0,5,0
2021-02-14T23:59:59+01:00,0,0,47,57,247,331,274,506,231,650,178,324,61,79,80,135,68,238,0,0,24,39,175,231,200,334,156,455,112,225,41,58,45,80,36,160,3410,2479,126,3,124,0,0,5,0
2021-02-13T23:59:59+01:00,0,0,46,57,247,331,272,506,231,649,178,324,61,79,79,135,68,237,0,0,24,39,173,230,197,334,155,453,111,222,40,57,44,79,33,156,3406,2456,126,1,122,0,0,5,0
2021-02-12T23:59:59+01:00,0,0,45,55,245,327,269,497,227,638,175,321,61,78,77,135,68,236,0,0,24,39,172,226,196,333,154,451,109,221,38,56,44,75,29,148,3397,2424,126,1,83,0,0,5,0
2021-02-11T23:59:59+01:00,0,0,44,54,235,304,262,480,220,614,163,311,59,77,76,133,68,230,0,0,24,36,157,204,189,303,145,405,104,202,34,55,39,65,27,134,3359,2222,102,1,18,0,0,5,0
2021-02-10T23:59:59+01:00,0,0,44,53,232,296,260,473,215,606,161,306,56,77,75,133,67,228,0,0,22,33,144,180,174,263,125,356,97,179,30,52,38,62,24,122,3326,1988,92,1,8,0,0,5,0
2021-02-09T23:59:59+01:00,0,0,42,52,231,293,258,463,210,598,157,302,56,77,75,131,67,228,0,0,22,31,126,154,159,240,112,313,91,153,24,47,37,49,21,110,3302,1765,77,1,4,0,0,5,0
2021-02-08T23:59:59+01:00,0,0,42,52,228,291,251,448,206,586,153,297,53,77,74,130,67,228,0,0,20,30,109,130,137,200,92,275,86,143,17,45,30,40,20,97,3258,1540,61,1,4,0,0,4,0
2021-02-07T23:59:59+01:00,0,0,42,51,225,290,249,447,205,583,152,297,53,77,73,129,67,228,0,0,19,24,104,120,127,188,87,255,82,133,16,43,28,33,19,89,3250,1433,57,1,0,0,0,3,0
2021-02-06T23:59:59+01:00,0,0,42,51,225,290,249,446,205,583,151,296,52,77,72,129,66,223,0,0,15,20,103,119,126,184,85,248,82,131,15,42,28,30,16,89,3246,1395,50,1,0,0,0,3,0
2021-02-05T23:59:59+01:00,0,0,41,50,224,290,249,445,204,581,149,295,52,77,72,128,65,213,0,0,13,16,94,111,122,179,84,244,81,123,14,42,28,26,14,86,3231,1335,41,0,0,0,0,3,0
2021-02-04T23:59:59+01:00,0,0,41,50,221,286,244,441,199,575,147,292,52,75,71,126,65,212,0,0,12,11,65,79,99,133,72,208,64,103,14,37,25,22,11,75,3192,1074,41,0,0,0,0,3,0
2021-02-03T23:59:59+01:00,0,0,40,49,220,283,243,429,197,568,146,289,52,74,70,124,65,212,0,0,9,6,49,60,75,110,55,160,55,74,11,17,19,15,6,59,3160,813,38,0,0,0,0,2,0
2021-02-02T23:59:59+01:00,0,0,39,49,219,280,239,423,196,562,142,288,51,74,68,121,63,209,0,0,7,4,33,42,59,80,43,103,45,52,9,14,13,9,2,42,3121,579,37,0,0,0,0,2,0
2021-02-01T23:59:59+01:00,0,0,38,47,217,280,234,416,192,556,139,281,51,73,65,120,63,209,0,0,5,2,26,23,33,47,29,64,28,28,7,9,9,5,2,24,3078,353,37,0,0,0,0,1,0
2021-01-31T23:59:59+01:00,0,0,38,47,216,279,232,410,190,548,138,281,51,73,64,119,63,207,0,0,5,2,24,18,24,37,23,52,21,24,7,6,8,5,2,20,3053,288,35,0,0,0,0,1,0
2021-01-30T23:59:59+01:00,0,0,38,47,216,279,232,409,189,548,138,281,51,73,63,119,63,204,0,0,5,2,23,17,22,37,21,48,20,23,7,5,8,4,2,19,3048,272,34,0,0,0,0,1,0
2021-01-29T23:59:59+01:00,0,0,37,47,216,277,231,408,188,547,136,279,51,73,62,118,61,203,0,0,5,1,17,11,16,30,18,42,16,21,6,4,7,4,2,18,3036,225,30,0,0,0,0,0,0
2021-01-28T23:59:59+01:00,0,0,37,46,206,274,230,403,186,538,134,275,51,73,61,117,59,202,0,0,5,1,6,3,9,17,10,24,9,9,3,2,5,1,0,17,3002,124,22,0,0,0,0,0,0
2021-01-27T23:59:59+01:00,0,0,36,45,202,267,226,393,184,525,131,266,48,71,61,115,58,200,0,0,2,1,4,3,8,15,9,20,8,9,3,2,4,1,0,14,2936,105,18,0,0,0,0,0,0
2021-01-26T23:59:59+01:00,0,0,32,45,199,254,220,380,180,507,127,259,47,66,55,107,50,191,0,0,2,1,3,3,8,15,9,20,8,9,3,2,4,1,0,11,2830,101,14,0,0,0,0,0,0
2021-01-25T23:59:59+01:00,0,0,32,44,190,250,217,369,177,498,124,249,45,64,54,104,44,188,0,0,2,1,2,3,6,13,8,17,8,9,3,2,3,0,0,9,2766,88,5,0,0,0,0,0,0
2021-01-24T23:59:59+01:00,0,0,31,43,187,247,215,368,176,496,124,248,45,64,52,100,43,187,0,0,2,1,1,3,5,13,8,17,8,9,3,2,3,0,0,9,2744,86,3,0,0,0,0,0,0
2021-01-23T23:59:59+01:00,0,0,31,43,186,247,213,368,176,495,124,248,45,63,52,99,42,185,0,0,2,1,1,3,5,12,8,16,7,9,3,2,3,0,0,9,2734,83,3,0,0,0,0,0,0
2021-01-22T23:59:59+01:00,0,0,30,42,185,243,212,368,176,493,123,248,45,63,52,99,39,179,0,0,2,0,1,3,4,12,8,15,7,9,3,2,3,0,0,9,2714,80,3,0,0,0,0,0,0
2021-01-21T23:59:59+01:00,0,0,26,40,176,230,206,352,172,472,121,235,44,63,49,91,38,176,0,0,2,0,1,3,1,7,7,10,5,5,3,2,2,0,0,7,2601,57,3,0,0,0,0,0,0
2021-01-20T23:59:59+01:00,0,0,25,38,158,204,189,308,143,416,111,213,39,59,47,86,33,159,0,0,2,0,1,3,1,7,7,9,5,4,3,2,2,0,0,7,2327,55,2,0,0,0,0,0,0
2021-01-19T23:59:59+01:00,0,0,25,35,132,176,173,274,134,372,106,191,28,53,38,71,30,145,0,0,1,0,1,3,1,5,4,7,3,3,2,0,2,0,0,4,2070,37,2,0,0,0,0,0,0
2021-01-18T23:59:59+01:00,0,0,21,34,119,155,151,233,117,323,99,167,25,50,34,58,27,125,0,0,1,0,1,1,0,2,3,5,2,3,1,0,1,0,0,4,1818,25,2,0,0,0,0,0,0
2021-01-17T23:59:59+01:00,0,0,19,25,114,141,143,219,108,296,95,156,24,45,33,52,26,112,0,0,1,0,0,0,0,1,1,4,2,2,1,0,1,0,0,1,1680,14,2,0,0,0,0,0,0
2021-01-16T23:59:59+01:00,0,0,16,22,111,139,141,214,105,286,94,149,21,44,32,46,20,109,0,0,0,0,0,0,0,0,0,0,0,0,0,0,0,0,0,0,1619,0,0,0,0,0,0,0,0
2021-01-15T23:59:59+01:00,0,0,13,18,105,130,136,208,102,277,94,139,20,44,32,41,19,106,0,0,0,0,0,0,0,0,0,0,0,0,0,0,0,0,0,0,1549,0,0,0,0,0,0,0,0
2021-01-14T23:59:59+01:00,0,0,11,13,81,98,117,170,86,235,81,123,16,39,29,33,17,91,0,0,0,0,0,0,0,0,0,0,0,0,0,0,0,0,0,0,1291,0,0,0,0,0,0,0,0
2021-01-13T23:59:59+01:00,0,0,9,12,67,87,102,141,79,192,76,98,16,25,23,24,15,71,0,0,0,0,0,0,0,0,0,0,0,0,0,0,0,0,0,0,1080,0,0,0,0,0,0,0,0
2021-01-12T23:59:59+01:00,0,0,7,8,54,68,84,110,71,137,64,76,12,19,18,20,7,55,0,0,0,0,0,0,0,0,0,0,0,0,0,0,0,0,0,0,846,0,0,0,0,0,0,0,0
2021-01-11T23:59:59+01:00,0,0,5,6,47,52,70,84,56,109,49,55,11,14,9,11,4,29,0,0,0,0,0,0,0,0,0,0,0,0,0,0,0,0,0,0,636,0,0,0,0,0,0,0,0
2021-01-10T23:59:59+01:00,0,0,5,6,43,41,52,68,42,87,40,47,10,9,8,10,4,23,0,0,0,0,0,0,0,0,0,0,0,0,0,0,0,0,0,0,511,0,0,0,0,0,0,0,0
2021-01-09T23:59:59+01:00,0,0,5,5,39,40,47,65,39,79,37,43,10,9,8,8,4,22,0,0,0,0,0,0,0,0,0,0,0,0,0,0,0,0,0,0,474,0,0,0,0,0,0,0,0
2021-01-08T23:59:59+01:00,0,0,5,5,31,31,40,57,30,66,31,38,7,6,6,7,3,20,0,0,0,0,0,0,0,0,0,0,0,0,0,0,0,0,0,0,394,0,0,0,0,0,0,0,0
2021-01-07T23:59:59+01:00,0,0,5,2,13,3,12,19,12,30,8,18,6,3,5,2,1,18,0,0,0,0,0,0,0,0,0,0,0,0,0,0,0,0,0,0,160,0,0,0,0,0,0,0,0
2021-01-06T23:59:59+01:00,0,0,5,1,6,3,7,16,9,24,7,10,4,3,4,2,1,16,0,0,0,0,0,0,0,0,0,0,0,0,0,0,0,0,0,0,121,0,0,0,0,0,0,0,0
2021-01-05T23:59:59+01:00,0,0,3,1,3,3,7,15,9,22,7,9,4,2,4,2,0,15,0,0,0,0,0,0,0,0,0,0,0,0,0,0,0,0,0,0,109,0,0,0,0,0,0,0,0
2021-01-04T23:59:59+01:00,0,0,2,1,3,3,7,14,8,18,7,9,3,2,3,1,0,10,0,0,0,0,0,0,0,0,0,0,0,0,0,0,0,0,0,0,93,0,0,0,0,0,0,0,0
2021-01-03T23:59:59+01:00,0,0,2,1,1,3,6,14,8,18,7,9,3,2,3,1,0,10,0,0,0,0,0,0,0,0,0,0,0,0,0,0,0,0,0,0,90,0,0,0,0,0,0,0,0
2021-01-02T23:59:59+01:00,0,0,2,1,1,3,6,14,7,18,6,9,3,2,3,1,0,10,0,0,0,0,0,0,0,0,0,0,0,0,0,0,0,0,0,0,88,0,0,0,0,0,0,0,0
2021-01-01T23:59:59+01:00,0,0,2,0,1,3,5,14,7,18,6,9,3,2,3,1,0,10,0,0,0,0,0,0,0,0,0,0,0,0,0,0,0,0,0,0,86,0,0,0,0,0,0,0,0
2020-12-31T23:59:59+01:00,0,0,2,0,1,3,5,13,7,18,6,9,3,2,3,1,0,10,0,0,0,0,0,0,0,0,0,0,0,0,0,0,0,0,0,0,85,0,0,0,0,0,0,0,0
2020-12-30T23:59:59+01:00,0,0,2,0,1,3,5,13,7,16,6,9,3,2,3,1,0,10,0,0,0,0,0,0,0,0,0,0,0,0,0,0,0,0,0,0,83,0,0,0,0,0,0,0,0
2020-12-29T23:59:59+01:00,0,0,1,0,1,3,4,8,4,13,4,7,2,1,3,0,0,8,0,0,0,0,0,0,0,0,0,0,0,0,0,0,0,0,0,0,60,0,0,0,0,0,0,0,0
2020-12-28T23:59:59+01:00,0,0,1,0,1,1,1,1,2,6,3,4,2,0,2,0,0,4,0,0,0,0,0,0,0,0,0,0,0,0,0,0,0,0,0,0,29,0,0,0,0,0,0,0,0
2020-12-27T23:59:59+01:00,0,0,1,0,0,0,0,1,1,6,1,2,1,0,1,0,0,2,0,0,0,0,0,0,0,0,0,0,0,0,0,0,0,0,0,0,16,0,0,0,0,0,0,0,0
