Datum,<15_m,<15_w,15-24_1_m,15-24_1_w,25-34_1_m,25-34_1_w,35-44_1_m,35-44_1_w,45-54_1_m,45-54_1_w,55-64_1_m,55-64_1_w,65-74_1_m,65-74_1_w,75-84_1_m,75-84_1_w,>84_1_m,>84_1_w,<24_2_m,<24_2_w,25-34_2_m,25-34_2_w,35-44_2_m,35-44_2_w,45-54_2_m,45-54_2_w,55-64_2_m,55-64_2_w,65-74_2_m,65-74_2_w,75-84_2_m,75-84_2_w,>84_2_m,>84_2_w,bp_1,bp_2,mo_1,mo_2,az_1,az_2,ja,unb_1,unb_2
2021-10-18T23:59:59+02:00,221,209,4064,3498,9907,7006,9407,6438,8124,8578,5412,5991,1844,2303,1163,1613,316,912,3461,3008,8867,6267,8573,5867,7515,7859,5024,5582,1724,2171,1091,1521,278,838,49488,43931,7634,6968,9143,7871,12334,42,42
2021-10-17T23:59:59+02:00,221,207,4051,3494,9898,6998,9396,6435,8118,8575,5410,5987,1843,2303,1163,1612,315,912,3450,3003,8858,6264,8567,5863,7507,7853,5022,5578,1723,2168,1090,1521,278,838,49437,43878,7627,6966,9143,7871,12323,42,42
2021-10-16T23:59:59+02:00,221,207,4046,3492,9894,6997,9394,6434,8116,8572,5409,5986,1842,2303,1162,1611,315,912,3449,3002,8855,6263,8567,5863,7505,7852,5022,5578,1723,2168,1090,1521,278,838,49416,43872,7626,6966,9143,7870,12320,42,42
2021-10-15T23:59:59+02:00,218,206,4031,3484,9875,6987,9380,6427,8106,8557,5402,5981,1841,2303,1162,1611,315,912,3437,2996,8840,6252,8555,5859,7498,7845,5015,5574,1723,2168,1090,1520,278,838,49325,43808,7624,6964,9143,7870,12298,42,42
2021-10-14T23:59:59+02:00,217,206,4014,3473,9844,6967,9359,6411,8084,8537,5393,5972,1841,2301,1162,1610,314,911,3415,2985,8807,6225,8523,5832,7474,7832,5005,5564,1722,2165,1087,1520,278,838,49197,43647,7615,6948,9143,7868,12253,42,42
2021-10-13T23:59:59+02:00,214,205,3998,3466,9826,6955,9342,6400,8073,8522,5385,5965,1839,2300,1162,1608,314,911,3400,2977,8781,6209,8506,5821,7456,7822,4998,5559,1722,2165,1086,1519,278,838,49103,43549,7611,6942,9143,7868,12220,42,42
2021-10-12T23:59:59+02:00,212,204,3988,3460,9808,6942,9320,6390,8061,8506,5376,5956,1838,2298,1161,1608,314,911,3393,2963,8758,6190,8482,5806,7442,7810,4983,5548,1718,2160,1086,1518,278,838,48998,43408,7605,6937,9143,7867,12199,42,42
2021-10-11T23:59:59+02:00,210,202,3967,3454,9784,6936,9298,6378,8052,8489,5372,5946,1837,2297,1161,1608,314,911,3380,2952,8723,6178,8457,5786,7425,7790,4976,5539,1717,2159,1086,1518,278,838,48902,43278,7596,6926,9143,7867,12167,42,42
2021-10-10T23:59:59+02:00,209,200,3956,3447,9771,6925,9290,6368,8041,8480,5369,5938,1837,2297,1160,1608,314,911,3371,2950,8704,6172,8444,5779,7413,7787,4972,5533,1716,2158,1086,1517,278,838,48831,43212,7590,6923,9143,7867,12149,42,42
2021-10-09T23:59:59+02:00,209,200,3955,3446,9767,6925,9278,6363,8038,8478,5368,5938,1837,2296,1160,1608,314,911,3369,2945,8702,6171,8435,5773,7410,7786,4969,5532,1716,2158,1086,1517,278,838,48814,43196,7590,6919,9143,7866,12136,42,42
2021-10-08T23:59:59+02:00,207,200,3942,3437,9745,6915,9265,6352,8024,8463,5363,5935,1835,2295,1160,1608,314,911,3361,2934,8676,6161,8421,5765,7405,7769,4960,5530,1712,2156,1085,1516,278,838,48731,43113,7588,6918,9143,7866,12101,42,42
2021-10-07T23:59:59+02:00,205,198,3915,3423,9707,6895,9223,6342,8002,8442,5357,5928,1834,2290,1160,1608,314,911,3329,2908,8630,6140,8393,5752,7382,7740,4941,5520,1709,2151,1085,1515,278,838,48573,42929,7583,6898,9143,7866,12047,42,42
2021-10-06T23:59:59+02:00,203,197,3906,3416,9680,6877,9208,6336,7994,8434,5350,5920,1832,2287,1160,1606,314,910,3316,2895,8609,6127,8375,5743,7374,7724,4939,5510,1707,2148,1085,1514,278,838,48479,42831,7579,6893,9143,7865,12021,42,42
2021-10-05T23:59:59+02:00,203,195,3889,3404,9663,6859,9187,6322,7977,8412,5342,5915,1831,2285,1160,1605,314,910,3299,2882,8585,6116,8349,5725,7356,7698,4929,5503,1705,2144,1084,1513,278,838,48371,42706,7577,6885,9143,7865,11974,42,42
2021-10-04T23:59:59+02:00,203,194,3866,3391,9634,6843,9150,6307,7961,8402,5336,5906,1829,2284,1159,1600,314,908,3286,2872,8559,6097,8312,5713,7336,7673,4920,5488,1704,2142,1084,1512,277,838,48253,42578,7569,6880,9142,7865,11915,42,42
2021-10-03T23:59:59+02:00,203,194,3845,3381,9608,6828,9135,6297,7947,8391,5334,5898,1827,2282,1158,1599,314,908,3268,2866,8529,6086,8301,5704,7327,7661,4915,5482,1702,2139,1084,1511,277,838,48169,42509,7564,6878,9142,7862,11866,42,42
2021-10-02T23:59:59+02:00,203,194,3842,3380,9606,6826,9132,6296,7945,8391,5331,5896,1826,2281,1158,1599,314,908,3265,2866,8525,6085,8299,5704,7322,7660,4914,5478,1701,2138,1084,1511,277,838,48159,42497,7562,6878,9142,7860,11857,42,42
2021-10-01T23:59:59+02:00,202,193,3830,3376,9584,6820,9120,6288,7932,8381,5327,5887,1823,2279,1158,1599,314,907,3248,2854,8506,6076,8284,5694,7313,7649,4908,5471,1699,2138,1083,1511,277,838,48095,42422,7559,6874,9142,7856,11816,42,42
2021-09-30T23:59:59+02:00,201,191,3801,3357,9537,6801,9087,6264,7907,8356,5310,5873,1820,2276,1157,1599,314,906,3226,2828,8458,6048,8250,5673,7294,7619,4893,5457,1698,2132,1083,1511,277,837,47939,42283,7551,6849,9142,7852,11715,42,42
2021-09-29T23:59:59+02:00,199,189,3782,3345,9493,6788,9070,6242,7895,8329,5301,5867,1818,2273,1156,1597,314,905,3208,2818,8426,6042,8234,5651,7283,7598,4883,5445,1698,2130,1083,1510,277,837,47812,42194,7546,6842,9142,7847,11653,42,42
2021-09-28T23:59:59+02:00,197,189,3768,3333,9455,6769,9039,6231,7870,8296,5292,5851,1817,2266,1156,1597,314,903,3189,2806,8400,6018,8211,5639,7258,7570,4874,5433,1698,2124,1083,1509,277,836,47684,42087,7543,6837,9142,7846,11563,42,42
2021-09-27T23:59:59+02:00,195,189,3746,3320,9420,6741,9014,6205,7853,8266,5278,5839,1815,2255,1155,1597,313,902,3164,2797,8357,5991,8182,5611,7236,7541,4861,5424,1695,2115,1083,1508,277,835,47565,41954,7531,6834,9142,7842,11454,42,42
2021-09-26T23:59:59+02:00,193,189,3734,3311,9401,6732,9003,6197,7841,8254,5274,5834,1810,2254,1154,1596,313,902,3153,2791,8336,5987,8171,5600,7222,7534,4853,5414,1691,2115,1083,1507,277,834,47503,41894,7527,6831,9141,7838,11410,42,42
2021-09-25T23:59:59+02:00,192,188,3727,3310,9392,6728,8999,6194,7836,8253,5272,5833,1810,2253,1154,1595,313,902,3146,2788,8329,5983,8167,5597,7219,7529,4852,5411,1690,2114,1082,1504,277,834,47486,41874,7525,6828,9141,7836,11388,42,42
2021-09-24T23:59:59+02:00,191,186,3708,3300,9361,6714,8984,6183,7814,8233,5264,5821,1809,2251,1154,1594,313,902,3132,2776,8303,5968,8155,5585,7197,7514,4845,5402,1690,2110,1082,1504,277,834,47399,41811,7523,6822,9141,7836,11307,42,42
2021-09-23T23:59:59+02:00,189,184,3675,3284,9301,6683,8934,6136,7773,8185,5244,5801,1803,2245,1152,1591,313,902,3111,2762,8251,5942,8109,5546,7155,7468,4826,5384,1681,2106,1081,1502,277,834,47241,41704,7513,6814,9141,7832,11085,42,42
2021-09-22T23:59:59+02:00,186,184,3654,3274,9275,6662,8907,6116,7739,8171,5228,5791,1801,2242,1151,1591,313,902,3088,2756,8224,5920,8084,5530,7125,7448,4811,5378,1679,2099,1079,1502,277,833,47118,41584,7508,6811,9139,7826,11006,42,42
2021-09-21T23:59:59+02:00,184,180,3635,3259,9247,6639,8860,6094,7706,8145,5213,5780,1800,2242,1151,1591,313,902,3065,2742,8187,5893,8039,5514,7089,7416,4794,5358,1677,2098,1078,1501,277,833,46989,41429,7501,6804,9139,7826,10895,42,42
2021-09-20T23:59:59+02:00,182,180,3608,3243,9208,6625,8826,6074,7673,8113,5206,5765,1796,2240,1151,1591,313,900,3043,2717,8144,5876,8001,5490,7054,7388,4786,5338,1674,2096,1077,1500,276,833,46862,41288,7499,6798,9139,7821,10775,42,42
2021-09-19T23:59:59+02:00,181,179,3591,3235,9179,6617,8812,6068,7667,8103,5198,5758,1795,2238,1150,1589,313,899,3036,2710,8115,5863,7982,5483,7039,7373,4778,5330,1674,2092,1076,1499,276,832,46801,41222,7493,6790,9139,7815,10718,42,42
2021-09-18T23:59:59+02:00,180,179,3587,3233,9173,6615,8806,6065,7664,8101,5196,5757,1795,2238,1150,1589,313,899,3028,2708,8105,5860,7971,5479,7033,7371,4774,5325,1674,2092,1076,1498,276,832,46788,41180,7491,6789,9138,7815,10702,42,42
2021-09-17T23:59:59+02:00,180,178,3568,3224,9135,6599,8777,6051,7645,8088,5187,5748,1794,2233,1148,1589,313,899,3012,2700,8064,5845,7940,5467,7010,7360,4766,5316,1674,2090,1075,1498,276,832,46695,41099,7484,6777,9136,7812,10619,42,42
2021-09-16T23:59:59+02:00,180,178,3542,3199,9079,6573,8730,6024,7609,8054,5167,5735,1792,2228,1147,1589,313,898,3001,2687,8024,5820,7907,5442,6989,7335,4753,5309,1672,2089,1075,1498,275,831,46489,40982,7459,6769,9135,7804,10531,42,42
2021-09-15T23:59:59+02:00,178,178,3518,3185,9047,6556,8700,5999,7582,8033,5161,5717,1789,2224,1144,1589,312,897,2984,2683,7998,5807,7880,5415,6956,7316,4738,5293,1670,2086,1075,1495,273,828,46340,40851,7453,6762,9135,7803,10455,42,42
2021-09-14T23:59:59+02:00,177,177,3498,3166,9002,6535,8654,5971,7555,8002,5149,5700,1787,2221,1143,1589,311,897,2964,2667,7954,5783,7840,5396,6930,7291,4723,5277,1669,2086,1074,1492,273,827,46183,40719,7444,6753,9135,7800,10345,42,42
2021-09-13T23:59:59+02:00,175,176,3483,3151,8962,6515,8624,5951,7537,7972,5134,5683,1785,2217,1143,1589,311,896,2950,2656,7923,5767,7823,5383,6921,7269,4714,5272,1668,2083,1074,1491,273,827,46023,40620,7424,6748,9135,7798,10293,42,42
2021-09-12T23:59:59+02:00,175,175,3465,3147,8937,6505,8613,5942,7526,7956,5127,5675,1784,2216,1142,1586,311,895,2937,2647,7897,5752,7813,5373,6906,7253,4710,5264,1664,2082,1074,1491,273,826,45940,40541,7422,6742,9135,7791,10250,42,42
2021-09-11T23:59:59+02:00,175,175,3462,3145,8929,6501,8609,5940,7525,7955,5125,5673,1783,2215,1141,1586,311,895,2935,2646,7888,5749,7809,5370,6905,7249,4710,5262,1664,2082,1074,1491,273,826,45923,40526,7420,6740,9134,7791,10236,42,42
2021-09-10T23:59:59+02:00,174,171,3434,3138,8903,6482,8591,5926,7499,7935,5113,5653,1779,2212,1140,1586,311,895,2921,2640,7863,5726,7791,5355,6882,7229,4695,5243,1663,2081,1074,1490,273,826,45839,40463,7417,6736,9134,7790,10119,42,42
2021-09-09T23:59:59+02:00,172,168,3416,3118,8857,6454,8555,5902,7477,7896,5097,5642,1776,2209,1140,1586,311,895,2907,2629,7829,5698,7765,5334,6859,7199,4682,5228,1662,2077,1074,1490,273,826,45666,40349,7409,6725,9134,7782,10028,42,41
2021-09-08T23:59:59+02:00,171,167,3397,3104,8823,6443,8529,5873,7459,7867,5082,5626,1772,2207,1139,1584,311,894,2890,2617,7786,5680,7729,5310,6831,7163,4670,5206,1661,2076,1073,1490,272,826,45562,40218,7401,6716,9132,7778,9915,42,41
2021-09-07T23:59:59+02:00,170,165,3376,3098,8805,6417,8500,5852,7438,7848,5067,5615,1772,2205,1138,1583,311,891,2873,2606,7757,5656,7704,5287,6813,7137,4657,5194,1658,2072,1072,1489,272,826,45431,40087,7398,6706,9132,7774,9850,42,41
2021-09-06T23:59:59+02:00,170,165,3356,3089,8774,6397,8476,5841,7419,7823,5059,5602,1768,2195,1136,1583,310,891,2854,2594,7731,5642,7679,5277,6796,7109,4650,5180,1652,2070,1072,1489,272,826,45304,39979,7396,6703,9131,7773,9782,42,41
2021-09-05T23:59:59+02:00,170,164,3342,3084,8765,6389,8464,5832,7417,7813,5052,5591,1765,2194,1136,1583,310,890,2843,2592,7716,5630,7668,5263,6789,7102,4640,5173,1649,2069,1072,1488,272,826,45252,39925,7394,6694,9130,7772,9744,42,41
2021-09-04T23:59:59+02:00,170,163,3337,3082,8762,6383,8457,5831,7414,7812,5052,5590,1764,2194,1136,1583,310,890,2839,2587,7712,5622,7661,5263,6784,7100,4639,5172,1646,2068,1071,1488,272,826,45236,39902,7394,6691,9130,7770,9729,42,41
2021-09-03T23:59:59+02:00,168,162,3323,3063,8728,6373,8437,5814,7396,7797,5039,5575,1761,2191,1136,1582,310,888,2821,2572,7683,5608,7640,5245,6765,7078,4626,5152,1642,2067,1071,1486,272,824,45152,39816,7383,6668,9130,7769,9636,42,41
2021-09-02T23:59:59+02:00,168,160,3301,3044,8678,6349,8396,5794,7375,7771,5026,5557,1756,2186,1134,1581,309,887,2804,2559,7634,5587,7606,5228,6740,7051,4617,5131,1638,2062,1069,1484,272,821,45020,39707,7372,6658,9128,7766,9507,42,40
2021-09-01T23:59:59+02:00,166,160,3284,3032,8638,6333,8369,5781,7355,7754,5015,5550,1755,2183,1133,1578,309,887,2788,2551,7587,5563,7573,5211,6712,7029,4606,5118,1635,2060,1068,1481,272,821,44908,39563,7359,6637,9128,7764,9440,42,40
2021-08-31T23:59:59+02:00,164,159,3268,3023,8595,6310,8348,5770,7337,7733,5008,5541,1752,2181,1132,1577,308,886,2773,2540,7543,5544,7551,5193,6688,7001,4594,5099,1631,2058,1067,1481,271,821,44806,39447,7354,6628,9128,7751,9354,42,40
2021-08-30T23:59:59+02:00,163,159,3241,3005,8555,6284,8305,5746,7300,7703,4995,5525,1748,2179,1131,1577,308,886,2743,2526,7497,5522,7514,5174,6654,6981,4583,5080,1627,2056,1066,1481,271,820,44649,39321,7353,6618,9127,7749,9229,42,40
2021-08-29T23:59:59+02:00,162,158,3229,2989,8530,6276,8286,5737,7292,7693,4987,5516,1747,2176,1131,1577,307,886,2720,2506,7464,5513,7495,5156,6641,6967,4572,5075,1625,2055,1065,1480,270,820,44578,39218,7348,6607,9127,7744,9171,42,40
2021-08-28T23:59:59+02:00,161,158,3224,2988,8524,6273,8281,5735,7285,7690,4987,5514,1747,2175,1131,1576,307,886,2714,2501,7458,5508,7490,5154,6636,6963,4569,5074,1625,2055,1065,1479,270,820,44561,39194,7348,6606,9127,7744,9151,42,40
2021-08-27T23:59:59+02:00,159,158,3214,2985,8506,6262,8259,5727,7265,7680,4975,5506,1747,2175,1131,1575,307,886,2701,2497,7440,5500,7469,5141,6621,6955,4559,5066,1625,2055,1064,1477,270,820,44498,39133,7347,6605,9126,7743,9089,42,40
2021-08-26T23:59:59+02:00,159,157,3190,2973,8467,6239,8223,5713,7242,7658,4962,5495,1745,2172,1131,1574,307,885,2678,2475,7401,5472,7420,5113,6586,6927,4535,5051,1619,2049,1064,1476,270,820,44361,38945,7341,6586,9126,7723,9000,42,40
2021-08-25T23:59:59+02:00,155,155,3167,2964,8429,6222,8188,5698,7217,7634,4950,5473,1743,2169,1131,1572,307,885,2641,2457,7349,5433,7371,5077,6549,6889,4518,5024,1618,2044,1063,1475,270,820,44251,38711,7336,6578,9126,7716,8881,42,40
2021-08-24T23:59:59+02:00,155,154,3161,2955,8410,6207,8170,5679,7201,7612,4940,5462,1740,2168,1130,1570,307,883,2621,2437,7316,5404,7338,5054,6523,6862,4502,5006,1618,2042,1062,1475,270,819,44176,38549,7332,6568,9126,7712,8805,42,40
2021-08-23T23:59:59+02:00,154,147,3137,2934,8364,6185,8127,5658,7171,7582,4926,5449,1740,2167,1128,1569,307,882,2595,2416,7270,5366,7298,5037,6488,6830,4487,4989,1614,2041,1062,1474,269,819,44036,38391,7321,6556,9123,7706,8678,42,40
2021-08-22T23:59:59+02:00,153,147,3126,2924,8349,6166,8112,5651,7152,7571,4919,5443,1739,2166,1127,1569,307,882,2581,2401,7238,5344,7274,5024,6469,6811,4483,4980,1611,2036,1061,1474,268,818,43962,38262,7313,6545,9123,7703,8633,42,40
2021-08-21T23:59:59+02:00,152,147,3117,2920,8338,6158,8102,5649,7147,7566,4917,5437,1738,2166,1127,1568,307,882,2572,2393,7220,5331,7254,5014,6457,6804,4475,4972,1610,2034,1060,1474,268,818,43915,38184,7310,6518,9123,7701,8616,42,40
2021-08-20T23:59:59+02:00,151,145,3107,2912,8313,6142,8072,5630,7128,7546,4905,5425,1736,2163,1127,1567,307,880,2543,2381,7176,5296,7220,4985,6422,6768,4459,4952,1604,2030,1059,1471,268,816,43845,38018,7301,6481,9122,7692,8512,42,40
2021-08-19T23:59:59+02:00,150,143,3087,2899,8270,6117,8033,5611,7108,7519,4892,5408,1730,2160,1126,1565,307,879,2497,2362,7095,5245,7160,4949,6375,6710,4429,4921,1600,2026,1059,1470,268,816,43717,37691,7289,6451,9120,7681,8397,42,40
2021-08-18T23:59:59+02:00,149,141,3074,2892,8245,6100,8003,5598,7076,7501,4880,5399,1725,2158,1126,1565,306,878,2471,2345,7030,5211,7104,4915,6333,6677,4406,4898,1595,2022,1057,1469,268,816,43607,37455,7284,6399,9120,7673,8322,42,40
2021-08-17T23:59:59+02:00,149,141,3057,2881,8222,6073,7975,5585,7062,7479,4869,5388,1722,2156,1125,1564,305,878,2444,2325,6973,5165,7061,4880,6305,6637,4388,4879,1587,2017,1056,1465,267,816,43486,37187,7278,6364,9119,7667,8264,42,40
2021-08-16T23:59:59+02:00,147,140,3046,2870,8202,6056,7956,5579,7050,7464,4856,5375,1721,2155,1124,1564,305,878,2413,2298,6900,5122,6993,4844,6257,6595,4357,4852,1585,2015,1053,1464,267,816,43398,36820,7273,6350,9119,7655,8212,42,40
2021-08-15T23:59:59+02:00,146,139,3038,2856,8176,6046,7940,5567,7032,7450,4851,5366,1719,2152,1124,1563,305,878,2381,2262,6840,5092,6955,4817,6217,6566,4345,4840,1581,2009,1052,1462,267,816,43306,36542,7266,6329,9118,7650,8172,42,40
2021-08-14T23:59:59+02:00,145,139,3032,2849,8165,6042,7931,5566,7031,7448,4847,5364,1717,2151,1124,1562,305,878,2372,2254,6814,5080,6942,4807,6209,6553,4326,4831,1578,2006,1052,1460,267,815,43285,36448,7265,6316,9118,7649,8142,42,40
2021-08-13T23:59:59+02:00,145,138,3018,2845,8145,6033,7921,5553,7017,7438,4839,5357,1717,2147,1123,1561,305,878,2336,2231,6768,5050,6904,4780,6168,6526,4315,4817,1577,2002,1051,1460,267,815,43220,36212,7264,6302,9118,7648,8089,42,40
2021-08-12T23:59:59+02:00,143,133,3000,2836,8114,6011,7891,5535,6995,7414,4825,5343,1715,2145,1120,1560,305,878,2298,2197,6681,5002,6852,4743,6121,6477,4290,4787,1574,1999,1048,1459,267,815,43118,35903,7257,6275,9117,7626,7981,40,40
2021-08-11T23:59:59+02:00,141,130,2984,2819,8073,5986,7871,5525,6973,7393,4814,5329,1713,2143,1120,1559,304,878,2271,2166,6600,4947,6777,4702,6064,6415,4269,4748,1569,1991,1048,1457,267,813,42994,35491,7246,6244,9112,7619,7913,40,40
2021-08-10T23:59:59+02:00,141,129,2966,2809,8042,5973,7845,5506,6944,7377,4796,5320,1710,2143,1120,1557,304,877,2199,2111,6488,4888,6691,4634,5975,6349,4222,4723,1560,1983,1046,1455,267,812,42888,34897,7236,6221,9110,7605,7834,40,40
2021-08-09T23:59:59+02:00,138,129,2947,2802,8013,5953,7821,5496,6920,7358,4787,5309,1709,2142,1120,1557,304,876,2137,2053,6388,4818,6594,4591,5905,6294,4194,4690,1554,1973,1045,1454,267,812,42805,34415,7230,6171,9110,7582,7743,40,40
2021-08-08T23:59:59+02:00,138,128,2934,2796,7997,5943,7805,5484,6911,7350,4781,5305,1706,2142,1120,1557,304,876,2112,2026,6328,4782,6553,4564,5867,6272,4182,4673,1545,1969,1044,1452,267,812,42750,34183,7227,6127,9107,7574,7699,40,40
2021-08-07T23:59:59+02:00,137,127,2927,2789,7978,5930,7791,5477,6905,7340,4776,5300,1704,2142,1119,1557,304,876,2081,2005,6251,4733,6498,4530,5834,6235,4165,4659,1541,1968,1044,1449,267,812,42693,33870,7222,6099,9107,7564,7663,40,40
2021-08-06T23:59:59+02:00,137,126,2916,2781,7950,5919,7761,5455,6885,7319,4765,5286,1699,2140,1119,1556,304,876,2042,1970,6155,4660,6426,4495,5794,6197,4144,4638,1538,1965,1043,1446,267,812,42631,33529,7205,6071,9107,7547,7557,40,40
2021-08-05T23:59:59+02:00,136,125,2891,2765,7926,5900,7724,5435,6862,7297,4746,5263,1695,2137,1117,1552,304,875,2001,1923,6028,4552,6318,4435,5725,6133,4107,4597,1531,1957,1040,1444,267,812,42502,33043,7197,5984,9106,7490,7447,40,40
2021-08-04T23:59:59+02:00,133,121,2850,2745,7858,5869,7687,5410,6834,7265,4728,5248,1691,2133,1114,1551,304,875,1943,1891,5908,4486,6196,4382,5658,6066,4079,4559,1521,1950,1035,1441,267,811,42294,32557,7184,5934,9106,7457,7322,40,40
2021-08-03T23:59:59+02:00,131,120,2835,2727,7831,5857,7651,5394,6812,7239,4716,5234,1687,2132,1113,1548,304,875,1910,1861,5810,4424,6090,4330,5590,6008,4039,4518,1516,1943,1034,1439,267,811,42161,32085,7179,5891,9105,7433,7250,40,40
2021-08-02T23:59:59+02:00,131,120,2812,2704,7800,5834,7627,5383,6790,7223,4699,5223,1686,2128,1112,1548,303,875,1886,1826,5686,4333,5978,4270,5523,5954,3994,4485,1510,1930,1033,1436,266,810,42026,31525,7172,5851,9104,7415,7184,40,40
2021-08-01T23:59:59+02:00,131,119,2797,2688,7771,5813,7613,5367,6778,7215,4694,5216,1685,2127,1110,1548,303,875,1867,1807,5611,4289,5918,4227,5479,5932,3979,4465,1508,1927,1031,1433,266,810,41936,31237,7160,5823,9103,7394,7137,40,40
2021-07-31T23:59:59+02:00,129,118,2789,2680,7757,5806,7605,5363,6772,7206,4693,5214,1684,2126,1110,1548,303,875,1830,1767,5513,4225,5853,4181,5427,5894,3953,4441,1503,1924,1031,1432,266,810,41895,30761,7158,5811,9103,7390,7108,40,40
2021-07-30T23:59:59+02:00,127,116,2779,2672,7733,5790,7593,5346,6755,7192,4686,5206,1683,2125,1110,1547,303,875,1808,1745,5433,4188,5789,4128,5370,5848,3927,4422,1499,1922,1030,1429,266,810,41818,30407,7146,5785,9103,7379,7054,40,40
2021-07-29T23:59:59+02:00,125,114,2744,2655,7681,5748,7553,5303,6726,7151,4661,5186,1682,2120,1108,1546,303,875,1769,1716,5312,4091,5659,4054,5280,5762,3879,4371,1492,1913,1027,1427,266,810,41616,29839,7131,5731,9097,7340,6913,40,40
2021-07-28T23:59:59+02:00,123,112,2726,2641,7651,5721,7526,5276,6703,7129,4647,5172,1678,2118,1107,1544,302,874,1732,1671,5216,4020,5543,3984,5194,5689,3841,4338,1480,1906,1025,1425,266,809,41443,29283,7121,5672,9093,7298,6869,40,40
2021-07-27T23:59:59+02:00,118,110,2710,2621,7613,5705,7495,5257,6684,7111,4636,5160,1678,2117,1107,1543,301,874,1688,1643,5083,3941,5419,3903,5103,5621,3802,4286,1473,1895,1024,1422,265,809,41325,28709,7105,5590,9092,7255,6794,40,40
2021-07-26T23:59:59+02:00,116,108,2687,2606,7578,5679,7463,5237,6661,7090,4630,5149,1676,2117,1105,1542,301,874,1643,1590,4946,3873,5317,3835,5030,5551,3741,4252,1470,1883,1023,1416,265,808,41181,28137,7083,5520,9089,7206,6737,40,40
2021-07-25T23:59:59+02:00,110,106,2672,2592,7542,5660,7436,5229,6642,7072,4621,5145,1674,2114,1104,1540,301,873,1620,1564,4887,3826,5259,3805,4982,5516,3708,4228,1466,1879,1022,1416,265,808,41048,27851,7075,5488,9087,7172,6688,40,40
2021-07-24T23:59:59+02:00,110,104,2658,2582,7515,5649,7412,5213,6629,7059,4611,5141,1673,2111,1104,1540,301,873,1601,1542,4840,3806,5188,3758,4940,5492,3688,4220,1465,1877,1021,1414,265,807,40973,27658,7053,5400,9086,7171,6636,40,40
2021-07-23T23:59:59+02:00,108,102,2634,2561,7467,5628,7388,5189,6592,7035,4591,5130,1671,2107,1102,1540,301,873,1543,1512,4700,3700,5058,3687,4867,5422,3636,4190,1463,1868,1020,1409,264,807,40804,27007,7046,5373,9084,7150,6541,40,40
2021-07-22T23:59:59+02:00,108,99,2603,2534,7393,5583,7336,5151,6546,6988,4556,5106,1664,2100,1101,1539,301,872,1490,1471,4535,3624,4906,3606,4713,5340,3555,4136,1450,1859,1015,1407,264,806,40502,26349,7023,5232,9073,7082,6428,40,40
2021-07-21T23:59:59+02:00,107,95,2576,2518,7329,5551,7286,5111,6488,6948,4535,5083,1657,2094,1101,1536,301,870,1454,1427,4414,3541,4772,3541,4609,5233,3484,4094,1439,1847,1013,1406,264,804,40257,25875,6983,5025,9067,7021,6319,40,39
2021-07-20T23:59:59+02:00,107,95,2555,2494,7277,5518,7250,5083,6450,6907,4508,5064,1653,2090,1101,1535,301,870,1421,1395,4297,3474,4685,3488,4510,5152,3430,4062,1434,1838,1012,1405,264,803,40015,25394,6974,4950,9065,6967,6240,40,39
2021-07-19T23:59:59+02:00,106,95,2535,2470,7223,5481,7205,5062,6406,6875,4489,5048,1647,2084,1099,1532,301,869,1398,1368,4223,3427,4600,3454,4435,5090,3394,4034,1428,1832,1008,1402,262,802,39735,25077,6963,4826,9063,6927,6198,40,39
2021-07-18T23:59:59+02:00,106,93,2508,2445,7160,5445,7170,5034,6370,6836,4472,5038,1641,2079,1098,1532,300,868,1379,1344,4175,3388,4562,3424,4387,5066,3360,4021,1422,1823,1007,1402,262,800,39452,24876,6948,4747,9057,6901,6165,40,38
2021-07-17T23:59:59+02:00,101,91,2496,2431,7140,5432,7152,5018,6350,6822,4450,5027,1637,2078,1098,1531,300,866,1367,1331,4140,3356,4512,3402,4345,5035,3330,4009,1416,1820,1007,1400,262,800,39345,24706,6938,4691,9055,6892,6107,40,38
2021-07-16T23:59:59+02:00,101,88,2461,2411,7082,5398,7092,4978,6307,6779,4423,4999,1631,2072,1097,1530,300,866,1324,1304,4043,3303,4421,3359,4263,4980,3269,3962,1403,1811,1001,1398,262,799,39166,24359,6916,4658,9048,6827,5904,40,38
2021-07-15T23:59:59+02:00,99,84,2416,2384,7014,5363,7035,4940,6261,6726,4405,4973,1628,2067,1095,1527,298,866,1272,1270,3848,3194,4232,3257,4120,4883,3204,3896,1394,1803,997,1394,260,799,38849,23659,6899,4419,9042,6763,5803,40,38
2021-07-14T23:59:59+02:00,98,81,2382,2368,6946,5331,6965,4906,6207,6679,4383,4950,1620,2060,1093,1525,298,866,1226,1227,3726,3105,4128,3191,4010,4817,3157,3853,1382,1793,996,1391,260,799,38538,23156,6879,4315,9040,6692,5707,40,38
2021-07-13T23:59:59+02:00,94,78,2348,2341,6892,5301,6901,4868,6166,6630,4361,4932,1610,2055,1091,1525,298,866,1194,1188,3621,3016,4005,3120,3922,4728,3105,3793,1353,1786,993,1386,258,797,38217,22654,6872,4181,9037,6591,5632,40,38
2021-07-12T23:59:59+02:00,89,78,2323,2318,6827,5259,6834,4825,6115,6589,4334,4907,1605,2052,1088,1525,298,866,1162,1166,3513,2931,3892,3050,3820,4649,3053,3747,1340,1776,988,1378,258,797,37886,22195,6858,4051,9034,6506,5548,40,37
2021-07-11T23:59:59+02:00,83,75,2310,2306,6791,5234,6805,4803,6087,6571,4324,4899,1602,2048,1086,1525,297,866,1148,1149,3465,2886,3832,3014,3767,4621,3031,3733,1330,1763,985,1374,258,797,37774,22006,6838,4012,9029,6446,5463,40,37
2021-07-10T23:59:59+02:00,82,74,2281,2273,6709,5193,6741,4765,6038,6536,4300,4888,1599,2045,1086,1522,297,865,1125,1128,3408,2846,3784,2984,3730,4590,3014,3721,1324,1756,985,1372,258,797,37527,21824,6812,4011,9015,6431,5324,40,37
2021-07-09T23:59:59+02:00,80,71,2253,2253,6643,5160,6696,4743,5991,6504,4282,4866,1597,2039,1086,1521,297,865,1101,1112,3360,2797,3733,2943,3680,4552,2987,3693,1321,1740,983,1371,258,797,37305,21592,6785,3978,9003,6377,5231,40,37
2021-07-08T23:59:59+02:00,75,68,2205,2212,6556,5092,6599,4692,5926,6439,4245,4831,1590,2030,1084,1517,297,865,1028,1061,3194,2706,3540,2863,3502,4458,2916,3629,1306,1724,980,1362,257,796,36983,21093,6712,3688,8971,6237,5028,40,37
2021-07-07T23:59:59+02:00,75,67,2133,2166,6448,5018,6496,4640,5854,6382,4214,4783,1583,2021,1081,1512,297,865,973,1026,3042,2622,3363,2779,3343,4354,2861,3565,1290,1694,971,1352,257,793,36501,20523,6673,3443,8950,6155,4872,40,37
2021-07-06T23:59:59+02:00,72,67,2086,2126,6341,4968,6406,4593,5800,6314,4174,4748,1576,2016,1078,1507,297,865,936,984,2926,2516,3275,2719,3268,4263,2809,3508,1264,1663,967,1344,257,793,36055,20015,6624,3329,8934,6070,4773,40,37
2021-07-05T23:59:59+02:00,69,67,2020,2086,6204,4900,6291,4555,5731,6256,4135,4711,1571,2009,1076,1505,297,863,894,948,2818,2445,3193,2674,3193,4195,2765,3454,1243,1646,961,1334,257,789,35568,19628,6580,3253,8909,5985,4627,40,36
2021-07-04T23:59:59+02:00,69,66,1977,2042,6123,4859,6253,4525,5688,6236,4118,4689,1568,2007,1076,1503,297,862,853,921,2754,2397,3156,2649,3161,4160,2744,3433,1229,1626,959,1333,256,789,35358,19480,6541,3196,8885,5912,4508,40,36
2021-07-03T23:59:59+02:00,66,53,1879,1964,5905,4696,6101,4440,5604,6149,4071,4656,1565,2003,1075,1499,297,862,814,893,2684,2349,3099,2621,3121,4112,2714,3402,1223,1621,958,1329,256,787,34528,19285,6507,3193,8877,5887,4292,40,36
2021-07-02T23:59:59+02:00,57,45,1842,1927,5832,4655,6058,4411,5584,6122,4056,4638,1564,1996,1073,1498,296,862,792,867,2611,2296,3031,2576,3076,4061,2683,3365,1203,1604,954,1323,256,785,34251,18970,6472,3164,8872,5785,4232,40,36
2021-07-01T23:59:59+02:00,52,38,1794,1892,5727,4582,5977,4360,5505,6055,4029,4608,1561,1990,1072,1497,296,861,718,822,2419,2216,2845,2486,2893,3942,2583,3275,1180,1580,943,1308,256,783,33833,18170,6424,2950,8857,5683,4088,40,36
2021-06-30T23:59:59+02:00,52,36,1744,1837,5608,4503,5877,4311,5445,6006,4015,4583,1557,1982,1070,1494,296,861,683,785,2311,2143,2731,2430,2783,3849,2516,3197,1156,1553,935,1298,255,782,33401,17692,6363,2825,8842,5548,3965,40,36
2021-06-29T23:59:59+02:00,50,34,1684,1755,5494,4421,5775,4252,5394,5947,3986,4553,1549,1977,1069,1493,296,860,651,735,2223,2062,2656,2366,2681,3730,2459,3145,1143,1519,922,1288,255,779,32864,17192,6329,2754,8834,5431,3844,39,36
2021-06-28T23:59:59+02:00,49,33,1648,1699,5373,4358,5707,4201,5346,5906,3957,4528,1547,1968,1068,1491,296,860,638,709,2123,1995,2577,2306,2608,3645,2406,3097,1128,1501,915,1282,255,777,32443,16849,6269,2610,8824,5331,3767,39,36
2021-06-27T23:59:59+02:00,49,32,1617,1670,5322,4319,5664,4170,5300,5892,3945,4516,1544,1964,1068,1490,296,860,620,692,2072,1955,2535,2280,2563,3607,2375,3078,1121,1489,914,1272,255,777,32253,16698,6237,2556,8801,5247,3694,39,36
2021-06-26T23:59:59+02:00,42,27,1588,1644,5252,4271,5572,4126,5259,5858,3926,4501,1544,1962,1068,1488,296,860,613,681,2039,1927,2500,2258,2545,3582,2352,3060,1103,1479,913,1270,255,777,31892,16466,6153,2551,8801,5229,3694,39,36
2021-06-25T23:59:59+02:00,36,21,1549,1606,5149,4198,5516,4099,5222,5834,3902,4491,1541,1960,1066,1487,295,860,604,657,1986,1899,2434,2189,2446,3449,2310,2958,1091,1457,910,1266,254,776,31469,15996,6123,2523,8800,5048,3691,39,36
2021-06-24T23:59:59+02:00,20,17,1495,1553,4964,4088,5386,4043,5120,5791,3862,4464,1537,1956,1066,1486,294,860,565,636,1874,1826,2254,2117,2274,3366,2204,2864,1059,1435,902,1260,253,773,30813,15480,6064,2193,8790,4966,3575,39,36
2021-06-23T23:59:59+02:00,19,17,1462,1507,4878,4033,5306,3986,5072,5747,3840,4429,1528,1950,1063,1483,293,860,534,613,1800,1763,2143,2064,2154,3275,2101,2776,1035,1413,897,1252,251,772,30372,14907,6010,2114,8786,4823,3539,39,36
2021-06-22T23:59:59+02:00,19,17,1434,1489,4805,3968,5221,3938,5027,5702,3814,4406,1523,1944,1062,1481,293,860,518,592,1736,1716,2055,2012,2068,3167,1998,2687,1021,1391,887,1240,251,767,29960,14478,5966,1988,8781,4653,3513,39,35
2021-06-21T23:59:59+02:00,18,17,1404,1447,4685,3876,5140,3894,4959,5641,3784,4384,1519,1931,1060,1476,292,858,502,576,1697,1672,2019,1970,2018,3085,1933,2603,1001,1362,865,1220,251,764,29413,14176,5923,1891,8779,4513,3475,39,35
2021-06-20T23:59:59+02:00,17,15,1377,1414,4609,3808,5090,3874,4924,5620,3761,4373,1516,1930,1059,1476,291,858,486,559,1667,1642,1995,1946,1988,3058,1892,2566,993,1347,863,1214,251,763,29114,13995,5887,1852,8766,4450,3441,39,34
2021-06-19T23:59:59+02:00,16,14,1365,1395,4568,3776,5065,3849,4894,5596,3743,4360,1511,1928,1059,1475,291,858,479,555,1647,1621,1976,1920,1973,3033,1867,2528,984,1340,859,1213,249,762,28933,13817,5823,1821,8766,4443,3427,39,33
2021-06-18T23:59:59+02:00,11,10,1340,1378,4496,3734,5014,3805,4844,5559,3718,4348,1507,1925,1057,1473,291,858,463,546,1627,1604,1947,1889,1927,2986,1816,2471,971,1325,857,1209,248,760,28595,13509,5776,1817,8765,4397,3414,39,33
2021-06-17T23:59:59+02:00,7,9,1300,1339,4330,3657,4825,3725,4671,5470,3663,4303,1501,1922,1057,1472,290,858,424,525,1524,1569,1763,1828,1768,2889,1714,2389,950,1306,846,1198,246,758,27977,13036,5721,1708,8758,4311,3119,38,33
2021-06-16T23:59:59+02:00,7,8,1270,1308,4225,3571,4727,3671,4567,5405,3618,4276,1495,1918,1056,1468,290,857,407,503,1461,1531,1703,1795,1687,2803,1655,2313,934,1280,836,1183,246,755,27482,12619,5606,1637,8746,4236,3068,38,33
2021-06-15T23:59:59+02:00,7,8,1234,1273,4087,3486,4655,3611,4490,5334,3575,4244,1485,1911,1051,1466,290,856,394,483,1406,1479,1651,1750,1619,2747,1585,2244,917,1251,831,1172,245,754,26923,12282,5569,1553,8731,4166,2988,38,33
2021-06-14T23:59:59+02:00,7,6,1206,1236,3997,3431,4571,3557,4408,5262,3521,4213,1481,1903,1050,1461,288,854,385,472,1359,1445,1601,1716,1568,2685,1529,2192,907,1226,827,1165,244,751,26451,12028,5475,1482,8727,4081,2934,37,33
2021-06-13T23:59:59+02:00,7,6,1190,1220,3948,3391,4523,3516,4357,5218,3500,4197,1480,1897,1050,1460,288,853,378,464,1326,1427,1564,1691,1528,2648,1496,2151,889,1205,824,1155,244,749,26195,11844,5438,1459,8721,4007,2875,37,33
2021-06-12T23:59:59+02:00,7,5,1175,1192,3918,3370,4493,3492,4339,5202,3485,4187,1478,1894,1049,1459,288,852,373,463,1313,1408,1541,1666,1507,2626,1471,2132,881,1195,814,1152,244,748,26001,11703,5427,1459,8719,3946,2863,37,32
2021-06-11T23:59:59+02:00,6,5,1156,1178,3878,3323,4422,3463,4298,5164,3455,4175,1477,1892,1048,1456,288,851,361,449,1291,1368,1513,1645,1461,2584,1425,2090,871,1181,810,1146,244,747,25696,11459,5398,1451,8716,3866,2841,37,32
2021-06-10T23:59:59+02:00,6,4,1091,1124,3754,3240,4285,3381,4199,5098,3400,4138,1472,1885,1046,1455,288,851,341,432,1226,1329,1446,1585,1397,2513,1337,1992,844,1149,806,1136,243,744,25086,11031,5256,1438,8697,3704,2765,37,31
2021-06-09T23:59:59+02:00,6,2,1040,1086,3610,3134,4147,3319,4108,5021,3352,4096,1467,1879,1044,1452,288,851,323,412,1165,1286,1382,1549,1339,2432,1256,1925,818,1095,799,1122,242,742,24585,10726,5070,1378,8688,3564,2626,37,31
2021-06-08T23:59:59+02:00,5,2,987,1049,3474,3039,4026,3238,3998,4938,3302,4065,1460,1875,1041,1449,287,849,308,392,1119,1247,1325,1514,1280,2376,1209,1852,799,1060,788,1106,238,739,24017,10488,4927,1328,8677,3425,2509,37,30
2021-06-07T23:59:59+02:00,4,2,960,1020,3362,2958,3889,3204,3875,4868,3249,4039,1445,1870,1040,1447,287,848,302,386,1075,1207,1268,1494,1232,2324,1141,1798,786,1039,775,1090,237,735,23618,10319,4741,1292,8670,3295,2371,37,30
2021-06-06T23:59:59+02:00,4,2,937,1009,3300,2923,3810,3156,3807,4839,3218,4024,1443,1864,1037,1446,286,848,294,375,1060,1180,1237,1465,1210,2267,1114,1739,773,1024,768,1082,237,732,23406,10209,4605,1238,8657,3185,2306,37,30
2021-06-05T23:59:59+02:00,4,2,925,991,3232,2862,3756,3126,3772,4815,3208,4020,1442,1862,1037,1446,286,847,287,364,1042,1160,1218,1450,1186,2238,1082,1717,760,1001,766,1079,237,732,23126,10045,4599,1234,8653,3142,2269,37,29
2021-06-04T23:59:59+02:00,2,2,898,970,3186,2807,3683,3088,3708,4762,3182,4000,1438,1858,1035,1446,286,847,276,356,1017,1129,1196,1435,1162,2200,1053,1690,744,980,760,1074,237,730,22807,9908,4553,1229,8649,3081,2188,37,29
2021-06-03T23:59:59+02:00,2,2,854,935,3026,2712,3499,2981,3533,4646,3090,3924,1429,1848,1031,1441,286,847,265,346,986,1089,1140,1380,1095,2116,991,1632,705,942,752,1061,237,729,22115,9691,4314,1211,8632,2918,2001,37,29
2021-06-02T23:59:59+02:00,2,2,829,923,2956,2648,3443,2941,3470,4588,3048,3898,1427,1843,1031,1440,286,847,252,337,961,1067,1100,1363,1052,2077,940,1587,692,911,749,1056,237,728,21760,9479,4295,1197,8632,2882,1898,37,29
2021-06-01T23:59:59+02:00,2,2,782,890,2804,2534,3263,2849,3303,4482,2989,3836,1416,1836,1028,1435,286,847,241,323,880,1008,1012,1308,970,1968,891,1508,661,858,743,1047,237,722,21148,9193,4085,1162,8621,2688,1665,37,28
2021-05-31T23:59:59+02:00,2,2,744,862,2680,2445,3125,2752,3197,4393,2936,3784,1410,1824,1027,1431,286,846,228,307,841,966,947,1256,926,1892,851,1449,641,834,737,1042,235,719,20737,9022,3850,1146,8602,2552,1471,37,28
2021-05-30T23:59:59+02:00,2,2,733,850,2622,2400,3059,2713,3147,4353,2918,3763,1406,1818,1027,1430,286,845,218,290,800,925,895,1215,887,1832,828,1395,627,818,733,1032,235,718,20588,8924,3788,1138,8590,2383,1315,37,28
2021-05-29T23:59:59+02:00,2,2,731,848,2603,2384,3036,2701,3128,4336,2910,3754,1404,1817,1027,1430,286,845,214,279,794,912,875,1187,870,1786,814,1363,613,798,731,1027,234,718,20463,8833,3786,1137,8587,2241,1314,36,28
2021-05-28T23:59:59+02:00,2,2,723,836,2564,2343,2991,2673,3105,4313,2900,3739,1404,1814,1025,1425,286,845,210,270,782,895,863,1163,854,1746,783,1323,596,769,727,1019,233,716,20214,8656,3777,1132,8585,2154,1310,36,28
2021-05-27T23:59:59+02:00,2,2,677,813,2437,2280,2858,2603,2961,4237,2816,3690,1395,1803,1024,1423,285,843,195,254,719,842,781,1108,768,1654,719,1241,573,736,718,1003,232,714,19724,8453,3643,1094,8551,1895,1109,36,27
2021-05-26T23:59:59+02:00,2,2,643,778,2328,2209,2694,2538,2836,4173,2765,3640,1385,1792,1022,1416,283,838,186,232,677,802,733,1074,726,1585,680,1183,557,710,700,970,231,711,19306,8230,3396,1083,8524,1756,977,36,27
2021-05-25T23:59:59+02:00,2,2,621,760,2235,2147,2593,2495,2737,4092,2718,3603,1374,1784,1019,1412,283,836,177,219,654,773,698,1039,689,1527,632,1121,540,692,681,943,230,709,18939,8020,3217,1048,8482,1621,923,35,24
2021-05-24T23:59:59+02:00,2,2,606,736,2176,2106,2517,2461,2667,4036,2660,3561,1361,1777,1013,1411,283,835,172,211,632,755,671,1007,655,1471,606,1068,523,678,674,939,230,709,18741,7929,3035,1037,8448,1500,823,35,23
2021-05-23T23:59:59+02:00,2,2,602,735,2158,2092,2504,2446,2657,4021,2649,3548,1358,1775,1013,1409,283,835,170,210,626,747,663,1001,639,1458,599,1061,520,670,669,933,229,706,18621,7849,3032,1031,8448,1488,822,35,22
2021-05-22T23:59:59+02:00,2,2,595,722,2133,2069,2467,2424,2636,3988,2617,3520,1350,1771,1013,1407,283,834,168,202,617,744,658,991,627,1452,594,1055,510,662,663,921,229,706,18372,7787,3031,1031,8445,1453,813,35,22
2021-05-21T23:59:59+02:00,2,2,581,707,2043,2032,2382,2371,2567,3941,2576,3474,1343,1758,1011,1405,283,833,168,199,611,735,648,982,615,1440,579,1035,499,636,656,915,229,704,17885,7704,3003,1030,8425,1392,810,35,22
2021-05-20T23:59:59+02:00,2,2,549,686,1916,1961,2250,2294,2439,3842,2497,3392,1328,1742,1009,1400,283,831,159,188,578,697,616,943,585,1383,555,973,475,606,651,906,229,703,17240,7583,2877,1019,8352,1178,741,35,22
2021-05-19T23:59:59+02:00,2,2,513,651,1803,1877,2103,2222,2298,3742,2393,3297,1311,1723,1001,1397,281,831,145,181,551,673,583,907,553,1331,529,914,461,586,641,883,228,701,16471,7434,2807,1002,8310,1077,621,35,22
2021-05-18T23:59:59+02:00,2,1,485,630,1722,1801,2001,2165,2188,3622,2301,3206,1300,1704,994,1390,281,827,138,172,527,644,560,875,537,1254,510,853,445,562,634,869,227,698,15955,7318,2641,964,8253,965,518,35,22
2021-05-17T23:59:59+02:00,2,0,465,616,1664,1765,1948,2115,2114,3511,2244,3131,1282,1684,987,1383,281,825,132,164,510,629,552,837,526,1193,495,800,428,531,632,861,227,696,15655,7245,2490,934,8187,865,422,35,22
2021-05-16T23:59:59+02:00,2,0,460,615,1638,1739,1911,2088,2073,3462,2190,3074,1268,1675,985,1379,281,824,128,161,501,608,541,822,512,1147,477,763,402,502,629,856,227,695,15482,7190,2420,906,8145,778,344,35,22
2021-05-15T23:59:59+02:00,2,0,455,610,1611,1721,1892,2068,2052,3438,2166,3036,1260,1674,984,1377,280,824,127,158,497,607,540,819,507,1143,471,753,399,500,626,854,227,695,15278,7159,2419,905,8137,767,339,33,22
2021-05-14T23:59:59+02:00,2,0,437,596,1580,1688,1849,2027,1974,3369,2124,2991,1252,1664,982,1377,278,824,125,153,492,592,521,794,488,1111,457,737,383,483,621,849,227,693,14909,7099,2378,889,8116,663,317,33,22
2021-05-13T23:59:59+02:00,1,0,411,575,1518,1635,1739,1974,1854,3283,2058,2899,1228,1647,975,1375,276,820,120,150,480,584,512,778,482,1095,444,725,367,456,611,824,227,689,14472,7018,2135,850,8060,627,288,33,22
2021-05-12T23:59:59+02:00,1,0,404,570,1498,1626,1724,1965,1829,3260,2043,2885,1226,1641,971,1373,276,820,120,148,477,584,511,772,479,1090,442,719,362,444,610,818,227,688,14343,6976,2111,841,8053,626,286,32,22
2021-05-11T23:59:59+02:00,1,0,386,551,1425,1588,1622,1924,1719,3167,1939,2814,1212,1617,966,1364,276,820,113,139,462,552,489,744,460,1058,414,698,343,416,600,812,227,688,13940,6880,1945,812,7942,531,223,32,22
2021-05-10T23:59:59+02:00,1,0,371,536,1380,1556,1568,1891,1647,3101,1881,2747,1205,1603,962,1358,276,817,113,136,455,547,480,723,452,1035,409,678,334,403,598,806,227,687,13669,6832,1861,804,7819,479,198,32,21
2021-05-09T23:59:59+02:00,1,0,365,525,1335,1531,1535,1870,1603,3065,1820,2706,1192,1590,960,1353,276,816,108,133,448,538,470,715,442,1025,399,667,324,392,593,802,227,686,13429,6796,1805,793,7770,427,178,32,20
2021-05-08T23:59:59+02:00,1,0,359,521,1321,1510,1505,1850,1581,3039,1790,2685,1185,1582,957,1352,275,816,107,133,447,538,468,714,441,1020,399,660,323,391,589,794,227,686,13219,6781,1799,787,7767,415,177,32,20
2021-05-07T23:59:59+02:00,1,0,348,514,1293,1482,1451,1831,1518,2979,1741,2635,1179,1574,956,1347,275,813,104,130,435,524,455,689,429,985,383,636,321,372,576,781,227,684,12948,6733,1770,763,7702,314,141,32,18
2021-05-06T23:59:59+02:00,1,0,325,501,1197,1438,1338,1774,1377,2865,1609,2541,1148,1542,954,1336,275,811,101,125,421,508,444,671,416,962,370,617,311,355,564,769,227,682,12456,6672,1580,746,7479,229,115,30,17
2021-05-05T23:59:59+02:00,1,0,311,486,1157,1406,1292,1734,1311,2796,1531,2462,1131,1519,948,1321,275,806,100,121,410,497,440,659,408,952,365,600,294,344,546,750,227,681,12040,6601,1517,726,7413,180,107,30,15
2021-05-04T23:59:59+02:00,1,0,302,476,1111,1374,1253,1708,1266,2750,1479,2402,1115,1489,943,1311,274,802,96,118,400,485,437,652,397,933,357,583,281,329,535,730,227,681,11720,6526,1455,698,7370,142,95,30,14
2021-05-03T23:59:59+02:00,1,0,296,470,1079,1350,1218,1690,1235,2716,1438,2363,1099,1462,937,1305,273,797,89,114,388,479,428,644,390,925,347,575,269,321,518,714,226,679,11476,6448,1431,691,7330,120,66,30,13
2021-05-02T23:59:59+02:00,1,0,291,469,1065,1336,1185,1673,1210,2698,1427,2341,1090,1448,935,1304,273,794,87,113,381,472,424,639,385,918,344,572,264,313,500,704,226,679,11347,6409,1416,674,7296,106,49,29,12
2021-05-01T23:59:59+02:00,1,0,287,464,1056,1328,1173,1660,1196,2685,1410,2324,1084,1443,932,1302,273,793,87,112,381,471,421,639,383,914,344,571,262,313,500,704,226,679,11214,6400,1415,674,7295,103,48,29,11
2021-04-30T23:59:59+02:00,1,0,283,455,1044,1304,1153,1641,1168,2624,1357,2270,1071,1428,926,1298,273,790,85,110,380,466,417,632,381,889,340,561,257,307,498,699,226,678,10918,6386,1410,665,7292,76,18,29,10
2021-04-29T23:59:59+02:00,1,0,268,441,991,1273,1113,1601,1123,2568,1263,2201,1028,1385,921,1289,272,788,85,106,375,464,413,627,373,877,331,552,249,298,487,689,225,674,10445,6327,1371,644,7231,53,17,28,10
2021-04-28T23:59:59+02:00,1,0,257,435,974,1255,1086,1587,1089,2527,1198,2147,997,1332,913,1287,272,786,81,104,369,460,409,618,370,869,327,539,235,283,476,676,224,673,10158,6262,1322,609,7177,39,16,28,10
2021-04-27T23:59:59+02:00,1,0,253,425,955,1239,1067,1575,1063,2504,1176,2120,973,1298,907,1283,272,783,79,101,364,456,407,613,368,864,321,533,232,275,465,657,223,672,9966,6213,1295,583,7142,32,16,24,8
2021-04-26T23:59:59+02:00,1,0,250,419,947,1230,1057,1560,1036,2487,1128,2072,954,1278,900,1276,271,782,79,101,360,450,407,610,364,861,320,528,227,267,455,648,223,672,9793,6180,1280,559,7077,30,16,24,8
2021-04-25T23:59:59+02:00,1,0,250,417,939,1216,1041,1553,1019,2470,1099,2044,932,1255,896,1269,271,782,78,100,359,443,404,609,363,857,319,528,226,262,450,640,223,671,9664,6164,1256,543,7030,22,16,24,8
2021-04-24T23:59:59+02:00,1,0,246,411,925,1204,1029,1538,1005,2451,1072,2028,921,1232,893,1266,271,782,78,100,359,443,403,609,363,855,318,525,225,260,449,637,223,671,9501,6157,1256,535,7006,22,16,23,8
2021-04-23T23:59:59+02:00,1,0,244,401,914,1189,1020,1527,989,2434,1019,1985,900,1209,891,1259,271,779,77,98,359,443,403,608,362,853,315,522,221,254,445,632,223,671,9352,6137,1243,523,6913,22,16,23,7
2021-04-22T23:59:59+02:00,1,0,241,391,891,1166,996,1505,960,2393,976,1925,868,1168,882,1247,271,776,77,97,357,437,398,601,358,844,313,516,216,248,436,622,222,669,9085,6084,1194,508,6846,15,16,23,7
2021-04-21T23:59:59+02:00,1,0,236,386,868,1147,970,1489,925,2357,932,1879,836,1118,874,1233,271,772,76,95,355,436,396,598,354,838,309,508,215,243,427,607,221,666,8797,6035,1169,489,6789,15,16,23,7
2021-04-20T23:59:59+02:00,1,0,229,381,851,1121,952,1469,901,2308,892,1826,791,1056,862,1216,270,770,76,95,353,435,393,594,348,833,307,502,211,235,415,588,220,666,8522,5978,1101,474,6727,14,16,23,7
2021-04-19T23:59:59+02:00,1,0,226,371,833,1109,939,1449,885,2277,864,1791,764,1025,858,1209,269,767,75,94,352,432,387,589,345,823,303,492,211,230,405,571,218,661,8343,5919,1085,452,6661,12,15,22,7
2021-04-18T23:59:59+02:00,1,0,225,367,825,1099,927,1441,864,2256,846,1774,739,986,855,1203,268,764,74,92,349,432,387,589,344,820,303,489,210,226,399,568,218,661,8222,5900,1059,443,6602,12,15,22,7
2021-04-17T23:59:59+02:00,1,0,224,364,822,1096,920,1440,857,2251,842,1768,723,962,853,1197,268,764,74,89,347,428,385,589,341,816,302,485,208,221,393,561,218,660,8158,5858,1058,441,6578,12,15,22,7
2021-04-16T23:59:59+02:00,1,0,223,363,812,1091,907,1422,841,2230,812,1731,683,903,843,1187,267,761,70,87,345,421,382,587,332,803,296,472,196,205,390,552,215,657,7968,5789,1043,403,6504,11,15,22,6
2021-04-15T23:59:59+02:00,1,0,222,356,788,1074,889,1408,816,2185,773,1694,652,856,835,1168,267,757,68,86,342,414,377,582,325,796,289,469,188,199,374,531,213,652,7749,5709,1033,377,6390,10,15,21,6
2021-04-14T23:59:59+02:00,1,0,221,349,777,1065,880,1395,801,2150,756,1666,615,816,806,1122,267,753,65,82,337,411,373,577,323,786,281,461,178,183,359,508,211,647,7535,5617,1017,345,6315,10,15,19,6
2021-04-13T23:59:59+02:00,1,0,217,344,767,1060,870,1383,792,2125,728,1640,569,766,785,1088,266,749,62,80,330,406,363,573,316,779,276,456,175,179,345,495,210,644,7384,5555,970,315,6221,8,15,17,6
2021-04-12T23:59:59+02:00,1,0,215,343,763,1055,863,1370,766,2105,711,1623,538,738,774,1071,266,747,61,76,318,397,359,567,312,772,269,450,168,174,337,483,209,638,7293,5478,948,289,6131,8,15,15,6
2021-04-11T23:59:59+02:00,0,0,212,340,755,1045,856,1364,754,2089,701,1607,523,714,766,1047,265,744,59,73,313,395,356,565,310,769,268,445,163,167,330,480,207,636,7234,5432,928,279,6041,8,15,14,6
2021-04-10T23:59:59+02:00,0,0,212,338,755,1042,852,1362,744,2081,692,1600,517,699,759,1033,264,744,55,66,287,379,336,550,298,755,253,437,155,160,326,466,206,634,7181,5260,921,271,6012,8,14,13,6
2021-04-09T23:59:59+02:00,0,0,212,335,751,1039,840,1339,736,1999,676,1516,480,637,738,1013,261,740,46,63,274,367,320,538,282,740,242,424,146,155,304,444,202,625,7067,5069,897,263,5762,8,11,12,6
2021-04-08T23:59:59+02:00,0,0,210,331,746,1032,829,1330,722,1979,658,1497,436,579,710,990,259,737,44,61,265,351,306,526,269,724,228,408,135,139,289,427,200,608,6955,4882,858,252,5645,8,10,12,6
2021-04-07T23:59:59+02:00,0,0,205,327,736,1025,816,1315,706,1951,640,1464,398,537,680,951,256,733,41,58,246,338,296,520,262,710,220,396,120,129,271,407,195,599,6824,4713,824,243,5497,8,10,12,5
2021-04-06T23:59:59+02:00,0,0,203,325,728,1020,802,1299,687,1927,612,1438,378,501,655,920,255,731,39,57,245,334,292,518,252,706,215,390,115,124,263,387,191,589,6735,4643,797,223,5349,7,10,10,5
2021-04-05T23:59:59+02:00,0,0,203,324,725,1013,795,1287,679,1911,606,1423,361,478,638,896,255,730,39,55,245,330,291,513,248,700,210,389,115,120,249,367,188,583,6693,4583,786,207,5240,7,9,10,5
2021-04-04T23:59:59+02:00,0,0,202,321,721,1004,790,1276,670,1893,599,1404,351,467,635,892,255,730,38,54,244,329,290,513,248,700,209,389,113,120,242,355,184,581,6670,4552,782,206,5155,7,7,10,5
2021-04-03T23:59:59+02:00,0,0,202,321,719,1004,788,1274,669,1889,592,1402,343,461,632,885,255,729,38,54,244,329,290,513,248,699,209,387,113,120,241,353,184,579,6637,4544,782,206,5141,7,7,10,5
2021-04-02T23:59:59+02:00,0,0,202,319,718,1003,787,1271,665,1882,588,1392,334,452,621,875,255,728,38,53,241,328,288,511,246,691,204,382,111,119,234,334,183,566,6591,4473,776,203,5118,7,7,9,5
2021-04-01T23:59:59+02:00,0,0,199,316,713,989,775,1258,660,1862,571,1373,322,428,591,842,254,722,36,52,232,322,286,508,245,684,202,378,104,116,220,308,179,545,6504,4367,734,195,5025,7,7,9,5
2021-03-31T23:59:59+02:00,0,0,195,313,705,982,766,1244,650,1816,561,1334,313,417,571,794,252,719,36,52,231,321,282,506,242,682,196,374,99,113,206,282,177,524,6436,4281,690,188,4892,7,6,9,5
2021-03-30T23:59:59+02:00,0,0,192,307,700,971,761,1224,638,1777,552,1290,303,401,545,758,251,719,36,51,229,317,278,503,241,677,193,369,96,111,197,264,174,510,6360,4206,656,183,4757,7,6,9,5
2021-03-29T23:59:59+02:00,0,0,188,302,694,954,756,1212,629,1746,543,1252,299,387,515,721,249,712,36,50,227,316,277,501,240,672,191,362,92,109,188,251,169,498,6253,4146,634,177,4654,5,6,9,5
2021-03-28T23:59:59+02:00,0,0,181,286,686,945,749,1204,625,1724,540,1237,297,372,488,697,247,710,36,49,225,316,274,495,236,669,190,359,89,107,181,241,166,497,6208,4103,600,171,4558,5,6,9,5
2021-03-27T23:59:59+01:00,0,0,181,282,681,939,744,1200,619,1713,538,1229,292,364,482,687,247,709,36,49,225,316,274,495,235,663,187,355,88,106,177,234,162,487,6168,4068,592,165,4522,5,6,9,5
2021-03-26T23:59:59+01:00,0,0,177,279,669,927,736,1185,607,1696,530,1205,285,353,478,673,245,706,36,49,225,316,273,493,235,662,180,342,83,98,163,218,154,475,6103,3983,574,164,4445,5,4,9,5
2021-03-25T23:59:59+01:00,0,0,173,277,661,914,715,1161,590,1660,520,1165,278,341,462,649,244,702,36,49,221,311,271,492,229,659,180,341,76,98,147,201,151,451,6030,3897,558,157,4291,5,4,9,5
2021-03-24T23:59:59+01:00,0,0,171,268,650,901,707,1146,581,1623,508,1135,269,327,445,624,241,699,36,49,220,309,268,490,227,659,176,338,74,95,135,194,143,417,5957,3822,535,150,4166,4,4,9,5
2021-03-23T23:59:59+01:00,0,0,168,265,641,888,694,1134,570,1600,496,1097,263,315,427,608,236,695,34,49,218,308,266,488,222,654,174,334,71,92,128,187,134,392,5904,3747,518,145,4036,3,4,9,5
2021-03-22T23:59:59+01:00,0,0,164,257,622,867,675,1115,559,1568,483,1073,259,304,416,593,235,689,34,49,217,306,263,486,220,647,173,332,71,88,122,179,119,362,5848,3666,494,142,3894,2,4,9,5
2021-03-21T23:59:59+01:00,0,0,160,255,614,860,670,1111,555,1544,477,1040,254,297,403,586,233,685,34,49,214,306,262,484,219,646,171,330,70,85,120,178,115,359,5827,3645,481,138,3790,2,3,7,4
2021-03-20T23:59:59+01:00,0,0,158,255,606,856,665,1106,549,1540,474,1039,251,290,391,572,231,683,34,49,214,306,261,484,218,644,171,326,69,84,117,174,111,353,5794,3620,476,136,3746,2,3,7,4
2021-03-19T23:59:59+01:00,0,0,148,243,601,838,654,1100,544,1522,462,1026,237,268,376,546,225,674,32,49,213,305,260,484,216,636,170,323,66,82,109,164,106,331,5716,3552,437,135,3657,2,2,7,4
2021-03-18T23:59:59+01:00,0,0,143,237,583,822,636,1066,526,1472,448,981,221,253,363,525,222,657,32,49,212,302,258,476,216,631,168,316,66,79,100,156,100,316,5634,3489,405,126,3454,2,2,7,4
2021-03-17T23:59:59+01:00,0,0,136,231,571,803,623,1059,521,1459,439,963,209,240,345,507,219,651,32,48,212,300,257,474,215,630,168,315,66,79,95,151,95,304,5538,3452,378,125,3391,2,2,5,4
2021-03-16T23:59:59+01:00,0,0,131,224,556,788,606,1048,509,1419,427,938,202,225,325,473,215,639,32,47,212,297,257,468,213,629,167,314,62,79,90,146,93,284,5447,3405,344,121,3258,2,1,5,4
2021-03-15T23:59:59+01:00,0,0,125,217,541,773,597,1026,500,1387,411,901,196,217,311,449,214,633,31,47,211,294,257,465,212,628,165,313,61,77,84,141,90,269,5358,3361,314,119,3143,2,0,5,4
2021-03-14T23:59:59+01:00,0,0,120,204,529,756,583,1005,491,1345,398,858,187,206,301,438,207,629,31,47,211,292,256,464,211,623,164,308,60,77,83,138,88,266,5294,3346,300,108,2975,2,0,5,4
2021-03-13T23:59:59+01:00,0,0,116,192,501,730,553,979,467,1321,376,839,171,197,293,426,205,626,31,47,211,292,256,464,210,623,164,307,60,77,80,134,77,251,5100,3309,294,108,2890,2,0,5,4
2021-03-12T23:59:59+01:00,0,0,105,185,473,704,534,951,446,1282,354,808,155,185,268,398,204,606,31,47,211,291,256,463,210,623,164,306,56,76,77,128,75,245,4876,3282,288,108,2773,2,0,5,3
2021-03-11T23:59:59+01:00,0,0,97,178,441,658,497,914,408,1206,334,755,140,163,246,355,199,584,31,46,210,288,251,459,208,619,161,304,56,74,73,122,73,233,4636,3252,280,88,2517,2,0,5,2
2021-03-10T23:59:59+01:00,0,0,94,168,418,636,480,896,393,1168,318,718,125,147,230,325,194,553,31,46,208,283,247,454,205,613,161,302,53,73,69,120,70,222,4466,3210,270,76,2381,2,0,5,2
2021-03-09T23:59:59+01:00,0,0,94,163,407,609,450,867,378,1124,307,686,120,138,218,307,188,541,31,46,207,280,244,446,203,609,157,298,53,71,67,118,63,213,4382,3168,254,66,2202,2,0,5,2
2021-03-08T23:59:59+01:00,0,0,91,156,392,592,432,850,369,1072,299,650,115,129,204,287,184,528,31,46,207,276,241,441,198,605,151,294,51,70,62,115,62,212,4304,3140,238,50,2044,1,0,5,1
2021-03-07T23:59:59+01:00,0,0,87,151,387,580,424,835,359,1058,296,644,113,129,197,273,182,527,31,46,206,275,241,439,197,604,151,294,51,70,60,114,61,211,4258,3131,227,48,1988,0,0,5,1
2021-03-06T23:59:59+01:00,0,0,86,144,385,573,417,811,350,1007,287,612,112,128,191,265,180,522,31,46,206,275,240,438,197,603,151,294,51,70,58,114,60,206,4226,3126,227,42,1845,0,0,5,1
2021-03-05T23:59:59+01:00,0,0,85,139,380,561,412,803,349,990,278,588,106,118,177,245,171,509,31,46,205,273,239,437,196,601,150,292,51,70,56,113,60,198,4140,3111,218,34,1774,0,0,5,1
2021-03-04T23:59:59+01:00,0,0,82,125,369,525,394,769,331,944,268,561,96,117,158,220,165,485,31,46,203,267,237,431,194,588,147,291,49,70,56,113,60,197,4041,3071,201,33,1585,0,0,5,1
2021-03-03T23:59:59+01:00,0,0,75,114,360,507,385,750,327,923,259,543,94,114,148,211,157,450,31,45,203,267,236,429,191,579,147,285,49,70,55,112,60,197,3968,3048,195,30,1468,0,0,5,1
2021-03-02T23:59:59+01:00,0,0,72,111,349,491,369,733,319,904,253,521,92,111,140,203,148,423,30,45,203,267,236,423,186,572,145,282,49,70,55,110,60,196,3888,3019,189,30,1369,0,0,5,1
2021-03-01T23:59:59+01:00,0,0,71,109,343,477,362,712,310,880,247,493,91,109,133,193,130,388,30,44,202,266,234,414,184,565,145,279,49,70,55,109,59,196,3802,2989,184,30,1264,0,0,5,1
2021-02-28T23:59:59+01:00,0,0,71,107,336,468,359,704,307,856,242,475,87,101,131,189,126,384,30,44,201,265,233,414,184,565,145,279,49,70,55,109,59,195,3778,2985,179,30,1185,0,0,5,1
2021-02-27T23:59:59+01:00,0,0,68,98,330,462,354,698,301,845,239,466,85,99,130,184,119,373,30,44,201,264,233,413,183,564,144,278,49,70,55,109,59,195,3745,2984,173,25,1128,0,0,5,1
2021-02-26T23:59:59+01:00,0,0,66,93,322,439,328,663,280,814,229,445,82,95,121,174,115,353,30,43,201,263,233,411,182,561,141,276,49,70,55,109,59,193,3688,2969,171,25,948,0,0,5,0
2021-02-25T23:59:59+01:00,0,0,58,82,309,418,317,634,274,788,217,422,77,95,112,167,110,339,30,43,199,260,229,408,180,554,136,275,49,68,53,107,57,193,3634,2941,165,17,799,0,0,5,0
2021-02-24T23:59:59+01:00,0,0,54,75,302,405,309,619,269,772,214,414,76,95,107,163,104,328,29,43,197,259,226,395,178,546,134,270,47,67,51,107,57,193,3598,2903,160,11,724,0,0,5,0
2021-02-23T23:59:59+01:00,0,0,49,66,289,386,299,600,263,754,209,406,72,93,101,159,102,304,28,43,196,257,224,390,177,540,130,267,47,67,51,103,57,191,3544,2874,155,8,624,0,0,5,0
2021-02-22T23:59:59+01:00,0,0,47,63,284,375,295,591,261,745,207,402,70,90,93,152,99,290,28,41,193,255,221,377,169,530,127,264,46,67,50,103,56,191,3497,2826,148,4,585,0,0,4,0
2021-02-21T23:59:59+01:00,0,0,46,62,278,369,292,581,256,738,202,398,69,88,92,150,97,288,28,40,192,253,220,374,169,521,127,263,46,67,50,102,55,190,3487,2803,145,4,537,0,0,3,0
2021-02-20T23:59:59+01:00,0,0,45,62,276,368,292,578,255,732,202,392,68,88,89,146,86,273,28,40,192,253,220,374,169,521,125,262,46,67,49,102,55,188,3452,2797,144,4,516,0,0,3,0
2021-02-19T23:59:59+01:00,0,0,44,62,273,363,286,556,244,706,200,380,65,86,86,138,84,266,28,39,192,253,219,373,169,520,125,262,46,67,48,101,54,186,3423,2788,143,4,429,0,0,2,0
2021-02-18T23:59:59+01:00,0,0,42,59,255,339,278,535,236,685,186,356,64,82,84,133,82,256,27,38,188,245,216,367,164,505,124,252,46,65,47,99,50,182,3394,2720,134,4,296,0,0,2,0
2021-02-17T23:59:59+01:00,0,0,42,57,248,334,276,520,229,672,183,336,62,80,80,131,79,246,25,37,184,239,209,353,160,489,121,241,42,63,47,97,49,179,3346,2637,133,3,242,0,0,2,0
2021-02-16T23:59:59+01:00,0,0,41,52,235,319,272,509,223,658,178,329,60,79,77,129,72,237,22,37,175,230,201,334,154,477,117,229,42,59,37,83,42,170,3307,2510,130,3,177,0,0,2,0
2021-02-15T23:59:59+01:00,0,0,40,52,230,316,265,496,220,653,174,323,58,79,72,125,71,236,21,36,168,223,196,326,148,466,113,222,39,56,37,77,39,162,3280,2429,129,3,145,0,0,2,0
2021-02-14T23:59:59+01:00,0,0,37,52,227,312,263,489,217,647,174,318,57,76,69,125,70,232,20,36,166,219,192,321,147,454,112,220,39,56,36,76,37,155,3269,2385,117,3,122,0,0,2,0
2021-02-13T23:59:59+01:00,0,0,36,52,227,312,261,489,217,646,174,318,57,76,68,125,70,231,20,36,165,218,189,321,146,452,111,217,38,56,35,75,35,151,3265,2365,117,1,120,0,0,2,0
2021-02-12T23:59:59+01:00,0,0,35,50,225,307,258,480,213,635,171,315,57,75,67,125,70,230,20,36,164,215,188,320,145,450,109,216,36,55,35,71,32,142,3256,2334,117,1,81,0,0,2,0
2021-02-11T23:59:59+01:00,0,0,34,49,217,286,251,463,206,610,159,304,55,74,66,123,70,225,20,34,148,195,181,289,136,405,104,197,32,54,32,61,30,128,3218,2137,95,1,18,0,0,2,0
2021-02-10T23:59:59+01:00,0,0,34,48,214,278,249,456,202,601,157,299,52,74,65,123,69,223,18,31,137,171,167,251,117,356,97,175,28,52,31,59,27,117,3186,1913,85,1,8,0,0,2,0
2021-02-09T23:59:59+01:00,0,0,33,47,213,275,247,446,197,593,153,296,52,74,65,121,69,223,18,29,120,146,150,231,104,314,92,150,23,47,30,47,23,105,3164,1698,70,1,4,0,0,2,0
2021-02-08T23:59:59+01:00,0,0,33,47,212,273,241,431,194,581,149,291,50,74,65,120,69,223,16,28,103,123,128,192,85,275,87,140,16,45,24,40,22,90,3125,1477,54,1,4,0,0,2,0
2021-02-07T23:59:59+01:00,0,0,33,46,209,272,239,430,194,578,149,291,50,74,64,119,69,223,15,22,98,114,121,181,80,256,83,131,16,44,23,34,22,85,3117,1385,51,1,0,0,0,2,0
2021-02-06T23:59:59+01:00,0,0,33,46,209,272,239,429,194,578,149,290,49,74,63,119,68,218,12,18,97,113,120,177,78,249,83,129,15,43,23,31,20,84,3114,1349,44,1,0,0,0,2,0
2021-02-05T23:59:59+01:00,0,0,32,45,209,272,239,428,193,576,147,289,49,74,63,119,68,208,10,15,88,105,116,173,77,245,82,121,14,41,23,27,18,81,3101,1290,36,0,0,0,0,2,0
2021-02-04T23:59:59+01:00,0,0,32,45,206,269,234,424,188,570,145,286,49,72,63,117,68,207,9,11,60,74,93,128,66,207,65,102,13,36,20,23,16,71,3064,1036,36,0,0,0,0,2,0
2021-02-03T23:59:59+01:00,0,0,32,44,206,268,233,412,186,564,144,283,49,71,62,116,68,206,6,6,44,55,72,105,51,158,55,74,10,17,16,17,11,54,3036,782,33,0,0,0,0,2,0
2021-02-02T23:59:59+01:00,0,0,31,44,205,266,229,406,185,558,141,282,48,71,60,113,66,203,4,3,28,39,56,75,40,102,44,51,8,14,11,12,7,36,2998,551,33,0,0,0,0,2,0
2021-02-01T23:59:59+01:00,0,0,30,42,203,266,225,401,182,553,138,275,48,70,59,112,66,203,4,1,22,21,30,44,26,62,27,28,5,9,8,8,6,21,2962,334,33,0,0,0,0,1,0
2021-01-31T23:59:59+01:00,0,0,30,42,202,264,223,396,180,545,137,275,48,70,58,112,65,202,4,1,20,16,21,36,20,50,21,24,5,6,6,7,5,19,2937,271,32,0,0,0,0,1,0
2021-01-30T23:59:59+01:00,0,0,30,42,202,264,223,395,179,545,137,275,48,70,57,112,65,199,4,1,19,15,19,36,18,46,20,23,5,5,6,6,5,18,2932,255,31,0,0,0,0,1,0
2021-01-29T23:59:59+01:00,0,0,30,42,202,262,222,394,178,544,135,273,48,70,56,111,64,198,4,0,16,9,14,29,16,40,16,21,4,4,5,6,5,17,2922,213,27,0,0,0,0,0,0
2021-01-28T23:59:59+01:00,0,0,30,41,194,259,221,389,177,535,132,269,48,70,54,110,60,196,4,0,5,3,7,16,9,22,9,9,2,2,3,3,1,17,2886,115,19,0,0,0,0,0,0
2021-01-27T23:59:59+01:00,0,0,29,40,191,253,217,379,175,522,129,260,45,68,54,109,59,194,1,0,3,3,6,14,8,19,8,9,2,2,2,3,1,13,2823,96,15,0,0,0,0,0,0
2021-01-26T23:59:59+01:00,0,0,26,40,188,241,211,366,171,504,126,253,45,64,48,101,53,186,1,0,2,3,6,14,8,19,8,9,2,2,2,3,1,10,2724,92,12,0,0,0,0,0,0
2021-01-25T23:59:59+01:00,0,0,26,39,179,238,208,356,168,495,123,243,43,62,47,98,48,184,1,0,1,3,4,12,7,16,8,9,2,2,2,1,1,8,2664,79,4,0,0,0,0,0,0
2021-01-24T23:59:59+01:00,0,0,25,38,177,235,205,355,167,493,123,242,43,62,45,95,47,183,1,0,1,3,3,12,7,16,8,9,2,2,2,1,1,8,2642,78,3,0,0,0,0,0,0
2021-01-23T23:59:59+01:00,0,0,25,38,177,235,203,355,167,492,123,242,43,62,45,94,47,181,1,0,1,3,3,11,7,15,7,9,2,2,2,1,1,8,2636,75,3,0,0,0,0,0,0
2021-01-22T23:59:59+01:00,0,0,24,37,176,231,202,355,167,491,122,242,43,62,45,94,45,174,1,0,1,3,3,11,7,15,7,9,2,2,2,1,1,8,2617,75,3,0,0,0,0,0,0
2021-01-21T23:59:59+01:00,0,0,21,36,167,222,196,338,163,470,120,229,42,62,41,86,44,171,1,0,1,3,1,6,6,10,5,5,2,2,2,0,1,7,2509,54,3,0,0,0,0,0,0
2021-01-20T23:59:59+01:00,0,0,20,34,153,196,180,297,135,414,110,208,37,59,38,82,40,157,1,0,1,3,1,6,6,9,5,4,2,2,2,0,1,7,2250,52,2,0,0,0,0,0,0
2021-01-19T23:59:59+01:00,0,0,20,31,128,169,163,265,126,371,106,187,27,53,30,68,35,143,1,0,1,3,1,5,4,7,3,3,1,0,2,0,0,4,2000,36,2,0,0,0,0,0,0
2021-01-18T23:59:59+01:00,0,0,17,31,113,148,140,224,109,323,99,163,24,50,27,56,31,121,1,0,1,1,0,2,3,5,2,3,0,0,1,0,0,4,1749,24,2,0,0,0,0,0,0
2021-01-17T23:59:59+01:00,0,0,16,22,108,133,132,211,100,298,95,154,24,45,27,51,29,109,1,0,0,0,0,1,1,4,2,2,0,0,1,0,0,1,1619,13,2,0,0,0,0,0,0
2021-01-16T23:59:59+01:00,0,0,14,19,105,131,130,206,97,288,94,147,21,44,26,45,25,105,0,0,0,0,0,0,0,0,0,0,0,0,0,0,0,0,1561,0,0,0,0,0,0,0,0
2021-01-15T23:59:59+01:00,0,0,11,17,99,122,126,201,95,279,94,137,20,43,26,40,23,102,0,0,0,0,0,0,0,0,0,0,0,0,0,0,0,0,1495,0,0,0,0,0,0,0,0
2021-01-14T23:59:59+01:00,0,0,9,13,75,91,107,165,79,235,82,122,15,38,23,33,22,88,0,0,0,0,0,0,0,0,0,0,0,0,0,0,0,0,1245,0,0,0,0,0,0,0,0
2021-01-13T23:59:59+01:00,0,0,7,12,61,80,94,136,73,190,76,97,15,24,19,25,20,68,0,0,0,0,0,0,0,0,0,0,0,0,0,0,0,0,1038,0,0,0,0,0,0,0,0
2021-01-12T23:59:59+01:00,0,0,5,8,49,62,76,106,66,135,63,75,11,19,15,21,12,51,0,0,0,0,0,0,0,0,0,0,0,0,0,0,0,0,809,0,0,0,0,0,0,0,0
2021-01-11T23:59:59+01:00,0,0,4,6,43,49,64,81,52,106,48,55,10,15,8,12,9,28,0,0,0,0,0,0,0,0,0,0,0,0,0,0,0,0,615,0,0,0,0,0,0,0,0
2021-01-10T23:59:59+01:00,0,0,4,6,39,38,49,67,38,85,40,47,8,10,6,11,8,24,0,0,0,0,0,0,0,0,0,0,0,0,0,0,0,0,496,0,0,0,0,0,0,0,0
2021-01-09T23:59:59+01:00,0,0,4,5,36,37,44,64,35,77,37,43,8,9,6,10,8,23,0,0,0,0,0,0,0,0,0,0,0,0,0,0,0,0,460,0,0,0,0,0,0,0,0
2021-01-08T23:59:59+01:00,0,0,4,5,29,28,38,56,27,64,31,38,6,6,4,9,7,21,0,0,0,0,0,0,0,0,0,0,0,0,0,0,0,0,384,0,0,0,0,0,0,0,0
2021-01-07T23:59:59+01:00,0,0,4,2,11,3,10,18,11,28,8,18,5,3,3,4,3,20,0,0,0,0,0,0,0,0,0,0,0,0,0,0,0,0,154,0,0,0,0,0,0,0,0
2021-01-06T23:59:59+01:00,0,0,4,0,4,3,5,15,8,22,7,10,3,3,2,4,3,17,0,0,0,0,0,0,0,0,0,0,0,0,0,0,0,0,113,0,0,0,0,0,0,0,0
2021-01-05T23:59:59+01:00,0,0,2,0,2,3,5,14,8,20,7,9,3,2,2,4,2,16,0,0,0,0,0,0,0,0,0,0,0,0,0,0,0,0,102,0,0,0,0,0,0,0,0
2021-01-04T23:59:59+01:00,0,0,1,0,2,3,5,13,7,17,7,9,2,2,2,2,2,10,0,0,0,0,0,0,0,0,0,0,0,0,0,0,0,0,86,0,0,0,0,0,0,0,0
2021-01-03T23:59:59+01:00,0,0,1,0,1,3,4,13,7,17,7,9,2,2,2,2,2,10,0,0,0,0,0,0,0,0,0,0,0,0,0,0,0,0,84,0,0,0,0,0,0,0,0
2021-01-02T23:59:59+01:00,0,0,1,0,1,3,4,13,6,17,6,9,2,2,2,2,2,10,0,0,0,0,0,0,0,0,0,0,0,0,0,0,0,0,82,0,0,0,0,0,0,0,0
2021-01-01T23:59:59+01:00,0,0,1,0,1,3,4,13,6,17,6,9,2,2,2,2,2,10,0,0,0,0,0,0,0,0,0,0,0,0,0,0,0,0,82,0,0,0,0,0,0,0,0
2020-12-31T23:59:59+01:00,0,0,1,0,1,3,4,12,6,17,6,9,2,2,2,2,2,10,0,0,0,0,0,0,0,0,0,0,0,0,0,0,0,0,81,0,0,0,0,0,0,0,0
2020-12-30T23:59:59+01:00,0,0,1,0,1,3,4,12,6,16,6,9,2,2,2,2,2,10,0,0,0,0,0,0,0,0,0,0,0,0,0,0,0,0,80,0,0,0,0,0,0,0,0
2020-12-29T23:59:59+01:00,0,0,1,0,1,3,3,8,4,13,4,7,1,1,2,1,0,8,0,0,0,0,0,0,0,0,0,0,0,0,0,0,0,0,58,0,0,0,0,0,0,0,0
2020-12-28T23:59:59+01:00,0,0,1,0,1,1,1,1,2,6,3,4,1,0,1,0,0,4,0,0,0,0,0,0,0,0,0,0,0,0,0,0,0,0,27,0,0,0,0,0,0,0,0
2020-12-27T23:59:59+01:00,0,0,1,0,0,0,0,1,1,6,1,2,0,0,1,0,0,2,0,0,0,0,0,0,0,0,0,0,0,0,0,0,0,0,15,0,0,0,0,0,0,0,0
