Datum,<15_1_m,<15_1_w,15-24_1_m,15-24_1_w,25-34_1_m,25-34_1_w,35-44_1_m,35-44_1_w,45-54_1_m,45-54_1_w,55-64_1_m,55-64_1_w,65-74_1_m,65-74_1_w,75-84_1_m,75-84_1_w,>84_1_m,>84_1_w,<15_2_m,<15_2_w,15-24_2_m,15-24_2_w,25-34_2_m,25-34_2_w,35-44_2_m,35-44_2_w,45-54_2_m,45-54_2_w,55-64_2_m,55-64_2_w,65-74_2_m,65-74_2_w,75-84_2_m,75-84_2_w,>84_2_m,>84_2_w,bp_1,bp_2,mo_1,mo_2,az_1,az_2,ja,unb_1,unb_2
2021-11-07T23:59:59+01:00,228,216,4511,3716,11059,7514,10509,6935,8943,9198,5717,6288,1893,2372,1191,1645,324,925,173,161,3752,3173,9536,6663,9130,6151,7911,8206,5214,5749,1770,2217,1119,1562,287,855,54281,46219,7883,7190,9261,7984,13551,49,48
2021-11-06T23:59:59+01:00,228,216,4500,3707,11027,7502,10471,6916,8919,9184,5706,6279,1891,2370,1191,1645,324,925,173,161,3751,3168,9530,6661,9127,6147,7908,8201,5211,5747,1768,2217,1119,1562,287,855,54108,46190,7880,7190,9261,7984,13544,49,48
2021-11-05T23:59:59+01:00,227,216,4466,3691,10974,7482,10402,6890,8860,9151,5692,6267,1891,2367,1191,1644,324,925,172,161,3739,3163,9518,6650,9113,6142,7893,8190,5207,5742,1767,2216,1119,1562,287,855,53799,46124,7877,7188,9261,7984,13515,49,48
2021-11-04T23:59:59+01:00,226,214,4416,3667,10874,7427,10295,6842,8780,9103,5667,6246,1887,2360,1190,1643,324,924,171,159,3720,3152,9486,6630,9075,6121,7870,8161,5192,5734,1767,2213,1118,1562,287,855,53342,46008,7862,7184,9261,7984,13412,49,48
2021-11-03T23:59:59+01:00,226,212,4388,3648,10794,7395,10214,6820,8716,9061,5644,6223,1884,2358,1190,1642,324,924,170,156,3704,3148,9460,6616,9046,6115,7850,8146,5187,5731,1765,2207,1118,1562,287,854,52969,45908,7856,7177,9261,7984,13368,49,48
2021-11-02T23:59:59+01:00,226,211,4343,3633,10713,7367,10133,6790,8646,9033,5616,6205,1881,2355,1190,1641,324,924,170,155,3695,3136,9439,6597,9017,6103,7832,8121,5179,5721,1762,2205,1118,1561,287,853,52614,45815,7846,7169,9261,7981,13300,49,48
2021-11-01T23:59:59+01:00,225,211,4310,3619,10644,7342,10038,6759,8587,9008,5592,6186,1879,2349,1190,1639,324,923,170,155,3676,3127,9410,6576,8984,6086,7810,8108,5166,5710,1761,2205,1118,1561,287,853,52296,45714,7840,7164,9261,7981,13218,49,48
2021-10-31T23:59:59+01:00,223,211,4297,3618,10629,7335,10026,6754,8581,9002,5591,6184,1879,2349,1190,1639,324,923,169,155,3672,3126,9403,6574,8978,6084,7808,8105,5164,5708,1760,2205,1118,1561,287,853,52252,45706,7838,7163,9261,7981,13194,49,48
2021-10-30T23:59:59+02:00,222,210,4292,3616,10608,7331,10013,6751,8572,8994,5581,6180,1878,2348,1190,1639,324,923,169,155,3670,3126,9393,6571,8973,6084,7805,8104,5158,5705,1760,2205,1118,1561,287,853,52192,45696,7838,7163,9261,7981,13171,49,48
2021-10-29T23:59:59+02:00,221,210,4251,3605,10541,7307,9939,6724,8526,8953,5564,6170,1878,2345,1190,1639,323,922,168,155,3649,3119,9363,6567,8945,6079,7786,8089,5153,5700,1758,2205,1118,1561,287,852,51915,45636,7830,7160,9261,7981,13091,49,48
2021-10-28T23:59:59+02:00,221,209,4210,3590,10437,7276,9837,6690,8465,8897,5537,6141,1876,2338,1188,1639,323,922,168,154,3622,3108,9314,6540,8892,6053,7759,8063,5138,5691,1757,2202,1118,1561,286,852,51563,45519,7818,7148,9261,7981,12942,49,48
2021-10-27T23:59:59+02:00,221,208,4184,3581,10378,7256,9786,6655,8411,8868,5520,6124,1873,2335,1188,1638,323,922,166,154,3606,3099,9282,6517,8867,6039,7739,8048,5131,5678,1754,2201,1117,1558,286,851,51315,45409,7808,7140,9261,7980,12875,49,48
2021-10-26T23:59:59+02:00,220,206,4149,3566,10329,7227,9729,6629,8370,8822,5503,6111,1870,2332,1187,1637,323,921,165,153,3591,3090,9241,6498,8835,6025,7719,8026,5120,5671,1752,2201,1115,1554,286,850,51062,45288,7800,7139,9261,7980,12796,49,48
2021-10-25T23:59:59+02:00,218,206,4144,3561,10313,7220,9709,6616,8356,8805,5501,6106,1868,2331,1187,1637,323,921,165,153,3589,3089,9230,6486,8818,6016,7708,8011,5116,5669,1751,2201,1114,1554,286,850,50997,45248,7799,7137,9261,7980,12752,49,48
2021-10-24T23:59:59+02:00,215,205,4133,3551,10272,7203,9680,6597,8340,8783,5496,6098,1867,2330,1186,1637,323,921,164,152,3580,3085,9207,6480,8800,6005,7698,7999,5112,5665,1751,2201,1114,1553,286,850,50861,45193,7793,7133,9261,7978,12709,49,48
2021-10-23T23:59:59+02:00,213,205,4129,3548,10251,7201,9668,6591,8336,8776,5495,6094,1867,2330,1186,1637,323,921,164,152,3578,3083,9201,6479,8794,6002,7693,7998,5111,5664,1751,2201,1114,1553,286,850,50808,45178,7792,7132,9261,7978,12697,49,48
2021-10-22T23:59:59+02:00,212,204,4106,3538,10216,7185,9642,6578,8310,8742,5483,6074,1867,2329,1186,1637,323,921,162,151,3570,3081,9181,6468,8774,5994,7681,7987,5103,5652,1751,2197,1114,1552,286,850,50644,45112,7787,7127,9261,7978,12648,49,48
2021-10-21T23:59:59+02:00,207,202,4086,3526,10149,7164,9600,6543,8279,8696,5475,6051,1867,2325,1185,1636,323,921,160,151,3543,3065,9136,6455,8746,5976,7655,7963,5087,5638,1750,2194,1112,1551,286,850,50412,44957,7774,7119,9261,7978,12574,49,48
2021-10-20T23:59:59+02:00,207,202,4075,3515,10133,7151,9571,6530,8254,8678,5469,6038,1865,2322,1185,1636,323,921,159,150,3532,3054,9108,6442,8720,5963,7638,7950,5079,5628,1747,2192,1112,1549,286,848,50284,44834,7772,7111,9261,7977,12545,48,48
2021-10-19T23:59:59+02:00,204,201,4068,3509,10119,7145,9547,6520,8239,8666,5463,6032,1864,2321,1185,1636,323,920,155,149,3522,3040,9092,6429,8707,5952,7627,7937,5067,5618,1746,2187,1111,1548,286,848,50197,44719,7765,7107,9261,7977,12526,48,48
2021-10-18T23:59:59+02:00,204,199,4056,3503,10107,7137,9530,6512,8229,8655,5458,6019,1863,2318,1184,1635,323,920,155,149,3513,3028,9076,6417,8693,5945,7619,7928,5066,5605,1743,2185,1111,1548,286,846,50107,44631,7761,7101,9261,7977,12509,48,48
2021-10-17T23:59:59+02:00,204,197,4050,3499,10098,7129,9518,6509,8222,8652,5456,6015,1862,2318,1184,1634,322,919,155,146,3502,3020,9067,6413,8686,5940,7609,7920,5064,5601,1742,2181,1109,1548,286,846,50060,44568,7755,7098,9261,7976,12497,48,48
2021-10-16T23:59:59+02:00,204,197,4048,3497,10093,7127,9516,6507,8221,8649,5455,6013,1861,2318,1183,1633,322,919,155,145,3501,3019,9063,6411,8686,5939,7606,7919,5064,5601,1742,2181,1109,1548,286,846,50042,44561,7754,7098,9261,7975,12491,48,48
2021-10-15T23:59:59+02:00,202,197,4036,3493,10076,7118,9502,6502,8213,8635,5448,6006,1860,2318,1183,1633,322,919,155,143,3491,3016,9051,6401,8674,5933,7599,7913,5057,5597,1742,2181,1109,1547,286,846,49960,44500,7751,7096,9261,7975,12473,48,48
2021-10-14T23:59:59+02:00,201,197,4025,3485,10050,7102,9480,6485,8192,8615,5440,5997,1860,2315,1183,1632,322,919,154,140,3468,3009,9020,6377,8640,5908,7576,7901,5047,5587,1741,2177,1106,1547,286,846,49850,44349,7743,7081,9261,7973,12428,48,48
2021-10-13T23:59:59+02:00,199,197,4013,3481,10034,7091,9463,6475,8179,8600,5432,5990,1858,2314,1183,1630,322,919,152,140,3454,3003,8995,6362,8623,5897,7558,7891,5038,5580,1741,2177,1105,1546,286,846,49763,44248,7739,7075,9261,7973,12399,48,48
2021-10-12T23:59:59+02:00,197,195,4006,3476,10018,7083,9444,6464,8168,8583,5420,5981,1857,2312,1182,1630,322,919,151,138,3447,2993,8973,6346,8599,5881,7543,7879,5024,5570,1737,2172,1105,1545,286,846,49667,44115,7733,7072,9261,7972,12377,48,48
2021-10-11T23:59:59+02:00,197,193,3995,3469,9993,7077,9423,6451,8160,8566,5414,5972,1856,2311,1182,1630,322,919,149,138,3434,2983,8935,6335,8574,5861,7525,7861,5017,5561,1736,2171,1105,1545,286,846,49582,43987,7724,7061,9261,7971,12344,48,48
2021-10-10T23:59:59+02:00,196,191,3984,3467,9984,7068,9417,6441,8152,8558,5412,5964,1856,2311,1181,1630,322,919,148,138,3423,2980,8917,6329,8563,5854,7513,7857,5012,5554,1734,2170,1105,1544,286,846,49524,43913,7718,7058,9261,7971,12331,48,48
2021-10-09T23:59:59+02:00,196,191,3982,3466,9981,7067,9404,6436,8149,8556,5409,5964,1856,2310,1181,1630,322,919,148,137,3419,2977,8915,6326,8554,5848,7509,7856,5008,5553,1734,2170,1105,1544,286,846,49506,43894,7718,7055,9261,7970,12315,48,48
2021-10-08T23:59:59+02:00,194,190,3971,3457,9961,7058,9392,6425,8136,8539,5404,5961,1854,2309,1181,1630,322,919,148,137,3412,2970,8895,6318,8540,5839,7504,7841,4998,5551,1732,2168,1104,1543,286,846,49421,43819,7714,7054,9261,7970,12287,48,48
2021-10-07T23:59:59+02:00,193,189,3954,3446,9934,7044,9354,6416,8115,8517,5399,5956,1853,2304,1181,1630,322,919,148,137,3388,2946,8854,6299,8514,5827,7481,7811,4980,5539,1729,2162,1104,1542,286,846,49287,43635,7707,7036,9261,7970,12249,48,48
2021-10-06T23:59:59+02:00,191,188,3946,3441,9908,7027,9340,6409,8109,8509,5392,5948,1851,2301,1181,1628,322,918,147,137,3374,2934,8832,6287,8497,5815,7473,7797,4977,5529,1727,2159,1104,1541,286,846,49198,43537,7705,7030,9261,7968,12223,48,48
2021-10-05T23:59:59+02:00,191,187,3933,3431,9893,7011,9321,6397,8090,8486,5384,5941,1850,2299,1181,1627,322,917,146,137,3359,2922,8809,6276,8473,5802,7452,7772,4967,5521,1725,2155,1103,1539,286,846,49093,43412,7703,7022,9261,7968,12182,48,48
2021-10-04T23:59:59+02:00,191,186,3915,3423,9871,6996,9284,6381,8073,8474,5376,5933,1847,2299,1180,1622,322,915,146,137,3345,2914,8787,6257,8439,5788,7431,7746,4956,5506,1724,2153,1103,1538,285,846,48980,43277,7694,7018,9261,7968,12131,48,48
2021-10-03T23:59:59+02:00,191,186,3900,3419,9846,6982,9272,6372,8060,8462,5374,5926,1845,2297,1179,1621,321,915,146,137,3330,2906,8759,6247,8428,5780,7422,7733,4951,5501,1723,2150,1103,1537,284,846,48907,43210,7692,7015,9261,7965,12086,48,48
2021-10-02T23:59:59+02:00,191,186,3898,3418,9845,6980,9269,6371,8058,8462,5372,5924,1844,2296,1179,1621,321,915,146,137,3327,2906,8755,6246,8426,5780,7418,7732,4950,5497,1722,2149,1103,1537,284,846,48900,43199,7690,7015,9261,7963,12077,48,48
2021-10-01T23:59:59+02:00,190,185,3890,3415,9824,6973,9255,6362,8046,8450,5367,5914,1841,2293,1179,1621,321,914,144,136,3311,2899,8736,6237,8411,5768,7410,7721,4943,5490,1720,2149,1103,1537,284,846,48834,43131,7687,7012,9261,7959,12036,48,48
2021-09-30T23:59:59+02:00,189,184,3858,3397,9774,6950,9220,6336,8017,8424,5350,5900,1838,2290,1177,1621,321,913,142,135,3291,2878,8688,6210,8379,5747,7393,7689,4928,5476,1718,2143,1103,1537,284,845,48659,43000,7680,6987,9261,7956,11934,48,48
2021-09-29T23:59:59+02:00,188,182,3843,3386,9730,6936,9203,6316,8004,8396,5341,5894,1836,2287,1176,1619,321,912,142,135,3278,2869,8654,6203,8363,5725,7383,7667,4917,5463,1718,2141,1103,1536,284,845,48539,42909,7672,6982,9261,7952,11870,48,48
2021-09-28T23:59:59+02:00,186,182,3833,3378,9691,6917,9173,6304,7978,8362,5333,5877,1835,2280,1176,1618,321,910,139,134,3262,2857,8627,6182,8342,5711,7357,7640,4909,5451,1718,2135,1103,1535,284,844,48413,42804,7667,6977,9261,7951,11783,48,48
2021-09-27T23:59:59+02:00,185,182,3816,3364,9656,6890,9149,6280,7960,8332,5319,5865,1832,2269,1175,1617,320,909,139,133,3244,2846,8586,6156,8313,5684,7333,7611,4897,5443,1715,2126,1103,1533,284,843,48294,42676,7658,6974,9261,7947,11677,48,48
2021-09-26T23:59:59+02:00,183,182,3808,3355,9639,6880,9137,6272,7947,8320,5314,5859,1826,2268,1173,1616,320,909,138,132,3235,2840,8566,6152,8303,5673,7319,7604,4890,5433,1711,2126,1103,1532,284,842,48224,42618,7657,6970,9261,7943,11636,48,48
2021-09-25T23:59:59+02:00,183,181,3804,3354,9630,6876,9133,6268,7940,8319,5311,5859,1826,2267,1173,1615,320,909,138,131,3229,2837,8559,6149,8299,5669,7315,7599,4888,5431,1711,2125,1102,1529,284,842,48208,42599,7655,6967,9261,7941,11614,48,48
2021-09-24T23:59:59+02:00,182,179,3788,3347,9599,6863,9118,6258,7918,8300,5303,5847,1824,2265,1173,1614,320,909,137,131,3217,2829,8533,6135,8286,5658,7293,7585,4881,5422,1710,2121,1102,1529,284,842,48122,42539,7654,6961,9261,7941,11537,48,48
2021-09-23T23:59:59+02:00,180,178,3753,3332,9533,6833,9063,6214,7878,8251,5285,5827,1819,2258,1170,1611,320,909,137,130,3192,2816,8474,6105,8234,5622,7254,7538,4863,5404,1702,2117,1101,1527,284,842,47971,42432,7645,6953,9261,7937,11300,48,48
2021-09-22T23:59:59+02:00,177,178,3728,3317,9504,6812,9034,6194,7846,8237,5268,5816,1817,2254,1169,1611,320,909,135,127,3167,2808,8445,6082,8209,5608,7224,7518,4848,5397,1699,2110,1099,1527,284,841,47840,42310,7641,6950,9259,7931,11213,48,48
2021-09-21T23:59:59+02:00,176,176,3712,3304,9479,6791,8988,6171,7815,8210,5253,5805,1816,2254,1169,1611,320,909,134,127,3146,2794,8409,6056,8164,5593,7190,7485,4831,5377,1698,2109,1098,1526,284,841,47718,42157,7634,6942,9259,7931,11106,48,48
2021-09-20T23:59:59+02:00,174,176,3682,3291,9442,6775,8952,6149,7782,8178,5246,5790,1812,2252,1169,1611,320,907,134,125,3122,2771,8368,6036,8124,5570,7157,7455,4823,5357,1695,2107,1097,1525,283,841,47592,42019,7631,6937,9259,7926,10979,48,48
2021-09-19T23:59:59+02:00,174,175,3664,3284,9410,6768,8937,6143,7775,8168,5239,5783,1810,2249,1168,1609,320,906,132,125,3113,2763,8340,6026,8104,5563,7141,7440,4816,5349,1694,2103,1096,1524,283,840,47529,41951,7624,6931,9259,7920,10921,48,48
2021-09-18T23:59:59+02:00,174,175,3660,3283,9405,6766,8932,6140,7769,8166,5237,5782,1810,2249,1168,1609,320,906,132,125,3105,2760,8331,6025,8093,5560,7134,7438,4812,5344,1694,2103,1096,1523,283,840,47517,41912,7623,6930,9258,7920,10903,48,48
2021-09-17T23:59:59+02:00,174,174,3640,3275,9368,6753,8903,6126,7749,8155,5227,5773,1809,2244,1166,1609,320,906,132,125,3091,2752,8291,6011,8065,5549,7112,7429,4805,5335,1694,2102,1095,1523,283,840,47426,41843,7617,6918,9255,7917,10820,48,48
2021-09-16T23:59:59+02:00,174,174,3614,3249,9311,6729,8857,6098,7712,8119,5208,5759,1807,2239,1165,1609,320,905,132,124,3078,2737,8251,5989,8033,5525,7091,7405,4791,5328,1692,2101,1095,1523,282,838,47216,41727,7592,6908,9253,7908,10733,48,48
2021-09-15T23:59:59+02:00,172,174,3589,3237,9275,6711,8824,6073,7683,8101,5201,5739,1804,2235,1162,1609,319,904,129,124,3061,2733,8222,5972,8003,5498,7057,7386,4773,5311,1689,2098,1095,1520,280,835,47067,41591,7586,6901,9253,7904,10648,48,48
2021-09-14T23:59:59+02:00,171,173,3567,3218,9231,6689,8781,6046,7655,8069,5189,5720,1802,2232,1161,1608,318,904,129,122,3040,2716,8182,5945,7965,5480,7030,7361,4759,5293,1688,2098,1094,1517,280,834,46908,41457,7575,6892,9253,7901,10538,48,48
2021-09-13T23:59:59+02:00,169,173,3548,3204,9190,6671,8751,6023,7637,8037,5172,5703,1800,2228,1161,1608,318,903,127,120,3024,2708,8149,5930,7948,5466,7020,7339,4750,5287,1687,2094,1094,1515,280,834,46741,41352,7556,6886,9253,7900,10484,48,48
2021-09-12T23:59:59+02:00,169,172,3530,3202,9167,6662,8741,6013,7627,8022,5165,5695,1799,2227,1160,1605,318,902,126,119,3008,2700,8126,5916,7939,5455,7002,7323,4746,5278,1683,2093,1094,1515,280,833,46663,41270,7555,6881,9253,7892,10442,48,48
2021-09-11T23:59:59+02:00,169,172,3527,3199,9160,6658,8738,6011,7626,8020,5162,5693,1798,2226,1159,1605,318,902,125,119,3006,2699,8118,5913,7937,5452,7001,7318,4745,5276,1683,2093,1094,1515,280,833,46645,41255,7554,6881,9252,7892,10427,48,48
2021-09-10T23:59:59+02:00,168,168,3498,3193,9134,6637,8720,5998,7603,7998,5148,5673,1794,2223,1158,1605,318,902,124,116,2991,2694,8091,5889,7918,5437,6981,7298,4729,5257,1682,2092,1093,1513,280,833,46558,41188,7551,6876,9252,7891,10309,48,48
2021-09-09T23:59:59+02:00,166,167,3483,3174,9087,6610,8684,5975,7581,7958,5130,5662,1793,2220,1158,1605,318,902,122,115,2980,2684,8055,5862,7891,5416,6957,7268,4714,5242,1681,2088,1093,1513,280,833,46393,41075,7543,6864,9252,7883,10216,48,48
2021-09-08T23:59:59+02:00,165,166,3464,3164,9054,6601,8661,5946,7563,7928,5114,5645,1789,2218,1157,1603,318,901,120,113,2964,2672,8013,5844,7858,5392,6929,7231,4702,5220,1680,2087,1092,1513,280,833,46292,40945,7535,6855,9250,7879,10107,48,48
2021-09-07T23:59:59+02:00,164,164,3443,3159,9034,6577,8632,5927,7543,7909,5098,5634,1789,2216,1156,1602,318,898,118,112,2946,2664,7987,5820,7833,5369,6912,7206,4687,5208,1677,2083,1091,1512,280,833,46162,40820,7533,6845,9250,7873,10042,48,48
2021-09-06T23:59:59+02:00,164,164,3423,3149,9003,6557,8606,5916,7523,7882,5090,5622,1784,2207,1154,1602,317,898,118,112,2927,2650,7962,5807,7810,5359,6895,7177,4680,5194,1672,2081,1091,1512,280,833,46030,40714,7531,6842,9249,7872,9974,48,48
2021-09-05T23:59:59+02:00,164,163,3412,3144,8994,6548,8595,5906,7521,7872,5084,5612,1783,2206,1154,1602,317,897,118,111,2918,2648,7947,5793,7798,5347,6888,7169,4670,5188,1670,2080,1091,1511,280,833,45979,40657,7529,6834,9248,7871,9940,48,48
2021-09-04T23:59:59+02:00,164,162,3407,3142,8991,6543,8589,5905,7518,7871,5084,5611,1783,2206,1154,1602,317,897,117,111,2914,2644,7942,5786,7793,5347,6883,7167,4669,5187,1668,2079,1090,1511,280,833,45966,40636,7529,6831,9248,7870,9925,48,48
2021-09-03T23:59:59+02:00,162,161,3393,3125,8958,6533,8570,5887,7500,7855,5071,5596,1780,2203,1154,1601,317,895,116,108,2897,2628,7914,5772,7772,5328,6863,7145,4656,5167,1664,2077,1090,1509,280,831,45884,40548,7518,6809,9248,7869,9831,48,48
2021-09-02T23:59:59+02:00,162,159,3371,3107,8908,6510,8529,5867,7479,7830,5058,5578,1775,2198,1152,1600,317,894,115,107,2879,2614,7866,5754,7736,5308,6838,7118,4647,5146,1660,2072,1088,1508,280,828,45752,40437,7509,6799,9246,7864,9704,48,47
2021-09-01T23:59:59+02:00,160,159,3354,3096,8870,6496,8504,5854,7460,7813,5046,5570,1774,2196,1151,1597,317,894,112,105,2861,2606,7822,5731,7703,5291,6810,7095,4635,5132,1656,2070,1087,1505,280,828,45643,40291,7497,6776,9246,7862,9637,48,47
2021-08-31T23:59:59+02:00,158,158,3340,3087,8827,6474,8484,5845,7443,7792,5039,5561,1771,2194,1150,1596,317,893,111,105,2844,2596,7778,5711,7681,5273,6786,7067,4624,5113,1652,2068,1086,1505,280,828,45545,40174,7492,6767,9246,7848,9553,48,47
2021-08-30T23:59:59+02:00,157,158,3309,3069,8788,6447,8442,5824,7406,7759,5026,5544,1766,2192,1149,1596,317,893,111,104,2813,2583,7731,5687,7645,5256,6752,7044,4613,5094,1648,2066,1085,1505,280,827,45385,40047,7491,6757,9245,7846,9425,48,47
2021-08-29T23:59:59+02:00,156,158,3299,3052,8761,6439,8421,5815,7398,7749,5019,5535,1765,2189,1149,1596,316,893,111,101,2794,2560,7695,5679,7624,5237,6739,7030,4603,5089,1646,2065,1084,1504,279,827,45317,39945,7486,6746,9245,7841,9362,48,47
2021-08-28T23:59:59+02:00,155,158,3294,3051,8757,6437,8415,5814,7391,7747,5019,5533,1765,2188,1149,1595,316,893,111,100,2789,2555,7690,5674,7619,5234,6733,7026,4600,5088,1646,2065,1084,1503,279,827,45302,39919,7485,6745,9245,7841,9344,48,47
2021-08-27T23:59:59+02:00,154,158,3282,3047,8738,6428,8390,5807,7373,7738,5008,5525,1765,2188,1149,1594,316,893,111,99,2772,2549,7671,5667,7598,5221,6721,7019,4591,5080,1646,2065,1083,1501,279,827,45239,39856,7484,6744,9244,7840,9282,48,47
2021-08-26T23:59:59+02:00,154,157,3254,3034,8697,6404,8355,5794,7351,7716,4993,5514,1764,2185,1149,1593,316,892,108,96,2748,2527,7629,5638,7548,5193,6686,6990,4566,5065,1641,2059,1083,1500,279,827,45101,39660,7477,6727,9243,7820,9188,48,47
2021-08-25T23:59:59+02:00,150,155,3236,3025,8659,6387,8323,5778,7327,7693,4980,5492,1762,2182,1149,1591,316,892,105,93,2712,2507,7579,5601,7502,5157,6649,6952,4550,5038,1640,2054,1082,1499,279,827,44991,39424,7471,6719,9242,7813,9076,48,47
2021-08-24T23:59:59+02:00,150,154,3231,3016,8639,6371,8305,5761,7311,7672,4971,5480,1760,2181,1148,1589,316,890,104,93,2692,2488,7545,5568,7468,5136,6621,6926,4534,5021,1640,2052,1081,1499,279,826,44917,39255,7467,6710,9242,7809,8999,48,47
2021-08-23T23:59:59+02:00,149,149,3204,2999,8595,6350,8263,5740,7280,7643,4957,5466,1760,2179,1146,1587,316,889,103,92,2663,2469,7500,5529,7427,5118,6586,6895,4519,5005,1636,2052,1081,1497,278,826,44773,39097,7458,6695,9239,7803,8874,48,47
2021-08-22T23:59:59+02:00,149,149,3191,2992,8581,6333,8249,5733,7260,7632,4951,5460,1759,2178,1145,1587,316,889,102,92,2647,2453,7468,5506,7406,5104,6566,6874,4516,4995,1633,2047,1080,1497,277,825,44703,38962,7451,6685,9239,7800,8830,48,47
2021-08-21T23:59:59+02:00,148,149,3183,2987,8570,6324,8239,5731,7255,7627,4949,5454,1758,2178,1145,1586,316,889,97,90,2638,2445,7450,5496,7386,5094,6555,6867,4508,4986,1632,2045,1079,1497,277,825,44654,38884,7448,6658,9239,7799,8813,48,47
2021-08-20T23:59:59+02:00,147,147,3173,2979,8545,6308,8206,5711,7236,7606,4937,5442,1755,2175,1145,1585,316,887,95,88,2609,2431,7403,5463,7350,5063,6518,6830,4492,4966,1626,2041,1078,1494,277,823,44579,38711,7439,6620,9238,7789,8708,48,47
2021-08-19T23:59:59+02:00,146,144,3154,2965,8503,6284,8170,5692,7216,7580,4924,5424,1749,2172,1144,1583,316,886,92,83,2563,2411,7324,5413,7290,5027,6471,6771,4462,4933,1621,2037,1078,1493,277,823,44452,38378,7427,6589,9235,7778,8596,48,47
2021-08-18T23:59:59+02:00,145,142,3143,2956,8480,6267,8142,5678,7183,7562,4910,5415,1744,2170,1144,1583,315,885,90,81,2535,2391,7258,5379,7233,4993,6430,6737,4437,4910,1616,2033,1076,1493,277,822,44342,38134,7422,6537,9234,7768,8522,48,47
2021-08-17T23:59:59+02:00,145,142,3127,2947,8456,6242,8115,5665,7170,7539,4899,5403,1741,2168,1143,1582,314,885,86,78,2507,2371,7203,5331,7191,4957,6400,6698,4418,4889,1607,2027,1075,1489,276,822,44228,37867,7415,6496,9233,7762,8462,48,47
2021-08-16T23:59:59+02:00,143,141,3117,2935,8436,6226,8096,5659,7157,7523,4886,5390,1740,2167,1143,1582,314,885,79,76,2478,2341,7127,5287,7122,4924,6351,6656,4388,4862,1605,2024,1073,1488,276,822,44138,37497,7410,6481,9233,7749,8412,48,47
2021-08-15T23:59:59+02:00,142,140,3108,2921,8408,6217,8079,5649,7139,7509,4880,5380,1738,2164,1143,1581,314,885,71,73,2441,2305,7062,5254,7085,4896,6305,6626,4375,4849,1601,2018,1072,1486,276,822,44047,37198,7403,6460,9232,7744,8368,48,47
2021-08-14T23:59:59+02:00,140,140,3103,2915,8398,6214,8072,5648,7139,7506,4876,5378,1736,2163,1143,1580,314,885,71,72,2432,2297,7035,5241,7073,4886,6298,6612,4356,4840,1597,2015,1072,1484,276,821,44029,37102,7403,6447,9232,7742,8339,48,47
2021-08-13T23:59:59+02:00,140,139,3088,2912,8376,6206,8063,5635,7125,7495,4868,5369,1736,2159,1142,1579,314,885,71,70,2398,2277,6986,5210,7036,4858,6258,6583,4346,4825,1596,2011,1071,1484,276,821,43963,36867,7402,6433,9232,7741,8284,48,47
2021-08-12T23:59:59+02:00,138,134,3070,2904,8346,6185,8030,5615,7102,7471,4854,5354,1733,2157,1139,1577,314,885,70,69,2357,2242,6893,5159,6982,4819,6208,6534,4321,4795,1592,2008,1068,1483,276,821,43856,36545,7394,6399,9230,7718,8176,47,47
2021-08-11T23:59:59+02:00,136,131,3052,2889,8309,6159,8008,5604,7080,7450,4843,5341,1732,2155,1139,1576,314,885,68,67,2329,2209,6817,5101,6904,4777,6149,6470,4300,4756,1587,2000,1068,1481,276,819,43733,36124,7383,6368,9225,7711,8109,47,47
2021-08-10T23:59:59+02:00,136,130,3033,2879,8279,6147,7983,5584,7051,7434,4825,5332,1728,2155,1139,1574,314,884,67,63,2257,2153,6700,5039,6817,4705,6057,6405,4253,4732,1577,1992,1066,1479,276,817,43627,35514,7373,6343,9222,7697,8030,47,47
2021-08-09T23:59:59+02:00,133,130,3014,2870,8250,6125,7959,5575,7026,7415,4815,5321,1727,2154,1139,1574,314,883,63,62,2194,2094,6592,4959,6718,4663,5985,6349,4222,4699,1571,1982,1065,1478,276,817,43542,35011,7367,6288,9222,7674,7935,47,47
2021-08-08T23:59:59+02:00,133,129,3002,2863,8232,6116,7942,5563,7016,7407,4808,5317,1723,2154,1139,1574,314,882,63,61,2169,2067,6526,4926,6675,4636,5944,6327,4210,4682,1561,1978,1064,1476,276,816,43482,34774,7365,6244,9219,7664,7888,47,47
2021-08-07T23:59:59+02:00,132,128,2994,2856,8213,6104,7928,5556,7009,7396,4803,5312,1721,2154,1138,1574,314,882,60,54,2134,2044,6450,4878,6618,4605,5909,6291,4194,4668,1557,1977,1064,1473,276,816,43424,34458,7360,6216,9219,7655,7850,47,47
2021-08-06T23:59:59+02:00,132,127,2982,2846,8185,6093,7896,5534,6990,7374,4792,5298,1716,2152,1138,1573,314,882,54,51,2093,2004,6344,4807,6540,4571,5865,6252,4175,4647,1554,1974,1063,1470,276,816,43363,34102,7343,6188,9219,7638,7737,47,47
2021-08-05T23:59:59+02:00,131,126,2958,2830,8162,6072,7858,5514,6966,7351,4773,5275,1712,2149,1136,1569,314,881,50,47,2052,1956,6212,4701,6428,4512,5793,6187,4136,4605,1547,1966,1060,1468,276,816,43233,33607,7334,6097,9218,7581,7625,47,47
2021-08-04T23:59:59+02:00,128,122,2918,2809,8093,6038,7820,5489,6937,7320,4757,5259,1708,2145,1133,1568,314,881,50,42,1996,1920,6087,4631,6307,4458,5724,6119,4108,4566,1537,1960,1055,1465,276,815,43021,33106,7320,6049,9218,7546,7501,47,47
2021-08-03T23:59:59+02:00,126,121,2902,2791,8066,6025,7784,5472,6915,7295,4744,5246,1704,2144,1132,1565,314,881,47,42,1960,1890,5994,4566,6200,4406,5656,6061,4064,4525,1532,1953,1054,1463,276,815,42883,32628,7315,6005,9217,7521,7430,47,47
2021-08-02T23:59:59+02:00,126,121,2877,2765,8033,6002,7758,5458,6891,7278,4727,5237,1702,2140,1131,1565,313,881,46,41,1932,1854,5866,4473,6086,4344,5585,6008,4018,4492,1526,1940,1053,1460,275,814,42741,32059,7308,5964,9216,7502,7356,47,47
2021-08-01T23:59:59+02:00,126,120,2861,2749,8004,5980,7745,5441,6880,7270,4722,5230,1701,2139,1129,1565,313,881,43,40,1909,1834,5788,4428,6022,4299,5541,5984,4002,4473,1524,1937,1051,1457,275,814,42649,31761,7296,5935,9216,7479,7308,47,47
2021-07-31T23:59:59+02:00,124,119,2854,2742,7991,5973,7737,5437,6874,7261,4721,5228,1700,2139,1129,1565,313,881,40,30,1870,1791,5688,4363,5956,4251,5489,5946,3973,4449,1518,1934,1051,1456,275,814,42610,31269,7294,5923,9216,7473,7281,47,47
2021-07-30T23:59:59+02:00,121,117,2847,2734,7964,5957,7725,5421,6855,7247,4714,5220,1699,2137,1129,1564,313,881,36,29,1850,1768,5607,4321,5894,4199,5432,5900,3946,4430,1514,1932,1050,1453,275,814,42529,30907,7282,5898,9215,7462,7229,47,47
2021-07-29T23:59:59+02:00,119,115,2815,2718,7907,5915,7683,5377,6826,7206,4691,5200,1697,2132,1127,1563,313,881,31,25,1810,1740,5478,4218,5761,4123,5341,5814,3898,4378,1507,1922,1047,1451,275,814,42327,30322,7269,5841,9209,7423,7083,47,47
2021-07-28T23:59:59+02:00,116,113,2796,2704,7878,5888,7656,5349,6803,7183,4677,5184,1692,2130,1126,1561,312,880,30,22,1773,1695,5376,4144,5644,4052,5255,5740,3860,4344,1494,1914,1045,1449,275,813,42151,29755,7259,5782,9205,7379,7036,47,47
2021-07-27T23:59:59+02:00,112,112,2781,2685,7838,5873,7625,5332,6784,7165,4665,5172,1692,2128,1125,1560,311,880,28,22,1728,1667,5239,4058,5518,3969,5164,5673,3820,4293,1485,1903,1043,1446,274,813,42036,29163,7243,5701,9204,7335,6960,47,47
2021-07-26T23:59:59+02:00,110,110,2755,2667,7803,5849,7591,5315,6762,7144,4660,5160,1690,2128,1123,1560,311,880,28,22,1683,1611,5100,3991,5415,3902,5091,5603,3762,4259,1482,1891,1042,1440,274,812,41892,28586,7220,5633,9201,7288,6903,47,47
2021-07-25T23:59:59+02:00,104,108,2740,2653,7767,5828,7564,5307,6742,7125,4650,5155,1688,2125,1122,1559,311,879,25,19,1659,1586,5039,3944,5356,3871,5041,5569,3729,4235,1478,1886,1041,1439,274,812,41752,28292,7212,5599,9199,7252,6855,47,47
2021-07-24T23:59:59+02:00,104,106,2727,2641,7741,5815,7539,5293,6727,7112,4640,5150,1687,2122,1122,1559,311,879,24,18,1638,1565,4991,3923,5283,3824,5000,5546,3709,4227,1477,1884,1040,1437,274,811,41671,28093,7189,5510,9198,7251,6806,47,47
2021-07-23T23:59:59+02:00,102,104,2702,2619,7687,5794,7511,5269,6689,7086,4621,5139,1685,2118,1120,1559,311,879,20,15,1579,1535,4839,3817,5146,3755,4925,5475,3656,4196,1475,1875,1039,1432,273,811,41505,27435,7181,5481,9196,7230,6695,47,47
2021-07-22T23:59:59+02:00,101,101,2668,2590,7615,5744,7457,5232,6642,7037,4586,5115,1678,2111,1119,1558,311,878,19,15,1527,1498,4668,3739,4992,3673,4766,5394,3577,4143,1462,1865,1034,1430,273,810,41193,26773,7155,5337,9186,7161,6581,47,47
2021-07-21T23:59:59+02:00,100,98,2639,2575,7551,5714,7407,5193,6582,6997,4563,5091,1671,2105,1118,1555,311,876,19,13,1489,1451,4546,3656,4860,3605,4666,5288,3502,4102,1449,1853,1031,1429,273,807,40945,26288,7117,5127,9180,7101,6470,47,46
2021-07-20T23:59:59+02:00,100,98,2618,2551,7497,5682,7371,5164,6543,6957,4539,5072,1667,2101,1118,1554,311,875,18,13,1456,1418,4417,3587,4770,3552,4565,5208,3451,4068,1445,1843,1030,1428,273,806,40699,25791,7108,5046,9177,7046,6395,47,46
2021-07-19T23:59:59+02:00,99,98,2596,2526,7441,5642,7326,5144,6500,6925,4521,5056,1661,2095,1116,1551,311,874,17,10,1432,1391,4342,3537,4685,3515,4491,5147,3416,4039,1439,1837,1025,1425,271,805,40417,25467,7094,4919,9175,7005,6353,47,46
2021-07-18T23:59:59+02:00,99,96,2568,2503,7373,5607,7291,5115,6458,6886,4504,5046,1655,2088,1115,1551,310,873,15,10,1412,1366,4296,3496,4648,3485,4442,5123,3382,4026,1433,1827,1024,1425,271,803,40121,25263,7078,4841,9170,6979,6318,47,45
2021-07-17T23:59:59+02:00,94,93,2556,2489,7356,5594,7274,5098,6440,6871,4483,5035,1651,2087,1115,1550,310,871,15,10,1398,1353,4259,3464,4597,3462,4402,5091,3352,4014,1428,1824,1024,1423,271,803,40014,25086,7069,4783,9168,6971,6263,47,45
2021-07-16T23:59:59+02:00,94,90,2518,2467,7292,5558,7216,5057,6395,6828,4456,5007,1644,2081,1114,1549,310,871,14,9,1355,1325,4159,3411,4507,3420,4315,5034,3290,3967,1415,1816,1019,1421,271,802,39825,24736,7048,4749,9160,6905,6054,47,45
2021-07-15T23:59:59+02:00,91,86,2469,2441,7222,5523,7158,5019,6348,6773,4438,4981,1640,2076,1112,1546,309,871,12,9,1297,1291,3964,3300,4320,3318,4172,4937,3229,3902,1404,1808,1014,1416,270,802,39503,24034,7029,4515,9153,6840,5951,47,45
2021-07-14T23:59:59+02:00,90,83,2434,2424,7149,5494,7087,4985,6294,6726,4415,4958,1632,2069,1110,1544,309,870,11,9,1250,1251,3833,3206,4212,3250,4061,4872,3182,3858,1392,1798,1013,1412,270,802,39185,23515,7009,4411,9151,6766,5854,47,45
2021-07-13T23:59:59+02:00,86,80,2403,2398,7096,5465,7023,4946,6255,6675,4395,4940,1622,2063,1108,1544,309,870,10,7,1218,1212,3718,3108,4090,3181,3973,4782,3129,3800,1365,1792,1011,1406,268,800,38872,23013,7000,4265,9148,6662,5779,47,45
2021-07-12T23:59:59+02:00,81,80,2377,2375,7026,5421,6954,4901,6204,6634,4367,4914,1617,2060,1105,1544,309,870,9,7,1186,1189,3606,3017,3972,3108,3872,4703,3076,3755,1351,1782,1007,1398,268,800,38530,22542,6986,4133,9144,6576,5692,47,44
2021-07-11T23:59:59+02:00,74,77,2363,2360,6988,5395,6926,4877,6175,6616,4358,4907,1614,2056,1103,1544,308,870,9,7,1172,1171,3553,2970,3914,3071,3817,4674,3053,3741,1342,1770,1004,1394,268,800,38409,22347,6967,4093,9139,6515,5606,47,44
2021-07-10T23:59:59+02:00,73,76,2334,2326,6907,5356,6861,4839,6125,6581,4335,4896,1610,2053,1103,1541,308,869,9,7,1149,1150,3497,2928,3866,3041,3779,4642,3035,3729,1336,1763,1004,1392,268,800,38159,22157,6941,4092,9126,6501,5468,47,44
2021-07-09T23:59:59+02:00,72,73,2308,2308,6839,5321,6816,4816,6076,6548,4317,4874,1608,2047,1103,1540,308,869,5,3,1124,1133,3446,2880,3814,2999,3724,4602,3007,3700,1334,1747,1002,1391,268,800,37936,21909,6914,4059,9115,6448,5371,47,44
2021-07-08T23:59:59+02:00,67,70,2257,2263,6747,5254,6715,4763,6011,6482,4279,4839,1601,2037,1101,1537,308,869,4,3,1050,1079,3278,2788,3618,2918,3542,4505,2937,3637,1319,1731,1000,1382,267,799,37602,21398,6837,3768,9083,6309,5164,47,44
2021-07-07T23:59:59+02:00,67,69,2180,2213,6634,5180,6613,4709,5938,6424,4245,4790,1594,2028,1098,1533,307,869,4,3,995,1043,3126,2705,3438,2832,3383,4399,2884,3575,1303,1701,993,1373,267,797,37105,20828,6795,3522,9058,6229,5008,47,44
2021-07-06T23:59:59+02:00,64,68,2134,2173,6527,5123,6523,4663,5881,6356,4205,4756,1587,2022,1095,1528,307,869,4,3,959,1000,3010,2601,3349,2773,3309,4307,2830,3515,1277,1670,989,1364,267,797,36651,20315,6742,3412,9042,6139,4909,47,44
2021-07-05T23:59:59+02:00,62,68,2064,2128,6390,5053,6405,4626,5810,6299,4167,4719,1581,2015,1093,1526,307,867,4,3,915,963,2900,2528,3269,2727,3234,4239,2786,3459,1256,1652,983,1354,267,794,36162,19926,6693,3334,9016,6055,4756,47,43
2021-07-04T23:59:59+02:00,62,67,2025,2084,6303,5005,6367,4596,5767,6279,4149,4696,1578,2013,1093,1524,307,866,4,3,877,938,2834,2473,3232,2700,3201,4204,2762,3437,1242,1633,981,1353,266,794,35949,19774,6655,3276,8991,5983,4629,47,43
2021-07-03T23:59:59+02:00,58,52,1925,1999,6085,4840,6211,4508,5680,6191,4099,4661,1574,2009,1092,1520,307,866,4,3,838,907,2762,2426,3174,2671,3160,4154,2732,3406,1236,1628,980,1349,265,792,35095,19577,6620,3273,8983,5958,4405,47,43
2021-07-02T23:59:59+02:00,49,45,1886,1959,6005,4794,6167,4480,5658,6162,4084,4643,1573,2003,1090,1519,306,866,4,3,814,880,2689,2374,3104,2623,3115,4104,2701,3369,1217,1609,976,1343,265,790,34805,19257,6585,3246,8978,5856,4339,47,43
2021-07-01T23:59:59+02:00,45,38,1835,1919,5895,4721,6084,4431,5577,6095,4057,4612,1570,1997,1089,1518,306,865,4,3,736,828,2488,2284,2913,2532,2934,3985,2600,3276,1195,1585,966,1327,265,788,34380,18442,6536,3017,8961,5750,4189,47,43
2021-06-30T23:59:59+02:00,45,37,1786,1859,5769,4636,5981,4377,5515,6046,4043,4587,1566,1989,1087,1515,306,865,4,2,700,792,2375,2209,2799,2473,2824,3892,2534,3198,1171,1559,958,1317,264,787,33931,17958,6472,2891,8945,5618,4060,47,43
2021-06-29T23:59:59+02:00,43,35,1722,1779,5653,4546,5880,4316,5460,5987,4015,4558,1558,1984,1086,1514,306,863,3,2,666,744,2289,2121,2722,2407,2718,3773,2476,3146,1158,1525,946,1307,263,784,33373,17447,6437,2815,8937,5501,3941,46,43
2021-06-28T23:59:59+02:00,41,33,1685,1719,5534,4475,5810,4264,5414,5948,3985,4533,1556,1975,1085,1513,306,863,3,2,652,714,2182,2049,2641,2346,2639,3686,2424,3097,1141,1507,939,1301,263,782,32942,17094,6380,2664,8928,5395,3856,46,43
2021-06-27T23:59:59+02:00,41,32,1653,1692,5480,4436,5766,4231,5364,5933,3974,4521,1553,1971,1085,1512,306,863,3,2,633,696,2126,2006,2596,2317,2591,3643,2393,3076,1133,1493,937,1292,263,782,32748,16931,6346,2602,8906,5306,3778,46,43
2021-06-26T23:59:59+02:00,34,27,1620,1663,5408,4389,5674,4187,5323,5901,3955,4505,1553,1969,1085,1510,306,863,3,2,625,685,2093,1979,2561,2295,2572,3617,2370,3058,1116,1483,936,1290,263,782,32379,16697,6263,2597,8906,5288,3778,46,43
2021-06-25T23:59:59+02:00,28,21,1583,1624,5299,4319,5619,4159,5282,5878,3932,4495,1550,1968,1083,1509,305,863,2,2,617,662,2039,1948,2493,2227,2472,3483,2325,2956,1105,1461,933,1287,262,781,31950,16220,6234,2567,8905,5109,3776,46,43
2021-06-24T23:59:59+02:00,21,16,1530,1571,5115,4204,5490,4103,5179,5833,3892,4468,1546,1964,1083,1508,304,862,2,2,575,640,1924,1877,2310,2157,2302,3399,2218,2861,1075,1438,924,1281,261,777,31289,15700,6172,2225,8895,5026,3665,46,43
2021-06-23T23:59:59+02:00,20,16,1496,1522,5024,4142,5411,4046,5130,5789,3870,4432,1537,1958,1080,1505,303,862,2,2,544,617,1848,1813,2199,2104,2181,3304,2115,2772,1049,1416,920,1273,260,776,30830,15117,6119,2143,8889,4882,3629,46,43
2021-06-22T23:59:59+02:00,20,16,1464,1505,4947,4073,5324,3997,5084,5743,3843,4409,1532,1952,1079,1504,303,862,2,2,526,595,1780,1763,2109,2049,2096,3196,2011,2684,1034,1393,910,1261,260,772,30402,14681,6074,2005,8884,4715,3603,46,42
2021-06-21T23:59:59+02:00,19,16,1431,1463,4819,3981,5240,3953,5014,5683,3814,4386,1528,1939,1077,1499,302,860,2,2,510,579,1740,1717,2070,2007,2043,3110,1944,2601,1016,1364,887,1240,260,769,29839,14372,6033,1905,8882,4572,3564,46,42
2021-06-20T23:59:59+02:00,18,14,1402,1430,4739,3909,5188,3934,4979,5662,3790,4376,1525,1938,1076,1499,301,860,2,2,494,562,1708,1687,2046,1983,2014,3082,1901,2564,1008,1348,885,1233,260,768,29530,14185,5996,1867,8868,4508,3530,46,41
2021-06-19T23:59:59+02:00,17,14,1384,1410,4694,3875,5163,3907,4949,5637,3770,4364,1518,1936,1076,1498,301,860,2,2,485,557,1687,1663,2027,1957,2000,3056,1876,2525,998,1341,881,1232,258,767,29338,14004,5930,1835,8868,4501,3511,46,40
2021-06-18T23:59:59+02:00,12,10,1358,1392,4617,3832,5111,3864,4900,5598,3744,4352,1515,1933,1074,1496,301,860,2,2,470,547,1666,1648,1998,1926,1955,3007,1826,2472,985,1326,879,1228,257,765,28992,13698,5882,1833,8867,4453,3498,46,40
2021-06-17T23:59:59+02:00,9,9,1320,1354,4444,3752,4920,3786,4722,5510,3688,4307,1509,1930,1074,1495,300,860,2,2,432,526,1562,1611,1815,1863,1796,2910,1723,2390,964,1308,868,1216,255,763,28364,13229,5824,1722,8860,4364,3199,45,40
2021-06-16T23:59:59+02:00,9,8,1289,1323,4339,3665,4819,3731,4619,5447,3641,4281,1502,1926,1072,1491,300,859,2,2,414,505,1499,1571,1752,1829,1714,2826,1665,2313,947,1282,858,1200,254,760,27868,12809,5708,1651,8844,4286,3145,45,40
2021-06-15T23:59:59+02:00,9,8,1256,1292,4199,3574,4742,3667,4543,5377,3599,4247,1492,1918,1067,1488,300,857,2,2,401,484,1440,1519,1698,1783,1645,2769,1596,2245,930,1256,853,1189,252,759,27295,12466,5670,1568,8830,4215,3065,45,40
2021-06-14T23:59:59+02:00,9,6,1230,1253,4105,3516,4660,3610,4460,5302,3544,4217,1487,1910,1066,1482,298,856,2,2,393,471,1394,1483,1648,1748,1593,2702,1540,2193,921,1233,849,1182,251,758,26814,12214,5572,1493,8826,4129,3009,44,39
2021-06-13T23:59:59+02:00,9,6,1213,1235,4055,3478,4609,3568,4409,5257,3524,4201,1486,1904,1066,1480,297,855,2,2,385,463,1359,1466,1607,1723,1550,2665,1507,2152,903,1214,845,1172,250,756,26550,12029,5536,1469,8821,4050,2948,44,39
2021-06-12T23:59:59+02:00,9,5,1199,1209,4024,3458,4579,3544,4391,5239,3511,4191,1484,1900,1065,1479,297,854,2,2,381,461,1346,1446,1583,1699,1529,2643,1480,2133,895,1204,834,1169,250,755,26355,11884,5525,1469,8820,3989,2936,44,38
2021-06-11T23:59:59+02:00,8,5,1182,1194,3983,3412,4506,3516,4350,5201,3480,4179,1483,1898,1064,1476,297,853,2,2,371,448,1323,1405,1554,1677,1486,2601,1433,2092,884,1189,831,1163,250,754,26048,11637,5494,1460,8816,3910,2917,44,38
2021-06-10T23:59:59+02:00,8,4,1118,1138,3859,3324,4369,3432,4250,5135,3427,4142,1478,1890,1062,1475,297,853,2,2,350,431,1258,1365,1481,1618,1419,2529,1348,1996,858,1158,827,1154,249,751,25432,11208,5351,1447,8796,3746,2840,44,37
2021-06-09T23:59:59+02:00,7,2,1066,1100,3711,3215,4228,3369,4161,5057,3380,4100,1472,1884,1060,1472,297,853,1,2,332,411,1195,1321,1418,1582,1365,2449,1268,1930,830,1103,820,1140,248,749,24918,10905,5166,1387,8787,3604,2700,44,37
2021-06-08T23:59:59+02:00,6,2,1008,1058,3566,3118,4108,3288,4050,4973,3327,4069,1466,1880,1058,1469,296,851,1,1,315,391,1145,1283,1361,1547,1306,2390,1221,1858,807,1068,809,1124,244,746,24332,10659,5020,1337,8776,3462,2580,44,36
2021-06-07T23:59:59+02:00,5,2,980,1030,3453,3037,3970,3252,3927,4904,3274,4043,1452,1875,1057,1467,296,849,1,0,308,385,1100,1243,1303,1524,1258,2339,1155,1805,793,1048,795,1107,242,741,23931,10489,4833,1302,8770,3331,2437,44,36
2021-06-06T23:59:59+02:00,5,2,956,1019,3390,2999,3890,3201,3854,4874,3242,4027,1450,1870,1054,1466,295,849,1,0,300,375,1085,1215,1270,1492,1238,2282,1125,1746,781,1033,787,1099,242,737,23715,10377,4690,1247,8757,3221,2367,44,36
2021-06-05T23:59:59+02:00,5,2,943,1001,3314,2936,3834,3171,3817,4849,3232,4023,1449,1868,1054,1465,295,848,1,0,293,365,1065,1192,1251,1476,1211,2253,1094,1726,769,1010,785,1095,242,737,23420,10209,4683,1244,8753,3177,2327,44,35
2021-06-04T23:59:59+02:00,3,2,916,981,3266,2880,3758,3132,3752,4793,3204,4002,1445,1864,1052,1465,295,848,1,0,283,357,1043,1163,1226,1460,1185,2212,1063,1698,753,988,779,1090,242,735,23093,10073,4637,1239,8749,3116,2238,44,35
2021-06-03T23:59:59+02:00,3,2,872,947,3107,2781,3568,3026,3577,4678,3114,3927,1435,1853,1048,1460,295,848,0,0,272,347,1011,1121,1170,1403,1116,2126,1001,1640,714,950,771,1077,242,734,22396,9851,4401,1220,8732,2949,2048,44,35
2021-06-02T23:59:59+02:00,3,2,844,935,3034,2713,3511,2985,3515,4616,3072,3900,1433,1848,1048,1459,295,848,0,0,259,338,983,1098,1126,1385,1074,2085,947,1596,701,918,768,1072,242,733,22033,9635,4381,1206,8732,2911,1938,44,35
2021-06-01T23:59:59+02:00,3,2,798,899,2870,2594,3330,2889,3347,4509,3011,3839,1423,1841,1045,1453,295,848,0,0,247,323,899,1035,1033,1326,992,1977,897,1517,673,865,761,1063,241,726,21408,9349,4164,1172,8719,2704,1698,44,34
2021-05-31T23:59:59+02:00,3,2,760,871,2746,2508,3188,2792,3241,4418,2958,3786,1418,1828,1043,1448,295,848,0,0,233,307,858,993,967,1276,945,1900,859,1458,653,841,755,1058,240,726,20999,9178,3921,1157,8699,2567,1503,44,34
2021-05-30T23:59:59+02:00,3,2,749,859,2688,2463,3122,2754,3189,4377,2939,3765,1414,1822,1043,1448,295,847,0,0,223,290,815,949,915,1237,904,1840,835,1403,640,825,751,1049,240,725,20849,9080,3859,1147,8688,2396,1345,44,34
2021-05-29T23:59:59+02:00,3,2,746,856,2669,2447,3100,2740,3171,4361,2931,3756,1412,1821,1043,1448,295,847,0,0,220,279,810,936,897,1208,888,1792,822,1370,627,804,749,1044,239,725,20723,8988,3857,1146,8685,2257,1344,43,34
2021-05-28T23:59:59+02:00,3,2,737,844,2630,2407,3051,2711,3146,4338,2921,3741,1412,1818,1041,1443,295,847,0,0,216,270,798,916,886,1183,872,1750,794,1330,609,774,744,1036,238,723,20468,8807,3847,1141,8682,2169,1340,43,34
2021-05-27T23:59:59+02:00,3,2,691,821,2498,2340,2915,2639,3003,4258,2838,3691,1403,1807,1040,1441,294,845,0,0,201,253,736,864,803,1129,785,1656,728,1247,585,741,735,1019,237,721,19969,8597,3709,1105,8648,1909,1135,43,33
2021-05-26T23:59:59+02:00,3,2,656,786,2387,2265,2750,2572,2879,4192,2788,3641,1393,1796,1039,1433,292,840,0,0,192,233,694,825,754,1093,742,1588,688,1190,570,716,717,986,236,718,19542,8374,3458,1094,8620,1769,1005,43,33
2021-05-25T23:59:59+02:00,3,2,633,766,2294,2203,2647,2526,2777,4109,2741,3604,1381,1788,1036,1429,291,838,0,0,180,220,670,795,719,1057,705,1530,639,1128,551,696,698,957,235,716,19165,8155,3278,1059,8577,1633,948,42,30
2021-05-24T23:59:59+02:00,3,2,618,742,2234,2161,2572,2492,2705,4052,2686,3562,1368,1781,1030,1428,291,837,0,0,175,212,647,777,692,1025,670,1473,615,1077,533,683,691,953,235,714,18966,8061,3095,1048,8542,1512,850,42,29
2021-05-23T23:59:59+02:00,3,2,614,741,2216,2147,2560,2477,2695,4036,2674,3549,1365,1779,1030,1426,291,837,0,0,173,211,642,769,683,1019,654,1461,605,1070,530,676,686,948,234,711,18844,7981,3092,1042,8542,1500,849,42,28
2021-05-22T23:59:59+02:00,3,2,607,728,2192,2125,2524,2456,2673,4003,2641,3521,1358,1775,1030,1424,291,836,0,0,171,203,634,766,678,1008,642,1454,600,1064,520,668,680,937,234,711,18596,7920,3091,1042,8540,1464,840,42,28
2021-05-21T23:59:59+02:00,3,2,593,713,2104,2088,2437,2402,2604,3954,2597,3476,1351,1762,1028,1423,290,835,0,0,170,200,628,756,668,999,630,1442,585,1044,508,643,673,930,234,709,18103,7834,3064,1041,8517,1402,837,42,28
2021-05-20T23:59:59+02:00,3,2,557,690,1979,2011,2302,2324,2471,3854,2518,3392,1336,1746,1026,1417,290,833,0,0,161,189,595,716,635,959,598,1386,560,981,487,613,667,921,234,708,17442,7712,2938,1030,8441,1191,763,42,26
2021-05-19T23:59:59+02:00,2,2,521,656,1862,1925,2154,2252,2329,3753,2417,3296,1319,1728,1019,1414,288,833,0,0,147,182,566,692,601,925,566,1333,534,921,473,591,657,897,233,706,16673,7558,2867,1012,8399,1090,639,42,26
2021-05-18T23:59:59+02:00,2,1,492,635,1782,1844,2052,2194,2215,3634,2322,3205,1308,1707,1012,1407,288,829,0,0,140,173,543,663,577,895,550,1256,515,859,455,565,648,884,232,703,16147,7437,2698,975,8342,979,534,42,26
2021-05-17T23:59:59+02:00,2,0,472,621,1722,1806,1998,2143,2137,3521,2261,3130,1289,1687,1005,1400,287,827,0,0,134,165,526,649,568,856,539,1196,499,804,437,534,646,876,232,702,15840,7363,2537,945,8272,875,438,42,26
2021-05-16T23:59:59+02:00,2,0,468,620,1695,1778,1957,2114,2096,3471,2206,3071,1274,1678,1003,1395,287,826,0,0,130,164,516,630,555,841,524,1150,482,767,412,504,644,873,232,701,15656,7311,2467,916,8228,789,358,42,26
2021-05-15T23:59:59+02:00,2,0,463,615,1665,1760,1938,2093,2075,3446,2182,3032,1266,1677,1002,1393,286,826,0,0,129,161,513,629,554,838,520,1145,476,757,409,502,642,871,232,701,15447,7283,2466,915,8219,777,353,40,26
2021-05-14T23:59:59+02:00,2,0,446,600,1636,1724,1893,2052,1994,3377,2140,2991,1258,1667,1000,1393,284,826,0,0,126,155,508,614,535,814,501,1113,462,741,393,486,637,866,232,699,15078,7225,2423,899,8198,672,330,40,26
2021-05-13T23:59:59+02:00,1,0,419,578,1565,1672,1779,1998,1877,3291,2073,2901,1234,1649,993,1391,282,822,0,0,120,152,493,607,525,798,495,1097,448,728,376,458,626,840,232,694,14645,7140,2164,859,8144,633,298,40,26
2021-05-12T23:59:59+02:00,1,0,411,573,1544,1661,1761,1989,1853,3268,2058,2886,1232,1644,989,1389,282,822,0,0,120,150,490,607,524,792,492,1092,445,722,370,446,625,834,232,694,14512,7097,2138,850,8136,632,296,39,26
2021-05-11T23:59:59+02:00,1,0,393,552,1464,1622,1651,1948,1740,3173,1950,2818,1217,1620,985,1379,282,822,0,0,113,141,473,575,503,764,472,1060,416,701,347,419,616,828,232,694,14102,7000,1959,821,8021,535,231,39,26
2021-05-10T23:59:59+02:00,1,0,377,537,1420,1591,1598,1914,1667,3108,1893,2751,1210,1606,981,1373,282,819,0,0,113,138,468,570,494,741,464,1035,410,681,338,407,614,824,232,693,13830,6954,1878,813,7897,483,205,39,24
2021-05-09T23:59:59+02:00,1,0,370,526,1376,1565,1563,1894,1622,3071,1832,2711,1197,1594,978,1368,282,818,0,0,108,135,461,561,484,733,455,1025,400,670,328,396,609,819,232,692,13592,6917,1820,802,7845,432,185,39,23
2021-05-08T23:59:59+02:00,1,0,365,521,1362,1544,1530,1875,1599,3046,1800,2689,1190,1587,975,1367,281,818,0,0,107,135,460,561,481,732,454,1020,400,664,327,394,605,811,232,692,13378,6901,1815,796,7842,421,183,39,23
2021-05-07T23:59:59+02:00,1,0,353,513,1333,1514,1476,1856,1539,2985,1752,2639,1183,1579,974,1361,281,815,0,0,103,131,449,547,468,704,442,985,384,640,325,374,590,799,231,690,13104,6850,1786,771,7776,317,146,39,22
2021-05-06T23:59:59+02:00,1,0,329,499,1235,1471,1366,1798,1397,2869,1621,2547,1152,1548,971,1350,281,812,0,0,100,127,435,529,457,685,429,961,371,620,316,359,577,786,231,687,12611,6790,1597,753,7552,230,118,37,21
2021-05-05T23:59:59+02:00,1,0,314,484,1195,1440,1320,1757,1330,2801,1543,2463,1134,1523,965,1337,281,807,0,0,99,123,425,519,452,673,421,951,366,602,299,348,560,769,231,686,12188,6721,1533,734,7487,181,110,37,19
2021-05-04T23:59:59+02:00,1,0,305,473,1146,1406,1281,1730,1285,2755,1491,2405,1118,1494,960,1326,279,803,0,0,95,120,416,506,449,666,410,931,357,585,287,333,549,749,231,686,11862,6646,1471,708,7442,141,98,37,17
2021-05-03T23:59:59+02:00,1,0,299,467,1110,1382,1245,1710,1255,2720,1448,2366,1102,1468,954,1319,278,799,0,0,87,116,404,499,440,659,403,925,348,577,276,325,531,732,229,684,11613,6566,1446,700,7398,122,70,37,15
2021-05-02T23:59:59+02:00,1,0,295,466,1095,1367,1213,1693,1228,2702,1437,2344,1093,1454,951,1318,278,796,0,0,85,115,397,491,435,654,398,918,345,575,272,317,512,721,229,684,11482,6527,1430,681,7364,108,53,36,14
2021-05-01T23:59:59+02:00,1,0,291,461,1086,1359,1203,1680,1213,2690,1420,2327,1087,1449,948,1315,278,795,0,0,85,114,397,490,431,654,396,914,345,574,270,317,512,721,229,684,11349,6518,1429,681,7363,105,52,36,12
2021-04-30T23:59:59+02:00,1,0,286,452,1075,1335,1181,1660,1183,2628,1366,2277,1074,1432,943,1312,278,792,0,0,83,112,395,485,427,647,394,889,341,564,265,310,510,716,229,683,11050,6502,1424,672,7359,78,22,36,11
2021-04-29T23:59:59+02:00,1,0,270,438,1020,1305,1134,1620,1136,2572,1276,2213,1031,1390,938,1304,277,790,0,0,83,110,390,483,422,642,385,877,333,555,255,300,499,706,228,680,10577,6442,1386,652,7296,54,21,35,11
2021-04-28T23:59:59+02:00,1,0,259,432,1005,1287,1106,1606,1104,2532,1209,2160,999,1337,930,1302,277,789,0,0,79,108,384,480,417,633,380,869,330,543,240,285,489,694,227,679,10293,6376,1337,618,7242,40,20,35,11
2021-04-27T23:59:59+02:00,1,0,255,422,984,1271,1086,1594,1080,2509,1185,2136,974,1303,924,1298,277,786,0,0,77,105,379,475,415,626,378,865,323,537,237,277,476,675,226,678,10103,6323,1309,591,7205,33,19,31,10
2021-04-26T23:59:59+02:00,1,0,252,416,977,1262,1077,1579,1052,2492,1136,2089,955,1283,918,1291,276,785,0,0,77,105,375,467,415,623,374,862,322,532,231,269,467,666,226,678,9931,6289,1294,566,7140,31,19,31,10
2021-04-25T23:59:59+02:00,1,0,251,414,969,1249,1061,1572,1035,2475,1106,2061,934,1260,915,1284,276,785,0,0,76,104,373,459,412,622,373,857,321,531,230,265,462,658,226,677,9805,6270,1269,550,7092,23,19,31,10
2021-04-24T23:59:59+02:00,1,0,247,409,954,1236,1049,1557,1020,2456,1081,2044,925,1236,912,1280,276,785,0,0,76,104,373,459,411,622,373,855,320,528,229,264,461,655,226,677,9638,6264,1269,542,7070,23,19,30,10
2021-04-23T23:59:59+02:00,1,0,245,399,943,1219,1041,1547,1003,2437,1029,2001,904,1212,910,1273,276,782,0,0,75,103,373,458,411,621,372,853,317,525,225,258,456,649,226,677,9487,6242,1256,529,6977,23,19,29,9
2021-04-22T23:59:59+02:00,1,0,241,389,919,1195,1017,1527,974,2397,982,1940,876,1172,903,1260,276,779,0,0,75,102,371,452,406,614,368,844,315,520,219,252,447,639,225,675,9216,6188,1208,515,6911,16,19,29,9
2021-04-21T23:59:59+02:00,1,0,237,384,893,1176,991,1510,940,2362,936,1892,844,1122,895,1246,276,776,0,0,74,100,368,451,404,611,364,838,310,511,216,247,437,624,224,672,8926,6136,1183,494,6853,15,19,27,9
2021-04-20T23:59:59+02:00,1,0,230,379,874,1149,973,1490,915,2312,896,1840,801,1059,883,1229,274,773,0,0,74,100,366,450,401,606,358,833,307,505,212,238,426,605,223,672,8647,6076,1115,480,6790,14,19,27,9
2021-04-19T23:59:59+02:00,1,0,227,369,854,1137,960,1470,899,2281,869,1806,772,1030,879,1222,274,769,0,0,73,99,365,448,396,601,355,823,303,495,212,233,414,587,221,667,8469,6014,1100,460,6722,12,18,26,9
2021-04-18T23:59:59+02:00,1,0,226,365,846,1127,947,1462,878,2261,850,1787,746,991,877,1217,273,767,0,0,72,97,362,447,396,601,354,820,303,492,211,229,408,583,221,667,8350,5995,1072,449,6662,12,18,26,9
2021-04-17T23:59:59+02:00,1,0,225,362,844,1124,941,1459,871,2255,846,1781,731,966,875,1211,273,767,0,0,72,94,360,443,394,601,351,816,302,487,209,224,402,576,221,666,8285,5952,1071,447,6638,12,18,26,9
2021-04-16T23:59:59+02:00,1,0,224,361,834,1119,928,1439,855,2234,817,1744,693,909,865,1201,271,763,0,0,68,92,358,436,391,599,342,803,297,475,195,208,398,568,218,663,8093,5884,1055,408,6568,11,18,26,8
2021-04-15T23:59:59+02:00,1,0,222,354,810,1101,911,1424,830,2189,778,1706,660,862,856,1182,271,759,0,0,66,91,355,429,386,593,335,795,290,472,187,202,382,545,216,658,7874,5802,1043,380,6450,10,18,25,8
2021-04-14T23:59:59+02:00,1,0,220,347,801,1091,901,1411,816,2154,761,1679,622,822,827,1134,271,755,0,0,63,87,348,426,382,588,333,785,280,464,177,186,365,524,214,653,7654,5709,1027,345,6379,10,18,23,8
2021-04-13T23:59:59+02:00,1,0,215,343,791,1086,892,1400,807,2129,734,1651,575,770,805,1101,270,752,0,0,61,84,343,420,372,584,326,778,276,460,174,182,352,511,213,650,7498,5649,982,317,6288,8,18,20,8
2021-04-12T23:59:59+02:00,1,0,213,342,787,1080,883,1386,781,2109,717,1632,545,743,794,1084,269,750,0,0,60,80,330,414,368,578,322,771,270,454,167,177,344,499,212,644,7404,5574,961,292,6196,8,18,17,8
2021-04-11T23:59:59+02:00,0,0,209,340,779,1069,875,1381,768,2093,707,1616,531,719,786,1062,268,747,0,0,59,78,325,412,364,576,320,767,269,449,161,169,337,496,210,641,7344,5526,941,282,6107,7,18,16,8
2021-04-10T23:59:59+02:00,0,0,209,338,779,1066,870,1379,758,2085,697,1608,524,704,779,1049,267,747,0,0,55,71,299,395,345,561,307,752,255,441,154,162,332,481,209,639,7291,5349,934,276,6076,7,17,14,8
2021-04-09T23:59:59+02:00,0,0,209,335,773,1063,857,1356,750,2003,681,1524,488,643,759,1027,265,743,0,0,46,67,284,383,328,547,291,737,245,428,144,157,310,460,206,631,7174,5156,909,268,5829,7,13,13,8
2021-04-08T23:59:59+02:00,0,0,207,332,767,1056,845,1348,736,1983,661,1504,446,581,728,1004,263,740,0,0,44,64,273,365,313,535,276,722,229,410,135,141,295,442,204,614,7054,4960,869,256,5710,7,12,13,8
2021-04-07T23:59:59+02:00,0,0,202,328,758,1050,833,1333,716,1955,642,1471,409,540,700,966,260,736,0,0,41,61,254,351,303,530,268,708,221,398,121,131,276,422,198,605,6920,4790,837,246,5563,7,12,13,7
2021-04-06T23:59:59+02:00,0,0,200,326,748,1045,818,1316,699,1931,615,1446,388,504,675,935,259,735,0,0,39,59,253,346,298,528,257,704,216,392,116,127,268,402,194,595,6829,4718,811,225,5414,6,12,12,7
2021-04-05T23:59:59+02:00,0,0,200,325,744,1038,811,1305,691,1914,608,1430,369,483,658,911,259,734,0,0,39,58,252,342,297,524,253,698,212,391,115,123,255,382,190,589,6790,4657,798,210,5300,6,12,12,7
2021-04-04T23:59:59+02:00,0,0,199,322,740,1028,805,1294,682,1897,601,1411,358,470,655,907,259,734,0,0,39,57,251,341,296,524,253,698,211,391,113,123,249,368,187,587,6765,4626,793,210,5214,6,10,12,7
2021-04-03T23:59:59+02:00,0,0,199,322,739,1028,803,1292,682,1893,594,1409,351,464,652,900,259,733,0,0,39,57,251,341,296,524,253,697,211,389,113,123,249,365,187,585,6734,4618,793,210,5201,6,10,12,7
2021-04-02T23:59:59+02:00,0,0,199,320,739,1026,802,1290,678,1886,590,1399,342,454,639,890,259,732,0,0,39,56,248,339,293,522,251,689,206,383,111,122,243,346,184,572,6685,4543,788,207,5178,6,10,11,7
2021-04-01T23:59:59+02:00,0,0,196,317,734,1012,790,1277,673,1866,575,1380,327,430,608,857,258,726,0,0,37,55,239,333,291,519,250,682,204,379,103,119,226,321,181,551,6596,4435,745,200,5086,5,10,11,7
2021-03-31T23:59:59+02:00,0,0,192,314,726,1004,781,1263,663,1820,565,1341,318,419,586,811,254,723,0,0,37,55,238,332,286,516,247,680,198,375,98,116,211,294,179,529,6527,4345,701,193,4952,5,8,11,7
2021-03-30T23:59:59+02:00,0,0,189,308,721,995,775,1241,651,1781,555,1297,307,402,560,775,253,723,0,0,37,54,236,328,282,513,246,675,194,370,95,114,203,276,175,514,6450,4268,663,188,4818,5,8,11,7
2021-03-29T23:59:59+02:00,0,0,185,303,716,977,770,1228,642,1750,546,1259,303,388,529,737,251,716,0,0,37,52,234,326,281,511,245,671,192,363,91,112,194,263,168,503,6341,4206,641,182,4714,3,8,11,7
2021-03-28T23:59:59+02:00,0,0,178,287,706,967,761,1221,637,1728,543,1242,301,374,501,713,248,714,0,0,37,51,232,326,278,505,242,668,191,360,88,110,187,254,165,501,6296,4162,606,178,4610,3,8,11,7
2021-03-27T23:59:59+01:00,0,0,178,284,701,961,756,1217,631,1717,541,1233,297,365,495,703,248,713,0,0,37,51,232,326,278,505,239,662,188,356,87,109,183,247,160,491,6255,4124,598,172,4574,3,8,11,7
2021-03-26T23:59:59+01:00,0,0,174,282,690,949,747,1202,619,1699,533,1210,290,354,491,688,246,710,0,0,37,51,232,326,277,503,239,661,181,344,82,102,171,231,153,479,6191,4044,579,171,4496,3,6,11,7
2021-03-25T23:59:59+01:00,0,0,170,280,682,935,726,1176,602,1662,522,1171,282,342,474,664,245,706,0,0,37,51,228,321,275,502,232,658,181,343,76,102,154,213,148,455,6114,3955,565,163,4338,3,6,11,7
2021-03-24T23:59:59+01:00,0,0,168,272,671,922,718,1160,593,1625,508,1140,272,329,456,640,242,703,0,0,37,51,226,319,272,500,230,658,177,340,74,99,141,207,142,421,6039,3881,540,156,4214,2,6,11,7
2021-03-23T23:59:59+01:00,0,0,165,269,663,908,705,1146,582,1602,495,1102,266,317,439,624,237,699,0,0,36,51,224,318,269,497,225,653,175,336,72,95,133,199,132,395,5986,3800,524,151,4081,2,6,11,7
2021-03-22T23:59:59+01:00,0,0,161,260,644,890,687,1127,571,1570,481,1078,261,308,427,608,236,693,0,0,36,51,222,316,266,495,223,646,174,334,72,92,127,190,117,365,5930,3718,502,148,3938,1,6,11,7
2021-03-21T23:59:59+01:00,0,0,157,258,636,882,681,1123,567,1546,475,1046,255,300,414,600,234,688,0,0,36,51,219,316,264,493,222,645,172,332,71,89,125,189,113,362,5907,3697,487,144,3833,1,4,10,6
2021-03-20T23:59:59+01:00,0,0,155,258,628,877,676,1120,561,1541,472,1045,252,293,400,586,232,686,0,0,36,51,219,316,263,493,221,643,172,328,70,88,122,185,109,356,5872,3672,482,142,3789,1,4,10,6
2021-03-19T23:59:59+01:00,0,0,145,248,621,859,665,1113,556,1523,461,1032,235,271,383,561,227,678,0,0,34,51,218,315,262,493,219,636,171,324,68,86,114,174,104,335,5794,3605,440,141,3701,1,3,10,6
2021-03-18T23:59:59+01:00,0,0,140,242,603,843,647,1079,538,1472,447,986,220,256,370,538,224,660,0,0,34,51,217,312,260,485,219,631,168,317,68,83,106,166,100,322,5710,3545,406,132,3496,1,3,10,6
2021-03-17T23:59:59+01:00,0,0,134,236,590,824,634,1072,533,1459,439,968,208,243,352,521,220,654,0,0,34,50,217,310,259,483,218,630,168,316,68,83,101,160,94,308,5615,3505,378,130,3433,1,3,8,6
2021-03-16T23:59:59+01:00,0,0,130,227,573,809,615,1061,521,1418,428,943,200,229,331,487,216,642,0,0,34,49,217,307,259,477,216,629,167,315,64,83,97,154,91,290,5522,3459,346,126,3294,1,2,8,6
2021-03-15T23:59:59+01:00,0,0,124,220,558,794,605,1040,512,1386,414,906,194,221,318,462,213,636,0,0,33,49,216,304,259,474,215,628,165,314,63,81,91,148,89,276,5434,3416,317,124,3177,1,1,8,6
2021-03-14T23:59:59+01:00,0,0,119,208,544,775,590,1019,503,1343,402,861,184,209,307,451,207,632,0,0,33,49,216,301,258,473,214,623,164,309,62,81,90,145,87,273,5367,3400,304,114,3005,1,0,7,6
2021-03-13T23:59:59+01:00,0,0,116,196,516,746,561,993,478,1318,382,842,169,200,300,438,206,629,0,0,33,49,216,301,258,473,213,623,164,308,62,81,87,141,75,258,5172,3362,300,114,2919,1,0,7,6
2021-03-12T23:59:59+01:00,0,0,105,188,486,720,541,963,457,1279,361,810,153,188,276,409,203,609,0,0,33,49,216,300,258,473,213,623,164,307,57,79,84,135,70,251,4942,3330,294,114,2800,1,0,7,5
2021-03-11T23:59:59+01:00,0,0,97,179,452,673,503,927,417,1205,339,758,140,166,249,368,199,587,0,0,33,48,215,298,253,469,211,619,161,305,57,77,80,129,68,238,4695,3301,284,93,2544,1,0,7,4
2021-03-10T23:59:59+01:00,0,0,94,169,428,649,484,908,400,1167,322,720,125,151,232,337,193,554,0,0,32,48,213,293,249,464,208,613,161,303,54,75,76,126,65,228,4517,3257,273,81,2403,1,0,7,4
2021-03-09T23:59:59+01:00,0,0,94,164,416,619,453,878,385,1123,310,688,119,143,222,319,187,542,0,0,32,48,212,290,246,456,206,609,157,299,53,73,74,123,59,220,4434,3216,257,71,2218,1,0,7,3
2021-03-08T23:59:59+01:00,0,0,91,156,400,602,435,861,376,1072,301,650,115,134,208,299,181,530,0,0,32,48,212,286,243,451,201,605,151,295,51,72,69,120,58,219,4355,3188,241,54,2057,1,0,7,2
2021-03-07T23:59:59+01:00,0,0,88,152,395,590,426,846,365,1057,298,644,113,134,201,285,179,528,0,0,32,48,211,285,243,449,200,604,151,295,51,72,67,118,57,218,4308,3179,231,51,1999,0,0,7,2
2021-03-06T23:59:59+01:00,0,0,87,145,393,582,419,822,355,1005,289,612,112,133,195,277,176,523,0,0,32,48,211,285,242,448,200,603,151,295,51,72,65,118,56,213,4272,3174,231,45,1856,0,0,7,2
2021-03-05T23:59:59+01:00,0,0,86,140,388,569,414,814,354,988,280,589,106,124,184,257,168,510,0,0,32,48,210,283,241,447,199,601,150,293,51,72,63,117,55,205,4192,3159,222,36,1784,0,0,7,2
2021-03-04T23:59:59+01:00,0,0,83,125,377,533,396,780,337,944,270,560,97,123,165,231,161,485,0,0,32,48,208,277,239,441,197,588,147,292,50,72,63,117,55,204,4090,3120,206,35,1595,0,0,7,2
2021-03-03T23:59:59+01:00,0,0,76,114,367,517,387,762,332,923,261,542,95,120,154,224,155,451,0,0,32,47,208,277,238,439,194,580,147,286,50,72,62,116,55,204,4020,3097,200,32,1478,0,0,7,2
2021-03-02T23:59:59+01:00,0,0,73,111,356,502,370,744,325,904,255,520,94,115,144,214,145,423,0,0,31,47,208,277,238,433,189,573,145,283,50,72,62,114,55,203,3932,3068,194,32,1380,0,0,7,2
2021-03-01T23:59:59+01:00,0,0,72,109,350,489,363,722,314,879,249,493,93,114,137,203,127,388,0,0,31,46,207,276,236,424,187,566,145,280,50,72,61,113,54,203,3846,3037,189,32,1273,0,0,7,2
2021-02-28T23:59:59+01:00,0,0,72,107,343,480,360,714,312,855,244,475,88,106,135,200,123,384,0,0,31,46,206,276,235,423,186,566,145,280,50,72,61,113,54,203,3822,3035,186,31,1193,0,0,7,1
2021-02-27T23:59:59+01:00,0,0,69,98,337,474,355,707,306,844,241,466,86,104,134,195,116,374,0,0,31,46,206,275,235,422,185,565,143,279,50,72,61,113,54,203,3790,3033,180,26,1135,0,0,7,1
2021-02-26T23:59:59+01:00,0,0,67,93,329,450,329,672,285,813,231,445,83,100,126,184,112,354,0,0,31,45,206,274,235,420,184,562,139,277,50,72,61,113,54,201,3733,3017,178,26,954,0,0,7,0
2021-02-25T23:59:59+01:00,0,0,59,82,316,428,319,644,277,787,219,422,78,100,118,177,109,342,0,0,31,45,204,270,230,417,182,555,134,276,50,70,59,111,53,201,3683,2988,171,18,804,0,0,7,0
2021-02-24T23:59:59+01:00,0,0,55,75,309,415,311,629,272,771,216,414,77,100,113,172,102,329,0,0,30,45,202,268,227,404,180,547,132,271,48,69,56,111,53,201,3643,2948,166,12,729,0,0,7,0
2021-02-23T23:59:59+01:00,0,0,52,66,296,397,301,611,266,753,210,406,73,98,108,167,99,307,0,0,29,45,201,266,224,398,179,541,128,268,47,69,56,107,53,199,3590,2917,161,8,631,0,0,7,0
2021-02-22T23:59:59+01:00,0,0,50,64,290,385,297,602,264,744,208,401,71,95,100,159,97,295,0,0,29,43,198,264,221,384,172,531,125,265,46,69,55,107,53,199,3545,2870,153,4,590,0,0,6,0
2021-02-21T23:59:59+01:00,0,0,49,63,284,378,294,592,259,736,203,397,70,93,99,157,95,293,0,0,29,42,197,262,220,381,172,522,125,264,46,69,55,107,53,197,3535,2848,150,4,540,0,0,5,0
2021-02-20T23:59:59+01:00,0,0,48,63,282,377,294,589,258,730,203,392,69,93,96,153,83,278,0,0,29,41,197,262,220,381,172,522,123,263,46,69,54,107,53,195,3499,2841,149,4,520,0,0,5,0
2021-02-19T23:59:59+01:00,0,0,47,63,279,372,288,566,247,704,201,380,66,90,92,145,78,270,0,0,29,40,197,262,219,380,172,521,123,263,46,69,53,106,52,193,3465,2832,148,4,431,0,0,4,0
2021-02-18T23:59:59+01:00,0,0,44,61,261,348,280,543,239,683,186,357,65,86,90,140,76,261,0,0,28,39,192,253,216,373,167,506,123,253,46,67,53,104,49,188,3436,2763,139,4,297,0,0,4,0
2021-02-17T23:59:59+01:00,0,0,44,59,254,342,278,528,232,670,183,337,63,83,86,137,73,249,0,0,26,38,188,247,209,359,163,490,120,242,42,65,53,102,48,185,3385,2680,137,3,242,0,0,4,0
2021-02-16T23:59:59+01:00,0,0,43,54,240,328,274,517,226,654,178,330,61,82,83,135,67,242,0,0,23,38,179,238,201,339,157,478,116,230,42,60,43,88,40,175,3348,2549,134,3,176,0,0,4,0
2021-02-15T23:59:59+01:00,0,0,42,54,235,325,267,505,223,649,174,324,59,82,78,131,66,241,0,0,22,37,171,231,196,331,151,467,112,223,39,57,43,82,36,166,3321,2465,133,3,145,0,0,4,0
2021-02-14T23:59:59+01:00,0,0,39,54,232,321,265,498,220,643,174,319,58,79,75,131,65,238,0,0,20,37,169,226,193,326,150,455,111,220,39,57,42,80,35,159,3310,2419,122,3,122,0,0,4,0
2021-02-13T23:59:59+01:00,0,0,38,54,232,321,263,498,220,642,174,319,58,79,74,131,65,237,0,0,20,37,168,225,190,326,149,453,110,217,38,57,41,79,32,155,3306,2398,122,1,120,0,0,4,0
2021-02-12T23:59:59+01:00,0,0,37,52,230,317,260,489,216,631,171,316,58,78,72,131,65,236,0,0,20,37,167,221,189,325,148,451,108,216,36,56,41,75,28,147,3297,2366,122,1,81,0,0,4,0
2021-02-11T23:59:59+01:00,0,0,36,51,222,295,253,472,209,607,159,305,57,77,71,129,65,230,0,0,20,34,151,200,182,295,139,406,103,197,32,55,37,65,26,133,3260,2167,99,1,18,0,0,4,0
2021-02-10T23:59:59+01:00,0,0,36,50,219,287,251,465,205,599,157,300,54,77,70,129,64,228,0,0,18,31,138,176,168,256,120,357,96,175,28,52,36,62,23,121,3228,1937,89,1,8,0,0,4,0
2021-02-09T23:59:59+01:00,0,0,34,49,218,284,249,455,200,591,153,297,54,77,70,127,64,228,0,0,18,29,119,150,152,234,107,315,91,150,23,47,35,49,20,109,3205,1718,74,1,4,0,0,4,0
2021-02-08T23:59:59+01:00,0,0,34,49,217,282,243,440,197,580,149,292,51,77,69,126,64,228,0,0,16,28,103,127,130,195,87,276,86,140,16,45,29,40,19,96,3166,1497,58,1,4,0,0,3,0
2021-02-07T23:59:59+01:00,0,0,34,48,214,281,241,439,196,577,148,292,51,77,68,126,64,228,0,0,15,22,98,117,122,184,82,256,82,130,15,44,27,33,18,88,3158,1394,55,1,0,0,0,2,0
2021-02-06T23:59:59+01:00,0,0,34,48,214,281,241,438,196,577,147,291,50,77,67,126,63,223,0,0,12,18,97,116,121,180,80,249,82,128,14,43,27,30,16,88,3154,1358,48,1,0,0,0,2,0
2021-02-05T23:59:59+01:00,0,0,33,47,214,281,241,437,195,576,145,290,50,77,67,126,62,213,0,0,10,15,88,108,117,175,79,245,81,120,13,42,27,26,14,85,3142,1299,39,0,0,0,0,2,0
2021-02-04T23:59:59+01:00,0,0,33,47,211,277,236,433,190,570,143,287,50,75,67,124,62,212,0,0,9,11,60,76,95,130,68,207,64,101,13,37,24,22,11,74,3104,1044,39,0,0,0,0,2,0
2021-02-03T23:59:59+01:00,0,0,33,46,211,276,235,421,188,564,142,284,50,74,66,122,62,212,0,0,6,6,44,57,74,107,53,158,55,73,10,17,18,15,6,58,3076,788,36,0,0,0,0,2,0
2021-02-02T23:59:59+01:00,0,0,32,46,210,273,231,415,187,558,139,283,49,74,64,119,60,209,0,0,4,4,28,40,58,77,41,102,44,51,8,14,12,9,2,41,3037,556,36,0,0,0,0,2,0
2021-02-01T23:59:59+01:00,0,0,31,44,208,273,226,408,184,553,136,276,49,73,62,118,60,209,0,0,4,2,22,22,32,46,27,63,27,28,6,9,8,5,2,23,2997,338,36,0,0,0,0,1,0
2021-01-31T23:59:59+01:00,0,0,31,44,207,272,224,402,182,545,135,276,49,73,61,118,60,207,0,0,4,2,20,17,23,36,21,51,21,24,6,6,7,5,2,19,2973,274,34,0,0,0,0,1,0
2021-01-30T23:59:59+01:00,0,0,31,44,207,272,224,401,181,545,135,276,49,73,60,118,60,204,0,0,4,2,19,16,21,36,19,47,20,23,6,5,7,4,2,18,2968,258,33,0,0,0,0,1,0
2021-01-29T23:59:59+01:00,0,0,31,44,207,270,223,400,180,544,133,274,49,73,59,117,59,203,0,0,4,1,16,10,15,29,16,41,16,21,5,4,6,4,2,17,2958,214,29,0,0,0,0,0,0
2021-01-28T23:59:59+01:00,0,0,31,43,198,267,222,395,179,535,131,270,49,73,58,116,57,202,0,0,4,1,5,3,8,16,9,23,9,9,2,2,4,1,0,16,2926,115,21,0,0,0,0,0,0
2021-01-27T23:59:59+01:00,0,0,30,42,195,260,218,385,177,522,128,261,46,71,58,114,56,200,0,0,1,1,3,3,7,14,8,19,8,9,2,2,3,1,0,13,2861,96,17,0,0,0,0,0,0
2021-01-26T23:59:59+01:00,0,0,27,42,192,248,212,372,173,504,125,254,45,66,52,107,49,191,0,0,1,1,2,3,7,14,8,19,8,9,2,2,3,1,0,10,2760,92,13,0,0,0,0,0,0
2021-01-25T23:59:59+01:00,0,0,27,41,183,245,209,362,170,495,122,244,43,64,51,104,43,188,0,0,1,1,1,3,5,12,7,16,8,9,2,2,2,0,0,8,2698,79,5,0,0,0,0,0,0
2021-01-24T23:59:59+01:00,0,0,26,40,181,242,207,361,169,493,122,243,43,64,49,100,42,187,0,0,1,1,1,3,4,12,7,16,8,9,2,2,2,0,0,8,2677,78,3,0,0,0,0,0,0
2021-01-23T23:59:59+01:00,0,0,26,40,181,242,205,361,169,492,122,243,43,64,49,99,41,185,0,0,1,1,1,3,4,11,7,15,7,9,2,2,2,0,0,8,2670,75,3,0,0,0,0,0,0
2021-01-22T23:59:59+01:00,0,0,25,39,180,238,204,361,169,491,121,243,43,64,49,99,38,179,0,0,1,0,1,3,4,11,7,15,7,9,2,2,2,0,0,8,2651,74,3,0,0,0,0,0,0
2021-01-21T23:59:59+01:00,0,0,21,37,170,226,198,345,165,470,119,230,42,64,45,91,37,176,0,0,1,0,1,3,1,6,6,10,5,5,2,2,2,0,0,7,2538,53,3,0,0,0,0,0,0
2021-01-20T23:59:59+01:00,0,0,20,35,153,200,182,302,137,414,109,209,37,60,43,86,32,159,0,0,1,0,1,3,1,6,6,9,5,4,2,2,2,0,0,7,2269,51,2,0,0,0,0,0,0
2021-01-19T23:59:59+01:00,0,0,20,32,127,172,165,268,128,371,105,188,27,54,35,71,29,145,0,0,1,0,1,3,1,5,4,7,3,3,1,0,2,0,0,4,2016,36,2,0,0,0,0,0,0
2021-01-18T23:59:59+01:00,0,0,17,32,113,151,142,228,111,323,98,164,24,51,32,58,26,125,0,0,1,0,1,1,0,2,3,5,2,3,0,0,1,0,0,4,1769,24,2,0,0,0,0,0,0
2021-01-17T23:59:59+01:00,0,0,16,23,108,137,134,214,102,298,94,153,23,46,31,52,25,112,0,0,1,0,0,0,0,1,1,4,2,2,0,0,1,0,0,1,1634,13,2,0,0,0,0,0,0
2021-01-16T23:59:59+01:00,0,0,14,20,105,135,132,209,99,288,93,146,20,45,30,46,20,109,0,0,0,0,0,0,0,0,0,0,0,0,0,0,0,0,0,0,1575,0,0,0,0,0,0,0,0
2021-01-15T23:59:59+01:00,0,0,11,17,99,126,128,203,97,279,93,136,19,44,30,41,19,106,0,0,0,0,0,0,0,0,0,0,0,0,0,0,0,0,0,0,1508,0,0,0,0,0,0,0,0
2021-01-14T23:59:59+01:00,0,0,9,13,75,94,110,167,81,235,81,121,15,39,27,33,17,91,0,0,0,0,0,0,0,0,0,0,0,0,0,0,0,0,0,0,1256,0,0,0,0,0,0,0,0
2021-01-13T23:59:59+01:00,0,0,7,12,61,83,97,138,75,190,76,96,15,25,21,24,15,71,0,0,0,0,0,0,0,0,0,0,0,0,0,0,0,0,0,0,1047,0,0,0,0,0,0,0,0
2021-01-12T23:59:59+01:00,0,0,5,8,49,66,79,108,67,135,63,74,11,19,16,20,7,55,0,0,0,0,0,0,0,0,0,0,0,0,0,0,0,0,0,0,817,0,0,0,0,0,0,0,0
2021-01-11T23:59:59+01:00,0,0,4,6,43,50,67,83,53,107,48,55,10,14,8,11,4,29,0,0,0,0,0,0,0,0,0,0,0,0,0,0,0,0,0,0,617,0,0,0,0,0,0,0,0
2021-01-10T23:59:59+01:00,0,0,4,6,39,39,50,67,39,86,40,47,9,9,7,10,4,23,0,0,0,0,0,0,0,0,0,0,0,0,0,0,0,0,0,0,495,0,0,0,0,0,0,0,0
2021-01-09T23:59:59+01:00,0,0,4,5,36,38,45,64,36,78,37,43,9,9,7,8,4,22,0,0,0,0,0,0,0,0,0,0,0,0,0,0,0,0,0,0,459,0,0,0,0,0,0,0,0
2021-01-08T23:59:59+01:00,0,0,4,5,29,29,38,56,27,65,31,38,6,6,5,7,3,20,0,0,0,0,0,0,0,0,0,0,0,0,0,0,0,0,0,0,380,0,0,0,0,0,0,0,0
2021-01-07T23:59:59+01:00,0,0,4,2,11,3,11,18,11,29,8,18,5,3,4,2,1,18,0,0,0,0,0,0,0,0,0,0,0,0,0,0,0,0,0,0,151,0,0,0,0,0,0,0,0
2021-01-06T23:59:59+01:00,0,0,4,1,4,3,6,15,8,23,7,10,3,3,3,2,1,16,0,0,0,0,0,0,0,0,0,0,0,0,0,0,0,0,0,0,112,0,0,0,0,0,0,0,0
2021-01-05T23:59:59+01:00,0,0,2,1,2,3,6,14,8,21,7,9,3,2,3,2,0,15,0,0,0,0,0,0,0,0,0,0,0,0,0,0,0,0,0,0,101,0,0,0,0,0,0,0,0
2021-01-04T23:59:59+01:00,0,0,1,1,2,3,6,13,7,17,7,9,2,2,2,1,0,10,0,0,0,0,0,0,0,0,0,0,0,0,0,0,0,0,0,0,85,0,0,0,0,0,0,0,0
2021-01-03T23:59:59+01:00,0,0,1,1,1,3,5,13,7,17,7,9,2,2,2,1,0,10,0,0,0,0,0,0,0,0,0,0,0,0,0,0,0,0,0,0,83,0,0,0,0,0,0,0,0
2021-01-02T23:59:59+01:00,0,0,1,1,1,3,5,13,6,17,6,9,2,2,2,1,0,10,0,0,0,0,0,0,0,0,0,0,0,0,0,0,0,0,0,0,81,0,0,0,0,0,0,0,0
2021-01-01T23:59:59+01:00,0,0,1,0,1,3,5,13,6,17,6,9,2,2,2,1,0,10,0,0,0,0,0,0,0,0,0,0,0,0,0,0,0,0,0,0,80,0,0,0,0,0,0,0,0
2020-12-31T23:59:59+01:00,0,0,1,0,1,3,5,12,6,17,6,9,2,2,2,1,0,10,0,0,0,0,0,0,0,0,0,0,0,0,0,0,0,0,0,0,79,0,0,0,0,0,0,0,0
2020-12-30T23:59:59+01:00,0,0,1,0,1,3,5,12,6,16,6,9,2,2,2,1,0,10,0,0,0,0,0,0,0,0,0,0,0,0,0,0,0,0,0,0,78,0,0,0,0,0,0,0,0
2020-12-29T23:59:59+01:00,0,0,1,0,1,3,4,8,4,13,4,7,1,1,2,0,0,8,0,0,0,0,0,0,0,0,0,0,0,0,0,0,0,0,0,0,58,0,0,0,0,0,0,0,0
2020-12-28T23:59:59+01:00,0,0,1,0,1,1,1,1,2,6,3,4,1,0,2,0,0,4,0,0,0,0,0,0,0,0,0,0,0,0,0,0,0,0,0,0,28,0,0,0,0,0,0,0,0
2020-12-27T23:59:59+01:00,0,0,1,0,0,0,0,1,1,6,1,2,0,0,1,0,0,2,0,0,0,0,0,0,0,0,0,0,0,0,0,0,0,0,0,0,15,0,0,0,0,0,0,0,0
