Datum,<24_1_m,<24_1_w,25-34_1_m,25-34_1_w,35-44_1_m,35-44_1_w,45-54_1_m,45-54_1_w,55-64_1_m,55-64_1_w,65-74_1_m,65-74_1_w,75-84_1_m,75-84_1_w,>84_1_m,>84_1_w,<24_2_m,<24_2_w,25-34_2_m,25-34_2_w,35-44_2_m,35-44_2_w,45-54_2_m,45-54_2_w,55-64_2_m,55-64_2_w,65-74_2_m,65-74_2_w,75-84_2_m,75-84_2_w,>84_2_m,>84_2_w,bp_1,bp_2,mo_1,mo_2,az_1,az_2,ja
2021-06-26T23:59:59+02:00,1649,1668,4492,3303,4870,3749,4611,5413,3465,4093,1894,2142,2509,2755,1957,4015,573,659,1703,1481,2044,2092,2151,3242,1990,2764,1197,1513,1729,2018,1348,2865,36083,19601,5986,2495,8145,4649,2804
2021-06-25T23:59:59+02:00,1620,1627,4415,3262,4824,3726,4575,5388,3445,4083,1890,2141,2508,2754,1957,4015,566,642,1663,1456,2005,2037,2086,3137,1965,2677,1190,1502,1727,2014,1346,2864,35751,19290,5963,2481,8145,4482,2804
2021-06-24T23:59:59+02:00,1569,1565,4263,3180,4718,3675,4486,5344,3411,4063,1889,2139,2508,2753,1956,4015,529,617,1570,1405,1847,1977,1943,3067,1869,2590,1165,1487,1721,2009,1345,2862,35202,18841,5914,2224,8140,4407,2711
2021-06-23T23:59:59+02:00,1536,1529,4187,3142,4641,3628,4443,5308,3385,4035,1883,2135,2505,2751,1955,4015,496,598,1512,1362,1750,1927,1831,2979,1794,2517,1151,1468,1716,2000,1345,2862,34825,18373,5872,2155,8136,4281,2678
2021-06-22T23:59:59+02:00,1504,1505,4118,3083,4573,3588,4398,5264,3368,4017,1880,2131,2505,2750,1955,4015,481,577,1460,1331,1674,1880,1751,2876,1717,2446,1141,1449,1708,1987,1345,2860,34452,18017,5843,2042,8133,4144,2658
2021-06-21T23:59:59+02:00,1468,1455,4013,3011,4503,3545,4339,5208,3343,4002,1875,2121,2504,2746,1954,4013,464,564,1434,1301,1646,1840,1700,2803,1673,2370,1120,1423,1696,1968,1345,2858,33969,17782,5804,1961,8131,4013,2627
2021-06-20T23:59:59+02:00,1439,1419,3951,2969,4467,3532,4298,5189,3331,3995,1872,2119,2504,2746,1954,4013,451,549,1409,1283,1628,1822,1670,2779,1637,2341,1111,1407,1695,1963,1345,2858,33736,17642,5778,1932,8120,3958,2594
2021-06-19T23:59:59+02:00,1419,1401,3920,2947,4450,3509,4272,5171,3317,3988,1870,2117,2504,2745,1954,4013,443,545,1393,1266,1614,1804,1658,2756,1619,2313,1104,1401,1693,1962,1343,2857,33594,17503,5725,1904,8120,3954,2587
2021-06-18T23:59:59+02:00,1390,1376,3861,2907,4398,3478,4225,5141,3295,3976,1869,2114,2503,2743,1954,4013,432,537,1376,1247,1586,1776,1620,2712,1581,2270,1096,1394,1693,1957,1342,2855,33294,17253,5682,1903,8120,3919,2576
2021-06-17T23:59:59+02:00,1344,1344,3718,2845,4250,3412,4084,5059,3253,3941,1865,2112,2502,2742,1954,4013,402,521,1289,1214,1439,1712,1499,2630,1504,2205,1074,1372,1684,1949,1340,2853,32754,16836,5636,1819,8115,3846,2362
2021-06-16T23:59:59+02:00,1312,1306,3624,2774,4169,3366,3993,4997,3215,3922,1860,2109,2501,2739,1954,4012,386,499,1241,1182,1384,1687,1421,2551,1455,2142,1061,1349,1675,1939,1340,2850,32321,16481,5535,1759,8107,3779,2318
2021-06-15T23:59:59+02:00,1272,1266,3494,2712,4104,3316,3923,4930,3184,3898,1851,2102,2500,2737,1954,4011,375,472,1191,1142,1341,1648,1366,2494,1400,2088,1048,1323,1672,1934,1339,2849,31827,16208,5508,1687,8098,3711,2248
2021-06-14T23:59:59+02:00,1247,1238,3401,2674,4020,3261,3848,4860,3142,3870,1848,2092,2500,2733,1953,4010,370,452,1157,1121,1302,1625,1327,2450,1359,2042,1038,1300,1668,1928,1338,2847,31405,15998,5422,1657,8094,3638,2201
2021-06-13T23:59:59+02:00,1225,1223,3362,2640,3976,3225,3807,4834,3126,3856,1847,2087,2500,2731,1953,4010,362,445,1127,1103,1276,1610,1289,2415,1340,2014,1023,1282,1667,1916,1338,2846,31179,15851,5392,1637,8092,3571,2163
2021-06-12T23:59:59+02:00,1206,1203,3332,2620,3949,3208,3792,4821,3111,3847,1846,2084,2499,2730,1953,4010,359,444,1122,1087,1260,1595,1275,2398,1321,1997,1014,1276,1659,1914,1338,2846,31005,15755,5381,1637,8092,3523,2157
2021-06-11T23:59:59+02:00,1187,1188,3297,2581,3883,3185,3761,4795,3089,3835,1844,2083,2499,2727,1953,4009,348,433,1105,1055,1239,1579,1229,2353,1284,1964,1006,1259,1658,1911,1338,2845,30749,15542,5358,1632,8090,3455,2142
2021-06-10T23:59:59+02:00,1122,1145,3198,2512,3764,3118,3677,4733,3053,3806,1840,2074,2497,2727,1952,4009,333,419,1049,1028,1181,1530,1172,2282,1219,1874,986,1234,1654,1902,1338,2843,30232,15189,5255,1624,8077,3312,2084
2021-06-09T23:59:59+02:00,1063,1106,3088,2439,3638,3061,3587,4660,3025,3775,1836,2069,2495,2724,1952,4009,314,398,996,1005,1124,1502,1117,2215,1163,1808,967,1191,1649,1890,1337,2841,29788,14932,5110,1579,8074,3199,1972
2021-06-08T23:59:59+02:00,1009,1064,2965,2368,3523,2984,3501,4584,2980,3755,1830,2064,2493,2723,1951,4007,296,380,958,972,1079,1471,1069,2165,1130,1742,949,1161,1641,1879,1334,2839,29287,14733,4987,1537,8065,3084,1875
2021-06-07T23:59:59+02:00,979,1037,2858,2309,3397,2953,3395,4524,2934,3736,1821,2059,2492,2722,1951,4006,289,370,914,943,1032,1447,1022,2118,1078,1692,937,1143,1632,1865,1333,2837,28949,14587,4821,1502,8059,2973,1752
2021-06-06T23:59:59+02:00,956,1022,2805,2280,3318,2925,3343,4499,2909,3723,1820,2056,2490,2721,1951,4006,281,357,904,922,1010,1429,1011,2071,1055,1636,925,1131,1627,1860,1333,2835,28767,14506,4698,1457,8054,2872,1711
2021-06-05T23:59:59+02:00,942,1003,2741,2237,3272,2906,3313,4480,2899,3721,1820,2055,2490,2721,1951,4005,276,348,894,907,996,1416,990,2050,1029,1619,915,1112,1627,1857,1332,2835,28531,14381,4693,1454,8046,2834,1692
2021-06-04T23:59:59+02:00,918,988,2704,2195,3195,2875,3272,4434,2877,3709,1817,2052,2488,2721,1951,4005,268,343,879,889,983,1407,976,2030,1008,1595,908,1093,1621,1852,1332,2833,28247,14276,4653,1449,8044,2788,1662
2021-06-03T23:59:59+02:00,872,949,2564,2120,3037,2795,3124,4327,2810,3653,1812,2043,2484,2718,1951,4005,255,336,854,868,947,1363,918,1962,968,1547,882,1055,1615,1842,1332,2832,27645,14108,4451,1435,8030,2644,1541
2021-06-02T23:59:59+02:00,845,941,2516,2070,3005,2771,3069,4282,2786,3633,1811,2040,2484,2717,1951,4005,247,332,842,857,926,1350,885,1938,932,1509,873,1026,1613,1839,1332,2832,27355,13933,4433,1423,8029,2618,1509
2021-06-01T23:59:59+02:00,796,897,2382,1985,2846,2690,2931,4199,2741,3578,1803,2032,2481,2713,1951,4005,236,313,772,824,858,1298,832,1844,885,1434,852,982,1608,1829,1332,2828,26803,13695,4244,1390,8019,2431,1358
2021-05-31T23:59:59+02:00,755,871,2274,1937,2749,2621,2846,4128,2697,3538,1801,2024,2480,2711,1951,4005,222,302,745,803,818,1274,803,1781,852,1388,835,960,1601,1825,1331,2827,26476,13553,4032,1377,8001,2312,1272
2021-05-30T23:59:59+02:00,742,864,2236,1907,2708,2604,2817,4097,2684,3517,1799,2022,2480,2711,1951,4004,215,291,718,783,792,1244,787,1727,841,1344,825,948,1598,1819,1331,2826,26347,13476,3978,1370,7995,2173,1215
2021-05-29T23:59:59+02:00,739,862,2219,1894,2687,2597,2804,4082,2675,3509,1799,2021,2480,2711,1951,4004,212,283,711,777,776,1219,777,1675,827,1315,818,933,1597,1815,1330,2826,26241,13410,3977,1370,7992,2041,1214
2021-05-28T23:59:59+02:00,734,851,2194,1864,2652,2577,2781,4061,2665,3498,1799,2019,2479,2706,1951,4004,210,279,706,768,769,1197,766,1645,802,1279,804,908,1595,1809,1329,2824,26055,13277,3967,1368,7990,1974,1212
2021-05-27T23:59:59+02:00,682,828,2071,1820,2531,2515,2649,3992,2596,3453,1794,2011,2478,2704,1951,4002,196,262,645,724,700,1134,691,1560,742,1203,789,881,1588,1796,1329,2822,25632,13101,3841,1333,7965,1742,1023
2021-05-26T23:59:59+02:00,654,802,1978,1761,2374,2457,2538,3935,2551,3411,1785,2005,2476,2698,1949,3996,190,246,607,690,653,1098,655,1492,702,1149,778,857,1577,1767,1327,2820,25280,12908,3629,1324,7945,1615,896
2021-05-25T23:59:59+02:00,628,786,1900,1717,2281,2420,2446,3856,2510,3384,1777,1998,2473,2696,1948,3994,182,234,587,666,623,1063,618,1435,667,1096,762,840,1562,1748,1326,2818,24982,12742,3463,1293,7912,1493,834
2021-05-24T23:59:59+02:00,612,769,1851,1684,2213,2389,2388,3809,2469,3352,1769,1994,2468,2695,1948,3993,180,226,562,650,595,1029,591,1389,648,1052,748,826,1557,1746,1326,2818,24836,12676,3323,1285,7883,1381,736
2021-05-23T23:59:59+02:00,609,768,1840,1677,2203,2376,2383,3798,2459,3337,1768,1992,2468,2694,1948,3993,178,225,559,648,586,1025,579,1379,640,1048,747,820,1553,1743,1324,2816,24750,12618,3321,1281,7882,1371,735
2021-05-22T23:59:59+02:00,602,759,1819,1663,2182,2365,2363,3772,2438,3313,1761,1988,2468,2694,1948,3992,175,219,552,643,582,1019,569,1375,637,1041,738,811,1549,1733,1324,2816,24573,12570,3321,1281,7879,1340,726
2021-05-21T23:59:59+02:00,589,744,1744,1636,2110,2321,2314,3733,2409,3276,1756,1982,2465,2693,1948,3991,175,216,547,636,572,1011,557,1363,623,1025,728,788,1543,1729,1324,2815,24194,12501,3296,1281,7866,1281,723
2021-05-20T23:59:59+02:00,549,718,1618,1578,1988,2252,2199,3646,2342,3199,1741,1970,2463,2687,1948,3989,167,206,514,601,549,974,530,1307,599,970,711,761,1536,1718,1323,2814,23604,12397,3191,1271,7797,1087,656
2021-05-19T23:59:59+02:00,512,679,1521,1518,1853,2190,2082,3555,2261,3122,1728,1956,2457,2684,1945,3989,152,194,487,581,519,943,503,1254,576,918,700,747,1520,1693,1321,2811,22966,12256,3132,1255,7766,994,542
2021-05-18T23:59:59+02:00,484,658,1448,1467,1773,2135,1982,3439,2183,3044,1718,1941,2452,2676,1945,3986,137,186,469,565,501,910,487,1179,556,856,690,725,1516,1680,1320,2808,22530,12152,2988,1220,7715,896,445
2021-05-17T23:59:59+02:00,459,645,1407,1436,1726,2085,1921,3350,2149,2981,1701,1928,2449,2669,1945,3984,131,178,454,553,495,870,479,1118,550,808,677,699,1513,1672,1319,2808,22280,12093,2885,1198,7659,802,358
2021-05-16T23:59:59+02:00,453,644,1385,1411,1693,2064,1882,3300,2103,2937,1688,1920,2448,2665,1945,3984,127,175,450,534,484,851,466,1072,535,771,653,679,1510,1668,1319,2807,22131,12052,2823,1168,7627,720,286
2021-05-15T23:59:59+02:00,446,637,1363,1396,1679,2046,1867,3280,2082,2910,1684,1919,2448,2664,1944,3984,127,172,448,534,484,850,462,1067,528,764,650,676,1508,1667,1319,2807,21963,12025,2823,1168,7624,713,282
2021-05-14T23:59:59+02:00,436,625,1337,1362,1637,2006,1798,3219,2045,2876,1678,1915,2447,2664,1942,3984,125,169,446,518,464,825,446,1038,517,747,639,664,1505,1660,1319,2806,21654,11979,2784,1153,7606,612,268
2021-05-13T23:59:59+02:00,414,603,1279,1326,1541,1960,1693,3141,1985,2797,1656,1905,2441,2662,1940,3978,120,164,435,512,455,812,441,1024,506,735,620,639,1497,1642,1319,2802,21272,11909,2583,1116,7561,579,241
2021-05-12T23:59:59+02:00,407,598,1263,1320,1530,1952,1676,3120,1975,2783,1653,1899,2436,2661,1940,3978,119,162,435,512,454,807,436,1020,505,729,614,628,1496,1637,1318,2802,21167,11869,2564,1110,7557,578,238
2021-05-11T23:59:59+02:00,390,575,1197,1292,1434,1917,1573,3024,1896,2721,1641,1877,2431,2653,1939,3977,112,151,420,485,432,784,423,989,482,707,597,602,1488,1633,1317,2801,20807,11785,2413,1080,7461,492,187
2021-05-10T23:59:59+02:00,376,558,1166,1268,1383,1888,1511,2965,1854,2663,1634,1865,2425,2645,1939,3974,111,148,414,477,423,761,416,970,477,683,591,591,1487,1626,1317,2799,20570,11738,2343,1074,7367,440,160
2021-05-09T23:59:59+02:00,371,544,1129,1254,1360,1871,1466,2933,1809,2632,1627,1855,2423,2640,1939,3971,106,145,410,470,415,753,408,960,467,675,581,581,1482,1624,1317,2796,20381,11706,2298,1069,7329,395,140
2021-05-08T23:59:59+02:00,364,542,1123,1234,1334,1861,1451,2916,1785,2620,1621,1851,2422,2640,1938,3970,105,145,409,470,413,752,407,954,467,671,579,580,1478,1615,1317,2796,20234,11691,2295,1063,7326,384,140
2021-05-07T23:59:59+02:00,353,535,1099,1208,1289,1841,1399,2865,1746,2577,1615,1844,2421,2635,1938,3966,102,141,397,456,403,725,396,924,451,646,571,558,1466,1604,1317,2794,20006,11636,2267,1042,7269,284,109
2021-05-06T23:59:59+02:00,334,522,1017,1166,1178,1784,1268,2750,1640,2501,1589,1818,2420,2625,1938,3963,99,136,383,442,395,705,383,906,436,627,564,548,1454,1595,1316,2790,19560,11587,2101,1027,7080,201,83
2021-05-05T23:59:59+02:00,321,507,986,1143,1138,1749,1203,2687,1579,2431,1572,1792,2413,2613,1938,3959,99,131,380,436,390,693,380,897,429,609,548,534,1436,1582,1316,2787,19179,11526,2048,1005,7035,159,76
2021-05-04T23:59:59+02:00,311,493,953,1125,1102,1728,1162,2639,1536,2376,1559,1764,2407,2603,1933,3953,95,129,374,426,388,687,372,882,421,593,537,515,1426,1563,1313,2787,18885,11454,1990,978,7002,123,71
2021-05-03T23:59:59+02:00,308,483,927,1106,1066,1714,1130,2607,1505,2342,1547,1737,2398,2596,1932,3951,90,123,364,422,380,677,370,877,413,586,525,504,1416,1549,1312,2783,18669,11383,1968,972,6963,103,49
2021-05-02T23:59:59+02:00,305,480,911,1094,1044,1702,1112,2594,1492,2320,1540,1728,2397,2594,1931,3948,88,123,359,419,378,673,367,871,411,580,515,497,1401,1540,1312,2782,18566,11351,1954,956,6935,91,34
2021-05-01T23:59:59+02:00,302,475,906,1087,1033,1693,1102,2582,1481,2304,1536,1722,2395,2591,1930,3948,88,123,359,418,377,672,366,868,410,579,514,497,1401,1540,1312,2782,18460,11344,1954,956,6935,88,34
2021-04-30T23:59:59+02:00,298,467,896,1071,1013,1676,1069,2513,1442,2263,1525,1704,2391,2589,1929,3945,87,120,358,415,374,664,365,842,404,574,509,492,1398,1534,1312,2780,18198,11329,1950,945,6932,65,5
2021-04-29T23:59:59+02:00,286,459,859,1050,979,1645,1028,2457,1361,2196,1490,1669,2386,2580,1925,3940,87,119,353,413,370,660,360,830,397,565,498,483,1387,1525,1310,2775,17799,11278,1916,921,6881,44,5
2021-04-28T23:59:59+02:00,275,457,847,1037,952,1633,995,2423,1304,2135,1464,1625,2380,2578,1925,3938,83,119,347,407,366,653,358,822,392,553,481,470,1377,1513,1310,2773,17531,11217,1879,887,6842,30,5
2021-04-27T23:59:59+02:00,272,449,837,1024,936,1621,975,2400,1286,2107,1441,1591,2375,2574,1924,3935,82,116,345,404,365,648,356,817,387,547,476,460,1367,1495,1308,2770,17358,11166,1857,862,6814,25,5
2021-04-26T23:59:59+02:00,269,444,830,1017,927,1613,953,2377,1240,2065,1427,1571,2367,2569,1923,3932,82,116,343,402,364,647,353,814,384,543,468,447,1357,1485,1308,2768,17200,11130,1843,837,6761,23,5
2021-04-25T23:59:59+02:00,269,442,821,1010,915,1604,939,2363,1211,2036,1411,1553,2362,2563,1923,3931,81,116,343,398,361,645,352,812,383,542,465,442,1355,1477,1308,2767,17090,11118,1820,823,6720,15,5
2021-04-24T23:59:59+02:00,264,437,814,1006,903,1592,929,2344,1186,2020,1405,1533,2360,2560,1923,3931,81,116,343,398,361,645,351,812,383,539,463,439,1354,1475,1308,2767,16955,11112,1820,816,6707,15,5
2021-04-23T23:59:59+02:00,261,432,804,996,898,1583,911,2331,1127,1980,1393,1511,2354,2555,1923,3928,81,115,343,398,361,644,349,810,382,538,456,431,1349,1469,1308,2767,16827,11093,1810,801,6620,15,5
2021-04-22T23:59:59+02:00,259,424,782,977,882,1563,877,2287,1082,1932,1367,1469,2345,2541,1922,3921,81,112,341,396,358,636,346,803,376,533,450,424,1335,1459,1306,2766,16578,11040,1759,782,6559,8,5
2021-04-21T23:59:59+02:00,253,419,765,963,859,1545,849,2255,1032,1890,1331,1420,2335,2524,1919,3917,79,110,338,394,357,633,344,799,373,526,444,420,1327,1442,1299,2761,16298,10984,1733,762,6508,8,5
2021-04-20T23:59:59+02:00,248,413,753,944,844,1524,829,2204,1003,1845,1287,1360,2318,2509,1918,3907,79,110,336,394,354,630,341,794,373,521,440,412,1310,1417,1296,2759,16045,10920,1668,746,6454,8,5
2021-04-19T23:59:59+02:00,246,404,742,933,830,1507,818,2180,984,1816,1261,1323,2310,2501,1917,3903,78,109,336,391,351,625,338,785,370,512,437,407,1291,1395,1291,2750,15885,10845,1655,724,6396,6,4
2021-04-18T23:59:59+02:00,244,401,733,927,816,1497,803,2166,966,1798,1235,1291,2304,2497,1911,3901,77,107,335,390,350,625,337,780,369,510,435,402,1282,1392,1289,2748,15781,10821,1627,710,6339,6,4
2021-04-17T23:59:59+02:00,242,397,727,924,812,1496,798,2161,962,1790,1222,1272,2299,2490,1911,3901,76,104,334,387,350,625,336,776,369,506,433,397,1277,1385,1289,2748,15712,10787,1626,708,6322,6,4
2021-04-16T23:59:59+02:00,241,394,722,921,798,1481,788,2141,930,1748,1186,1221,2291,2477,1909,3897,71,102,331,381,349,623,332,767,362,489,420,373,1272,1372,1283,2738,15527,10709,1612,659,6261,5,4
2021-04-15T23:59:59+02:00,238,389,705,905,784,1470,765,2100,889,1707,1152,1182,2271,2455,1901,3885,69,102,328,375,344,622,325,762,354,486,412,364,1247,1347,1277,2726,15300,10619,1600,624,6149,5,4
2021-04-14T23:59:59+02:00,236,383,698,899,776,1456,756,2070,875,1682,1109,1142,2239,2403,1894,3876,66,97,325,373,341,618,322,755,345,477,397,350,1223,1320,1273,2716,15076,10513,1584,588,6083,5,4
2021-04-13T23:59:59+02:00,230,378,690,895,766,1444,748,2046,844,1654,1068,1086,2204,2359,1891,3869,64,96,322,370,332,613,318,749,338,468,386,344,1207,1305,1266,2709,14891,10440,1537,551,5993,4,4
2021-04-12T23:59:59+02:00,229,377,687,891,758,1432,729,2030,829,1637,1032,1051,2187,2345,1890,3860,62,92,313,364,328,607,312,742,333,463,371,335,1199,1295,1264,2701,14788,10368,1519,515,5904,4,4
2021-04-11T23:59:59+02:00,226,375,681,885,752,1427,721,2017,818,1623,1008,1028,2174,2327,1889,3854,60,90,308,362,327,605,310,738,329,457,365,328,1187,1290,1261,2698,14739,10322,1497,493,5816,4,4
2021-04-10T23:59:59+02:00,226,375,681,884,750,1425,716,2009,812,1619,1000,1012,2166,2318,1889,3854,55,82,283,350,314,591,298,727,314,448,355,320,1180,1274,1257,2695,14695,10161,1491,480,5796,4,4
2021-04-09T23:59:59+02:00,226,370,676,882,742,1398,707,1927,795,1539,963,955,2139,2296,1887,3847,45,77,268,339,296,578,281,715,304,434,338,313,1151,1243,1248,2691,14567,9958,1466,458,5561,4,3
2021-04-08T23:59:59+02:00,225,366,672,878,735,1391,697,1909,776,1516,915,896,2097,2270,1881,3841,43,74,260,324,282,571,266,699,284,419,320,291,1115,1221,1236,2668,14436,9730,1420,435,5454,4,3
2021-04-07T23:59:59+02:00,217,363,666,871,726,1379,683,1884,761,1488,875,851,2055,2227,1877,3830,41,70,242,309,273,564,260,688,269,405,299,279,1078,1195,1224,2644,14285,9515,1381,413,5329,4,3
2021-04-06T23:59:59+02:00,213,361,661,868,712,1366,665,1860,737,1466,841,804,2032,2192,1871,3823,40,69,241,307,269,562,251,685,263,400,290,266,1053,1165,1214,2631,14193,9408,1351,386,5167,4,3
2021-04-05T23:59:59+02:00,213,361,661,861,706,1357,658,1843,726,1453,814,779,2016,2160,1868,3819,40,69,240,304,268,557,247,678,261,398,289,259,1027,1142,1211,2620,14143,9334,1339,363,5048,4,3
2021-04-04T23:59:59+02:00,212,359,660,856,700,1346,652,1825,722,1435,805,766,2013,2158,1868,3818,40,69,239,304,268,557,247,678,260,398,288,259,1011,1128,1209,2617,14127,9296,1338,363,4965,4,3
2021-04-03T23:59:59+02:00,212,359,660,856,698,1344,650,1822,716,1432,792,757,2011,2150,1866,3817,40,69,239,304,268,557,247,678,260,397,288,259,1011,1123,1209,2615,14090,9288,1338,363,4948,4,3
2021-04-02T23:59:59+02:00,212,358,660,854,697,1341,647,1815,709,1423,780,745,1997,2135,1864,3815,40,69,236,304,266,555,245,671,254,393,284,257,991,1094,1204,2593,14032,9186,1328,356,4925,4,3
2021-04-01T23:59:59+02:00,208,353,657,846,686,1327,640,1795,695,1402,753,711,1971,2101,1862,3801,39,68,228,301,264,551,240,663,251,387,274,249,958,1062,1186,2561,13930,9022,1275,345,4833,4,3
2021-03-31T23:59:59+02:00,205,351,649,839,678,1312,632,1749,686,1364,734,698,1943,2052,1847,3788,39,68,225,300,262,549,238,657,243,385,261,244,906,1011,1174,2532,13837,8849,1226,330,4694,4,3
2021-03-30T23:59:59+02:00,203,345,644,832,675,1284,626,1714,674,1326,719,682,1907,2005,1839,3771,39,66,222,298,260,547,235,651,240,377,252,240,884,987,1158,2508,13728,8731,1190,316,4556,4,3
2021-03-29T23:59:59+02:00,200,339,638,816,671,1273,615,1684,665,1289,700,662,1863,1951,1823,3748,39,66,221,297,259,545,233,645,235,368,245,237,860,965,1149,2494,13563,8635,1156,306,4445,3,3
2021-03-28T23:59:59+02:00,190,325,631,808,666,1266,611,1665,661,1272,692,643,1832,1916,1819,3737,39,65,218,297,254,539,231,641,234,365,242,236,849,957,1145,2489,13497,8584,1114,300,4350,3,3
2021-03-27T23:59:59+01:00,189,322,628,803,663,1261,606,1655,659,1263,685,634,1823,1906,1819,3736,39,65,218,297,254,539,231,635,232,361,239,234,841,944,1131,2476,13454,8528,1107,291,4317,3,3
2021-03-26T23:59:59+01:00,187,320,621,791,658,1251,595,1636,653,1240,670,617,1808,1884,1811,3729,39,65,218,297,253,537,231,635,225,350,236,228,812,911,1114,2445,13365,8388,1081,291,4248,3,3
2021-03-25T23:59:59+01:00,183,319,612,781,645,1229,579,1600,639,1202,653,595,1774,1854,1802,3716,39,65,214,291,253,537,225,632,223,348,228,223,774,883,1073,2388,13276,8199,1035,278,4093,3,3
2021-03-24T23:59:59+01:00,180,308,603,772,640,1214,572,1567,627,1170,633,581,1742,1814,1792,3699,38,65,214,290,253,536,224,631,216,345,223,217,739,860,1047,2317,13169,8032,1003,265,3962,3,2
2021-03-23T23:59:59+01:00,178,306,597,763,624,1203,564,1547,615,1135,623,566,1715,1791,1780,3687,37,64,212,288,250,533,219,625,213,340,217,214,710,841,1004,2244,13096,7834,980,257,3836,3,2
2021-03-22T23:59:59+01:00,171,298,581,748,610,1182,554,1521,604,1110,613,555,1692,1771,1774,3676,37,63,211,286,248,531,218,617,212,336,214,208,684,820,943,2169,13031,7630,954,247,3692,3,2
2021-03-21T23:59:59+01:00,169,297,577,741,607,1178,550,1496,594,1078,606,546,1672,1765,1768,3664,37,63,211,285,247,530,217,616,211,334,213,205,679,818,935,2163,13001,7602,936,241,3584,3,2
2021-03-20T23:59:59+01:00,167,297,572,739,606,1176,547,1494,593,1075,601,538,1659,1745,1762,3657,37,63,211,285,246,530,217,614,208,328,210,203,672,812,923,2151,12954,7556,931,233,3554,3,2
2021-03-19T23:59:59+01:00,158,285,567,728,600,1167,546,1480,579,1056,575,503,1612,1712,1744,3648,37,63,211,284,245,530,216,606,205,325,209,199,646,785,902,2116,12827,7437,874,221,3466,2,2
2021-03-18T23:59:59+01:00,154,279,550,721,578,1134,530,1431,556,1011,548,481,1574,1675,1730,3619,37,63,208,282,244,520,216,600,202,320,206,192,632,773,882,2081,12679,7330,824,206,3269,2,2
2021-03-17T23:59:59+01:00,148,271,540,710,569,1130,523,1418,540,993,527,462,1542,1649,1714,3596,37,62,208,282,243,516,215,600,201,318,205,189,619,763,859,2045,12522,7235,786,203,3222,2,2
2021-03-16T23:59:59+01:00,142,266,530,699,555,1117,511,1380,526,963,512,441,1499,1599,1703,3574,37,61,208,280,243,510,215,599,199,318,202,189,606,745,838,2005,12377,7131,740,200,3095,2,1
2021-03-15T23:59:59+01:00,139,259,516,684,545,1091,498,1343,515,930,496,425,1468,1567,1690,3557,36,61,207,277,242,507,215,598,197,318,197,184,589,734,822,1975,12248,7047,692,189,2975,2,0
2021-03-14T23:59:59+01:00,135,246,505,671,537,1067,492,1294,503,890,479,413,1442,1545,1681,3541,36,61,207,275,241,505,214,594,196,313,196,181,585,726,818,1963,12155,7024,661,164,2813,2,0
2021-03-13T23:59:59+01:00,130,230,478,652,510,1041,469,1272,479,873,461,406,1420,1526,1676,3535,36,61,207,275,241,505,214,593,196,312,195,181,579,716,796,1938,11951,6957,649,163,2736,2,0
2021-03-12T23:59:59+01:00,120,219,452,628,489,1010,447,1241,456,841,438,388,1369,1478,1661,3505,36,61,207,274,241,504,214,593,196,312,192,179,568,705,780,1923,11666,6894,626,163,2623,2,0
2021-03-11T23:59:59+01:00,113,206,420,592,451,971,411,1172,429,782,413,353,1304,1427,1627,3459,36,61,206,271,235,500,212,588,194,308,188,178,555,691,762,1889,11328,6826,589,120,2375,2,0
2021-03-10T23:59:59+01:00,108,197,399,571,437,950,396,1134,403,744,390,334,1238,1369,1605,3409,36,61,202,266,233,493,210,583,194,306,185,176,539,684,748,1859,11041,6739,561,107,2241,2,0
2021-03-09T23:59:59+01:00,107,191,386,551,419,919,383,1089,388,710,374,321,1193,1342,1575,3377,36,61,201,262,232,486,207,579,191,302,185,175,527,677,736,1835,10862,6671,539,91,2072,2,0
2021-03-08T23:59:59+01:00,104,184,372,536,403,896,373,1038,380,672,359,311,1144,1304,1559,3354,36,61,201,261,228,480,203,573,187,300,183,175,517,672,730,1827,10708,6630,507,75,1919,1,0
2021-03-07T23:59:59+01:00,100,177,370,528,392,877,362,1024,377,667,356,308,1132,1289,1553,3346,36,61,201,260,228,478,202,572,187,299,183,174,513,668,723,1823,10645,6606,487,73,1868,0,0
2021-03-06T23:59:59+01:00,100,171,366,526,386,852,357,973,368,637,354,306,1124,1276,1540,3338,36,61,201,260,227,477,202,571,187,299,183,174,511,667,722,1813,10596,6599,487,63,1731,0,0
2021-03-05T23:59:59+01:00,98,166,362,521,383,847,355,956,357,614,345,293,1084,1232,1516,3297,36,61,200,259,226,476,201,569,186,297,182,173,506,666,716,1797,10418,6578,465,44,1676,0,0
2021-03-04T23:59:59+01:00,98,156,348,486,373,817,337,909,345,591,331,289,1033,1183,1460,3232,36,61,198,254,225,469,199,560,183,295,181,172,504,663,713,1794,10171,6533,442,43,1506,0,0
2021-03-03T23:59:59+01:00,95,145,339,472,367,803,331,888,333,569,321,280,990,1149,1421,3140,36,60,198,254,224,466,198,551,183,288,180,169,499,660,706,1791,9954,6494,419,38,1397,0,0
2021-03-02T23:59:59+01:00,90,139,330,461,356,787,322,868,326,544,309,275,953,1120,1359,3051,35,60,198,254,224,456,193,547,181,286,178,169,496,652,701,1781,9698,6440,399,38,1314,0,0
2021-03-01T23:59:59+01:00,88,136,324,448,348,769,313,838,317,514,305,269,926,1086,1273,2933,35,59,197,252,221,448,192,540,180,283,178,169,494,648,694,1775,9421,6393,379,38,1206,0,0
2021-02-28T23:59:59+01:00,88,134,318,439,345,758,313,814,312,495,301,263,920,1082,1264,2924,35,59,195,251,221,448,192,540,180,283,177,169,494,644,693,1774,9385,6383,370,38,1132,0,0
2021-02-27T23:59:59+01:00,85,124,314,430,339,757,309,802,308,485,297,260,910,1070,1248,2906,35,59,195,250,221,447,191,539,179,282,177,169,494,644,693,1774,9322,6382,359,33,1078,0,0
2021-02-26T23:59:59+01:00,83,119,307,407,312,723,289,773,299,466,294,258,880,1044,1224,2865,35,58,195,249,221,445,190,536,177,280,177,169,494,644,692,1771,9192,6365,357,33,905,0,0
2021-02-25T23:59:59+01:00,76,106,295,388,305,692,281,746,287,443,285,247,867,1025,1198,2830,35,58,194,247,217,442,186,528,173,279,173,166,483,637,683,1767,9066,6310,344,23,770,0,0
2021-02-24T23:59:59+01:00,70,99,290,378,299,678,277,734,281,434,280,247,843,1011,1166,2782,34,58,191,245,214,429,185,520,169,274,171,162,478,633,682,1755,8939,6247,332,16,705,0,0
2021-02-23T23:59:59+01:00,62,89,280,367,289,655,271,719,275,426,276,245,821,990,1137,2727,33,58,190,242,212,424,183,515,167,272,171,159,475,627,677,1738,8801,6192,318,13,615,0,0
2021-02-22T23:59:59+01:00,58,86,274,353,286,647,267,707,271,424,268,238,800,975,1115,2696,33,56,187,239,206,410,177,506,162,269,169,155,466,623,673,1728,8693,6115,304,5,572,0,0
2021-02-21T23:59:59+01:00,54,84,273,347,284,637,262,698,265,420,267,238,795,971,1109,2688,33,55,186,237,206,408,176,497,162,267,169,155,461,622,668,1719,8671,6076,298,5,525,0,0
2021-02-20T23:59:59+01:00,52,84,271,346,284,633,261,692,262,414,266,238,783,959,1085,2661,33,55,186,237,206,408,176,497,161,266,169,155,460,622,667,1718,8597,6071,289,5,504,0,0
2021-02-19T23:59:59+01:00,51,84,265,340,279,606,253,672,258,403,263,233,763,943,1061,2642,33,54,186,237,205,407,176,496,160,266,169,154,455,621,662,1706,8518,6042,276,5,417,0,0
2021-02-18T23:59:59+01:00,49,78,246,322,271,584,244,654,243,375,260,227,752,933,1041,2616,33,53,182,231,204,398,172,482,159,257,166,149,435,608,640,1652,8447,5875,254,5,287,0,0
2021-02-17T23:59:59+01:00,49,76,240,316,268,568,238,639,241,357,256,222,733,925,1023,2580,31,51,179,225,196,382,167,464,153,247,159,144,427,593,625,1621,8338,5717,247,4,236,0,0
2021-02-16T23:59:59+01:00,46,70,232,305,265,554,233,626,235,352,251,220,721,916,1003,2553,29,51,169,216,188,362,162,451,149,234,157,139,400,564,596,1567,8255,5487,240,4,174,0,0
2021-02-15T23:59:59+01:00,45,69,226,302,257,541,231,621,232,343,249,219,705,908,996,2538,28,49,164,211,183,355,158,441,143,229,142,135,378,539,569,1510,8203,5287,228,4,138,0,0
2021-02-14T23:59:59+01:00,43,69,223,299,255,533,229,618,232,338,249,215,698,901,991,2523,27,48,162,209,179,350,158,428,141,228,142,131,370,531,555,1479,8184,5190,198,4,120,0,0
2021-02-13T23:59:59+01:00,42,69,223,299,254,533,229,617,232,338,249,215,696,900,991,2523,27,48,160,208,176,350,157,424,138,226,142,130,367,527,547,1467,8179,5149,198,1,119,0,0
2021-02-12T23:59:59+01:00,41,67,221,295,251,522,225,607,229,333,248,213,690,899,989,2514,27,47,158,206,175,349,154,422,137,224,141,127,365,513,523,1415,8152,5038,198,1,79,0,0
2021-02-11T23:59:59+01:00,40,65,213,277,244,504,215,584,217,318,244,212,684,883,968,2488,26,45,141,187,167,314,144,379,132,205,130,115,327,465,479,1281,8083,4588,139,1,17,0,0
2021-02-10T23:59:59+01:00,40,65,208,271,242,496,213,576,214,311,241,212,677,880,960,2478,24,44,129,166,155,275,127,333,122,181,118,107,305,429,432,1187,8032,4177,128,1,7,0,0
2021-02-09T23:59:59+01:00,39,63,206,267,241,481,209,571,210,309,239,208,672,872,953,2470,24,41,113,139,140,253,114,288,111,157,101,99,277,369,387,1072,7982,3724,107,1,3,0,0
2021-02-08T23:59:59+01:00,39,63,205,264,234,467,206,560,207,305,235,208,665,868,949,2465,22,37,94,120,120,203,98,254,100,145,86,90,245,326,338,968,7925,3282,91,1,3,0,0
2021-02-07T23:59:59+01:00,39,62,202,262,234,465,206,558,207,305,235,208,664,864,947,2464,21,31,90,113,113,190,92,239,97,135,81,87,237,312,326,930,7911,3127,88,1,0,0,0
2021-02-06T23:59:59+01:00,39,62,202,262,234,464,206,557,206,305,235,208,664,864,946,2454,17,25,90,112,112,184,90,234,97,132,80,87,237,308,317,919,7908,3072,77,1,0,0,0
2021-02-05T23:59:59+01:00,38,61,202,262,234,463,205,555,204,304,235,208,662,864,936,2432,14,20,83,105,109,180,88,232,92,119,77,86,229,302,299,896,7890,2960,50,0,0,0,0
2021-02-04T23:59:59+01:00,37,61,201,260,229,459,201,549,202,300,233,205,656,857,928,2424,11,11,58,75,85,138,78,198,71,99,71,76,201,269,262,795,7827,2518,50,0,0,0,0
2021-02-03T23:59:59+01:00,37,59,200,259,228,447,197,543,202,297,230,203,649,855,922,2409,7,6,42,57,69,114,60,152,56,76,54,51,153,192,204,585,7767,1893,45,0,0,0,0
2021-02-02T23:59:59+01:00,36,59,199,256,225,441,195,539,200,296,228,201,642,849,916,2389,5,5,28,39,53,82,47,97,43,59,44,34,111,140,135,377,7700,1309,44,0,0,0,0
2021-02-01T23:59:59+01:00,35,56,197,256,221,436,192,533,196,289,228,197,635,846,912,2380,3,2,22,21,27,44,28,61,25,34,29,22,69,93,74,224,7638,785,44,0,0,0,0
2021-01-31T23:59:59+01:00,35,56,197,254,219,432,190,525,195,287,227,197,630,842,908,2369,3,2,20,16,18,37,20,48,18,29,27,17,57,82,71,198,7592,668,43,0,0,0,0
2021-01-30T23:59:59+01:00,35,56,197,254,219,432,189,525,195,287,227,197,629,842,908,2367,3,2,19,15,16,37,18,44,16,28,26,16,57,79,69,192,7589,641,42,0,0,0,0
2021-01-29T23:59:59+01:00,35,56,197,251,217,431,189,524,194,285,227,197,624,840,902,2359,3,0,17,11,10,31,18,39,12,24,26,16,54,78,69,186,7562,596,38,0,0,0,0
2021-01-28T23:59:59+01:00,35,55,190,249,217,424,188,516,192,281,226,196,610,832,889,2342,3,0,4,3,5,20,11,19,5,12,22,10,35,52,46,133,7484,380,29,0,0,0,0
2021-01-27T23:59:59+01:00,34,53,186,243,211,414,185,502,188,271,219,190,598,816,870,2311,1,0,2,3,5,15,10,18,4,11,21,9,29,45,39,101,7334,313,24,0,0,0,0
2021-01-26T23:59:59+01:00,31,53,182,231,205,399,181,485,185,263,215,186,578,799,846,2268,1,0,1,3,5,15,10,18,4,11,20,8,27,38,39,89,7154,289,20,0,0,0,0
2021-01-25T23:59:59+01:00,31,52,176,230,202,389,178,472,179,255,205,182,556,781,828,2230,1,0,1,3,4,13,9,15,4,10,19,7,22,37,33,79,7005,257,6,0,0,0,0
2021-01-24T23:59:59+01:00,30,51,174,227,200,388,177,470,179,254,205,181,552,776,826,2225,1,0,1,3,3,13,9,15,4,10,19,7,22,37,32,78,6974,254,5,0,0,0,0
2021-01-23T23:59:59+01:00,30,51,174,227,198,388,177,469,179,254,205,181,551,776,818,2213,1,0,1,3,3,12,8,15,4,10,19,7,22,37,32,78,6950,252,5,0,0,0,0
2021-01-22T23:59:59+01:00,30,50,172,223,197,388,177,468,178,254,205,180,549,774,796,2179,1,0,1,3,3,12,8,15,4,10,19,7,22,37,32,78,6879,252,5,0,0,0,0
2021-01-21T23:59:59+01:00,29,49,162,214,191,370,171,448,177,240,195,176,523,747,767,2139,1,0,1,3,1,7,7,11,3,5,18,7,18,26,29,63,6654,200,5,0,0,0,0
2021-01-20T23:59:59+01:00,28,47,147,191,175,326,146,395,164,216,181,162,488,702,710,1971,1,0,1,3,1,7,7,11,3,4,17,6,17,25,25,60,6099,188,4,0,0,0,0
2021-01-19T23:59:59+01:00,26,46,126,159,157,294,136,352,147,196,153,143,431,611,628,1749,1,0,1,3,1,6,5,7,1,3,10,3,8,19,16,41,5398,125,3,0,0,0,0
2021-01-18T23:59:59+01:00,23,41,108,146,134,244,123,307,127,171,121,126,356,508,516,1470,1,0,1,1,0,3,4,5,0,3,1,1,3,7,8,22,4563,60,3,0,0,0,0
2021-01-17T23:59:59+01:00,22,30,104,133,125,228,116,282,121,162,114,114,341,481,472,1389,1,0,0,0,0,1,2,4,0,1,0,1,2,2,1,3,4269,18,3,0,0,0,0
2021-01-16T23:59:59+01:00,19,24,101,131,123,221,113,272,117,156,113,113,338,472,458,1369,0,0,0,0,0,0,0,0,0,0,0,0,0,0,0,0,4177,0,0,0,0,0,0
2021-01-15T23:59:59+01:00,15,22,97,123,120,214,110,265,116,143,108,110,331,459,436,1333,0,0,0,0,0,0,0,0,0,0,0,0,0,0,0,0,4036,0,0,0,0,0,0
2021-01-14T23:59:59+01:00,12,13,72,92,102,175,93,224,99,124,94,94,284,411,383,1149,0,0,0,0,0,0,0,0,0,0,0,0,0,0,0,0,3447,0,0,0,0,0,0
2021-01-13T23:59:59+01:00,8,11,61,81,93,148,82,183,87,101,73,69,217,283,315,890,0,0,0,0,0,0,0,0,0,0,0,0,0,0,0,0,2724,0,0,0,0,0,0
2021-01-12T23:59:59+01:00,7,10,52,62,76,115,70,132,70,79,55,48,160,212,224,613,0,0,0,0,0,0,0,0,0,0,0,0,0,0,0,0,2004,0,0,0,0,0,0
2021-01-11T23:59:59+01:00,4,8,46,48,63,84,52,103,53,59,37,28,91,139,117,339,0,0,0,0,0,0,0,0,0,0,0,0,0,0,0,0,1286,0,0,0,0,0,0
2021-01-10T23:59:59+01:00,3,7,40,36,47,67,36,82,42,50,34,22,76,125,111,291,0,0,0,0,0,0,0,0,0,0,0,0,0,0,0,0,1080,0,0,0,0,0,0
2021-01-09T23:59:59+01:00,3,6,37,34,41,65,34,73,37,46,34,22,76,123,109,289,0,0,0,0,0,0,0,0,0,0,0,0,0,0,0,0,1038,0,0,0,0,0,0
2021-01-08T23:59:59+01:00,3,4,30,28,34,59,28,61,33,40,33,21,72,120,107,280,0,0,0,0,0,0,0,0,0,0,0,0,0,0,0,0,960,0,0,0,0,0,0
2021-01-07T23:59:59+01:00,3,2,10,3,7,22,13,28,12,20,28,13,51,79,72,199,0,0,0,0,0,0,0,0,0,0,0,0,0,0,0,0,562,0,0,0,0,0,0
2021-01-06T23:59:59+01:00,3,0,3,3,5,17,10,19,7,14,25,12,43,65,61,161,0,0,0,0,0,0,0,0,0,0,0,0,0,0,0,0,448,0,0,0,0,0,0
2021-01-05T23:59:59+01:00,2,0,1,3,5,15,10,18,7,13,24,11,42,64,58,153,0,0,0,0,0,0,0,0,0,0,0,0,0,0,0,0,426,0,0,0,0,0,0
2021-01-04T23:59:59+01:00,1,0,1,3,5,14,9,16,6,12,22,9,31,51,45,118,0,0,0,0,0,0,0,0,0,0,0,0,0,0,0,0,343,0,0,0,0,0,0
2021-01-03T23:59:59+01:00,1,0,1,3,4,14,9,16,6,12,22,9,31,51,45,117,0,0,0,0,0,0,0,0,0,0,0,0,0,0,0,0,341,0,0,0,0,0,0
2021-01-02T23:59:59+01:00,1,0,1,3,4,14,8,16,6,12,22,9,31,51,45,117,0,0,0,0,0,0,0,0,0,0,0,0,0,0,0,0,340,0,0,0,0,0,0
2021-01-01T23:59:59+01:00,1,0,1,3,4,14,8,16,6,12,22,9,31,51,45,117,0,0,0,0,0,0,0,0,0,0,0,0,0,0,0,0,340,0,0,0,0,0,0
2020-12-31T23:59:59+01:00,1,0,1,3,4,13,8,16,6,12,22,9,31,51,45,117,0,0,0,0,0,0,0,0,0,0,0,0,0,0,0,0,339,0,0,0,0,0,0
2020-12-30T23:59:59+01:00,1,0,1,3,4,13,8,16,6,12,22,9,31,51,45,117,0,0,0,0,0,0,0,0,0,0,0,0,0,0,0,0,339,0,0,0,0,0,0
2020-12-29T23:59:59+01:00,1,0,1,3,3,9,6,11,4,10,15,6,23,44,32,94,0,0,0,0,0,0,0,0,0,0,0,0,0,0,0,0,262,0,0,0,0,0,0
2020-12-28T23:59:59+01:00,1,0,1,1,1,2,4,6,3,5,8,2,6,17,20,47,0,0,0,0,0,0,0,0,0,0,0,0,0,0,0,0,124,0,0,0,0,0,0
2020-12-27T23:59:59+01:00,1,0,0,0,0,1,2,6,0,2,1,1,4,5,4,14,0,0,0,0,0,0,0,0,0,0,0,0,0,0,0,0,41,0,0,0,0,0,0
