Datum,<15_1_m,<15_1_w,15-24_1_m,15-24_1_w,25-34_1_m,25-34_1_w,35-44_1_m,35-44_1_w,45-54_1_m,45-54_1_w,55-64_1_m,55-64_1_w,65-74_1_m,65-74_1_w,75-84_1_m,75-84_1_w,>84_1_m,>84_1_w,<15_2_m,<15_2_w,15-24_2_m,15-24_2_w,25-34_2_m,25-34_2_w,35-44_2_m,35-44_2_w,45-54_2_m,45-54_2_w,55-64_2_m,55-64_2_w,65-74_2_m,65-74_2_w,75-84_2_m,75-84_2_w,>84_2_m,>84_2_w,bp_1,bp_2,mo_1,mo_2,az_1,az_2,ja,unb_1,unb_2
2021-12-04T23:59:59+01:00,387,399,5431,4338,13068,8565,12303,7894,10349,10321,6381,6993,2087,2587,1264,1707,338,942,221,202,4442,3619,11003,7464,10560,6864,9004,8999,5721,6223,1923,2361,1186,1615,299,867,64843,53666,8520,7677,9612,8304,14565,83,89
2021-12-03T23:59:59+01:00,376,386,5417,4328,13051,8556,12289,7889,10341,10306,6379,6980,2086,2583,1264,1706,338,942,221,201,4416,3608,10959,7443,10513,6846,8972,8970,5699,6201,1921,2359,1184,1615,299,867,64722,53395,8508,7674,9612,8303,14561,83,89
2021-12-02T23:59:59+01:00,368,375,5405,4316,13028,8543,12261,7872,10325,10293,6370,6962,2084,2577,1262,1706,337,942,221,197,4383,3592,10890,7409,10424,6817,8905,8930,5669,6171,1920,2357,1183,1612,299,867,64548,52966,8495,7659,9612,8303,14557,83,89
2021-12-01T23:59:59+01:00,360,368,5395,4309,13015,8538,12243,7860,10310,10274,6359,6942,2082,2573,1261,1703,337,941,219,197,4355,3581,10822,7374,10356,6791,8845,8906,5653,6151,1916,2350,1182,1611,299,867,64404,52611,8485,7645,9612,8302,14555,83,89
2021-11-30T23:59:59+01:00,351,359,5384,4301,12992,8529,12223,7849,10294,10263,6350,6932,2078,2570,1260,1702,337,941,218,195,4324,3566,10779,7357,10305,6774,8811,8884,5634,6138,1915,2347,1181,1610,299,865,64261,52353,8478,7636,9612,8302,14549,83,89
2021-11-29T23:59:59+01:00,337,350,5366,4295,12970,8520,12200,7836,10285,10245,6342,6922,2078,2561,1260,1701,336,941,218,195,4306,3555,10729,7341,10252,6752,8773,8848,5615,6118,1912,2343,1180,1606,299,863,64101,52072,8473,7625,9612,8302,14544,83,89
2021-11-28T23:59:59+01:00,331,345,5352,4287,12947,8509,12187,7822,10271,10227,6337,6909,2075,2558,1260,1699,336,940,216,193,4290,3547,10702,7322,10212,6741,8746,8832,5607,6104,1908,2342,1180,1606,299,863,63961,51889,8465,7618,9612,8302,14538,83,89
2021-11-27T23:59:59+01:00,325,334,5350,4283,12940,8501,12174,7813,10264,10215,6336,6906,2075,2557,1260,1699,336,940,216,192,4283,3542,10692,7316,10184,6733,8735,8824,5604,6102,1908,2342,1180,1606,299,863,63885,51809,8459,7609,9611,8302,14537,83,89
2021-11-26T23:59:59+01:00,314,324,5337,4269,12912,8487,12153,7799,10241,10196,6327,6893,2074,2554,1260,1698,336,938,215,191,4259,3529,10647,7299,10153,6713,8703,8806,5596,6091,1907,2338,1180,1606,299,862,63707,51601,8451,7600,9611,8302,14527,83,89
2021-11-25T23:59:59+01:00,303,319,5314,4252,12870,8466,12118,7772,10211,10169,6315,6873,2066,2548,1257,1694,336,938,213,186,4216,3506,10586,7271,10084,6672,8638,8777,5578,6079,1903,2333,1180,1605,299,862,63432,51219,8444,7582,9611,8302,14517,83,89
2021-11-24T23:59:59+01:00,299,313,5289,4247,12834,8452,12096,7752,10183,10149,6296,6855,2065,2538,1255,1692,336,938,212,184,4198,3498,10528,7244,10031,6654,8601,8754,5563,6064,1901,2332,1180,1604,299,862,63212,50950,8436,7577,9611,8302,14512,83,89
2021-11-23T23:59:59+01:00,292,304,5266,4236,12792,8433,12051,7724,10145,10113,6282,6837,2059,2533,1253,1691,336,937,212,184,4179,3490,10476,7225,9992,6631,8560,8731,5549,6046,1895,2329,1180,1603,299,861,62940,50701,8414,7569,9611,8302,14500,83,89
2021-11-22T23:59:59+01:00,284,293,5247,4224,12738,8411,12008,7705,10112,10083,6269,6816,2056,2522,1252,1690,336,937,209,182,4159,3480,10436,7211,9945,6614,8522,8698,5540,6032,1892,2326,1179,1602,299,861,62654,50459,8404,7562,9611,8300,14494,83,89
2021-11-21T23:59:59+01:00,282,284,5228,4218,12693,8396,11964,7682,10088,10056,6256,6804,2053,2518,1249,1690,336,937,205,182,4147,3471,10413,7202,9913,6595,8495,8683,5530,6023,1891,2323,1179,1601,299,860,62428,50301,8394,7557,9611,8300,14481,83,89
2021-11-20T23:59:59+01:00,279,282,5185,4209,12659,8383,11943,7676,10063,10035,6239,6793,2050,2517,1248,1689,336,937,204,182,4141,3465,10395,7193,9896,6592,8485,8671,5519,6017,1887,2320,1179,1601,299,860,62241,50209,8381,7553,9611,8300,14470,83,89
2021-11-19T23:59:59+01:00,270,273,5143,4173,12602,8365,11897,7653,10023,9999,6229,6779,2046,2507,1248,1689,336,937,203,182,4114,3453,10335,7177,9856,6576,8463,8649,5505,6011,1887,2316,1179,1601,299,860,61906,49986,8371,7545,9611,8300,14461,83,89
2021-11-18T23:59:59+01:00,268,265,5101,4148,12516,8329,11831,7617,9971,9950,6206,6750,2042,2500,1245,1686,336,935,199,181,4088,3440,10281,7160,9792,6560,8425,8625,5487,5999,1884,2312,1177,1600,299,860,61463,49711,8354,7536,9611,8300,14448,83,89
2021-11-17T23:59:59+01:00,267,264,5065,4121,12440,8288,11760,7583,9914,9898,6180,6724,2037,2494,1243,1684,336,933,199,181,4060,3432,10244,7138,9739,6531,8390,8589,5466,5985,1883,2310,1175,1597,299,860,61022,49443,8346,7528,9611,8300,14432,83,89
2021-11-16T23:59:59+01:00,266,260,5035,4101,12348,8248,11678,7542,9861,9848,6150,6704,2032,2481,1243,1681,335,933,198,181,4047,3428,10218,7123,9709,6521,8363,8562,5456,5973,1882,2309,1175,1596,299,859,60576,49288,8327,7523,9611,8300,14412,83,89
2021-11-15T23:59:59+01:00,264,259,5002,4080,12261,8211,11596,7504,9796,9790,6120,6672,2025,2473,1243,1679,335,932,195,181,4026,3416,10202,7113,9674,6507,8351,8544,5448,5957,1879,2307,1174,1596,299,857,60100,49141,8318,7518,9611,8300,14390,83,89
2021-11-14T23:59:59+01:00,263,254,4960,4056,12197,8179,11528,7477,9735,9754,6098,6650,2021,2471,1241,1678,335,932,194,180,4014,3405,10164,7097,9659,6498,8340,8528,5442,5950,1879,2307,1172,1595,299,857,59721,49021,8308,7513,9611,8300,14366,83,89
2021-11-13T23:59:59+01:00,261,253,4941,4042,12144,8154,11481,7458,9696,9728,6085,6638,2019,2470,1241,1677,335,932,192,180,4007,3400,10152,7089,9653,6495,8333,8525,5439,5948,1878,2306,1172,1595,299,857,59483,48985,8290,7509,9611,8299,14347,83,89
2021-11-12T23:59:59+01:00,257,247,4899,4023,12071,8114,11414,7426,9639,9689,6065,6613,2017,2464,1240,1677,335,932,190,180,3989,3389,10128,7076,9635,6482,8314,8514,5429,5943,1878,2303,1172,1595,299,857,59082,48863,8280,7506,9611,8299,14324,83,89
2021-11-11T23:59:59+01:00,255,245,4845,4004,11965,8063,11293,7384,9564,9623,6025,6572,2011,2456,1240,1675,335,931,189,179,3966,3378,10094,7059,9606,6455,8284,8493,5425,5931,1878,2302,1170,1594,299,857,58501,48691,8257,7497,9611,8299,14290,83,89
2021-11-10T23:59:59+01:00,249,243,4792,3985,11831,8004,11191,7337,9486,9570,5993,6545,2006,2450,1239,1672,335,929,187,178,3953,3366,10068,7048,9580,6441,8256,8479,5414,5926,1876,2299,1169,1591,299,857,57927,48563,8237,7492,9610,8299,14250,83,89
2021-11-09T23:59:59+01:00,249,241,4745,3959,11729,7970,11114,7300,9430,9542,5965,6516,2005,2448,1239,1672,335,929,186,175,3938,3360,10035,7040,9556,6430,8238,8456,5404,5912,1876,2296,1167,1590,299,857,57513,48440,8222,7485,9610,8298,14207,83,89
2021-11-08T23:59:59+01:00,247,237,4692,3935,11612,7940,11004,7261,9354,9483,5934,6485,2001,2445,1238,1669,335,928,185,173,3917,3353,10004,7024,9526,6414,8221,8444,5398,5904,1874,2291,1166,1589,299,857,56991,48328,8208,7473,9609,8298,14153,83,89
2021-11-07T23:59:59+01:00,246,236,4665,3921,11549,7909,10939,7244,9306,9458,5917,6469,1999,2441,1237,1668,334,928,184,172,3906,3342,9986,7016,9508,6406,8212,8434,5393,5900,1873,2290,1165,1588,299,857,56701,48262,8195,7463,9608,8298,14121,83,89
2021-11-06T23:59:59+01:00,246,235,4654,3914,11517,7897,10896,7227,9282,9443,5905,6458,1996,2439,1237,1668,334,928,184,172,3905,3338,9981,7013,9504,6402,8207,8428,5389,5898,1871,2290,1165,1588,299,857,56517,48229,8192,7463,9608,8298,14114,83,89
2021-11-05T23:59:59+01:00,245,233,4621,3894,11456,7869,10824,7193,9215,9401,5890,6441,1995,2434,1236,1667,334,928,183,172,3890,3332,9965,7000,9488,6396,8187,8416,5385,5892,1870,2288,1165,1588,299,857,56156,48148,8188,7461,9608,8298,14078,83,89
2021-11-04T23:59:59+01:00,243,231,4565,3868,11347,7811,10711,7143,9115,9351,5862,6416,1991,2428,1235,1666,334,927,182,170,3869,3321,9934,6974,9447,6372,8162,8386,5369,5877,1870,2283,1164,1588,299,857,55645,48015,8171,7458,9608,8298,13964,83,89
2021-11-03T23:59:59+01:00,242,227,4541,3846,11251,7769,10617,7112,9043,9306,5838,6394,1988,2427,1235,1665,334,926,181,167,3852,3317,9903,6956,9414,6366,8141,8370,5363,5873,1867,2276,1164,1588,299,856,55223,47906,8163,7451,9608,8298,13909,83,89
2021-11-02T23:59:59+01:00,242,226,4508,3833,11176,7739,10537,7080,8974,9275,5811,6376,1985,2424,1235,1664,334,926,180,167,3844,3305,9878,6936,9387,6355,8123,8343,5354,5863,1864,2274,1164,1586,299,854,54880,47806,8153,7444,9608,8296,13839,83,89
2021-11-01T23:59:59+01:00,241,226,4474,3817,11107,7710,10442,7050,8910,9247,5786,6353,1982,2417,1235,1662,334,925,180,167,3825,3295,9846,6914,9352,6336,8101,8330,5342,5852,1863,2274,1164,1586,299,854,54545,47701,8145,7437,9608,8296,13754,83,89
2021-10-31T23:59:59+01:00,239,226,4464,3815,11091,7703,10432,7046,8903,9240,5785,6350,1982,2417,1235,1662,334,925,179,167,3819,3295,9839,6912,9347,6334,8099,8327,5340,5849,1862,2274,1164,1586,299,854,54505,47692,8140,7436,9608,8296,13730,83,89
2021-10-30T23:59:59+02:00,238,226,4459,3813,11074,7699,10417,7043,8894,9231,5776,6346,1981,2416,1235,1662,334,925,179,167,3817,3295,9832,6909,9342,6334,8095,8326,5335,5846,1862,2274,1164,1586,299,854,54444,47683,8140,7435,9608,8296,13709,83,89
2021-10-29T23:59:59+02:00,237,226,4412,3800,10994,7674,10339,7011,8847,9191,5757,6333,1981,2412,1235,1662,333,924,178,167,3796,3289,9798,6903,9315,6326,8077,8314,5328,5839,1860,2274,1164,1586,299,853,54136,47621,8131,7432,9608,8296,13622,83,89
2021-10-28T23:59:59+02:00,236,224,4372,3784,10892,7645,10232,6975,8786,9137,5732,6306,1979,2405,1233,1662,333,924,178,166,3777,3278,9750,6878,9263,6299,8046,8287,5314,5828,1859,2270,1164,1586,298,853,53777,47501,8115,7419,9608,8296,13476,83,89
2021-10-27T23:59:59+02:00,236,223,4349,3776,10834,7623,10181,6938,8730,9104,5713,6287,1976,2402,1233,1661,333,924,177,166,3760,3268,9718,6857,9240,6285,8028,8270,5305,5816,1856,2269,1163,1583,298,852,53517,47388,8102,7409,9608,8295,13413,83,89
2021-10-26T23:59:59+02:00,235,222,4314,3759,10790,7593,10131,6909,8687,9057,5692,6272,1974,2399,1232,1660,333,923,175,166,3745,3260,9681,6836,9210,6270,8006,8248,5294,5809,1854,2269,1161,1579,298,851,53257,47262,8093,7408,9608,8295,13336,83,89
2021-10-25T23:59:59+02:00,234,222,4309,3754,10774,7587,10109,6894,8672,9037,5689,6265,1972,2398,1232,1660,333,923,175,166,3743,3259,9671,6826,9192,6260,7995,8233,5290,5806,1853,2269,1160,1579,298,851,53186,47224,8092,7406,9608,8295,13289,83,89
2021-10-24T23:59:59+02:00,231,221,4299,3742,10733,7570,10078,6874,8653,9013,5683,6256,1970,2398,1231,1660,333,923,174,166,3735,3254,9649,6819,9173,6248,7985,8219,5285,5802,1853,2268,1160,1578,298,851,53042,47168,8086,7402,9607,8293,13241,83,89
2021-10-23T23:59:59+02:00,228,221,4294,3738,10712,7568,10067,6866,8648,9003,5681,6251,1970,2398,1231,1660,333,923,174,166,3733,3252,9641,6818,9167,6244,7979,8216,5283,5801,1853,2268,1160,1578,298,851,52983,47151,8085,7400,9607,8293,13225,83,89
2021-10-22T23:59:59+02:00,227,220,4275,3726,10677,7552,10039,6851,8623,8969,5670,6230,1970,2397,1231,1660,333,923,173,165,3725,3250,9620,6806,9146,6233,7968,8203,5275,5791,1852,2264,1160,1577,298,851,52815,47078,8081,7396,9607,8293,13175,83,89
2021-10-21T23:59:59+02:00,221,218,4255,3713,10614,7531,9994,6814,8592,8923,5661,6204,1969,2395,1230,1659,333,923,172,165,3695,3236,9572,6791,9118,6214,7942,8178,5260,5776,1850,2261,1159,1576,298,851,52576,46918,8069,7387,9607,8293,13100,83,89
2021-10-20T23:59:59+02:00,221,218,4246,3703,10595,7518,9964,6798,8565,8902,5652,6191,1966,2392,1230,1659,333,923,171,164,3684,3221,9544,6777,9093,6200,7926,8165,5252,5766,1847,2260,1159,1574,298,849,52436,46793,8066,7380,9607,8292,13069,82,89
2021-10-19T23:59:59+02:00,218,217,4234,3697,10577,7511,9937,6786,8550,8889,5644,6185,1965,2391,1230,1659,333,922,165,162,3673,3205,9524,6761,9078,6185,7914,8152,5239,5756,1847,2255,1158,1573,298,849,52336,46661,8057,7375,9607,8292,13046,82,89
2021-10-18T23:59:59+02:00,218,214,4218,3690,10563,7503,9919,6778,8539,8878,5639,6172,1964,2388,1228,1658,333,922,165,162,3661,3191,9505,6746,9062,6179,7905,8144,5238,5744,1843,2251,1158,1573,298,847,52239,46568,8053,7365,9607,8291,13024,82,89
2021-10-17T23:59:59+02:00,218,212,4207,3686,10553,7496,9906,6774,8531,8875,5638,6168,1963,2388,1228,1658,333,921,165,159,3649,3183,9494,6741,9054,6173,7894,8135,5236,5739,1842,2247,1156,1573,298,847,52189,46499,8048,7361,9607,8290,13009,82,89
2021-10-16T23:59:59+02:00,218,212,4205,3684,10547,7493,9904,6773,8528,8870,5636,6166,1962,2387,1227,1657,333,921,165,158,3648,3182,9490,6739,9054,6173,7891,8134,5235,5739,1842,2247,1156,1573,298,847,52166,46492,8045,7361,9607,8289,13003,82,89
2021-10-15T23:59:59+02:00,216,212,4193,3677,10532,7485,9891,6767,8519,8855,5628,6159,1961,2387,1227,1657,333,921,165,156,3637,3178,9479,6728,9042,6165,7884,8128,5228,5735,1842,2247,1156,1572,298,847,52078,46425,8041,7358,9607,8289,12987,82,89
2021-10-14T23:59:59+02:00,215,212,4180,3670,10504,7468,9862,6748,8496,8835,5619,6149,1960,2383,1227,1656,333,921,164,153,3611,3169,9448,6702,9010,6141,7860,8115,5217,5724,1841,2242,1153,1572,298,847,51952,46266,8032,7344,9607,8287,12940,82,89
2021-10-13T23:59:59+02:00,213,212,4166,3663,10486,7454,9844,6739,8481,8819,5611,6142,1959,2382,1227,1654,333,921,161,153,3596,3160,9419,6689,8994,6129,7843,8104,5208,5717,1841,2242,1152,1570,298,847,51858,46163,8028,7337,9607,8287,12906,82,89
2021-10-12T23:59:59+02:00,211,211,4160,3658,10468,7447,9825,6729,8468,8801,5597,6132,1958,2380,1226,1653,333,921,160,151,3589,3148,9396,6671,8969,6114,7826,8092,5193,5707,1836,2237,1152,1569,298,847,51756,46023,8023,7333,9607,8286,12883,82,89
2021-10-11T23:59:59+02:00,211,209,4147,3651,10442,7438,9801,6713,8459,8782,5591,6121,1957,2378,1226,1653,333,921,158,151,3577,3137,9356,6657,8938,6095,7808,8072,5185,5697,1835,2236,1152,1569,298,847,51661,45886,8013,7322,9607,8285,12842,82,89
2021-10-10T23:59:59+02:00,210,207,4136,3648,10434,7425,9794,6702,8449,8771,5588,6112,1956,2378,1224,1653,333,921,157,151,3566,3134,9337,6648,8927,6087,7795,8066,5179,5690,1833,2235,1152,1568,298,847,51598,45809,8003,7320,9607,8284,12823,82,89
2021-10-09T23:59:59+02:00,210,207,4135,3647,10430,7424,9781,6697,8446,8769,5586,6112,1956,2377,1224,1653,333,921,157,149,3563,3131,9335,6646,8918,6081,7791,8065,5174,5689,1833,2235,1152,1568,298,847,51582,45791,8002,7317,9607,8282,12807,82,89
2021-10-08T23:59:59+02:00,208,206,4126,3638,10409,7415,9768,6685,8432,8752,5579,6105,1955,2376,1224,1652,333,921,157,149,3555,3123,9315,6639,8901,6072,7785,8049,5164,5686,1830,2232,1151,1567,298,847,51491,45712,7998,7314,9607,8282,12776,82,89
2021-10-07T23:59:59+02:00,207,204,4109,3626,10384,7398,9728,6674,8412,8731,5574,6099,1954,2371,1224,1652,333,921,157,148,3530,3100,9272,6622,8875,6061,7762,8019,5146,5675,1827,2226,1151,1567,298,847,51354,45530,7991,7297,9607,8282,12735,82,89
2021-10-06T23:59:59+02:00,205,203,4100,3617,10356,7381,9712,6667,8402,8723,5567,6091,1952,2366,1224,1650,333,920,156,148,3514,3088,9247,6611,8856,6050,7753,8006,5144,5665,1825,2222,1151,1566,298,846,51255,45426,7987,7292,9607,8281,12705,82,89
2021-10-05T23:59:59+02:00,204,202,4083,3607,10340,7365,9692,6655,8382,8699,5559,6084,1951,2364,1224,1649,333,920,155,148,3497,3076,9226,6598,8832,6036,7730,7981,5133,5656,1823,2218,1150,1564,298,845,51144,45292,7983,7285,9607,8281,12663,82,89
2021-10-04T23:59:59+02:00,203,201,4058,3598,10314,7350,9657,6638,8364,8685,5551,6075,1949,2364,1223,1644,333,918,154,148,3482,3067,9199,6579,8797,6019,7708,7952,5123,5641,1822,2216,1149,1562,297,845,51025,45151,7974,7281,9607,8281,12600,82,89
2021-10-03T23:59:59+02:00,203,200,4044,3593,10289,7335,9645,6627,8350,8672,5549,6068,1947,2361,1222,1643,332,918,154,148,3468,3061,9171,6568,8784,6010,7699,7939,5118,5636,1821,2212,1149,1561,296,845,50948,45086,7973,7278,9607,8277,12551,82,89
2021-10-02T23:59:59+02:00,202,200,4042,3592,10288,7333,9641,6626,8348,8671,5547,6066,1946,2360,1222,1643,332,918,154,148,3465,3060,9167,6567,8782,6010,7695,7938,5117,5632,1820,2211,1149,1561,296,845,50938,45075,7971,7277,9607,8275,12542,82,89
2021-10-01T23:59:59+02:00,200,199,4032,3588,10269,7325,9625,6615,8338,8657,5543,6057,1942,2356,1222,1643,332,917,152,147,3447,3052,9148,6555,8765,5998,7686,7927,5111,5625,1818,2211,1149,1561,296,845,50867,45001,7968,7273,9607,8271,12499,82,89
2021-09-30T23:59:59+02:00,200,198,3999,3572,10221,7302,9585,6586,8310,8629,5526,6043,1939,2353,1221,1643,332,916,150,146,3423,3029,9100,6526,8728,5976,7670,7893,5095,5611,1816,2205,1149,1561,296,844,50693,44858,7960,7246,9607,8268,12392,82,89
2021-09-29T23:59:59+02:00,200,196,3980,3559,10176,7286,9567,6565,8296,8600,5517,6037,1937,2350,1220,1641,332,915,150,145,3403,3019,9065,6517,8711,5955,7657,7873,5083,5598,1816,2203,1149,1560,296,844,50564,44760,7951,7239,9607,8264,12322,82,89
2021-09-28T23:59:59+02:00,198,196,3968,3550,10133,7266,9536,6551,8268,8564,5508,6020,1937,2343,1220,1640,332,913,147,144,3386,3005,9036,6497,8689,5939,7629,7846,5075,5585,1816,2197,1149,1559,296,843,50429,44650,7943,7233,9607,8262,12231,82,89
2021-09-27T23:59:59+02:00,195,196,3947,3533,10097,7235,9512,6526,8247,8534,5494,6008,1934,2331,1219,1640,331,912,147,142,3366,2991,8991,6469,8658,5911,7604,7816,5063,5577,1813,2188,1148,1558,296,842,50299,44512,7934,7230,9607,8258,12116,82,89
2021-09-26T23:59:59+02:00,193,196,3939,3524,10076,7225,9501,6517,8234,8522,5489,6002,1929,2330,1217,1639,331,912,146,141,3357,2985,8970,6464,8649,5900,7592,7809,5056,5567,1810,2187,1148,1557,296,841,50226,44453,7933,7226,9606,8254,12075,82,89
2021-09-25T23:59:59+02:00,193,195,3933,3523,10067,7221,9497,6514,8228,8521,5485,6002,1929,2329,1217,1638,331,912,146,140,3350,2982,8963,6460,8645,5898,7588,7804,5054,5566,1810,2186,1147,1554,296,841,50207,44433,7931,7224,9606,8251,12055,82,89
2021-09-24T23:59:59+02:00,192,192,3920,3516,10033,7208,9481,6503,8204,8502,5477,5990,1927,2327,1217,1637,331,912,145,140,3337,2971,8935,6446,8631,5887,7565,7789,5047,5557,1809,2182,1147,1554,296,841,50121,44367,7929,7219,9606,8251,11974,82,89
2021-09-23T23:59:59+02:00,190,189,3882,3496,9964,7176,9425,6459,8165,8452,5459,5970,1921,2320,1215,1634,331,912,145,139,3308,2954,8875,6414,8577,5851,7525,7742,5029,5540,1802,2178,1146,1552,296,841,49960,44258,7920,7210,9606,8247,11726,82,89
2021-09-22T23:59:59+02:00,187,189,3858,3480,9931,7158,9398,6436,8130,8436,5440,5960,1919,2316,1214,1634,331,912,142,136,3286,2947,8843,6394,8550,5836,7494,7721,5012,5534,1797,2171,1144,1552,296,840,49825,44134,7915,7207,9604,8241,11634,82,89
2021-09-21T23:59:59+02:00,186,188,3839,3467,9904,7136,9350,6414,8096,8408,5425,5949,1918,2316,1214,1634,331,912,141,136,3262,2933,8805,6367,8503,5820,7458,7687,4996,5514,1796,2170,1143,1551,296,840,49701,43975,7906,7199,9604,8241,11521,82,89
2021-09-20T23:59:59+02:00,184,188,3812,3453,9864,7118,9310,6392,8062,8376,5417,5933,1914,2313,1214,1634,331,910,141,135,3241,2909,8761,6347,8461,5796,7423,7654,4988,5494,1793,2168,1142,1550,295,840,49563,43830,7903,7194,9604,8235,11393,82,89
2021-09-19T23:59:59+02:00,184,188,3796,3444,9829,7111,9293,6384,8056,8366,5410,5926,1912,2310,1212,1632,331,909,139,135,3232,2900,8730,6336,8438,5788,7408,7639,4981,5486,1792,2164,1141,1549,295,839,49498,43759,7897,7188,9604,8230,11327,82,89
2021-09-18T23:59:59+02:00,184,187,3793,3444,9824,7109,9286,6381,8050,8364,5408,5925,1912,2310,1212,1632,331,909,139,135,3225,2896,8721,6334,8425,5785,7401,7637,4977,5481,1792,2164,1141,1548,295,839,49486,43717,7896,7187,9603,8230,11308,82,89
2021-09-17T23:59:59+02:00,184,186,3776,3435,9784,7097,9258,6368,8028,8351,5397,5916,1911,2305,1210,1632,331,909,139,135,3211,2887,8679,6321,8397,5774,7378,7627,4968,5472,1792,2163,1140,1548,295,839,49393,43644,7889,7175,9601,8227,11223,82,89
2021-09-16T23:59:59+02:00,184,186,3751,3411,9726,7070,9211,6342,7991,8313,5377,5902,1909,2300,1209,1632,331,908,139,134,3196,2876,8637,6300,8363,5751,7356,7601,4953,5463,1790,2162,1140,1548,294,837,49180,43523,7864,7165,9599,8219,11135,82,89
2021-09-15T23:59:59+02:00,182,185,3730,3400,9686,7050,9177,6317,7961,8295,5370,5882,1906,2296,1206,1631,330,906,137,134,3180,2871,8603,6279,8330,5723,7320,7581,4935,5446,1787,2158,1140,1545,292,834,49025,43375,7857,7157,9599,8215,11047,82,89
2021-09-14T23:59:59+02:00,181,184,3704,3380,9643,7024,9132,6287,7931,8263,5358,5864,1903,2293,1206,1629,329,906,137,133,3158,2856,8563,6251,8291,5705,7294,7557,4921,5429,1786,2158,1139,1542,292,833,48851,43242,7845,7148,9599,8212,10938,82,89
2021-09-13T23:59:59+02:00,178,184,3686,3366,9604,7005,9101,6263,7913,8227,5342,5848,1901,2289,1206,1629,329,905,135,131,3139,2847,8533,6233,8274,5692,7284,7535,4913,5423,1785,2154,1139,1540,292,833,48682,43135,7825,7142,9599,8211,10884,82,89
2021-09-12T23:59:59+02:00,178,183,3670,3365,9581,6992,9091,6253,7904,8211,5335,5841,1900,2287,1205,1626,329,904,134,130,3124,2838,8509,6220,8265,5681,7268,7518,4909,5415,1781,2153,1139,1540,292,832,48601,43053,7824,7137,9599,8203,10844,82,89
2021-09-11T23:59:59+02:00,178,183,3667,3362,9574,6988,9088,6249,7903,8209,5332,5839,1899,2286,1204,1626,329,904,133,130,3122,2837,8502,6217,8263,5677,7267,7514,4908,5413,1781,2153,1139,1540,292,832,48582,43039,7823,7137,9598,8203,10828,82,89
2021-09-10T23:59:59+02:00,177,180,3638,3355,9546,6966,9062,6236,7879,8187,5320,5818,1895,2283,1204,1626,329,904,132,127,3105,2831,8474,6191,8237,5662,7245,7494,4894,5394,1780,2152,1139,1538,292,832,48487,42965,7819,7131,9598,8202,10706,82,89
2021-09-09T23:59:59+02:00,175,179,3620,3340,9493,6939,9023,6212,7856,8148,5303,5807,1893,2280,1204,1626,329,904,130,126,3094,2822,8437,6165,8210,5641,7219,7462,4880,5379,1779,2148,1139,1538,292,832,48316,42853,7811,7119,9597,8193,10609,82,88
2021-09-08T23:59:59+02:00,174,177,3600,3331,9459,6929,8999,6183,7838,8117,5288,5790,1889,2278,1203,1624,329,903,128,124,3076,2810,8393,6147,8176,5617,7191,7423,4870,5355,1778,2146,1138,1538,292,832,48211,42716,7804,7110,9596,8189,10498,82,88
2021-09-07T23:59:59+02:00,173,175,3575,3322,9432,6906,8971,6163,7816,8098,5272,5778,1889,2276,1202,1623,329,899,126,123,3057,2802,8366,6123,8152,5593,7173,7399,4855,5342,1775,2142,1137,1537,292,832,48064,42587,7802,7100,9596,8183,10432,82,88
2021-09-06T23:59:59+02:00,173,175,3558,3312,9401,6888,8942,6148,7797,8070,5265,5766,1886,2267,1199,1623,328,899,126,123,3039,2789,8339,6109,8126,5581,7155,7371,4847,5327,1771,2140,1137,1537,292,832,47929,42476,7800,7095,9595,8182,10363,82,88
2021-09-05T23:59:59+02:00,173,174,3547,3307,9390,6880,8928,6138,7795,8060,5258,5756,1885,2265,1199,1623,328,898,126,122,3029,2787,8323,6094,8116,5569,7148,7363,4837,5320,1769,2139,1137,1536,292,832,47874,42417,7796,7088,9593,8181,10328,82,88
2021-09-04T23:59:59+02:00,173,173,3541,3304,9386,6875,8921,6137,7791,8059,5258,5755,1885,2265,1199,1623,328,898,125,122,3025,2783,8318,6088,8110,5569,7141,7361,4836,5319,1767,2138,1136,1536,292,832,47858,42396,7796,7085,9593,8180,10311,82,88
2021-09-03T23:59:59+02:00,171,172,3525,3286,9355,6866,8900,6120,7772,8043,5245,5740,1881,2262,1199,1622,328,896,124,119,3010,2767,8291,6074,8085,5549,7119,7337,4823,5299,1762,2136,1136,1534,292,830,47775,42302,7784,7063,9593,8179,10215,82,88
2021-09-02T23:59:59+02:00,171,170,3498,3268,9307,6841,8860,6101,7750,8018,5232,5722,1876,2256,1197,1621,328,895,123,117,2991,2754,8245,6055,8047,5529,7094,7308,4814,5278,1757,2131,1134,1533,292,827,47640,42189,7775,7051,9591,8175,10086,82,87
2021-09-01T23:59:59+02:00,168,170,3480,3257,9269,6827,8830,6088,7729,8001,5223,5714,1874,2254,1196,1618,328,895,120,115,2972,2746,8198,6033,8010,5509,7063,7288,4803,5264,1753,2129,1133,1530,292,827,47527,42036,7762,7029,9591,8172,10017,82,87
2021-08-31T23:59:59+02:00,166,169,3467,3247,9230,6804,8811,6078,7709,7980,5215,5704,1870,2252,1195,1617,328,894,119,113,2954,2734,8152,6011,7990,5490,7036,7260,4791,5245,1749,2127,1132,1530,292,827,47426,41909,7756,7019,9591,8156,9932,82,87
2021-08-30T23:59:59+02:00,165,169,3438,3227,9192,6776,8768,6056,7670,7945,5201,5687,1865,2250,1194,1617,328,894,119,112,2923,2721,8106,5987,7952,5471,7000,7237,4779,5226,1745,2123,1131,1530,291,826,47261,41774,7755,7009,9589,8154,9801,82,87
2021-08-29T23:59:59+02:00,164,169,3424,3212,9163,6767,8747,6047,7660,7935,5193,5677,1863,2247,1194,1617,327,894,119,109,2903,2698,8067,5978,7931,5452,6986,7223,4769,5221,1743,2122,1129,1529,290,826,47189,41669,7749,6998,9588,8149,9734,82,87
2021-08-28T23:59:59+02:00,163,169,3418,3211,9160,6765,8739,6046,7653,7933,5193,5675,1863,2246,1194,1616,327,894,119,108,2898,2693,8062,5974,7924,5448,6980,7219,4766,5220,1743,2122,1129,1528,290,826,47173,41643,7748,6997,9588,8149,9714,82,87
2021-08-27T23:59:59+02:00,162,169,3405,3207,9139,6755,8713,6037,7635,7924,5181,5667,1863,2246,1194,1615,327,894,119,107,2879,2687,8041,5966,7901,5433,6967,7212,4757,5213,1743,2122,1128,1526,290,826,47110,41579,7747,6995,9587,8148,9644,82,87
2021-08-26T23:59:59+02:00,162,167,3375,3195,9095,6732,8677,6023,7610,7902,5166,5654,1860,2243,1194,1614,327,893,116,104,2853,2666,7995,5935,7847,5403,6927,7183,4731,5198,1738,2116,1128,1525,290,826,46965,41374,7740,6977,9586,8126,9542,82,87
2021-08-25T23:59:59+02:00,158,165,3358,3185,9057,6713,8641,6005,7586,7879,5152,5632,1858,2239,1194,1612,327,893,113,101,2816,2644,7944,5898,7798,5364,6890,7144,4715,5169,1737,2110,1127,1524,290,826,46848,41126,7733,6969,9585,8118,9428,82,87
2021-08-24T23:59:59+02:00,158,164,3352,3176,9039,6696,8622,5987,7571,7856,5142,5621,1855,2238,1193,1609,327,891,112,101,2795,2622,7912,5863,7764,5341,6863,7116,4698,5152,1736,2108,1127,1523,290,825,46774,40951,7728,6960,9585,8113,9348,82,87
2021-08-23T23:59:59+02:00,157,159,3325,3157,8997,6674,8579,5966,7542,7827,5130,5607,1854,2236,1191,1606,327,890,111,100,2765,2599,7867,5822,7723,5324,6830,7084,4684,5136,1732,2108,1127,1521,289,825,46626,40783,7719,6946,9582,8107,9225,82,87
2021-08-22T23:59:59+02:00,157,159,3312,3149,8983,6657,8566,5959,7523,7815,5123,5601,1853,2235,1190,1606,327,890,110,100,2749,2584,7836,5799,7703,5311,6810,7063,4680,5126,1727,2103,1126,1521,288,825,46555,40651,7712,6936,9582,8104,9180,82,87
2021-08-21T23:59:59+02:00,156,159,3303,3141,8970,6648,8556,5957,7517,7811,5121,5595,1852,2235,1190,1605,327,890,105,98,2739,2576,7817,5790,7684,5301,6798,7055,4672,5116,1726,2101,1125,1521,288,825,46500,40573,7709,6908,9582,8103,9161,82,87
2021-08-20T23:59:59+02:00,155,157,3292,3132,8943,6630,8521,5937,7498,7788,5109,5582,1850,2232,1190,1604,327,888,103,96,2708,2560,7769,5756,7644,5269,6760,7016,4656,5094,1721,2097,1124,1518,288,823,46421,40392,7700,6868,9581,8093,9050,82,87
2021-08-19T23:59:59+02:00,154,154,3273,3119,8899,6605,8487,5917,7475,7760,5096,5563,1844,2229,1189,1602,327,887,97,91,2664,2539,7690,5708,7584,5231,6712,6958,4627,5061,1716,2093,1124,1517,288,823,46290,40058,7687,6836,9579,8084,8935,82,87
2021-08-18T23:59:59+02:00,153,152,3263,3109,8878,6586,8455,5904,7441,7742,5083,5554,1839,2227,1189,1602,326,886,95,89,2637,2519,7626,5671,7523,5195,6668,6925,4602,5037,1711,2088,1122,1517,288,823,46178,39809,7682,6782,9578,8072,8857,82,87
2021-08-17T23:59:59+02:00,152,152,3246,3098,8854,6559,8430,5888,7430,7718,5072,5541,1836,2225,1188,1601,325,886,91,86,2607,2502,7563,5621,7482,5157,6638,6885,4582,5016,1702,2083,1121,1513,287,823,46056,39532,7675,6741,9577,8064,8797,82,87
2021-08-16T23:59:59+02:00,150,151,3234,3086,8830,6544,8409,5881,7415,7702,5059,5528,1835,2224,1188,1601,325,886,84,84,2578,2472,7482,5577,7409,5123,6586,6842,4549,4991,1700,2079,1119,1512,287,823,45961,39150,7670,6725,9577,8052,8741,82,87
2021-08-15T23:59:59+02:00,149,150,3226,3073,8802,6534,8391,5871,7396,7688,5053,5516,1833,2221,1188,1600,325,886,76,81,2540,2437,7416,5543,7373,5095,6544,6811,4535,4978,1695,2074,1118,1510,287,823,45866,38849,7663,6704,9576,8046,8698,82,87
2021-08-14T23:59:59+02:00,148,150,3219,3068,8791,6531,8385,5870,7395,7684,5050,5514,1831,2220,1188,1599,325,886,76,79,2528,2428,7389,5530,7361,5084,6537,6796,4517,4968,1690,2071,1118,1508,287,822,45847,38744,7663,6690,9576,8045,8668,82,87
2021-08-13T23:59:59+02:00,148,149,3203,3064,8769,6523,8376,5857,7381,7670,5041,5505,1831,2216,1187,1598,325,886,76,77,2491,2408,7339,5499,7325,5058,6497,6765,4506,4953,1689,2067,1116,1508,287,822,45776,38505,7662,6675,9576,8044,8612,82,87
2021-08-12T23:59:59+02:00,146,144,3185,3056,8741,6505,8345,5838,7358,7648,5025,5490,1828,2215,1184,1596,325,886,75,76,2446,2372,7246,5450,7271,5018,6447,6716,4480,4923,1684,2064,1113,1507,286,822,45671,38171,7654,6641,9574,8018,8511,81,87
2021-08-11T23:59:59+02:00,144,142,3167,3039,8704,6477,8321,5825,7336,7628,5015,5475,1826,2213,1183,1595,325,886,73,74,2414,2339,7166,5388,7191,4973,6388,6651,4458,4884,1679,2055,1111,1505,286,820,45543,37728,7643,6605,9569,8011,8439,81,87
2021-08-10T23:59:59+02:00,144,141,3148,3027,8673,6465,8292,5805,7306,7612,4997,5466,1822,2213,1183,1593,325,885,72,70,2338,2281,7038,5325,7100,4901,6291,6585,4412,4859,1668,2047,1108,1502,286,819,45431,37091,7635,6578,9566,7996,8356,81,87
2021-08-09T23:59:59+02:00,141,141,3127,3017,8642,6442,8265,5794,7279,7593,4988,5452,1821,2212,1183,1593,325,884,68,69,2274,2216,6922,5243,6999,4856,6219,6527,4383,4823,1662,2037,1107,1501,286,819,45341,36579,7629,6516,9565,7973,8252,81,87
2021-08-08T23:59:59+02:00,141,140,3114,3009,8623,6434,8248,5781,7267,7584,4981,5448,1817,2212,1183,1593,325,884,68,68,2250,2188,6855,5209,6953,4829,6180,6504,4372,4806,1652,2033,1106,1499,286,819,45279,36344,7627,6470,9562,7962,8202,81,87
2021-08-07T23:59:59+02:00,140,139,3108,3002,8604,6421,8232,5770,7258,7574,4975,5443,1815,2212,1182,1593,325,884,65,61,2214,2166,6778,5158,6895,4795,6144,6466,4356,4792,1647,2031,1106,1496,286,819,45218,36018,7622,6442,9562,7954,8159,81,87
2021-08-06T23:59:59+02:00,140,138,3095,2991,8577,6409,8199,5746,7239,7549,4963,5429,1811,2210,1182,1592,325,884,59,57,2174,2125,6668,5085,6814,4759,6099,6426,4334,4771,1644,2028,1105,1493,286,819,45154,35645,7603,6415,9562,7938,8043,81,86
2021-08-05T23:59:59+02:00,139,136,3072,2975,8552,6384,8155,5727,7214,7523,4944,5406,1807,2207,1180,1588,325,883,55,53,2133,2074,6534,4972,6695,4703,6027,6359,4293,4730,1637,2021,1102,1491,286,819,45015,35141,7594,6319,9561,7879,7923,81,86
2021-08-04T23:59:59+02:00,136,132,3031,2953,8483,6346,8115,5699,7183,7494,4928,5390,1803,2202,1177,1587,325,883,55,47,2073,2036,6402,4900,6572,4647,5954,6291,4263,4691,1627,2014,1097,1488,286,818,44794,34616,7579,6268,9561,7845,7794,81,86
2021-08-03T23:59:59+02:00,134,131,3013,2933,8453,6329,8081,5680,7160,7468,4915,5377,1799,2201,1176,1584,325,883,52,47,2038,2007,6306,4833,6465,4593,5882,6232,4222,4647,1621,2007,1096,1486,286,818,44643,34126,7574,6222,9560,7820,7721,81,85
2021-08-02T23:59:59+02:00,134,131,2990,2907,8417,6305,8057,5667,7136,7452,4898,5367,1795,2197,1175,1584,324,883,51,46,2010,1971,6168,4739,6348,4528,5809,6177,4175,4613,1614,1992,1095,1483,285,817,44495,33533,7567,6179,9559,7796,7651,81,83
2021-08-01T23:59:59+02:00,134,130,2974,2891,8388,6282,8042,5650,7124,7444,4893,5358,1794,2196,1173,1584,324,883,49,45,1987,1949,6089,4687,6281,4479,5765,6152,4160,4592,1612,1989,1093,1480,285,817,44398,33217,7555,6150,9559,7772,7602,81,82
2021-07-31T23:59:59+02:00,132,129,2967,2884,8374,6276,8032,5646,7117,7435,4892,5355,1793,2196,1173,1584,324,883,46,34,1945,1907,5986,4620,6213,4430,5712,6115,4131,4569,1607,1986,1093,1479,285,817,44357,32719,7553,6137,9559,7765,7573,81,82
2021-07-30T23:59:59+02:00,128,127,2959,2875,8344,6260,8017,5630,7096,7419,4885,5348,1792,2194,1173,1583,324,883,42,33,1925,1882,5899,4574,6145,4375,5655,6065,4105,4550,1603,1984,1092,1476,285,817,44270,32337,7539,6110,9558,7754,7516,81,82
2021-07-29T23:59:59+02:00,126,125,2926,2857,8287,6221,7976,5584,7066,7378,4860,5328,1790,2189,1171,1582,324,883,37,29,1881,1852,5765,4467,6006,4298,5562,5979,4055,4499,1596,1974,1089,1474,285,817,44070,31732,7523,6051,9552,7715,7366,81,82
2021-07-28T23:59:59+02:00,123,122,2905,2843,8257,6193,7951,5558,7044,7354,4847,5312,1786,2187,1170,1580,323,882,36,26,1843,1807,5656,4391,5890,4225,5479,5905,4019,4466,1584,1966,1088,1472,285,816,43893,31161,7513,5993,9548,7668,7319,81,82
2021-07-27T23:59:59+02:00,119,121,2889,2824,8216,6176,7916,5538,7026,7337,4835,5300,1786,2185,1170,1579,322,882,34,26,1795,1775,5511,4300,5762,4143,5382,5837,3979,4415,1576,1955,1087,1469,284,815,43775,30544,7497,5912,9546,7623,7238,81,82
2021-07-26T23:59:59+02:00,117,119,2863,2808,8181,6152,7881,5521,7005,7315,4828,5289,1784,2184,1168,1579,322,882,34,26,1750,1718,5364,4232,5660,4074,5306,5765,3922,4380,1573,1943,1086,1464,283,814,43632,29955,7473,5839,9543,7572,7180,81,82
2021-07-25T23:59:59+02:00,111,117,2846,2795,8146,6131,7854,5513,6984,7297,4818,5283,1782,2181,1167,1578,322,881,31,23,1723,1692,5304,4185,5601,4042,5256,5728,3889,4356,1568,1938,1085,1463,283,813,43489,29656,7466,5804,9541,7533,7132,81,82
2021-07-24T23:59:59+02:00,111,115,2834,2781,8121,6118,7830,5499,6970,7284,4808,5278,1780,2178,1167,1578,322,881,30,23,1704,1668,5252,4162,5526,3993,5213,5703,3867,4348,1566,1936,1083,1460,283,812,43407,29443,7443,5710,9540,7532,7083,81,82
2021-07-23T23:59:59+02:00,109,113,2809,2760,8065,6096,7801,5475,6932,7258,4789,5264,1778,2174,1165,1578,322,881,26,20,1643,1632,5101,4052,5389,3925,5139,5632,3814,4317,1563,1926,1081,1455,282,812,43235,28769,7435,5681,9538,7511,6969,81,82
2021-07-22T23:59:59+02:00,106,110,2774,2731,7993,6047,7746,5438,6882,7209,4755,5240,1770,2167,1164,1577,322,880,25,19,1592,1594,4925,3971,5232,3844,4978,5550,3734,4263,1549,1915,1076,1453,281,811,42915,28097,7409,5529,9528,7440,6854,81,82
2021-07-21T23:59:59+02:00,105,107,2745,2718,7926,6014,7693,5400,6822,7169,4732,5216,1762,2160,1163,1574,322,878,25,17,1554,1546,4800,3884,5093,3778,4875,5444,3661,4221,1536,1903,1073,1452,281,809,42660,27599,7367,5313,9521,7381,6741,81,81
2021-07-20T23:59:59+02:00,105,107,2724,2693,7871,5981,7658,5371,6782,7128,4711,5196,1758,2156,1163,1573,322,877,24,17,1520,1511,4667,3806,5001,3724,4771,5364,3610,4189,1531,1893,1071,1451,281,808,42412,27083,7359,5234,9518,7322,6664,81,81
2021-07-19T23:59:59+02:00,104,107,2700,2668,7812,5939,7607,5352,6737,7095,4694,5179,1752,2149,1161,1569,321,876,23,14,1496,1484,4585,3753,4914,3685,4699,5302,3574,4160,1525,1885,1067,1448,279,807,42119,26750,7344,5104,9515,7281,6617,81,81
2021-07-18T23:59:59+02:00,104,104,2674,2643,7743,5907,7573,5325,6697,7058,4677,5169,1746,2142,1158,1569,320,875,21,14,1475,1459,4539,3714,4875,3651,4649,5274,3540,4147,1519,1876,1066,1448,279,805,41821,26536,7331,5024,9510,7254,6583,81,80
2021-07-17T23:59:59+02:00,99,100,2661,2625,7726,5894,7556,5307,6679,7042,4655,5157,1742,2141,1158,1568,320,873,21,14,1460,1444,4499,3683,4823,3625,4611,5242,3511,4135,1514,1873,1066,1446,279,805,41709,26355,7321,4966,9507,7246,6525,81,80
2021-07-16T23:59:59+02:00,99,97,2622,2602,7663,5858,7493,5267,6632,6999,4627,5130,1736,2135,1156,1567,320,873,20,13,1417,1413,4397,3624,4728,3580,4520,5185,3448,4090,1501,1865,1061,1444,279,804,41517,25992,7298,4929,9499,7178,6311,81,80
2021-07-15T23:59:59+02:00,96,93,2573,2576,7589,5824,7437,5227,6584,6945,4609,5102,1732,2130,1154,1564,319,873,18,13,1358,1379,4185,3508,4538,3474,4374,5086,3386,4024,1490,1855,1056,1439,278,804,41192,25256,7279,4694,9492,7110,6203,80,80
2021-07-14T23:59:59+02:00,95,90,2539,2559,7514,5794,7364,5192,6530,6896,4583,5080,1726,2123,1152,1562,319,873,17,13,1310,1337,4047,3414,4426,3403,4261,5014,3336,3979,1479,1844,1053,1435,278,804,40870,24715,7257,4585,9490,7032,6102,80,80
2021-07-13T23:59:59+02:00,91,87,2504,2530,7461,5761,7299,5148,6490,6844,4563,5062,1716,2117,1150,1562,319,873,16,11,1274,1294,3924,3310,4297,3331,4168,4925,3276,3919,1452,1836,1050,1428,277,802,40543,24193,7248,4427,9488,6918,6019,80,80
2021-07-12T23:59:59+02:00,86,87,2478,2502,7384,5719,7227,5102,6437,6802,4533,5036,1711,2114,1147,1562,319,873,15,11,1241,1268,3810,3220,4173,3258,4065,4843,3222,3873,1439,1826,1046,1420,277,802,40181,23703,7233,4296,9484,6830,5934,79,79
2021-07-11T23:59:59+02:00,80,84,2463,2486,7346,5692,7197,5076,6409,6783,4525,5029,1708,2110,1145,1562,318,873,15,11,1228,1249,3757,3172,4114,3221,4011,4813,3196,3859,1428,1813,1044,1416,276,802,40057,23506,7213,4254,9479,6767,5847,78,79
2021-07-10T23:59:59+02:00,79,83,2434,2451,7261,5652,7130,5037,6357,6748,4501,5017,1704,2106,1145,1559,318,872,15,11,1202,1230,3696,3129,4065,3191,3972,4781,3178,3845,1420,1806,1044,1414,276,802,39800,23311,7186,4253,9467,6752,5701,78,79
2021-07-09T23:59:59+02:00,78,80,2408,2432,7189,5614,7085,5009,6311,6717,4484,4994,1702,2100,1145,1558,318,872,11,7,1177,1212,3641,3078,4012,3145,3916,4740,3151,3815,1418,1790,1042,1412,276,802,39568,23052,7157,4217,9457,6695,5605,78,79
2021-07-08T23:59:59+02:00,73,77,2358,2386,7093,5548,6982,4957,6246,6652,4445,4960,1695,2089,1143,1555,317,872,9,7,1104,1157,3470,2986,3811,3065,3733,4643,3075,3753,1401,1773,1039,1403,275,801,39224,22525,7079,3924,9426,6549,5402,78,79
2021-07-07T23:59:59+02:00,73,76,2282,2334,6976,5472,6879,4900,6173,6594,4411,4912,1688,2080,1141,1551,316,872,9,7,1045,1115,3301,2894,3624,2972,3571,4536,3022,3689,1384,1742,1032,1395,275,799,38724,21919,7034,3665,9400,6463,5240,78,79
2021-07-06T23:59:59+02:00,70,75,2231,2294,6867,5416,6790,4856,6117,6524,4372,4877,1679,2074,1138,1547,316,872,9,7,1005,1071,3183,2790,3534,2909,3496,4444,2968,3627,1358,1710,1027,1387,275,799,38270,21396,6979,3559,9383,6367,5135,78,78
2021-07-05T23:59:59+02:00,68,75,2162,2244,6723,5341,6669,4817,6046,6465,4334,4838,1673,2066,1136,1545,316,870,9,7,961,1033,3071,2716,3453,2863,3418,4370,2923,3570,1338,1692,1021,1377,275,797,37768,21003,6927,3483,9356,6277,4975,77,77
2021-07-04T23:59:59+02:00,68,73,2121,2196,6633,5290,6629,4787,6003,6442,4317,4815,1670,2063,1136,1543,316,869,8,7,921,1005,3003,2657,3414,2833,3384,4337,2896,3545,1324,1672,1019,1375,274,797,37550,20842,6885,3424,9331,6199,4838,77,77
2021-07-03T23:59:59+02:00,64,59,2019,2110,6410,5124,6475,4697,5915,6354,4264,4782,1665,2057,1135,1539,316,869,8,7,884,974,2925,2606,3354,2801,3343,4289,2864,3514,1318,1667,1018,1371,274,795,36681,20634,6849,3419,9324,6175,4612,77,77
2021-07-02T23:59:59+02:00,55,51,1974,2067,6326,5074,6431,4667,5892,6326,4247,4763,1663,2051,1133,1538,315,869,8,7,861,946,2853,2552,3283,2754,3295,4237,2834,3475,1300,1648,1012,1365,274,792,36370,20306,6814,3393,9318,6072,4543,76,77
2021-07-01T23:59:59+02:00,51,44,1916,2026,6213,4997,6345,4617,5810,6257,4219,4732,1660,2045,1132,1537,313,868,8,7,780,892,2650,2462,3087,2664,3110,4115,2732,3381,1273,1624,1002,1349,274,790,35924,19467,6760,3161,9301,5965,4392,76,77
2021-06-30T23:59:59+02:00,51,43,1866,1969,6080,4908,6238,4565,5748,6211,4204,4706,1656,2036,1130,1534,313,868,8,6,743,856,2534,2380,2968,2605,2997,4019,2660,3302,1245,1596,994,1339,273,789,35469,18964,6695,3030,9285,5826,4257,75,77
2021-06-29T23:59:59+02:00,49,42,1797,1884,5950,4815,6140,4504,5687,6149,4175,4674,1649,2031,1128,1533,313,867,7,6,708,808,2435,2290,2888,2539,2888,3898,2603,3247,1228,1561,982,1328,273,786,34882,18437,6659,2949,9276,5702,4131,74,77
2021-06-28T23:59:59+02:00,47,40,1760,1824,5822,4742,6066,4450,5643,6109,4146,4648,1647,2021,1127,1532,313,867,7,6,690,776,2323,2208,2806,2474,2807,3810,2556,3200,1209,1544,975,1322,273,784,34436,18066,6599,2791,9266,5595,4047,74,77
2021-06-27T23:59:59+02:00,47,39,1730,1795,5771,4699,6026,4414,5595,6094,4136,4635,1645,2017,1127,1531,313,867,7,6,672,755,2267,2163,2763,2442,2758,3766,2525,3179,1198,1531,973,1313,273,784,34236,17894,6566,2730,9244,5497,3975,74,77
2021-06-26T23:59:59+02:00,40,33,1696,1765,5697,4651,5934,4367,5554,6061,4117,4619,1644,2015,1127,1529,313,867,7,6,664,743,2228,2133,2724,2416,2738,3740,2499,3158,1181,1521,972,1310,273,784,33862,17640,6477,2725,9244,5476,3974,74,75
2021-06-25T23:59:59+02:00,34,27,1657,1723,5583,4576,5875,4338,5513,6036,4093,4608,1641,2014,1125,1528,312,867,6,6,655,721,2172,2097,2655,2345,2628,3607,2454,3055,1171,1498,969,1307,272,783,33414,17152,6447,2693,9243,5293,3967,74,75
2021-06-24T23:59:59+02:00,27,22,1604,1670,5399,4462,5743,4281,5409,5990,4050,4582,1637,2009,1125,1527,311,867,6,6,615,698,2050,2021,2462,2269,2452,3521,2346,2961,1139,1473,960,1300,271,780,32746,16612,6384,2329,9233,5209,3853,74,75
2021-06-23T23:59:59+02:00,26,22,1569,1624,5297,4400,5658,4223,5359,5945,4028,4545,1628,2003,1123,1524,310,867,6,6,583,674,1977,1949,2346,2214,2331,3424,2242,2870,1112,1450,953,1290,270,779,32267,16010,6330,2244,9227,5060,3817,74,75
2021-06-22T23:59:59+02:00,26,22,1538,1606,5215,4325,5569,4172,5308,5897,4002,4521,1622,1997,1122,1522,310,867,6,6,565,650,1903,1893,2254,2154,2246,3316,2139,2780,1094,1428,943,1278,269,774,31816,15549,6283,2101,9222,4890,3791,74,74
2021-06-21T23:59:59+02:00,25,22,1504,1562,5082,4233,5482,4127,5234,5835,3972,4496,1617,1984,1121,1517,309,865,6,6,545,630,1861,1848,2213,2110,2191,3226,2068,2698,1075,1398,919,1256,269,770,31243,15227,6239,1999,9214,4737,3747,74,74
2021-06-20T23:59:59+02:00,24,20,1473,1527,5004,4157,5430,4104,5198,5814,3948,4485,1614,1983,1120,1517,308,865,6,6,528,613,1827,1817,2186,2086,2159,3197,2025,2659,1063,1382,916,1247,269,769,30927,15028,6199,1958,9200,4668,3711,74,73
2021-06-19T23:59:59+02:00,23,20,1455,1507,4957,4123,5404,4075,5169,5788,3927,4474,1607,1981,1120,1516,308,865,6,6,519,607,1805,1788,2164,2057,2145,3172,1999,2620,1054,1374,912,1246,267,768,30735,14838,6130,1925,9200,4661,3689,74,72
2021-06-18T23:59:59+02:00,18,16,1427,1486,4872,4075,5348,4030,5121,5750,3902,4462,1604,1978,1117,1514,308,865,6,6,504,596,1784,1770,2135,2023,2094,3122,1943,2563,1040,1358,910,1241,266,766,30368,14510,6082,1922,9198,4606,3676,74,72
2021-06-17T23:59:59+02:00,15,15,1387,1443,4693,3987,5150,3950,4941,5656,3844,4416,1597,1975,1117,1513,307,865,6,6,464,573,1680,1730,1946,1959,1929,3018,1837,2477,1015,1340,897,1230,264,764,29715,14019,6015,1807,9190,4511,3366,73,72
2021-06-16T23:59:59+02:00,14,14,1355,1409,4585,3900,5046,3892,4836,5593,3797,4390,1590,1971,1116,1509,307,864,6,6,444,549,1615,1686,1880,1922,1840,2930,1775,2395,997,1313,887,1215,264,760,29207,13573,5894,1734,9176,4422,3306,73,72
2021-06-15T23:59:59+02:00,14,14,1319,1375,4444,3803,4968,3823,4758,5522,3756,4357,1579,1964,1111,1506,307,863,6,6,429,525,1555,1630,1823,1876,1767,2874,1699,2326,979,1287,880,1203,263,759,28613,13215,5860,1645,9161,4344,3223,73,72
2021-06-14T23:59:59+02:00,14,12,1292,1331,4338,3740,4882,3769,4674,5445,3701,4329,1575,1955,1109,1501,305,862,6,6,420,512,1502,1592,1770,1840,1711,2805,1640,2273,969,1263,875,1196,262,758,28111,12949,5760,1563,9157,4257,3162,73,71
2021-06-13T23:59:59+02:00,13,12,1274,1312,4289,3702,4832,3727,4623,5401,3682,4313,1574,1949,1109,1499,305,861,6,6,412,504,1466,1574,1731,1816,1669,2768,1605,2231,951,1243,872,1184,262,756,27847,12765,5724,1538,9152,4175,3101,73,71
2021-06-12T23:59:59+02:00,13,11,1261,1286,4253,3682,4800,3701,4604,5384,3669,4302,1572,1945,1107,1498,305,860,6,6,409,501,1453,1553,1703,1790,1647,2747,1576,2210,943,1234,861,1181,262,755,27642,12612,5714,1537,9151,4113,3088,73,70
2021-06-11T23:59:59+02:00,12,11,1242,1271,4212,3633,4724,3677,4558,5346,3639,4290,1571,1943,1106,1495,305,859,6,6,398,487,1428,1511,1671,1769,1604,2701,1527,2168,932,1219,857,1176,262,753,27329,12355,5682,1529,9146,4031,3065,73,70
2021-06-10T23:59:59+02:00,12,9,1180,1213,4076,3545,4586,3594,4457,5275,3587,4252,1566,1935,1104,1494,305,859,6,6,378,466,1358,1464,1595,1710,1533,2624,1437,2066,903,1185,853,1167,260,750,26695,11892,5535,1516,9125,3856,2987,73,69
2021-06-09T23:59:59+02:00,11,7,1129,1174,3920,3434,4445,3528,4367,5193,3539,4210,1559,1928,1102,1491,305,858,5,6,359,445,1294,1420,1529,1674,1476,2543,1358,2000,872,1133,844,1153,259,747,26164,11582,5346,1452,9114,3713,2845,73,69
2021-06-08T23:59:59+02:00,10,7,1071,1128,3768,3333,4318,3444,4254,5108,3487,4180,1553,1923,1099,1488,303,856,5,5,342,423,1244,1379,1470,1636,1415,2483,1309,1925,848,1095,833,1136,255,744,25556,11321,5199,1400,9103,3570,2718,72,67
2021-06-07T23:59:59+02:00,9,7,1042,1098,3653,3245,4179,3406,4129,5036,3430,4153,1540,1917,1098,1486,303,855,2,2,333,414,1197,1335,1408,1613,1363,2430,1239,1873,834,1076,820,1120,253,740,25135,11134,5008,1364,9097,3436,2571,72,66
2021-06-06T23:59:59+02:00,9,7,1019,1085,3590,3206,4097,3354,4051,5003,3397,4138,1538,1912,1095,1485,302,855,2,2,325,402,1177,1305,1373,1579,1338,2368,1210,1812,822,1060,812,1111,253,737,24918,11006,4859,1311,9083,3322,2492,72,65
2021-06-05T23:59:59+02:00,9,7,1004,1067,3501,3135,4042,3322,4016,4980,3386,4134,1536,1908,1095,1484,302,854,2,1,316,391,1155,1280,1352,1562,1313,2337,1175,1792,810,1037,810,1107,253,737,24596,10827,4852,1308,9079,3272,2454,71,64
2021-06-04T23:59:59+02:00,7,7,978,1047,3451,3077,3965,3279,3950,4924,3357,4112,1532,1904,1092,1484,302,854,2,1,305,383,1132,1248,1325,1543,1284,2292,1146,1763,793,1016,804,1102,253,734,24261,10677,4803,1302,9075,3209,2364,71,64
2021-06-03T23:59:59+02:00,7,7,933,1013,3285,2977,3766,3170,3772,4806,3263,4039,1523,1892,1088,1479,302,854,1,1,294,372,1092,1205,1264,1484,1212,2205,1079,1700,754,974,794,1088,253,733,23549,10439,4565,1281,9057,3038,2158,71,62
2021-06-02T23:59:59+02:00,7,7,905,999,3207,2901,3706,3124,3708,4743,3221,4011,1520,1886,1087,1478,302,854,1,1,283,362,1061,1181,1217,1463,1166,2162,1024,1653,738,940,790,1082,253,732,23164,10205,4544,1267,9057,2997,2040,71,62
2021-06-01T23:59:59+02:00,7,7,854,959,3031,2777,3516,3025,3541,4639,3159,3950,1510,1877,1084,1473,302,853,0,1,270,346,973,1119,1118,1405,1082,2053,974,1572,704,889,784,1073,252,726,22520,9909,4313,1233,9044,2790,1792,71,60
2021-05-31T23:59:59+02:00,7,6,815,930,2904,2690,3365,2927,3431,4545,3105,3896,1504,1864,1081,1469,302,853,0,1,255,327,932,1074,1048,1350,1034,1974,933,1513,685,864,777,1068,251,726,22095,9724,4067,1218,9022,2652,1589,71,59
2021-05-30T23:59:59+02:00,7,6,804,919,2841,2641,3294,2887,3373,4500,3082,3875,1500,1857,1081,1469,302,852,0,1,245,310,887,1025,992,1308,987,1912,905,1454,672,848,774,1058,251,725,21930,9614,4003,1209,9010,2476,1416,71,59
2021-05-29T23:59:59+02:00,7,6,801,916,2820,2624,3271,2871,3354,4485,3074,3866,1498,1856,1081,1469,302,852,0,1,242,299,882,1011,973,1279,971,1862,891,1421,659,826,770,1053,250,725,21797,9518,4001,1207,9007,2334,1415,70,59
2021-05-28T23:59:59+02:00,7,6,790,902,2781,2579,3220,2839,3326,4461,3064,3850,1498,1853,1079,1463,302,852,0,1,236,289,868,991,961,1254,956,1818,859,1381,640,796,766,1045,249,723,21529,9329,3986,1202,9005,2244,1410,70,58
2021-05-27T23:59:59+02:00,7,6,741,876,2645,2510,3074,2767,3179,4377,2980,3798,1489,1843,1077,1461,301,850,0,0,221,271,807,937,875,1194,865,1718,788,1295,614,763,756,1029,248,721,21010,9108,3842,1165,8971,1975,1193,70,55
2021-05-26T23:59:59+02:00,7,6,705,839,2533,2427,2909,2697,3051,4307,2930,3749,1477,1833,1076,1454,299,845,0,0,211,252,762,892,825,1155,821,1645,746,1233,598,738,738,997,246,718,20569,8871,3586,1152,8943,1828,1059,70,55
2021-05-25T23:59:59+02:00,7,6,680,818,2435,2364,2802,2650,2947,4222,2882,3709,1465,1825,1073,1450,299,843,0,0,198,239,732,859,790,1117,782,1584,693,1170,577,716,716,970,245,716,20183,8644,3402,1115,8898,1683,995,69,50
2021-05-24T23:59:59+02:00,7,6,663,794,2374,2318,2726,2616,2873,4163,2828,3666,1452,1818,1067,1449,299,841,0,0,192,231,704,838,761,1084,745,1526,667,1117,560,703,709,965,245,714,19974,8541,3220,1101,8863,1562,891,69,48
2021-05-23T23:59:59+02:00,7,6,660,793,2354,2301,2710,2601,2861,4147,2815,3650,1449,1816,1067,1447,299,841,0,0,190,229,696,829,750,1077,729,1516,653,1107,556,696,706,959,244,711,19842,8453,3214,1093,8863,1550,889,69,44
2021-05-22T23:59:59+02:00,7,6,653,780,2323,2277,2669,2577,2837,4115,2780,3621,1443,1812,1067,1445,299,840,0,0,188,221,686,823,743,1065,714,1507,646,1100,546,686,700,947,243,711,19576,8384,3213,1093,8860,1505,878,69,43
2021-05-21T23:59:59+02:00,7,6,639,765,2235,2238,2580,2525,2762,4066,2737,3575,1437,1799,1065,1444,299,839,0,0,186,218,679,813,731,1055,700,1493,628,1080,532,660,693,939,243,709,19074,8287,3188,1090,8839,1443,872,69,43
2021-05-20T23:59:59+02:00,7,6,603,738,2111,2158,2440,2444,2627,3963,2656,3491,1421,1783,1063,1436,299,838,0,0,176,207,646,769,694,1014,667,1435,604,1017,513,631,686,930,242,708,18388,8157,3061,1078,8760,1228,799,69,40
2021-05-19T23:59:59+02:00,6,6,564,700,1993,2066,2290,2368,2484,3862,2553,3393,1401,1765,1055,1433,297,838,0,0,162,199,614,745,662,979,630,1381,578,957,497,608,675,907,241,706,17596,7991,2982,1059,8716,1124,676,69,40
2021-05-18T23:59:59+02:00,6,5,532,679,1907,1980,2183,2306,2364,3742,2457,3301,1389,1745,1047,1426,297,834,0,0,155,190,592,714,633,945,612,1303,558,893,476,578,667,894,240,702,17053,7856,2803,1019,8655,1013,566,69,40
2021-05-17T23:59:59+02:00,4,2,507,664,1846,1939,2124,2253,2282,3622,2394,3226,1370,1726,1040,1419,297,832,0,0,149,182,572,699,624,906,598,1239,539,835,459,546,664,886,240,701,16727,7775,2635,985,8584,907,465,68,40
2021-05-16T23:59:59+02:00,3,2,501,663,1816,1910,2079,2221,2238,3570,2337,3164,1355,1717,1038,1413,297,831,0,0,144,181,561,679,608,888,580,1192,523,797,434,514,662,883,240,700,16529,7721,2564,954,8535,819,377,67,38
2021-05-15T23:59:59+02:00,3,1,495,658,1785,1889,2059,2196,2218,3546,2311,3124,1347,1715,1037,1410,296,831,0,0,142,178,558,678,607,883,574,1187,517,786,430,512,660,881,240,700,16306,7687,2561,953,8526,806,372,67,38
2021-05-14T23:59:59+02:00,3,1,478,643,1755,1848,2014,2153,2127,3476,2268,3083,1339,1705,1035,1410,294,831,0,0,138,172,552,661,587,860,553,1151,500,770,414,497,655,875,239,698,15919,7621,2517,938,8504,697,345,67,38
2021-05-13T23:59:59+02:00,2,1,449,617,1676,1796,1895,2098,2007,3389,2200,2990,1314,1686,1027,1407,292,827,0,0,132,169,537,653,577,843,541,1130,483,756,395,468,641,850,239,693,15475,7527,2241,893,8450,655,309,66,37
2021-05-12T23:59:59+02:00,2,1,440,611,1656,1781,1877,2086,1981,3363,2184,2974,1311,1681,1023,1405,292,826,0,0,132,167,533,653,576,836,538,1124,481,749,389,456,639,844,239,693,15324,7482,2215,884,8442,652,307,64,37
2021-05-11T23:59:59+02:00,2,1,418,588,1570,1740,1764,2044,1867,3269,2074,2905,1297,1656,1019,1396,292,826,0,0,126,157,513,616,555,809,518,1090,450,727,367,428,629,838,239,693,14897,7377,2029,856,8324,549,240,64,37
2021-05-10T23:59:59+02:00,2,1,399,570,1521,1705,1708,2009,1789,3203,2015,2838,1289,1642,1013,1389,292,823,0,0,126,154,507,609,543,785,509,1064,444,706,359,415,627,835,239,692,14601,7326,1943,848,8198,492,214,63,35
2021-05-09T23:59:59+02:00,2,1,392,558,1473,1679,1669,1989,1742,3163,1951,2797,1275,1629,1011,1384,292,821,0,0,121,151,500,600,531,776,499,1053,434,694,349,403,622,830,239,691,14350,7287,1887,837,8140,442,189,63,34
2021-05-08T23:59:59+02:00,2,1,387,552,1459,1655,1630,1967,1717,3137,1918,2776,1268,1622,1008,1383,291,821,0,0,120,151,497,600,528,775,497,1048,434,688,348,401,618,821,239,691,14123,7268,1879,832,8136,431,187,63,32
2021-05-07T23:59:59+02:00,2,1,374,544,1428,1623,1577,1946,1655,3070,1869,2725,1260,1614,1006,1378,291,817,0,0,116,147,486,586,516,748,485,1013,417,662,345,380,603,809,239,689,13830,7215,1849,807,8069,327,151,63,30
2021-05-06T23:59:59+02:00,2,1,349,530,1330,1574,1461,1883,1510,2953,1728,2628,1228,1583,1003,1367,291,814,0,0,114,142,470,568,504,729,473,988,400,642,336,365,589,794,239,686,13306,7150,1659,786,7836,239,120,61,27
2021-05-05T23:59:59+02:00,2,1,334,515,1288,1542,1413,1839,1441,2882,1644,2542,1209,1559,996,1354,291,809,0,0,113,138,459,557,499,716,465,978,394,624,318,353,571,777,239,685,12861,7076,1593,766,7769,189,112,61,24
2021-05-04T23:59:59+02:00,2,1,325,502,1232,1504,1375,1809,1390,2833,1587,2481,1190,1530,990,1341,290,804,0,0,109,134,449,543,495,709,452,958,382,607,306,337,561,756,239,685,12513,6995,1530,739,7712,147,98,57,23
2021-05-03T23:59:59+02:00,2,1,318,494,1191,1480,1335,1787,1356,2795,1544,2441,1170,1504,984,1334,288,800,0,0,101,130,438,534,484,701,445,950,372,598,294,329,545,739,238,683,12241,6908,1505,730,7661,127,72,57,22
2021-05-02T23:59:59+02:00,2,1,314,493,1175,1464,1302,1767,1326,2775,1531,2416,1161,1490,981,1333,288,797,0,0,98,129,431,526,478,695,439,943,369,595,290,321,526,729,238,683,12097,6865,1489,711,7622,111,56,56,20
2021-05-01T23:59:59+02:00,2,1,310,487,1165,1456,1291,1753,1311,2763,1510,2399,1155,1484,978,1329,288,796,0,0,97,128,431,525,475,695,437,940,369,593,288,321,526,729,238,683,11957,6853,1486,711,7620,108,55,56,19
2021-04-30T23:59:59+02:00,2,1,305,478,1154,1429,1266,1733,1280,2697,1455,2348,1142,1466,973,1326,288,793,0,0,96,125,428,520,472,688,435,914,364,583,283,314,523,724,238,682,11645,6834,1481,700,7615,82,25,56,18
2021-04-29T23:59:59+02:00,2,0,289,463,1097,1394,1212,1692,1229,2638,1363,2279,1099,1423,968,1318,287,791,0,0,96,123,423,518,467,683,427,902,355,575,274,304,512,714,237,678,11151,6774,1440,680,7546,59,23,53,18
2021-04-28T23:59:59+02:00,2,0,277,457,1080,1375,1181,1677,1194,2598,1292,2223,1066,1369,958,1316,287,789,0,0,92,120,418,514,460,673,419,893,350,562,259,286,501,701,236,677,10849,6697,1389,643,7486,44,22,53,17
2021-04-27T23:59:59+02:00,2,0,273,447,1059,1357,1161,1665,1167,2575,1266,2194,1040,1332,952,1310,287,786,0,0,90,117,413,508,457,665,415,887,342,556,254,278,491,682,235,676,10647,6641,1360,614,7445,37,21,48,14
2021-04-26T23:59:59+02:00,2,0,270,441,1050,1346,1150,1649,1135,2557,1216,2145,1022,1312,946,1303,286,785,0,0,90,117,409,501,457,661,411,883,340,550,247,270,481,673,235,676,10465,6602,1344,590,7379,34,21,46,14
2021-04-25T23:59:59+02:00,2,0,269,439,1040,1331,1131,1640,1115,2539,1187,2117,1000,1290,943,1296,286,785,0,0,89,115,407,491,454,661,410,878,339,549,246,266,476,664,235,675,10333,6580,1319,574,7329,26,21,42,14
2021-04-24T23:59:59+02:00,2,0,263,434,1025,1317,1118,1624,1099,2520,1159,2099,991,1266,940,1293,286,785,0,0,89,115,407,491,452,661,410,875,338,546,245,265,475,661,235,675,10160,6573,1319,566,7305,25,21,40,14
2021-04-23T23:59:59+02:00,2,0,261,424,1014,1301,1106,1614,1081,2498,1103,2056,969,1241,938,1286,286,782,0,0,88,114,407,490,450,660,409,873,335,543,241,260,470,656,235,675,9997,6550,1305,554,7210,25,21,39,13
2021-04-22T23:59:59+02:00,2,0,257,413,990,1277,1084,1592,1044,2455,1053,1993,940,1199,930,1273,286,778,0,0,88,113,404,485,444,653,404,864,332,537,235,255,461,646,234,673,9713,6493,1256,540,7136,18,21,38,12
2021-04-21T23:59:59+02:00,2,0,252,409,966,1256,1059,1573,1008,2420,1007,1946,904,1149,920,1258,285,775,0,0,87,111,402,484,442,649,400,857,327,528,232,249,450,631,233,670,9409,6437,1233,519,7075,18,21,38,12
2021-04-20T23:59:59+02:00,2,0,245,403,947,1227,1040,1550,983,2367,967,1891,857,1085,906,1242,283,773,0,0,86,111,400,481,439,643,394,850,323,521,226,241,438,612,232,670,9121,6371,1163,502,7004,17,21,38,11
2021-04-19T23:59:59+02:00,2,0,242,392,926,1214,1027,1530,967,2334,937,1851,831,1055,902,1235,283,770,0,0,85,110,399,479,434,637,390,840,318,511,226,236,428,593,230,665,8937,6308,1144,482,6934,14,20,37,11
2021-04-18T23:59:59+02:00,2,0,241,388,916,1203,1012,1521,946,2316,914,1829,805,1015,900,1230,282,768,0,0,84,108,394,477,434,636,389,837,317,508,225,232,422,589,230,665,8806,6287,1114,468,6876,14,20,37,11
2021-04-17T23:59:59+02:00,2,0,240,383,914,1200,1005,1517,937,2307,909,1823,788,989,897,1224,282,768,0,0,84,105,391,473,432,636,386,832,317,503,223,228,416,582,230,664,8733,6243,1112,467,6847,13,20,37,11
2021-04-16T23:59:59+02:00,2,0,238,382,901,1196,992,1497,922,2284,879,1783,749,932,888,1214,281,765,0,0,80,102,388,465,429,634,375,819,312,491,209,213,412,573,227,661,8537,6169,1097,428,6774,12,20,37,10
2021-04-15T23:59:59+02:00,2,0,236,375,874,1178,975,1481,895,2236,834,1744,715,885,876,1195,281,761,0,0,78,100,385,457,423,625,367,811,305,488,201,207,394,549,224,655,8303,6077,1085,398,6651,11,20,35,10
2021-04-14T23:59:59+02:00,2,0,234,367,862,1166,963,1466,880,2201,816,1713,675,841,845,1150,281,757,0,0,75,95,379,452,414,614,362,801,294,480,191,190,377,529,222,650,8068,5964,1066,365,6576,11,20,33,10
2021-04-13T23:59:59+02:00,2,0,230,363,850,1160,954,1455,867,2175,787,1683,620,786,824,1118,280,753,0,0,71,90,369,443,394,602,346,787,288,476,188,186,363,516,221,647,7900,5856,1017,336,6477,9,20,31,10
2021-04-12T23:59:59+02:00,2,0,228,362,845,1154,944,1438,840,2153,769,1661,589,758,813,1101,280,751,0,0,70,86,355,435,389,595,341,779,280,470,181,180,355,506,220,640,7797,5772,996,310,6382,9,20,27,9
2021-04-11T23:59:59+02:00,1,0,224,360,835,1142,934,1431,825,2137,755,1642,571,733,806,1079,279,748,0,0,69,84,349,432,383,593,337,775,277,464,176,172,347,503,218,639,7733,5716,975,299,6280,7,20,24,9
2021-04-10T23:59:59+02:00,1,0,224,358,834,1138,929,1429,813,2127,745,1633,564,717,798,1065,278,748,0,0,65,76,323,415,361,578,324,760,263,455,169,164,341,488,217,637,7671,5531,969,293,6246,7,19,23,9
2021-04-09T23:59:59+02:00,1,0,224,354,824,1134,912,1404,803,2045,729,1548,527,655,777,1042,276,743,0,0,56,71,304,403,344,565,307,745,251,442,160,158,321,467,213,629,7543,5332,944,284,5992,7,15,20,9
2021-04-08T23:59:59+02:00,1,0,220,351,817,1127,899,1396,789,2024,704,1528,483,590,746,1019,274,739,0,0,54,68,292,385,328,552,293,730,237,423,151,142,305,449,211,611,7419,5130,901,271,5863,7,14,20,9
2021-04-07T23:59:59+02:00,1,0,214,346,806,1116,881,1378,768,1994,683,1495,445,548,718,981,271,735,0,0,52,65,272,369,318,546,285,717,227,410,137,132,285,429,205,601,7268,4958,866,256,5710,7,14,19,8
2021-04-06T23:59:59+02:00,1,0,211,344,798,1109,867,1359,748,1969,655,1470,419,509,693,949,270,732,0,0,50,63,271,364,314,544,276,712,223,403,132,128,276,409,200,591,7168,4884,838,237,5555,6,14,17,8
2021-04-05T23:59:59+02:00,1,0,211,343,793,1102,859,1347,739,1951,648,1454,398,488,676,924,270,731,0,0,50,62,270,360,313,540,272,706,219,402,131,125,263,387,195,583,7123,4819,826,222,5438,6,14,17,8
2021-04-04T23:59:59+02:00,1,0,210,339,789,1092,853,1337,729,1934,641,1435,386,476,673,919,270,731,0,0,50,61,269,359,312,540,272,706,218,402,129,124,254,374,191,581,7097,4784,821,222,5351,6,12,17,8
2021-04-03T23:59:59+02:00,1,0,210,339,787,1092,851,1335,729,1929,634,1432,378,470,670,910,270,730,0,0,50,61,269,359,312,540,272,705,218,400,129,124,254,372,191,579,7061,4777,821,222,5337,6,12,17,8
2021-04-02T23:59:59+02:00,1,0,210,337,786,1089,849,1333,724,1919,626,1421,368,461,657,899,269,729,0,0,50,60,266,357,308,538,268,697,213,391,127,123,247,353,190,566,7006,4697,814,219,5309,6,12,15,8
2021-04-01T23:59:59+02:00,1,0,207,334,780,1075,837,1319,718,1899,612,1402,353,436,624,866,268,723,0,0,48,59,258,350,304,534,266,689,211,386,119,121,231,328,187,545,6914,4587,770,212,5217,5,10,15,8
2021-03-31T23:59:59+02:00,1,0,203,332,772,1066,827,1305,708,1850,602,1361,342,423,600,820,265,720,0,0,48,59,257,349,299,531,262,687,205,382,114,118,217,301,185,524,6839,4499,723,204,5081,5,8,15,8
2021-03-30T23:59:59+02:00,1,0,200,326,766,1056,821,1282,694,1809,592,1317,329,407,575,783,263,720,0,0,48,58,254,345,294,528,261,682,202,376,111,116,207,282,181,510,6758,4417,685,199,4944,5,8,13,8
2021-03-29T23:59:59+02:00,1,0,196,321,761,1039,816,1268,684,1778,582,1279,325,393,548,745,261,713,0,0,48,56,251,343,293,526,260,678,199,369,107,114,197,270,175,498,6652,4353,664,193,4838,3,8,13,8
2021-03-28T23:59:59+02:00,1,0,190,304,751,1028,807,1260,679,1756,579,1261,323,378,521,718,259,711,0,0,48,55,248,342,290,520,256,675,198,366,104,112,190,261,172,497,6606,4309,630,187,4729,3,8,13,8
2021-03-27T23:59:59+01:00,1,0,190,301,745,1022,802,1256,673,1744,577,1252,319,369,514,708,259,710,0,0,48,55,248,342,290,520,252,669,195,362,102,111,186,254,168,487,6563,4271,622,180,4691,3,8,13,8
2021-03-26T23:59:59+01:00,1,0,186,299,733,1007,793,1238,660,1726,568,1229,311,358,510,694,257,706,0,0,46,55,247,342,289,518,252,668,189,350,97,104,175,237,161,476,6494,4190,604,179,4607,3,6,13,8
2021-03-25T23:59:59+01:00,1,0,182,297,724,992,771,1209,642,1689,557,1188,303,345,493,669,255,702,0,0,46,54,244,337,285,517,245,665,189,349,91,103,158,215,154,451,6411,4091,590,170,4443,3,6,13,8
2021-03-24T23:59:59+01:00,1,0,179,290,714,978,761,1193,631,1653,541,1155,292,331,473,645,252,699,0,0,46,54,242,335,283,515,243,665,185,345,89,100,143,208,148,418,6328,4014,565,163,4315,2,6,13,8
2021-03-23T23:59:59+01:00,1,0,175,285,706,962,745,1176,619,1629,526,1117,286,319,453,629,247,696,0,0,45,54,240,333,280,512,238,659,183,341,85,95,137,200,138,392,6262,3930,547,158,4179,2,6,13,8
2021-03-22T23:59:59+01:00,1,0,171,274,686,938,723,1152,606,1594,511,1093,281,309,441,612,246,689,0,0,45,54,238,330,276,510,235,652,182,339,85,92,130,192,121,363,6180,3844,525,155,4034,1,6,13,8
2021-03-21T23:59:59+01:00,1,0,165,270,674,925,708,1142,594,1565,502,1061,274,301,426,605,244,687,0,0,45,54,235,330,274,508,234,651,180,337,84,89,128,191,116,360,6121,3822,505,151,3926,1,4,12,7
2021-03-20T23:59:59+01:00,1,0,163,269,665,920,703,1138,587,1559,499,1058,270,295,412,591,242,685,0,0,45,54,235,330,273,508,233,649,180,333,83,88,124,185,112,353,6083,3793,501,149,3877,1,4,11,7
2021-03-19T23:59:59+01:00,1,0,153,258,660,900,692,1131,581,1540,487,1045,255,274,396,567,236,677,0,0,43,54,234,329,272,507,231,642,179,329,80,85,116,175,108,334,6005,3728,461,147,3786,1,3,11,7
2021-03-18T23:59:59+01:00,1,0,148,251,640,882,674,1096,562,1487,469,998,240,258,382,544,233,659,0,0,43,54,232,325,270,499,231,636,177,322,80,82,108,167,104,320,5914,3664,424,138,3574,1,3,11,7
2021-03-17T23:59:59+01:00,0,0,142,245,627,862,661,1089,557,1474,461,980,226,245,364,528,230,653,0,0,43,53,232,321,269,496,229,634,177,321,80,82,103,162,96,309,5818,3620,396,137,3508,1,3,10,7
2021-03-16T23:59:59+01:00,0,0,138,236,611,847,643,1078,545,1432,451,955,218,230,343,494,226,641,0,0,43,52,232,318,269,490,227,632,176,320,75,82,98,157,94,291,5724,3573,365,133,3370,1,2,10,7
2021-03-15T23:59:59+01:00,0,0,133,229,595,827,632,1056,534,1400,434,919,211,222,330,470,222,634,0,0,42,52,231,315,267,487,226,631,174,319,74,80,92,151,92,279,5629,3530,336,131,3248,1,1,9,7
2021-03-14T23:59:59+01:00,0,0,128,218,578,809,616,1035,525,1357,422,873,202,210,319,458,215,630,0,0,42,52,231,312,265,486,225,626,173,314,73,80,90,147,90,276,5557,3513,324,119,3074,1,0,8,7
2021-03-13T23:59:59+01:00,0,0,125,205,548,780,583,1009,500,1332,401,853,187,200,311,445,212,626,0,0,42,52,231,312,265,486,224,626,173,313,73,80,87,143,77,261,5353,3474,320,119,2982,1,0,8,7
2021-03-12T23:59:59+01:00,0,0,114,196,515,753,563,981,477,1294,377,819,171,189,286,414,210,606,0,0,42,52,231,311,264,486,224,626,173,312,67,79,83,137,74,254,5113,3442,313,119,2862,1,0,8,6
2021-03-11T23:59:59+01:00,0,0,106,186,481,707,523,943,438,1218,354,767,158,167,258,373,205,584,0,0,42,51,230,308,260,482,222,622,170,309,67,77,78,131,72,241,4864,3411,301,97,2597,1,0,8,5
2021-03-10T23:59:59+01:00,0,0,104,176,456,680,503,924,421,1179,337,727,142,151,241,342,200,551,0,0,41,51,228,303,256,476,219,616,170,307,64,76,74,129,70,232,4686,3370,287,85,2451,1,0,8,5
2021-03-09T23:59:59+01:00,0,0,104,171,442,649,473,894,406,1135,325,694,136,143,229,324,194,538,0,0,41,51,227,300,253,468,217,612,166,303,63,74,72,127,63,223,4599,3328,270,75,2264,1,0,8,4
2021-03-08T23:59:59+01:00,0,0,101,162,425,631,455,877,395,1083,315,654,132,135,214,303,189,525,0,0,41,51,227,296,250,463,212,607,159,299,60,73,67,124,62,222,4514,3298,254,57,2099,1,0,8,3
2021-03-07T23:59:59+01:00,0,0,98,158,419,618,444,861,385,1068,311,648,130,135,207,290,187,524,0,0,41,50,226,295,250,461,210,606,159,299,60,73,65,122,61,221,4467,3287,244,54,2038,0,0,8,3
2021-03-06T23:59:59+01:00,0,0,97,152,416,608,437,837,374,1017,301,616,128,134,201,282,185,519,0,0,41,50,226,295,249,460,210,605,159,299,60,73,63,122,60,216,4429,3282,244,48,1892,0,0,8,3
2021-03-05T23:59:59+01:00,0,0,95,146,410,595,433,829,372,999,292,593,122,124,189,261,177,507,0,0,41,50,225,292,248,459,209,602,158,297,60,73,61,121,59,208,4346,3265,235,39,1816,0,0,8,3
2021-03-04T23:59:59+01:00,0,0,92,132,399,556,414,795,355,954,281,565,113,122,170,232,170,482,0,0,41,49,223,285,246,453,207,589,155,296,58,73,61,121,59,207,4239,3223,217,38,1625,0,0,8,3
2021-03-03T23:59:59+01:00,0,0,85,122,389,540,404,777,348,933,272,546,111,119,157,225,164,449,0,0,41,48,223,285,245,451,203,581,155,290,58,73,60,119,59,207,4165,3198,211,35,1507,0,0,8,3
2021-03-02T23:59:59+01:00,0,0,82,119,376,523,387,759,340,913,265,524,108,113,148,215,153,420,0,0,40,48,223,285,245,445,198,574,153,287,58,73,60,116,59,205,4070,3168,204,34,1407,0,0,8,3
2021-03-01T23:59:59+01:00,0,0,81,117,370,509,379,737,329,888,259,496,107,112,141,205,132,386,0,0,40,47,221,284,242,437,196,565,153,284,58,73,60,115,58,205,3980,3135,199,34,1300,0,0,8,3
2021-02-28T23:59:59+01:00,0,0,81,115,362,499,374,729,326,864,254,478,102,104,139,202,126,382,0,0,40,47,220,284,241,436,195,565,153,284,58,73,59,115,58,204,3954,3131,194,33,1217,0,0,8,2
2021-02-27T23:59:59+01:00,0,0,78,106,356,492,369,720,319,853,251,469,100,102,137,196,119,370,0,0,40,47,220,283,241,435,194,564,151,283,58,73,59,115,58,204,3918,3129,187,28,1156,0,0,8,2
2021-02-26T23:59:59+01:00,0,0,75,100,348,467,343,685,297,822,240,448,97,98,129,186,116,352,0,0,40,46,219,282,241,433,193,561,147,281,58,73,59,114,58,202,3862,3111,185,28,972,0,0,8,1
2021-02-25T23:59:59+01:00,0,0,66,89,334,445,331,656,289,794,229,425,92,98,121,179,113,340,0,0,40,46,217,278,236,430,191,553,142,280,58,71,57,112,57,202,3809,3080,177,20,819,0,0,8,1
2021-02-24T23:59:59+01:00,0,0,61,82,327,431,323,639,284,777,226,417,91,98,116,175,104,329,0,0,37,46,215,275,233,417,189,544,140,275,55,70,54,112,57,202,3766,3035,172,14,742,0,0,8,1
2021-02-23T23:59:59+01:00,0,0,59,73,312,411,313,621,278,758,220,409,86,96,111,171,102,308,0,0,35,46,214,273,230,410,188,538,135,272,54,70,54,108,57,200,3714,3001,167,10,641,0,0,8,1
2021-02-22T23:59:59+01:00,0,0,57,71,306,399,308,612,276,749,218,405,84,93,102,163,100,297,0,0,35,44,211,271,228,396,181,527,131,269,53,70,53,108,57,200,3668,2954,160,4,600,0,0,7,1
2021-02-21T23:59:59+01:00,0,0,56,70,299,393,305,602,271,740,213,402,83,91,101,161,98,295,0,0,35,43,209,269,227,393,180,518,130,268,53,70,53,108,57,199,3658,2930,157,4,550,0,0,6,1
2021-02-20T23:59:59+01:00,0,0,55,70,297,392,304,599,270,733,213,397,81,91,98,156,85,280,0,0,35,41,209,269,227,393,179,518,128,267,53,70,52,108,57,197,3619,2921,156,4,528,0,0,6,1
2021-02-19T23:59:59+01:00,0,0,54,70,294,386,297,577,259,707,211,385,77,88,93,148,82,272,0,0,35,40,209,269,226,392,179,517,128,267,53,70,51,107,56,195,3585,2912,154,4,439,0,0,5,1
2021-02-18T23:59:59+01:00,0,0,51,65,276,362,289,554,251,686,196,361,76,84,91,143,80,263,0,0,34,39,203,260,223,386,175,502,128,257,53,68,51,105,53,191,3555,2845,145,4,300,0,0,5,1
2021-02-17T23:59:59+01:00,0,0,51,63,269,356,287,538,243,673,192,341,74,82,86,141,78,253,0,0,32,38,199,253,216,372,171,484,125,246,49,66,51,102,52,187,3505,2756,144,3,244,0,0,5,1
2021-02-16T23:59:59+01:00,0,0,50,58,256,340,283,527,238,657,187,333,72,81,83,139,71,245,0,0,29,38,190,244,209,352,165,472,121,233,49,61,41,86,43,178,3465,2623,141,3,178,0,0,5,1
2021-02-15T23:59:59+01:00,0,0,50,57,251,337,276,515,235,651,183,327,70,81,78,135,70,244,0,0,28,37,181,236,204,344,159,462,116,226,46,58,41,81,39,171,3436,2540,140,3,145,0,0,5,1
2021-02-14T23:59:59+01:00,0,0,48,56,249,332,273,508,232,645,183,322,69,78,75,134,69,240,0,0,26,37,179,232,201,339,158,449,115,223,46,58,40,80,37,164,3423,2494,127,3,122,0,0,5,1
2021-02-13T23:59:59+01:00,0,0,47,56,249,332,271,508,232,644,183,322,69,78,74,134,69,239,0,0,26,37,178,231,198,339,157,448,114,220,45,57,39,79,36,159,3419,2474,127,1,120,0,0,5,1
2021-02-12T23:59:59+01:00,0,0,46,54,246,327,268,499,228,633,180,319,69,77,72,134,69,238,0,0,25,37,177,227,197,338,156,446,111,219,43,56,39,75,32,151,3409,2440,127,1,80,0,0,5,1
2021-02-11T23:59:59+01:00,0,0,45,52,239,304,262,482,221,610,168,309,66,76,70,132,69,232,0,0,25,34,160,204,190,307,147,403,106,200,38,54,34,64,29,134,3369,2231,103,1,18,0,0,5,0
2021-02-10T23:59:59+01:00,0,0,45,51,236,296,260,475,216,602,166,304,63,76,69,132,68,230,0,0,23,31,146,181,174,267,126,354,98,177,34,52,32,61,25,124,3336,1995,93,1,8,0,0,5,0
2021-02-09T23:59:59+01:00,0,0,43,50,235,293,258,465,211,594,163,301,62,76,69,130,68,230,0,0,23,29,128,155,158,243,112,311,92,151,27,47,31,48,22,110,3314,1766,77,1,4,0,0,5,0
2021-02-08T23:59:59+01:00,0,0,43,50,232,291,250,451,207,581,158,296,59,76,69,128,68,229,0,0,20,28,111,132,136,203,92,272,87,141,19,45,25,41,22,95,3267,1541,61,1,4,0,0,4,0
2021-02-07T23:59:59+01:00,0,0,43,49,229,290,248,450,206,578,157,296,59,76,68,127,68,228,0,0,19,22,106,121,126,191,87,252,82,131,19,43,24,33,22,88,3258,1435,57,1,0,0,0,3,0
2021-02-06T23:59:59+01:00,0,0,43,49,229,290,248,449,206,578,156,295,58,76,67,127,67,223,0,0,15,19,105,120,125,187,85,245,82,129,18,42,24,30,19,88,3254,1398,50,1,0,0,0,3,0
2021-02-05T23:59:59+01:00,0,0,42,48,229,290,248,448,205,576,154,294,58,76,67,126,66,213,0,0,13,16,96,112,121,182,84,241,82,121,17,42,24,26,17,85,3240,1340,41,0,0,0,0,3,0
2021-02-04T23:59:59+01:00,0,0,42,48,226,286,243,444,201,570,152,291,58,74,66,124,66,212,0,0,12,12,66,80,98,136,72,206,65,101,16,37,21,22,15,73,3201,1078,41,0,0,0,0,3,0
2021-02-03T23:59:59+01:00,0,0,41,47,226,283,242,432,199,564,151,288,58,73,65,123,66,212,0,0,9,7,51,61,75,111,54,160,55,72,12,17,17,16,10,57,3171,817,38,0,0,0,0,3,0
2021-02-02T23:59:59+01:00,0,0,40,47,225,280,238,426,198,558,147,287,57,73,63,120,64,209,0,0,7,5,34,42,59,81,43,103,45,50,10,14,12,11,5,40,3132,583,37,0,0,0,0,3,0
2021-02-01T23:59:59+01:00,0,0,39,45,223,280,233,420,194,552,144,280,57,72,61,119,64,209,0,0,5,3,26,22,32,48,29,64,27,28,8,9,8,5,2,23,3091,351,37,0,0,0,0,2,0
2021-01-31T23:59:59+01:00,0,0,39,45,222,279,231,414,192,544,143,280,57,72,60,118,64,208,0,0,5,3,23,17,23,38,23,53,21,24,8,6,7,5,2,21,3067,289,35,0,0,0,0,2,0
2021-01-30T23:59:59+01:00,0,0,39,45,222,279,231,413,191,544,143,280,57,72,59,118,64,205,0,0,5,3,21,16,21,38,21,49,20,23,7,5,7,4,2,20,3062,271,34,0,0,0,0,2,0
2021-01-29T23:59:59+01:00,0,0,39,45,222,277,230,412,190,543,141,278,57,72,58,117,63,204,0,0,5,1,16,11,16,30,18,43,16,21,6,4,6,4,2,19,3052,225,30,0,0,0,0,1,0
2021-01-28T23:59:59+01:00,0,0,39,44,212,274,229,407,188,534,139,274,57,72,57,116,61,203,0,0,5,1,6,3,9,17,10,25,9,9,3,2,4,1,0,18,3018,125,22,0,0,0,0,1,0
2021-01-27T23:59:59+01:00,0,0,38,43,208,267,225,397,186,520,136,265,54,70,57,113,60,200,0,0,2,1,4,3,8,15,9,22,8,9,3,2,2,1,0,14,2949,105,18,0,0,0,0,1,0
2021-01-26T23:59:59+01:00,0,0,34,43,205,255,220,384,182,502,132,258,53,65,51,106,52,192,0,0,2,1,3,3,8,15,9,21,8,9,3,2,2,1,0,11,2847,100,14,0,0,0,0,1,0
2021-01-25T23:59:59+01:00,0,0,34,42,195,251,217,373,179,491,128,248,51,63,50,103,46,190,0,0,2,1,2,3,6,13,8,18,8,9,3,2,2,0,0,9,2781,88,4,0,0,0,0,1,0
2021-01-24T23:59:59+01:00,0,0,33,41,192,248,215,372,178,489,128,247,51,63,48,100,45,189,0,0,2,1,1,3,5,13,8,18,8,9,3,2,2,0,0,9,2759,86,3,0,0,0,0,1,0
2021-01-23T23:59:59+01:00,0,0,33,41,192,248,213,372,178,489,128,247,51,62,48,99,45,186,0,0,2,1,1,3,5,12,8,17,7,9,3,2,2,0,0,9,2751,83,3,0,0,0,0,1,0
2021-01-22T23:59:59+01:00,0,0,31,40,191,244,212,372,178,487,126,247,51,62,48,99,43,180,0,0,2,0,1,3,4,12,8,16,7,9,3,2,2,0,0,9,2730,80,3,0,0,0,0,1,0
2021-01-21T23:59:59+01:00,0,0,27,38,180,230,206,356,174,466,124,234,49,62,44,90,42,176,0,0,2,0,1,3,1,7,7,11,5,5,3,2,1,0,0,7,2611,57,3,0,0,0,0,0,0
2021-01-20T23:59:59+01:00,0,0,26,36,162,205,188,312,144,411,114,211,44,59,41,85,36,161,0,0,2,0,1,3,1,7,7,10,5,4,3,2,1,0,0,7,2337,55,2,0,0,0,0,0,0
2021-01-19T23:59:59+01:00,0,0,26,33,136,178,171,276,135,369,108,189,32,52,32,70,32,146,0,0,1,0,1,3,1,5,4,8,3,3,2,0,1,0,0,4,2075,37,2,0,0,0,0,0,0
2021-01-18T23:59:59+01:00,0,0,21,32,122,157,149,235,118,321,101,165,28,49,29,58,30,125,0,0,1,0,1,1,0,2,3,6,2,3,1,0,1,0,0,4,1823,26,2,0,0,0,0,0,0
2021-01-17T23:59:59+01:00,0,0,19,23,116,143,141,222,109,294,96,154,28,44,29,51,28,110,0,0,1,0,0,0,0,1,1,4,2,2,1,0,1,0,0,1,1682,14,2,0,0,0,0,0,0
2021-01-16T23:59:59+01:00,0,0,16,21,113,141,139,217,106,284,95,147,25,43,28,45,22,107,0,0,0,0,0,0,0,0,0,0,0,0,0,0,0,0,0,0,1622,0,0,0,0,0,0,0,0
2021-01-15T23:59:59+01:00,0,0,13,18,107,132,135,211,103,275,94,137,24,43,28,40,21,104,0,0,0,0,0,0,0,0,0,0,0,0,0,0,0,0,0,0,1553,0,0,0,0,0,0,0,0
2021-01-14T23:59:59+01:00,0,0,11,14,83,100,116,172,87,234,81,121,18,38,25,32,20,88,0,0,0,0,0,0,0,0,0,0,0,0,0,0,0,0,0,0,1293,0,0,0,0,0,0,0,0
2021-01-13T23:59:59+01:00,0,0,9,13,69,88,102,143,79,192,75,96,17,24,21,24,18,70,0,0,0,0,0,0,0,0,0,0,0,0,0,0,0,0,0,0,1083,0,0,0,0,0,0,0,0
2021-01-12T23:59:59+01:00,0,0,7,9,56,70,84,114,71,137,63,74,13,19,17,20,9,53,0,0,0,0,0,0,0,0,0,0,0,0,0,0,0,0,0,0,852,0,0,0,0,0,0,0,0
2021-01-11T23:59:59+01:00,0,0,5,7,48,52,70,86,56,109,47,55,12,14,8,9,4,28,0,0,0,0,0,0,0,0,0,0,0,0,0,0,0,0,0,0,635,0,0,0,0,0,0,0,0
2021-01-10T23:59:59+01:00,0,0,5,7,43,41,52,70,42,88,39,47,11,9,7,9,4,24,0,0,0,0,0,0,0,0,0,0,0,0,0,0,0,0,0,0,514,0,0,0,0,0,0,0,0
2021-01-09T23:59:59+01:00,0,0,5,6,38,40,47,67,39,80,37,43,10,9,7,8,4,23,0,0,0,0,0,0,0,0,0,0,0,0,0,0,0,0,0,0,477,0,0,0,0,0,0,0,0
2021-01-08T23:59:59+01:00,0,0,5,5,31,32,41,58,30,67,31,38,7,6,5,7,3,21,0,0,0,0,0,0,0,0,0,0,0,0,0,0,0,0,0,0,398,0,0,0,0,0,0,0,0
2021-01-07T23:59:59+01:00,0,0,5,2,13,3,12,20,12,30,8,18,6,3,4,2,1,19,0,0,0,0,0,0,0,0,0,0,0,0,0,0,0,0,0,0,161,0,0,0,0,0,0,0,0
2021-01-06T23:59:59+01:00,0,0,5,1,6,3,7,17,9,24,7,10,4,3,2,2,1,16,0,0,0,0,0,0,0,0,0,0,0,0,0,0,0,0,0,0,120,0,0,0,0,0,0,0,0
2021-01-05T23:59:59+01:00,0,0,3,1,3,3,7,16,9,22,7,9,4,2,2,2,0,15,0,0,0,0,0,0,0,0,0,0,0,0,0,0,0,0,0,0,108,0,0,0,0,0,0,0,0
2021-01-04T23:59:59+01:00,0,0,2,1,3,3,7,15,8,19,7,9,3,2,2,1,0,10,0,0,0,0,0,0,0,0,0,0,0,0,0,0,0,0,0,0,94,0,0,0,0,0,0,0,0
2021-01-03T23:59:59+01:00,0,0,2,1,1,3,6,15,8,19,7,9,3,2,2,1,0,10,0,0,0,0,0,0,0,0,0,0,0,0,0,0,0,0,0,0,91,0,0,0,0,0,0,0,0
2021-01-02T23:59:59+01:00,0,0,2,1,1,3,6,15,7,19,6,9,3,2,2,1,0,10,0,0,0,0,0,0,0,0,0,0,0,0,0,0,0,0,0,0,89,0,0,0,0,0,0,0,0
2021-01-01T23:59:59+01:00,0,0,2,0,1,3,5,15,7,19,6,9,3,2,2,1,0,10,0,0,0,0,0,0,0,0,0,0,0,0,0,0,0,0,0,0,87,0,0,0,0,0,0,0,0
2020-12-31T23:59:59+01:00,0,0,2,0,1,3,5,14,7,19,6,9,3,2,2,1,0,10,0,0,0,0,0,0,0,0,0,0,0,0,0,0,0,0,0,0,86,0,0,0,0,0,0,0,0
2020-12-30T23:59:59+01:00,0,0,2,0,1,3,5,13,7,17,6,9,3,2,2,1,0,10,0,0,0,0,0,0,0,0,0,0,0,0,0,0,0,0,0,0,83,0,0,0,0,0,0,0,0
2020-12-29T23:59:59+01:00,0,0,1,0,1,3,4,8,4,14,4,7,2,1,2,0,0,8,0,0,0,0,0,0,0,0,0,0,0,0,0,0,0,0,0,0,60,0,0,0,0,0,0,0,0
2020-12-28T23:59:59+01:00,0,0,1,0,1,1,1,1,2,7,3,4,2,0,1,0,0,4,0,0,0,0,0,0,0,0,0,0,0,0,0,0,0,0,0,0,29,0,0,0,0,0,0,0,0
2020-12-27T23:59:59+01:00,0,0,1,0,0,0,0,1,1,7,1,2,1,0,1,0,0,2,0,0,0,0,0,0,0,0,0,0,0,0,0,0,0,0,0,0,17,0,0,0,0,0,0,0,0
