Datum,<15_m,<15_w,15-24_1_m,15-24_1_w,25-34_1_m,25-34_1_w,35-44_1_m,35-44_1_w,45-54_1_m,45-54_1_w,55-64_1_m,55-64_1_w,65-74_1_m,65-74_1_w,75-84_1_m,75-84_1_w,>84_1_m,>84_1_w,<24_2_m,<24_2_w,25-34_2_m,25-34_2_w,35-44_2_m,35-44_2_w,45-54_2_m,45-54_2_w,55-64_2_m,55-64_2_w,65-74_2_m,65-74_2_w,75-84_2_m,75-84_2_w,>84_2_m,>84_2_w,bp_1,bp_2,mo_1,mo_2,az_1,az_2,ja,unb_1,unb_2
2021-09-02T23:59:59+02:00,173,182,3483,3096,8962,6379,8562,5845,7579,7956,5558,5904,2804,2905,3279,3325,2750,5183,2866,2557,7779,5559,7738,5248,6890,7212,4963,5379,2225,2502,2455,2625,1989,3854,56739,47621,8388,7269,9709,7704,10108,50,41
2021-09-01T23:59:59+02:00,171,182,3459,3082,8913,6360,8533,5830,7556,7941,5547,5897,2803,2903,3278,3322,2750,5183,2847,2548,7731,5529,7701,5226,6857,7193,4953,5369,2222,2499,2455,2622,1989,3854,56610,47458,8369,7245,9709,7702,10046,45,40
2021-08-31T23:59:59+02:00,167,182,3429,3069,8862,6339,8507,5820,7540,7916,5541,5888,2800,2902,3277,3320,2750,5182,2828,2533,7689,5508,7677,5212,6836,7167,4943,5351,2220,2497,2454,2622,1989,3854,56488,47351,8362,7238,9709,7690,9955,45,40
2021-08-30T23:59:59+02:00,166,182,3379,3050,8815,6306,8461,5791,7502,7885,5529,5873,2797,2899,3276,3319,2750,5182,2793,2521,7638,5487,7636,5191,6806,7147,4935,5334,2215,2493,2452,2622,1989,3853,56288,47217,8359,7230,9709,7689,9828,45,40
2021-08-29T23:59:59+02:00,163,181,3364,3035,8786,6288,8438,5780,7494,7875,5521,5864,2796,2896,3276,3319,2749,5182,2774,2499,7599,5471,7611,5172,6793,7131,4925,5328,2213,2492,2451,2620,1988,3853,56207,47107,8353,7218,9709,7685,9759,45,40
2021-08-28T23:59:59+02:00,162,181,3358,3034,8781,6286,8432,5777,7487,7874,5521,5863,2796,2895,3276,3319,2749,5182,2767,2493,7591,5468,7604,5167,6787,7128,4924,5327,2213,2492,2451,2620,1988,3853,56192,47081,8353,7215,9709,7685,9740,45,40
2021-08-27T23:59:59+02:00,160,180,3342,3025,8750,6270,8402,5768,7467,7863,5513,5855,2796,2895,3276,3319,2749,5182,2751,2486,7567,5458,7585,5154,6772,7120,4917,5320,2213,2492,2450,2618,1988,3853,56102,47021,8352,7215,9709,7685,9669,45,40
2021-08-26T23:59:59+02:00,160,178,3295,3005,8683,6246,8359,5752,7445,7841,5498,5843,2793,2892,3276,3318,2749,5181,2715,2460,7513,5426,7529,5122,6735,7097,4888,5304,2209,2488,2449,2617,1988,3853,55929,46819,8345,7197,9709,7664,9550,45,40
2021-08-25T23:59:59+02:00,157,177,3266,2992,8639,6216,8323,5735,7413,7816,5486,5821,2789,2887,3276,3315,2748,5181,2667,2433,7444,5381,7476,5087,6692,7055,4871,5279,2207,2484,2449,2614,1987,3853,55796,46550,8341,7189,9708,7658,9411,45,40
2021-08-24T23:59:59+02:00,156,175,3255,2978,8612,6196,8305,5715,7394,7796,5479,5810,2787,2886,3275,3312,2748,5180,2642,2409,7402,5349,7443,5062,6662,7024,4855,5261,2206,2482,2449,2613,1987,3853,55707,46368,8335,7176,9708,7654,9328,45,40
2021-08-23T23:59:59+02:00,154,167,3205,2955,8560,6170,8266,5694,7361,7765,5465,5795,2785,2885,3274,3311,2748,5179,2611,2389,7345,5309,7400,5046,6621,6992,4839,5244,2202,2480,2448,2612,1986,3853,55530,46189,8325,7163,9705,7650,9197,45,40
2021-08-22T23:59:59+02:00,153,167,3193,2945,8543,6150,8252,5686,7343,7755,5459,5788,2782,2882,3274,3311,2748,5179,2594,2378,7312,5284,7378,5030,6597,6975,4835,5235,2197,2475,2448,2612,1985,3853,55452,46054,8319,7154,9704,7647,9153,45,40
2021-08-21T23:59:59+02:00,151,166,3178,2940,8530,6141,8241,5680,7337,7749,5455,5782,2781,2882,3274,3310,2748,5179,2582,2370,7290,5265,7358,5018,6584,6968,4826,5229,2196,2473,2447,2611,1985,3853,55388,45964,8316,7128,9704,7645,9134,45,40
2021-08-20T23:59:59+02:00,150,163,3161,2928,8495,6118,8210,5661,7316,7726,5444,5769,2780,2879,3274,3309,2748,5177,2546,2356,7237,5224,7318,4989,6543,6929,4809,5206,2192,2468,2447,2608,1985,3851,55307,45784,8303,7086,9703,7634,9012,45,40
2021-08-19T23:59:59+02:00,150,160,3136,2909,8438,6089,8172,5636,7293,7701,5430,5754,2774,2876,3273,3308,2748,5176,2497,2331,7151,5171,7253,4950,6494,6870,4779,5173,2188,2464,2446,2608,1985,3851,55160,45437,8291,7057,9701,7625,8887,45,40
2021-08-18T23:59:59+02:00,149,158,3114,2898,8404,6068,8139,5618,7259,7685,5418,5747,2769,2873,3272,3308,2747,5175,2463,2313,7075,5137,7190,4915,6448,6840,4753,5146,2184,2460,2443,2608,1985,3850,55021,45182,8285,6994,9700,7616,8810,45,40
2021-08-17T23:59:59+02:00,149,157,3095,2882,8372,6044,8108,5606,7250,7664,5406,5736,2766,2871,3271,3307,2746,5175,2431,2288,7008,5086,7140,4879,6418,6800,4732,5125,2177,2454,2442,2605,1984,3850,54900,44895,8275,6953,9699,7609,8744,45,40
2021-08-16T23:59:59+02:00,146,155,3084,2868,8342,6029,8089,5597,7236,7648,5394,5723,2766,2871,3270,3306,2746,5175,2397,2252,6928,5041,7068,4842,6365,6758,4701,5100,2175,2452,2439,2602,1984,3850,54807,44509,8270,6939,9699,7598,8681,45,40
2021-08-15T23:59:59+02:00,146,154,3077,2857,8312,6016,8070,5586,7218,7637,5389,5716,2765,2869,3270,3305,2746,5175,2367,2208,6871,5004,7024,4808,6328,6726,4689,5087,2171,2447,2438,2600,1984,3850,54717,44214,8265,6917,9698,7594,8640,45,40
2021-08-14T23:59:59+02:00,145,154,3073,2851,8302,6011,8061,5585,7218,7634,5386,5714,2763,2868,3270,3304,2746,5175,2359,2198,6843,4990,7009,4797,6318,6709,4670,5077,2168,2444,2438,2598,1984,3849,54697,44104,8264,6904,9698,7592,8613,45,40
2021-08-13T23:59:59+02:00,143,153,3053,2843,8276,5995,8049,5571,7203,7624,5374,5706,2762,2863,3270,3303,2746,5175,2320,2173,6791,4950,6966,4761,6281,6683,4653,5062,2167,2438,2436,2598,1984,3849,54610,43845,8262,6882,9698,7591,8551,45,40
2021-08-12T23:59:59+02:00,140,147,3036,2831,8240,5972,8015,5552,7182,7599,5360,5693,2761,2861,3268,3303,2746,5175,2282,2138,6696,4893,6908,4721,6234,6630,4626,5030,2163,2435,2432,2597,1984,3849,54492,43497,8257,6856,9697,7570,8447,45,40
2021-08-11T23:59:59+02:00,137,144,3018,2817,8200,5947,7985,5538,7161,7583,5350,5676,2759,2858,3268,3302,2746,5175,2249,2107,6606,4838,6819,4672,6178,6568,4602,4987,2155,2425,2431,2595,1984,3848,54357,43054,8248,6817,9694,7559,8377,45,40
2021-08-10T23:59:59+02:00,136,143,3000,2803,8155,5927,7959,5523,7131,7567,5337,5669,2756,2858,3268,3300,2746,5174,2176,2047,6480,4770,6725,4606,6087,6497,4558,4964,2149,2416,2428,2594,1984,3847,54235,42428,8240,6795,9693,7543,8296,45,40
2021-08-09T23:59:59+02:00,135,142,2982,2798,8121,5904,7929,5512,7107,7548,5326,5657,2755,2857,3268,3300,2746,5173,2120,1997,6376,4700,6623,4559,6019,6443,4530,4928,2143,2407,2427,2592,1984,3847,54145,41959,8232,6741,9693,7522,8202,45,40
2021-08-08T23:59:59+02:00,135,140,2966,2787,8097,5887,7909,5498,7096,7537,5319,5652,2752,2857,3268,3300,2746,5173,2093,1968,6308,4651,6565,4529,5981,6419,4516,4912,2133,2402,2425,2590,1984,3847,54069,41694,8231,6698,9690,7516,8141,45,40
2021-08-07T23:59:59+02:00,134,139,2958,2780,8067,5873,7891,5491,7088,7528,5315,5647,2750,2857,3268,3300,2746,5173,2054,1944,6225,4597,6504,4494,5945,6379,4499,4898,2130,2401,2425,2587,1984,3847,54002,41355,8227,6670,9690,7507,8098,45,40
2021-08-06T23:59:59+02:00,133,138,2943,2769,8036,5860,7862,5469,7066,7505,5305,5634,2746,2855,3268,3299,2746,5173,2016,1899,6119,4521,6430,4455,5901,6335,4481,4878,2128,2398,2424,2584,1984,3846,53944,40994,8206,6637,9690,7495,7979,45,40
2021-08-05T23:59:59+02:00,131,137,2911,2753,8002,5836,7822,5444,7043,7484,5285,5608,2741,2852,3265,3295,2746,5172,1965,1847,5979,4414,6313,4390,5832,6271,4444,4833,2120,2390,2421,2582,1984,3846,53793,40488,8196,6539,9687,7438,7862,45,40
2021-08-04T23:59:59+02:00,126,132,2842,2723,7912,5796,7770,5414,7010,7446,5267,5594,2735,2848,3263,3294,2746,5172,1883,1813,5839,4336,6176,4335,5763,6205,4414,4791,2109,2384,2416,2579,1984,3845,53553,39993,8178,6482,9686,7402,7681,45,40
2021-08-03T23:59:59+02:00,123,132,2819,2701,7880,5778,7733,5394,6985,7421,5256,5582,2731,2846,3262,3291,2746,5172,1850,1783,5740,4265,6074,4284,5692,6145,4374,4751,2104,2379,2415,2577,1984,3845,53394,39518,8173,6440,9684,7378,7608,45,40
2021-08-02T23:59:59+02:00,123,132,2796,2678,7836,5747,7704,5385,6959,7407,5237,5573,2729,2840,3261,3290,2745,5172,1821,1753,5612,4174,5963,4219,5622,6095,4324,4717,2098,2366,2413,2571,1983,3844,53234,38955,8165,6401,9684,7356,7537,45,40
2021-08-01T23:59:59+02:00,122,130,2779,2665,7799,5724,7690,5371,6947,7398,5231,5567,2726,2839,3259,3290,2745,5172,1802,1734,5532,4132,5899,4171,5579,6072,4306,4697,2095,2363,2411,2568,1983,3844,53138,38669,8150,6370,9683,7331,7487,45,40
2021-07-31T23:59:59+02:00,120,129,2772,2657,7778,5716,7683,5366,6943,7388,5230,5566,2724,2839,3259,3290,2745,5172,1763,1690,5431,4070,5838,4125,5526,6036,4278,4672,2092,2360,2411,2567,1983,3844,53097,38201,8145,6353,9683,7327,7456,45,40
2021-07-30T23:59:59+02:00,117,126,2761,2649,7751,5699,7669,5344,6924,7376,5223,5558,2723,2838,3259,3289,2745,5172,1742,1671,5346,4027,5769,4068,5467,5986,4252,4655,2087,2358,2410,2564,1983,3844,53014,37838,8137,6323,9683,7316,7393,45,40
2021-07-29T23:59:59+02:00,115,125,2726,2629,7693,5653,7626,5299,6894,7336,5199,5536,2722,2833,3257,3288,2745,5172,1701,1641,5222,3928,5635,3998,5378,5895,4205,4599,2079,2348,2407,2562,1982,3844,52801,37259,8121,6267,9678,7279,7251,45,40
2021-07-28T23:59:59+02:00,112,123,2704,2616,7653,5614,7593,5272,6868,7314,5184,5524,2719,2832,3255,3285,2744,5171,1663,1597,5120,3850,5517,3931,5285,5818,4169,4564,2067,2340,2405,2560,1982,3842,52601,36686,8110,6207,9674,7240,7201,45,40
2021-07-27T23:59:59+02:00,109,121,2686,2599,7605,5590,7556,5254,6847,7293,5171,5509,2717,2830,3255,3284,2743,5171,1620,1567,4980,3763,5391,3852,5195,5745,4124,4512,2060,2327,2404,2557,1981,3842,52459,36097,8091,6123,9673,7199,7120,45,40
2021-07-26T23:59:59+02:00,108,118,2659,2582,7573,5567,7522,5237,6820,7273,5166,5496,2713,2830,3254,3284,2743,5171,1583,1512,4838,3701,5282,3786,5121,5669,4070,4476,2056,2313,2403,2551,1981,3841,52312,35537,8070,6048,9670,7150,7063,45,40
2021-07-25T23:59:59+02:00,104,115,2643,2559,7534,5541,7488,5224,6800,7251,5156,5491,2711,2827,3253,3283,2743,5170,1563,1484,4782,3656,5226,3755,5073,5629,4040,4452,2052,2308,2402,2551,1981,3841,52149,35255,8061,6016,9667,7119,7014,45,40
2021-07-24T23:59:59+02:00,104,114,2628,2548,7502,5525,7463,5211,6783,7236,5147,5486,2710,2824,3253,3283,2743,5170,1544,1465,4736,3635,5152,3710,5031,5601,4019,4444,2051,2306,2401,2549,1981,3840,52063,35061,8039,5929,9666,7119,6959,45,40
2021-07-23T23:59:59+02:00,101,112,2598,2521,7447,5497,7431,5187,6749,7211,5125,5475,2708,2821,3251,3283,2743,5170,1488,1432,4594,3535,5015,3632,4958,5530,3971,4411,2050,2298,2400,2544,1980,3840,51878,34417,8033,5901,9664,7099,6850,45,40
2021-07-22T23:59:59+02:00,99,109,2564,2491,7358,5453,7377,5146,6697,7164,5091,5451,2701,2815,3249,3282,2743,5168,1428,1391,4432,3461,4862,3560,4809,5448,3885,4359,2037,2288,2395,2542,1980,3839,51543,33781,8013,5752,9652,7028,6740,45,40
2021-07-21T23:59:59+02:00,98,105,2531,2473,7288,5416,7317,5105,6636,7125,5070,5425,2694,2809,3247,3279,2743,5166,1399,1348,4310,3376,4721,3495,4699,5338,3814,4314,2024,2276,2392,2541,1980,3837,51274,33304,7962,5539,9646,6967,6631,45,40
2021-07-20T23:59:59+02:00,97,104,2509,2445,7228,5384,7281,5072,6597,7080,5040,5406,2691,2804,3246,3279,2743,5166,1364,1314,4191,3309,4632,3445,4607,5258,3758,4283,2020,2266,2391,2540,1980,3836,51009,32829,7950,5462,9644,6917,6554,45,40
2021-07-19T23:59:59+02:00,96,103,2483,2418,7173,5342,7231,5051,6558,7048,5019,5390,2686,2799,3245,3275,2743,5165,1343,1291,4115,3263,4550,3412,4528,5192,3723,4259,2016,2260,2387,2537,1979,3836,50720,32526,7937,5344,9643,6873,6509,45,40
2021-07-18T23:59:59+02:00,96,101,2453,2389,7099,5294,7188,5019,6521,7006,5000,5380,2679,2793,3243,3275,2742,5164,1326,1271,4069,3219,4510,3382,4479,5171,3686,4244,2010,2250,2386,2537,1979,3834,50390,32322,7921,5270,9639,6846,6474,45,38
2021-07-17T23:59:59+02:00,94,97,2435,2375,7080,5280,7169,5001,6501,6988,4980,5369,2675,2792,3243,3274,2742,5163,1313,1258,4035,3185,4466,3362,4438,5138,3657,4232,2004,2247,2386,2535,1979,3834,50274,32162,7912,5213,9638,6837,6415,45,38
2021-07-16T23:59:59+02:00,94,94,2394,2347,7017,5246,7108,4967,6455,6945,4948,5341,2668,2786,3241,3273,2742,5163,1274,1234,3932,3135,4372,3321,4350,5078,3595,4184,1990,2236,2380,2533,1979,3833,50090,31811,7882,5186,9624,6767,6210,45,38
2021-07-15T23:59:59+02:00,91,89,2351,2316,6940,5208,7046,4925,6405,6891,4931,5314,2665,2780,3238,3270,2742,5163,1223,1201,3731,3021,4187,3217,4197,4979,3530,4122,1981,2227,2376,2527,1979,3833,49747,31108,7864,4954,9618,6700,6108,45,38
2021-07-14T23:59:59+02:00,89,87,2314,2298,6868,5172,6970,4890,6349,6846,4909,5290,2657,2774,3235,3268,2742,5163,1176,1161,3613,2934,4083,3154,4091,4909,3486,4077,1968,2219,2375,2524,1979,3833,49423,30630,7847,4855,9615,6626,6004,45,38
2021-07-13T23:59:59+02:00,86,81,2283,2266,6809,5138,6906,4851,6307,6799,4886,5272,2649,2768,3233,3268,2742,5163,1142,1130,3510,2853,3958,3087,4003,4821,3432,4014,1941,2212,2372,2519,1978,3831,49093,30149,7838,4719,9614,6531,5929,44,38
2021-07-12T23:59:59+02:00,80,79,2254,2240,6738,5093,6835,4805,6256,6759,4860,5245,2644,2765,3230,3267,2742,5163,1112,1108,3410,2777,3845,3021,3898,4738,3380,3966,1930,2201,2367,2509,1978,3831,48743,29699,7824,4599,9610,6449,5843,44,37
2021-07-11T23:59:59+02:00,75,77,2242,2225,6702,5075,6805,4783,6225,6741,4851,5236,2641,2760,3228,3267,2741,5163,1103,1092,3367,2735,3785,2991,3844,4710,3358,3951,1921,2189,2364,2505,1978,3831,48628,29518,7803,4566,9607,6393,5762,44,37
2021-07-10T23:59:59+02:00,73,76,2219,2190,6622,5025,6742,4749,6175,6704,4825,5225,2638,2757,3228,3264,2741,5162,1086,1072,3311,2692,3738,2961,3807,4679,3342,3939,1915,2182,2364,2503,1978,3831,48371,29339,7781,4564,9591,6377,5630,44,37
2021-07-09T23:59:59+02:00,72,74,2196,2167,6546,4983,6691,4723,6125,6668,4807,5204,2636,2752,3227,3263,2741,5162,1064,1055,3252,2645,3687,2924,3757,4644,3314,3911,1912,2167,2362,2502,1978,3831,48138,29127,7746,4532,9583,6320,5523,44,37
2021-07-08T23:59:59+02:00,68,71,2138,2120,6444,4917,6582,4665,6059,6602,4771,5170,2628,2743,3224,3259,2741,5162,988,1002,3083,2556,3491,2851,3580,4545,3238,3843,1895,2151,2360,2493,1977,3830,47798,28636,7668,4242,9549,6186,5299,44,37
2021-07-07T23:59:59+02:00,68,70,2065,2073,6321,4839,6474,4607,5983,6543,4735,5121,2622,2732,3219,3254,2741,5162,936,966,2931,2476,3318,2772,3421,4437,3180,3779,1875,2122,2352,2485,1977,3828,47284,28084,7619,3998,9530,6103,5141,44,37
2021-07-06T23:59:59+02:00,66,70,2018,2035,6209,4783,6381,4564,5926,6473,4691,5085,2616,2726,3215,3249,2741,5162,899,928,2818,2378,3227,2711,3344,4343,3119,3723,1849,2091,2347,2478,1977,3828,46830,27577,7570,3892,9514,6017,5037,44,37
2021-07-05T23:59:59+02:00,64,70,1943,1985,6063,4706,6268,4523,5856,6418,4649,5045,2612,2719,3213,3247,2741,5160,852,885,2709,2304,3149,2660,3264,4270,3071,3666,1827,2072,2340,2469,1976,3825,46344,27193,7526,3815,9489,5932,4858,44,37
2021-07-04T23:59:59+02:00,64,69,1896,1948,5973,4661,6222,4493,5814,6397,4631,5022,2609,2717,3213,3245,2741,5159,813,861,2646,2250,3111,2635,3233,4236,3047,3643,1812,2048,2337,2468,1975,3825,46126,27052,7487,3756,9461,5854,4734,43,37
2021-07-03T23:59:59+02:00,61,55,1792,1869,5761,4504,6071,4404,5726,6305,4583,4985,2607,2714,3213,3241,2741,5159,771,836,2580,2203,3061,2612,3194,4190,3016,3613,1806,2041,2336,2464,1975,3823,45286,26876,7454,3754,9453,5825,4520,43,37
2021-07-02T23:59:59+02:00,55,47,1752,1825,5682,4458,6023,4368,5706,6279,4570,4967,2606,2708,3212,3240,2740,5159,750,809,2507,2154,2991,2570,3150,4141,2986,3573,1788,2023,2332,2458,1975,3821,45006,26587,7418,3728,9448,5724,4440,43,37
2021-07-01T23:59:59+02:00,48,40,1704,1787,5574,4386,5932,4319,5628,6208,4542,4937,2602,2703,3211,3239,2740,5158,683,769,2310,2078,2803,2483,2973,4026,2886,3485,1757,1999,2323,2445,1974,3819,44583,25808,7357,3524,9433,5617,4298,43,37
2021-06-30T23:59:59+02:00,48,38,1653,1735,5453,4294,5832,4268,5569,6159,4530,4914,2598,2695,3209,3236,2740,5158,647,732,2205,2010,2692,2429,2863,3937,2823,3408,1737,1966,2314,2433,1973,3818,44150,25339,7294,3407,9416,5491,4178,43,37
2021-06-29T23:59:59+02:00,47,34,1597,1653,5341,4202,5735,4213,5514,6099,4502,4885,2593,2690,3208,3235,2739,5157,618,692,2125,1929,2613,2362,2763,3820,2762,3356,1720,1931,2301,2419,1972,3815,43614,24847,7264,3332,9408,5379,4060,43,37
2021-06-28T23:59:59+02:00,45,32,1562,1595,5224,4137,5666,4157,5468,6057,4474,4860,2589,2682,3207,3233,2739,5157,601,667,2028,1864,2535,2307,2692,3739,2716,3309,1702,1912,2293,2413,1972,3812,43207,24531,7202,3192,9396,5282,3973,43,37
2021-06-27T23:59:59+02:00,44,31,1531,1567,5174,4095,5619,4125,5425,6038,4463,4849,2586,2678,3207,3232,2739,5157,581,649,1977,1819,2498,2287,2647,3700,2686,3292,1691,1897,2292,2403,1972,3812,43016,24384,7165,3137,9375,5196,3898,43,37
2021-06-26T23:59:59+02:00,35,26,1499,1539,5101,4048,5526,4081,5384,6003,4442,4835,2586,2676,3207,3230,2739,5157,575,639,1945,1798,2462,2268,2625,3677,2665,3271,1669,1887,2291,2401,1972,3812,42651,24162,7080,3134,9375,5172,3898,42,37
2021-06-25T23:59:59+02:00,29,18,1463,1497,4989,3969,5472,4052,5349,5976,4417,4824,2582,2673,3205,3229,2739,5156,566,614,1898,1778,2400,2200,2528,3538,2619,3169,1661,1865,2287,2398,1970,3811,42212,23704,7045,3108,9374,4992,3896,42,37
2021-06-24T23:59:59+02:00,21,13,1410,1446,4800,3851,5346,4000,5253,5933,4373,4793,2577,2670,3205,3228,2738,5156,526,592,1786,1711,2231,2133,2367,3456,2507,3074,1627,1841,2277,2392,1969,3808,41555,23186,6990,2800,9364,4907,3786,42,37
2021-06-23T23:59:59+02:00,21,13,1379,1412,4715,3796,5261,3948,5199,5887,4348,4758,2567,2663,3201,3226,2737,5155,492,574,1720,1652,2131,2085,2249,3364,2403,2980,1602,1817,2271,2385,1968,3806,41123,22636,6935,2725,9359,4763,3750,42,37
2021-06-22T23:59:59+02:00,20,13,1352,1391,4639,3730,5179,3900,5153,5840,4319,4732,2563,2657,3201,3225,2736,5155,477,556,1662,1610,2047,2029,2168,3254,2296,2882,1589,1794,2262,2373,1967,3802,40709,22203,6888,2607,9355,4602,3724,42,36
2021-06-21T23:59:59+02:00,19,13,1323,1349,4523,3644,5098,3856,5087,5777,4292,4713,2559,2643,3200,3220,2735,5153,461,540,1626,1576,2012,1988,2118,3173,2229,2801,1565,1758,2239,2350,1967,3798,40182,21906,6844,2511,9352,4457,3691,42,36
2021-06-20T23:59:59+02:00,18,11,1299,1318,4450,3582,5054,3837,5052,5757,4269,4701,2555,2641,3199,3220,2734,5153,445,525,1592,1547,1987,1964,2083,3146,2180,2760,1558,1743,2237,2344,1967,3797,39902,21717,6814,2474,9339,4392,3654,42,35
2021-06-19T23:59:59+02:00,17,11,1288,1299,4408,3551,5034,3810,5020,5732,4251,4692,2552,2639,3199,3219,2733,5153,440,521,1575,1530,1971,1937,2070,3122,2155,2724,1550,1734,2233,2341,1965,3796,39738,21559,6750,2445,9339,4382,3633,42,35
2021-06-18T23:59:59+02:00,12,8,1270,1278,4338,3508,4984,3772,4970,5691,4227,4680,2548,2635,3198,3217,2733,5153,427,511,1554,1513,1944,1906,2025,3073,2099,2663,1537,1717,2233,2336,1964,3793,39413,21246,6703,2442,9338,4336,3619,42,35
2021-06-17T23:59:59+02:00,10,7,1226,1242,4177,3438,4797,3698,4795,5599,4167,4634,2542,2632,3198,3216,2732,5153,393,494,1455,1480,1767,1844,1861,2978,1996,2582,1514,1695,2222,2324,1962,3791,38810,20773,6641,2336,9330,4258,3331,40,35
2021-06-16T23:59:59+02:00,10,7,1201,1209,4072,3354,4698,3645,4688,5528,4122,4604,2534,2628,3197,3212,2731,5152,377,473,1396,1444,1703,1813,1780,2898,1932,2509,1499,1668,2208,2311,1962,3787,38325,20370,6514,2268,9320,4180,3276,40,35
2021-06-15T23:59:59+02:00,10,7,1168,1174,3935,3271,4628,3588,4612,5453,4080,4571,2524,2621,3192,3210,2731,5151,367,449,1346,1397,1656,1772,1710,2840,1862,2437,1481,1638,2203,2297,1961,3786,37777,20044,6474,2181,9308,4108,3198,40,35
2021-06-14T23:59:59+02:00,10,5,1141,1139,3844,3219,4544,3532,4533,5382,4028,4537,2520,2611,3192,3206,2730,5150,357,436,1307,1364,1610,1741,1662,2782,1802,2383,1468,1612,2198,2290,1960,3784,37316,19796,6385,2112,9302,4028,3144,39,35
2021-06-13T23:59:59+02:00,10,5,1126,1125,3793,3176,4486,3487,4484,5344,4009,4522,2519,2605,3191,3205,2730,5148,351,429,1274,1347,1575,1716,1619,2746,1763,2338,1453,1591,2192,2279,1960,3782,37055,19606,6349,2090,9297,3953,3084,39,35
2021-06-12T23:59:59+02:00,10,4,1109,1103,3765,3150,4458,3465,4466,5329,3993,4512,2516,2602,3190,3204,2730,5147,347,427,1266,1330,1551,1691,1591,2726,1717,2316,1442,1579,2180,2276,1960,3781,36867,19437,6337,2090,9297,3895,3070,39,35
2021-06-11T23:59:59+02:00,8,4,1091,1090,3725,3105,4384,3437,4427,5293,3966,4501,2515,2598,3189,3201,2730,5146,336,415,1245,1297,1525,1671,1545,2676,1660,2269,1431,1564,2178,2271,1960,3780,36573,19184,6310,2082,9293,3819,3046,39,35
2021-06-10T23:59:59+02:00,7,4,1031,1047,3604,3021,4253,3355,4325,5224,3909,4466,2512,2590,3187,3199,2729,5146,320,403,1184,1261,1458,1609,1480,2604,1569,2164,1397,1530,2173,2261,1959,3777,35993,18748,6172,2075,9275,3663,2964,39,34
2021-06-09T23:59:59+02:00,7,2,982,1014,3474,2924,4112,3296,4233,5146,3865,4424,2508,2584,3184,3196,2729,5146,302,387,1121,1225,1390,1581,1418,2522,1493,2088,1370,1472,2165,2247,1958,3774,35504,18423,6004,2022,9272,3532,2832,39,34
2021-06-08T23:59:59+02:00,6,2,934,975,3345,2839,3990,3208,4132,5059,3808,4396,2500,2579,3181,3193,2728,5144,289,365,1078,1186,1334,1548,1363,2462,1443,2014,1346,1436,2154,2229,1954,3770,34950,18181,5868,1975,9262,3394,2710,39,33
2021-06-07T23:59:59+02:00,5,2,906,949,3240,2762,3857,3170,4008,4986,3758,4368,2486,2573,3180,3191,2728,5142,280,358,1032,1147,1278,1526,1318,2407,1372,1960,1331,1415,2138,2212,1953,3761,34570,18005,5688,1940,9253,3262,2562,39,33
2021-06-06T23:59:59+02:00,5,2,887,939,3181,2721,3769,3121,3934,4955,3724,4352,2482,2567,3178,3190,2726,5141,273,345,1017,1121,1247,1494,1293,2349,1341,1900,1315,1398,2131,2205,1951,3758,34356,17899,5551,1891,9245,3148,2475,39,33
2021-06-05T23:59:59+02:00,5,2,872,920,3111,2663,3721,3092,3898,4930,3711,4348,2481,2565,3178,3189,2726,5140,268,338,1001,1100,1224,1473,1268,2318,1306,1879,1295,1372,2128,2201,1951,3758,34079,17729,5546,1887,9239,3097,2435,39,32
2021-06-04T23:59:59+02:00,3,2,849,904,3056,2611,3645,3051,3827,4874,3681,4328,2477,2562,3175,3189,2726,5140,258,331,979,1067,1202,1459,1233,2281,1271,1843,1276,1348,2118,2196,1951,3756,33756,17567,5499,1882,9236,3038,2348,39,32
2021-06-03T23:59:59+02:00,3,2,804,873,2901,2513,3460,2944,3648,4754,3586,4255,2469,2551,3170,3183,2726,5140,246,317,946,1031,1145,1405,1166,2188,1209,1778,1237,1302,2107,2182,1951,3754,33073,17344,5268,1863,9221,2872,2142,39,32
2021-06-02T23:59:59+02:00,3,2,774,865,2828,2434,3392,2888,3583,4689,3543,4229,2467,2547,3170,3182,2726,5140,230,312,926,1000,1091,1373,1116,2143,1156,1729,1222,1263,2103,2179,1951,3754,32715,17128,5251,1849,9220,2833,1987,39,32
2021-06-01T23:59:59+02:00,3,2,728,837,2664,2320,3199,2787,3404,4572,3479,4166,2456,2539,3167,3176,2726,5140,217,299,847,950,989,1309,1026,2025,1101,1653,1188,1205,2094,2167,1949,3749,32108,16848,5030,1809,9208,2637,1710,39,32
2021-05-31T23:59:59+02:00,3,2,694,813,2533,2237,3061,2690,3289,4468,3419,4116,2449,2526,3165,3171,2726,5139,203,284,798,907,919,1257,974,1940,1058,1595,1165,1174,2088,2162,1947,3747,31715,16669,4797,1794,9189,2502,1481,39,32
2021-05-30T23:59:59+02:00,3,2,683,800,2477,2186,2985,2652,3229,4421,3399,4093,2445,2521,3164,3170,2725,5137,193,265,758,868,863,1211,927,1874,1035,1542,1151,1158,2082,2152,1947,3745,31564,16571,4733,1784,9178,2345,1294,39,32
2021-05-29T23:59:59+02:00,3,1,681,798,2462,2169,2962,2640,3212,4403,3389,4084,2444,2520,3164,3170,2725,5137,190,255,752,858,844,1187,909,1822,1018,1504,1137,1138,2081,2144,1946,3745,31439,16470,4731,1784,9176,2204,1293,39,32
2021-05-28T23:59:59+02:00,3,1,674,788,2430,2133,2917,2614,3187,4384,3377,4068,2444,2516,3162,3164,2725,5137,187,247,741,847,834,1167,898,1780,983,1460,1114,1108,2078,2136,1945,3743,31211,16287,4720,1782,9171,2127,1289,39,32
2021-05-27T23:59:59+02:00,3,1,630,767,2301,2078,2783,2542,3052,4307,3293,4014,2436,2502,3161,3162,2725,5134,172,230,678,796,758,1111,816,1682,917,1373,1091,1075,2064,2115,1944,3741,30725,16068,4589,1741,9138,1874,1091,39,31
2021-05-26T23:59:59+02:00,3,1,601,742,2201,2013,2623,2482,2925,4242,3238,3961,2425,2490,3156,3155,2722,5128,166,212,641,757,712,1075,767,1613,871,1316,1072,1045,2045,2081,1939,3735,30327,15834,4354,1727,9109,1735,960,39,31
2021-05-25T23:59:59+02:00,3,1,578,726,2118,1956,2524,2440,2818,4159,3186,3924,2412,2481,3153,3150,2721,5124,156,204,621,728,677,1040,721,1553,819,1253,1048,1021,2014,2046,1938,3730,29973,15597,4174,1688,9068,1599,895,38,28
2021-05-24T23:59:59+02:00,3,1,565,704,2063,1916,2449,2409,2748,4106,3132,3882,2400,2473,3147,3149,2718,5123,151,196,602,710,650,1008,683,1491,795,1199,1025,1003,2008,2042,1933,3729,29791,15491,4000,1675,9032,1473,796,37,27
2021-05-23T23:59:59+02:00,3,1,562,702,2049,1905,2437,2395,2737,4093,3121,3868,2395,2470,3147,3147,2718,5123,150,195,598,704,643,1004,666,1478,782,1191,1019,997,2003,2037,1931,3725,29680,15408,3997,1668,9031,1463,794,37,27
2021-05-22T23:59:59+02:00,3,1,557,692,2026,1886,2404,2378,2713,4063,3092,3840,2386,2465,3145,3144,2718,5122,147,187,591,699,639,994,653,1472,776,1182,1006,990,1995,2022,1931,3725,29448,15338,3996,1668,9029,1425,785,37,27
2021-05-21T23:59:59+02:00,3,1,545,674,1942,1856,2314,2332,2648,4013,3049,3791,2379,2451,3142,3143,2718,5120,147,184,585,692,627,984,639,1460,756,1162,989,961,1983,2016,1931,3724,28974,15236,3969,1666,9012,1363,782,37,27
2021-05-20T23:59:59+02:00,3,1,507,653,1809,1786,2184,2258,2524,3915,2964,3704,2358,2436,3133,3135,2716,5117,140,175,557,657,594,945,611,1401,725,1099,962,925,1971,2001,1929,3721,28298,15098,3853,1650,8938,1156,710,37,27
2021-05-19T23:59:59+02:00,3,1,467,618,1703,1712,2048,2190,2386,3819,2860,3606,2337,2416,3126,3128,2710,5116,127,167,530,636,562,911,583,1350,697,1038,940,904,1951,1970,1922,3717,27553,14919,3782,1629,8896,1059,592,37,27
2021-05-18T23:59:59+02:00,3,0,443,596,1626,1651,1951,2130,2272,3697,2761,3506,2324,2396,3118,3120,2709,5112,119,160,506,616,540,878,566,1273,679,975,922,877,1937,1948,1918,3710,27039,14780,3610,1588,8839,953,493,37,27
2021-05-17T23:59:59+02:00,3,0,422,584,1570,1616,1897,2077,2194,3587,2707,3432,2304,2376,3107,3112,2707,5107,114,152,486,602,530,843,553,1209,666,920,901,840,1932,1937,1917,3705,26729,14688,3461,1549,8773,855,401,37,26
2021-05-16T23:59:59+02:00,3,0,418,583,1542,1587,1866,2054,2150,3534,2647,3373,2290,2367,3104,3108,2707,5106,111,150,478,583,521,827,539,1159,646,878,872,809,1925,1932,1917,3704,26543,14627,3392,1512,8734,766,328,37,26
2021-05-15T23:59:59+02:00,3,0,413,578,1516,1570,1847,2035,2130,3510,2620,3335,2283,2367,3103,3105,2706,5106,110,147,476,582,521,826,534,1155,638,870,868,806,1919,1928,1917,3704,26340,14591,3392,1511,8727,758,323,35,26
2021-05-14T23:59:59+02:00,3,0,400,565,1485,1540,1806,1991,2050,3437,2566,3287,2273,2355,3100,3105,2704,5106,108,144,473,566,501,801,514,1124,624,854,853,791,1911,1919,1917,3703,25958,14528,3350,1495,8703,656,303,35,26
2021-05-13T23:59:59+02:00,2,0,377,549,1425,1491,1702,1946,1934,3349,2494,3196,2246,2337,3091,3099,2702,5100,103,141,461,558,491,786,508,1109,613,841,824,759,1894,1893,1916,3697,25508,14438,3131,1442,8649,616,276,35,24
2021-05-12T23:59:59+02:00,1,0,370,545,1407,1483,1684,1937,1914,3324,2479,3178,2243,2330,3085,3096,2702,5099,103,139,458,558,490,779,504,1104,609,835,816,745,1890,1884,1914,3697,25372,14382,3109,1432,8643,615,273,34,24
2021-05-11T23:59:59+02:00,1,0,350,525,1339,1446,1587,1898,1803,3226,2374,3100,2226,2302,3076,3085,2697,5098,97,129,443,530,469,752,484,1072,575,813,789,712,1877,1873,1912,3693,24954,14260,2940,1391,8530,527,216,34,24
2021-05-10T23:59:59+02:00,1,0,335,507,1301,1416,1534,1868,1736,3165,2312,3028,2212,2287,3067,3076,2696,5094,97,126,437,523,460,731,477,1048,570,790,773,693,1871,1866,1910,3689,24673,14192,2864,1382,8411,473,188,34,23
2021-05-09T23:59:59+02:00,1,0,329,497,1260,1396,1507,1851,1689,3128,2244,2978,2201,2273,3064,3070,2696,5089,94,123,428,514,452,725,467,1039,559,776,759,683,1862,1861,1909,3686,24432,14144,2810,1375,8360,424,165,34,22
2021-05-08T23:59:59+02:00,1,0,323,494,1249,1377,1475,1829,1659,3101,2192,2958,2194,2265,3061,3069,2694,5088,93,123,427,513,450,724,466,1034,559,770,753,682,1856,1851,1909,3686,24192,14124,2806,1367,8356,411,164,34,22
2021-05-07T23:59:59+02:00,1,0,312,487,1221,1350,1425,1810,1600,3038,2137,2909,2185,2255,3060,3064,2692,5083,90,120,415,500,440,697,453,999,536,745,747,657,1835,1836,1909,3682,23912,14052,2777,1342,8291,307,130,34,20
2021-05-06T23:59:59+02:00,1,0,294,472,1133,1313,1307,1747,1459,2924,1994,2816,2145,2221,3056,3051,2691,5079,87,114,402,486,428,680,441,976,518,722,732,639,1817,1820,1905,3675,23400,13969,2584,1318,8078,222,102,32,19
2021-05-05T23:59:59+02:00,1,0,279,458,1092,1287,1260,1710,1391,2858,1904,2732,2121,2187,3041,3036,2691,5068,87,110,394,476,423,668,434,965,511,704,710,626,1791,1798,1905,3672,22938,13882,2524,1294,8012,173,95,32,17
2021-05-04T23:59:59+02:00,1,0,271,447,1055,1263,1221,1689,1346,2810,1842,2664,2101,2152,3031,3022,2681,5055,83,106,387,465,420,663,424,945,501,684,692,603,1772,1771,1901,3672,22590,13777,2461,1261,7959,132,89,32,16
2021-05-03T23:59:59+02:00,1,0,266,439,1024,1241,1184,1672,1317,2775,1794,2627,2084,2123,3018,3013,2679,5049,78,100,375,459,412,655,420,937,493,677,673,592,1745,1743,1899,3668,22334,13672,2437,1250,7911,111,62,32,15
2021-05-02T23:59:59+02:00,1,0,260,437,1010,1229,1156,1656,1291,2761,1779,2604,2076,2108,3013,3010,2677,5046,76,99,369,455,407,650,416,931,490,672,665,579,1722,1728,1899,3667,22208,13624,2420,1225,7871,97,48,32,14
2021-05-01T23:59:59+02:00,1,0,256,432,1002,1220,1143,1646,1276,2747,1762,2586,2067,2101,3009,3006,2677,5045,76,98,369,454,405,650,414,927,490,671,663,579,1722,1728,1899,3667,22066,13616,2420,1225,7871,94,46,32,14
2021-04-30T23:59:59+02:00,1,0,253,426,992,1198,1122,1626,1238,2683,1697,2524,2053,2083,3002,3001,2676,5041,75,96,368,448,402,644,413,902,485,659,656,573,1719,1722,1899,3665,21741,13600,2415,1213,7867,69,14,32,13
2021-04-29T23:59:59+02:00,1,0,239,411,944,1174,1084,1589,1190,2626,1602,2448,2002,2034,2992,2989,2671,5029,75,95,362,447,397,639,406,891,474,648,640,561,1703,1709,1893,3659,21242,13520,2378,1186,7807,48,13,31,13
2021-04-28T23:59:59+02:00,1,0,228,408,929,1159,1054,1577,1154,2586,1534,2392,1957,1971,2979,2984,2669,5026,72,94,355,444,394,630,402,881,467,633,622,542,1684,1690,1893,3657,20924,13441,2332,1137,7750,35,12,31,13
2021-04-27T23:59:59+02:00,1,0,225,400,915,1145,1037,1564,1131,2560,1511,2364,1922,1926,2972,2977,2667,5022,70,91,353,441,392,625,400,877,461,628,614,530,1672,1667,1889,3654,20718,13379,2300,1108,7715,30,12,27,13
2021-04-26T23:59:59+02:00,1,0,222,393,906,1136,1026,1551,1103,2541,1456,2315,1902,1904,2962,2966,2664,5016,70,91,349,437,392,623,394,874,457,622,604,518,1657,1652,1887,3650,20520,13332,2284,1069,7647,28,12,27,13
2021-04-25T23:59:59+02:00,1,0,222,392,898,1126,1013,1543,1086,2522,1424,2280,1878,1880,2954,2959,2664,5015,69,90,348,431,389,622,392,870,455,621,601,512,1651,1642,1887,3648,20383,13312,2260,1049,7595,20,12,27,12
2021-04-24T23:59:59+02:00,1,0,218,388,887,1116,1000,1529,1072,2503,1388,2256,1868,1855,2951,2953,2664,5015,69,90,348,431,388,622,392,868,454,618,599,509,1650,1639,1887,3648,20206,13305,2260,1039,7575,20,12,27,12
2021-04-23T23:59:59+02:00,1,0,214,381,876,1103,993,1519,1052,2482,1329,2208,1842,1828,2944,2947,2664,5012,68,88,348,431,388,621,391,864,451,614,592,501,1641,1629,1887,3643,20041,13277,2248,1011,7475,20,12,27,12
2021-04-22T23:59:59+02:00,1,0,212,373,850,1082,969,1496,1021,2440,1274,2143,1795,1776,2931,2927,2662,5003,68,87,346,426,382,613,388,854,446,608,579,493,1622,1614,1882,3638,19731,13201,2192,983,7396,13,12,27,12
2021-04-21T23:59:59+02:00,1,0,206,366,831,1067,944,1477,980,2403,1222,2092,1744,1706,2909,2905,2655,4995,66,85,343,424,380,610,385,849,443,601,574,487,1608,1592,1871,3633,19371,13129,2158,960,7333,13,12,27,12
2021-04-20T23:59:59+02:00,1,0,200,361,815,1043,924,1456,957,2350,1179,2036,1684,1638,2879,2879,2649,4978,65,85,341,423,376,606,380,843,443,594,567,478,1585,1559,1867,3629,19038,13043,2085,937,7261,12,12,27,12
2021-04-19T23:59:59+02:00,1,0,198,351,800,1032,910,1437,940,2317,1154,2002,1640,1591,2866,2864,2647,4973,65,84,340,421,371,600,376,834,438,583,563,472,1557,1532,1861,3616,18821,12947,2066,909,7190,9,11,26,12
2021-04-18T23:59:59+02:00,1,0,196,348,793,1023,899,1427,919,2297,1130,1981,1599,1550,2857,2856,2641,4967,64,82,339,420,371,600,375,829,437,580,560,466,1547,1526,1858,3614,18680,12917,2033,893,7117,9,11,26,12
2021-04-17T23:59:59+02:00,1,0,194,344,790,1020,892,1425,910,2292,1123,1973,1579,1520,2852,2847,2641,4967,64,79,337,415,370,600,373,825,436,577,555,460,1536,1518,1858,3611,18595,12865,2032,891,7088,9,11,26,12
2021-04-16T23:59:59+02:00,1,0,193,343,781,1014,879,1408,896,2269,1085,1932,1523,1452,2838,2832,2637,4960,59,77,334,408,369,598,368,813,429,563,528,429,1523,1496,1847,3598,18362,12757,2015,824,7009,8,11,25,11
2021-04-15T23:59:59+02:00,1,0,192,338,759,997,861,1396,870,2224,1043,1890,1471,1395,2809,2804,2622,4944,57,76,329,402,364,597,360,807,419,560,513,421,1489,1462,1834,3583,18081,12640,1998,775,6876,7,11,24,11
2021-04-14T23:59:59+02:00,1,0,191,332,750,989,854,1383,855,2190,1024,1860,1411,1348,2758,2738,2609,4928,54,72,324,399,360,592,357,798,408,546,497,402,1453,1430,1827,3564,17796,12498,1975,728,6787,7,11,21,10
2021-04-13T23:59:59+02:00,1,0,187,326,741,985,843,1371,845,2165,990,1831,1345,1274,2704,2679,2601,4913,52,72,320,396,351,585,350,790,400,538,484,394,1426,1408,1818,3553,17543,12400,1922,681,6673,5,11,20,10
2021-04-12T23:59:59+02:00,1,0,187,325,735,980,835,1359,818,2142,974,1810,1292,1236,2684,2649,2597,4899,51,68,310,388,346,579,345,782,394,531,466,384,1408,1392,1815,3545,17402,12305,1896,639,6560,5,11,18,10
2021-04-11T23:59:59+02:00,0,0,185,323,729,969,827,1354,804,2126,958,1793,1269,1205,2662,2627,2592,4892,50,66,305,386,344,577,344,778,389,523,461,375,1393,1387,1810,3538,17325,12252,1871,613,6452,4,11,17,10
2021-04-10T23:59:59+02:00,0,0,185,321,729,966,824,1353,797,2118,950,1786,1255,1190,2648,2610,2591,4892,45,61,282,372,328,561,330,766,374,513,446,368,1381,1367,1805,3532,17266,12069,1862,597,6420,4,10,17,10
2021-04-09T23:59:59+02:00,0,0,185,317,724,963,814,1330,789,2034,930,1704,1199,1116,2605,2581,2588,4884,38,59,268,358,309,548,310,752,360,496,429,358,1338,1337,1792,3518,17102,11830,1823,567,6167,4,8,15,9
2021-04-08T23:59:59+02:00,0,0,183,313,720,956,803,1321,774,2016,906,1681,1123,1032,2545,2541,2575,4874,37,57,260,344,296,540,294,736,334,478,402,335,1288,1298,1768,3484,16923,11540,1754,534,6015,4,7,15,9
2021-04-07T23:59:59+02:00,0,0,177,310,711,950,795,1306,758,1988,883,1649,1068,972,2490,2480,2566,4859,35,54,242,328,286,534,285,723,319,465,373,315,1241,1259,1749,3446,16727,11268,1709,503,5850,4,7,15,9
2021-04-06T23:59:59+02:00,0,0,173,309,704,945,780,1291,738,1965,855,1623,1034,925,2449,2430,2558,4849,33,53,241,325,282,531,275,720,309,460,362,301,1210,1229,1729,3424,16604,11132,1674,469,5669,4,7,15,9
2021-04-05T23:59:59+02:00,0,0,173,309,703,939,774,1281,729,1949,844,1608,1005,899,2422,2387,2553,4841,33,53,241,321,281,527,272,713,303,458,360,294,1176,1205,1721,3405,16539,11038,1657,439,5535,4,7,15,9
2021-04-04T23:59:59+02:00,0,0,172,306,700,932,769,1270,719,1932,837,1586,990,884,2414,2381,2553,4840,33,53,241,321,280,527,272,713,302,458,358,294,1158,1191,1717,3401,16507,10993,1652,439,5442,4,7,14,9
2021-04-03T23:59:59+02:00,0,0,172,306,700,932,767,1268,718,1927,829,1582,977,873,2407,2371,2550,4839,33,53,241,321,280,527,272,712,302,456,358,294,1158,1186,1717,3398,16459,10982,1652,439,5421,4,7,14,9
2021-04-02T23:59:59+02:00,0,0,172,305,700,931,766,1265,714,1920,821,1571,964,860,2385,2348,2548,4836,33,53,238,321,278,525,269,705,295,451,353,292,1136,1158,1705,3371,16384,10862,1640,432,5393,4,7,14,9
2021-04-01T23:59:59+02:00,0,0,169,302,694,920,753,1252,708,1900,803,1550,933,824,2343,2298,2542,4817,32,52,230,318,276,521,266,698,289,446,341,284,1096,1117,1672,3328,16248,10657,1576,418,5290,4,7,14,9
2021-03-31T23:59:59+02:00,0,0,166,299,687,913,743,1236,699,1854,789,1507,915,804,2296,2233,2521,4798,32,52,229,317,271,519,261,696,279,435,326,278,1031,1064,1648,3296,16126,10445,1508,399,5132,4,6,14,9
2021-03-30T23:59:59+02:00,0,0,162,292,681,904,739,1215,688,1815,778,1461,892,785,2247,2167,2507,4776,32,51,226,314,268,516,259,690,273,427,315,272,997,1035,1626,3260,15976,10287,1460,381,4977,4,6,14,9
2021-03-29T23:59:59+02:00,0,0,159,286,675,891,733,1203,678,1783,765,1422,873,767,2171,2099,2486,4746,32,50,225,312,267,514,255,682,265,416,308,266,969,1013,1613,3233,15765,10155,1416,371,4858,4,6,14,9
2021-03-28T23:59:59+02:00,0,0,151,269,665,884,726,1194,673,1762,760,1404,866,746,2124,2054,2481,4734,32,49,222,312,263,508,251,679,263,413,306,264,958,1002,1607,3225,15684,10097,1361,363,4749,4,6,14,9
2021-03-27T23:59:59+01:00,0,0,151,266,661,877,722,1190,667,1751,757,1397,854,731,2112,2039,2481,4731,32,49,222,312,263,508,250,672,260,408,304,263,951,992,1589,3201,15627,10030,1351,352,4708,4,6,14,9
2021-03-26T23:59:59+01:00,0,0,149,264,651,865,716,1174,658,1732,748,1366,835,711,2086,2013,2471,4721,32,49,222,312,262,506,250,671,254,396,298,255,919,960,1556,3152,15519,9849,1313,352,4624,4,4,14,9
2021-03-25T23:59:59+01:00,0,0,146,263,641,853,695,1153,640,1694,729,1323,815,691,2042,1969,2455,4703,32,48,219,307,261,505,244,668,252,394,290,251,880,929,1494,3073,15402,9613,1259,338,4445,3,4,13,9
2021-03-24T23:59:59+01:00,0,0,143,254,627,840,688,1139,631,1655,714,1289,790,673,1998,1925,2438,4679,32,48,217,304,259,503,242,668,246,391,283,245,834,904,1443,2980,15262,9383,1224,322,4290,2,3,13,9
2021-03-23T23:59:59+01:00,0,0,140,252,620,830,674,1127,621,1633,701,1249,772,659,1957,1894,2422,4660,31,47,215,303,257,499,235,663,243,384,273,241,808,880,1365,2882,15168,9119,1195,311,4139,2,3,13,9
2021-03-22T23:59:59+01:00,0,0,137,247,602,812,656,1108,610,1599,685,1223,761,645,1925,1869,2411,4644,31,46,214,301,255,497,234,655,242,380,270,237,781,858,1273,2776,15083,8854,1163,299,3979,2,3,11,9
2021-03-21T23:59:59+01:00,0,0,134,245,598,806,652,1105,605,1575,675,1188,755,634,1901,1862,2404,4628,31,46,213,301,254,495,233,654,240,378,268,233,775,855,1264,2767,15049,8820,1142,290,3861,2,3,11,8
2021-03-20T23:59:59+01:00,0,0,132,245,592,803,648,1101,601,1571,673,1186,748,625,1877,1838,2397,4616,31,46,213,301,253,495,232,652,237,372,266,231,765,849,1246,2753,14983,8765,1132,280,3821,2,3,11,8
2021-03-19T23:59:59+01:00,0,0,123,233,586,789,639,1094,597,1553,656,1172,712,580,1818,1796,2367,4595,30,46,213,300,252,495,230,645,234,369,264,225,739,830,1208,2700,14808,8617,1056,265,3725,2,3,10,8
2021-03-18T23:59:59+01:00,0,0,120,228,567,779,619,1062,578,1503,626,1124,676,555,1766,1747,2339,4552,30,46,211,298,250,487,230,639,230,360,262,217,721,818,1175,2657,14613,8486,992,246,3509,2,3,10,8
2021-03-17T23:59:59+01:00,0,0,114,222,556,766,607,1057,567,1490,611,1101,652,530,1721,1712,2318,4513,30,45,211,297,249,484,229,638,229,357,261,215,709,806,1140,2610,14409,8369,942,240,3454,2,3,9,8
2021-03-16T23:59:59+01:00,0,0,109,216,544,754,593,1044,555,1447,595,1073,633,506,1666,1657,2296,4477,30,44,211,295,249,479,228,636,227,356,257,215,692,787,1110,2554,14230,8232,887,237,3310,2,2,9,8
2021-03-15T23:59:59+01:00,0,0,105,209,529,739,581,1020,544,1413,580,1035,613,487,1624,1618,2274,4452,29,44,210,292,249,476,226,634,225,356,249,211,673,775,1085,2518,14073,8129,832,223,3175,2,0,9,8
2021-03-14T23:59:59+01:00,0,0,101,197,520,724,570,998,536,1368,563,990,595,471,1595,1597,2258,4427,29,44,210,290,248,475,225,629,224,351,247,207,669,768,1077,2503,13966,8102,797,194,2999,2,0,9,8
2021-03-13T23:59:59+01:00,0,0,97,187,494,703,541,972,508,1344,540,969,567,462,1569,1571,2250,4419,29,44,210,290,248,475,224,629,224,350,246,207,663,758,1047,2474,13741,8023,783,193,2905,2,0,9,8
2021-03-12T23:59:59+01:00,0,0,88,181,468,674,521,945,484,1309,513,932,536,441,1511,1524,2227,4380,29,44,210,289,248,474,224,629,224,349,242,205,647,746,1021,2447,13429,7931,753,193,2775,2,0,9,7
2021-03-11T23:59:59+01:00,0,0,82,170,437,637,486,913,444,1230,475,869,503,408,1431,1456,2179,4321,29,43,209,286,243,470,222,625,220,346,237,203,631,724,996,2406,13043,7844,700,142,2502,2,0,9,7
2021-03-10T23:59:59+01:00,0,0,80,164,413,612,467,896,425,1194,447,824,472,382,1353,1390,2140,4265,29,43,207,281,239,466,219,619,220,344,232,200,612,716,973,2366,12698,7734,667,125,2359,2,0,9,7
2021-03-09T23:59:59+01:00,0,0,80,160,402,591,440,867,411,1144,429,792,450,363,1301,1357,2099,4220,29,43,206,278,237,458,216,615,216,339,230,199,601,709,954,2335,12471,7651,640,106,2182,2,0,9,7
2021-03-08T23:59:59+01:00,0,0,77,155,389,573,419,849,399,1091,417,750,434,348,1243,1322,2075,4182,29,43,206,277,234,452,212,610,211,335,228,198,588,704,944,2324,12281,7598,603,90,2021,1,0,9,6
2021-03-07T23:59:59+01:00,0,0,74,151,386,563,411,833,387,1077,410,744,431,343,1230,1302,2066,4173,29,43,205,276,234,450,210,609,211,334,227,197,584,701,936,2317,12214,7568,576,88,1969,0,0,9,6
2021-03-06T23:59:59+01:00,0,0,74,144,383,558,404,812,377,1021,402,709,429,342,1223,1291,2051,4158,29,43,205,276,233,449,210,608,211,334,227,197,581,701,934,2303,12155,7559,576,75,1823,0,0,9,6
2021-03-05T23:59:59+01:00,0,0,74,139,379,552,400,805,374,1004,390,683,417,328,1182,1249,2007,4099,29,43,204,275,232,448,209,606,210,331,225,196,576,700,926,2282,11938,7535,554,49,1759,0,0,9,6
2021-03-04T23:59:59+01:00,0,0,73,126,370,519,386,772,354,962,376,653,399,326,1130,1199,1923,4003,28,43,202,269,230,441,207,595,207,330,224,195,574,697,923,2279,11635,7487,520,48,1582,0,0,9,5
2021-03-03T23:59:59+01:00,0,0,68,115,361,503,378,755,349,940,362,633,389,318,1085,1165,1853,3881,28,43,202,268,229,439,204,585,207,323,223,192,569,694,916,2273,11359,7443,493,43,1466,0,0,8,5
2021-03-02T23:59:59+01:00,0,0,65,109,351,490,363,737,338,919,354,605,376,311,1049,1134,1755,3760,27,43,202,268,229,432,199,578,205,320,221,192,567,686,909,2260,11033,7384,469,43,1370,0,0,8,5
2021-03-01T23:59:59+01:00,0,0,64,107,345,476,356,717,327,894,347,571,371,308,1021,1102,1637,3605,27,42,201,267,227,423,197,570,205,316,220,192,564,678,900,2252,10690,7326,448,43,1262,0,0,8,5
2021-02-28T23:59:59+01:00,0,0,64,105,338,467,353,709,325,870,342,551,366,296,1012,1098,1627,3593,27,42,200,266,226,423,197,570,205,316,219,192,563,674,897,2249,10644,7311,437,43,1185,0,0,8,5
2021-02-27T23:59:59+01:00,0,0,61,96,334,458,349,705,319,857,338,541,362,292,1002,1087,1604,3571,27,42,200,265,226,422,196,569,204,315,219,192,563,674,897,2249,10572,7310,424,38,1128,0,0,8,5
2021-02-26T23:59:59+01:00,0,0,59,93,327,434,323,673,297,826,325,520,358,288,977,1067,1560,3509,27,41,200,264,226,420,194,566,201,313,219,192,563,674,896,2246,10408,7292,421,38,950,0,0,8,4
2021-02-25T23:59:59+01:00,0,0,52,80,314,414,312,643,291,797,311,494,348,278,958,1048,1522,3463,27,41,199,261,222,417,191,558,196,312,214,189,552,666,885,2240,10255,7230,407,28,801,0,0,8,4
2021-02-24T23:59:59+01:00,0,0,48,75,305,402,304,630,286,782,307,484,342,277,938,1036,1475,3404,26,41,197,259,219,404,189,550,193,307,212,186,546,660,883,2227,10107,7165,392,20,731,0,0,8,4
2021-02-23T23:59:59+01:00,0,0,45,66,292,386,296,611,280,763,297,474,335,275,908,1017,1434,3331,25,41,196,257,217,399,188,544,189,304,211,185,544,649,877,2207,9929,7102,373,16,639,0,0,8,4
2021-02-22T23:59:59+01:00,0,0,42,63,285,374,292,600,276,752,293,470,328,268,886,1002,1404,3295,25,39,192,254,214,386,180,534,183,301,207,182,532,641,870,2190,9807,7009,357,5,596,0,0,7,4
2021-02-21T23:59:59+01:00,0,0,41,62,280,366,290,591,272,744,286,466,325,265,881,997,1397,3285,25,38,190,252,213,384,180,525,183,300,207,182,528,640,862,2177,9780,6963,349,5,546,0,0,6,4
2021-02-20T23:59:59+01:00,0,0,40,62,277,365,290,588,271,738,283,458,324,265,867,985,1364,3254,25,38,190,252,213,384,180,525,182,299,207,182,527,640,860,2176,9693,6957,338,5,524,0,0,6,4
2021-02-19T23:59:59+01:00,0,0,39,62,273,360,284,565,261,712,278,444,320,260,841,968,1329,3224,25,37,190,252,212,383,180,524,181,299,206,181,522,639,855,2159,9583,6922,323,5,435,0,0,5,4
2021-02-18T23:59:59+01:00,0,0,39,58,255,339,275,544,252,691,261,416,316,251,829,947,1303,3192,24,36,186,245,210,377,176,509,179,288,203,176,507,625,818,2092,9489,6727,297,5,301,0,0,5,4
2021-02-17T23:59:59+01:00,0,0,39,56,248,333,271,530,247,678,258,394,311,246,809,936,1274,3145,22,34,183,240,202,362,172,492,174,276,195,172,496,610,799,2053,9356,6556,287,4,245,0,0,5,4
2021-02-16T23:59:59+01:00,0,0,38,51,236,321,268,519,241,663,251,386,306,244,798,925,1248,3113,20,34,174,232,195,343,166,480,170,262,192,165,463,579,764,1985,9260,6296,279,4,180,0,0,5,4
2021-02-15T23:59:59+01:00,0,0,37,50,230,318,261,506,237,657,247,378,302,243,779,916,1236,3094,19,32,168,226,190,335,161,469,164,255,182,159,433,550,728,1914,9194,6057,265,4,143,0,0,5,4
2021-02-14T23:59:59+01:00,0,0,35,50,227,315,259,500,235,651,247,374,302,239,772,910,1227,3075,18,32,166,223,186,330,160,457,162,252,181,156,425,541,710,1870,9171,5940,232,4,125,0,0,5,4
2021-02-13T23:59:59+01:00,0,0,34,50,227,315,257,500,235,650,247,374,302,239,770,909,1226,3074,18,32,164,222,183,330,159,455,161,249,179,153,420,538,702,1855,9164,5893,232,1,123,0,0,5,4
2021-02-12T23:59:59+01:00,0,0,33,48,224,309,254,491,231,639,244,367,301,238,764,908,1223,3064,18,32,162,219,182,329,157,453,159,248,177,149,416,522,671,1789,9135,5756,232,1,79,0,0,5,4
2021-02-11T23:59:59+01:00,0,0,32,47,216,290,247,475,224,615,231,354,297,237,756,891,1198,3031,18,31,146,199,174,298,146,406,153,225,160,133,369,473,608,1621,9064,5227,165,1,18,0,0,5,4
2021-02-10T23:59:59+01:00,0,0,31,47,213,282,244,468,220,606,228,347,293,237,744,888,1190,3021,17,28,133,176,158,260,127,356,142,200,144,125,342,442,546,1496,9008,4752,148,1,7,0,0,5,2
2021-02-09T23:59:59+01:00,0,0,30,46,212,279,242,455,215,598,224,344,289,233,740,881,1181,3008,17,26,118,147,145,237,110,313,128,173,126,116,308,385,491,1338,8953,4232,124,1,3,0,0,5,2
2021-02-08T23:59:59+01:00,0,0,30,46,211,277,236,441,212,586,221,339,284,233,732,874,1175,3001,15,24,102,125,124,193,91,272,120,161,103,107,269,333,429,1202,8886,3719,109,1,3,0,0,5,2
2021-02-07T23:59:59+01:00,0,0,30,45,209,276,234,440,212,583,221,338,284,233,730,870,1170,2998,14,18,98,117,117,182,86,254,114,151,96,102,262,320,413,1152,8865,3542,106,1,0,0,0,5,2
2021-02-06T23:59:59+01:00,0,0,30,45,209,276,234,439,212,583,221,337,283,233,729,870,1169,2986,11,14,97,115,116,178,84,247,114,149,95,101,262,316,402,1137,8862,3481,92,1,0,0,0,5,2
2021-02-05T23:59:59+01:00,0,0,29,44,209,276,234,438,210,580,219,336,282,233,727,870,1157,2959,10,10,89,107,112,175,83,242,108,137,92,99,253,310,377,1108,8842,3353,57,0,0,0,0,5,2
2021-02-04T23:59:59+01:00,0,0,29,44,206,272,230,433,205,574,217,332,279,229,721,863,1148,2945,9,7,62,74,89,131,71,203,88,118,88,85,221,274,333,982,8767,2865,57,0,0,0,0,4,2
2021-02-03T23:59:59+01:00,0,0,29,43,206,270,229,421,202,568,216,329,276,226,711,860,1141,2929,6,4,45,56,70,107,53,157,75,88,63,60,166,200,252,719,8703,2145,50,0,0,0,0,4,2
2021-02-02T23:59:59+01:00,0,0,28,43,205,268,225,415,201,563,213,328,273,225,703,849,1134,2904,3,3,29,39,55,77,41,101,56,65,54,49,119,134,168,475,8623,1484,49,0,0,0,0,4,2
2021-02-01T23:59:59+01:00,0,0,27,41,203,268,222,410,198,557,208,320,271,222,696,846,1129,2892,3,1,22,21,28,45,28,62,32,34,38,31,72,86,97,286,8556,894,49,0,0,0,0,4,2
2021-01-31T23:59:59+01:00,0,0,27,41,202,266,220,406,196,549,207,319,270,222,692,842,1123,2877,3,1,20,16,19,37,21,49,24,30,35,25,57,74,94,256,8504,767,48,0,0,0,0,4,2
2021-01-30T23:59:59+01:00,0,0,27,41,202,266,220,405,195,549,207,319,270,222,691,842,1122,2875,3,1,19,15,17,37,19,45,22,29,34,24,57,71,92,250,8499,740,47,0,0,0,0,4,2
2021-01-29T23:59:59+01:00,0,0,27,41,202,263,219,404,194,548,205,317,270,222,686,839,1116,2867,3,0,16,10,12,31,18,40,18,26,34,23,54,70,90,244,8471,692,43,0,0,0,0,3,2
2021-01-28T23:59:59+01:00,0,0,27,40,195,260,219,398,193,539,202,312,269,222,674,831,1093,2847,3,0,3,3,7,18,10,21,9,12,26,16,37,47,60,173,8381,447,34,0,0,0,0,3,1
2021-01-27T23:59:59+01:00,0,0,26,38,190,255,214,389,191,526,199,302,261,217,659,813,1069,2809,1,0,2,3,6,14,9,19,8,11,25,15,31,41,50,132,8217,368,29,0,0,0,0,3,1
2021-01-26T23:59:59+01:00,0,0,23,38,187,244,208,376,186,508,196,294,255,212,637,796,1041,2758,1,0,1,3,6,14,9,19,8,11,24,12,30,37,49,115,8022,340,24,0,0,0,0,3,1
2021-01-25T23:59:59+01:00,0,0,23,37,179,242,205,366,181,498,191,283,245,207,614,776,1015,2713,1,0,1,3,4,12,8,16,8,10,21,10,26,36,41,104,7854,302,6,0,0,0,0,3,1
2021-01-24T23:59:59+01:00,0,0,22,36,177,239,202,365,180,496,190,281,245,205,610,771,1012,2708,1,0,1,3,3,12,8,16,8,10,21,10,26,36,40,102,7818,298,5,0,0,0,0,3,1
2021-01-23T23:59:59+01:00,0,0,22,36,177,239,200,365,180,495,190,281,245,205,609,771,1004,2695,1,0,1,3,3,11,8,16,7,10,21,10,26,36,40,102,7793,296,5,0,0,0,0,3,1
2021-01-22T23:59:59+01:00,0,0,21,35,175,235,199,365,180,494,189,281,245,203,607,769,976,2653,1,0,1,3,3,11,8,16,7,10,21,10,26,36,40,102,7706,296,5,0,0,0,0,3,1
2021-01-21T23:59:59+01:00,0,0,20,35,166,226,192,347,175,471,187,264,233,198,582,743,940,2600,1,0,1,3,1,6,7,11,5,6,20,8,22,26,35,85,7454,238,5,0,0,0,0,3,1
2021-01-20T23:59:59+01:00,0,0,19,33,151,200,174,305,146,415,173,240,215,187,539,697,871,2400,1,0,1,3,1,6,7,10,5,5,19,7,21,23,31,79,6833,220,4,0,0,0,0,3,1
2021-01-19T23:59:59+01:00,0,0,19,30,128,168,159,271,133,372,157,217,180,166,476,607,773,2126,1,0,1,3,1,6,5,7,3,3,11,3,10,15,22,57,6042,148,3,0,0,0,0,3,1
2021-01-18T23:59:59+01:00,0,0,16,29,113,150,137,227,115,323,140,190,142,151,386,502,638,1785,1,0,1,1,0,3,4,5,2,3,2,1,4,6,10,28,5100,71,3,0,0,0,0,3,1
2021-01-17T23:59:59+01:00,0,0,15,19,109,136,129,214,107,299,132,178,133,137,371,472,588,1682,1,0,0,0,0,1,2,4,2,2,1,1,3,1,2,5,4770,24,3,0,0,0,0,3,1
2021-01-16T23:59:59+01:00,0,0,13,15,105,133,127,209,104,289,130,172,130,133,366,464,571,1654,0,0,0,0,0,0,0,0,1,0,0,0,0,0,0,0,4664,0,0,0,0,0,0,3,1
2021-01-15T23:59:59+01:00,0,0,11,13,100,124,123,204,102,279,128,160,126,130,358,448,540,1610,0,0,0,0,0,0,0,0,1,0,0,0,0,0,0,0,4502,0,0,0,0,0,0,3,1
2021-01-14T23:59:59+01:00,0,0,9,9,75,91,104,167,84,234,112,143,114,109,306,398,475,1394,0,0,0,0,0,0,0,0,1,0,0,0,0,0,0,0,3859,0,0,0,0,0,0,3,1
2021-01-13T23:59:59+01:00,0,0,7,8,62,81,93,140,74,192,102,117,86,80,236,283,377,1064,0,0,0,0,0,0,0,0,1,0,0,0,0,0,0,0,3031,0,0,0,0,0,0,3,1
2021-01-12T23:59:59+01:00,0,0,5,6,53,62,76,110,66,135,80,93,70,64,166,203,274,745,0,0,0,0,0,0,0,0,1,0,0,0,0,0,0,0,2234,0,0,0,0,0,0,1,1
2021-01-11T23:59:59+01:00,0,0,4,4,45,49,63,81,52,108,58,65,50,43,96,123,145,419,0,0,0,0,0,0,0,0,1,0,0,0,0,0,0,0,1426,0,0,0,0,0,0,1,1
2021-01-10T23:59:59+01:00,0,0,3,4,41,37,47,67,38,86,48,56,45,33,79,109,136,365,0,0,0,0,0,0,0,0,1,0,0,0,0,0,0,0,1206,0,0,0,0,0,0,1,1
2021-01-09T23:59:59+01:00,0,0,3,3,38,36,42,64,35,76,42,51,44,33,79,107,133,363,0,0,0,0,0,0,0,0,1,0,0,0,0,0,0,0,1159,0,0,0,0,0,0,1,1
2021-01-08T23:59:59+01:00,0,0,3,2,31,28,35,57,29,63,37,45,42,30,74,104,129,352,0,0,0,0,0,0,0,0,1,0,0,0,0,0,0,0,1069,0,0,0,0,0,0,1,1
2021-01-07T23:59:59+01:00,0,0,3,2,9,3,10,20,12,27,13,22,35,21,52,69,89,250,0,0,0,0,0,0,0,0,1,0,0,0,0,0,0,0,640,0,0,0,0,0,0,0,1
2021-01-06T23:59:59+01:00,0,0,3,0,2,3,5,15,9,21,9,13,31,19,44,58,74,199,0,0,0,0,0,0,0,0,1,0,0,0,0,0,0,0,508,0,0,0,0,0,0,0,1
2021-01-05T23:59:59+01:00,0,0,2,0,1,3,5,14,9,19,9,12,30,18,43,57,71,191,0,0,0,0,0,0,0,0,1,0,0,0,0,0,0,0,487,0,0,0,0,0,0,0,1
2021-01-04T23:59:59+01:00,0,0,1,0,1,3,5,13,8,17,8,11,26,14,34,48,55,145,0,0,0,0,0,0,0,0,1,0,0,0,0,0,0,0,391,0,0,0,0,0,0,0,1
2021-01-03T23:59:59+01:00,0,0,1,0,1,3,4,13,8,17,7,11,26,14,34,48,55,144,0,0,0,0,0,0,0,0,1,0,0,0,0,0,0,0,388,0,0,0,0,0,0,0,1
2021-01-02T23:59:59+01:00,0,0,1,0,1,3,4,13,7,17,6,11,26,14,34,48,55,144,0,0,0,0,0,0,0,0,1,0,0,0,0,0,0,0,386,0,0,0,0,0,0,0,1
2021-01-01T23:59:59+01:00,0,0,1,0,1,3,4,13,7,17,6,11,26,14,34,48,55,144,0,0,0,0,0,0,0,0,1,0,0,0,0,0,0,0,386,0,0,0,0,0,0,0,1
2020-12-31T23:59:59+01:00,0,0,1,0,1,3,4,12,7,17,6,11,26,14,34,48,55,144,0,0,0,0,0,0,0,0,1,0,0,0,0,0,0,0,385,0,0,0,0,0,0,0,1
2020-12-30T23:59:59+01:00,0,0,1,0,1,3,4,12,7,16,6,11,26,14,34,48,55,144,0,0,0,0,0,0,0,0,1,0,0,0,0,0,0,0,384,0,0,0,0,0,0,0,1
2020-12-29T23:59:59+01:00,0,0,1,0,1,3,3,8,5,12,4,8,19,10,25,40,40,117,0,0,0,0,0,0,0,0,1,0,0,0,0,0,0,0,297,0,0,0,0,0,0,0,1
2020-12-28T23:59:59+01:00,0,0,1,0,1,1,1,2,3,6,3,4,11,3,8,15,24,58,0,0,0,0,0,0,0,0,1,0,0,0,0,0,0,0,142,0,0,0,0,0,0,0,1
2020-12-27T23:59:59+01:00,0,0,1,0,0,0,0,1,2,6,1,2,2,1,5,4,5,20,0,0,0,0,0,0,0,0,0,0,0,0,0,0,0,0,50,0,0,0,0,0,0,0,0
