Datum,<24_1_m,<24_1_w,25-34_1_m,25-34_1_w,35-44_1_m,35-44_1_w,45-54_1_m,45-54_1_w,55-64_1_m,55-64_1_w,65-74_1_m,65-74_1_w,75-84_1_m,75-84_1_w,>84_1_m,>84_1_w,<24_2_m,<24_2_w,25-34_2_m,25-34_2_w,35-44_2_m,35-44_2_w,45-54_2_m,45-54_2_w,55-64_2_m,55-64_2_w,65-74_2_m,65-74_2_w,75-84_2_m,75-84_2_w,>84_2_m,>84_2_w,bp_1,bp_2,mo_1,mo_2,az_1,az_2,ja
2021-07-08T23:59:59+02:00,1859,1785,5766,4318,5921,4150,5384,6046,4067,4669,2009,2321,2499,2716,2194,4299,818,813,2725,2202,3038,2504,3064,4123,2689,3446,1401,1812,1770,2057,1515,3076,41386,24052,6607,3533,8436,5607,4086
2021-07-07T23:59:59+02:00,1805,1751,5665,4261,5832,4108,5322,5998,4042,4625,2003,2313,2498,2713,2194,4299,776,785,2600,2137,2882,2440,2931,4033,2642,3384,1386,1788,1763,2050,1515,3074,40978,23569,6576,3339,8424,5540,3963
2021-07-06T23:59:59+02:00,1768,1731,5572,4223,5746,4066,5268,5931,4001,4594,1997,2308,2496,2709,2194,4299,744,767,2496,2051,2801,2384,2863,3950,2593,3331,1368,1761,1760,2045,1515,3074,40577,23118,6541,3252,8410,5470,3887
2021-07-05T23:59:59+02:00,1711,1690,5449,4155,5641,4028,5204,5880,3961,4561,1993,2302,2494,2708,2194,4297,715,736,2405,1985,2726,2341,2798,3881,2551,3278,1353,1746,1754,2035,1514,3071,40130,22771,6509,3195,8392,5398,3749
2021-07-04T23:59:59+02:00,1679,1659,5369,4122,5595,4003,5168,5860,3942,4542,1991,2300,2494,2706,2194,4296,683,715,2341,1945,2693,2320,2768,3849,2530,3258,1339,1728,1752,2034,1513,3071,39945,22645,6473,3141,8368,5331,3646
2021-07-03T23:59:59+02:00,1585,1584,5166,3972,5449,3918,5081,5777,3897,4506,1989,2296,2494,2702,2194,4296,648,688,2278,1901,2638,2301,2727,3805,2502,3233,1335,1720,1751,2030,1513,3070,39172,22471,6444,3139,8359,5311,3443
2021-07-02T23:59:59+02:00,1548,1547,5101,3927,5407,3886,5061,5753,3885,4488,1988,2290,2493,2701,2193,4296,630,668,2221,1856,2572,2262,2685,3758,2476,3194,1319,1705,1748,2024,1513,3068,38930,22216,6414,3113,8354,5216,3378
2021-07-01T23:59:59+02:00,1499,1513,5006,3864,5335,3846,4999,5692,3862,4463,1986,2286,2492,2700,2193,4295,564,633,2043,1787,2405,2184,2529,3657,2383,3112,1297,1686,1739,2012,1512,3066,38557,21505,6363,2917,8342,5130,3281
2021-06-30T23:59:59+02:00,1457,1472,4905,3787,5240,3801,4935,5645,3850,4441,1982,2278,2491,2697,2193,4295,534,603,1945,1731,2302,2140,2425,3574,2326,3041,1279,1662,1732,2000,1511,3065,38166,21081,6308,2810,8328,5024,3179
2021-06-29T23:59:59+02:00,1406,1398,4813,3702,5155,3746,4884,5588,3823,4410,1978,2273,2490,2697,2193,4294,508,568,1877,1663,2234,2081,2332,3466,2270,2994,1269,1631,1720,1988,1510,3062,37680,20640,6276,2749,8321,4924,3084
2021-06-28T23:59:59+02:00,1379,1346,4710,3649,5093,3700,4845,5549,3795,4385,1974,2266,2488,2695,2193,4294,497,549,1789,1610,2158,2026,2264,3389,2227,2947,1254,1615,1711,1981,1510,3060,37329,20341,6219,2622,8309,4832,3015
2021-06-27T23:59:59+02:00,1357,1320,4668,3615,5049,3670,4805,5531,3785,4377,1972,2262,2488,2694,2193,4294,486,536,1741,1575,2124,2008,2228,3353,2197,2932,1247,1604,1710,1972,1510,3060,37159,20219,6186,2570,8290,4760,2956
2021-06-26T23:59:59+02:00,1331,1296,4604,3572,4961,3627,4766,5501,3767,4362,1972,2260,2488,2692,2193,4294,481,529,1713,1556,2094,1992,2214,3335,2179,2915,1230,1594,1709,1970,1510,3060,36839,20038,6111,2568,8290,4740,2956
2021-06-25T23:59:59+02:00,1302,1253,4495,3503,4910,3602,4730,5473,3741,4350,1968,2258,2486,2691,2193,4294,473,512,1671,1535,2045,1929,2129,3209,2142,2824,1222,1576,1706,1966,1508,3059,36431,19651,6083,2549,8290,4569,2955
2021-06-24T23:59:59+02:00,1259,1208,4321,3397,4792,3553,4645,5430,3701,4323,1966,2255,2486,2690,2192,4294,438,492,1565,1474,1883,1866,1980,3137,2038,2733,1194,1556,1698,1961,1507,3056,35846,19183,6034,2263,8285,4492,2857
2021-06-23T23:59:59+02:00,1232,1179,4238,3349,4715,3503,4597,5392,3675,4291,1955,2250,2483,2688,2191,4294,409,475,1504,1427,1788,1823,1869,3049,1950,2651,1176,1534,1693,1954,1506,3054,35449,18701,5991,2192,8279,4360,2823
2021-06-22T23:59:59+02:00,1204,1160,4173,3289,4641,3461,4551,5349,3652,4266,1949,2244,2483,2687,2190,4294,396,458,1451,1392,1711,1775,1790,2944,1861,2572,1165,1510,1684,1943,1506,3050,35066,18321,5959,2080,8276,4220,2799
2021-06-21T23:59:59+02:00,1177,1123,4064,3209,4565,3416,4486,5290,3627,4249,1943,2232,2482,2682,2189,4292,382,446,1422,1361,1679,1735,1745,2868,1808,2498,1148,1479,1664,1922,1506,3047,34573,18074,5917,1996,8274,4083,2768
2021-06-20T23:59:59+02:00,1154,1098,4000,3154,4520,3402,4448,5268,3608,4239,1941,2230,2481,2682,2189,4292,367,434,1393,1339,1660,1717,1714,2841,1767,2466,1139,1464,1662,1916,1506,3046,34324,17918,5890,1965,8262,4024,2735
2021-06-19T23:59:59+02:00,1138,1083,3965,3131,4503,3381,4422,5246,3591,4231,1938,2228,2481,2681,2189,4292,362,431,1378,1324,1643,1696,1703,2818,1745,2439,1133,1455,1659,1915,1504,3045,34178,17778,5836,1937,8262,4018,2727
2021-06-18T23:59:59+02:00,1112,1061,3901,3094,4453,3349,4374,5209,3565,4218,1935,2224,2480,2679,2189,4292,353,423,1362,1308,1616,1669,1663,2773,1704,2393,1123,1445,1659,1910,1503,3043,33869,17524,5790,1936,8262,3981,2716
2021-06-17T23:59:59+02:00,1078,1038,3752,3027,4303,3281,4228,5128,3511,4177,1929,2220,2480,2678,2188,4292,326,408,1276,1275,1477,1609,1528,2685,1617,2322,1101,1424,1648,1899,1501,3041,33324,17100,5744,1852,8257,3906,2487
2021-06-16T23:59:59+02:00,1058,1009,3655,2950,4215,3237,4139,5067,3468,4149,1922,2217,2479,2675,2188,4291,314,391,1224,1241,1426,1581,1452,2607,1558,2254,1089,1401,1637,1886,1501,3037,32886,16737,5641,1790,8250,3836,2442
2021-06-15T23:59:59+02:00,1029,979,3514,2879,4151,3188,4065,4998,3435,4120,1913,2210,2474,2673,2188,4290,306,368,1175,1200,1381,1541,1394,2551,1500,2193,1075,1375,1633,1876,1500,3036,32380,16457,5613,1715,8241,3767,2369
2021-06-14T23:59:59+02:00,1008,952,3426,2836,4067,3138,3988,4924,3382,4089,1909,2200,2474,2668,2187,4289,302,354,1142,1172,1342,1518,1355,2506,1453,2146,1065,1351,1628,1869,1499,3034,31948,16241,5526,1684,8237,3692,2321
2021-06-13T23:59:59+02:00,995,939,3381,2802,4018,3103,3943,4893,3365,4075,1908,2194,2474,2667,2187,4288,298,347,1112,1157,1312,1500,1315,2473,1431,2112,1052,1333,1625,1858,1499,3032,31715,16090,5496,1663,8234,3622,2281
2021-06-12T23:59:59+02:00,978,922,3351,2781,3989,3085,3926,4879,3351,4065,1905,2191,2473,2666,2187,4288,294,346,1107,1143,1298,1485,1299,2454,1409,2096,1043,1324,1616,1856,1499,3032,31537,15990,5485,1663,8234,3572,2274
2021-06-11T23:59:59+02:00,964,911,3316,2741,3919,3063,3893,4849,3327,4052,1904,2188,2472,2663,2187,4287,286,337,1088,1109,1276,1470,1260,2409,1362,2056,1034,1308,1614,1852,1499,3031,31276,15769,5462,1657,8231,3503,2258
2021-06-10T23:59:59+02:00,907,873,3216,2673,3798,2993,3806,4786,3283,4016,1899,2180,2469,2661,2186,4287,274,326,1035,1081,1217,1419,1200,2344,1293,1959,1010,1278,1610,1842,1499,3028,30750,15407,5356,1649,8216,3356,2197
2021-06-09T23:59:59+02:00,861,848,3103,2584,3669,2942,3714,4711,3242,3977,1895,2174,2466,2658,2186,4287,259,313,980,1049,1158,1395,1146,2273,1231,1899,992,1225,1603,1829,1498,3026,30293,15141,5210,1603,8212,3243,2083
2021-06-08T23:59:59+02:00,815,813,2985,2506,3552,2868,3620,4634,3192,3951,1889,2169,2464,2655,2185,4285,245,300,942,1011,1112,1366,1098,2221,1194,1832,974,1196,1593,1815,1495,3023,29783,14938,5087,1560,8203,3126,1985
2021-06-07T23:59:59+02:00,790,792,2885,2442,3425,2839,3505,4570,3145,3925,1875,2165,2463,2653,2185,4284,239,293,900,980,1065,1345,1056,2171,1134,1783,961,1176,1581,1800,1494,3019,29436,14789,4921,1524,8197,3014,1858
2021-06-06T23:59:59+02:00,770,785,2832,2410,3350,2801,3441,4544,3119,3911,1873,2161,2461,2652,2185,4284,232,283,890,957,1041,1324,1043,2120,1109,1728,948,1161,1575,1793,1494,3017,29250,14703,4795,1476,8192,2913,1807
2021-06-05T23:59:59+02:00,759,770,2766,2363,3308,2781,3408,4524,3104,3909,1873,2159,2461,2652,2185,4283,228,276,879,942,1024,1312,1022,2098,1080,1712,936,1139,1575,1790,1493,3017,29008,14573,4790,1473,8186,2873,1786
2021-06-04T23:59:59+02:00,738,758,2727,2318,3244,2749,3351,4478,3082,3893,1869,2156,2459,2652,2185,4283,221,272,865,921,1011,1305,1005,2077,1062,1686,925,1118,1569,1785,1493,3015,28721,14464,4748,1468,8184,2826,1753
2021-06-03T23:59:59+02:00,695,729,2587,2237,3079,2667,3192,4372,3001,3826,1860,2145,2455,2648,2185,4283,210,263,839,900,972,1268,951,2002,1012,1632,893,1079,1562,1773,1493,3014,28109,14291,4527,1454,8170,2679,1614
2021-06-02T23:59:59+02:00,672,724,2536,2182,3038,2641,3143,4327,2969,3803,1858,2142,2455,2647,2185,4283,198,260,828,885,947,1257,918,1976,973,1592,881,1048,1560,1770,1493,3014,27813,14110,4509,1442,8169,2650,1570
2021-06-01T23:59:59+02:00,629,699,2403,2082,2873,2557,2992,4236,2916,3742,1848,2135,2452,2642,2185,4283,189,247,761,847,878,1210,855,1880,926,1518,854,992,1554,1761,1493,3009,27238,13860,4316,1409,8159,2461,1410
2021-05-31T23:59:59+02:00,597,681,2297,2023,2762,2491,2903,4160,2868,3697,1844,2123,2451,2640,2185,4283,177,236,731,824,837,1187,823,1816,891,1468,836,968,1547,1756,1492,3008,26902,13713,4098,1396,8141,2341,1312
2021-05-30T23:59:59+02:00,587,675,2259,1988,2712,2469,2870,4128,2848,3675,1842,2119,2451,2640,2185,4282,170,226,706,800,806,1155,804,1768,876,1419,825,952,1544,1750,1492,3007,26766,13636,4039,1387,8133,2201,1239
2021-05-29T23:59:59+02:00,585,674,2245,1974,2690,2461,2854,4114,2839,3666,1842,2118,2451,2640,2185,4282,168,219,701,793,788,1132,793,1720,864,1386,816,936,1543,1745,1491,3007,26660,13570,4037,1387,8130,2069,1238
2021-05-28T23:59:59+02:00,580,666,2221,1942,2650,2436,2831,4098,2829,3652,1842,2115,2450,2635,2185,4282,167,214,692,784,780,1114,784,1686,835,1349,802,909,1541,1738,1490,3005,26466,13431,4027,1385,8129,1999,1234
2021-05-27T23:59:59+02:00,539,650,2097,1898,2526,2372,2701,4028,2750,3604,1832,2104,2449,2633,2185,4280,155,202,636,736,708,1061,708,1594,771,1267,784,878,1533,1723,1490,3003,26036,13249,3901,1349,8104,1763,1043
2021-05-26T23:59:59+02:00,518,629,2004,1835,2374,2315,2578,3972,2700,3554,1821,2096,2447,2626,2183,4274,151,191,600,699,660,1026,670,1525,730,1212,771,853,1521,1691,1488,3001,25670,13052,3688,1340,8084,1635,915
2021-05-25T23:59:59+02:00,496,617,1927,1789,2277,2276,2481,3895,2655,3523,1810,2088,2444,2622,2182,4272,143,183,583,672,629,993,631,1471,689,1155,756,836,1504,1668,1487,2999,25360,12879,3520,1308,8050,1513,852
2021-05-24T23:59:59+02:00,485,603,1872,1755,2211,2245,2421,3846,2609,3487,1799,2083,2439,2621,2181,4271,140,176,561,657,604,967,600,1416,667,1106,740,822,1499,1666,1487,2999,25204,12809,3376,1300,8021,1400,751
2021-05-23T23:59:59+02:00,482,602,1859,1747,2201,2232,2415,3833,2599,3472,1798,2080,2439,2619,2181,4271,139,175,557,654,598,963,585,1408,660,1100,738,817,1495,1662,1485,2997,25111,12750,3373,1296,8019,1390,750
2021-05-22T23:59:59+02:00,477,594,1839,1732,2174,2219,2397,3806,2573,3448,1791,2076,2439,2617,2181,4270,136,168,550,649,594,955,575,1404,656,1092,729,811,1491,1649,1485,2997,24924,12699,3372,1296,8016,1357,741
2021-05-21T23:59:59+02:00,466,582,1765,1704,2101,2177,2342,3762,2540,3411,1786,2066,2436,2616,2181,4269,136,165,546,641,583,948,564,1393,638,1074,719,788,1484,1645,1485,2996,24533,12627,3347,1296,8002,1296,738
2021-05-20T23:59:59+02:00,433,563,1634,1637,1978,2108,2226,3675,2462,3328,1768,2054,2434,2608,2181,4266,129,157,517,606,552,912,540,1337,611,1014,698,760,1478,1634,1483,2995,23920,12518,3238,1286,7936,1098,670
2021-05-19T23:59:59+02:00,398,530,1535,1572,1848,2050,2101,3582,2371,3242,1753,2037,2427,2604,2178,4266,116,148,490,585,520,880,512,1289,586,956,687,744,1464,1609,1478,2992,23262,12376,3175,1268,7904,1004,553
2021-05-18T23:59:59+02:00,377,513,1461,1517,1761,1997,1994,3463,2287,3155,1743,2018,2420,2597,2178,4262,108,142,467,568,500,849,497,1213,567,895,676,717,1458,1596,1477,2989,22807,12268,3021,1233,7853,906,455
2021-05-17T23:59:59+02:00,359,502,1414,1482,1716,1953,1930,3370,2245,3089,1729,2002,2413,2591,2178,4259,104,135,450,554,494,814,488,1149,560,844,664,690,1455,1588,1476,2988,22546,12206,2916,1211,7796,811,366
2021-05-16T23:59:59+02:00,355,501,1391,1457,1683,1935,1891,3318,2195,3041,1715,1995,2411,2587,2178,4258,102,133,442,534,483,799,478,1102,542,806,637,663,1452,1584,1476,2987,22392,12161,2853,1180,7764,726,292
2021-05-15T23:59:59+02:00,351,498,1365,1440,1668,1915,1875,3298,2175,3013,1709,1994,2411,2586,2177,4258,102,130,440,534,483,798,473,1098,536,797,634,661,1449,1582,1476,2987,22219,12133,2853,1180,7760,718,288
2021-05-14T23:59:59+02:00,342,488,1340,1408,1627,1878,1801,3232,2134,2976,1703,1987,2410,2586,2175,4258,100,127,438,519,465,773,456,1069,526,782,621,646,1446,1575,1476,2986,21897,12086,2814,1165,7742,617,274
2021-05-13T23:59:59+02:00,323,474,1286,1366,1530,1838,1692,3151,2067,2894,1680,1971,2403,2584,2173,4252,96,124,427,512,456,759,451,1055,516,771,602,622,1436,1553,1476,2982,21503,12014,2612,1127,7697,584,247
2021-05-12T23:59:59+02:00,316,471,1272,1358,1517,1831,1672,3129,2055,2881,1677,1965,2398,2582,2173,4252,96,122,426,512,455,753,446,1051,515,765,596,611,1435,1548,1475,2982,21391,11973,2593,1121,7693,583,244
2021-05-11T23:59:59+02:00,301,452,1209,1326,1424,1796,1569,3035,1961,2818,1663,1940,2392,2573,2172,4251,90,112,412,486,435,729,431,1018,488,746,578,584,1425,1542,1474,2981,21024,11883,2441,1091,7592,497,193
2021-05-10T23:59:59+02:00,288,437,1175,1300,1376,1768,1507,2979,1912,2755,1655,1927,2385,2564,2172,4248,89,109,406,479,426,708,424,996,485,723,571,572,1423,1536,1474,2977,20782,11836,2369,1085,7494,444,166
2021-05-09T23:59:59+02:00,284,426,1136,1283,1356,1753,1461,2945,1862,2720,1647,1916,2383,2559,2172,4245,86,107,400,471,420,701,414,989,476,711,563,561,1417,1533,1474,2974,20588,11804,2321,1079,7453,398,146
2021-05-08T23:59:59+02:00,278,424,1129,1266,1335,1741,1443,2927,1833,2708,1641,1910,2381,2559,2171,4244,85,107,399,471,418,700,413,984,476,706,562,560,1412,1524,1474,2974,20435,11789,2318,1073,7450,387,146
2021-05-07T23:59:59+02:00,268,417,1106,1241,1289,1723,1388,2870,1792,2663,1634,1901,2380,2554,2171,4240,82,104,389,459,408,674,400,951,460,682,558,537,1396,1512,1474,2971,20196,11734,2290,1051,7392,287,115
2021-05-06T23:59:59+02:00,253,405,1027,1204,1182,1665,1257,2760,1682,2578,1603,1875,2378,2542,2171,4237,79,99,377,446,398,658,387,930,445,664,547,524,1384,1502,1472,2967,19750,11680,2124,1036,7200,203,89
2021-05-05T23:59:59+02:00,241,393,994,1180,1146,1631,1194,2697,1614,2507,1585,1846,2368,2528,2171,4231,79,95,374,439,395,646,382,920,441,646,531,513,1363,1486,1472,2964,19361,11618,2070,1014,7152,161,82
2021-05-04T23:59:59+02:00,233,383,961,1158,1109,1610,1153,2653,1568,2450,1569,1817,2362,2516,2165,4224,75,93,368,429,393,642,374,903,434,629,519,495,1352,1465,1469,2964,19062,11543,2010,987,7117,125,77
2021-05-03T23:59:59+02:00,231,376,934,1139,1073,1595,1125,2622,1534,2415,1556,1790,2352,2509,2164,4220,71,88,356,424,385,634,372,895,428,622,508,488,1337,1447,1468,2960,18843,11471,1989,980,7079,104,54
2021-05-02T23:59:59+02:00,228,374,922,1129,1051,1580,1106,2611,1519,2395,1549,1776,2350,2507,2163,4217,69,88,351,422,383,629,369,889,425,618,501,481,1318,1436,1468,2959,18738,11439,1975,963,7050,91,39
2021-05-01T23:59:59+02:00,225,371,916,1121,1042,1572,1095,2598,1506,2378,1543,1770,2348,2503,2162,4217,69,88,351,421,382,629,368,885,425,617,499,481,1318,1436,1468,2959,18627,11432,1975,963,7050,88,39
2021-04-30T23:59:59+02:00,223,365,906,1102,1022,1556,1068,2537,1459,2327,1531,1752,2342,2500,2161,4214,68,86,350,417,379,623,367,861,420,609,493,475,1315,1430,1468,2957,18360,11417,1970,952,7046,65,10
2021-04-29T23:59:59+02:00,212,356,868,1083,990,1521,1026,2485,1377,2261,1491,1710,2335,2490,2157,4209,68,85,345,416,375,618,364,850,410,599,484,466,1301,1420,1465,2952,17951,11363,1936,928,6992,44,9
2021-04-28T23:59:59+02:00,202,355,857,1069,962,1511,996,2450,1316,2209,1464,1657,2327,2486,2157,4207,65,85,338,413,371,609,362,842,404,589,469,451,1289,1407,1465,2950,17683,11301,1898,895,6951,30,8
2021-04-27T23:59:59+02:00,201,349,845,1055,950,1499,973,2428,1298,2183,1439,1621,2322,2481,2156,4204,63,82,336,410,370,604,360,838,398,584,464,442,1279,1386,1463,2947,17508,11248,1876,870,6923,25,8
2021-04-26T23:59:59+02:00,199,344,836,1048,942,1490,951,2410,1252,2140,1423,1600,2314,2472,2155,4201,63,82,334,407,370,603,356,836,396,579,456,432,1266,1373,1463,2945,17346,11211,1862,843,6868,23,8
2021-04-25T23:59:59+02:00,199,344,826,1039,931,1483,938,2395,1223,2112,1402,1577,2309,2465,2155,4200,62,82,334,401,367,602,355,833,395,578,454,428,1263,1364,1463,2944,17232,11197,1836,829,6826,15,8
2021-04-24T23:59:59+02:00,196,340,818,1033,919,1471,928,2380,1198,2095,1395,1555,2307,2461,2155,4200,62,82,334,401,367,602,355,833,394,575,452,425,1262,1362,1463,2944,17097,11191,1836,822,6812,15,8
2021-04-23T23:59:59+02:00,193,335,809,1023,914,1463,909,2368,1143,2053,1378,1532,2301,2455,2155,4197,61,81,334,401,367,601,354,831,391,573,446,417,1256,1356,1463,2943,16967,11170,1826,805,6724,15,8
2021-04-22T23:59:59+02:00,193,328,787,1006,894,1443,882,2328,1094,1997,1346,1490,2291,2439,2154,4190,61,80,333,397,363,594,351,822,387,568,437,411,1242,1346,1461,2941,16710,11115,1775,786,6662,8,8
2021-04-21T23:59:59+02:00,189,322,769,993,872,1426,849,2293,1048,1957,1306,1438,2280,2421,2150,4185,59,78,330,395,362,591,348,818,384,561,432,407,1233,1329,1454,2936,16423,11058,1749,766,6608,8,8
2021-04-20T23:59:59+02:00,185,317,756,972,856,1407,831,2244,1015,1910,1260,1374,2261,2404,2148,4175,59,78,328,394,359,588,344,814,384,554,429,399,1215,1304,1451,2934,16159,10992,1683,749,6553,8,8
2021-04-19T23:59:59+02:00,184,309,745,961,843,1391,819,2219,995,1881,1234,1335,2252,2394,2147,4171,59,77,327,392,356,584,341,805,381,544,426,394,1197,1282,1445,2924,15996,10917,1670,727,6494,6,7
2021-04-18T23:59:59+02:00,183,306,736,954,830,1382,801,2206,978,1862,1206,1300,2245,2390,2141,4169,58,75,326,391,356,584,340,800,379,542,424,389,1189,1279,1442,2922,15890,10893,1641,713,6434,6,7
2021-04-17T23:59:59+02:00,181,302,732,952,825,1379,796,2202,973,1856,1193,1278,2240,2383,2141,4169,58,72,324,388,355,584,338,796,379,539,421,383,1184,1272,1442,2922,15821,10856,1640,711,6416,6,7
2021-04-16T23:59:59+02:00,180,301,726,947,813,1364,787,2183,941,1818,1151,1220,2231,2371,2139,4164,53,70,321,382,354,583,334,785,373,524,407,359,1180,1258,1435,2911,15630,10777,1626,662,6354,5,7
2021-04-15T23:59:59+02:00,179,297,706,932,798,1355,765,2140,899,1782,1111,1175,2212,2348,2128,4151,51,70,318,376,349,582,326,780,365,521,399,351,1156,1234,1427,2897,15394,10686,1613,627,6241,4,7
2021-04-14T23:59:59+02:00,178,291,699,925,791,1342,755,2111,885,1756,1070,1136,2177,2292,2119,4140,49,66,314,373,346,579,323,772,356,514,387,337,1129,1205,1422,2887,15164,10579,1596,591,6173,4,7
2021-04-13T23:59:59+02:00,172,287,690,921,781,1332,746,2085,856,1731,1031,1078,2138,2244,2114,4132,47,66,311,369,338,575,318,765,350,506,375,331,1111,1188,1415,2880,14974,10503,1548,554,6081,3,7
2021-04-12T23:59:59+02:00,172,286,687,917,773,1320,727,2066,842,1713,996,1049,2119,2221,2111,4123,46,62,301,363,334,569,313,757,345,500,362,324,1100,1176,1413,2872,14869,10429,1530,518,5985,3,7
2021-04-11T23:59:59+02:00,170,286,682,909,765,1315,718,2053,829,1700,978,1026,2103,2200,2109,4117,45,60,296,361,332,567,312,753,341,495,356,316,1087,1172,1410,2867,14818,10383,1508,495,5894,3,7
2021-04-10T23:59:59+02:00,170,286,682,908,763,1314,712,2044,823,1695,969,1013,2094,2187,2109,4117,41,55,273,349,317,552,298,742,326,485,347,308,1079,1155,1405,2864,14773,10220,1502,482,5870,2,7
2021-04-09T23:59:59+02:00,170,282,677,906,754,1292,704,1963,808,1612,930,948,2065,2164,2106,4109,33,52,258,336,298,540,280,728,315,472,334,301,1045,1126,1396,2856,14645,10014,1474,460,5629,2,5
2021-04-08T23:59:59+02:00,169,279,673,901,747,1286,693,1945,789,1592,882,885,2020,2136,2098,4103,33,50,249,323,284,531,267,714,293,455,314,281,1010,1103,1382,2831,14511,9784,1428,437,5518,2,4
2021-04-07T23:59:59+02:00,163,276,665,895,739,1274,678,1921,777,1564,840,837,1978,2094,2092,4088,31,48,232,306,275,526,260,702,281,443,292,267,973,1077,1367,2806,14358,9567,1389,415,5390,2,4
2021-04-06T23:59:59+02:00,159,275,659,891,725,1261,660,1899,753,1540,811,791,1947,2055,2086,4080,30,47,231,303,273,524,250,699,273,438,283,254,950,1050,1355,2790,14262,9459,1359,387,5224,2,4
2021-04-05T23:59:59+02:00,159,275,659,885,721,1252,652,1883,744,1525,785,770,1924,2019,2083,4076,30,47,230,300,272,520,247,692,270,436,282,247,927,1029,1349,2776,14211,9385,1346,364,5104,2,4
2021-04-04T23:59:59+02:00,158,273,658,879,716,1241,645,1867,739,1504,777,757,1920,2016,2083,4075,30,47,230,300,271,520,247,692,270,436,280,247,912,1015,1346,2773,14194,9347,1345,364,5018,2,4
2021-04-03T23:59:59+02:00,158,273,658,879,714,1239,644,1864,732,1502,766,747,1915,2008,2081,4074,30,47,230,300,271,520,247,692,270,435,280,247,912,1010,1346,2771,14157,9339,1345,364,5000,2,4
2021-04-02T23:59:59+02:00,158,272,658,878,713,1236,641,1857,726,1492,755,738,1898,1990,2079,4072,30,47,227,300,269,518,245,686,263,430,276,246,894,983,1339,2746,14099,9236,1335,357,4976,2,4
2021-04-01T23:59:59+02:00,155,269,654,867,703,1222,635,1837,710,1472,733,710,1865,1949,2077,4057,29,46,219,297,267,514,243,679,257,425,266,238,865,950,1317,2713,13995,9072,1282,346,4882,2,4
2021-03-31T23:59:59+02:00,152,267,646,861,693,1208,627,1792,699,1432,719,696,1832,1899,2062,4043,29,46,218,296,262,512,241,676,248,419,254,234,815,900,1301,2682,13899,8896,1233,331,4741,2,3
2021-03-30T23:59:59+02:00,150,261,642,853,690,1188,620,1753,690,1390,703,679,1795,1849,2052,4026,29,45,215,293,260,509,239,670,244,412,246,229,794,879,1283,2654,13788,8775,1197,317,4599,2,3
2021-03-29T23:59:59+02:00,147,255,637,840,685,1176,611,1722,681,1352,689,664,1744,1792,2034,4000,29,45,214,292,259,507,238,665,238,402,239,227,772,861,1272,2634,13623,8677,1162,307,4486,2,3
2021-03-28T23:59:59+02:00,139,241,627,833,680,1167,607,1703,678,1337,685,646,1708,1755,2029,3988,29,44,211,292,254,500,235,662,237,399,237,225,762,853,1266,2629,13557,8624,1119,301,4389,2,3
2021-03-27T23:59:59+01:00,139,238,623,828,678,1163,601,1691,676,1330,677,635,1699,1745,2029,3987,29,44,211,292,254,500,235,656,235,394,234,224,755,843,1251,2612,13513,8567,1112,292,4355,2,3
2021-03-26T23:59:59+01:00,137,237,616,816,673,1149,592,1676,669,1302,662,618,1683,1723,2021,3979,29,44,211,292,253,498,235,656,230,383,229,217,732,818,1228,2573,13423,8426,1085,292,4283,2,3
2021-03-25T23:59:59+01:00,134,236,607,806,658,1130,577,1642,656,1258,645,600,1649,1689,2010,3965,29,44,208,287,252,497,228,653,228,381,221,214,701,791,1180,2513,13333,8236,1039,279,4126,2,3
2021-03-24T23:59:59+01:00,131,229,595,794,655,1120,568,1605,644,1226,628,586,1617,1648,1996,3947,29,44,207,286,251,496,226,652,222,378,216,208,671,774,1148,2436,13224,8068,1007,265,3993,2,2
2021-03-23T23:59:59+01:00,129,228,589,786,641,1108,559,1584,632,1190,616,573,1591,1623,1983,3934,28,43,205,285,249,492,220,647,220,372,211,205,651,757,1094,2360,13149,7869,984,257,3866,2,2
2021-03-22T23:59:59+01:00,126,223,571,769,625,1091,550,1553,619,1166,608,560,1567,1603,1976,3922,28,42,204,283,247,491,219,638,219,368,208,200,630,739,1028,2281,13081,7665,958,247,3722,2,2
2021-03-21T23:59:59+01:00,124,222,567,762,621,1088,547,1529,609,1133,602,551,1544,1597,1970,3908,28,42,203,283,246,489,218,637,218,366,207,197,625,737,1020,2275,13051,7636,939,241,3612,2,2
2021-03-20T23:59:59+01:00,122,222,562,760,618,1086,544,1527,607,1131,599,543,1530,1576,1963,3901,28,42,203,283,246,489,217,635,215,360,205,195,619,731,1006,2263,13002,7590,934,233,3581,2,2
2021-03-19T23:59:59+01:00,113,212,557,747,612,1079,542,1510,592,1117,577,506,1483,1543,1941,3888,27,42,203,282,245,489,216,629,212,356,204,191,596,713,982,2219,12873,7470,877,221,3491,2,2
2021-03-18T23:59:59+01:00,110,208,541,740,592,1047,525,1461,566,1070,551,482,1444,1511,1924,3854,27,42,201,280,243,482,216,623,209,348,202,184,584,703,959,2182,12723,7363,827,206,3292,2,2
2021-03-17T23:59:59+01:00,106,203,531,727,581,1043,518,1448,552,1053,533,462,1409,1486,1906,3829,27,41,201,279,242,479,215,622,208,346,202,183,575,693,931,2144,12565,7267,789,203,3245,2,2
2021-03-16T23:59:59+01:00,101,198,521,716,568,1033,506,1410,537,1023,517,438,1368,1438,1892,3802,27,40,201,277,242,474,215,621,206,345,199,183,564,679,908,2100,12418,7163,743,200,3116,2,1
2021-03-15T23:59:59+01:00,98,191,506,702,559,1009,496,1375,522,986,503,424,1334,1405,1878,3783,26,40,200,274,242,471,214,620,204,345,194,179,549,666,890,2070,12288,7078,695,189,2994,2,0
2021-03-14T23:59:59+01:00,95,179,497,688,548,987,491,1330,510,944,485,409,1312,1384,1865,3764,26,40,200,272,241,470,213,615,203,340,193,176,545,658,886,2058,12195,7055,664,164,2831,2,0
2021-03-13T23:59:59+01:00,91,168,472,668,519,961,465,1309,488,923,464,402,1291,1365,1858,3758,26,40,200,272,241,470,213,614,202,339,192,176,541,650,862,2031,11989,6987,652,163,2751,2,0
2021-03-12T23:59:59+01:00,83,162,446,640,497,933,444,1275,464,891,442,383,1241,1321,1839,3723,26,40,200,271,241,469,213,614,202,339,189,174,531,641,845,2013,11703,6923,629,163,2637,2,0
2021-03-11T23:59:59+01:00,78,151,413,602,462,901,409,1202,434,833,418,353,1178,1264,1800,3674,26,40,199,268,236,465,212,609,198,336,186,171,519,628,825,1977,11365,6853,592,120,2387,2,0
2021-03-10T23:59:59+01:00,76,146,392,578,446,883,393,1163,409,794,392,332,1116,1207,1772,3621,26,40,197,263,232,459,210,603,198,334,183,169,506,623,808,1945,11073,6766,564,107,2252,2,0
2021-03-09T23:59:59+01:00,75,142,383,559,425,854,381,1115,393,763,375,316,1076,1181,1737,3585,26,40,196,260,231,451,207,599,195,330,183,168,496,618,793,1919,10891,6697,542,91,2083,2,0
2021-03-08T23:59:59+01:00,72,137,371,542,408,836,372,1063,383,723,360,305,1029,1149,1718,3555,26,40,196,259,227,446,203,594,191,326,181,168,488,614,785,1911,10737,6656,509,75,1930,1,0
2021-03-07T23:59:59+01:00,69,133,368,531,399,819,360,1047,379,717,358,302,1017,1134,1711,3547,26,40,196,258,227,444,202,593,191,325,181,167,484,611,778,1906,10674,6632,488,73,1879,0,0
2021-03-06T23:59:59+01:00,69,128,365,528,392,798,354,994,371,684,355,301,1010,1123,1697,3536,26,40,196,258,226,443,202,592,191,325,181,167,482,611,777,1895,10623,6625,488,63,1742,0,0
2021-03-05T23:59:59+01:00,69,124,360,523,388,793,352,978,360,659,344,288,978,1087,1665,3487,26,40,195,257,225,442,201,591,190,323,180,166,477,610,771,1879,10445,6604,466,44,1685,0,0
2021-03-04T23:59:59+01:00,69,114,351,490,375,761,333,937,347,629,330,286,937,1044,1598,3414,26,40,193,253,223,435,199,580,187,321,179,165,475,607,768,1876,10198,6557,443,43,1513,0,0
2021-03-03T23:59:59+01:00,65,107,342,475,368,746,328,914,334,608,321,279,906,1017,1546,3312,26,40,193,252,222,433,197,570,187,314,178,162,470,604,761,1873,9980,6517,420,38,1403,0,0
2021-03-02T23:59:59+01:00,62,102,333,464,356,729,319,896,328,582,311,273,877,993,1473,3217,25,40,193,252,222,426,192,564,185,311,176,162,468,596,755,1863,9723,6463,400,38,1320,0,0
2021-03-01T23:59:59+01:00,61,100,326,451,349,710,308,870,321,548,306,269,854,966,1382,3090,25,39,192,252,220,417,190,556,185,308,175,162,467,592,747,1857,9445,6416,380,38,1212,0,0
2021-02-28T23:59:59+01:00,61,98,319,442,346,702,307,846,317,530,302,259,847,962,1373,3080,25,39,190,251,220,417,190,556,185,308,174,162,467,590,746,1854,9407,6406,371,38,1137,0,0
2021-02-27T23:59:59+01:00,58,89,315,433,342,700,301,835,313,520,298,255,839,951,1355,3061,25,39,190,250,220,416,189,555,184,307,174,162,467,590,746,1854,9344,6405,360,33,1083,0,0
2021-02-26T23:59:59+01:00,56,86,308,409,317,668,282,805,301,500,295,252,816,934,1324,3011,25,38,190,249,219,414,188,552,182,305,174,162,467,590,745,1851,9214,6387,358,33,909,0,0
2021-02-25T23:59:59+01:00,50,74,297,391,307,638,275,777,289,474,286,243,804,917,1296,2972,25,38,189,247,215,411,185,544,177,304,170,159,458,584,734,1846,9088,6332,345,23,772,0,0
2021-02-24T23:59:59+01:00,46,70,290,379,300,625,271,763,285,466,280,242,787,907,1256,2920,24,38,186,245,212,398,184,536,174,299,168,156,452,579,733,1834,8961,6269,332,16,707,0,0
2021-02-23T23:59:59+01:00,43,61,277,367,288,605,268,746,276,457,276,240,766,892,1226,2859,23,38,185,243,210,393,183,530,170,297,168,155,450,571,727,1817,8823,6213,318,13,617,0,0
2021-02-22T23:59:59+01:00,41,58,270,355,284,595,264,736,272,453,269,234,746,876,1202,2828,23,36,182,240,207,380,175,520,165,294,166,152,440,566,723,1807,8715,6136,304,5,574,0,0
2021-02-21T23:59:59+01:00,40,57,266,348,282,586,260,727,266,449,268,233,742,872,1195,2820,23,35,181,238,207,378,174,511,165,292,166,152,436,565,717,1798,8693,6097,298,5,527,0,0
2021-02-20T23:59:59+01:00,39,57,263,347,282,583,259,721,262,442,267,233,732,862,1169,2791,23,35,181,238,207,378,174,511,164,291,166,152,435,565,716,1797,8618,6092,289,5,506,0,0
2021-02-19T23:59:59+01:00,38,57,259,342,276,560,250,696,258,431,264,228,714,848,1143,2769,23,34,181,238,206,377,174,510,163,291,166,151,430,564,711,1785,8538,6063,276,5,419,0,0
2021-02-18T23:59:59+01:00,37,54,241,322,267,539,241,676,242,404,261,221,706,837,1120,2742,23,34,178,231,204,371,170,494,162,280,163,148,416,552,683,1728,8466,5896,254,5,288,0,0
2021-02-17T23:59:59+01:00,37,52,235,316,264,525,236,663,239,382,257,217,690,829,1099,2705,21,32,175,226,196,357,166,477,156,267,155,144,410,537,666,1695,8357,5738,247,4,237,0,0
2021-02-16T23:59:59+01:00,36,47,225,305,262,513,230,648,233,376,253,215,680,821,1076,2677,19,32,166,217,188,338,160,465,152,253,153,139,384,508,636,1640,8274,5508,240,4,175,0,0
2021-02-15T23:59:59+01:00,35,46,219,302,255,500,227,642,230,368,251,213,666,814,1067,2661,18,30,161,212,183,331,156,456,145,246,143,136,359,485,607,1579,8222,5305,228,4,138,0,0
2021-02-14T23:59:59+01:00,33,46,216,299,253,494,225,637,230,364,251,208,659,808,1062,2645,17,30,159,209,180,326,155,444,143,243,143,133,351,477,592,1547,8203,5206,198,4,120,0,0
2021-02-13T23:59:59+01:00,32,46,216,299,252,494,225,636,230,364,251,208,657,807,1062,2645,17,30,157,208,177,326,154,442,142,239,141,132,348,474,584,1534,8198,5165,198,1,119,0,0
2021-02-12T23:59:59+01:00,31,45,214,294,249,485,221,625,227,359,250,206,652,806,1059,2636,17,30,155,205,176,325,152,440,140,238,140,128,346,461,560,1481,8171,5054,198,1,79,0,0
2021-02-11T23:59:59+01:00,30,44,206,276,242,469,214,600,213,344,246,205,645,791,1038,2608,17,29,138,187,168,293,142,395,134,218,129,114,311,419,512,1341,8102,4603,139,1,17,0,0
2021-02-10T23:59:59+01:00,30,44,202,269,240,462,211,591,210,337,243,205,638,788,1030,2599,16,28,127,167,155,256,124,346,124,194,117,105,290,389,463,1241,8050,4190,128,1,7,0,0
2021-02-09T23:59:59+01:00,29,42,201,266,238,449,207,584,206,334,241,201,634,781,1022,2590,16,26,112,141,143,234,107,303,113,167,101,97,263,339,416,1115,8000,3737,107,1,3,0,0
2021-02-08T23:59:59+01:00,29,42,200,264,231,435,204,573,203,329,237,201,628,778,1017,2584,14,24,96,120,122,191,89,260,106,156,84,89,233,296,361,1009,7943,3291,91,1,3,0,0
2021-02-07T23:59:59+01:00,29,41,198,262,229,434,204,570,203,329,237,201,627,776,1015,2581,13,18,92,114,115,180,84,242,102,148,79,84,226,284,348,969,7928,3136,88,1,0,0,0
2021-02-06T23:59:59+01:00,29,41,198,262,229,433,204,570,203,328,236,201,627,776,1014,2571,10,14,91,112,114,176,82,235,102,146,78,83,226,280,339,958,7925,3081,77,1,0,0,0
2021-02-05T23:59:59+01:00,28,40,198,262,229,432,203,568,201,327,236,201,625,776,1004,2549,9,10,83,104,110,173,81,232,96,134,76,81,218,275,320,934,7907,2969,50,0,0,0,0
2021-02-04T23:59:59+01:00,28,40,196,261,225,427,198,562,199,323,234,198,620,770,995,2540,8,7,57,72,86,130,70,195,76,115,72,71,188,246,283,828,7844,2528,50,0,0,0,0
2021-02-03T23:59:59+01:00,28,39,195,259,224,415,195,556,198,320,232,196,612,768,989,2525,5,4,43,54,68,107,52,152,64,86,53,47,141,176,221,610,7784,1902,45,0,0,0,0
2021-02-02T23:59:59+01:00,27,39,194,257,221,409,194,551,195,319,229,195,606,762,982,2504,3,3,29,38,54,77,39,96,49,63,44,37,105,123,145,396,7716,1315,44,0,0,0,0
2021-02-01T23:59:59+01:00,26,36,192,257,218,404,191,545,191,312,228,191,599,759,978,2495,3,1,22,20,27,45,25,60,28,34,29,24,65,77,80,241,7654,790,44,0,0,0,0
2021-01-31T23:59:59+01:00,26,36,192,255,216,400,189,537,190,310,227,191,595,755,973,2484,3,1,20,15,18,37,18,47,21,30,27,19,52,67,77,213,7608,672,43,0,0,0,0
2021-01-30T23:59:59+01:00,26,36,192,255,216,400,188,537,190,310,227,191,594,755,973,2482,3,1,19,14,16,37,16,43,19,29,26,18,52,64,75,207,7605,645,42,0,0,0,0
2021-01-29T23:59:59+01:00,26,36,192,252,215,399,187,536,189,308,227,191,589,753,967,2474,3,0,17,9,11,31,15,38,15,26,26,17,49,63,75,201,7578,600,38,0,0,0,0
2021-01-28T23:59:59+01:00,26,36,185,249,215,393,186,527,187,303,226,191,578,746,951,2455,3,0,4,3,6,18,9,20,7,13,21,11,33,41,49,143,7500,382,29,0,0,0,0
2021-01-27T23:59:59+01:00,25,34,181,244,210,384,184,513,184,292,218,186,568,729,929,2423,1,0,2,3,5,14,8,18,6,12,20,10,28,36,41,110,7351,314,24,0,0,0,0
2021-01-26T23:59:59+01:00,22,34,178,232,204,371,179,495,181,284,214,181,548,712,905,2380,1,0,1,3,5,14,8,18,6,12,19,9,27,32,40,95,7171,290,20,0,0,0,0
2021-01-25T23:59:59+01:00,22,33,172,231,201,361,176,485,176,273,204,178,527,696,885,2338,1,0,1,3,4,12,7,15,6,11,18,8,23,31,33,85,7021,258,6,0,0,0,0
2021-01-24T23:59:59+01:00,21,32,170,228,199,360,175,483,176,271,204,177,523,691,883,2333,1,0,1,3,3,12,7,15,6,11,18,8,23,31,32,84,6989,255,5,0,0,0,0
2021-01-23T23:59:59+01:00,21,32,170,228,197,360,175,482,176,271,204,177,522,691,875,2321,1,0,1,3,3,11,7,15,5,11,18,8,23,31,32,84,6965,253,5,0,0,0,0
2021-01-22T23:59:59+01:00,20,31,168,224,196,360,175,481,175,271,204,176,520,689,853,2287,1,0,1,3,3,11,7,15,5,11,18,8,23,31,32,84,6893,253,5,0,0,0,0
2021-01-21T23:59:59+01:00,19,31,159,216,189,342,170,460,173,256,194,171,496,666,821,2243,1,0,1,3,1,6,7,10,3,7,17,7,19,21,29,68,6666,200,5,0,0,0,0
2021-01-20T23:59:59+01:00,18,29,146,194,174,301,143,404,159,232,182,159,463,623,760,2069,1,0,1,3,1,6,7,10,3,6,16,6,18,20,25,65,6110,188,4,0,0,0,0
2021-01-19T23:59:59+01:00,18,28,123,164,158,268,130,363,145,209,153,141,408,542,674,1836,1,0,1,3,1,6,5,6,1,4,10,3,8,14,16,46,5408,125,3,0,0,0,0
2021-01-18T23:59:59+01:00,15,27,108,147,136,224,113,313,129,182,121,127,333,449,556,1543,1,0,1,1,0,3,4,4,0,4,1,1,3,5,8,24,4569,60,3,0,0,0,0
2021-01-17T23:59:59+01:00,14,17,104,133,128,211,105,288,123,172,115,114,319,423,510,1460,1,0,0,0,0,1,2,3,0,2,0,1,2,1,1,4,4275,18,3,0,0,0,0
2021-01-16T23:59:59+01:00,12,13,100,130,126,206,102,278,121,165,112,112,316,415,496,1439,0,0,0,0,0,0,0,0,0,0,0,0,0,0,0,0,4183,0,0,0,0,0,0
2021-01-15T23:59:59+01:00,10,11,95,122,122,201,100,269,119,153,108,109,310,402,472,1402,0,0,0,0,0,0,0,0,0,0,0,0,0,0,0,0,4042,0,0,0,0,0,0
2021-01-14T23:59:59+01:00,8,7,71,89,103,164,83,223,102,136,97,92,264,360,414,1211,0,0,0,0,0,0,0,0,0,0,0,0,0,0,0,0,3453,0,0,0,0,0,0
2021-01-13T23:59:59+01:00,6,6,59,79,93,137,73,184,93,111,75,66,203,252,337,931,0,0,0,0,0,0,0,0,0,0,0,0,0,0,0,0,2730,0,0,0,0,0,0
2021-01-12T23:59:59+01:00,5,5,50,62,76,108,64,130,74,86,59,51,148,183,240,646,0,0,0,0,0,0,0,0,0,0,0,0,0,0,0,0,2009,0,0,0,0,0,0
2021-01-11T23:59:59+01:00,4,3,42,49,63,78,50,103,56,62,40,33,87,112,123,367,0,0,0,0,0,0,0,0,0,0,0,0,0,0,0,0,1290,0,0,0,0,0,0
2021-01-10T23:59:59+01:00,3,3,38,36,46,65,34,81,46,54,36,26,72,100,116,316,0,0,0,0,0,0,0,0,0,0,0,0,0,0,0,0,1084,0,0,0,0,0,0
2021-01-09T23:59:59+01:00,3,2,35,35,41,62,31,72,40,49,36,26,72,98,114,314,0,0,0,0,0,0,0,0,0,0,0,0,0,0,0,0,1040,0,0,0,0,0,0
2021-01-08T23:59:59+01:00,3,2,28,27,34,56,26,60,35,44,35,24,68,95,112,305,0,0,0,0,0,0,0,0,0,0,0,0,0,0,0,0,962,0,0,0,0,0,0
2021-01-07T23:59:59+01:00,3,2,9,3,9,20,11,26,11,23,30,15,48,62,76,215,0,0,0,0,0,0,0,0,0,0,0,0,0,0,0,0,564,0,0,0,0,0,0
2021-01-06T23:59:59+01:00,3,0,3,3,5,15,8,20,7,14,26,14,41,52,64,173,0,0,0,0,0,0,0,0,0,0,0,0,0,0,0,0,449,0,0,0,0,0,0
2021-01-05T23:59:59+01:00,2,0,1,3,5,14,8,18,7,13,25,13,40,51,61,165,0,0,0,0,0,0,0,0,0,0,0,0,0,0,0,0,427,0,0,0,0,0,0
2021-01-04T23:59:59+01:00,1,0,1,3,5,13,7,16,6,12,23,11,31,43,46,126,0,0,0,0,0,0,0,0,0,0,0,0,0,0,0,0,344,0,0,0,0,0,0
2021-01-03T23:59:59+01:00,1,0,1,3,4,13,7,16,6,12,23,11,31,43,46,125,0,0,0,0,0,0,0,0,0,0,0,0,0,0,0,0,342,0,0,0,0,0,0
2021-01-02T23:59:59+01:00,1,0,1,3,4,13,7,16,5,12,23,11,31,43,46,125,0,0,0,0,0,0,0,0,0,0,0,0,0,0,0,0,341,0,0,0,0,0,0
2021-01-01T23:59:59+01:00,1,0,1,3,4,13,7,16,5,12,23,11,31,43,46,125,0,0,0,0,0,0,0,0,0,0,0,0,0,0,0,0,341,0,0,0,0,0,0
2020-12-31T23:59:59+01:00,1,0,1,3,4,12,7,16,5,12,23,11,31,43,46,125,0,0,0,0,0,0,0,0,0,0,0,0,0,0,0,0,340,0,0,0,0,0,0
2020-12-30T23:59:59+01:00,1,0,1,3,4,12,7,16,5,12,23,11,31,43,46,125,0,0,0,0,0,0,0,0,0,0,0,0,0,0,0,0,340,0,0,0,0,0,0
2020-12-29T23:59:59+01:00,1,0,1,3,3,8,5,11,3,9,17,8,23,37,32,101,0,0,0,0,0,0,0,0,0,0,0,0,0,0,0,0,262,0,0,0,0,0,0
2020-12-28T23:59:59+01:00,1,0,1,1,1,2,3,5,2,6,10,2,6,13,20,51,0,0,0,0,0,0,0,0,0,0,0,0,0,0,0,0,124,0,0,0,0,0,0
2020-12-27T23:59:59+01:00,1,0,0,0,0,1,2,5,0,3,1,1,4,4,4,15,0,0,0,0,0,0,0,0,0,0,0,0,0,0,0,0,41,0,0,0,0,0,0
