Datum,<24_1_m,<24_1_w,25-34_1_m,25-34_1_w,35-44_1_m,35-44_1_w,45-54_1_m,45-54_1_w,55-64_1_m,55-64_1_w,65-74_1_m,65-74_1_w,75-84_1_m,75-84_1_w,>84_1_m,>84_1_w,<24_2_m,<24_2_w,25-34_2_m,25-34_2_w,35-44_2_m,35-44_2_w,45-54_2_m,45-54_2_w,55-64_2_m,55-64_2_w,65-74_2_m,65-74_2_w,75-84_2_m,75-84_2_w,>84_2_m,>84_2_w,bp_1,bp_2,mo_1,mo_2,az_1,az_2,ja
2021-06-25T23:59:59+02:00,1602,1613,4366,3241,4815,3723,4554,5378,3438,4080,1887,2141,2507,2754,1957,4015,564,641,1660,1453,2005,2036,2084,3134,1962,2671,1188,1500,1726,2014,1346,2863,35599,19281,5961,2472,8143,4473,2800
2021-06-24T23:59:59+02:00,1566,1561,4261,3180,4718,3675,4481,5340,3411,4063,1887,2139,2507,2753,1956,4015,527,617,1570,1404,1847,1977,1942,3065,1869,2589,1164,1487,1720,2009,1345,2862,35187,18837,5913,2224,8138,4405,2707
2021-06-23T23:59:59+02:00,1533,1525,4185,3142,4641,3628,4439,5304,3385,4035,1881,2135,2504,2751,1955,4015,494,598,1512,1361,1750,1927,1830,2977,1794,2516,1150,1468,1715,2000,1345,2862,34811,18369,5871,2155,8134,4279,2674
2021-06-22T23:59:59+02:00,1503,1502,4117,3083,4573,3588,4395,5260,3368,4017,1878,2131,2504,2750,1955,4015,480,577,1460,1330,1674,1880,1750,2874,1717,2445,1140,1449,1707,1987,1345,2860,34442,18013,5842,2042,8131,4142,2655
2021-06-21T23:59:59+02:00,1467,1452,4012,3011,4503,3545,4336,5204,3343,4002,1873,2121,2503,2746,1954,4013,463,564,1434,1300,1646,1840,1699,2801,1673,2369,1119,1423,1695,1968,1345,2858,33959,17778,5803,1961,8129,4011,2624
2021-06-20T23:59:59+02:00,1438,1416,3950,2969,4467,3532,4295,5185,3331,3995,1870,2119,2503,2746,1954,4013,450,549,1409,1282,1628,1822,1669,2777,1637,2340,1110,1407,1694,1963,1345,2858,33726,17638,5777,1932,8118,3956,2591
2021-06-19T23:59:59+02:00,1418,1398,3919,2947,4450,3509,4269,5167,3317,3988,1868,2117,2503,2745,1954,4013,442,545,1393,1265,1614,1804,1657,2754,1619,2312,1103,1401,1692,1962,1343,2857,33584,17499,5724,1904,8118,3952,2584
2021-06-18T23:59:59+02:00,1389,1373,3860,2907,4398,3478,4222,5138,3295,3976,1867,2114,2502,2743,1954,4013,431,537,1376,1246,1586,1776,1619,2711,1581,2269,1095,1394,1692,1957,1342,2855,33284,17249,5681,1903,8118,3917,2574
2021-06-17T23:59:59+02:00,1343,1341,3717,2845,4250,3412,4081,5056,3253,3941,1863,2112,2501,2742,1954,4013,401,521,1289,1213,1439,1712,1498,2629,1504,2204,1073,1372,1683,1949,1340,2853,32744,16832,5635,1819,8113,3844,2360
2021-06-16T23:59:59+02:00,1311,1303,3623,2774,4169,3366,3990,4994,3215,3922,1858,2109,2500,2739,1954,4012,385,499,1241,1181,1384,1687,1420,2550,1455,2141,1060,1349,1674,1939,1340,2850,32311,16477,5534,1759,8105,3777,2316
2021-06-15T23:59:59+02:00,1271,1263,3493,2712,4104,3316,3920,4927,3184,3898,1849,2102,2499,2737,1954,4011,374,472,1191,1141,1341,1648,1365,2493,1400,2087,1047,1323,1671,1934,1339,2849,31817,16204,5507,1687,8096,3709,2246
2021-06-14T23:59:59+02:00,1246,1236,3400,2674,4020,3261,3845,4857,3142,3870,1846,2092,2499,2733,1953,4010,369,452,1157,1120,1302,1625,1326,2449,1359,2041,1037,1300,1667,1928,1338,2847,31395,15994,5422,1657,8092,3636,2199
2021-06-13T23:59:59+02:00,1224,1221,3361,2640,3976,3225,3804,4832,3126,3856,1845,2087,2499,2731,1953,4010,361,445,1127,1102,1276,1610,1288,2415,1340,2013,1022,1282,1666,1916,1338,2846,31169,15847,5392,1637,8090,3569,2162
2021-06-12T23:59:59+02:00,1205,1201,3331,2620,3949,3208,3789,4819,3111,3847,1844,2084,2498,2730,1953,4010,358,444,1122,1086,1260,1595,1274,2398,1321,1996,1013,1276,1658,1914,1338,2846,30995,15751,5381,1637,8090,3521,2156
2021-06-11T23:59:59+02:00,1186,1186,3296,2581,3883,3185,3758,4793,3089,3835,1842,2083,2498,2727,1953,4009,347,433,1105,1054,1239,1579,1228,2353,1284,1963,1005,1259,1657,1911,1338,2845,30739,15538,5358,1632,8088,3453,2141
2021-06-10T23:59:59+02:00,1121,1143,3197,2512,3764,3118,3675,4731,3053,3806,1838,2074,2496,2727,1952,4009,332,419,1049,1027,1181,1530,1172,2282,1219,1873,985,1234,1653,1902,1338,2843,30222,15185,5255,1624,8075,3310,2084
2021-06-09T23:59:59+02:00,1062,1104,3087,2439,3638,3061,3585,4658,3025,3775,1834,2069,2494,2724,1952,4009,313,398,996,1004,1124,1502,1117,2215,1163,1807,966,1191,1648,1890,1337,2841,29778,14928,5110,1579,8072,3197,1972
2021-06-08T23:59:59+02:00,1008,1062,2964,2368,3523,2984,3499,4582,2980,3755,1828,2064,2492,2723,1951,4007,295,380,958,971,1079,1471,1069,2165,1130,1741,948,1161,1640,1879,1334,2839,29277,14729,4987,1537,8063,3082,1875
2021-06-07T23:59:59+02:00,978,1035,2857,2309,3397,2953,3393,4522,2934,3736,1819,2059,2491,2722,1951,4006,288,370,914,942,1032,1447,1022,2118,1078,1691,936,1143,1631,1865,1333,2837,28939,14583,4821,1502,8057,2971,1752
2021-06-06T23:59:59+02:00,955,1020,2804,2280,3318,2925,3341,4497,2909,3723,1818,2056,2489,2721,1951,4006,280,357,904,921,1010,1429,1011,2071,1055,1635,924,1131,1626,1860,1333,2835,28757,14502,4698,1457,8052,2870,1711
2021-06-05T23:59:59+02:00,941,1001,2740,2237,3272,2906,3311,4478,2899,3721,1818,2055,2489,2721,1951,4005,275,348,894,906,996,1416,990,2050,1029,1618,914,1112,1626,1857,1332,2835,28521,14377,4693,1454,8044,2832,1692
2021-06-04T23:59:59+02:00,917,986,2703,2195,3195,2875,3270,4432,2877,3709,1815,2052,2487,2721,1951,4005,267,343,879,888,983,1407,976,2030,1008,1594,907,1093,1620,1852,1332,2833,28237,14272,4653,1449,8042,2786,1662
2021-06-03T23:59:59+02:00,871,947,2563,2120,3037,2795,3122,4325,2810,3653,1810,2043,2483,2718,1951,4005,254,336,854,867,947,1363,918,1962,968,1546,881,1055,1614,1842,1332,2832,27635,14104,4451,1435,8028,2642,1541
2021-06-02T23:59:59+02:00,844,939,2515,2070,3005,2771,3067,4280,2786,3633,1809,2040,2483,2717,1951,4005,246,332,842,856,926,1350,885,1938,932,1508,872,1026,1612,1839,1332,2832,27345,13929,4433,1423,8027,2616,1509
2021-06-01T23:59:59+02:00,795,895,2381,1985,2846,2690,2929,4197,2741,3578,1801,2032,2480,2713,1951,4005,235,313,772,823,858,1298,832,1844,885,1433,851,982,1607,1829,1332,2828,26793,13691,4244,1390,8017,2429,1358
2021-05-31T23:59:59+02:00,754,869,2273,1937,2749,2621,2844,4126,2697,3538,1799,2024,2479,2711,1951,4005,221,302,745,803,818,1274,803,1781,852,1387,834,960,1600,1825,1331,2827,26466,13549,4032,1377,7999,2311,1272
2021-05-30T23:59:59+02:00,741,862,2235,1907,2708,2604,2815,4095,2684,3517,1797,2022,2479,2711,1951,4004,214,291,718,783,792,1244,787,1727,841,1343,824,948,1597,1819,1331,2826,26337,13472,3978,1370,7993,2172,1215
2021-05-29T23:59:59+02:00,738,860,2218,1894,2687,2597,2802,4080,2675,3509,1797,2021,2479,2711,1951,4004,211,283,711,777,776,1219,777,1675,827,1314,817,933,1596,1815,1330,2826,26231,13406,3977,1370,7990,2040,1214
2021-05-28T23:59:59+02:00,733,849,2193,1864,2652,2577,2779,4059,2665,3498,1797,2019,2478,2706,1951,4004,209,279,706,768,769,1197,766,1645,802,1278,803,908,1594,1809,1329,2824,26045,13273,3967,1368,7988,1973,1212
2021-05-27T23:59:59+02:00,681,826,2070,1820,2531,2515,2647,3990,2596,3453,1792,2011,2477,2704,1951,4002,195,262,645,724,700,1134,691,1560,742,1202,788,881,1587,1796,1329,2822,25622,13097,3841,1333,7963,1741,1023
2021-05-26T23:59:59+02:00,653,800,1977,1761,2374,2457,2536,3933,2551,3411,1783,2005,2475,2698,1949,3996,189,246,607,690,653,1098,655,1492,702,1149,777,857,1576,1767,1327,2820,25270,12904,3629,1324,7943,1615,896
2021-05-25T23:59:59+02:00,627,784,1899,1717,2281,2420,2444,3854,2510,3384,1775,1998,2472,2696,1948,3994,181,234,587,666,623,1063,618,1435,667,1096,761,840,1561,1748,1326,2818,24972,12738,3463,1293,7910,1493,834
2021-05-24T23:59:59+02:00,611,767,1850,1684,2213,2389,2386,3807,2469,3352,1767,1994,2467,2695,1948,3993,179,226,562,650,595,1029,591,1389,648,1052,747,826,1556,1746,1326,2818,24826,12672,3323,1285,7881,1381,736
2021-05-23T23:59:59+02:00,608,766,1839,1677,2203,2376,2381,3796,2459,3337,1766,1992,2467,2694,1948,3993,177,225,559,648,586,1025,579,1379,640,1048,746,820,1552,1743,1324,2816,24740,12614,3321,1281,7880,1371,735
2021-05-22T23:59:59+02:00,601,757,1818,1663,2182,2365,2361,3770,2438,3313,1759,1988,2467,2694,1948,3992,174,219,552,643,582,1019,569,1375,637,1041,737,811,1548,1733,1324,2816,24563,12566,3321,1281,7877,1340,726
2021-05-21T23:59:59+02:00,588,742,1743,1636,2110,2321,2313,3731,2409,3276,1754,1982,2464,2693,1948,3991,174,216,547,636,572,1011,557,1363,623,1025,727,788,1542,1729,1324,2815,24187,12497,3296,1281,7862,1281,723
2021-05-20T23:59:59+02:00,548,716,1617,1578,1988,2252,2198,3644,2342,3199,1739,1970,2462,2687,1948,3989,166,206,514,601,549,974,530,1307,599,970,710,761,1535,1718,1323,2814,23597,12393,3191,1271,7793,1087,656
2021-05-19T23:59:59+02:00,511,677,1520,1518,1853,2190,2081,3553,2261,3122,1726,1956,2456,2684,1945,3989,151,194,487,581,519,943,503,1254,576,918,699,747,1519,1693,1321,2811,22959,12252,3132,1255,7762,994,542
2021-05-18T23:59:59+02:00,483,656,1447,1467,1773,2135,1981,3437,2183,3044,1716,1941,2451,2676,1945,3986,136,186,469,565,501,910,487,1179,556,856,689,725,1515,1680,1320,2808,22523,12148,2988,1220,7711,896,445
2021-05-17T23:59:59+02:00,458,643,1406,1436,1726,2085,1920,3348,2149,2981,1699,1928,2448,2669,1945,3984,130,178,454,553,495,870,479,1118,550,808,676,699,1512,1672,1319,2808,22273,12089,2885,1198,7655,802,358
2021-05-16T23:59:59+02:00,452,642,1384,1411,1693,2064,1881,3298,2103,2937,1686,1920,2447,2665,1945,3984,126,175,450,534,484,851,466,1072,535,771,652,679,1509,1668,1319,2807,22124,12048,2823,1168,7623,720,286
2021-05-15T23:59:59+02:00,445,635,1362,1396,1679,2046,1866,3278,2082,2910,1682,1919,2447,2664,1944,3984,126,172,448,534,484,850,462,1067,528,764,649,676,1507,1667,1319,2807,21956,12021,2823,1168,7620,713,282
2021-05-14T23:59:59+02:00,435,623,1336,1362,1637,2006,1798,3218,2045,2876,1676,1915,2446,2664,1942,3984,124,169,446,518,464,825,446,1038,517,747,638,664,1504,1660,1319,2806,21649,11975,2784,1153,7602,612,268
2021-05-13T23:59:59+02:00,413,601,1278,1326,1541,1960,1693,3140,1985,2797,1654,1905,2440,2662,1940,3978,119,164,435,512,455,812,441,1024,506,735,619,639,1496,1642,1319,2802,21267,11905,2583,1116,7557,579,241
2021-05-12T23:59:59+02:00,406,596,1262,1320,1530,1952,1676,3119,1975,2783,1651,1899,2435,2661,1940,3978,118,162,435,512,454,807,436,1020,505,729,613,628,1495,1637,1318,2802,21162,11865,2564,1110,7553,578,238
2021-05-11T23:59:59+02:00,389,573,1196,1292,1434,1917,1573,3023,1896,2721,1639,1877,2430,2653,1939,3977,111,151,420,485,432,784,423,989,482,707,596,602,1487,1633,1317,2801,20802,11781,2413,1080,7457,492,187
2021-05-10T23:59:59+02:00,375,556,1165,1268,1383,1888,1511,2964,1854,2663,1632,1865,2424,2645,1939,3974,110,148,414,477,423,761,416,970,477,683,591,591,1486,1626,1317,2799,20565,11735,2343,1074,7363,440,160
2021-05-09T23:59:59+02:00,370,542,1128,1254,1360,1871,1466,2932,1809,2632,1625,1855,2422,2640,1939,3971,105,145,410,470,415,753,408,960,467,675,581,581,1481,1624,1317,2796,20376,11703,2298,1069,7325,395,140
2021-05-08T23:59:59+02:00,363,540,1122,1234,1334,1861,1451,2915,1785,2620,1620,1851,2421,2640,1938,3970,104,145,409,470,413,752,407,954,467,671,579,580,1477,1615,1317,2796,20230,11688,2295,1063,7322,384,140
2021-05-07T23:59:59+02:00,352,533,1098,1208,1289,1841,1399,2864,1746,2577,1614,1844,2420,2635,1938,3966,101,141,397,456,403,725,396,924,451,646,571,558,1465,1604,1317,2794,20002,11633,2267,1042,7265,284,109
2021-05-06T23:59:59+02:00,333,520,1016,1166,1178,1784,1268,2749,1640,2501,1588,1818,2419,2625,1938,3963,98,136,383,442,395,705,383,906,436,627,564,548,1453,1595,1316,2790,19556,11584,2101,1027,7076,201,83
2021-05-05T23:59:59+02:00,320,505,985,1143,1138,1749,1203,2686,1579,2431,1571,1792,2412,2613,1938,3959,98,131,380,436,390,693,380,897,429,609,548,534,1435,1582,1316,2787,19175,11523,2048,1005,7031,159,76
2021-05-04T23:59:59+02:00,310,491,952,1125,1102,1728,1162,2638,1536,2376,1558,1764,2406,2603,1933,3953,95,129,374,426,388,687,372,882,421,593,537,515,1425,1563,1313,2787,18881,11452,1990,978,6998,123,71
2021-05-03T23:59:59+02:00,307,481,926,1106,1066,1714,1130,2606,1505,2342,1546,1737,2397,2596,1932,3951,90,123,364,422,380,677,370,877,413,586,525,504,1415,1549,1312,2783,18665,11381,1968,972,6959,103,49
2021-05-02T23:59:59+02:00,304,478,910,1094,1044,1702,1112,2593,1492,2320,1539,1728,2396,2594,1931,3948,88,123,359,419,378,673,367,871,411,580,515,497,1400,1540,1312,2782,18562,11349,1954,956,6931,91,34
2021-05-01T23:59:59+02:00,301,473,905,1087,1033,1693,1102,2581,1481,2304,1535,1722,2394,2591,1930,3948,88,123,359,418,377,672,366,868,410,579,514,497,1400,1540,1312,2782,18456,11342,1954,956,6931,88,34
2021-04-30T23:59:59+02:00,297,465,895,1071,1013,1676,1069,2512,1442,2263,1524,1704,2390,2589,1929,3945,87,120,358,415,374,664,365,842,404,574,509,492,1397,1534,1312,2780,18194,11327,1950,945,6928,65,5
2021-04-29T23:59:59+02:00,285,457,858,1050,979,1645,1028,2456,1361,2196,1489,1669,2385,2580,1925,3940,87,119,353,413,370,660,360,830,397,565,498,483,1386,1525,1310,2775,17795,11276,1916,921,6877,44,5
2021-04-28T23:59:59+02:00,274,455,846,1037,952,1633,995,2422,1304,2135,1463,1625,2379,2578,1925,3938,83,119,347,407,366,653,358,822,392,553,481,470,1376,1513,1310,2773,17527,11215,1879,887,6838,30,5
2021-04-27T23:59:59+02:00,271,447,836,1024,936,1621,975,2399,1286,2107,1440,1591,2374,2574,1924,3935,82,116,345,404,365,648,356,817,387,547,476,460,1366,1495,1308,2770,17354,11164,1857,862,6810,25,5
2021-04-26T23:59:59+02:00,268,442,829,1017,927,1613,953,2376,1240,2065,1426,1571,2366,2569,1923,3932,82,116,343,402,364,647,353,814,384,543,468,447,1356,1485,1308,2768,17196,11128,1843,837,6757,23,5
2021-04-25T23:59:59+02:00,268,440,820,1010,915,1604,939,2362,1211,2036,1410,1553,2361,2563,1923,3931,81,116,343,398,361,645,352,812,383,542,465,442,1354,1477,1308,2767,17086,11116,1820,823,6716,15,5
2021-04-24T23:59:59+02:00,263,435,813,1006,903,1592,929,2343,1186,2020,1404,1533,2359,2560,1923,3931,81,116,343,398,361,645,351,812,383,539,463,439,1353,1475,1308,2767,16951,11110,1820,816,6703,15,5
2021-04-23T23:59:59+02:00,260,430,803,996,898,1583,911,2330,1127,1980,1392,1511,2353,2555,1923,3928,81,115,343,398,361,644,349,810,382,538,456,431,1348,1469,1308,2767,16823,11091,1810,801,6616,15,5
2021-04-22T23:59:59+02:00,258,422,781,977,882,1563,877,2286,1082,1932,1366,1469,2344,2541,1922,3921,81,112,341,396,358,636,346,803,376,533,450,424,1334,1459,1306,2766,16574,11038,1759,782,6555,8,5
2021-04-21T23:59:59+02:00,252,417,764,963,859,1545,849,2254,1032,1890,1330,1420,2334,2524,1919,3917,79,110,338,394,357,633,344,799,373,526,444,420,1326,1442,1299,2761,16294,10982,1733,762,6504,8,5
2021-04-20T23:59:59+02:00,247,411,752,944,844,1524,829,2203,1003,1845,1286,1360,2317,2509,1918,3907,79,110,336,394,354,630,341,794,373,521,440,412,1309,1417,1296,2759,16041,10918,1668,746,6450,8,5
2021-04-19T23:59:59+02:00,245,402,741,933,830,1507,818,2179,984,1816,1260,1323,2309,2501,1917,3903,78,109,336,391,351,625,338,785,370,512,437,407,1290,1395,1291,2750,15881,10843,1655,724,6392,6,4
2021-04-18T23:59:59+02:00,243,399,732,927,816,1497,803,2165,966,1798,1234,1291,2303,2497,1911,3901,77,107,335,390,350,625,337,780,369,510,435,402,1281,1392,1289,2748,15777,10819,1627,710,6335,6,4
2021-04-17T23:59:59+02:00,241,395,726,924,812,1496,798,2160,962,1790,1221,1272,2298,2490,1911,3901,76,104,334,387,350,625,336,776,369,506,433,397,1276,1385,1289,2748,15708,10785,1626,708,6318,6,4
2021-04-16T23:59:59+02:00,240,392,721,921,798,1481,788,2140,930,1748,1185,1221,2290,2477,1909,3897,71,102,331,381,349,623,332,767,362,489,420,373,1271,1372,1283,2738,15523,10707,1612,659,6257,5,4
2021-04-15T23:59:59+02:00,237,387,704,905,784,1470,765,2099,889,1707,1151,1182,2270,2455,1901,3885,69,102,328,375,344,622,325,762,354,486,412,364,1246,1347,1277,2726,15296,10617,1600,624,6145,5,4
2021-04-14T23:59:59+02:00,235,381,697,899,776,1456,756,2069,875,1682,1108,1142,2238,2403,1894,3876,66,97,325,373,341,618,322,755,345,477,397,350,1222,1320,1273,2716,15072,10511,1584,588,6079,5,4
2021-04-13T23:59:59+02:00,230,376,689,895,766,1444,748,2045,844,1654,1067,1086,2203,2359,1891,3869,64,96,322,370,332,613,318,749,338,468,386,344,1206,1305,1266,2709,14888,10438,1537,551,5989,4,4
2021-04-12T23:59:59+02:00,229,375,686,891,758,1432,729,2029,829,1637,1031,1051,2186,2345,1890,3860,62,92,313,364,328,607,312,742,333,463,371,335,1198,1295,1264,2701,14785,10366,1519,515,5900,4,4
2021-04-11T23:59:59+02:00,226,374,680,885,752,1427,721,2016,818,1623,1007,1028,2173,2327,1889,3854,60,90,308,362,327,605,310,738,329,457,365,329,1187,1290,1261,2698,14736,10322,1497,493,5813,4,4
2021-04-10T23:59:59+02:00,226,374,680,884,750,1425,716,2008,812,1619,999,1012,2165,2318,1889,3854,55,82,283,350,314,591,298,727,314,448,355,321,1180,1274,1257,2695,14692,10161,1491,480,5793,4,4
2021-04-09T23:59:59+02:00,226,369,676,882,742,1398,707,1927,795,1539,962,955,2138,2296,1887,3847,45,77,268,339,296,578,281,715,304,434,338,314,1151,1243,1248,2691,14564,9958,1466,458,5560,4,3
2021-04-08T23:59:59+02:00,225,365,672,878,735,1391,697,1909,776,1516,914,896,2096,2270,1881,3841,43,74,260,324,282,571,266,699,284,419,320,292,1115,1221,1236,2668,14433,9730,1420,435,5453,4,3
2021-04-07T23:59:59+02:00,217,362,666,871,726,1379,683,1884,761,1488,874,851,2054,2227,1877,3830,41,70,242,309,273,564,260,688,269,405,299,279,1078,1195,1224,2644,14282,9515,1381,413,5328,4,3
2021-04-06T23:59:59+02:00,213,360,661,868,712,1366,665,1860,737,1466,840,804,2031,2192,1871,3823,40,69,241,307,269,562,251,685,263,400,290,266,1053,1165,1214,2631,14190,9408,1351,386,5166,4,3
2021-04-05T23:59:59+02:00,213,360,661,861,706,1357,658,1843,726,1453,814,779,2015,2160,1868,3819,40,69,240,304,268,557,247,678,261,398,289,259,1027,1142,1211,2620,14141,9334,1339,363,5047,4,3
2021-04-04T23:59:59+02:00,212,358,660,856,700,1346,652,1825,722,1435,805,766,2012,2158,1868,3818,40,69,239,304,268,557,247,678,260,398,288,259,1011,1128,1209,2617,14125,9296,1338,363,4964,4,3
2021-04-03T23:59:59+02:00,212,358,660,856,698,1344,650,1822,716,1432,792,757,2010,2150,1866,3817,40,69,239,304,268,557,247,678,260,397,288,259,1011,1123,1209,2615,14088,9288,1338,363,4947,4,3
2021-04-02T23:59:59+02:00,212,357,660,854,697,1341,647,1815,709,1423,780,745,1996,2135,1864,3815,40,69,236,304,266,555,245,671,254,393,284,257,991,1094,1204,2593,14030,9186,1328,356,4924,4,3
2021-04-01T23:59:59+02:00,208,352,657,846,686,1327,640,1795,695,1402,753,711,1970,2101,1862,3801,39,68,228,301,264,551,240,663,251,387,274,249,958,1062,1186,2561,13928,9022,1275,345,4832,4,3
2021-03-31T23:59:59+02:00,205,350,649,839,678,1312,632,1749,686,1364,734,698,1942,2052,1847,3788,39,68,225,300,262,549,238,657,243,385,261,244,906,1011,1174,2532,13835,8849,1226,330,4693,4,3
2021-03-30T23:59:59+02:00,203,344,644,832,675,1284,626,1714,674,1326,719,682,1906,2005,1839,3771,39,66,222,298,260,547,235,651,240,377,252,240,884,987,1158,2508,13726,8731,1190,316,4555,4,3
2021-03-29T23:59:59+02:00,200,338,638,816,671,1273,615,1684,665,1289,700,662,1862,1951,1823,3748,39,66,221,297,259,545,233,645,235,368,245,237,860,965,1149,2494,13561,8635,1156,306,4444,3,3
2021-03-28T23:59:59+02:00,190,324,631,808,666,1266,611,1665,661,1272,692,643,1831,1916,1819,3737,39,65,218,297,254,539,231,641,234,365,242,236,849,957,1145,2489,13495,8584,1114,300,4349,3,3
2021-03-27T23:59:59+01:00,189,321,628,803,663,1261,606,1655,659,1263,685,634,1822,1906,1819,3736,39,65,218,297,254,539,231,635,232,361,239,234,841,944,1131,2476,13452,8528,1107,291,4316,3,3
2021-03-26T23:59:59+01:00,187,319,621,791,658,1251,595,1636,653,1240,670,617,1807,1884,1811,3729,39,65,218,297,253,537,231,635,225,350,236,228,812,911,1114,2445,13363,8388,1081,291,4247,3,3
2021-03-25T23:59:59+01:00,183,318,612,781,645,1229,579,1600,639,1202,653,595,1773,1854,1802,3716,39,65,214,291,253,537,225,632,223,348,228,223,774,883,1073,2388,13274,8199,1035,278,4092,3,3
2021-03-24T23:59:59+01:00,180,307,603,772,640,1214,572,1567,627,1170,633,581,1741,1814,1792,3699,38,65,214,290,253,536,224,631,216,345,223,217,739,860,1047,2317,13167,8032,1003,265,3961,3,2
2021-03-23T23:59:59+01:00,178,305,597,763,624,1203,564,1547,615,1135,623,566,1714,1791,1780,3687,37,64,212,288,250,533,219,625,213,340,217,214,710,841,1004,2244,13094,7834,980,257,3835,3,2
2021-03-22T23:59:59+01:00,171,297,581,748,610,1182,554,1521,604,1110,613,555,1691,1771,1774,3676,37,63,211,286,248,531,218,617,212,336,214,208,684,820,943,2169,13029,7630,954,247,3691,3,2
2021-03-21T23:59:59+01:00,169,296,577,741,607,1178,550,1496,594,1078,606,547,1672,1765,1768,3664,37,63,211,285,247,530,217,616,211,334,213,205,679,818,935,2163,13001,7602,936,241,3583,3,2
2021-03-20T23:59:59+01:00,167,296,572,739,606,1176,547,1494,593,1075,601,539,1659,1745,1762,3657,37,63,211,285,246,530,217,614,208,328,210,203,672,812,923,2151,12954,7556,931,233,3553,3,2
2021-03-19T23:59:59+01:00,158,284,567,728,600,1167,546,1480,579,1056,575,504,1612,1712,1744,3648,37,63,211,284,245,530,216,606,205,325,209,199,646,785,902,2116,12827,7437,874,221,3465,2,2
2021-03-18T23:59:59+01:00,154,278,550,721,578,1134,530,1431,556,1011,548,482,1574,1675,1730,3619,37,63,208,282,244,520,216,600,202,320,206,192,632,773,882,2081,12679,7330,824,206,3268,2,2
2021-03-17T23:59:59+01:00,148,270,540,710,569,1130,523,1418,540,993,527,463,1542,1649,1714,3596,37,62,208,282,243,516,215,600,201,318,205,189,619,763,859,2045,12522,7235,786,203,3221,2,2
2021-03-16T23:59:59+01:00,142,265,530,699,555,1117,511,1380,526,963,512,442,1499,1599,1703,3574,37,61,208,280,243,510,215,599,199,318,202,189,606,745,838,2005,12377,7131,740,200,3094,2,1
2021-03-15T23:59:59+01:00,139,258,516,684,545,1091,498,1343,515,930,496,426,1468,1567,1690,3557,36,61,207,277,242,507,215,598,197,318,197,184,589,734,822,1975,12248,7047,692,189,2974,2,0
2021-03-14T23:59:59+01:00,135,245,505,671,537,1067,492,1294,503,890,479,414,1442,1545,1681,3541,36,61,207,275,241,505,214,594,196,313,196,181,585,726,818,1963,12155,7024,661,164,2812,2,0
2021-03-13T23:59:59+01:00,130,229,478,652,510,1041,469,1272,479,873,461,407,1420,1526,1676,3535,36,61,207,275,241,505,214,593,196,312,195,181,579,716,796,1938,11951,6957,649,163,2735,2,0
2021-03-12T23:59:59+01:00,120,218,452,628,489,1010,447,1241,456,841,438,389,1369,1478,1661,3505,36,61,207,274,241,504,214,593,196,312,192,179,568,705,780,1923,11666,6894,626,163,2622,2,0
2021-03-11T23:59:59+01:00,113,205,420,592,451,971,411,1172,429,782,413,354,1304,1427,1627,3459,36,61,206,271,235,500,212,588,194,308,188,178,555,691,762,1889,11328,6826,589,120,2374,2,0
2021-03-10T23:59:59+01:00,108,196,399,571,437,950,396,1134,403,744,390,334,1238,1369,1605,3409,36,61,202,266,233,493,210,583,194,306,185,176,539,684,748,1859,11041,6739,561,107,2240,2,0
2021-03-09T23:59:59+01:00,107,190,386,551,419,919,383,1089,388,710,374,321,1193,1342,1575,3377,36,61,201,262,232,486,207,579,191,302,185,175,527,677,736,1835,10862,6671,539,91,2071,2,0
2021-03-08T23:59:59+01:00,104,183,372,536,403,896,373,1038,380,672,359,311,1144,1304,1559,3354,36,61,201,261,228,480,203,573,187,300,183,175,517,672,730,1827,10708,6630,507,75,1918,1,0
2021-03-07T23:59:59+01:00,100,176,370,528,392,877,362,1024,377,667,356,308,1132,1289,1553,3346,36,61,201,260,228,478,202,572,187,299,183,174,513,668,723,1823,10645,6606,487,73,1867,0,0
2021-03-06T23:59:59+01:00,100,170,366,526,386,852,357,973,368,637,354,306,1124,1276,1540,3338,36,61,201,260,227,477,202,571,187,299,183,174,511,667,722,1813,10596,6599,487,63,1730,0,0
2021-03-05T23:59:59+01:00,98,165,362,521,383,847,355,956,357,614,345,293,1084,1232,1516,3297,36,61,200,259,226,476,201,569,186,297,182,173,506,666,716,1797,10418,6578,465,44,1675,0,0
2021-03-04T23:59:59+01:00,98,156,348,486,373,817,337,909,345,591,331,289,1033,1183,1460,3232,36,61,198,254,225,469,199,560,183,295,181,172,504,663,713,1794,10171,6533,442,43,1506,0,0
2021-03-03T23:59:59+01:00,95,145,339,472,367,803,331,888,333,569,321,280,990,1149,1421,3140,36,60,198,254,224,466,198,551,183,288,180,169,499,660,706,1791,9954,6494,419,38,1397,0,0
2021-03-02T23:59:59+01:00,90,139,330,461,356,787,322,868,326,544,309,275,953,1120,1359,3051,35,60,198,254,224,456,193,547,181,286,178,169,496,652,701,1781,9698,6440,399,38,1314,0,0
2021-03-01T23:59:59+01:00,88,136,324,448,348,769,313,838,317,514,305,269,926,1086,1273,2933,35,59,197,252,221,448,192,540,180,283,178,169,494,648,694,1775,9421,6393,379,38,1206,0,0
2021-02-28T23:59:59+01:00,88,134,318,439,345,758,313,814,312,495,301,263,920,1082,1264,2924,35,59,195,251,221,448,192,540,180,283,177,169,494,644,693,1774,9385,6383,370,38,1132,0,0
2021-02-27T23:59:59+01:00,85,124,314,430,339,757,309,802,308,485,297,260,910,1070,1248,2906,35,59,195,250,221,447,191,539,179,282,177,169,494,644,693,1774,9322,6382,359,33,1078,0,0
2021-02-26T23:59:59+01:00,83,119,307,407,312,723,289,773,299,466,294,258,880,1044,1224,2865,35,58,195,249,221,445,190,536,177,280,177,169,494,644,692,1771,9192,6365,357,33,905,0,0
2021-02-25T23:59:59+01:00,76,106,295,388,305,692,281,746,287,443,285,247,867,1025,1198,2830,35,58,194,247,217,442,186,528,173,279,173,166,483,637,683,1767,9066,6310,344,23,770,0,0
2021-02-24T23:59:59+01:00,70,99,290,378,299,678,277,734,281,434,280,247,843,1011,1166,2782,34,58,191,245,214,429,185,520,169,274,171,162,478,633,682,1755,8939,6247,332,16,705,0,0
2021-02-23T23:59:59+01:00,62,89,280,367,289,655,271,719,275,426,276,245,821,990,1137,2727,33,58,190,242,212,424,183,515,167,272,171,159,475,627,677,1738,8801,6192,318,13,615,0,0
2021-02-22T23:59:59+01:00,58,86,274,353,286,647,267,707,271,424,268,238,800,975,1115,2696,33,56,187,239,206,410,177,506,162,269,169,155,466,623,673,1728,8693,6115,304,5,572,0,0
2021-02-21T23:59:59+01:00,54,84,273,347,284,637,262,698,265,420,267,238,795,971,1109,2688,33,55,186,237,206,408,176,497,162,267,169,155,461,622,668,1719,8671,6076,298,5,525,0,0
2021-02-20T23:59:59+01:00,52,84,271,346,284,633,261,692,262,414,266,238,783,959,1085,2661,33,55,186,237,206,408,176,497,161,266,169,155,460,622,667,1718,8597,6071,289,5,504,0,0
2021-02-19T23:59:59+01:00,51,84,265,340,279,606,253,672,258,403,263,233,763,943,1061,2642,33,54,186,237,205,407,176,496,160,266,169,154,455,621,662,1706,8518,6042,276,5,417,0,0
2021-02-18T23:59:59+01:00,49,78,246,322,271,584,244,654,243,375,260,227,752,933,1041,2616,33,53,182,231,204,398,172,482,159,257,166,149,435,608,640,1652,8447,5875,254,5,287,0,0
2021-02-17T23:59:59+01:00,49,76,240,316,268,568,238,639,241,357,256,222,733,925,1023,2580,31,51,179,225,196,382,167,464,153,247,159,144,427,593,625,1621,8338,5717,247,4,236,0,0
2021-02-16T23:59:59+01:00,46,70,232,305,265,554,233,626,235,352,251,220,721,916,1003,2553,29,51,169,216,188,362,162,451,149,234,157,139,400,564,596,1567,8255,5487,240,4,174,0,0
2021-02-15T23:59:59+01:00,45,69,226,302,257,541,231,621,232,343,249,219,705,908,996,2538,28,49,164,211,183,355,158,441,143,229,142,135,378,539,569,1510,8203,5287,228,4,138,0,0
2021-02-14T23:59:59+01:00,43,69,223,299,255,533,229,618,232,338,249,215,698,901,991,2523,27,48,162,209,179,350,158,428,141,228,142,131,370,531,555,1479,8184,5190,198,4,120,0,0
2021-02-13T23:59:59+01:00,42,69,223,299,254,533,229,617,232,338,249,215,696,900,991,2523,27,48,160,208,176,350,157,424,138,226,142,130,367,527,547,1467,8179,5149,198,1,119,0,0
2021-02-12T23:59:59+01:00,41,67,221,295,251,522,225,607,229,333,248,213,690,899,989,2514,27,47,158,206,175,349,154,422,137,224,141,127,365,513,523,1415,8152,5038,198,1,79,0,0
2021-02-11T23:59:59+01:00,40,65,213,277,244,504,215,584,217,318,244,212,684,883,968,2488,26,45,141,187,167,314,144,379,132,205,130,115,327,465,479,1281,8083,4588,139,1,17,0,0
2021-02-10T23:59:59+01:00,40,65,208,271,242,496,213,576,214,311,241,212,677,880,960,2478,24,44,129,166,155,275,127,333,122,181,118,107,305,429,432,1187,8032,4177,128,1,7,0,0
2021-02-09T23:59:59+01:00,39,63,206,267,241,481,209,571,210,309,239,208,672,872,953,2470,24,41,113,139,140,253,114,288,111,157,101,99,277,369,387,1072,7982,3724,107,1,3,0,0
2021-02-08T23:59:59+01:00,39,63,205,264,234,467,206,560,207,305,235,208,665,868,949,2465,22,37,94,120,120,203,98,254,100,145,86,90,245,326,338,968,7925,3282,91,1,3,0,0
2021-02-07T23:59:59+01:00,39,62,202,262,234,465,206,558,207,305,235,208,664,864,947,2464,21,31,90,113,113,190,92,239,97,135,81,87,237,312,326,930,7911,3127,88,1,0,0,0
2021-02-06T23:59:59+01:00,39,62,202,262,234,464,206,557,206,305,235,208,664,864,946,2454,17,25,90,112,112,184,90,234,97,132,80,87,237,308,317,919,7908,3072,77,1,0,0,0
2021-02-05T23:59:59+01:00,38,61,202,262,234,463,205,555,204,304,235,208,662,864,936,2432,14,20,83,105,109,180,88,232,92,119,77,86,229,302,299,896,7890,2960,50,0,0,0,0
2021-02-04T23:59:59+01:00,37,61,201,260,229,459,201,549,202,300,233,205,656,857,928,2424,11,11,58,75,85,138,78,198,71,99,71,76,201,269,262,795,7827,2518,50,0,0,0,0
2021-02-03T23:59:59+01:00,37,59,200,259,228,447,197,543,202,297,230,203,649,855,922,2409,7,6,42,57,69,114,60,152,56,76,54,51,153,192,204,585,7767,1893,45,0,0,0,0
2021-02-02T23:59:59+01:00,36,59,199,256,225,441,195,539,200,296,228,201,642,849,916,2389,5,5,28,39,53,82,47,97,43,59,44,34,111,140,135,377,7700,1309,44,0,0,0,0
2021-02-01T23:59:59+01:00,35,56,197,256,221,436,192,533,196,289,228,197,635,846,912,2380,3,2,22,21,27,44,28,61,25,34,29,22,69,93,74,224,7638,785,44,0,0,0,0
2021-01-31T23:59:59+01:00,35,56,197,254,219,432,190,525,195,287,227,197,630,842,908,2369,3,2,20,16,18,37,20,48,18,29,27,17,57,82,71,198,7592,668,43,0,0,0,0
2021-01-30T23:59:59+01:00,35,56,197,254,219,432,189,525,195,287,227,197,629,842,908,2367,3,2,19,15,16,37,18,44,16,28,26,16,57,79,69,192,7589,641,42,0,0,0,0
2021-01-29T23:59:59+01:00,35,56,197,251,217,431,189,524,194,285,227,197,624,840,902,2359,3,0,17,11,10,31,18,39,12,24,26,16,54,78,69,186,7562,596,38,0,0,0,0
2021-01-28T23:59:59+01:00,35,55,190,249,217,424,188,516,192,281,226,196,610,832,889,2342,3,0,4,3,5,20,11,19,5,12,22,10,35,52,46,133,7484,380,29,0,0,0,0
2021-01-27T23:59:59+01:00,34,53,186,243,211,414,185,502,188,271,219,190,598,816,870,2311,1,0,2,3,5,15,10,18,4,11,21,9,29,45,39,101,7334,313,24,0,0,0,0
2021-01-26T23:59:59+01:00,31,53,182,231,205,399,181,485,185,263,215,186,578,799,846,2268,1,0,1,3,5,15,10,18,4,11,20,8,27,38,39,89,7154,289,20,0,0,0,0
2021-01-25T23:59:59+01:00,31,52,176,230,202,389,178,472,179,255,205,182,556,781,828,2230,1,0,1,3,4,13,9,15,4,10,19,7,22,37,33,79,7005,257,6,0,0,0,0
2021-01-24T23:59:59+01:00,30,51,174,227,200,388,177,470,179,254,205,181,552,776,826,2225,1,0,1,3,3,13,9,15,4,10,19,7,22,37,32,78,6974,254,5,0,0,0,0
2021-01-23T23:59:59+01:00,30,51,174,227,198,388,177,469,179,254,205,181,551,776,818,2213,1,0,1,3,3,12,8,15,4,10,19,7,22,37,32,78,6950,252,5,0,0,0,0
2021-01-22T23:59:59+01:00,30,50,172,223,197,388,177,468,178,254,205,180,549,774,796,2179,1,0,1,3,3,12,8,15,4,10,19,7,22,37,32,78,6879,252,5,0,0,0,0
2021-01-21T23:59:59+01:00,29,49,162,214,191,370,171,448,177,240,195,176,523,747,767,2139,1,0,1,3,1,7,7,11,3,5,18,7,18,26,29,63,6654,200,5,0,0,0,0
2021-01-20T23:59:59+01:00,28,47,147,191,175,326,146,395,164,216,181,162,488,702,710,1971,1,0,1,3,1,7,7,11,3,4,17,6,17,25,25,60,6099,188,4,0,0,0,0
2021-01-19T23:59:59+01:00,26,46,126,159,157,294,136,352,147,196,153,143,431,611,628,1749,1,0,1,3,1,6,5,7,1,3,10,3,8,19,16,41,5398,125,3,0,0,0,0
2021-01-18T23:59:59+01:00,23,41,108,146,134,244,123,307,127,171,121,126,356,508,516,1470,1,0,1,1,0,3,4,5,0,3,1,1,3,7,8,22,4563,60,3,0,0,0,0
2021-01-17T23:59:59+01:00,22,30,104,133,125,228,116,282,121,162,114,114,341,481,472,1389,1,0,0,0,0,1,2,4,0,1,0,1,2,2,1,3,4269,18,3,0,0,0,0
2021-01-16T23:59:59+01:00,19,24,101,131,123,221,113,272,117,156,113,113,338,472,458,1369,0,0,0,0,0,0,0,0,0,0,0,0,0,0,0,0,4177,0,0,0,0,0,0
2021-01-15T23:59:59+01:00,15,22,97,123,120,214,110,265,116,143,108,110,331,459,436,1333,0,0,0,0,0,0,0,0,0,0,0,0,0,0,0,0,4036,0,0,0,0,0,0
2021-01-14T23:59:59+01:00,12,13,72,92,102,175,93,224,99,124,94,94,284,411,383,1149,0,0,0,0,0,0,0,0,0,0,0,0,0,0,0,0,3447,0,0,0,0,0,0
2021-01-13T23:59:59+01:00,8,11,61,81,93,148,82,183,87,101,73,69,217,283,315,890,0,0,0,0,0,0,0,0,0,0,0,0,0,0,0,0,2724,0,0,0,0,0,0
2021-01-12T23:59:59+01:00,7,10,52,62,76,115,70,132,70,79,55,48,160,212,224,613,0,0,0,0,0,0,0,0,0,0,0,0,0,0,0,0,2004,0,0,0,0,0,0
2021-01-11T23:59:59+01:00,4,8,46,48,63,84,52,103,53,59,37,28,91,139,117,339,0,0,0,0,0,0,0,0,0,0,0,0,0,0,0,0,1286,0,0,0,0,0,0
2021-01-10T23:59:59+01:00,3,7,40,36,47,67,36,82,42,50,34,22,76,125,111,291,0,0,0,0,0,0,0,0,0,0,0,0,0,0,0,0,1080,0,0,0,0,0,0
2021-01-09T23:59:59+01:00,3,6,37,34,41,65,34,73,37,46,34,22,76,123,109,289,0,0,0,0,0,0,0,0,0,0,0,0,0,0,0,0,1038,0,0,0,0,0,0
2021-01-08T23:59:59+01:00,3,4,30,28,34,59,28,61,33,40,33,21,72,120,107,280,0,0,0,0,0,0,0,0,0,0,0,0,0,0,0,0,960,0,0,0,0,0,0
2021-01-07T23:59:59+01:00,3,2,10,3,7,22,13,28,12,20,28,13,51,79,72,199,0,0,0,0,0,0,0,0,0,0,0,0,0,0,0,0,562,0,0,0,0,0,0
2021-01-06T23:59:59+01:00,3,0,3,3,5,17,10,19,7,14,25,12,43,65,61,161,0,0,0,0,0,0,0,0,0,0,0,0,0,0,0,0,448,0,0,0,0,0,0
2021-01-05T23:59:59+01:00,2,0,1,3,5,15,10,18,7,13,24,11,42,64,58,153,0,0,0,0,0,0,0,0,0,0,0,0,0,0,0,0,426,0,0,0,0,0,0
2021-01-04T23:59:59+01:00,1,0,1,3,5,14,9,16,6,12,22,9,31,51,45,118,0,0,0,0,0,0,0,0,0,0,0,0,0,0,0,0,343,0,0,0,0,0,0
2021-01-03T23:59:59+01:00,1,0,1,3,4,14,9,16,6,12,22,9,31,51,45,117,0,0,0,0,0,0,0,0,0,0,0,0,0,0,0,0,341,0,0,0,0,0,0
2021-01-02T23:59:59+01:00,1,0,1,3,4,14,8,16,6,12,22,9,31,51,45,117,0,0,0,0,0,0,0,0,0,0,0,0,0,0,0,0,340,0,0,0,0,0,0
2021-01-01T23:59:59+01:00,1,0,1,3,4,14,8,16,6,12,22,9,31,51,45,117,0,0,0,0,0,0,0,0,0,0,0,0,0,0,0,0,340,0,0,0,0,0,0
2020-12-31T23:59:59+01:00,1,0,1,3,4,13,8,16,6,12,22,9,31,51,45,117,0,0,0,0,0,0,0,0,0,0,0,0,0,0,0,0,339,0,0,0,0,0,0
2020-12-30T23:59:59+01:00,1,0,1,3,4,13,8,16,6,12,22,9,31,51,45,117,0,0,0,0,0,0,0,0,0,0,0,0,0,0,0,0,339,0,0,0,0,0,0
2020-12-29T23:59:59+01:00,1,0,1,3,3,9,6,11,4,10,15,6,23,44,32,94,0,0,0,0,0,0,0,0,0,0,0,0,0,0,0,0,262,0,0,0,0,0,0
2020-12-28T23:59:59+01:00,1,0,1,1,1,2,4,6,3,5,8,2,6,17,20,47,0,0,0,0,0,0,0,0,0,0,0,0,0,0,0,0,124,0,0,0,0,0,0
2020-12-27T23:59:59+01:00,1,0,0,0,0,1,2,6,0,2,1,1,4,5,4,14,0,0,0,0,0,0,0,0,0,0,0,0,0,0,0,0,41,0,0,0,0,0,0
