Datum,<15_m,<15_w,15-24_1_m,15-24_1_w,25-34_1_m,25-34_1_w,35-44_1_m,35-44_1_w,45-54_1_m,45-54_1_w,55-64_1_m,55-64_1_w,65-74_1_m,65-74_1_w,75-84_1_m,75-84_1_w,>84_1_m,>84_1_w,<24_2_m,<24_2_w,25-34_2_m,25-34_2_w,35-44_2_m,35-44_2_w,45-54_2_m,45-54_2_w,55-64_2_m,55-64_2_w,65-74_2_m,65-74_2_w,75-84_2_m,75-84_2_w,>84_2_m,>84_2_w,bp_1,bp_2,mo_1,mo_2,az_1,az_2,ja,unb_1,unb_2
2021-09-16T23:59:59+02:00,219,222,4009,3445,9740,6900,9155,6243,7969,8358,5814,6162,2894,2998,3328,3359,2756,5211,3254,2855,8506,6052,8247,5600,7270,7585,5206,5620,2313,2584,2499,2665,1994,3878,59799,50166,8700,7574,9841,7830,11649,52,50
2021-09-15T23:59:59+02:00,216,220,3970,3429,9698,6879,9126,6217,7939,8338,5809,6147,2890,2996,3326,3359,2755,5210,3224,2843,8470,6030,8215,5577,7240,7563,5190,5603,2311,2581,2499,2662,1992,3875,59630,50000,8692,7566,9841,7830,11568,52,50
2021-09-14T23:59:59+02:00,215,217,3932,3405,9635,6850,9075,6187,7910,8304,5799,6131,2887,2993,3325,3359,2754,5209,3197,2821,8412,6001,8171,5554,7214,7538,5180,5590,2311,2581,2498,2659,1992,3874,59439,49862,8679,7556,9841,7827,11435,52,49
2021-09-13T23:59:59+02:00,212,212,3897,3385,9586,6822,9044,6164,7891,8270,5787,6117,2883,2988,3325,3359,2754,5208,3161,2803,8368,5977,8153,5537,7204,7515,5173,5585,2308,2578,2498,2658,1992,3874,59240,49716,8655,7548,9841,7826,11374,52,49
2021-09-12T23:59:59+02:00,211,211,3867,3376,9545,6808,9024,6152,7879,8254,5778,6111,2882,2987,3324,3357,2754,5207,3135,2789,8324,5957,8138,5524,7189,7500,5169,5580,2304,2575,2498,2658,1992,3873,59143,49625,8653,7543,9841,7819,11296,52,49
2021-09-11T23:59:59+02:00,211,211,3863,3371,9536,6801,9020,6148,7877,8252,5776,6109,2881,2986,3323,3357,2754,5207,3133,2787,8313,5953,8133,5519,7188,7496,5168,5578,2304,2575,2498,2658,1992,3873,59118,49603,8650,7542,9841,7819,11279,52,49
2021-09-10T23:59:59+02:00,210,207,3820,3356,9488,6765,8990,6131,7850,8232,5764,6087,2879,2983,3323,3357,2754,5207,3109,2775,8265,5920,8106,5505,7163,7476,5152,5559,2303,2574,2498,2657,1992,3873,59001,49518,8643,7536,9840,7819,11124,52,49
2021-09-09T23:59:59+02:00,206,205,3790,3326,9422,6728,8939,6103,7826,8188,5750,6077,2876,2981,3323,3357,2754,5207,3089,2756,8221,5881,8068,5480,7138,7447,5138,5547,2301,2571,2498,2656,1992,3873,58788,49382,8631,7523,9839,7812,11005,52,49
2021-09-08T23:59:59+02:00,204,203,3750,3310,9370,6715,8905,6074,7807,8157,5735,6060,2873,2979,3322,3356,2754,5206,3056,2743,8161,5859,8024,5454,7107,7411,5123,5525,2299,2570,2497,2656,1992,3873,58651,49221,8625,7512,9838,7808,10871,52,49
2021-09-07T23:59:59+02:00,201,202,3715,3298,9333,6685,8877,6052,7784,8136,5716,6045,2872,2977,3321,3355,2754,5203,3033,2732,8116,5829,7997,5425,7087,7384,5109,5511,2297,2566,2495,2655,1992,3873,58486,49068,8619,7500,9838,7803,10788,52,49
2021-09-06T23:59:59+02:00,201,201,3679,3283,9291,6658,8845,6036,7761,8111,5708,6031,2869,2970,3319,3355,2754,5203,3009,2718,8079,5810,7966,5415,7067,7358,5103,5497,2293,2564,2494,2655,1992,3873,58320,48946,8618,7495,9836,7802,10706,52,49
2021-09-05T23:59:59+02:00,199,200,3663,3278,9273,6648,8830,6025,7758,8099,5701,6024,2868,2969,3319,3355,2754,5202,2999,2712,8055,5793,7953,5398,7059,7351,5093,5492,2291,2563,2494,2654,1992,3873,58256,48877,8616,7486,9835,7801,10663,52,49
2021-09-04T23:59:59+02:00,199,199,3660,3274,9270,6640,8825,6025,7754,8097,5701,6023,2868,2969,3319,3355,2754,5202,2997,2706,8048,5786,7948,5397,7054,7348,5092,5491,2287,2562,2494,2654,1992,3873,58239,48853,8616,7482,9835,7800,10649,52,49
2021-09-03T23:59:59+02:00,197,198,3631,3244,9220,6622,8791,5999,7732,8080,5687,6006,2866,2967,3319,3353,2754,5200,2975,2683,8002,5763,7919,5376,7027,7322,5078,5470,2283,2559,2494,2652,1992,3871,58106,48736,8602,7455,9835,7799,10527,52,49
2021-09-02T23:59:59+02:00,196,195,3597,3226,9160,6593,8742,5980,7707,8054,5674,5986,2861,2963,3317,3352,2754,5199,2953,2663,7937,5736,7879,5357,7000,7294,5066,5448,2278,2555,2492,2651,1992,3868,57942,48588,8593,7441,9833,7796,10390,52,49
2021-09-01T23:59:59+02:00,193,193,3571,3209,9106,6573,8708,5963,7684,8038,5663,5979,2860,2960,3316,3349,2754,5199,2934,2652,7884,5704,7836,5333,6966,7273,5056,5437,2274,2552,2491,2647,1992,3868,57795,48411,8574,7416,9833,7793,10318,52,49
2021-08-31T23:59:59+02:00,189,193,3541,3193,9048,6548,8679,5953,7665,8014,5656,5970,2856,2958,3315,3347,2754,5197,2912,2633,7834,5675,7806,5316,6941,7244,5045,5418,2270,2548,2490,2647,1992,3868,57658,48271,8567,7405,9833,7781,10219,52,49
2021-08-30T23:59:59+02:00,188,193,3491,3169,8999,6514,8631,5923,7626,7982,5643,5955,2851,2955,3314,3346,2754,5197,2876,2617,7779,5652,7763,5293,6909,7223,5035,5401,2265,2544,2488,2647,1992,3867,57450,48123,8563,7397,9832,7780,10086,52,49
2021-08-29T23:59:59+02:00,185,192,3476,3153,8970,6496,8607,5910,7618,7972,5635,5946,2850,2952,3314,3346,2753,5197,2856,2594,7738,5635,7737,5273,6895,7206,5024,5395,2263,2543,2487,2645,1991,3867,57367,48006,8557,7384,9832,7775,10015,52,49
2021-08-28T23:59:59+02:00,184,192,3470,3152,8965,6494,8601,5907,7611,7971,5635,5944,2850,2951,3314,3346,2753,5197,2849,2588,7729,5632,7729,5268,6889,7202,5020,5393,2263,2543,2487,2645,1991,3867,57352,47974,8557,7381,9832,7774,9995,52,49
2021-08-27T23:59:59+02:00,182,191,3454,3144,8934,6478,8570,5897,7590,7961,5627,5936,2850,2951,3314,3346,2753,5197,2833,2580,7703,5622,7708,5254,6872,7194,5012,5385,2263,2543,2486,2643,1991,3867,57262,47907,8556,7380,9832,7774,9921,52,49
2021-08-26T23:59:59+02:00,182,189,3406,3124,8864,6452,8524,5880,7567,7939,5611,5924,2847,2948,3314,3345,2753,5196,2797,2552,7646,5585,7644,5220,6835,7169,4980,5369,2258,2538,2485,2642,1991,3867,57084,47691,8549,7357,9832,7751,9793,52,49
2021-08-25T23:59:59+02:00,179,187,3375,3111,8819,6421,8488,5863,7534,7914,5599,5902,2843,2943,3314,3342,2752,5196,2748,2524,7576,5540,7590,5183,6792,7127,4963,5341,2256,2533,2484,2639,1990,3867,56947,47413,8544,7349,9831,7745,9653,52,49
2021-08-24T23:59:59+02:00,178,185,3362,3097,8791,6400,8467,5842,7515,7892,5591,5891,2841,2942,3313,3339,2752,5195,2721,2497,7531,5507,7555,5157,6760,7095,4946,5322,2255,2531,2483,2638,1990,3867,56852,47221,8538,7332,9831,7741,9565,52,49
2021-08-23T23:59:59+02:00,176,176,3312,3072,8738,6373,8428,5820,7483,7860,5577,5875,2839,2941,3312,3338,2752,5194,2689,2477,7471,5463,7512,5139,6720,7062,4930,5305,2251,2529,2482,2637,1989,3867,56665,47032,8529,7317,9828,7736,9434,52,49
2021-08-22T23:59:59+02:00,175,176,3299,3062,8721,6352,8414,5811,7465,7849,5571,5868,2836,2938,3311,3338,2752,5194,2671,2464,7438,5437,7489,5122,6696,7045,4926,5295,2246,2524,2481,2637,1988,3866,56584,46891,8523,7307,9827,7733,9387,52,49
2021-08-21T23:59:59+02:00,172,175,3283,3056,8707,6342,8402,5804,7459,7843,5566,5861,2835,2938,3311,3337,2752,5194,2660,2457,7414,5418,7469,5109,6683,7038,4917,5288,2245,2522,2480,2636,1988,3866,56513,46794,8519,7281,9827,7731,9367,52,49
2021-08-20T23:59:59+02:00,171,172,3266,3042,8672,6318,8370,5784,7437,7820,5555,5847,2834,2935,3311,3336,2752,5192,2624,2441,7359,5373,7429,5080,6642,6998,4901,5265,2241,2517,2480,2633,1988,3864,56427,46607,8506,7237,9826,7719,9243,52,49
2021-08-19T23:59:59+02:00,171,169,3239,3024,8607,6286,8325,5757,7413,7792,5540,5831,2828,2932,3310,3334,2752,5191,2574,2417,7269,5319,7362,5041,6592,6938,4871,5232,2237,2513,2479,2632,1988,3864,56261,46256,8491,7207,9824,7710,9110,52,49
2021-08-18T23:59:59+02:00,170,167,3216,3013,8572,6262,8292,5739,7378,7776,5528,5823,2823,2930,3309,3334,2751,5190,2537,2396,7192,5284,7296,5007,6546,6908,4845,5204,2233,2509,2476,2632,1988,3863,56118,45990,8484,7143,9823,7701,9032,52,49
2021-08-17T23:59:59+02:00,170,166,3196,2995,8540,6238,8261,5724,7366,7754,5516,5811,2820,2928,3308,3333,2750,5190,2505,2370,7125,5233,7245,4969,6517,6867,4825,5181,2225,2503,2475,2628,1987,3863,55989,45695,8474,7101,9822,7694,8964,52,49
2021-08-16T23:59:59+02:00,167,164,3183,2981,8508,6221,8240,5715,7350,7737,5503,5798,2820,2927,3307,3332,2750,5190,2469,2331,7042,5189,7173,4931,6463,6823,4795,5155,2223,2500,2472,2625,1987,3863,55884,45293,8469,7087,9822,7682,8900,52,49
2021-08-15T23:59:59+02:00,167,163,3175,2969,8475,6207,8221,5702,7332,7725,5497,5791,2818,2924,3307,3331,2750,5190,2436,2284,6982,5149,7128,4894,6425,6790,4782,5142,2219,2495,2471,2623,1987,3863,55785,44979,8464,7065,9821,7678,8856,52,49
2021-08-14T23:59:59+02:00,166,163,3170,2962,8464,6202,8212,5701,7331,7722,5493,5789,2816,2923,3307,3330,2750,5190,2427,2273,6953,5135,7113,4882,6415,6773,4762,5132,2216,2492,2471,2621,1987,3862,55763,44867,8463,7051,9821,7676,8826,52,49
2021-08-13T23:59:59+02:00,164,162,3147,2951,8437,6185,8198,5686,7315,7710,5481,5781,2815,2917,3306,3329,2750,5190,2386,2246,6900,5090,7068,4846,6378,6747,4745,5117,2215,2486,2468,2621,1987,3862,55664,44598,8461,7028,9821,7675,8760,52,49
2021-08-12T23:59:59+02:00,161,156,3129,2938,8398,6161,8162,5665,7294,7685,5467,5766,2813,2915,3304,3328,2750,5190,2348,2210,6806,5030,7009,4804,6331,6695,4717,5085,2211,2483,2463,2620,1987,3862,55531,44244,8456,6999,9820,7654,8656,52,49
2021-08-11T23:59:59+02:00,158,153,3110,2924,8354,6134,8132,5650,7271,7667,5455,5749,2811,2912,3304,3327,2750,5190,2314,2180,6712,4971,6921,4755,6274,6633,4692,5041,2203,2473,2462,2618,1987,3861,55384,43793,8447,6959,9817,7642,8584,52,49
2021-08-10T23:59:59+02:00,157,152,3092,2909,8307,6114,8100,5631,7239,7650,5440,5741,2808,2912,3304,3325,2750,5189,2239,2118,6583,4900,6822,4683,6182,6562,4647,5018,2197,2464,2459,2617,1987,3860,55252,43150,8436,6935,9815,7626,8498,52,49
2021-08-09T23:59:59+02:00,154,151,3074,2904,8266,6091,8070,5620,7215,7631,5429,5729,2807,2911,3304,3325,2750,5188,2180,2064,6475,4826,6718,4636,6110,6508,4619,4982,2190,2455,2458,2615,1987,3860,55157,42663,8426,6878,9815,7603,8402,52,49
2021-08-08T23:59:59+02:00,153,149,3057,2893,8241,6073,8048,5605,7203,7620,5422,5724,2804,2911,3304,3325,2750,5188,2151,2035,6400,4777,6657,4603,6069,6483,4605,4966,2179,2450,2456,2613,1987,3860,55076,42387,8424,6829,9812,7596,8339,52,49
2021-08-07T23:59:59+02:00,152,147,3045,2886,8211,6057,8030,5598,7195,7611,5417,5719,2802,2911,3304,3325,2750,5188,2107,2010,6317,4721,6595,4568,6032,6443,4586,4950,2175,2449,2456,2610,1987,3860,55004,42039,8420,6797,9812,7587,8293,52,49
2021-08-06T23:59:59+02:00,151,146,3030,2874,8177,6041,7997,5575,7173,7588,5405,5706,2798,2909,3304,3324,2750,5188,2066,1964,6209,4643,6521,4525,5987,6398,4565,4930,2173,2446,2455,2607,1987,3859,54935,41667,8398,6763,9812,7575,8172,52,46
2021-08-05T23:59:59+02:00,149,145,2997,2857,8143,6015,7954,5547,7150,7567,5385,5680,2793,2906,3301,3320,2750,5187,2016,1906,6068,4531,6403,4457,5916,6332,4528,4885,2164,2438,2452,2604,1986,3859,54777,41142,8388,6662,9809,7517,8051,52,46
2021-08-04T23:59:59+02:00,144,140,2925,2825,8051,5973,7901,5517,7114,7529,5367,5665,2787,2902,3299,3319,2750,5187,1930,1872,5927,4451,6265,4402,5845,6265,4498,4843,2153,2432,2447,2601,1986,3858,54526,40641,8369,6603,9808,7480,7865,52,46
2021-08-03T23:59:59+02:00,141,139,2902,2802,8018,5955,7861,5494,7088,7504,5354,5652,2783,2900,3298,3316,2750,5187,1897,1841,5824,4380,6160,4349,5773,6205,4456,4802,2148,2426,2446,2599,1986,3858,54357,40156,8364,6558,9806,7456,7789,52,46
2021-08-02T23:59:59+02:00,141,139,2878,2774,7972,5923,7832,5483,7062,7489,5335,5643,2780,2894,3297,3315,2749,5187,1869,1809,5694,4286,6046,4282,5702,6154,4407,4767,2143,2413,2444,2593,1985,3857,54187,39583,8355,6516,9806,7433,7716,52,46
2021-08-01T23:59:59+02:00,140,136,2861,2758,7933,5898,7817,5468,7050,7480,5329,5636,2776,2893,3295,3315,2749,5187,1849,1788,5612,4241,5982,4233,5657,6131,4388,4747,2139,2409,2442,2590,1985,3857,54083,39289,8339,6482,9804,7407,7664,52,46
2021-07-31T23:59:59+02:00,138,135,2854,2750,7912,5888,7808,5463,7046,7468,5327,5635,2774,2893,3295,3315,2749,5187,1810,1743,5511,4179,5916,4186,5604,6095,4360,4722,2136,2406,2442,2589,1985,3857,54037,38814,8334,6464,9803,7403,7632,52,46
2021-07-30T23:59:59+02:00,133,131,2842,2739,7883,5871,7794,5442,7023,7454,5321,5627,2773,2892,3295,3314,2749,5187,1788,1723,5424,4136,5846,4128,5545,6043,4334,4705,2131,2404,2441,2586,1985,3857,53946,38445,8318,6431,9803,7392,7569,52,46
2021-07-29T23:59:59+02:00,131,129,2807,2718,7824,5820,7752,5399,6993,7414,5297,5605,2772,2887,3293,3313,2749,5187,1747,1691,5294,4035,5713,4056,5453,5947,4287,4649,2123,2394,2438,2583,1984,3857,53728,37848,8299,6373,9798,7355,7425,52,46
2021-07-28T23:59:59+02:00,128,127,2785,2703,7784,5781,7716,5371,6965,7391,5282,5593,2769,2885,3291,3310,2748,5186,1709,1646,5192,3954,5595,3988,5359,5871,4251,4614,2111,2386,2436,2581,1984,3855,53522,37270,8286,6313,9794,7316,7373,52,46
2021-07-27T23:59:59+02:00,124,125,2767,2683,7737,5756,7679,5352,6944,7367,5269,5577,2767,2882,3291,3309,2747,5186,1665,1615,5048,3865,5468,3909,5270,5798,4206,4561,2104,2373,2435,2578,1983,3855,53378,36672,8261,6229,9793,7273,7290,52,46
2021-07-26T23:59:59+02:00,123,122,2739,2664,7701,5731,7643,5332,6917,7347,5264,5564,2763,2882,3290,3308,2747,5186,1627,1557,4905,3802,5356,3843,5196,5722,4151,4524,2100,2359,2434,2572,1983,3854,53218,36097,8237,6154,9790,7224,7233,52,46
2021-07-25T23:59:59+02:00,118,119,2722,2640,7662,5704,7608,5319,6896,7325,5254,5559,2761,2879,3289,3307,2747,5185,1606,1529,4848,3756,5299,3813,5148,5682,4120,4500,2096,2354,2433,2572,1983,3854,53049,35812,8227,6121,9787,7192,7184,52,46
2021-07-24T23:59:59+02:00,118,117,2705,2629,7629,5686,7581,5306,6879,7310,5245,5553,2760,2876,3289,3307,2747,5185,1586,1510,4801,3734,5223,3767,5105,5654,4099,4490,2095,2352,2432,2570,1983,3853,52955,35611,8205,6033,9786,7192,7128,52,46
2021-07-23T23:59:59+02:00,115,115,2673,2601,7573,5654,7547,5280,6845,7285,5223,5540,2758,2873,3287,3307,2747,5185,1528,1476,4659,3629,5084,3689,5029,5582,4049,4457,2094,2344,2431,2565,1982,3853,52756,34950,8199,6005,9784,7171,7018,52,46
2021-07-22T23:59:59+02:00,113,112,2638,2571,7481,5608,7493,5241,6793,7239,5189,5516,2751,2866,3285,3306,2747,5183,1468,1434,4490,3554,4927,3614,4879,5500,3959,4402,2081,2334,2426,2563,1982,3852,52416,34293,8177,5851,9772,7099,6908,52,46
2021-07-21T23:59:59+02:00,112,108,2606,2551,7407,5570,7431,5199,6731,7199,5168,5490,2744,2860,3283,3303,2747,5181,1436,1386,4368,3467,4785,3548,4768,5390,3886,4356,2068,2322,2423,2562,1982,3850,52139,33804,8125,5632,9766,7038,6797,52,46
2021-07-20T23:59:59+02:00,111,107,2583,2521,7346,5536,7394,5164,6692,7155,5137,5471,2741,2855,3281,3303,2747,5181,1401,1351,4248,3398,4694,3493,4674,5309,3830,4325,2064,2312,2422,2561,1982,3849,51863,33322,8114,5549,9764,6988,6718,52,46
2021-07-19T23:59:59+02:00,110,106,2555,2492,7289,5490,7343,5141,6652,7122,5116,5454,2736,2850,3280,3299,2747,5180,1379,1326,4170,3352,4610,3458,4595,5244,3794,4299,2060,2306,2418,2558,1981,3849,51562,33011,8099,5431,9763,6943,6671,52,46
2021-07-18T23:59:59+02:00,110,104,2524,2462,7211,5437,7298,5107,6613,7079,5096,5444,2729,2844,3278,3299,2746,5179,1361,1304,4122,3306,4569,3425,4545,5223,3757,4284,2054,2296,2417,2558,1981,3847,51218,32800,8082,5356,9759,6916,6632,52,44
2021-07-17T23:59:59+02:00,108,100,2506,2446,7191,5421,7279,5088,6593,7062,5075,5433,2725,2843,3278,3298,2746,5178,1348,1291,4088,3271,4524,3404,4504,5189,3727,4272,2048,2293,2417,2556,1981,3847,51097,32637,8072,5299,9758,6906,6572,52,44
2021-07-16T23:59:59+02:00,108,97,2464,2418,7127,5385,7217,5052,6548,7019,5043,5405,2718,2837,3276,3297,2746,5178,1308,1267,3984,3219,4431,3362,4415,5128,3664,4224,2034,2282,2411,2554,1981,3846,50909,32282,8041,5268,9744,6836,6364,52,44
2021-07-15T23:59:59+02:00,105,91,2421,2387,7049,5344,7152,5009,6498,6965,5026,5378,2715,2831,3273,3292,2746,5178,1255,1234,3782,3102,4245,3256,4261,5029,3598,4160,2025,2273,2406,2548,1981,3846,50557,31568,8022,5032,9738,6768,6260,52,44
2021-07-14T23:59:59+02:00,102,89,2379,2368,6975,5308,7075,4972,6441,6920,5004,5353,2706,2825,3270,3290,2746,5178,1207,1192,3663,3012,4142,3192,4155,4959,3552,4115,2012,2264,2405,2545,1981,3846,50221,31081,8005,4932,9734,6693,6153,52,44
2021-07-13T23:59:59+02:00,99,84,2348,2337,6916,5271,7010,4932,6399,6871,4981,5335,2696,2818,3268,3290,2746,5178,1173,1159,3559,2930,4013,3125,4064,4870,3497,4052,1985,2256,2402,2540,1979,3844,49885,30590,7995,4795,9733,6597,6074,51,44
2021-07-12T23:59:59+02:00,91,82,2318,2311,6843,5222,6938,4887,6347,6830,4953,5307,2691,2815,3265,3289,2746,5178,1141,1137,3459,2853,3899,3059,3959,4788,3444,4003,1974,2245,2397,2530,1979,3844,49524,30137,7981,4674,9728,6513,5985,51,43
2021-07-11T23:59:59+02:00,86,80,2306,2294,6805,5204,6908,4864,6314,6811,4944,5298,2688,2810,3263,3289,2745,5178,1132,1121,3415,2811,3838,3027,3905,4760,3422,3988,1965,2233,2394,2526,1979,3844,49405,29954,7958,4641,9725,6457,5903,51,42
2021-07-10T23:59:59+02:00,84,79,2280,2259,6723,5152,6844,4826,6263,6774,4918,5286,2685,2807,3263,3286,2745,5177,1114,1101,3357,2765,3791,2997,3867,4728,3406,3976,1958,2226,2394,2524,1979,3844,49141,29771,7933,4639,9709,6441,5766,51,42
2021-07-09T23:59:59+02:00,83,77,2255,2234,6647,5109,6793,4800,6213,6738,4898,5265,2683,2802,3262,3284,2745,5177,1091,1084,3297,2716,3740,2960,3815,4692,3376,3947,1954,2211,2392,2523,1979,3844,48904,29551,7897,4607,9700,6383,5655,51,42
2021-07-08T23:59:59+02:00,78,74,2196,2185,6542,5040,6683,4740,6146,6670,4862,5231,2675,2793,3259,3280,2745,5177,1014,1029,3126,2621,3545,2885,3637,4592,3300,3879,1937,2195,2390,2514,1978,3843,48556,29050,7817,4316,9665,6249,5424,51,42
2021-07-07T23:59:59+02:00,78,73,2118,2138,6417,4962,6574,4680,6070,6612,4825,5182,2669,2782,3254,3275,2745,5177,962,992,2973,2538,3369,2806,3477,4483,3241,3814,1917,2165,2382,2505,1978,3841,48037,28489,7767,4068,9644,6165,5264,50,42
2021-07-06T23:59:59+02:00,75,73,2070,2099,6303,4905,6480,4635,6015,6542,4781,5146,2662,2776,3250,3270,2745,5177,924,952,2855,2437,3277,2743,3399,4388,3179,3757,1890,2134,2377,2498,1978,3841,47576,27973,7715,3957,9628,6075,5158,50,42
2021-07-05T23:59:59+02:00,73,73,1995,2048,6152,4825,6365,4591,5943,6483,4739,5106,2658,2769,3248,3268,2745,5175,876,909,2745,2357,3199,2692,3319,4314,3131,3700,1868,2115,2369,2489,1977,3838,47080,27586,7668,3880,9601,5990,4972,49,42
2021-07-04T23:59:59+02:00,73,72,1948,2009,6057,4778,6316,4558,5899,6460,4721,5083,2655,2767,3248,3266,2745,5174,836,883,2680,2301,3162,2666,3287,4280,3106,3677,1852,2090,2366,2488,1976,3838,46853,27442,7625,3821,9572,5910,4842,48,42
2021-07-03T23:59:59+02:00,68,58,1843,1928,5844,4617,6164,4469,5811,6368,4669,5046,2653,2764,3248,3262,2745,5174,794,857,2614,2252,3112,2642,3248,4232,3075,3647,1846,2082,2365,2484,1976,3836,46002,27262,7589,3819,9564,5880,4626,48,42
2021-07-02T23:59:59+02:00,62,50,1800,1882,5763,4570,6116,4430,5788,6340,4656,5028,2652,2758,3247,3261,2744,5174,771,830,2540,2202,3039,2599,3204,4182,3044,3607,1828,2064,2361,2478,1976,3834,45710,26965,7550,3792,9559,5779,4545,48,42
2021-07-01T23:59:59+02:00,52,41,1750,1840,5653,4494,6025,4379,5710,6270,4627,4998,2648,2752,3246,3260,2744,5173,701,789,2337,2122,2846,2509,3023,4065,2944,3516,1796,2040,2352,2465,1975,3832,45275,26166,7487,3585,9543,5667,4397,48,42
2021-06-30T23:59:59+02:00,52,38,1698,1784,5530,4398,5923,4327,5651,6221,4614,4974,2644,2744,3244,3257,2744,5173,663,749,2234,2055,2733,2454,2912,3977,2880,3440,1775,2005,2343,2453,1974,3831,44829,25689,7420,3467,9526,5538,4274,48,42
2021-06-29T23:59:59+02:00,51,35,1640,1698,5413,4304,5822,4272,5594,6160,4585,4944,2638,2739,3243,3256,2743,5172,633,709,2150,1971,2652,2387,2811,3860,2819,3388,1758,1971,2330,2439,1973,3828,44278,25189,7386,3391,9518,5424,4151,48,42
2021-06-28T23:59:59+02:00,49,33,1604,1638,5294,4236,5751,4217,5549,6117,4557,4919,2634,2731,3242,3254,2743,5172,617,682,2053,1907,2573,2333,2739,3778,2773,3340,1739,1952,2322,2433,1973,3825,43862,24867,7322,3250,9505,5327,4063,48,42
2021-06-27T23:59:59+02:00,48,32,1570,1610,5242,4193,5703,4183,5505,6098,4546,4907,2631,2727,3242,3253,2743,5172,597,664,2002,1860,2534,2313,2693,3739,2743,3323,1727,1936,2321,2423,1973,3825,43664,24717,7284,3195,9482,5238,3987,48,42
2021-06-26T23:59:59+02:00,36,27,1536,1580,5168,4147,5604,4137,5464,6064,4526,4894,2631,2725,3242,3251,2743,5172,591,654,1969,1838,2496,2293,2670,3716,2722,3301,1705,1926,2320,2421,1973,3825,43285,24489,7197,3191,9482,5214,3987,48,42
2021-06-25T23:59:59+02:00,29,19,1500,1536,5051,4066,5547,4107,5427,6037,4500,4881,2627,2722,3240,3250,2743,5171,581,629,1922,1818,2432,2226,2572,3575,2674,3199,1696,1904,2316,2417,1971,3824,42828,24022,7160,3165,9481,5032,3985,48,42
2021-06-24T23:59:59+02:00,21,14,1448,1481,4858,3942,5418,4055,5330,5992,4456,4849,2622,2719,3240,3249,2742,5171,541,606,1809,1748,2259,2158,2410,3491,2561,3104,1662,1881,2306,2411,1970,3821,42154,23495,7105,2854,9470,4947,3873,48,42
2021-06-23T23:59:59+02:00,21,14,1415,1446,4773,3882,5332,4001,5274,5947,4431,4814,2612,2712,3236,3245,2741,5170,507,587,1743,1689,2157,2110,2291,3399,2457,3007,1637,1857,2300,2404,1969,3820,41711,22938,7045,2778,9465,4803,3837,48,42
2021-06-22T23:59:59+02:00,20,14,1386,1425,4695,3816,5248,3950,5228,5900,4402,4789,2608,2706,3236,3244,2740,5170,491,568,1685,1648,2073,2053,2210,3286,2349,2907,1623,1833,2290,2392,1968,3816,41287,22497,6997,2657,9461,4641,3811,48,41
2021-06-21T23:59:59+02:00,19,14,1356,1380,4580,3728,5165,3904,5161,5839,4374,4769,2604,2692,3235,3239,2739,5168,475,552,1649,1613,2038,2012,2159,3204,2280,2826,1598,1797,2267,2369,1968,3812,40749,22194,6952,2560,9458,4496,3777,48,41
2021-06-20T23:59:59+02:00,18,12,1332,1348,4506,3663,5119,3886,5126,5819,4351,4757,2600,2690,3234,3239,2738,5168,458,537,1615,1584,2012,1988,2124,3176,2230,2784,1591,1782,2265,2363,1968,3811,40466,22000,6921,2523,9445,4431,3738,48,40
2021-06-19T23:59:59+02:00,17,12,1321,1329,4463,3630,5097,3858,5094,5794,4333,4747,2596,2688,3234,3238,2737,5168,453,533,1598,1564,1996,1961,2110,3152,2205,2747,1583,1773,2261,2360,1966,3810,40295,21838,6857,2494,9445,4421,3715,48,40
2021-06-18T23:59:59+02:00,12,9,1302,1307,4393,3586,5046,3818,5044,5753,4309,4735,2592,2684,3233,3236,2737,5168,440,522,1577,1547,1969,1930,2064,3103,2148,2686,1569,1756,2261,2355,1965,3807,39962,21521,6810,2491,9444,4374,3701,48,40
2021-06-17T23:59:59+02:00,10,8,1255,1271,4230,3514,4858,3743,4870,5660,4244,4686,2586,2681,3233,3235,2736,5168,404,505,1478,1513,1791,1867,1900,3008,2041,2604,1545,1733,2250,2343,1963,3805,39346,21043,6748,2382,9433,4292,3411,46,40
2021-06-16T23:59:59+02:00,10,8,1231,1237,4125,3427,4759,3688,4763,5589,4198,4654,2578,2677,3232,3231,2735,5167,387,484,1419,1476,1727,1836,1818,2926,1977,2531,1529,1705,2236,2330,1963,3801,38853,20635,6619,2314,9423,4213,3355,46,40
2021-06-15T23:59:59+02:00,10,8,1196,1202,3988,3341,4688,3630,4687,5513,4155,4621,2568,2670,3227,3229,2735,5166,377,459,1369,1427,1680,1794,1748,2868,1903,2458,1510,1674,2230,2316,1962,3800,38298,20301,6579,2225,9410,4140,3275,46,40
2021-06-14T23:59:59+02:00,10,6,1168,1167,3897,3286,4604,3574,4608,5441,4102,4587,2564,2660,3226,3225,2734,5165,367,446,1330,1392,1631,1762,1699,2809,1842,2404,1497,1648,2225,2309,1961,3798,37832,20046,6489,2153,9403,4060,3220,45,40
2021-06-13T23:59:59+02:00,10,6,1152,1152,3846,3240,4546,3528,4558,5399,4081,4572,2563,2654,3225,3224,2734,5163,360,439,1297,1374,1596,1736,1656,2772,1801,2359,1481,1627,2219,2298,1961,3796,37564,19855,6451,2130,9397,3983,3157,45,40
2021-06-12T23:59:59+02:00,10,5,1135,1130,3819,3214,4518,3506,4538,5384,4065,4562,2560,2651,3224,3223,2734,5162,356,437,1289,1357,1571,1710,1626,2752,1755,2337,1471,1615,2207,2294,1961,3795,37374,19681,6439,2130,9397,3924,3143,45,40
2021-06-11T23:59:59+02:00,8,5,1116,1117,3779,3168,4442,3479,4499,5346,4038,4551,2559,2647,3223,3220,2734,5161,345,425,1267,1323,1544,1690,1580,2702,1697,2289,1460,1599,2205,2289,1961,3794,37075,19424,6412,2122,9393,3847,3118,45,40
2021-06-10T23:59:59+02:00,7,4,1056,1072,3651,3085,4307,3396,4392,5274,3981,4515,2555,2639,3221,3218,2733,5161,329,413,1205,1287,1477,1628,1514,2629,1604,2183,1426,1564,2200,2279,1960,3791,36474,18983,6267,2115,9375,3690,3034,45,39
2021-06-09T23:59:59+02:00,7,2,1006,1037,3524,2987,4165,3336,4301,5196,3936,4472,2551,2633,3218,3214,2733,5161,311,396,1143,1251,1407,1599,1451,2546,1524,2105,1398,1504,2192,2265,1959,3788,35984,18650,6096,2061,9371,3555,2899,45,39
2021-06-08T23:59:59+02:00,6,2,957,996,3393,2898,4043,3246,4198,5109,3878,4443,2543,2628,3215,3211,2732,5159,296,373,1098,1211,1351,1565,1395,2485,1472,2031,1372,1466,2181,2246,1955,3783,35420,18399,5958,2011,9360,3413,2774,45,38
2021-06-07T23:59:59+02:00,5,2,928,970,3288,2821,3910,3205,4072,5035,3826,4415,2529,2622,3214,3209,2732,5157,287,366,1052,1171,1295,1543,1347,2430,1400,1977,1357,1444,2165,2229,1954,3774,35033,18219,5776,1975,9351,3281,2625,45,38
2021-06-06T23:59:59+02:00,5,2,909,960,3229,2778,3821,3153,3996,5004,3791,4399,2525,2616,3212,3208,2730,5156,280,353,1037,1144,1263,1509,1321,2373,1367,1917,1342,1427,2158,2222,1952,3771,34816,18112,5638,1926,9342,3167,2533,45,38
2021-06-05T23:59:59+02:00,5,2,894,941,3156,2715,3772,3121,3959,4978,3778,4394,2524,2614,3212,3207,2730,5155,275,346,1020,1122,1240,1488,1295,2342,1331,1895,1322,1401,2155,2218,1952,3771,34528,17938,5631,1923,9336,3115,2491,45,37
2021-06-04T23:59:59+02:00,3,2,870,925,3100,2661,3695,3080,3887,4922,3748,4374,2520,2611,3209,3207,2730,5155,264,339,996,1088,1217,1474,1259,2303,1294,1858,1303,1376,2145,2213,1952,3769,34201,17769,5583,1918,9333,3055,2400,45,37
2021-06-03T23:59:59+02:00,3,2,824,892,2943,2558,3506,2973,3705,4799,3652,4300,2512,2601,3204,3201,2730,5155,252,324,963,1051,1158,1419,1189,2207,1231,1792,1262,1329,2134,2199,1952,3767,33508,17538,5347,1897,9317,2889,2188,44,37
2021-06-02T23:59:59+02:00,3,2,793,883,2867,2475,3436,2917,3636,4733,3609,4274,2510,2596,3204,3200,2730,5155,236,319,942,1018,1101,1387,1138,2161,1178,1739,1246,1291,2130,2196,1952,3767,33140,17318,5329,1882,9316,2850,2026,44,37
2021-06-01T23:59:59+02:00,3,2,746,854,2702,2355,3242,2815,3456,4614,3543,4210,2499,2588,3201,3194,2730,5155,223,306,862,965,997,1322,1046,2042,1123,1661,1209,1231,2120,2184,1950,3762,32523,17028,5105,1842,9304,2651,1743,44,37
2021-05-31T23:59:59+02:00,3,2,711,828,2569,2269,3101,2715,3340,4510,3481,4159,2492,2575,3198,3189,2730,5154,208,290,811,920,924,1267,993,1955,1079,1601,1186,1199,2113,2179,1948,3760,32123,16845,4872,1827,9285,2515,1498,44,37
2021-05-30T23:59:59+02:00,3,2,700,814,2511,2218,3024,2676,3280,4462,3461,4135,2488,2570,3197,3188,2729,5152,197,270,769,880,867,1220,946,1887,1056,1548,1168,1183,2107,2169,1948,3758,31971,16745,4807,1813,9274,2357,1305,44,37
2021-05-29T23:59:59+02:00,3,1,698,812,2496,2201,3001,2664,3263,4444,3451,4126,2487,2569,3197,3188,2729,5152,194,260,762,870,848,1194,927,1833,1037,1510,1153,1162,2106,2161,1947,3758,31846,16637,4805,1812,9272,2214,1304,44,37
2021-05-28T23:59:59+02:00,3,1,690,802,2462,2164,2953,2637,3238,4423,3439,4109,2486,2565,3195,3182,2729,5152,191,252,751,860,838,1173,916,1791,1002,1466,1130,1131,2103,2153,1946,3756,31604,16452,4794,1810,9267,2137,1300,44,37
2021-05-27T23:59:59+02:00,3,1,643,781,2332,2108,2818,2564,3099,4342,3354,4055,2478,2551,3194,3180,2729,5149,176,235,688,808,762,1118,832,1693,933,1379,1107,1096,2089,2132,1945,3754,31104,16226,4661,1769,9234,1882,1102,44,36
2021-05-26T23:59:59+02:00,3,1,610,755,2229,2043,2656,2505,2971,4278,3299,4002,2467,2539,3189,3173,2726,5143,168,217,650,769,716,1082,783,1624,887,1321,1087,1065,2070,2098,1940,3747,30698,15990,4422,1753,9204,1741,970,44,36
2021-05-25T23:59:59+02:00,3,1,586,739,2143,1984,2553,2463,2863,4195,3246,3964,2453,2530,3186,3168,2725,5139,158,208,629,740,681,1047,736,1563,835,1258,1062,1042,2039,2063,1939,3742,30334,15749,4240,1714,9160,1604,905,43,33
2021-05-24T23:59:59+02:00,3,1,573,716,2087,1942,2478,2433,2792,4141,3192,3919,2441,2522,3180,3167,2722,5138,153,200,610,722,654,1015,698,1501,809,1200,1037,1024,2033,2059,1934,3741,30147,15636,4062,1700,9123,1478,806,43,32
2021-05-23T23:59:59+02:00,3,1,570,714,2073,1930,2465,2419,2781,4128,3181,3905,2436,2519,3180,3165,2722,5138,152,199,606,716,645,1009,680,1487,796,1191,1031,1018,2028,2054,1932,3737,30034,15548,4059,1693,9122,1467,804,43,31
2021-05-22T23:59:59+02:00,3,1,565,704,2050,1911,2430,2402,2756,4097,3152,3876,2427,2514,3178,3162,2722,5137,149,191,599,711,641,999,665,1481,790,1182,1018,1010,2020,2039,1932,3737,29798,15476,4058,1693,9120,1429,794,43,31
2021-05-21T23:59:59+02:00,3,1,553,686,1964,1882,2338,2355,2689,4046,3107,3827,2420,2500,3175,3160,2722,5135,149,188,593,704,629,989,651,1469,769,1160,1001,980,2007,2033,1932,3736,29313,15370,4030,1691,9103,1366,791,43,31
2021-05-20T23:59:59+02:00,3,1,515,664,1829,1810,2203,2279,2563,3949,3019,3739,2399,2484,3165,3152,2720,5132,141,179,565,669,596,950,623,1410,737,1097,974,943,1993,2018,1930,3733,28624,15228,3910,1675,9028,1159,717,43,31
2021-05-19T23:59:59+02:00,3,1,475,628,1722,1736,2063,2211,2424,3851,2914,3639,2378,2464,3158,3145,2714,5131,128,171,538,648,564,916,595,1359,709,1036,952,922,1973,1985,1923,3729,27868,15049,3839,1652,8984,1062,599,43,31
2021-05-18T23:59:59+02:00,3,0,450,605,1644,1673,1965,2150,2309,3730,2813,3538,2364,2443,3150,3137,2713,5127,120,163,514,628,541,883,577,1283,691,973,934,895,1959,1963,1919,3722,27344,14907,3663,1611,8927,956,499,43,31
2021-05-17T23:59:59+02:00,3,0,429,593,1587,1638,1907,2097,2231,3619,2757,3464,2344,2423,3139,3129,2711,5122,115,155,492,613,530,848,564,1219,676,917,913,857,1954,1952,1918,3717,27030,14811,3510,1572,8859,855,406,43,29
2021-05-16T23:59:59+02:00,3,0,425,592,1558,1610,1876,2073,2187,3566,2696,3405,2330,2414,3136,3125,2711,5121,112,153,484,594,521,832,550,1169,656,875,885,825,1947,1947,1918,3716,26842,14749,3441,1534,8818,767,333,43,29
2021-05-15T23:59:59+02:00,3,0,420,587,1531,1593,1857,2053,2166,3542,2669,3367,2323,2414,3135,3122,2710,5121,111,150,482,593,521,831,545,1165,648,867,881,822,1941,1943,1918,3716,26637,14713,3441,1533,8810,759,328,41,29
2021-05-14T23:59:59+02:00,3,0,407,572,1500,1563,1816,2009,2086,3468,2615,3319,2313,2402,3132,3122,2708,5121,109,146,479,577,501,806,525,1134,634,851,866,807,1933,1934,1918,3715,26253,14650,3399,1517,8786,657,307,41,29
2021-05-13T23:59:59+02:00,2,0,384,556,1440,1513,1712,1963,1970,3380,2542,3226,2285,2384,3123,3116,2706,5115,104,143,467,569,491,791,519,1119,621,838,837,774,1916,1908,1917,3709,25799,14558,3178,1463,8732,617,280,41,27
2021-05-12T23:59:59+02:00,1,0,377,551,1423,1505,1694,1954,1949,3355,2527,3208,2282,2377,3117,3113,2706,5114,104,141,464,569,490,784,514,1114,617,832,829,758,1912,1899,1915,3709,25663,14499,3155,1453,8726,616,277,39,27
2021-05-11T23:59:59+02:00,1,0,356,530,1356,1468,1596,1913,1837,3256,2422,3129,2265,2349,3108,3102,2701,5113,98,131,449,541,470,754,494,1082,582,810,800,724,1899,1888,1913,3705,25241,14373,2982,1409,8612,528,220,39,27
2021-05-10T23:59:59+02:00,1,0,341,511,1317,1439,1543,1883,1769,3193,2360,3057,2250,2334,3099,3093,2700,5109,98,128,443,534,461,733,487,1058,577,787,784,702,1893,1881,1911,3700,24958,14301,2906,1400,8489,474,192,39,26
2021-05-09T23:59:59+02:00,1,0,335,501,1276,1419,1516,1866,1721,3155,2291,3004,2239,2320,3096,3087,2700,5104,95,125,434,525,453,727,477,1048,566,773,769,692,1884,1876,1910,3697,24712,14252,2851,1392,8438,425,169,39,25
2021-05-08T23:59:59+02:00,1,0,329,498,1265,1398,1483,1843,1689,3128,2239,2983,2232,2312,3093,3086,2698,5103,94,125,432,524,451,726,476,1043,566,767,763,691,1879,1865,1910,3697,24464,14230,2847,1384,8434,412,168,39,25
2021-05-07T23:59:59+02:00,1,0,318,491,1237,1371,1432,1823,1629,3064,2183,2934,2223,2301,3092,3081,2696,5098,91,122,420,511,441,699,463,1008,543,742,757,666,1858,1850,1910,3693,24179,14158,2818,1359,8368,308,134,39,22
2021-05-06T23:59:59+02:00,1,0,299,476,1149,1333,1316,1761,1487,2950,2038,2840,2183,2265,3088,3068,2695,5094,88,116,407,497,429,682,450,985,525,718,742,647,1840,1834,1906,3686,23660,14073,2625,1334,8155,223,106,37,21
2021-05-05T23:59:59+02:00,1,0,284,462,1108,1305,1268,1724,1418,2882,1945,2755,2158,2231,3073,3053,2695,5083,88,112,399,487,424,670,442,973,518,700,720,634,1814,1812,1906,3683,23190,13986,2565,1308,8086,174,99,37,19
2021-05-04T23:59:59+02:00,1,0,276,451,1071,1280,1229,1703,1372,2834,1880,2688,2136,2195,3063,3039,2685,5070,84,108,392,475,421,665,432,953,508,680,702,611,1794,1785,1902,3683,22834,13879,2502,1275,8033,133,93,37,18
2021-05-03T23:59:59+02:00,1,0,269,443,1039,1256,1192,1686,1343,2799,1831,2650,2118,2164,3049,3030,2683,5064,78,102,380,469,413,657,428,945,500,673,683,599,1766,1756,1900,3679,22573,13772,2477,1264,7982,112,64,37,17
2021-05-02T23:59:59+02:00,1,0,263,441,1025,1244,1164,1670,1317,2785,1816,2626,2110,2149,3044,3027,2681,5061,76,101,374,465,408,652,423,939,496,668,675,586,1740,1741,1900,3678,22447,13722,2460,1236,7941,98,50,36,16
2021-05-01T23:59:59+02:00,1,0,259,436,1017,1235,1151,1659,1301,2771,1797,2607,2101,2142,3040,3023,2681,5060,76,100,374,464,406,652,421,935,496,667,673,586,1740,1741,1900,3678,22301,13714,2459,1236,7941,95,48,36,16
2021-04-30T23:59:59+02:00,1,0,256,430,1006,1213,1129,1639,1262,2706,1728,2544,2087,2124,3033,3018,2680,5056,75,97,373,458,403,646,420,910,491,655,666,580,1737,1735,1900,3676,21967,13697,2454,1224,7937,70,16,36,15
2021-04-29T23:59:59+02:00,1,0,242,415,957,1189,1090,1601,1210,2648,1632,2468,2037,2074,3023,3006,2675,5044,75,96,367,457,398,641,413,898,480,645,649,567,1721,1722,1894,3670,21458,13615,2416,1197,7877,48,15,35,15
2021-04-28T23:59:59+02:00,1,0,231,412,941,1174,1060,1589,1174,2605,1563,2412,1990,2009,3010,3001,2673,5041,72,95,360,454,395,632,409,888,473,630,631,548,1702,1701,1894,3668,21134,13535,2367,1147,7819,35,14,35,15
2021-04-27T23:59:59+02:00,1,0,228,404,927,1160,1043,1576,1149,2579,1540,2382,1955,1962,3003,2994,2671,5037,70,92,358,451,393,627,407,883,467,625,623,536,1689,1677,1890,3665,20922,13472,2335,1115,7784,30,14,31,15
2021-04-26T23:59:59+02:00,1,0,225,397,917,1151,1032,1563,1121,2560,1483,2332,1934,1938,2993,2983,2668,5031,70,92,353,447,393,625,401,880,463,619,613,523,1674,1662,1888,3660,20719,13421,2318,1076,7716,28,14,30,15
2021-04-25T23:59:59+02:00,1,0,225,396,909,1141,1019,1554,1104,2541,1450,2297,1905,1914,2985,2976,2668,5030,69,91,352,440,390,623,398,876,461,618,610,516,1668,1652,1888,3658,20580,13399,2290,1055,7664,20,14,30,13
2021-04-24T23:59:59+02:00,1,0,221,392,897,1131,1006,1538,1090,2522,1414,2272,1895,1889,2982,2970,2668,5030,69,91,352,440,389,623,398,874,460,615,607,513,1667,1649,1888,3658,20397,13392,2290,1044,7644,20,14,30,13
2021-04-23T23:59:59+02:00,1,0,217,385,886,1117,999,1527,1070,2501,1356,2222,1869,1861,2975,2964,2668,5027,68,89,352,440,389,622,397,870,457,611,600,504,1657,1639,1888,3653,20227,13362,2278,1016,7544,20,14,30,13
2021-04-22T23:59:59+02:00,1,0,215,377,860,1095,975,1505,1036,2457,1299,2157,1822,1807,2961,2944,2666,5018,68,88,350,435,383,614,394,860,452,605,586,496,1638,1624,1883,3648,19909,13285,2222,988,7462,13,14,30,13
2021-04-21T23:59:59+02:00,1,0,209,370,841,1080,950,1486,994,2420,1247,2104,1768,1736,2939,2922,2659,5009,66,86,347,434,381,611,390,855,448,598,581,490,1624,1602,1872,3643,19543,13212,2186,964,7399,13,14,30,13
2021-04-20T23:59:59+02:00,1,0,203,365,822,1054,930,1465,971,2366,1202,2047,1705,1667,2909,2895,2653,4991,65,86,345,433,377,607,385,849,447,591,574,481,1601,1570,1868,3639,19196,13127,2113,940,7325,12,14,30,13
2021-04-19T23:59:59+02:00,1,0,201,355,807,1043,916,1446,954,2333,1175,2010,1660,1619,2894,2880,2651,4986,65,85,344,431,372,601,381,840,442,579,570,475,1573,1543,1862,3626,18969,13030,2094,912,7254,9,13,29,13
2021-04-18T23:59:59+02:00,1,0,199,352,800,1034,904,1435,932,2309,1151,1989,1619,1577,2885,2872,2644,4980,64,83,343,430,372,601,380,835,441,576,567,469,1563,1537,1859,3624,18820,13000,2061,896,7180,9,13,29,13
2021-04-17T23:59:59+02:00,1,0,197,348,797,1031,897,1433,923,2304,1144,1981,1599,1546,2880,2863,2644,4980,64,80,341,425,371,601,378,831,439,573,562,463,1552,1529,1859,3621,18734,12947,2060,894,7151,9,13,29,13
2021-04-16T23:59:59+02:00,1,0,196,347,788,1024,883,1416,907,2281,1106,1938,1541,1477,2866,2848,2640,4973,59,78,338,418,370,599,373,819,432,559,535,432,1539,1507,1848,3608,18495,12839,2043,827,7069,8,13,28,12
2021-04-15T23:59:59+02:00,1,0,195,342,765,1007,865,1404,881,2236,1062,1895,1487,1417,2837,2820,2625,4957,57,77,333,412,365,598,365,812,422,556,519,424,1505,1473,1835,3593,18206,12720,2026,778,6934,7,13,27,12
2021-04-14T23:59:59+02:00,1,0,194,336,756,999,858,1391,866,2202,1042,1864,1427,1369,2786,2754,2612,4941,54,73,328,408,361,593,362,803,411,542,503,404,1469,1441,1828,3574,17921,12577,2002,730,6843,7,13,24,11
2021-04-13T23:59:59+02:00,1,0,190,330,747,995,847,1379,856,2177,1008,1835,1360,1297,2732,2695,2604,4926,52,73,323,404,352,585,355,795,402,534,490,395,1442,1418,1819,3563,17668,12474,1949,682,6728,5,13,23,11
2021-04-12T23:59:59+02:00,1,0,190,329,741,990,839,1367,828,2154,992,1814,1307,1259,2711,2665,2600,4912,51,69,313,395,347,579,350,787,396,527,471,385,1423,1402,1816,3555,17526,12376,1923,640,6614,5,13,21,11
2021-04-11T23:59:59+02:00,0,0,188,327,735,979,831,1362,814,2135,975,1796,1281,1226,2689,2643,2595,4905,50,67,308,393,345,577,349,783,391,519,465,376,1408,1397,1811,3548,17447,12323,1895,614,6502,4,12,20,11
2021-04-10T23:59:59+02:00,0,0,188,325,735,976,828,1361,807,2127,967,1789,1267,1209,2676,2626,2594,4905,45,62,285,379,329,561,335,771,376,509,450,369,1396,1374,1806,3542,17387,12137,1886,598,6469,4,11,20,11
2021-04-09T23:59:59+02:00,0,0,188,321,730,973,818,1338,798,2043,947,1706,1211,1134,2632,2597,2591,4897,38,60,271,365,310,548,315,757,362,492,432,359,1351,1344,1793,3528,17219,11895,1846,568,6216,4,9,18,10
2021-04-08T23:59:59+02:00,0,0,186,317,726,966,806,1326,782,2024,922,1684,1135,1046,2571,2557,2578,4887,37,58,262,351,297,540,299,741,336,474,405,336,1301,1305,1769,3494,17034,11602,1772,535,6063,4,8,18,10
2021-04-07T23:59:59+02:00,0,0,180,314,717,960,798,1311,765,1995,899,1652,1081,984,2515,2496,2569,4873,35,55,244,334,287,534,290,728,321,461,374,316,1253,1265,1750,3456,16836,11325,1724,504,5897,4,8,18,10
2021-04-06T23:59:59+02:00,0,0,176,313,710,955,782,1296,745,1973,870,1626,1047,938,2474,2446,2561,4863,33,54,242,331,283,531,280,724,311,456,363,302,1222,1235,1730,3433,16712,11187,1689,469,5715,4,8,18,10
2021-04-05T23:59:59+02:00,0,0,176,313,708,949,776,1286,736,1957,859,1611,1018,911,2447,2403,2556,4854,33,54,242,327,282,527,276,717,305,454,361,295,1186,1209,1722,3414,16643,11089,1672,439,5581,4,8,18,10
2021-04-04T23:59:59+02:00,0,0,175,310,705,942,770,1274,725,1940,850,1589,1002,894,2439,2397,2556,4853,33,53,242,327,281,527,276,717,304,454,359,295,1167,1195,1718,3410,16607,11042,1666,439,5485,4,8,17,10
2021-04-03T23:59:59+02:00,0,0,175,310,705,942,768,1272,724,1935,842,1585,989,883,2432,2386,2553,4852,33,53,242,327,281,527,276,716,304,452,359,295,1167,1190,1718,3407,16558,11031,1666,439,5464,4,8,17,10
2021-04-02T23:59:59+02:00,0,0,175,308,705,941,767,1269,720,1928,834,1574,976,869,2409,2363,2551,4849,33,53,239,327,279,525,273,709,297,447,354,293,1145,1162,1706,3380,16480,10911,1654,432,5436,4,8,17,10
2021-04-01T23:59:59+02:00,0,0,172,305,699,930,754,1255,714,1908,816,1553,944,833,2367,2313,2545,4830,32,52,231,324,277,521,270,702,291,442,342,285,1105,1121,1673,3337,16343,10706,1590,418,5332,4,8,17,10
2021-03-31T23:59:59+02:00,0,0,169,302,692,924,744,1239,704,1862,801,1510,926,813,2320,2247,2524,4811,32,52,230,323,272,519,265,700,281,431,327,279,1039,1068,1649,3305,16220,10493,1520,399,5174,4,7,17,10
2021-03-30T23:59:59+02:00,0,0,165,295,686,915,740,1218,693,1823,789,1464,903,794,2268,2180,2510,4789,32,51,227,320,269,516,262,694,275,423,316,273,1005,1039,1627,3269,16068,10334,1470,381,5018,4,7,17,10
2021-03-29T23:59:59+02:00,0,0,162,289,680,902,734,1206,683,1790,776,1425,884,775,2192,2111,2489,4759,32,50,226,318,268,514,258,686,267,412,309,266,977,1017,1614,3242,15855,10201,1425,371,4899,4,7,17,10
2021-03-28T23:59:59+02:00,0,0,154,271,670,894,727,1197,678,1769,770,1407,876,754,2142,2066,2484,4747,32,49,223,318,264,508,254,683,265,409,307,264,966,1006,1608,3234,15771,10143,1369,363,4787,4,7,17,10
2021-03-27T23:59:59+01:00,0,0,154,268,666,887,723,1193,672,1758,766,1400,865,739,2130,2050,2484,4744,32,49,223,318,264,508,253,676,262,404,305,263,959,996,1590,3210,15713,10076,1359,352,4745,4,7,17,10
2021-03-26T23:59:59+01:00,0,0,152,266,656,875,717,1177,662,1739,757,1368,846,719,2104,2024,2474,4734,32,49,223,318,263,505,253,675,256,392,299,255,927,964,1557,3159,15605,9892,1321,352,4659,4,5,17,10
2021-03-25T23:59:59+01:00,0,0,149,265,646,863,696,1156,644,1701,738,1325,826,698,2060,1980,2458,4716,32,48,220,313,262,504,247,672,254,390,291,251,888,933,1495,3080,15487,9656,1267,338,4480,3,5,16,10
2021-03-24T23:59:59+01:00,0,0,146,256,631,850,688,1142,635,1662,722,1291,801,678,2016,1936,2441,4692,32,48,218,310,260,502,245,672,248,387,284,245,842,908,1444,2987,15345,9426,1231,322,4323,2,4,16,10
2021-03-23T23:59:59+01:00,0,0,143,254,624,840,674,1129,625,1639,708,1250,782,664,1975,1904,2425,4673,31,47,216,309,258,498,238,667,245,380,274,241,816,884,1366,2888,15248,9161,1201,311,4170,2,4,16,10
2021-03-22T23:59:59+01:00,0,0,140,249,606,820,657,1110,614,1605,691,1224,771,650,1943,1879,2414,4657,31,46,215,307,256,496,237,659,244,376,270,237,790,862,1274,2782,15161,8895,1169,299,4009,2,4,14,10
2021-03-21T23:59:59+01:00,0,0,137,247,602,813,653,1107,609,1581,679,1189,764,639,1919,1872,2407,4641,31,46,214,307,255,494,236,658,242,374,268,233,784,859,1265,2773,15127,8861,1148,290,3888,2,4,13,9
2021-03-20T23:59:59+01:00,0,0,135,247,596,810,649,1103,605,1577,677,1187,757,630,1895,1845,2400,4629,31,46,214,307,254,494,235,656,239,368,266,231,774,853,1247,2759,15058,8806,1138,280,3848,2,4,13,9
2021-03-19T23:59:59+01:00,0,0,126,235,589,796,640,1096,601,1559,660,1173,721,585,1835,1803,2370,4608,30,46,214,306,253,494,233,649,236,365,264,225,748,834,1209,2706,14882,8658,1062,265,3751,2,4,12,9
2021-03-18T23:59:59+01:00,0,0,123,230,570,786,620,1064,582,1508,630,1124,684,560,1783,1754,2342,4565,30,46,213,304,251,486,233,644,232,356,262,217,730,822,1176,2662,14686,8526,997,246,3533,2,4,12,9
2021-03-17T23:59:59+01:00,0,0,117,224,559,771,608,1059,572,1495,614,1101,660,535,1737,1719,2321,4526,30,45,213,303,250,483,231,643,231,353,261,215,718,808,1141,2615,14481,8406,946,240,3477,2,4,10,9
2021-03-16T23:59:59+01:00,0,0,112,217,547,759,594,1045,560,1452,597,1073,641,511,1682,1663,2299,4488,30,44,213,301,250,477,230,641,229,352,257,215,701,789,1111,2559,14299,8269,890,237,3332,2,2,10,9
2021-03-15T23:59:59+01:00,0,0,108,210,532,742,582,1021,548,1418,582,1034,621,492,1636,1623,2277,4463,29,44,212,298,250,474,228,639,227,352,248,211,681,777,1086,2523,14135,8164,835,223,3194,2,0,10,9
2021-03-14T23:59:59+01:00,0,0,104,198,523,727,571,999,540,1373,565,989,603,476,1606,1602,2261,4438,29,44,212,296,249,473,227,634,226,347,246,207,677,770,1078,2508,14028,8137,800,194,3017,2,0,10,9
2021-03-13T23:59:59+01:00,0,0,100,188,497,706,542,973,512,1349,542,968,575,467,1579,1575,2253,4430,29,44,212,296,249,473,226,634,226,346,245,207,671,760,1047,2477,13801,8055,786,193,2923,2,0,10,9
2021-03-12T23:59:59+01:00,0,0,91,182,471,677,522,946,488,1314,515,931,543,445,1519,1528,2230,4391,29,44,212,295,249,472,226,634,226,345,241,205,655,748,1021,2450,13486,7963,756,193,2792,2,0,10,8
2021-03-11T23:59:59+01:00,0,0,84,171,438,640,487,913,448,1235,477,867,509,412,1439,1460,2182,4332,29,43,211,292,244,468,224,630,222,342,236,203,639,725,996,2409,13094,7875,703,142,2517,2,0,10,8
2021-03-10T23:59:59+01:00,0,0,82,165,414,615,468,896,429,1199,449,822,477,386,1360,1394,2143,4276,29,43,209,287,240,464,221,624,222,340,231,200,620,717,973,2369,12747,7765,670,125,2374,2,0,10,8
2021-03-09T23:59:59+01:00,0,0,82,161,403,594,440,867,414,1149,431,790,455,367,1308,1361,2101,4231,29,43,208,284,238,456,218,620,218,335,229,199,608,710,954,2338,12518,7681,643,106,2196,2,0,10,8
2021-03-08T23:59:59+01:00,0,0,79,156,390,576,419,849,402,1096,419,748,439,351,1250,1325,2077,4193,29,43,208,283,235,450,214,615,213,331,227,198,595,705,944,2327,12327,7628,606,90,2035,1,0,10,7
2021-03-07T23:59:59+01:00,0,0,76,152,387,566,411,833,390,1082,412,742,436,346,1237,1305,2068,4184,29,43,207,282,235,448,212,614,213,330,226,197,591,702,936,2320,12260,7598,579,88,1983,0,0,10,7
2021-03-06T23:59:59+01:00,0,0,76,145,384,561,404,811,380,1025,404,708,433,345,1230,1294,2053,4169,29,43,207,282,234,447,212,613,213,330,226,197,588,702,934,2306,12201,7589,579,75,1834,0,0,10,7
2021-03-05T23:59:59+01:00,0,0,76,140,380,555,400,803,377,1008,392,682,421,331,1189,1252,2009,4108,29,43,206,281,233,446,211,611,212,327,224,196,582,701,926,2285,11981,7564,557,49,1770,0,0,10,7
2021-03-04T23:59:59+01:00,0,0,75,127,371,522,386,770,357,966,378,652,403,329,1137,1202,1925,4012,28,43,204,274,231,440,209,600,209,326,223,195,580,698,923,2282,11678,7516,523,48,1593,0,0,10,5
2021-03-03T23:59:59+01:00,0,0,68,116,362,506,378,753,352,944,364,632,393,321,1092,1168,1855,3890,28,43,204,273,230,438,206,590,209,320,222,192,574,695,916,2276,11402,7471,496,43,1475,0,0,9,5
2021-03-02T23:59:59+01:00,0,0,65,109,352,493,363,734,341,923,356,604,380,314,1056,1137,1757,3769,27,43,204,273,230,431,201,583,207,317,220,192,572,687,909,2263,11076,7412,472,43,1377,0,0,9,5
2021-03-01T23:59:59+01:00,0,0,64,107,346,479,356,714,330,898,348,569,374,311,1029,1105,1639,3614,27,42,203,272,228,422,199,575,207,313,219,192,569,679,900,2255,10732,7354,451,43,1267,0,0,9,5
2021-02-28T23:59:59+01:00,0,0,64,105,339,470,352,706,328,874,342,549,369,299,1020,1101,1629,3602,27,42,202,271,227,422,199,575,207,313,218,192,568,675,897,2252,10686,7339,440,43,1188,0,0,9,5
2021-02-27T23:59:59+01:00,0,0,61,96,335,462,348,702,322,861,338,539,365,295,1010,1090,1606,3580,27,42,202,270,227,421,198,574,206,312,218,192,568,675,897,2252,10614,7338,427,38,1131,0,0,9,5
2021-02-26T23:59:59+01:00,0,0,59,93,328,439,322,670,300,830,325,518,361,291,985,1070,1562,3518,27,41,202,269,227,419,196,571,203,310,218,192,568,675,896,2249,10450,7320,424,38,953,0,0,9,4
2021-02-25T23:59:59+01:00,0,0,52,80,316,418,311,640,294,802,311,491,351,281,966,1051,1524,3471,27,41,201,266,223,416,193,563,198,309,213,189,557,667,885,2243,10296,7258,410,28,802,0,0,9,4
2021-02-24T23:59:59+01:00,0,0,48,75,307,406,303,627,289,787,307,481,345,280,946,1038,1477,3412,26,41,199,264,220,403,191,555,195,304,211,186,551,661,883,2230,10147,7193,395,20,732,0,0,9,4
2021-02-23T23:59:59+01:00,0,0,45,66,294,390,295,608,282,768,297,471,338,278,915,1019,1436,3339,25,41,198,262,218,398,190,549,191,301,210,185,549,650,877,2210,9967,7130,376,16,640,0,0,9,4
2021-02-22T23:59:59+01:00,0,0,42,63,287,378,291,597,278,757,293,467,329,271,892,1004,1406,3303,25,39,194,259,215,385,182,539,185,298,207,182,537,642,870,2193,9843,7037,359,6,597,0,0,8,4
2021-02-21T23:59:59+01:00,0,0,41,62,282,370,289,588,274,749,286,463,326,268,887,999,1399,3293,25,38,192,256,214,383,182,530,185,297,207,182,533,641,862,2180,9816,6991,351,5,547,0,0,7,4
2021-02-20T23:59:59+01:00,0,0,40,62,279,369,289,585,273,743,283,455,325,268,873,987,1365,3260,25,38,192,256,214,383,182,530,184,296,207,182,532,641,860,2179,9726,6985,340,5,525,0,0,7,4
2021-02-19T23:59:59+01:00,0,0,39,62,275,364,283,563,263,717,278,441,321,263,847,970,1330,3230,25,37,192,256,213,382,182,528,183,296,206,181,527,640,855,2162,9616,6949,325,5,436,0,0,6,4
2021-02-18T23:59:59+01:00,0,0,39,58,257,343,275,542,254,696,261,413,317,254,835,949,1304,3198,24,36,188,249,211,376,178,513,181,285,203,176,512,626,818,2095,9522,6754,299,5,302,0,0,6,4
2021-02-17T23:59:59+01:00,0,0,39,56,250,337,271,528,249,683,258,391,312,249,815,938,1275,3151,22,34,185,244,203,361,174,496,176,273,195,172,501,611,799,2056,9389,6583,289,4,246,0,0,6,4
2021-02-16T23:59:59+01:00,0,0,38,51,238,325,268,517,243,668,251,383,307,247,803,926,1249,3119,20,34,176,236,196,342,167,484,172,259,192,165,467,580,764,1988,9291,6321,281,4,181,0,0,6,4
2021-02-15T23:59:59+01:00,0,0,37,50,232,322,261,504,239,662,247,375,303,246,784,917,1237,3100,19,32,169,229,191,334,162,473,166,252,182,159,437,551,728,1917,9225,6080,267,4,144,0,0,6,4
2021-02-14T23:59:59+01:00,0,0,35,50,229,319,259,498,237,656,247,371,303,242,777,911,1228,3081,18,32,167,226,187,329,161,461,164,249,181,156,428,542,710,1873,9202,5962,234,4,126,0,0,6,4
2021-02-13T23:59:59+01:00,0,0,34,50,229,319,257,498,237,655,247,371,303,242,775,910,1227,3080,18,32,165,225,184,329,160,459,163,246,179,153,423,539,702,1857,9195,5914,234,1,124,0,0,6,4
2021-02-12T23:59:59+01:00,0,0,33,48,226,313,254,489,233,644,244,364,302,241,769,909,1224,3070,18,32,163,222,183,328,158,457,161,245,177,149,419,523,671,1791,9166,5777,234,1,80,0,0,6,4
2021-02-11T23:59:59+01:00,0,0,32,47,218,294,247,473,226,620,231,351,298,240,761,892,1199,3037,18,31,147,201,175,297,147,410,155,223,160,133,371,474,608,1623,9095,5246,167,1,18,0,0,6,4
2021-02-10T23:59:59+01:00,0,0,31,47,215,286,244,466,222,611,228,345,293,240,748,889,1191,3027,17,28,134,177,159,260,127,359,144,199,144,125,344,443,546,1497,9038,4767,149,1,7,0,0,6,2
2021-02-09T23:59:59+01:00,0,0,30,46,214,283,242,453,217,603,224,342,289,236,744,882,1182,3014,17,26,119,147,146,237,110,316,130,172,126,116,310,386,491,1339,8983,4246,125,1,3,0,0,6,2
2021-02-08T23:59:59+01:00,0,0,30,46,213,281,236,439,214,591,221,337,284,236,736,875,1176,3007,15,24,103,124,125,193,91,274,121,160,103,107,271,334,429,1203,8916,3730,110,1,3,0,0,6,2
2021-02-07T23:59:59+01:00,0,0,30,45,211,280,234,438,214,588,221,336,284,236,734,871,1171,3004,14,18,99,116,118,182,86,256,115,150,96,102,264,321,413,1153,8895,3553,107,1,0,0,0,6,2
2021-02-06T23:59:59+01:00,0,0,30,45,211,280,234,437,214,588,221,335,283,236,733,871,1170,2992,11,14,98,114,117,178,84,249,115,148,95,101,264,317,402,1138,8892,3492,93,1,0,0,0,6,2
2021-02-05T23:59:59+01:00,0,0,29,44,211,280,234,436,212,585,219,334,282,236,731,871,1158,2965,10,10,90,106,113,175,83,244,109,136,92,99,255,310,377,1109,8872,3363,58,0,0,0,0,6,2
2021-02-04T23:59:59+01:00,0,0,29,44,208,275,230,432,207,579,217,330,279,232,725,864,1149,2951,9,7,63,73,90,131,71,205,89,117,88,85,223,274,333,983,8797,2874,58,0,0,0,0,4,2
2021-02-03T23:59:59+01:00,0,0,29,43,208,273,229,420,204,573,216,327,276,229,715,861,1141,2934,6,4,46,55,71,107,52,159,76,88,63,60,167,200,252,720,8731,2152,51,0,0,0,0,4,2
2021-02-02T23:59:59+01:00,0,0,28,43,207,271,225,414,203,568,213,326,273,228,707,850,1134,2909,3,3,30,38,56,77,41,103,57,65,54,49,119,134,168,476,8651,1490,50,0,0,0,0,4,2
2021-02-01T23:59:59+01:00,0,0,27,41,205,271,222,409,200,562,208,319,271,225,700,847,1129,2897,3,1,23,20,29,45,28,64,33,34,38,31,72,86,97,286,8584,899,50,0,0,0,0,4,2
2021-01-31T23:59:59+01:00,0,0,27,41,204,269,220,405,198,554,207,318,270,225,696,843,1123,2882,3,1,21,15,19,37,21,51,25,30,35,25,57,74,94,256,8532,771,49,0,0,0,0,4,2
2021-01-30T23:59:59+01:00,0,0,27,41,204,269,220,404,197,554,207,318,270,225,695,843,1122,2880,3,1,20,14,17,37,19,47,23,29,34,24,57,71,92,250,8527,744,48,0,0,0,0,4,2
2021-01-29T23:59:59+01:00,0,0,27,41,204,266,219,403,196,553,205,316,270,225,690,840,1116,2872,3,0,17,9,12,31,18,42,19,26,34,23,54,70,90,244,8499,696,44,0,0,0,0,3,2
2021-01-28T23:59:59+01:00,0,0,27,40,197,263,219,397,195,544,202,311,269,225,678,832,1093,2852,3,0,4,3,7,18,10,23,9,12,26,16,37,47,60,173,8409,450,35,0,0,0,0,3,1
2021-01-27T23:59:59+01:00,0,0,26,38,192,258,214,388,193,531,199,301,261,220,664,815,1069,2814,1,0,3,3,6,14,9,20,8,11,25,15,31,41,50,132,8247,370,30,0,0,0,0,3,1
2021-01-26T23:59:59+01:00,0,0,23,38,189,247,208,375,188,513,196,292,255,215,642,798,1041,2763,1,0,2,3,6,14,9,20,8,11,24,12,30,37,49,115,8051,342,25,0,0,0,0,3,1
2021-01-25T23:59:59+01:00,0,0,23,37,180,244,205,365,183,503,191,281,245,210,619,778,1015,2718,1,0,1,3,4,12,8,17,8,10,21,10,26,36,41,104,7881,303,7,0,0,0,0,3,1
2021-01-24T23:59:59+01:00,0,0,22,36,178,240,202,364,182,501,190,279,245,208,615,773,1012,2713,1,0,1,3,3,12,8,17,8,10,21,10,26,36,40,102,7845,299,5,0,0,0,0,3,1
2021-01-23T23:59:59+01:00,0,0,22,36,178,240,200,364,182,500,190,279,245,208,614,773,1004,2700,1,0,1,3,3,11,8,17,7,10,21,10,26,36,40,102,7820,297,5,0,0,0,0,3,1
2021-01-22T23:59:59+01:00,0,0,21,35,176,236,199,364,182,499,189,279,245,206,612,771,976,2658,1,0,1,3,3,11,8,17,7,10,21,10,26,36,40,102,7733,297,5,0,0,0,0,3,1
2021-01-21T23:59:59+01:00,0,0,20,35,167,226,192,346,177,475,187,262,233,201,586,745,940,2604,1,0,1,3,1,6,7,11,5,6,20,8,22,26,35,85,7477,238,5,0,0,0,0,3,1
2021-01-20T23:59:59+01:00,0,0,19,33,152,200,174,305,147,417,173,239,215,190,543,699,871,2403,1,0,1,3,1,6,7,10,5,5,19,7,21,23,31,79,6852,220,4,0,0,0,0,3,1
2021-01-19T23:59:59+01:00,0,0,19,30,129,168,159,271,134,374,157,216,180,169,479,608,773,2129,1,0,1,3,1,6,5,7,3,3,11,3,10,15,22,57,6059,148,3,0,0,0,0,3,1
2021-01-18T23:59:59+01:00,0,0,16,29,114,150,137,227,116,324,140,189,142,154,388,503,638,1788,1,0,1,1,0,3,4,5,2,3,2,1,4,6,10,28,5115,71,3,0,0,0,0,3,1
2021-01-17T23:59:59+01:00,0,0,15,19,110,136,129,214,108,300,132,177,133,139,372,473,588,1685,1,0,0,0,0,1,2,4,2,2,1,1,3,1,2,5,4783,24,3,0,0,0,0,3,1
2021-01-16T23:59:59+01:00,0,0,13,15,106,133,127,209,105,290,130,171,130,135,367,465,571,1657,0,0,0,0,0,0,0,0,1,0,0,0,0,0,0,0,4677,0,0,0,0,0,0,3,1
2021-01-15T23:59:59+01:00,0,0,11,13,101,124,123,204,103,280,128,159,126,132,359,449,540,1613,0,0,0,0,0,0,0,0,1,0,0,0,0,0,0,0,4515,0,0,0,0,0,0,3,1
2021-01-14T23:59:59+01:00,0,0,9,9,76,91,104,167,85,235,111,142,114,110,306,399,475,1397,0,0,0,0,0,0,0,0,1,0,0,0,0,0,0,0,3869,0,0,0,0,0,0,3,1
2021-01-13T23:59:59+01:00,0,0,7,8,63,81,93,140,75,193,101,116,86,81,236,283,377,1067,0,0,0,0,0,0,0,0,1,0,0,0,0,0,0,0,3040,0,0,0,0,0,0,3,1
2021-01-12T23:59:59+01:00,0,0,5,6,54,61,76,110,68,136,79,92,70,65,166,203,274,748,0,0,0,0,0,0,0,0,1,0,0,0,0,0,0,0,2241,0,0,0,0,0,0,1,1
2021-01-11T23:59:59+01:00,0,0,4,4,46,48,63,81,53,109,57,65,50,44,96,123,145,421,0,0,0,0,0,0,0,0,1,0,0,0,0,0,0,0,1431,0,0,0,0,0,0,1,1
2021-01-10T23:59:59+01:00,0,0,3,4,42,36,47,67,39,87,47,56,45,34,79,109,136,367,0,0,0,0,0,0,0,0,1,0,0,0,0,0,0,0,1211,0,0,0,0,0,0,1,1
2021-01-09T23:59:59+01:00,0,0,3,3,39,35,42,64,36,77,41,51,44,34,79,107,133,365,0,0,0,0,0,0,0,0,1,0,0,0,0,0,0,0,1164,0,0,0,0,0,0,1,1
2021-01-08T23:59:59+01:00,0,0,3,2,32,27,35,57,29,64,36,45,42,31,74,104,129,354,0,0,0,0,0,0,0,0,1,0,0,0,0,0,0,0,1073,0,0,0,0,0,0,1,1
2021-01-07T23:59:59+01:00,0,0,3,2,10,3,10,20,12,28,12,22,35,22,52,69,89,251,0,0,0,0,0,0,0,0,1,0,0,0,0,0,0,0,643,0,0,0,0,0,0,0,1
2021-01-06T23:59:59+01:00,0,0,3,0,3,3,5,15,9,21,8,13,31,20,44,58,74,200,0,0,0,0,0,0,0,0,1,0,0,0,0,0,0,0,510,0,0,0,0,0,0,0,1
2021-01-05T23:59:59+01:00,0,0,2,0,2,3,5,14,9,19,8,12,30,19,43,57,71,192,0,0,0,0,0,0,0,0,1,0,0,0,0,0,0,0,489,0,0,0,0,0,0,0,1
2021-01-04T23:59:59+01:00,0,0,1,0,2,3,5,13,8,17,7,11,26,15,34,48,55,146,0,0,0,0,0,0,0,0,1,0,0,0,0,0,0,0,393,0,0,0,0,0,0,0,1
2021-01-03T23:59:59+01:00,0,0,1,0,1,3,4,13,8,17,7,11,26,15,34,48,55,145,0,0,0,0,0,0,0,0,1,0,0,0,0,0,0,0,390,0,0,0,0,0,0,0,1
2021-01-02T23:59:59+01:00,0,0,1,0,1,3,4,13,7,17,6,11,26,15,34,48,55,145,0,0,0,0,0,0,0,0,1,0,0,0,0,0,0,0,388,0,0,0,0,0,0,0,1
2021-01-01T23:59:59+01:00,0,0,1,0,1,3,4,13,7,17,6,11,26,15,34,48,55,145,0,0,0,0,0,0,0,0,1,0,0,0,0,0,0,0,388,0,0,0,0,0,0,0,1
2020-12-31T23:59:59+01:00,0,0,1,0,1,3,4,12,7,17,6,11,26,15,34,48,55,145,0,0,0,0,0,0,0,0,1,0,0,0,0,0,0,0,387,0,0,0,0,0,0,0,1
2020-12-30T23:59:59+01:00,0,0,1,0,1,3,4,12,7,16,6,11,26,15,34,48,55,145,0,0,0,0,0,0,0,0,1,0,0,0,0,0,0,0,386,0,0,0,0,0,0,0,1
2020-12-29T23:59:59+01:00,0,0,1,0,1,3,3,8,5,12,4,8,19,10,25,40,40,118,0,0,0,0,0,0,0,0,1,0,0,0,0,0,0,0,298,0,0,0,0,0,0,0,1
2020-12-28T23:59:59+01:00,0,0,1,0,1,1,1,2,3,6,3,4,11,3,8,15,24,58,0,0,0,0,0,0,0,0,1,0,0,0,0,0,0,0,142,0,0,0,0,0,0,0,1
2020-12-27T23:59:59+01:00,0,0,1,0,0,0,0,1,2,6,1,2,2,1,5,4,5,20,0,0,0,0,0,0,0,0,0,0,0,0,0,0,0,0,50,0,0,0,0,0,0,0,0
