Datum,<24_1_m,<24_1_w,25-34_1_m,25-34_1_w,35-44_1_m,35-44_1_w,45-54_1_m,45-54_1_w,55-64_1_m,55-64_1_w,65-74_1_m,65-74_1_w,75-84_1_m,75-84_1_w,>84_1_m,>84_1_w,<24_2_m,<24_2_w,25-34_2_m,25-34_2_w,35-44_2_m,35-44_2_w,45-54_2_m,45-54_2_w,55-64_2_m,55-64_2_w,65-74_2_m,65-74_2_w,75-84_2_m,75-84_2_w,>84_2_m,>84_2_w,bp_1,bp_2,mo_1,mo_2,az_1,az_2,ja
2021-05-06T23:59:59+02:00,295,458,945,1094,1103,1685,1165,2620,1455,2374,1208,1585,1682,2042,1273,2903,83,125,358,419,371,665,344,855,360,577,393,437,972,1198,770,1915,15936,8960,1615,741,6471,170,49
2021-05-05T23:59:59+02:00,284,451,917,1076,1069,1656,1104,2566,1403,2317,1195,1562,1678,2033,1273,2900,83,122,355,415,368,659,342,849,354,568,383,424,959,1186,770,1915,15602,8914,1589,725,6432,146,45
2021-05-04T23:59:59+02:00,276,444,895,1063,1035,1637,1062,2524,1364,2270,1183,1536,1674,2027,1273,2899,82,120,349,405,366,655,335,835,349,552,375,410,951,1167,770,1915,15349,8855,1555,705,6401,113,41
2021-05-03T23:59:59+02:00,276,437,873,1047,1005,1626,1034,2493,1335,2236,1172,1510,1669,2023,1272,2898,81,117,343,402,361,646,334,831,342,544,365,399,942,1156,769,1913,15155,8798,1537,699,6364,93,33
2021-05-02T23:59:59+02:00,274,435,857,1039,987,1615,1017,2481,1328,2215,1166,1502,1668,2022,1272,2897,80,117,338,401,361,643,333,825,341,540,358,392,928,1148,769,1913,15067,8772,1524,683,6340,83,27
2021-05-01T23:59:59+02:00,271,432,851,1032,978,1607,1007,2469,1318,2201,1162,1497,1667,2020,1272,2897,80,117,338,400,360,643,333,822,341,539,357,392,928,1148,769,1913,14973,8766,1524,683,6340,82,27
2021-04-30T23:59:59+02:00,267,425,843,1018,958,1591,974,2404,1278,2159,1154,1483,1664,2018,1272,2894,79,115,337,398,357,635,332,797,337,534,353,387,927,1143,769,1912,14724,8755,1521,674,6338,59,2
2021-04-29T23:59:59+02:00,255,418,811,997,927,1560,933,2353,1203,2095,1124,1451,1662,2013,1272,2894,79,114,333,396,353,631,328,785,332,525,345,378,919,1136,769,1910,14368,8715,1491,655,6290,39,2
2021-04-28T23:59:59+02:00,244,415,799,986,900,1548,901,2318,1150,2034,1103,1411,1657,2012,1272,2894,75,114,327,391,348,624,327,778,330,517,332,366,910,1126,769,1910,14117,8663,1456,631,6252,26,2
2021-04-27T23:59:59+02:00,241,407,789,975,887,1539,881,2300,1130,2010,1083,1381,1652,2009,1272,2893,74,111,325,388,347,621,325,773,325,511,328,358,902,1114,769,1909,13969,8625,1435,610,6226,21,2
2021-04-26T23:59:59+02:00,239,402,782,968,877,1533,860,2280,1088,1970,1070,1361,1645,2006,1271,2892,74,111,323,386,346,620,323,771,323,507,322,348,898,1107,769,1909,13824,8599,1424,595,6177,19,2
2021-04-25T23:59:59+02:00,239,400,775,961,864,1524,848,2267,1060,1942,1056,1343,1642,2000,1271,2891,74,111,323,382,344,619,323,769,322,507,320,345,896,1100,769,1908,13722,8592,1403,584,6138,12,2
2021-04-24T23:59:59+02:00,234,397,768,958,852,1514,838,2251,1038,1928,1050,1323,1640,1998,1271,2891,74,111,323,382,344,619,322,769,322,504,319,344,896,1099,769,1908,13602,8589,1403,580,6126,12,2
2021-04-23T23:59:59+02:00,231,391,759,949,848,1508,821,2238,979,1892,1041,1303,1637,1993,1271,2888,74,111,323,382,344,618,321,767,321,503,313,337,894,1095,769,1908,13491,8575,1393,569,6043,12,2
2021-04-22T23:59:59+02:00,230,384,739,931,833,1490,790,2198,942,1846,1019,1266,1631,1983,1271,2885,74,108,321,380,342,612,318,762,320,499,310,332,887,1086,768,1907,13281,8536,1348,561,5986,5,2
2021-04-21T23:59:59+02:00,224,380,724,918,814,1478,762,2167,897,1805,994,1220,1627,1971,1271,2884,72,106,319,379,341,609,317,758,318,493,309,328,880,1071,766,1903,13046,8494,1327,545,5940,5,2
2021-04-20T23:59:59+02:00,221,376,712,901,802,1460,742,2119,871,1764,963,1162,1615,1958,1270,2883,72,106,318,379,338,607,315,754,318,489,307,321,871,1051,765,1903,12837,8451,1265,533,5892,5,2
2021-04-19T23:59:59+02:00,219,368,702,891,789,1445,732,2095,852,1736,942,1129,1611,1955,1270,2881,72,105,316,376,335,602,314,748,316,481,307,317,858,1035,764,1897,12699,8401,1253,514,5840,3,2
2021-04-18T23:59:59+02:00,218,366,694,888,774,1436,719,2083,836,1720,922,1099,1609,1951,1269,2880,71,103,315,375,335,602,313,745,316,480,306,312,852,1032,763,1897,12611,8384,1236,505,5792,3,2
2021-04-17T23:59:59+02:00,217,362,688,885,770,1436,715,2077,833,1713,910,1082,1607,1947,1269,2880,70,100,314,373,335,602,312,741,316,477,305,308,848,1025,763,1897,12554,8355,1236,503,5776,3,2
2021-04-16T23:59:59+02:00,217,359,683,883,757,1422,708,2060,802,1674,879,1033,1601,1938,1268,2878,66,98,311,367,334,600,308,733,311,462,293,288,845,1015,759,1892,12392,8290,1223,464,5722,3,2
2021-04-15T23:59:59+02:00,215,356,668,866,745,1410,687,2022,764,1635,853,996,1592,1919,1267,2873,65,98,308,361,329,599,302,729,304,459,287,281,826,995,757,1885,12208,8219,1212,438,5622,3,2
2021-04-14T23:59:59+02:00,212,350,660,860,737,1398,680,1992,751,1612,821,962,1568,1880,1264,2869,62,93,305,359,326,595,300,724,297,450,281,271,808,979,756,1879,12028,8146,1196,411,5564,3,2
2021-04-13T23:59:59+02:00,209,345,653,856,728,1389,672,1972,725,1586,789,913,1551,1853,1262,2865,60,92,302,355,318,590,296,718,292,444,277,266,797,969,751,1876,11901,8089,1155,387,5484,2,2
2021-04-12T23:59:59+02:00,208,344,650,853,720,1378,657,1956,711,1570,761,881,1541,1841,1262,2861,59,88,293,349,315,584,292,713,287,440,268,258,791,960,751,1870,11819,8028,1138,361,5408,2,2
2021-04-11T23:59:59+02:00,204,343,644,849,714,1374,650,1944,701,1556,743,859,1534,1824,1262,2858,57,87,288,347,314,584,290,712,285,433,264,253,783,956,750,1869,11779,7994,1121,348,5330,2,2
2021-04-10T23:59:59+02:00,204,343,644,848,712,1372,646,1937,696,1551,737,843,1529,1815,1262,2858,52,79,264,335,301,572,279,700,269,425,255,245,778,944,748,1867,11742,7844,1114,339,5311,2,2
2021-04-09T23:59:59+02:00,204,339,642,846,704,1346,637,1857,681,1472,711,792,1510,1796,1262,2853,43,74,251,322,283,558,263,688,257,413,244,240,758,921,745,1863,11640,7664,1094,329,5088,2,2
2021-04-08T23:59:59+02:00,203,335,638,842,699,1339,627,1838,664,1453,673,740,1484,1778,1261,2851,41,71,242,306,269,551,247,673,240,398,232,222,744,904,740,1846,11543,7484,1059,310,4993,2,2
2021-04-07T23:59:59+02:00,197,332,632,835,692,1328,614,1814,653,1425,639,700,1459,1738,1258,2845,39,67,225,292,260,544,241,663,231,384,217,212,716,882,737,1833,11417,7316,1030,295,4884,2,2
2021-04-06T23:59:59+02:00,194,332,626,832,681,1314,598,1790,631,1404,619,664,1441,1709,1257,2844,38,66,224,290,257,542,232,660,226,379,213,207,701,859,735,1825,11345,7245,1008,278,4753,2,1
2021-04-05T23:59:59+02:00,194,332,626,825,675,1306,592,1774,624,1392,599,641,1431,1687,1257,2842,38,66,223,287,255,537,228,654,225,377,213,201,682,839,735,1820,11318,7187,995,261,4651,2,1
2021-04-04T23:59:59+02:00,194,330,626,820,671,1297,587,1756,620,1375,590,629,1430,1685,1257,2841,38,66,222,287,255,537,228,654,224,377,212,201,672,825,735,1817,11308,7157,994,261,4573,2,1
2021-04-03T23:59:59+02:00,194,330,626,820,670,1295,587,1753,615,1373,578,623,1429,1678,1256,2840,38,66,222,287,255,537,228,654,224,376,212,201,672,822,735,1815,11280,7151,994,261,4560,2,1
2021-04-02T23:59:59+02:00,194,330,626,818,669,1292,584,1746,610,1365,570,614,1421,1668,1255,2839,38,66,221,286,254,535,227,648,220,371,208,199,658,799,732,1802,11237,7077,988,255,4542,2,1
2021-04-01T23:59:59+02:00,190,324,623,811,659,1279,579,1726,597,1346,551,590,1401,1640,1254,2827,37,65,213,283,253,531,224,640,216,366,200,197,638,772,725,1778,11155,6959,950,247,4456,2,1
2021-03-31T23:59:59+02:00,187,322,617,804,651,1264,571,1682,589,1310,540,579,1382,1597,1248,2820,37,65,211,282,252,529,223,634,210,364,194,193,611,738,721,1752,11089,6846,911,238,4326,2,1
2021-03-30T23:59:59+02:00,185,316,612,797,648,1236,566,1647,579,1273,530,564,1356,1558,1245,2813,37,63,209,280,250,527,220,629,208,357,189,189,599,716,710,1737,11007,6759,883,228,4196,2,1
2021-03-29T23:59:59+02:00,183,311,606,782,644,1226,558,1619,571,1235,517,546,1327,1518,1238,2799,37,63,208,279,249,525,220,623,205,349,186,186,585,700,706,1727,10882,6695,857,220,4102,2,1
2021-03-28T23:59:59+02:00,175,295,600,774,640,1219,554,1601,569,1219,512,529,1303,1492,1235,2792,37,62,205,279,245,519,218,619,205,347,184,185,577,693,705,1723,10833,6655,825,215,4012,2,1
2021-03-27T23:59:59+01:00,174,293,597,770,637,1214,550,1592,568,1211,508,521,1299,1485,1235,2791,37,61,205,279,245,519,218,613,203,343,181,183,571,684,698,1713,10801,6612,821,208,3983,2,1
2021-03-26T23:59:59+01:00,172,291,590,760,633,1204,542,1573,563,1191,498,508,1291,1469,1227,2786,37,61,205,279,245,517,218,613,196,332,179,178,550,660,689,1696,10732,6514,801,208,3923,2,1
2021-03-25T23:59:59+01:00,170,290,581,749,621,1185,526,1539,554,1157,487,493,1266,1448,1222,2779,37,61,201,273,245,517,213,610,194,329,172,177,526,636,669,1662,10658,6393,779,196,3787,2,1
2021-03-24T23:59:59+01:00,167,279,574,738,616,1170,522,1510,547,1125,479,480,1245,1418,1216,2770,36,61,201,272,245,516,213,609,190,326,169,171,504,619,656,1618,10584,6286,752,188,3678,2,0
2021-03-23T23:59:59+01:00,165,277,568,729,602,1159,516,1490,536,1092,471,465,1225,1401,1207,2763,35,60,200,270,242,515,209,604,187,321,164,168,485,608,632,1577,10526,6162,734,182,3563,2,0
2021-03-22T23:59:59+01:00,159,270,550,715,590,1140,507,1466,525,1068,468,455,1214,1385,1204,2755,35,59,200,268,241,514,208,599,187,318,162,163,472,590,595,1538,10480,6036,712,179,3435,2,0
2021-03-21T23:59:59+01:00,157,269,546,708,587,1135,504,1441,517,1036,462,448,1198,1380,1201,2748,35,59,200,267,240,513,207,598,186,316,161,161,467,588,589,1534,10457,6013,699,174,3334,2,0
2021-03-20T23:59:59+01:00,156,269,543,706,586,1134,501,1439,517,1032,457,441,1186,1365,1196,2743,35,59,200,267,239,513,207,596,186,311,158,160,463,582,584,1525,10422,5980,695,171,3306,2,0
2021-03-19T23:59:59+01:00,148,258,537,695,580,1126,500,1426,504,1014,439,409,1155,1336,1188,2737,35,59,200,266,238,513,206,589,184,307,158,157,454,559,576,1500,10324,5901,649,166,3229,2,0
2021-03-18T23:59:59+01:00,145,255,522,689,558,1093,486,1379,483,971,419,392,1130,1308,1180,2717,35,59,197,264,237,504,206,583,182,305,156,155,441,548,569,1474,10210,5825,613,155,3052,2,0
2021-03-17T23:59:59+01:00,139,248,513,678,548,1089,480,1368,472,956,404,377,1106,1287,1174,2704,35,58,197,264,236,501,206,583,182,304,156,153,433,542,555,1450,10097,5765,584,153,3009,2,0
2021-03-16T23:59:59+01:00,133,244,503,666,535,1076,468,1332,460,929,396,360,1076,1247,1170,2691,35,57,197,263,236,495,206,582,180,304,153,153,428,529,543,1424,9990,5697,552,151,2888,2,0
2021-03-15T23:59:59+01:00,131,238,490,652,525,1050,458,1296,451,896,384,346,1056,1218,1164,2680,34,57,197,260,235,492,206,581,178,304,151,150,419,522,536,1400,9882,5637,512,148,2782,2,0
2021-03-14T23:59:59+01:00,126,225,478,635,518,1029,454,1249,442,858,371,338,1036,1201,1160,2669,34,57,197,258,233,491,205,577,177,299,150,147,417,518,532,1395,9814,5619,489,131,2625,2,0
2021-03-13T23:59:59+01:00,121,211,452,617,493,1005,433,1227,419,842,355,331,1023,1187,1159,2665,34,57,196,258,233,491,205,577,176,298,149,147,412,510,515,1377,9631,5568,481,130,2560,2,0
2021-03-12T23:59:59+01:00,111,200,428,593,472,975,415,1196,397,809,337,317,986,1149,1150,2644,34,57,196,258,233,490,205,577,176,298,146,145,405,500,506,1367,9388,5523,470,130,2452,2,0
2021-03-11T23:59:59+01:00,103,188,398,558,438,935,384,1129,374,750,320,288,945,1104,1126,2610,34,57,195,255,227,486,202,572,174,294,144,144,396,490,494,1347,9109,5474,442,97,2224,2,0
2021-03-10T23:59:59+01:00,98,180,381,538,422,915,370,1093,356,713,304,274,901,1065,1115,2568,34,57,192,252,225,479,200,567,174,291,142,142,383,484,485,1324,8894,5405,423,86,2100,2,0
2021-03-09T23:59:59+01:00,97,175,368,518,403,885,356,1049,345,679,295,264,869,1041,1094,2549,34,57,191,248,224,473,198,564,171,289,142,141,375,478,480,1309,8761,5360,407,74,1935,2,0
2021-03-08T23:59:59+01:00,94,169,355,505,387,864,347,1003,339,642,285,256,843,1009,1083,2536,34,57,191,246,220,467,194,557,167,287,140,141,369,475,475,1301,8651,5325,385,57,1795,1,0
2021-03-07T23:59:59+01:00,91,162,352,497,377,846,337,990,338,637,282,253,835,997,1079,2529,34,57,191,245,220,465,193,556,167,287,140,141,365,472,471,1299,8598,5309,367,55,1750,0,0
2021-03-06T23:59:59+01:00,91,157,347,494,370,823,333,941,329,607,281,251,828,987,1074,2523,34,57,191,245,219,464,193,555,167,287,140,141,364,472,470,1293,8562,5304,367,49,1620,0,0
2021-03-05T23:59:59+01:00,89,152,343,489,368,818,331,927,318,584,276,240,798,953,1062,2497,34,57,190,244,218,463,192,554,166,285,139,140,361,471,467,1282,8434,5288,351,36,1568,0,0
2021-03-04T23:59:59+01:00,89,143,330,456,358,787,315,880,308,563,265,238,763,912,1028,2457,34,57,188,239,217,456,190,544,163,283,138,139,360,469,465,1279,8262,5246,332,35,1405,0,0
2021-03-03T23:59:59+01:00,86,138,321,444,354,774,310,863,299,543,259,229,732,886,1004,2397,34,56,188,239,216,453,188,535,163,277,138,136,359,466,462,1276,8113,5216,317,30,1312,0,0
2021-03-02T23:59:59+01:00,82,135,313,434,344,760,302,845,293,518,249,225,709,865,958,2336,33,56,188,239,216,445,184,530,161,275,137,136,358,461,462,1268,7927,5178,302,30,1239,0,0
2021-03-01T23:59:59+01:00,80,132,309,422,337,745,295,819,287,490,248,219,690,839,901,2262,33,55,187,238,213,437,183,523,160,271,137,136,357,457,458,1263,7741,5136,288,30,1144,0,0
2021-02-28T23:59:59+01:00,80,130,304,415,334,734,295,796,282,471,244,214,685,835,894,2255,33,55,185,237,213,437,183,523,160,271,136,136,357,454,458,1262,7711,5128,279,30,1075,0,0
2021-02-27T23:59:59+01:00,77,121,300,406,330,733,291,782,279,461,240,212,678,823,884,2238,33,55,185,236,213,436,182,522,159,270,136,136,357,454,458,1262,7657,5127,270,25,1023,0,0
2021-02-26T23:59:59+01:00,75,116,294,387,303,701,273,756,270,441,238,210,661,799,874,2207,33,55,185,235,213,434,181,520,157,268,136,136,357,454,458,1260,7568,5114,268,25,862,0,0
2021-02-25T23:59:59+01:00,68,103,282,371,297,670,265,731,259,420,230,207,650,782,858,2179,33,55,184,233,210,431,177,512,153,267,135,133,349,449,454,1256,7474,5071,257,17,733,0,0
2021-02-24T23:59:59+01:00,63,97,277,361,292,656,262,721,255,411,227,207,634,771,835,2146,32,55,183,231,207,418,176,504,151,262,134,131,345,448,453,1249,7382,5022,250,12,673,0,0
2021-02-23T23:59:59+01:00,58,87,268,352,282,636,256,706,250,403,223,205,623,755,819,2107,31,55,182,228,205,413,174,499,149,258,134,129,342,442,451,1241,7287,4979,241,9,591,0,0
2021-02-22T23:59:59+01:00,54,84,263,338,280,628,254,695,247,401,216,201,609,743,805,2080,31,53,178,225,199,399,168,490,144,255,132,128,336,439,448,1234,7204,4910,231,3,551,0,0
2021-02-21T23:59:59+01:00,50,82,262,332,278,618,249,686,242,398,215,200,605,739,800,2075,31,52,177,223,199,397,167,480,144,253,132,128,332,439,446,1226,7187,4876,226,3,505,0,0
2021-02-20T23:59:59+01:00,49,82,260,331,278,614,248,679,239,393,214,200,595,729,781,2054,31,52,177,223,199,397,167,480,143,252,132,128,331,439,445,1225,7128,4871,220,3,485,0,0
2021-02-19T23:59:59+01:00,48,82,254,326,273,587,241,659,235,382,211,196,584,717,766,2041,31,51,177,223,198,396,167,479,142,252,132,127,326,438,441,1218,7072,4848,214,3,399,0,0
2021-02-18T23:59:59+01:00,46,76,236,310,265,566,232,641,221,356,208,190,577,709,752,2025,31,50,175,217,197,387,163,465,141,245,130,123,313,430,427,1180,7020,4723,197,3,274,0,0
2021-02-17T23:59:59+01:00,46,74,231,305,263,552,227,629,219,339,204,187,562,703,738,1997,29,48,172,212,190,373,158,450,137,236,125,119,307,420,415,1160,6931,4597,192,3,232,0,0
2021-02-16T23:59:59+01:00,43,68,223,294,260,539,222,616,213,334,200,187,551,697,726,1979,27,48,163,203,181,354,154,437,133,225,124,114,287,396,398,1126,6868,4415,190,3,171,0,0
2021-02-15T23:59:59+01:00,42,67,217,291,252,527,220,610,210,326,199,186,541,693,722,1966,27,46,158,198,177,348,150,429,129,220,112,110,272,382,379,1080,6826,4262,184,3,136,0,0
2021-02-14T23:59:59+01:00,40,67,214,288,249,520,218,607,210,323,199,182,535,691,718,1955,26,45,157,196,173,343,150,416,128,218,112,107,265,376,370,1059,6810,4185,163,3,118,0,0
2021-02-13T23:59:59+01:00,39,67,214,288,248,520,218,606,210,323,199,182,534,690,718,1955,26,45,155,195,170,343,149,413,126,216,112,107,263,374,366,1054,6806,4160,163,1,117,0,0
2021-02-12T23:59:59+01:00,38,65,212,284,245,509,214,596,207,318,198,180,529,689,716,1949,26,44,153,193,169,342,146,411,126,214,111,104,262,364,348,1018,6783,4077,163,1,77,0,0
2021-02-11T23:59:59+01:00,37,63,204,266,238,491,205,572,196,304,196,178,523,676,701,1928,25,42,137,176,162,308,136,368,122,196,102,94,237,336,316,929,6721,3728,114,1,16,0,0
2021-02-10T23:59:59+01:00,37,63,199,261,236,485,203,564,193,299,194,178,519,673,696,1920,23,41,126,156,151,270,120,324,113,173,91,89,218,315,284,862,6681,3391,105,1,7,0,0
2021-02-09T23:59:59+01:00,36,61,197,258,235,472,199,559,189,297,192,174,518,667,693,1912,23,39,110,130,137,248,109,281,103,150,77,81,196,268,256,780,6641,3019,87,1,3,0,0
2021-02-08T23:59:59+01:00,36,61,196,254,228,457,197,548,186,292,189,174,512,664,690,1909,21,37,92,112,117,199,94,249,93,138,67,77,172,233,224,699,6590,2650,70,1,3,0,0
2021-02-07T23:59:59+01:00,36,60,193,252,228,455,197,546,186,292,189,174,511,661,690,1908,20,32,88,105,110,186,88,233,90,128,62,74,165,221,217,671,6579,2513,67,1,0,0,0
2021-02-06T23:59:59+01:00,36,60,193,252,228,454,197,545,185,292,189,174,511,661,689,1902,15,25,88,104,109,180,86,229,90,124,61,74,165,217,212,661,6576,2462,60,1,0,0,0
2021-02-05T23:59:59+01:00,36,60,193,252,228,453,196,543,183,291,189,174,511,661,683,1883,12,20,81,98,106,175,84,227,85,113,59,73,160,214,200,649,6562,2377,40,0,0,0,0
2021-02-04T23:59:59+01:00,35,60,193,250,223,449,192,537,181,288,189,171,509,656,680,1876,9,11,55,70,82,132,73,194,63,93,54,66,142,189,174,578,6515,2002,40,0,0,0,0
2021-02-03T23:59:59+01:00,35,57,193,248,222,437,188,531,181,285,189,169,503,655,675,1865,6,6,39,54,66,108,56,150,48,71,40,42,113,133,136,427,6464,1507,35,0,0,0,0
2021-02-02T23:59:59+01:00,34,57,192,245,219,431,186,526,179,282,187,168,497,649,670,1852,4,5,26,36,50,76,43,95,37,54,32,27,82,98,95,278,6404,1048,35,0,0,0,0
2021-02-01T23:59:59+01:00,33,54,190,245,215,426,183,520,175,274,187,165,492,646,667,1844,2,2,20,19,25,40,26,62,22,32,19,18,52,70,53,171,6346,640,35,0,0,0,0
2021-01-31T23:59:59+01:00,33,54,190,243,213,422,181,511,174,272,186,165,487,643,665,1835,2,2,18,14,16,35,18,48,15,27,18,14,42,62,52,150,6304,538,34,0,0,0,0
2021-01-30T23:59:59+01:00,33,54,190,243,213,422,180,511,174,272,186,165,486,643,665,1833,2,2,17,13,14,35,16,44,13,26,18,13,42,60,50,146,6301,515,33,0,0,0,0
2021-01-29T23:59:59+01:00,33,54,190,240,211,421,180,510,173,270,186,165,481,641,659,1829,2,0,15,9,8,29,16,39,10,22,18,13,40,59,50,143,6278,476,29,0,0,0,0
2021-01-28T23:59:59+01:00,33,53,186,238,211,414,179,502,171,267,185,164,469,637,649,1817,2,0,2,3,3,18,10,19,5,11,15,9,26,38,33,105,6217,299,21,0,0,0,0
2021-01-27T23:59:59+01:00,32,51,182,233,206,406,176,491,168,258,178,160,459,626,634,1794,0,0,1,3,3,15,9,18,4,11,14,8,21,32,27,81,6094,247,18,0,0,0,0
2021-01-26T23:59:59+01:00,29,51,178,221,199,392,173,473,165,251,177,156,444,611,616,1762,0,0,1,3,3,15,9,18,4,11,14,7,19,26,27,72,5941,229,14,0,0,0,0
2021-01-25T23:59:59+01:00,29,50,172,219,196,383,170,462,160,244,169,153,428,601,602,1733,0,0,1,3,2,13,8,15,4,10,14,6,15,25,23,67,5823,206,4,0,0,0,0
2021-01-24T23:59:59+01:00,28,49,171,216,194,382,169,460,160,244,169,153,425,598,601,1730,0,0,1,3,2,13,8,15,4,10,14,6,15,25,22,66,5801,204,3,0,0,0,0
2021-01-23T23:59:59+01:00,28,49,171,216,192,382,169,460,160,244,169,153,425,598,597,1725,0,0,1,3,2,13,8,15,4,10,14,6,15,25,22,66,5790,204,3,0,0,0,0
2021-01-22T23:59:59+01:00,28,48,169,212,191,382,169,459,160,244,169,152,424,596,582,1698,0,0,1,3,2,13,8,15,4,10,14,6,15,25,22,66,5735,204,3,0,0,0,0
2021-01-21T23:59:59+01:00,28,47,160,204,185,364,163,439,159,232,161,148,403,574,561,1672,0,0,1,3,0,7,7,11,3,5,13,6,13,19,20,53,5550,161,3,0,0,0,0
2021-01-20T23:59:59+01:00,27,46,145,181,172,321,139,388,147,210,150,137,373,541,515,1539,0,0,1,3,0,7,7,11,3,4,13,5,13,18,16,51,5075,152,3,0,0,0,0
2021-01-19T23:59:59+01:00,25,45,125,151,154,289,131,346,135,190,123,118,323,474,461,1366,0,0,1,3,0,6,5,7,1,3,7,2,6,14,9,34,4493,98,2,0,0,0,0
2021-01-18T23:59:59+01:00,22,41,106,139,130,240,119,301,118,164,99,108,269,396,375,1143,0,0,1,1,0,3,4,5,0,3,0,1,1,4,5,19,3805,47,2,0,0,0,0
2021-01-17T23:59:59+01:00,21,30,102,126,121,224,112,274,112,155,92,97,257,371,343,1083,0,0,0,0,0,1,2,4,0,1,0,1,1,2,1,4,3549,17,2,0,0,0,0
2021-01-16T23:59:59+01:00,17,24,99,124,119,217,109,265,109,148,91,97,255,363,334,1065,0,0,0,0,0,0,0,0,0,0,0,0,0,0,0,1,3466,1,0,0,0,0,0
2021-01-15T23:59:59+01:00,13,22,95,116,117,209,106,259,108,135,87,95,250,354,317,1041,0,0,0,0,0,0,0,0,0,0,0,0,0,0,0,1,3352,1,0,0,0,0,0
2021-01-14T23:59:59+01:00,10,13,69,86,99,170,89,219,90,117,75,82,216,319,276,897,0,0,0,0,0,0,0,0,0,0,0,0,0,0,0,0,2849,0,0,0,0,0,0
2021-01-13T23:59:59+01:00,7,10,58,76,90,143,79,180,79,95,59,59,169,215,234,698,0,0,0,0,0,0,0,0,0,0,0,0,0,0,0,0,2269,0,0,0,0,0,0
2021-01-12T23:59:59+01:00,6,10,49,58,73,110,68,130,64,74,44,40,125,159,169,481,0,0,0,0,0,0,0,0,0,0,0,0,0,0,0,0,1675,0,0,0,0,0,0
2021-01-11T23:59:59+01:00,3,8,44,45,61,81,52,103,49,56,28,24,70,110,93,269,0,0,0,0,0,0,0,0,0,0,0,0,0,0,0,0,1107,0,0,0,0,0,0
2021-01-10T23:59:59+01:00,2,7,38,33,45,65,36,81,39,47,25,19,58,99,90,229,0,0,0,0,0,0,0,0,0,0,0,0,0,0,0,0,921,0,0,0,0,0,0
2021-01-09T23:59:59+01:00,2,6,35,31,39,63,34,72,34,44,25,19,58,98,88,228,0,0,0,0,0,0,0,0,0,0,0,0,0,0,0,0,882,0,0,0,0,0,0
2021-01-08T23:59:59+01:00,2,4,28,25,32,57,27,61,31,38,24,18,55,95,86,222,0,0,0,0,0,0,0,0,0,0,0,0,0,0,0,0,810,0,0,0,0,0,0
2021-01-07T23:59:59+01:00,2,2,8,3,5,20,12,28,11,19,21,12,41,61,57,163,0,0,0,0,0,0,0,0,0,0,0,0,0,0,0,0,465,0,0,0,0,0,0
2021-01-06T23:59:59+01:00,2,0,2,3,3,17,9,19,6,14,18,11,35,50,49,132,0,0,0,0,0,0,0,0,0,0,0,0,0,0,0,0,370,0,0,0,0,0,0
2021-01-05T23:59:59+01:00,1,0,1,3,3,15,9,18,6,13,18,10,34,49,46,125,0,0,0,0,0,0,0,0,0,0,0,0,0,0,0,0,351,0,0,0,0,0,0
2021-01-04T23:59:59+01:00,0,0,1,3,3,14,8,16,6,12,17,8,24,38,35,101,0,0,0,0,0,0,0,0,0,0,0,0,0,0,0,0,286,0,0,0,0,0,0
2021-01-03T23:59:59+01:00,0,0,1,3,3,14,8,16,6,12,17,8,24,38,35,100,0,0,0,0,0,0,0,0,0,0,0,0,0,0,0,0,285,0,0,0,0,0,0
2021-01-02T23:59:59+01:00,0,0,1,3,3,14,8,16,6,12,17,8,24,38,35,100,0,0,0,0,0,0,0,0,0,0,0,0,0,0,0,0,285,0,0,0,0,0,0
2021-01-01T23:59:59+01:00,0,0,1,3,3,14,8,16,6,12,17,8,24,38,35,100,0,0,0,0,0,0,0,0,0,0,0,0,0,0,0,0,285,0,0,0,0,0,0
2020-12-31T23:59:59+01:00,0,0,1,3,3,14,8,16,6,12,17,8,24,38,35,100,0,0,0,0,0,0,0,0,0,0,0,0,0,0,0,0,285,0,0,0,0,0,0
2020-12-30T23:59:59+01:00,0,0,1,3,3,14,8,16,6,12,17,8,24,38,35,100,0,0,0,0,0,0,0,0,0,0,0,0,0,0,0,0,285,0,0,0,0,0,0
2020-12-29T23:59:59+01:00,0,0,1,3,2,10,6,11,4,10,11,5,18,32,25,80,0,0,0,0,0,0,0,0,0,0,0,0,0,0,0,0,218,0,0,0,0,0,0
2020-12-28T23:59:59+01:00,0,0,1,1,1,2,4,6,3,5,7,2,4,12,14,40,0,0,0,0,0,0,0,0,0,0,0,0,0,0,0,0,102,0,0,0,0,0,0
2020-12-27T23:59:59+01:00,0,0,0,0,0,1,2,6,0,2,0,1,3,4,2,13,0,0,0,0,0,0,0,0,0,0,0,0,0,0,0,0,34,0,0,0,0,0,0
