Datum,<15_m,<15_w,15-24_1_m,15-24_1_w,25-34_1_m,25-34_1_w,35-44_1_m,35-44_1_w,45-54_1_m,45-54_1_w,55-64_1_m,55-64_1_w,65-74_1_m,65-74_1_w,75-84_1_m,75-84_1_w,>84_1_m,>84_1_w,<24_2_m,<24_2_w,25-34_2_m,25-34_2_w,35-44_2_m,35-44_2_w,45-54_2_m,45-54_2_w,55-64_2_m,55-64_2_w,65-74_2_m,65-74_2_w,75-84_2_m,75-84_2_w,>84_2_m,>84_2_w,bp_1,bp_2,mo_1,mo_2,az_1,az_2,ja,unb_1,unb_2
2021-08-13T23:59:59+02:00,119,132,2878,2641,7897,5676,7790,5358,6977,7423,5184,5546,2636,2751,3184,3244,2732,5161,2179,1990,6495,4711,6744,4596,6100,6503,4483,4922,2053,2336,2352,2537,1971,3836,52716,42310,7956,6630,9419,7375,8087,31,27
2021-08-12T23:59:59+02:00,116,128,2865,2633,7867,5656,7761,5340,6959,7401,5173,5533,2635,2751,3182,3244,2732,5161,2144,1958,6411,4663,6693,4561,6061,6453,4458,4891,2049,2335,2348,2537,1971,3836,52623,41998,7951,6604,9418,7364,7994,31,27
2021-08-11T23:59:59+02:00,113,125,2847,2620,7829,5632,7734,5327,6939,7387,5165,5518,2633,2748,3182,3243,2732,5161,2113,1932,6327,4613,6619,4514,6010,6397,4436,4850,2041,2326,2347,2535,1971,3835,52495,41593,7942,6570,9416,7358,7931,31,27
2021-08-10T23:59:59+02:00,113,124,2833,2607,7790,5615,7711,5316,6911,7372,5153,5513,2630,2748,3182,3241,2732,5160,2058,1902,6215,4559,6532,4452,5923,6328,4396,4829,2035,2318,2345,2534,1971,3834,52388,41055,7934,6552,9416,7343,7862,31,27
2021-08-09T23:59:59+02:00,112,124,2817,2603,7762,5594,7686,5306,6891,7357,5143,5503,2629,2747,3182,3241,2732,5159,2020,1873,6122,4498,6438,4409,5859,6277,4368,4797,2029,2309,2344,2532,1971,3834,52312,40651,7927,6501,9416,7324,7782,31,27
2021-08-08T23:59:59+02:00,112,123,2801,2595,7741,5581,7668,5294,6881,7347,5137,5500,2626,2747,3182,3241,2732,5159,1999,1854,6064,4457,6384,4383,5823,6254,4355,4784,2020,2304,2342,2531,1971,3834,52248,40426,7926,6462,9413,7318,7729,31,27
2021-08-07T23:59:59+02:00,111,122,2794,2589,7713,5569,7650,5287,6873,7338,5133,5495,2624,2747,3182,3241,2732,5159,1961,1834,5984,4407,6324,4349,5788,6215,4339,4770,2017,2303,2342,2528,1971,3834,52187,40107,7922,6434,9413,7309,7686,31,27
2021-08-06T23:59:59+02:00,110,121,2782,2579,7684,5556,7621,5265,6852,7316,5123,5482,2621,2745,3182,3240,2732,5159,1925,1791,5885,4335,6251,4311,5744,6172,4321,4750,2015,2300,2341,2525,1971,3834,52133,39760,7903,6404,9413,7297,7570,31,27
2021-08-05T23:59:59+02:00,108,120,2753,2563,7652,5534,7584,5243,6832,7295,5105,5458,2618,2743,3180,3237,2732,5158,1879,1742,5757,4235,6138,4255,5680,6110,4285,4707,2009,2293,2339,2523,1971,3834,51992,39291,7896,6311,9411,7240,7465,31,27
2021-08-04T23:59:59+02:00,105,117,2689,2538,7571,5498,7536,5216,6800,7261,5088,5445,2612,2740,3178,3236,2732,5158,1803,1710,5622,4161,6004,4204,5613,6046,4256,4666,1998,2287,2334,2520,1971,3833,51785,38810,7880,6259,9410,7207,7294,31,27
2021-08-03T23:59:59+02:00,102,117,2668,2518,7541,5483,7501,5199,6776,7237,5077,5433,2608,2738,3177,3233,2732,5158,1771,1680,5531,4095,5904,4154,5545,5991,4217,4627,1993,2283,2333,2518,1971,3833,51638,38354,7875,6219,9408,7185,7226,31,27
2021-08-02T23:59:59+02:00,102,117,2647,2498,7500,5459,7475,5190,6753,7223,5059,5424,2606,2734,3176,3232,2731,5158,1744,1653,5415,4011,5799,4091,5479,5942,4169,4595,1987,2270,2332,2513,1970,3832,51499,37827,7867,6184,9408,7166,7158,31,27
2021-08-01T23:59:59+02:00,101,115,2631,2485,7468,5437,7462,5177,6742,7214,5053,5418,2604,2733,3174,3232,2731,5158,1726,1636,5342,3971,5736,4048,5436,5920,4151,4577,1985,2267,2330,2510,1970,3832,51407,37559,7854,6153,9407,7141,7113,31,27
2021-07-31T23:59:59+02:00,99,114,2625,2478,7452,5429,7455,5172,6738,7205,5052,5417,2602,2733,3174,3232,2731,5158,1688,1592,5246,3909,5675,4002,5385,5886,4123,4552,1982,2264,2330,2509,1970,3832,51370,37097,7849,6139,9407,7137,7086,31,27
2021-07-30T23:59:59+02:00,97,111,2614,2469,7429,5417,7442,5152,6719,7193,5045,5410,2601,2732,3174,3231,2731,5158,1670,1576,5165,3869,5611,3946,5326,5840,4098,4535,1978,2262,2329,2506,1970,3832,51294,36750,7843,6114,9407,7129,7027,31,27
2021-07-29T23:59:59+02:00,96,110,2584,2452,7373,5376,7400,5108,6693,7155,5022,5388,2600,2728,3172,3230,2731,5158,1630,1548,5045,3773,5482,3878,5242,5755,4052,4480,1971,2253,2326,2504,1969,3832,51100,36196,7828,6061,9402,7092,6890,31,27
2021-07-28T23:59:59+02:00,95,108,2565,2440,7335,5338,7371,5085,6670,7133,5007,5379,2597,2727,3170,3227,2730,5157,1593,1504,4945,3700,5372,3815,5150,5681,4016,4446,1959,2245,2324,2502,1969,3831,50917,35641,7818,6008,9400,7054,6843,31,27
2021-07-27T23:59:59+02:00,92,106,2552,2425,7289,5317,7335,5068,6650,7114,4996,5368,2596,2726,3170,3226,2729,5157,1551,1476,4808,3620,5246,3738,5060,5611,3974,4397,1953,2232,2323,2499,1968,3831,50791,35066,7800,5926,9399,7018,6770,31,27
2021-07-26T23:59:59+02:00,91,103,2526,2410,7260,5299,7301,5053,6626,7095,4992,5357,2593,2726,3169,3226,2729,5157,1516,1423,4673,3561,5137,3674,4986,5537,3920,4362,1949,2218,2322,2493,1968,3830,50662,34522,7781,5855,9397,6969,6715,31,27
2021-07-25T23:59:59+02:00,89,100,2511,2393,7224,5279,7268,5040,6606,7074,4983,5352,2591,2723,3168,3225,2729,5156,1496,1397,4619,3520,5085,3645,4940,5498,3890,4340,1946,2214,2321,2493,1968,3830,50520,34261,7772,5824,9394,6938,6667,31,27
2021-07-24T23:59:59+02:00,89,100,2496,2386,7193,5267,7245,5029,6590,7060,4975,5348,2590,2720,3168,3225,2729,5156,1476,1378,4574,3500,5011,3601,4899,5474,3869,4333,1945,2212,2320,2491,1968,3829,50449,34072,7750,5740,9394,6938,6614,31,27
2021-07-23T23:59:59+02:00,87,98,2467,2364,7140,5243,7215,5008,6558,7036,4954,5340,2588,2717,3166,3225,2729,5156,1422,1347,4440,3407,4876,3525,4826,5407,3822,4301,1944,2204,2319,2487,1967,3829,50282,33453,7745,5713,9392,6918,6512,31,27
2021-07-22T23:59:59+02:00,85,95,2433,2337,7057,5208,7164,4970,6510,6992,4922,5318,2582,2714,3163,3224,2729,5154,1363,1310,4283,3337,4725,3452,4678,5328,3740,4253,1932,2195,2315,2485,1967,3828,49975,32836,7728,5569,9383,6850,6407,31,27
2021-07-21T23:59:59+02:00,84,90,2403,2320,6993,5175,7108,4931,6451,6955,4902,5293,2575,2709,3162,3221,2729,5152,1335,1270,4161,3257,4585,3393,4570,5223,3670,4211,1920,2183,2312,2484,1967,3826,49728,32380,7682,5361,9377,6789,6301,31,27
2021-07-20T23:59:59+02:00,83,89,2385,2295,6940,5144,7072,4902,6414,6915,4873,5276,2572,2705,3162,3221,2729,5152,1301,1242,4046,3193,4500,3346,4481,5144,3616,4180,1918,2174,2311,2483,1967,3825,49490,31930,7672,5291,9375,6739,6226,31,27
2021-07-19T23:59:59+02:00,82,89,2364,2271,6890,5109,7024,4882,6378,6883,4853,5261,2568,2701,3161,3217,2729,5151,1281,1220,3973,3147,4418,3312,4403,5082,3582,4157,1914,2168,2307,2480,1966,3825,49227,31634,7662,5175,9374,6696,6183,31,27
2021-07-18T23:59:59+02:00,82,87,2338,2244,6827,5072,6985,4853,6342,6845,4837,5251,2561,2695,3159,3217,2728,5150,1265,1200,3930,3108,4379,3283,4354,5062,3547,4143,1909,2158,2306,2480,1966,3823,48936,31439,7647,5103,9370,6671,6151,31,26
2021-07-17T23:59:59+02:00,80,83,2323,2230,6809,5059,6966,4838,6322,6830,4818,5240,2557,2694,3159,3216,2728,5149,1256,1188,3897,3074,4338,3264,4315,5030,3519,4131,1903,2155,2306,2478,1966,3823,48827,31284,7640,5050,9370,6664,6095,31,26
2021-07-16T23:59:59+02:00,80,80,2285,2204,6748,5026,6907,4804,6279,6788,4787,5211,2550,2689,3157,3215,2728,5149,1218,1167,3797,3025,4245,3221,4229,4971,3458,4083,1889,2145,2300,2476,1966,3822,48650,30945,7615,5023,9359,6595,5893,31,26
2021-07-15T23:59:59+02:00,78,75,2242,2175,6673,4991,6847,4763,6229,6737,4770,5184,2547,2684,3155,3212,2728,5149,1172,1135,3601,2915,4069,3117,4081,4873,3396,4021,1880,2136,2298,2471,1966,3822,48323,30264,7598,4808,9353,6528,5792,31,26
2021-07-14T23:59:59+02:00,77,73,2206,2158,6603,4956,6773,4730,6175,6693,4749,5163,2540,2678,3152,3210,2728,5149,1124,1099,3489,2830,3968,3055,3978,4803,3353,3976,1868,2128,2297,2468,1966,3822,48014,29800,7583,4714,9351,6456,5690,31,26
2021-07-13T23:59:59+02:00,74,68,2175,2129,6549,4925,6710,4694,6137,6647,4728,5146,2532,2673,3150,3210,2728,5149,1091,1068,3392,2753,3844,2989,3890,4716,3299,3915,1841,2121,2294,2463,1965,3820,47702,29325,7578,4581,9350,6364,5619,30,26
2021-07-12T23:59:59+02:00,69,67,2148,2107,6481,4882,6642,4650,6088,6609,4702,5119,2527,2670,3147,3209,2728,5149,1061,1048,3296,2678,3733,2926,3787,4634,3251,3867,1830,2110,2289,2453,1965,3820,47366,28887,7569,4465,9346,6284,5536,30,25
2021-07-11T23:59:59+02:00,65,66,2139,2093,6447,4866,6612,4629,6058,6592,4693,5111,2524,2665,3145,3209,2727,5149,1052,1032,3258,2638,3675,2897,3735,4607,3228,3853,1821,2098,2286,2449,1965,3820,47261,28715,7548,4433,9344,6228,5459,30,25
2021-07-10T23:59:59+02:00,64,65,2116,2065,6369,4820,6550,4595,6011,6555,4668,5100,2521,2662,3145,3206,2727,5148,1037,1015,3206,2598,3630,2867,3695,4577,3212,3841,1815,2091,2286,2447,1965,3820,47017,28547,7529,4432,9329,6212,5331,30,25
2021-07-09T23:59:59+02:00,63,63,2094,2044,6299,4780,6501,4571,5962,6521,4650,5079,2519,2657,3144,3205,2727,5148,1018,1000,3153,2553,3579,2834,3646,4542,3186,3814,1813,2077,2284,2446,1965,3820,46792,28344,7497,4403,9323,6161,5230,30,25
2021-07-08T23:59:59+02:00,59,60,2041,1997,6203,4717,6399,4516,5895,6457,4616,5046,2512,2648,3141,3201,2727,5148,946,949,2991,2467,3387,2762,3473,4449,3114,3746,1796,2061,2282,2437,1964,3819,46473,27863,7421,4118,9289,6041,5012,30,25
2021-07-07T23:59:59+02:00,59,59,1973,1954,6081,4643,6295,4462,5823,6400,4583,4998,2506,2638,3136,3197,2727,5148,895,917,2843,2392,3219,2686,3317,4343,3058,3682,1778,2034,2274,2429,1964,3817,45981,27326,7376,3880,9270,5962,4863,30,25
2021-07-06T23:59:59+02:00,57,59,1930,1919,5975,4589,6205,4421,5769,6331,4539,4962,2500,2632,3133,3193,2727,5148,858,882,2733,2295,3128,2626,3243,4252,3001,3628,1753,2003,2270,2423,1964,3817,45544,26833,7335,3779,9257,5881,4760,30,25
2021-07-05T23:59:59+02:00,55,59,1861,1873,5834,4515,6093,4383,5699,6277,4497,4925,2496,2625,3131,3191,2727,5146,814,842,2629,2221,3051,2578,3166,4181,2952,3573,1733,1984,2263,2414,1963,3814,45073,26459,7296,3710,9233,5797,4587,30,25
2021-07-04T23:59:59+02:00,55,58,1819,1838,5756,4474,6048,4354,5659,6257,4479,4904,2494,2623,3131,3189,2727,5145,776,818,2571,2172,3014,2554,3136,4148,2929,3551,1718,1961,2260,2413,1962,3814,44874,26324,7260,3655,9207,5720,4470,30,25
2021-07-03T23:59:59+02:00,53,47,1721,1764,5548,4321,5901,4266,5573,6167,4432,4868,2492,2620,3131,3185,2727,5145,737,794,2506,2126,2964,2533,3098,4103,2899,3523,1712,1954,2259,2409,1962,3812,44063,26153,7229,3653,9200,5692,4264,30,25
2021-07-02T23:59:59+02:00,47,39,1684,1723,5472,4277,5855,4232,5552,6142,4420,4850,2491,2614,3130,3184,2726,5145,717,769,2437,2078,2894,2492,3054,4055,2870,3483,1694,1937,2255,2403,1962,3810,43790,25871,7198,3627,9195,5593,4190,30,25
2021-07-01T23:59:59+02:00,41,33,1637,1689,5367,4212,5771,4185,5476,6071,4392,4821,2488,2610,3129,3183,2726,5144,649,732,2252,2006,2711,2408,2883,3942,2772,3395,1668,1913,2246,2391,1961,3808,43395,25131,7139,3424,9180,5492,4049,30,25
2021-06-30T23:59:59+02:00,41,31,1589,1642,5256,4128,5673,4141,5417,6024,4380,4797,2484,2603,3127,3180,2726,5144,614,697,2152,1941,2600,2356,2774,3855,2711,3320,1648,1884,2238,2379,1960,3807,42985,24674,7081,3310,9164,5369,3938,30,25
2021-06-29T23:59:59+02:00,40,28,1536,1566,5154,4040,5581,4087,5363,5964,4353,4769,2480,2599,3126,3179,2726,5143,587,657,2076,1864,2523,2292,2675,3739,2649,3270,1632,1850,2226,2366,1959,3804,42479,24195,7052,3236,9156,5260,3827,30,25
2021-06-28T23:59:59+02:00,38,26,1502,1509,5042,3981,5518,4034,5318,5921,4325,4744,2476,2591,3125,3177,2726,5143,571,634,1981,1802,2446,2237,2604,3657,2604,3223,1614,1832,2219,2360,1959,3801,42089,23882,6992,3099,9145,5165,3745,30,25
2021-06-27T23:59:59+02:00,38,25,1473,1483,4993,3941,5472,4004,5278,5902,4314,4735,2474,2587,3125,3176,2726,5143,552,617,1930,1759,2411,2218,2560,3619,2574,3206,1605,1820,2218,2350,1959,3801,41909,23741,6955,3045,9127,5086,3673,30,25
2021-06-26T23:59:59+02:00,30,20,1442,1456,4925,3895,5380,3959,5240,5869,4293,4721,2474,2585,3125,3174,2726,5143,546,608,1898,1739,2376,2200,2539,3597,2554,3186,1584,1810,2217,2348,1959,3801,41555,23529,6875,3042,9127,5062,3673,29,25
2021-06-25T23:59:59+02:00,24,12,1410,1418,4819,3823,5328,3931,5205,5844,4268,4710,2470,2583,3123,3173,2726,5143,537,583,1852,1717,2317,2135,2444,3458,2510,3087,1576,1789,2213,2344,1957,3800,41141,23085,6843,3016,9126,4884,3671,29,25
2021-06-24T23:59:59+02:00,17,11,1361,1371,4640,3713,5204,3880,5113,5804,4226,4679,2466,2580,3123,3172,2725,5143,498,561,1741,1652,2150,2071,2284,3380,2402,2993,1543,1766,2204,2339,1956,3797,40520,22584,6792,2710,9119,4802,3564,29,25
2021-06-23T23:59:59+02:00,17,11,1331,1338,4557,3663,5122,3832,5060,5759,4202,4644,2456,2573,3119,3170,2724,5143,464,544,1676,1596,2050,2023,2169,3287,2305,2903,1520,1742,2198,2332,1955,3795,40104,22054,6741,2637,9114,4658,3529,29,25
2021-06-22T23:59:59+02:00,16,11,1305,1319,4484,3602,5041,3788,5016,5713,4176,4618,2452,2567,3119,3169,2723,5143,450,526,1620,1557,1969,1971,2090,3179,2205,2813,1508,1718,2189,2320,1955,3791,39708,21643,6697,2522,9111,4505,3505,29,24
2021-06-21T23:59:59+02:00,16,11,1278,1280,4374,3522,4961,3743,4953,5651,4149,4600,2448,2554,3118,3164,2722,5141,434,512,1586,1524,1935,1930,2040,3101,2142,2735,1486,1683,2168,2297,1955,3787,39205,21361,6654,2430,9109,4362,3472,29,24
2021-06-20T23:59:59+02:00,16,9,1255,1250,4306,3463,4919,3727,4918,5631,4126,4588,2445,2552,3117,3164,2721,5141,418,498,1553,1495,1911,1907,2009,3077,2094,2696,1479,1669,2166,2291,1955,3786,38938,21185,6625,2392,9097,4299,3437,29,23
2021-06-19T23:59:59+02:00,15,9,1244,1231,4266,3434,4899,3703,4886,5608,4109,4579,2442,2550,3117,3163,2720,5141,413,494,1536,1478,1894,1881,1996,3054,2071,2662,1471,1661,2163,2290,1953,3785,38780,21036,6564,2363,9097,4290,3418,29,23
2021-06-18T23:59:59+02:00,11,6,1227,1211,4200,3395,4850,3666,4837,5570,4085,4567,2438,2546,3116,3161,2720,5141,402,484,1515,1461,1869,1849,1951,3005,2018,2603,1457,1647,2163,2285,1952,3782,38470,20731,6518,2360,9097,4248,3404,29,23
2021-06-17T23:59:59+02:00,9,6,1184,1178,4043,3326,4666,3594,4668,5483,4026,4523,2432,2543,3116,3160,2719,5141,370,467,1419,1428,1696,1787,1792,2912,1921,2525,1434,1625,2152,2273,1950,3780,37886,20276,6459,2256,9090,4171,3122,27,23
2021-06-16T23:59:59+02:00,9,6,1161,1146,3945,3244,4571,3545,4564,5417,3981,4493,2424,2539,3115,3156,2718,5140,355,447,1361,1391,1636,1756,1712,2832,1860,2454,1419,1599,2140,2260,1950,3776,37417,19886,6341,2188,9081,4095,3070,27,23
2021-06-15T23:59:59+02:00,9,6,1129,1114,3811,3165,4503,3490,4489,5344,3941,4462,2416,2532,3110,3154,2718,5139,345,424,1312,1345,1590,1715,1644,2774,1791,2386,1402,1571,2135,2246,1949,3775,36888,19570,6307,2103,9069,4023,2995,27,23
2021-06-14T23:59:59+02:00,9,4,1103,1083,3721,3117,4419,3433,4412,5275,3889,4429,2412,2522,3110,3150,2717,5138,336,411,1274,1314,1545,1684,1598,2718,1733,2335,1391,1546,2130,2239,1948,3773,36438,19332,6219,2036,9064,3946,2944,26,23
2021-06-13T23:59:59+02:00,9,4,1088,1069,3672,3077,4363,3391,4363,5238,3871,4415,2411,2516,3109,3149,2717,5136,331,404,1242,1298,1511,1660,1555,2683,1698,2296,1377,1525,2124,2228,1948,3771,36186,19154,6184,2015,9059,3872,2888,26,23
2021-06-12T23:59:59+02:00,9,3,1071,1048,3645,3051,4335,3371,4347,5224,3855,4405,2408,2513,3108,3148,2717,5135,327,403,1235,1282,1489,1641,1529,2664,1654,2275,1367,1515,2112,2226,1948,3771,36002,19001,6172,2015,9059,3818,2877,26,23
2021-06-11T23:59:59+02:00,8,3,1055,1037,3608,3009,4260,3344,4310,5191,3830,4394,2407,2509,3107,3146,2717,5134,318,391,1214,1249,1465,1622,1484,2615,1598,2229,1357,1500,2110,2221,1948,3770,35725,18755,6145,2007,9056,3743,2855,26,23
2021-06-10T23:59:59+02:00,7,3,999,996,3498,2934,4131,3265,4210,5123,3775,4360,2404,2501,3105,3144,2716,5134,303,379,1156,1216,1400,1564,1420,2545,1515,2125,1325,1468,2105,2211,1947,3767,35164,18335,6016,2000,9039,3590,2784,26,23
2021-06-09T23:59:59+02:00,7,1,950,966,3373,2840,3993,3208,4118,5044,3732,4318,2400,2495,3102,3141,2716,5134,285,363,1095,1182,1334,1539,1359,2465,1440,2053,1300,1411,2098,2198,1946,3764,34684,18023,5850,1948,9036,3462,2657,26,23
2021-06-08T23:59:59+02:00,6,1,901,928,3246,2757,3871,3122,4020,4962,3676,4291,2393,2490,3099,3138,2715,5132,272,345,1051,1143,1279,1508,1307,2408,1395,1980,1276,1379,2087,2180,1943,3760,34141,17793,5715,1903,9026,3329,2544,26,22
2021-06-07T23:59:59+02:00,5,1,873,902,3142,2684,3739,3087,3896,4889,3627,4264,2379,2485,3098,3136,2715,5130,263,338,1005,1105,1225,1487,1261,2355,1327,1927,1262,1359,2073,2163,1942,3752,33767,17626,5537,1868,9020,3202,2398,26,22
2021-06-06T23:59:59+02:00,5,1,854,892,3085,2644,3654,3043,3827,4860,3595,4251,2376,2479,3096,3135,2713,5129,256,325,991,1080,1194,1459,1239,2298,1297,1868,1246,1344,2066,2156,1940,3749,33556,17522,5408,1820,9014,3089,2323,26,22
2021-06-05T23:59:59+02:00,5,1,842,876,3015,2587,3610,3015,3790,4838,3582,4248,2375,2477,3096,3134,2713,5128,251,318,975,1060,1173,1440,1215,2272,1263,1847,1229,1321,2063,2152,1940,3749,33293,17364,5403,1817,9008,3042,2287,26,22
2021-06-04T23:59:59+02:00,3,1,820,860,2964,2539,3535,2974,3722,4787,3555,4231,2371,2474,3093,3134,2713,5128,241,311,956,1032,1153,1426,1182,2240,1233,1814,1212,1298,2055,2147,1940,3747,32975,17214,5358,1812,9006,2984,2218,26,22
2021-06-03T23:59:59+02:00,3,1,776,830,2816,2447,3358,2871,3547,4672,3465,4159,2363,2464,3089,3129,2713,5128,230,298,928,1000,1100,1375,1118,2150,1174,1752,1176,1252,2045,2133,1940,3745,32312,16999,5131,1797,8992,2821,2032,26,22
2021-06-02T23:59:59+02:00,3,1,749,824,2746,2374,3296,2821,3487,4607,3423,4133,2361,2460,3089,3128,2713,5128,218,294,908,973,1051,1346,1073,2106,1122,1703,1161,1215,2043,2130,1940,3745,31965,16789,5114,1783,8992,2785,1899,26,22
2021-06-01T23:59:59+02:00,3,1,704,796,2592,2267,3106,2722,3314,4495,3360,4075,2350,2452,3086,3122,2713,5128,205,281,833,929,955,1286,992,1993,1066,1632,1128,1159,2034,2118,1938,3740,31364,16515,4898,1745,8983,2595,1649,26,22
2021-05-31T23:59:59+02:00,3,1,671,775,2471,2188,2969,2635,3204,4398,3306,4027,2345,2439,3084,3119,2713,5127,191,269,787,890,890,1241,945,1916,1027,1574,1107,1130,2028,2113,1936,3738,30986,16347,4674,1731,8967,2464,1447,26,22
2021-05-30T23:59:59+02:00,3,1,661,765,2418,2140,2897,2599,3149,4355,3287,4005,2341,2435,3083,3118,2712,5125,182,253,750,854,840,1197,903,1853,1005,1522,1093,1114,2022,2103,1936,3736,30838,16253,4613,1721,8958,2309,1282,26,22
2021-05-29T23:59:59+02:00,3,1,659,763,2404,2124,2874,2588,3132,4337,3277,3996,2340,2434,3083,3118,2712,5125,179,244,744,844,822,1173,887,1802,992,1486,1079,1095,2021,2096,1935,3736,30717,16163,4611,1721,8956,2171,1281,26,22
2021-05-28T23:59:59+02:00,3,1,652,753,2375,2089,2830,2561,3107,4319,3265,3980,2340,2430,3081,3112,2712,5125,176,237,734,833,812,1153,877,1763,958,1444,1058,1066,2018,2088,1934,3734,30493,15991,4602,1719,8953,2096,1277,26,22
2021-05-27T23:59:59+02:00,3,1,609,735,2249,2038,2699,2490,2974,4245,3183,3927,2331,2416,3080,3110,2712,5122,163,221,671,785,737,1098,799,1665,893,1359,1036,1035,2004,2067,1933,3732,30022,15780,4473,1679,8922,1848,1083,26,21
2021-05-26T23:59:59+02:00,3,1,581,711,2153,1973,2541,2431,2850,4181,3128,3875,2320,2404,3075,3103,2709,5116,158,207,634,746,691,1062,754,1595,847,1304,1019,1007,1985,2034,1928,3726,29630,15553,4245,1667,8896,1715,952,26,21
2021-05-25T23:59:59+02:00,3,1,559,696,2071,1918,2441,2390,2744,4098,3079,3841,2307,2395,3072,3098,2708,5112,150,199,615,716,660,1029,709,1536,798,1243,998,985,1957,2000,1927,3722,29286,15333,4068,1631,8856,1582,888,25,20
2021-05-24T23:59:59+02:00,3,1,545,675,2018,1880,2367,2359,2677,4046,3027,3802,2295,2387,3066,3097,2705,5111,146,191,596,698,633,997,671,1476,775,1189,977,968,1951,1998,1922,3721,29108,15232,3902,1619,8822,1458,789,25,20
2021-05-23T23:59:59+02:00,3,1,542,673,2005,1869,2355,2346,2667,4033,3016,3787,2291,2384,3066,3095,2705,5111,145,190,592,692,626,993,655,1463,764,1181,972,962,1947,1994,1920,3717,29001,15154,3899,1613,8821,1448,787,25,20
2021-05-22T23:59:59+02:00,3,1,537,664,1982,1852,2324,2331,2643,4003,2989,3760,2283,2380,3064,3092,2705,5110,142,182,585,687,622,983,643,1457,759,1172,959,956,1939,1979,1920,3717,28782,15086,3898,1613,8819,1411,778,25,20
2021-05-21T23:59:59+02:00,3,1,525,648,1904,1822,2241,2286,2580,3954,2947,3713,2276,2367,3061,3091,2705,5109,142,179,580,680,610,974,631,1445,739,1152,942,929,1927,1973,1920,3716,28334,14988,3871,1612,8803,1350,775,25,20
2021-05-20T23:59:59+02:00,3,1,487,629,1773,1754,2114,2213,2460,3862,2864,3627,2257,2354,3052,3083,2703,5106,135,170,552,645,577,935,603,1389,708,1089,916,896,1915,1960,1918,3713,27685,14857,3756,1597,8731,1146,703,25,20
2021-05-19T23:59:59+02:00,3,1,447,594,1667,1681,1979,2148,2326,3765,2763,3534,2238,2336,3045,3078,2697,5105,122,162,525,625,545,901,574,1338,681,1029,896,875,1895,1930,1911,3708,26964,14683,3686,1577,8689,1050,585,25,20
2021-05-18T23:59:59+02:00,3,0,426,572,1594,1621,1883,2090,2214,3643,2668,3438,2226,2316,3037,3070,2696,5101,115,155,501,605,523,868,557,1262,663,967,880,848,1883,1911,1907,3701,26469,14552,3516,1538,8634,944,486,25,20
2021-05-17T23:59:59+02:00,3,0,406,560,1540,1586,1831,2039,2140,3534,2617,3365,2207,2297,3026,3062,2694,5096,110,147,481,591,514,833,544,1198,651,912,862,814,1878,1900,1906,3696,26171,14465,3370,1502,8571,846,394,25,19
2021-05-16T23:59:59+02:00,3,0,402,559,1513,1557,1801,2017,2099,3483,2559,3309,2193,2288,3023,3058,2694,5095,107,145,473,572,505,817,531,1148,631,870,833,785,1873,1896,1906,3695,25995,14408,3302,1467,8535,757,321,25,19
2021-05-15T23:59:59+02:00,3,0,397,555,1487,1540,1783,1998,2080,3461,2535,3272,2186,2288,3022,3056,2693,5095,107,142,471,571,505,816,526,1144,624,861,829,783,1869,1893,1906,3695,25800,14376,3302,1467,8530,749,316,24,19
2021-05-14T23:59:59+02:00,3,0,385,543,1458,1510,1743,1956,2001,3388,2485,3227,2176,2277,3019,3056,2691,5095,105,139,469,555,487,791,506,1113,610,845,816,769,1862,1884,1906,3694,25430,14317,3261,1451,8508,648,298,24,19
2021-05-13T23:59:59+02:00,2,0,364,527,1401,1461,1642,1914,1886,3302,2416,3139,2149,2259,3010,3051,2689,5089,100,136,458,547,477,776,500,1098,599,832,789,741,1847,1861,1905,3688,24995,14234,3046,1403,8457,608,271,24,17
2021-05-12T23:59:59+02:00,1,0,357,524,1383,1453,1625,1905,1865,3278,2402,3123,2146,2252,3004,3048,2689,5088,100,134,455,547,476,770,496,1094,596,826,781,727,1843,1854,1903,3688,24865,14182,3025,1394,8452,607,268,23,17
2021-05-11T23:59:59+02:00,1,0,338,504,1316,1418,1528,1868,1756,3181,2301,3047,2129,2225,2995,3037,2685,5087,94,124,440,520,457,744,476,1063,563,804,756,696,1831,1843,1901,3684,24459,14065,2859,1357,8342,519,213,23,17
2021-05-10T23:59:59+02:00,1,0,323,488,1278,1389,1477,1839,1692,3123,2243,2977,2117,2210,2986,3028,2684,5083,94,121,434,513,448,724,469,1039,558,781,742,678,1825,1836,1899,3680,24192,14000,2785,1349,8227,465,185,23,16
2021-05-09T23:59:59+02:00,1,0,318,478,1238,1370,1454,1823,1646,3087,2179,2932,2107,2196,2983,3022,2684,5078,91,118,425,504,440,718,459,1030,548,768,730,668,1818,1831,1898,3677,23966,13956,2732,1343,8180,417,162,23,15
2021-05-08T23:59:59+02:00,1,0,311,476,1229,1352,1425,1805,1616,3062,2129,2914,2100,2188,2981,3021,2682,5077,90,118,424,504,438,717,458,1025,548,762,727,667,1812,1821,1898,3677,23745,13939,2729,1335,8175,405,161,23,15
2021-05-07T23:59:59+02:00,1,0,301,469,1203,1326,1378,1785,1558,2999,2076,2866,2091,2178,2980,3016,2680,5072,87,115,412,491,428,690,445,990,525,736,721,643,1791,1807,1898,3673,23475,13869,2700,1310,8112,301,127,23,13
2021-05-06T23:59:59+02:00,1,0,284,456,1115,1289,1260,1722,1421,2888,1941,2774,2053,2146,2976,3003,2679,5068,85,109,399,477,417,674,433,968,506,717,709,626,1774,1791,1894,3666,22981,13795,2511,1289,7904,217,99,21,12
2021-05-05T23:59:59+02:00,1,0,269,442,1076,1264,1217,1686,1353,2823,1854,2692,2029,2114,2962,2988,2679,5057,85,105,391,468,412,662,426,957,499,699,688,613,1749,1769,1894,3663,22530,13709,2451,1266,7845,169,92,21,11
2021-05-04T23:59:59+02:00,1,0,261,432,1041,1241,1178,1665,1311,2776,1797,2627,2009,2081,2952,2974,2669,5044,81,102,384,457,409,657,417,938,490,680,671,592,1733,1743,1890,3663,22193,13613,2388,1234,7799,130,86,21,10
2021-05-03T23:59:59+02:00,1,0,257,424,1010,1218,1142,1648,1282,2742,1750,2590,1992,2052,2939,2965,2667,5038,77,96,372,451,401,649,413,930,482,673,655,581,1708,1715,1888,3659,21942,13511,2364,1225,7751,109,60,21,9
2021-05-02T23:59:59+02:00,1,0,251,422,997,1206,1114,1632,1256,2728,1735,2566,1985,2037,2934,2962,2665,5035,75,96,366,448,398,644,409,924,479,667,647,569,1686,1702,1888,3658,21816,13467,2347,1203,7713,96,45,21,9
2021-05-01T23:59:59+02:00,1,0,247,418,989,1198,1103,1623,1242,2715,1720,2547,1976,2031,2930,2958,2665,5035,75,96,366,447,397,644,408,920,479,666,645,569,1686,1702,1888,3658,21685,13460,2347,1203,7713,93,45,21,9
2021-04-30T23:59:59+02:00,1,0,245,412,979,1177,1082,1604,1204,2651,1658,2488,1962,2014,2924,2953,2664,5031,74,94,365,441,394,638,407,895,474,655,638,563,1683,1696,1888,3656,21372,13444,2342,1191,7709,68,14,21,8
2021-04-29T23:59:59+02:00,1,0,231,397,931,1154,1045,1568,1156,2597,1566,2415,1912,1968,2914,2942,2659,5019,74,93,359,440,389,633,401,884,463,644,623,552,1668,1684,1882,3650,20888,13369,2306,1164,7650,47,13,21,8
2021-04-28T23:59:59+02:00,1,0,220,394,917,1139,1015,1557,1121,2559,1498,2360,1872,1905,2902,2937,2657,5016,71,92,353,437,386,624,398,874,456,630,606,534,1650,1666,1882,3648,20580,13291,2261,1121,7596,34,12,21,8
2021-04-27T23:59:59+02:00,1,0,219,388,903,1126,1001,1545,1097,2534,1475,2332,1839,1862,2896,2930,2655,5012,69,89,351,434,384,619,396,870,450,625,599,523,1638,1643,1878,3645,20380,13230,2235,1093,7562,29,12,20,8
2021-04-26T23:59:59+02:00,1,0,216,381,894,1117,991,1532,1071,2516,1421,2282,1821,1841,2886,2919,2652,5006,69,89,347,430,384,618,392,867,446,619,590,511,1623,1628,1876,3641,20190,13186,2219,1055,7494,27,12,20,8
2021-04-25T23:59:59+02:00,1,0,216,380,886,1108,979,1524,1055,2497,1388,2248,1797,1818,2878,2912,2652,5005,68,88,346,425,381,617,390,863,444,618,587,505,1617,1618,1876,3639,20058,13167,2195,1035,7443,19,12,20,7
2021-04-24T23:59:59+02:00,1,0,212,376,875,1098,966,1510,1041,2479,1356,2225,1787,1794,2875,2906,2652,5005,68,88,346,425,380,617,390,861,443,615,586,502,1616,1615,1876,3639,19888,13160,2195,1026,7424,19,12,20,7
2021-04-23T23:59:59+02:00,1,0,208,370,864,1087,959,1500,1021,2460,1298,2177,1764,1767,2869,2900,2652,5002,67,86,346,425,380,616,389,858,440,611,579,494,1607,1606,1876,3634,19730,13134,2184,999,7328,19,12,20,7
2021-04-22T23:59:59+02:00,1,0,207,362,840,1068,935,1477,991,2418,1244,2113,1719,1716,2857,2880,2650,4993,67,85,344,420,374,608,386,848,435,606,569,486,1588,1592,1871,3629,19429,13062,2128,972,7252,12,12,20,7
2021-04-21T23:59:59+02:00,1,0,201,355,821,1053,911,1460,952,2381,1193,2065,1673,1650,2837,2859,2643,4985,65,83,341,418,373,605,383,843,432,599,564,480,1576,1570,1860,3624,19085,12992,2096,950,7193,12,12,20,7
2021-04-20T23:59:59+02:00,1,0,195,350,805,1029,893,1441,931,2328,1152,2013,1617,1583,2807,2833,2637,4970,64,83,339,417,369,601,378,837,432,592,557,472,1554,1538,1856,3620,18768,12909,2024,927,7123,11,12,20,7
2021-04-19T23:59:59+02:00,1,0,193,342,791,1018,879,1424,914,2296,1128,1979,1577,1537,2794,2819,2635,4965,64,82,338,415,364,596,374,828,427,581,553,466,1526,1512,1850,3607,18559,12815,2008,899,7054,8,11,19,7
2021-04-18T23:59:59+02:00,1,0,192,339,784,1009,868,1414,894,2277,1107,1959,1539,1498,2785,2812,2629,4959,63,80,337,414,364,596,373,823,426,578,550,460,1516,1506,1847,3605,18428,12785,1977,883,6982,8,11,19,7
2021-04-17T23:59:59+02:00,1,0,190,335,781,1006,862,1412,885,2272,1101,1951,1519,1472,2780,2804,2629,4959,63,77,335,409,363,596,371,819,426,575,545,454,1507,1498,1847,3602,18349,12736,1976,881,6954,8,11,19,7
2021-04-16T23:59:59+02:00,1,0,189,334,772,1000,849,1395,872,2250,1064,1911,1464,1405,2767,2789,2625,4952,58,75,332,402,362,594,366,807,419,561,520,424,1494,1476,1836,3589,18123,12629,1960,816,6875,7,11,18,6
2021-04-15T23:59:59+02:00,1,0,188,329,750,983,832,1383,847,2206,1023,1872,1414,1351,2738,2761,2610,4936,56,74,327,396,357,593,358,801,409,558,505,416,1461,1444,1824,3574,17849,12514,1944,769,6746,6,11,17,6
2021-04-14T23:59:59+02:00,1,0,187,323,741,976,825,1370,834,2172,1005,1843,1357,1305,2690,2696,2597,4920,54,70,323,393,353,589,355,793,400,544,489,398,1427,1413,1817,3555,17569,12380,1925,723,6660,6,11,16,6
2021-04-13T23:59:59+02:00,1,0,183,317,732,972,814,1359,823,2147,972,1815,1293,1233,2637,2638,2589,4905,52,70,320,390,345,583,348,785,392,536,476,390,1400,1391,1809,3544,17321,12283,1874,678,6547,5,11,15,6
2021-04-12T23:59:59+02:00,1,0,183,316,727,967,807,1347,797,2124,956,1794,1246,1197,2618,2608,2585,4891,51,66,310,383,340,577,343,777,386,529,459,380,1383,1378,1806,3536,17187,12195,1850,636,6437,5,11,13,6
2021-04-11T23:59:59+02:00,0,0,181,315,721,958,800,1342,785,2108,940,1777,1224,1167,2598,2586,2580,4884,50,64,305,381,338,575,342,773,381,521,454,371,1368,1373,1802,3529,17116,12143,1826,610,6331,4,11,13,6
2021-04-10T23:59:59+02:00,0,0,181,313,721,955,798,1341,778,2100,933,1771,1210,1153,2585,2570,2580,4884,45,59,282,368,323,560,328,761,366,511,441,364,1356,1354,1797,3523,17062,11966,1817,594,6301,4,10,13,6
2021-04-09T23:59:59+02:00,0,0,181,309,716,951,788,1318,770,2016,914,1689,1155,1083,2544,2541,2577,4876,38,57,267,354,305,548,309,747,353,495,424,355,1314,1325,1784,3509,16902,11738,1780,564,6051,4,8,11,5
2021-04-08T23:59:59+02:00,0,0,180,306,712,944,781,1312,757,1999,891,1667,1085,1003,2486,2504,2565,4866,37,55,259,340,292,540,293,731,327,477,397,332,1265,1287,1760,3475,16734,11450,1716,531,5913,4,7,11,5
2021-04-07T23:59:59+02:00,0,0,174,303,704,938,773,1298,740,1971,869,1635,1031,946,2435,2445,2556,4850,35,52,241,324,282,534,284,718,312,464,368,313,1218,1249,1741,3437,16542,11180,1674,500,5754,4,7,11,5
2021-04-06T23:59:59+02:00,0,0,170,302,698,934,759,1283,721,1948,841,1610,998,899,2395,2396,2548,4840,33,51,240,321,279,531,274,715,302,459,357,299,1190,1219,1721,3415,16424,11047,1640,467,5576,4,7,11,5
2021-04-05T23:59:59+02:00,0,0,170,302,697,928,755,1274,712,1932,830,1595,971,873,2369,2353,2543,4832,33,51,240,317,278,527,271,708,296,457,355,292,1156,1194,1713,3396,16361,10953,1624,437,5445,4,7,11,5
2021-04-04T23:59:59+02:00,0,0,169,299,694,921,750,1263,703,1916,823,1574,957,859,2363,2347,2543,4831,33,51,240,317,277,527,271,708,295,457,353,292,1138,1181,1709,3392,16332,10909,1621,437,5354,4,7,10,5
2021-04-03T23:59:59+02:00,0,0,169,299,694,921,748,1261,702,1911,816,1571,944,850,2357,2337,2540,4830,33,51,240,317,277,527,271,707,295,455,353,292,1138,1176,1709,3389,16288,10898,1621,437,5334,4,7,10,5
2021-04-02T23:59:59+02:00,0,0,169,298,694,920,747,1258,699,1904,808,1560,932,839,2335,2315,2538,4827,33,51,237,317,275,525,268,700,288,450,348,290,1117,1148,1698,3362,16218,10780,1609,430,5307,4,7,10,5
2021-04-01T23:59:59+02:00,0,0,166,295,688,909,734,1245,693,1884,790,1539,903,805,2296,2267,2532,4808,32,50,229,314,273,521,265,693,282,445,336,282,1078,1110,1665,3319,16089,10579,1548,416,5204,4,7,10,5
2021-03-31T23:59:59+02:00,0,0,163,292,681,902,724,1229,685,1838,776,1496,887,786,2251,2206,2511,4789,32,50,228,313,268,519,261,691,273,435,322,276,1014,1057,1641,3287,15972,10371,1485,398,5046,4,6,10,5
2021-03-30T23:59:59+02:00,0,0,159,285,675,893,720,1208,675,1799,766,1452,867,768,2206,2142,2497,4767,32,49,225,310,265,516,259,685,268,427,311,270,980,1028,1619,3251,15831,10214,1441,380,4892,4,6,10,5
2021-03-29T23:59:59+02:00,0,0,156,279,669,880,714,1197,665,1767,753,1413,848,751,2134,2075,2476,4737,32,48,224,309,264,514,255,678,260,416,304,264,952,1007,1606,3224,15625,10085,1397,370,4775,4,6,10,5
2021-03-28T23:59:59+02:00,0,0,148,262,659,873,708,1188,660,1746,748,1395,841,730,2088,2033,2471,4725,32,47,221,309,260,508,251,675,258,413,302,262,941,996,1600,3216,15547,10027,1344,362,4666,4,6,10,5
2021-03-27T23:59:59+01:00,0,0,148,259,655,866,704,1184,654,1735,746,1388,832,716,2077,2020,2471,4722,32,47,221,309,260,508,250,669,255,408,300,261,934,986,1583,3192,15494,9961,1335,352,4628,4,6,10,5
2021-03-26T23:59:59+01:00,0,0,146,257,645,854,699,1168,645,1717,738,1357,813,698,2051,1995,2461,4712,32,47,221,309,259,506,250,669,249,396,296,254,902,954,1550,3143,15387,9784,1298,352,4548,4,4,10,5
2021-03-25T23:59:59+01:00,0,0,143,256,635,842,678,1147,629,1680,720,1314,793,678,2009,1952,2445,4694,32,47,218,304,258,505,243,666,247,394,288,250,863,923,1488,3064,15274,9549,1244,338,4372,3,4,9,5
2021-03-24T23:59:59+01:00,0,0,140,248,621,829,671,1134,620,1642,706,1280,769,661,1968,1908,2428,4670,32,47,216,302,257,503,241,666,241,391,281,244,818,898,1437,2971,15140,9322,1210,322,4219,2,3,9,5
2021-03-23T23:59:59+01:00,0,0,137,246,614,821,657,1122,610,1620,693,1241,751,647,1927,1877,2413,4652,31,46,214,301,255,499,234,661,238,384,271,240,793,875,1359,2873,15048,9060,1181,311,4071,2,3,9,5
2021-03-22T23:59:59+01:00,0,0,134,241,596,804,639,1103,599,1588,678,1215,740,634,1896,1852,2402,4636,31,45,213,299,253,497,233,653,237,380,268,235,767,853,1267,2768,14967,8797,1149,299,3912,2,3,8,5
2021-03-21T23:59:59+01:00,0,0,132,239,592,798,635,1100,594,1564,668,1180,734,624,1872,1845,2396,4620,31,45,212,299,252,495,232,652,236,378,266,232,761,850,1258,2759,14934,8764,1128,290,3796,2,3,8,5
2021-03-20T23:59:59+01:00,0,0,130,239,587,795,632,1097,591,1560,666,1178,730,615,1848,1823,2389,4608,31,45,212,299,252,495,231,650,233,372,264,230,752,844,1240,2745,14873,8711,1118,280,3760,2,3,8,5
2021-03-19T23:59:59+01:00,0,0,121,227,581,781,625,1091,588,1542,649,1164,696,572,1790,1781,2359,4587,30,45,212,298,251,495,230,643,230,369,262,224,726,825,1204,2692,14706,8566,1044,265,3663,2,3,7,5
2021-03-18T23:59:59+01:00,0,0,118,222,563,771,605,1059,569,1492,619,1116,660,547,1740,1733,2332,4544,30,45,210,296,249,487,230,637,226,360,260,216,709,813,1171,2649,14513,8436,982,246,3448,2,3,7,5
2021-03-17T23:59:59+01:00,0,0,113,216,552,758,593,1054,558,1479,604,1093,636,523,1695,1698,2311,4505,30,44,210,295,248,484,229,636,225,357,259,214,697,801,1136,2602,14310,8319,933,240,3393,2,3,6,5
2021-03-16T23:59:59+01:00,0,0,108,210,540,746,580,1042,546,1437,588,1065,618,499,1641,1643,2290,4469,30,43,210,293,248,479,228,634,223,356,255,214,682,782,1106,2547,14132,8185,880,237,3252,2,2,6,5
2021-03-15T23:59:59+01:00,0,0,104,203,526,731,568,1018,535,1403,573,1027,599,481,1600,1606,2268,4445,29,43,209,290,248,476,226,632,221,356,247,210,664,770,1081,2510,13978,8083,825,223,3122,2,0,6,5
2021-03-14T23:59:59+01:00,0,0,100,191,517,716,557,996,527,1358,556,982,581,466,1571,1585,2252,4420,29,43,209,288,247,475,225,627,220,351,245,206,660,763,1073,2495,13871,8056,790,194,2947,2,0,6,5
2021-03-13T23:59:59+01:00,0,0,96,180,491,695,528,970,500,1336,533,962,555,458,1545,1560,2244,4412,29,43,209,288,247,475,224,627,220,350,244,206,655,754,1043,2466,13647,7979,776,193,2860,2,0,6,5
2021-03-12T23:59:59+01:00,0,0,87,174,465,667,508,942,477,1301,507,926,525,437,1490,1513,2222,4373,29,43,209,287,247,474,224,627,220,349,240,204,642,742,1018,2439,13344,7891,747,193,2731,2,0,6,4
2021-03-11T23:59:59+01:00,0,0,81,163,434,630,473,910,439,1222,469,863,495,404,1411,1447,2174,4314,29,42,208,284,242,470,222,623,216,346,236,202,626,720,993,2398,12963,7805,694,142,2462,2,0,6,4
2021-03-10T23:59:59+01:00,0,0,79,157,410,605,454,892,421,1186,441,820,466,379,1333,1383,2135,4257,29,42,206,279,238,466,219,617,216,344,231,199,607,712,970,2359,12624,7696,661,125,2320,2,0,6,4
2021-03-09T23:59:59+01:00,0,0,78,153,400,585,429,863,407,1137,423,789,444,360,1283,1350,2094,4213,29,42,205,276,236,458,216,613,212,340,229,198,596,705,951,2328,12400,7614,635,106,2147,2,0,6,4
2021-03-08T23:59:59+01:00,0,0,75,148,386,567,411,845,395,1084,412,747,428,345,1226,1314,2070,4175,29,42,205,275,233,452,212,608,208,336,227,197,584,700,941,2317,12210,7563,598,90,1991,1,0,6,3
2021-03-07T23:59:59+01:00,0,0,72,144,383,557,403,829,383,1070,405,741,425,340,1213,1294,2061,4166,29,42,205,274,233,450,210,607,208,335,226,196,580,697,933,2310,12143,7534,571,88,1939,0,0,6,3
2021-03-06T23:59:59+01:00,0,0,72,137,380,553,396,808,374,1016,397,707,423,339,1206,1283,2046,4151,29,42,205,274,232,449,210,606,208,335,226,196,577,697,931,2297,12086,7526,571,75,1796,0,0,6,3
2021-03-05T23:59:59+01:00,0,0,72,132,376,547,392,802,371,1000,386,681,412,326,1166,1241,2002,4092,29,42,204,273,231,448,209,604,207,332,224,195,572,696,923,2276,11872,7502,549,49,1735,0,0,6,3
2021-03-04T23:59:59+01:00,0,0,72,121,367,514,378,769,351,958,372,651,395,324,1114,1191,1918,3996,28,42,202,268,229,441,207,593,204,331,223,194,570,693,920,2273,11569,7454,516,48,1561,0,0,6,3
2021-03-03T23:59:59+01:00,0,0,68,114,358,498,371,752,346,936,358,631,385,316,1069,1157,1848,3874,28,42,202,267,228,439,204,583,204,324,222,191,565,690,913,2267,11294,7410,489,43,1450,0,0,5,3
2021-03-02T23:59:59+01:00,0,0,65,108,348,485,358,734,335,915,350,603,372,309,1034,1127,1750,3753,27,42,202,267,228,432,199,576,202,321,220,191,563,682,906,2254,10970,7351,465,43,1356,0,0,5,3
2021-03-01T23:59:59+01:00,0,0,64,106,342,472,351,715,324,890,343,569,367,305,1008,1095,1632,3599,27,41,201,266,226,423,197,568,202,317,219,191,560,675,897,2246,10630,7294,444,43,1250,0,0,5,3
2021-02-28T23:59:59+01:00,0,0,64,104,335,463,348,707,322,866,339,549,362,293,999,1091,1622,3587,27,41,200,265,225,423,197,568,202,317,218,191,559,671,894,2243,10585,7279,433,43,1173,0,0,5,3
2021-02-27T23:59:59+01:00,0,0,61,95,331,454,344,703,316,853,335,539,358,289,990,1080,1600,3565,27,41,200,264,225,422,196,567,201,316,218,191,559,671,894,2243,10514,7278,421,38,1116,0,0,5,3
2021-02-26T23:59:59+01:00,0,0,59,92,324,430,319,672,296,822,322,518,354,285,965,1060,1558,3503,27,40,200,263,225,420,194,564,198,314,218,191,559,671,893,2240,10353,7260,418,38,941,0,0,5,2
2021-02-25T23:59:59+01:00,0,0,52,79,311,411,309,642,289,794,307,492,344,275,947,1041,1520,3457,27,40,199,260,221,417,191,556,193,313,213,188,548,663,882,2234,10202,7198,404,28,794,0,0,5,2
2021-02-24T23:59:59+01:00,0,0,48,74,302,399,302,629,284,779,303,482,338,274,927,1029,1473,3398,26,40,197,258,218,404,189,548,190,308,211,185,542,657,880,2221,10054,7133,390,20,724,0,0,5,2
2021-02-23T23:59:59+01:00,0,0,45,65,289,383,294,610,278,760,293,472,331,272,899,1010,1432,3325,25,40,196,256,216,399,188,542,186,305,210,184,540,647,874,2202,9878,7072,371,16,632,0,0,5,2
2021-02-22T23:59:59+01:00,0,0,42,62,282,371,290,599,275,749,289,468,324,265,878,995,1402,3288,25,38,192,253,213,386,180,532,181,302,207,182,528,639,867,2185,9758,6982,355,5,589,0,0,4,2
2021-02-21T23:59:59+01:00,0,0,41,61,277,363,288,590,271,741,283,464,321,263,873,990,1395,3279,25,37,191,251,212,384,180,523,181,300,207,182,524,638,859,2172,9732,6937,347,5,540,0,0,4,2
2021-02-20T23:59:59+01:00,0,0,40,61,274,362,288,587,270,735,280,456,320,263,860,979,1362,3248,25,37,191,251,212,384,180,523,180,299,207,182,523,638,857,2171,9647,6931,336,5,518,0,0,4,2
2021-02-19T23:59:59+01:00,0,0,39,61,270,357,282,564,260,709,275,443,316,258,837,962,1328,3218,25,36,191,251,211,383,180,522,179,299,206,181,518,637,852,2154,9541,6896,321,5,430,0,0,3,2
2021-02-18T23:59:59+01:00,0,0,39,57,252,336,273,543,251,688,258,415,313,249,825,941,1302,3186,24,35,187,244,209,377,176,506,177,288,203,176,503,623,815,2087,9448,6701,295,5,296,0,0,3,2
2021-02-17T23:59:59+01:00,0,0,39,55,245,330,270,530,246,675,255,393,308,244,805,930,1273,3139,22,33,184,239,201,362,172,489,172,276,195,172,492,608,796,2048,9315,6530,285,4,243,0,0,3,2
2021-02-16T23:59:59+01:00,0,0,38,50,234,318,267,519,240,660,248,386,303,242,794,919,1247,3107,20,33,175,231,193,343,166,477,168,262,192,165,459,577,761,1980,9220,6270,277,4,179,0,0,3,2
2021-02-15T23:59:59+01:00,0,0,37,49,228,315,260,506,236,654,245,378,300,241,776,911,1235,3088,19,31,169,225,188,335,161,466,162,255,182,159,429,548,725,1909,9158,6031,263,4,142,0,0,3,2
2021-02-14T23:59:59+01:00,0,0,35,49,226,312,258,500,234,648,245,374,300,237,769,905,1226,3069,18,31,167,222,184,330,160,454,160,252,181,156,421,539,707,1866,9136,5915,230,4,124,0,0,3,2
2021-02-13T23:59:59+01:00,0,0,34,49,226,312,257,500,234,647,245,374,300,237,767,904,1225,3069,18,31,165,221,181,330,159,452,159,249,179,153,416,536,699,1851,9130,5868,230,1,123,0,0,3,2
2021-02-12T23:59:59+01:00,0,0,33,47,223,306,254,491,230,636,242,367,299,236,761,903,1222,3059,18,31,163,218,180,329,157,450,157,248,177,149,413,520,668,1785,9101,5732,230,1,79,0,0,3,2
2021-02-11T23:59:59+01:00,0,0,32,46,215,287,247,475,223,612,229,353,295,235,753,886,1197,3026,18,30,146,198,172,298,146,403,151,226,160,133,367,471,605,1617,9029,5206,163,1,18,0,0,3,2
2021-02-10T23:59:59+01:00,0,0,31,46,212,280,244,468,219,603,226,346,291,235,741,883,1189,3016,17,27,133,175,157,260,127,354,140,201,144,124,340,440,543,1492,8974,4733,146,1,7,0,0,3,0
2021-02-09T23:59:59+01:00,0,0,30,44,211,277,242,455,215,596,222,343,287,231,737,876,1180,3003,17,26,118,146,144,237,110,311,126,174,126,115,308,384,488,1334,8920,4217,122,1,3,0,0,3,0
2021-02-08T23:59:59+01:00,0,0,30,44,210,275,236,441,212,584,219,338,282,231,729,870,1174,2996,15,24,102,124,123,193,91,270,118,162,103,106,269,332,426,1199,8854,3705,107,1,3,0,0,3,0
2021-02-07T23:59:59+01:00,0,0,30,43,208,274,234,440,212,581,219,337,282,231,727,866,1169,2993,14,18,98,116,116,182,86,252,112,152,96,101,262,319,410,1149,8833,3528,104,1,0,0,0,3,0
2021-02-06T23:59:59+01:00,0,0,30,43,208,274,234,439,212,581,219,336,281,231,726,866,1168,2981,11,14,97,114,115,178,84,245,112,150,95,100,262,315,399,1134,8830,3467,90,1,0,0,0,3,0
2021-02-05T23:59:59+01:00,0,0,29,42,208,274,234,438,210,578,217,335,280,231,724,866,1156,2954,10,10,89,106,111,175,83,241,106,138,92,98,253,310,375,1105,8810,3342,55,0,0,0,0,3,0
2021-02-04T23:59:59+01:00,0,0,29,42,206,271,230,433,205,572,215,331,277,228,718,860,1147,2943,9,7,62,74,88,131,71,203,86,119,88,84,221,274,331,978,8741,2855,55,0,0,0,0,3,0
2021-02-03T23:59:59+01:00,0,0,29,41,206,269,229,421,202,566,214,328,275,226,708,857,1140,2928,6,4,45,56,69,107,53,157,73,89,63,59,166,200,250,715,8678,2135,50,0,0,0,0,3,0
2021-02-02T23:59:59+01:00,0,0,28,41,205,267,225,415,201,561,211,327,272,225,700,847,1133,2903,3,3,29,39,54,77,41,101,54,66,54,48,119,134,166,473,8599,1476,49,0,0,0,0,3,0
2021-02-01T23:59:59+01:00,0,0,27,39,203,267,222,410,198,555,207,320,271,222,693,844,1128,2891,3,1,22,21,27,45,28,62,30,35,38,30,72,86,96,284,8535,888,49,0,0,0,0,3,0
2021-01-31T23:59:59+01:00,0,0,27,39,203,265,220,406,196,547,206,318,270,222,689,840,1122,2876,3,1,20,16,18,37,21,49,22,31,35,24,57,74,93,254,8484,761,48,0,0,0,0,3,0
2021-01-30T23:59:59+01:00,0,0,27,39,203,265,220,405,195,547,206,318,270,222,688,840,1121,2874,3,1,19,15,16,37,19,45,20,30,34,23,57,71,91,248,8479,734,47,0,0,0,0,3,0
2021-01-29T23:59:59+01:00,0,0,27,39,203,262,219,404,194,546,204,316,270,222,683,837,1115,2866,3,0,16,10,11,31,18,40,16,27,34,22,54,70,89,242,8451,686,43,0,0,0,0,2,0
2021-01-28T23:59:59+01:00,0,0,27,38,196,259,219,398,193,537,201,311,269,222,671,829,1092,2846,3,0,3,3,6,18,10,22,7,13,26,15,37,47,59,171,8361,441,34,0,0,0,0,2,0
2021-01-27T23:59:59+01:00,0,0,26,36,191,254,214,389,191,523,198,301,261,217,657,812,1068,2808,1,0,2,3,5,14,9,20,6,12,25,14,31,41,49,130,8199,362,29,0,0,0,0,2,0
2021-01-26T23:59:59+01:00,0,0,23,36,188,243,208,376,186,505,195,293,255,212,635,795,1040,2757,1,0,1,3,5,14,9,20,6,12,24,11,30,37,48,113,8004,334,24,0,0,0,0,2,0
2021-01-25T23:59:59+01:00,0,0,23,35,180,241,205,366,181,495,190,282,245,207,612,775,1014,2712,1,0,1,3,4,12,8,17,6,11,21,10,26,36,40,102,7836,298,6,0,0,0,0,2,0
2021-01-24T23:59:59+01:00,0,0,22,34,178,238,202,365,180,493,189,280,245,205,608,770,1011,2707,1,0,1,3,3,12,8,17,6,11,21,10,26,36,39,100,7800,294,5,0,0,0,0,2,0
2021-01-23T23:59:59+01:00,0,0,22,34,178,238,200,365,180,492,189,280,245,205,607,770,1003,2694,1,0,1,3,3,11,8,17,5,11,21,10,26,36,39,100,7775,292,5,0,0,0,0,2,0
2021-01-22T23:59:59+01:00,0,0,21,33,176,234,199,365,180,491,188,280,245,203,605,768,975,2652,1,0,1,3,3,11,8,17,5,11,21,10,26,36,39,100,7688,292,5,0,0,0,0,2,0
2021-01-21T23:59:59+01:00,0,0,20,33,166,225,192,347,175,468,186,263,233,198,580,742,938,2599,1,0,1,3,1,6,7,12,3,7,20,8,22,26,34,83,7435,234,5,0,0,0,0,2,0
2021-01-20T23:59:59+01:00,0,0,19,31,151,199,175,305,146,412,172,239,215,186,538,696,869,2399,1,0,1,3,1,6,7,11,3,6,19,7,21,23,30,77,6816,216,4,0,0,0,0,2,0
2021-01-19T23:59:59+01:00,0,0,19,29,128,167,159,271,133,369,157,216,180,165,475,605,771,2125,1,0,1,3,1,6,5,7,1,4,11,3,10,15,21,55,6026,144,3,0,0,0,0,2,0
2021-01-18T23:59:59+01:00,0,0,16,28,113,149,137,227,115,321,140,189,142,150,385,500,635,1782,1,0,1,1,0,3,4,5,0,4,2,1,4,6,10,28,5082,70,3,0,0,0,0,2,0
2021-01-17T23:59:59+01:00,0,0,15,18,109,135,129,214,107,297,132,177,133,136,370,470,585,1680,1,0,0,0,0,1,2,4,0,2,1,1,3,1,2,5,4753,23,3,0,0,0,0,2,0
2021-01-16T23:59:59+01:00,0,0,13,14,105,132,127,209,104,287,130,171,130,132,365,462,568,1652,0,0,0,0,0,0,0,0,0,0,0,0,0,0,0,0,4647,0,0,0,0,0,0,2,0
2021-01-15T23:59:59+01:00,0,0,11,12,100,123,123,204,102,278,128,159,126,129,358,447,538,1608,0,0,0,0,0,0,0,0,0,0,0,0,0,0,0,0,4489,0,0,0,0,0,0,2,0
2021-01-14T23:59:59+01:00,0,0,9,8,75,90,104,167,84,233,111,142,114,108,306,397,473,1392,0,0,0,0,0,0,0,0,0,0,0,0,0,0,0,0,3846,0,0,0,0,0,0,2,0
2021-01-13T23:59:59+01:00,0,0,7,7,62,80,93,140,74,191,101,116,86,79,236,282,375,1062,0,0,0,0,0,0,0,0,0,0,0,0,0,0,0,0,3018,0,0,0,0,0,0,2,0
2021-01-12T23:59:59+01:00,0,0,5,5,53,61,76,110,66,134,79,92,70,63,166,202,272,742,0,0,0,0,0,0,0,0,0,0,0,0,0,0,0,0,2220,0,0,0,0,0,0,0,0
2021-01-11T23:59:59+01:00,0,0,4,3,45,48,63,81,52,108,57,65,50,42,96,123,143,417,0,0,0,0,0,0,0,0,0,0,0,0,0,0,0,0,1416,0,0,0,0,0,0,0,0
2021-01-10T23:59:59+01:00,0,0,3,3,41,36,46,67,38,86,47,56,45,32,79,109,134,363,0,0,0,0,0,0,0,0,0,0,0,0,0,0,0,0,1196,0,0,0,0,0,0,0,0
2021-01-09T23:59:59+01:00,0,0,3,2,38,35,41,64,35,76,41,51,44,32,79,107,131,361,0,0,0,0,0,0,0,0,0,0,0,0,0,0,0,0,1149,0,0,0,0,0,0,0,0
2021-01-08T23:59:59+01:00,0,0,3,2,31,27,34,57,29,63,36,45,42,29,74,104,127,350,0,0,0,0,0,0,0,0,0,0,0,0,0,0,0,0,1060,0,0,0,0,0,0,0,0
2021-01-07T23:59:59+01:00,0,0,3,2,9,3,9,20,12,28,12,23,35,20,52,69,88,248,0,0,0,0,0,0,0,0,0,0,0,0,0,0,0,0,634,0,0,0,0,0,0,0,0
2021-01-06T23:59:59+01:00,0,0,3,0,2,3,5,15,9,22,8,14,31,18,44,58,73,197,0,0,0,0,0,0,0,0,0,0,0,0,0,0,0,0,503,0,0,0,0,0,0,0,0
2021-01-05T23:59:59+01:00,0,0,2,0,1,3,5,14,9,20,8,13,30,17,43,57,70,189,0,0,0,0,0,0,0,0,0,0,0,0,0,0,0,0,482,0,0,0,0,0,0,0,0
2021-01-04T23:59:59+01:00,0,0,1,0,1,3,5,13,8,18,7,12,26,14,34,48,54,143,0,0,0,0,0,0,0,0,0,0,0,0,0,0,0,0,387,0,0,0,0,0,0,0,0
2021-01-03T23:59:59+01:00,0,0,1,0,1,3,4,13,8,18,6,12,26,14,34,48,54,142,0,0,0,0,0,0,0,0,0,0,0,0,0,0,0,0,384,0,0,0,0,0,0,0,0
2021-01-02T23:59:59+01:00,0,0,1,0,1,3,4,13,7,18,5,12,26,14,34,48,54,142,0,0,0,0,0,0,0,0,0,0,0,0,0,0,0,0,382,0,0,0,0,0,0,0,0
2021-01-01T23:59:59+01:00,0,0,1,0,1,3,4,13,7,18,5,12,26,14,34,48,54,142,0,0,0,0,0,0,0,0,0,0,0,0,0,0,0,0,382,0,0,0,0,0,0,0,0
2020-12-31T23:59:59+01:00,0,0,1,0,1,3,4,12,7,18,5,12,26,14,34,48,54,142,0,0,0,0,0,0,0,0,0,0,0,0,0,0,0,0,381,0,0,0,0,0,0,0,0
2020-12-30T23:59:59+01:00,0,0,1,0,1,3,4,12,7,17,5,12,26,14,34,48,54,142,0,0,0,0,0,0,0,0,0,0,0,0,0,0,0,0,380,0,0,0,0,0,0,0,0
2020-12-29T23:59:59+01:00,0,0,1,0,1,3,3,8,5,12,3,9,19,10,25,40,39,115,0,0,0,0,0,0,0,0,0,0,0,0,0,0,0,0,293,0,0,0,0,0,0,0,0
2020-12-28T23:59:59+01:00,0,0,1,0,1,1,1,2,3,6,2,5,11,3,8,15,24,58,0,0,0,0,0,0,0,0,0,0,0,0,0,0,0,0,141,0,0,0,0,0,0,0,0
2020-12-27T23:59:59+01:00,0,0,1,0,0,0,0,1,2,6,0,2,2,1,5,4,5,20,0,0,0,0,0,0,0,0,0,0,0,0,0,0,0,0,49,0,0,0,0,0,0,0,0
