Datum,<15_m,<15_w,15-24_1_m,15-24_1_w,25-34_1_m,25-34_1_w,35-44_1_m,35-44_1_w,45-54_1_m,45-54_1_w,55-64_1_m,55-64_1_w,65-74_1_m,65-74_1_w,75-84_1_m,75-84_1_w,>84_1_m,>84_1_w,<24_2_m,<24_2_w,25-34_2_m,25-34_2_w,35-44_2_m,35-44_2_w,45-54_2_m,45-54_2_w,55-64_2_m,55-64_2_w,65-74_2_m,65-74_2_w,75-84_2_m,75-84_2_w,>84_2_m,>84_2_w,bp_1,bp_2,mo_1,mo_2,az_1,az_2,ja,unb_1,unb_2
2021-08-18T23:59:59+02:00,129,144,2997,2752,8128,5843,7953,5461,7090,7523,5280,5622,2676,2790,3205,3265,2737,5162,2373,2177,6818,4938,7002,4771,6301,6686,4621,5029,2093,2385,2378,2562,1974,3837,53652,43901,8055,6799,9491,7465,8446,32,27
2021-08-17T23:59:59+02:00,129,143,2980,2740,8101,5821,7924,5450,7082,7502,5270,5611,2673,2788,3204,3265,2736,5162,2343,2158,6759,4891,6954,4740,6274,6648,4602,5011,2087,2379,2377,2560,1973,3837,53543,43639,8046,6764,9490,7460,8389,32,27
2021-08-16T23:59:59+02:00,126,141,2971,2726,8074,5807,7906,5441,7070,7489,5258,5600,2673,2788,3203,3265,2736,5162,2311,2135,6693,4859,6896,4711,6223,6613,4573,4988,2086,2377,2374,2559,1973,3837,53458,43322,8040,6751,9490,7451,8335,32,27
2021-08-15T23:59:59+02:00,126,141,2965,2716,8050,5797,7889,5431,7053,7481,5254,5594,2672,2787,3203,3264,2736,5162,2286,2101,6646,4833,6855,4679,6194,6585,4563,4976,2083,2373,2373,2557,1973,3837,53383,43080,8036,6730,9489,7448,8300,32,27
2021-08-14T23:59:59+02:00,126,141,2964,2713,8047,5794,7883,5430,7053,7480,5252,5592,2671,2786,3203,3264,2736,5162,2281,2091,6628,4823,6843,4669,6186,6570,4547,4966,2081,2370,2373,2556,1973,3836,53373,42980,8036,6723,9489,7447,8286,32,27
2021-08-13T23:59:59+02:00,124,140,2944,2706,8023,5779,7873,5418,7039,7470,5241,5585,2670,2782,3203,3263,2736,5162,2248,2066,6587,4795,6813,4637,6156,6547,4531,4953,2080,2366,2372,2556,1973,3836,53293,42774,8034,6706,9489,7446,8229,32,27
2021-08-12T23:59:59+02:00,121,134,2927,2696,7990,5757,7842,5399,7021,7445,5229,5572,2669,2780,3201,3263,2736,5162,2211,2032,6496,4740,6759,4600,6110,6495,4505,4922,2076,2364,2368,2555,1973,3836,53183,42441,8029,6680,9488,7425,8131,32,27
2021-08-11T23:59:59+02:00,118,131,2909,2682,7952,5732,7814,5386,7000,7431,5221,5556,2667,2777,3201,3262,2736,5162,2180,2004,6408,4689,6679,4552,6058,6437,4483,4881,2068,2355,2367,2553,1973,3835,53051,42021,8020,6645,9485,7417,8068,32,27
2021-08-10T23:59:59+02:00,118,130,2892,2668,7908,5715,7788,5372,6970,7415,5208,5549,2664,2777,3201,3260,2736,5161,2114,1952,6289,4628,6588,4488,5969,6367,4442,4858,2062,2347,2365,2552,1973,3834,52935,41436,8012,6626,9484,7402,7988,32,27
2021-08-09T23:59:59+02:00,117,130,2874,2664,7877,5693,7758,5362,6947,7396,5197,5538,2663,2776,3201,3260,2736,5160,2060,1906,6188,4562,6488,4444,5903,6313,4414,4825,2056,2338,2364,2550,1973,3834,52849,40981,8004,6574,9484,7383,7899,32,27
2021-08-08T23:59:59+02:00,117,128,2858,2653,7854,5678,7738,5350,6936,7386,5190,5534,2660,2776,3201,3260,2736,5160,2034,1881,6124,4517,6431,4418,5865,6289,4400,4811,2047,2333,2362,2548,1973,3834,52779,40733,8003,6534,9481,7377,7839,32,27
2021-08-07T23:59:59+02:00,116,127,2850,2647,7824,5664,7720,5343,6928,7377,5186,5529,2658,2776,3201,3260,2736,5160,1996,1859,6044,4466,6371,4384,5830,6250,4383,4797,2044,2332,2362,2545,1973,3834,52713,40409,7999,6506,9481,7368,7796,32,27
2021-08-06T23:59:59+02:00,115,126,2836,2637,7792,5650,7691,5321,6907,7355,5176,5516,2654,2774,3201,3259,2736,5160,1959,1816,5944,4393,6298,4346,5787,6207,4365,4777,2042,2329,2361,2542,1973,3834,52654,40062,7979,6475,9481,7356,7679,32,27
2021-08-05T23:59:59+02:00,113,125,2806,2620,7758,5627,7653,5297,6886,7334,5157,5491,2651,2772,3199,3256,2736,5159,1911,1767,5813,4289,6183,4290,5722,6144,4328,4732,2036,2322,2359,2540,1973,3834,52509,39584,7971,6380,9478,7300,7568,32,27
2021-08-04T23:59:59+02:00,110,122,2738,2592,7671,5589,7604,5268,6853,7298,5139,5477,2645,2769,3197,3255,2736,5159,1831,1733,5678,4215,6048,4239,5654,6079,4298,4690,2025,2316,2354,2537,1973,3833,52285,39099,7954,6327,9477,7266,7392,32,27
2021-08-03T23:59:59+02:00,107,122,2717,2571,7640,5573,7567,5251,6829,7274,5128,5465,2641,2767,3196,3252,2736,5159,1799,1703,5584,4148,5947,4189,5584,6023,4259,4651,2020,2311,2353,2535,1973,3833,52134,38639,7949,6286,9475,7241,7323,32,27
2021-08-02T23:59:59+02:00,107,122,2695,2550,7595,5545,7541,5242,6806,7260,5110,5456,2639,2763,3195,3251,2735,5159,1770,1676,5465,4061,5839,4124,5517,5974,4210,4619,2014,2298,2352,2530,1972,3832,51985,38100,7941,6250,9475,7220,7255,32,27
2021-08-01T23:59:59+02:00,106,120,2679,2538,7560,5522,7528,5229,6795,7252,5104,5450,2637,2762,3193,3251,2735,5159,1752,1659,5388,4021,5775,4079,5474,5951,4192,4600,2012,2295,2350,2527,1972,3832,51894,37826,7928,6219,9474,7195,7207,32,27
2021-07-31T23:59:59+02:00,104,119,2673,2531,7543,5514,7521,5224,6791,7242,5103,5449,2635,2762,3193,3251,2735,5159,1713,1615,5290,3959,5714,4032,5422,5916,4164,4575,2009,2292,2350,2526,1972,3832,51856,37359,7923,6204,9474,7191,7179,32,27
2021-07-30T23:59:59+02:00,102,116,2662,2522,7520,5502,7508,5203,6772,7230,5096,5442,2634,2761,3193,3250,2735,5159,1694,1599,5208,3919,5650,3976,5363,5870,4138,4558,2004,2290,2349,2523,1972,3832,51779,37009,7917,6177,9474,7183,7120,32,27
2021-07-29T23:59:59+02:00,101,115,2631,2504,7464,5462,7465,5159,6744,7192,5073,5420,2633,2757,3191,3249,2735,5159,1654,1570,5087,3823,5519,3907,5277,5783,4092,4503,1997,2281,2346,2521,1971,3832,51581,36446,7902,6123,9469,7146,6984,32,27
2021-07-28T23:59:59+02:00,100,113,2612,2492,7426,5424,7435,5136,6721,7170,5058,5410,2630,2756,3189,3246,2734,5158,1617,1526,4987,3749,5404,3844,5185,5709,4056,4468,1985,2273,2344,2519,1971,3831,51398,35887,7892,6068,9467,7108,6935,32,27
2021-07-27T23:59:59+02:00,97,111,2597,2477,7380,5402,7399,5119,6701,7151,5047,5399,2629,2755,3189,3245,2733,5158,1574,1499,4848,3663,5279,3766,5095,5638,4014,4418,1979,2260,2343,2516,1970,3831,51270,35304,7874,5986,9466,7069,6861,32,27
2021-07-26T23:59:59+02:00,96,108,2572,2462,7350,5383,7364,5104,6675,7132,5042,5387,2626,2755,3188,3245,2733,5158,1539,1446,4710,3601,5169,3702,5021,5564,3960,4383,1975,2246,2342,2510,1970,3830,51135,34754,7855,5914,9464,7020,6806,32,27
2021-07-25T23:59:59+02:00,93,105,2557,2442,7313,5362,7331,5091,6655,7111,5033,5382,2624,2752,3187,3244,2733,5157,1519,1418,4656,3559,5116,3673,4975,5525,3930,4361,1972,2242,2341,2510,1970,3830,50988,34488,7846,5883,9461,6989,6757,32,27
2021-07-24T23:59:59+02:00,93,104,2542,2435,7282,5349,7307,5080,6638,7096,5025,5378,2623,2749,3187,3244,2733,5157,1500,1399,4610,3539,5042,3629,4933,5500,3909,4353,1971,2240,2340,2508,1970,3829,50914,34296,7824,5799,9460,6989,6703,32,27
2021-07-23T23:59:59+02:00,91,102,2513,2411,7227,5323,7277,5057,6605,7072,5004,5370,2621,2746,3185,3244,2733,5157,1446,1368,4473,3442,4908,3553,4860,5433,3862,4321,1970,2232,2339,2504,1969,3829,50739,33671,7819,5772,9458,6969,6600,32,27
2021-07-22T23:59:59+02:00,89,99,2479,2383,7141,5287,7226,5019,6556,7027,4972,5348,2615,2741,3182,3243,2733,5155,1387,1329,4315,3371,4757,3480,4711,5353,3778,4273,1958,2223,2334,2502,1969,3828,50426,33047,7802,5627,9448,6901,6493,32,27
2021-07-21T23:59:59+02:00,88,95,2448,2365,7075,5252,7169,4979,6496,6989,4951,5322,2608,2736,3181,3240,2733,5153,1358,1288,4194,3291,4617,3421,4603,5246,3708,4230,1946,2211,2331,2501,1969,3826,50171,32590,7755,5418,9442,6840,6384,32,27
2021-07-20T23:59:59+02:00,87,94,2428,2337,7021,5221,7133,4950,6459,6945,4921,5304,2605,2732,3181,3240,2733,5153,1324,1259,4078,3226,4531,3373,4514,5167,3653,4199,1944,2202,2330,2500,1969,3825,49921,32135,7745,5347,9440,6790,6309,32,27
2021-07-19T23:59:59+02:00,86,94,2406,2313,6968,5183,7084,4930,6423,6913,4900,5289,2601,2728,3180,3236,2733,5152,1304,1237,4004,3179,4449,3340,4436,5104,3619,4176,1940,2196,2326,2497,1968,3825,49649,31838,7735,5230,9439,6747,6266,32,27
2021-07-18T23:59:59+02:00,86,92,2379,2287,6900,5141,7044,4901,6387,6873,4882,5279,2594,2722,3178,3236,2732,5151,1288,1217,3960,3140,4410,3311,4387,5084,3583,4162,1934,2186,2325,2497,1968,3823,49343,31642,7720,5156,9435,6721,6234,32,26
2021-07-17T23:59:59+02:00,84,88,2363,2273,6881,5128,7025,4884,6367,6856,4863,5268,2590,2721,3178,3235,2732,5150,1278,1204,3926,3106,4368,3292,4348,5052,3555,4150,1928,2183,2325,2495,1968,3823,49231,31485,7711,5102,9435,6714,6177,32,26
2021-07-16T23:59:59+02:00,84,85,2324,2247,6819,5094,6966,4850,6324,6814,4832,5239,2583,2716,3176,3234,2732,5150,1240,1183,3826,3056,4275,3250,4261,4993,3494,4102,1914,2172,2319,2493,1968,3822,49052,31143,7685,5075,9424,6645,5975,32,26
2021-07-15T23:59:59+02:00,82,80,2282,2218,6744,5058,6904,4809,6274,6761,4815,5212,2580,2711,3173,3231,2732,5150,1189,1151,3628,2946,4095,3146,4108,4895,3432,4040,1905,2163,2316,2488,1968,3822,48720,30457,7668,4848,9418,6578,5873,32,26
2021-07-14T23:59:59+02:00,81,78,2245,2200,6674,5023,6830,4775,6220,6717,4794,5190,2572,2705,3170,3229,2732,5150,1141,1115,3515,2861,3994,3084,4005,4825,3389,3995,1892,2155,2315,2485,1968,3822,48406,29992,7654,4754,9415,6505,5771,32,26
2021-07-13T23:59:59+02:00,78,72,2214,2169,6618,4992,6766,4739,6181,6671,4773,5172,2564,2700,3168,3229,2732,5150,1107,1084,3417,2784,3870,3018,3917,4738,3335,3934,1865,2148,2312,2480,1967,3820,48089,29517,7647,4621,9414,6412,5699,31,26
2021-07-12T23:59:59+02:00,72,70,2185,2145,6549,4948,6696,4693,6132,6633,4748,5145,2559,2697,3165,3228,2732,5150,1077,1063,3319,2709,3758,2953,3814,4656,3284,3886,1854,2137,2307,2470,1967,3820,47743,29073,7638,4503,9410,6332,5615,31,25
2021-07-11T23:59:59+02:00,68,69,2174,2130,6514,4931,6666,4672,6102,6616,4739,5136,2556,2692,3163,3228,2731,5150,1068,1047,3279,2669,3700,2924,3761,4629,3262,3871,1845,2125,2304,2466,1967,3820,47634,28900,7617,4470,9408,6276,5536,31,25
2021-07-10T23:59:59+02:00,67,68,2151,2098,6436,4881,6603,4638,6054,6579,4713,5125,2553,2689,3163,3225,2731,5149,1053,1030,3226,2627,3655,2893,3721,4598,3246,3859,1839,2118,2304,2464,1967,3820,47381,28729,7597,4469,9393,6259,5407,31,25
2021-07-09T23:59:59+02:00,66,66,2128,2076,6364,4840,6553,4613,6005,6545,4695,5104,2551,2684,3162,3224,2731,5149,1033,1013,3169,2582,3604,2858,3672,4563,3219,3832,1836,2103,2302,2463,1967,3820,47156,28521,7563,4439,9386,6206,5302,31,25
2021-07-08T23:59:59+02:00,62,63,2075,2029,6266,4774,6449,4557,5938,6481,4661,5071,2544,2675,3159,3220,2731,5149,961,961,3006,2495,3411,2786,3498,4469,3147,3764,1819,2087,2300,2454,1966,3819,46832,28039,7486,4153,9352,6084,5082,31,25
2021-07-07T23:59:59+02:00,62,62,2007,1984,6144,4699,6344,4501,5865,6423,4626,5023,2538,2665,3154,3215,2731,5149,910,926,2858,2416,3243,2708,3341,4363,3091,3700,1801,2058,2292,2446,1966,3817,46332,27496,7441,3914,9333,6004,4929,31,25
2021-07-06T23:59:59+02:00,60,62,1963,1949,6034,4644,6253,4458,5810,6354,4582,4987,2532,2659,3151,3211,2731,5149,873,891,2747,2318,3152,2648,3266,4270,3033,3646,1776,2027,2288,2439,1966,3817,45889,26997,7396,3813,9320,5922,4826,31,25
2021-07-05T23:59:59+02:00,58,62,1891,1900,5890,4570,6141,4418,5740,6300,4540,4949,2528,2652,3149,3209,2731,5147,828,851,2639,2244,3075,2599,3187,4199,2984,3592,1755,2008,2281,2430,1965,3814,45410,26619,7357,3742,9295,5838,4650,31,25
2021-07-04T23:59:59+02:00,58,61,1846,1863,5807,4528,6095,4389,5699,6280,4522,4927,2526,2650,3149,3207,2731,5146,790,827,2579,2194,3039,2575,3157,4166,2961,3570,1740,1984,2278,2429,1964,3814,45203,26485,7320,3686,9267,5761,4530,31,25
2021-07-03T23:59:59+02:00,55,49,1745,1787,5598,4373,5946,4301,5613,6189,4474,4890,2524,2647,3149,3203,2731,5146,750,803,2514,2148,2989,2554,3119,4121,2930,3541,1734,1977,2277,2425,1964,3812,44379,26313,7288,3684,9259,5732,4323,31,25
2021-07-02T23:59:59+02:00,49,41,1706,1744,5521,4328,5900,4267,5593,6164,4461,4872,2523,2641,3148,3202,2730,5146,729,776,2444,2100,2919,2514,3075,4073,2900,3501,1716,1960,2273,2419,1964,3810,44105,26030,7255,3658,9254,5633,4245,31,25
2021-07-01T23:59:59+02:00,43,35,1659,1709,5415,4259,5813,4218,5515,6093,4433,4843,2519,2637,3147,3201,2730,5145,662,737,2257,2027,2735,2429,2904,3961,2802,3414,1689,1936,2264,2407,1963,3808,43697,25285,7196,3455,9239,5531,4103,31,25
2021-06-30T23:59:59+02:00,43,33,1611,1659,5302,4173,5715,4174,5456,6046,4421,4819,2515,2630,3145,3198,2730,5145,626,701,2157,1962,2624,2377,2795,3873,2740,3339,1669,1907,2256,2395,1962,3807,43282,24827,7137,3340,9223,5408,3990,31,25
2021-06-29T23:59:59+02:00,42,30,1556,1583,5197,4085,5620,4120,5402,5986,4394,4791,2510,2625,3144,3197,2729,5144,598,661,2080,1885,2545,2313,2696,3756,2678,3289,1653,1873,2243,2382,1961,3804,42767,24343,7107,3266,9215,5299,3878,31,25
2021-06-28T23:59:59+02:00,40,28,1521,1526,5084,4026,5554,4066,5357,5943,4366,4766,2506,2617,3143,3195,2729,5144,581,638,1984,1821,2468,2257,2625,3674,2633,3242,1635,1855,2235,2376,1961,3801,42374,24028,7046,3128,9203,5203,3794,31,25
2021-06-27T23:59:59+02:00,40,27,1491,1500,5035,3987,5508,4036,5315,5923,4355,4756,2504,2613,3143,3194,2729,5144,562,621,1933,1777,2432,2237,2580,3636,2603,3225,1626,1841,2234,2366,1961,3801,42193,23884,7009,3074,9183,5121,3721,31,25
2021-06-26T23:59:59+02:00,31,22,1459,1472,4965,3941,5416,3991,5276,5890,4334,4742,2504,2611,3143,3192,2729,5144,556,612,1901,1757,2397,2219,2559,3614,2583,3205,1604,1831,2233,2364,1961,3801,41834,23671,6928,3071,9183,5097,3721,30,25
2021-06-25T23:59:59+02:00,25,14,1426,1434,4858,3867,5364,3963,5241,5864,4309,4731,2500,2608,3141,3191,2729,5144,546,587,1854,1735,2337,2154,2464,3475,2539,3105,1596,1810,2229,2360,1959,3800,41414,23225,6896,3045,9182,4917,3719,30,25
2021-06-24T23:59:59+02:00,18,13,1376,1386,4678,3756,5240,3912,5146,5822,4266,4700,2496,2605,3141,3189,2728,5144,507,565,1743,1670,2170,2088,2303,3397,2430,3010,1563,1787,2220,2355,1958,3797,40786,22719,6843,2738,9173,4835,3612,30,25
2021-06-23T23:59:59+02:00,18,13,1345,1353,4595,3704,5157,3863,5093,5777,4242,4665,2486,2598,3137,3187,2727,5144,473,548,1678,1613,2070,2040,2187,3304,2329,2919,1540,1763,2214,2348,1957,3795,40367,22182,6790,2665,9168,4691,3577,30,25
2021-06-22T23:59:59+02:00,17,13,1319,1334,4521,3640,5074,3817,5049,5731,4215,4638,2482,2592,3137,3186,2726,5144,459,530,1622,1573,1987,1988,2107,3196,2228,2827,1528,1739,2205,2336,1957,3791,39963,21768,6745,2549,9165,4536,3552,30,24
2021-06-21T23:59:59+02:00,17,13,1291,1294,4409,3558,4993,3772,4986,5669,4188,4620,2478,2579,3136,3181,2725,5142,443,516,1588,1539,1953,1947,2057,3117,2162,2749,1506,1704,2183,2313,1957,3787,39453,21482,6702,2456,9163,4392,3519,30,24
2021-06-20T23:59:59+02:00,16,11,1268,1263,4339,3497,4949,3756,4951,5650,4165,4608,2474,2577,3135,3181,2724,5142,427,501,1556,1510,1929,1923,2026,3092,2114,2710,1499,1690,2181,2307,1957,3786,39179,21303,6672,2419,9151,4329,3484,30,23
2021-06-19T23:59:59+02:00,15,11,1257,1244,4299,3468,4929,3731,4919,5627,4148,4599,2471,2575,3135,3180,2723,5142,422,497,1539,1493,1913,1897,2013,3069,2091,2675,1491,1682,2178,2304,1955,3785,39020,21150,6611,2390,9151,4320,3465,30,23
2021-06-18T23:59:59+02:00,11,8,1240,1224,4230,3428,4880,3694,4870,5588,4124,4587,2467,2571,3134,3178,2723,5142,410,487,1518,1476,1888,1865,1968,3020,2037,2616,1477,1667,2178,2299,1954,3782,38706,20841,6564,2387,9151,4278,3451,30,23
2021-06-17T23:59:59+02:00,9,7,1197,1189,4071,3359,4693,3620,4701,5500,4065,4543,2461,2568,3134,3177,2722,5142,378,470,1421,1443,1714,1803,1808,2927,1937,2537,1454,1645,2167,2287,1952,3780,38112,20378,6505,2283,9143,4201,3169,28,23
2021-06-16T23:59:59+02:00,9,7,1174,1157,3971,3278,4597,3570,4596,5433,4020,4513,2453,2564,3133,3173,2721,5141,363,450,1363,1407,1653,1772,1727,2848,1876,2466,1439,1619,2155,2274,1952,3776,37638,19987,6386,2215,9134,4124,3117,28,23
2021-06-15T23:59:59+02:00,9,7,1142,1124,3835,3196,4529,3514,4521,5359,3979,4482,2444,2557,3128,3171,2721,5140,353,427,1313,1360,1606,1731,1659,2790,1807,2398,1422,1590,2150,2260,1951,3775,37101,19669,6350,2130,9122,4052,3040,28,23
2021-06-14T23:59:59+02:00,9,5,1116,1092,3745,3146,4445,3457,4444,5290,3927,4449,2440,2547,3128,3167,2720,5139,344,414,1275,1328,1561,1700,1613,2734,1749,2347,1411,1565,2145,2253,1950,3773,36649,19431,6262,2063,9117,3975,2988,27,23
2021-06-13T23:59:59+02:00,9,5,1101,1078,3696,3106,4389,3415,4395,5253,3909,4434,2439,2541,3127,3166,2720,5137,339,407,1243,1312,1527,1675,1570,2699,1713,2307,1397,1544,2139,2242,1950,3771,36397,19252,6226,2042,9112,3900,2931,27,23
2021-06-12T23:59:59+02:00,9,4,1084,1057,3668,3080,4361,3394,4379,5239,3893,4424,2436,2538,3126,3165,2720,5136,335,406,1236,1295,1505,1654,1544,2680,1669,2286,1386,1533,2127,2239,1950,3771,36212,19097,6214,2042,9112,3843,2919,27,23
2021-06-11T23:59:59+02:00,8,4,1068,1046,3630,3037,4287,3367,4341,5205,3867,4413,2435,2534,3125,3163,2720,5135,326,394,1215,1262,1480,1634,1499,2631,1613,2239,1376,1518,2125,2234,1950,3770,35930,18848,6187,2034,9109,3768,2897,27,23
2021-06-10T23:59:59+02:00,7,4,1009,1004,3515,2960,4158,3288,4241,5138,3811,4379,2432,2526,3123,3161,2719,5135,310,382,1157,1227,1415,1576,1435,2561,1527,2135,1343,1486,2120,2224,1949,3767,35360,18426,6058,2027,9091,3612,2824,27,23
2021-06-09T23:59:59+02:00,7,2,960,973,3388,2866,4019,3230,4148,5059,3768,4337,2428,2520,3120,3158,2719,5135,292,366,1096,1193,1348,1548,1373,2481,1452,2062,1317,1428,2112,2211,1948,3764,34877,18111,5892,1975,9088,3481,2694,27,23
2021-06-08T23:59:59+02:00,6,2,911,935,3261,2782,3896,3144,4048,4975,3712,4310,2421,2515,3117,3155,2718,5133,279,347,1052,1154,1292,1517,1320,2423,1406,1988,1293,1395,2101,2193,1945,3760,34330,17879,5757,1930,9078,3345,2579,27,22
2021-06-07T23:59:59+02:00,5,2,883,908,3157,2708,3764,3108,3924,4902,3661,4283,2407,2509,3116,3153,2718,5131,270,340,1006,1114,1238,1496,1274,2370,1338,1935,1279,1375,2086,2176,1944,3752,33952,17711,5578,1895,9071,3216,2433,27,22
2021-06-06T23:59:59+02:00,5,2,864,898,3099,2668,3677,3063,3853,4872,3628,4270,2404,2503,3114,3152,2716,5130,263,327,992,1089,1206,1467,1251,2312,1308,1876,1263,1360,2079,2169,1942,3749,33739,17607,5447,1847,9065,3103,2354,27,22
2021-06-05T23:59:59+02:00,5,2,850,880,3029,2610,3633,3035,3816,4849,3615,4267,2403,2501,3114,3151,2716,5129,258,320,976,1069,1185,1448,1227,2285,1274,1855,1246,1337,2077,2165,1942,3749,33472,17449,5442,1844,9059,3056,2316,27,22
2021-06-04T23:59:59+02:00,3,2,827,864,2977,2561,3558,2994,3747,4796,3587,4248,2399,2498,3111,3151,2716,5129,248,313,957,1039,1165,1434,1193,2251,1242,1821,1228,1313,2067,2160,1942,3747,33151,17293,5397,1839,9056,2998,2241,27,22
2021-06-03T23:59:59+02:00,3,2,783,834,2828,2468,3379,2891,3571,4681,3495,4176,2391,2488,3107,3146,2716,5129,237,300,928,1007,1110,1383,1128,2160,1183,1759,1192,1268,2057,2146,1942,3745,32486,17077,5169,1824,9042,2835,2051,27,22
2021-06-02T23:59:59+02:00,3,2,754,828,2757,2394,3316,2840,3511,4616,3452,4150,2389,2484,3107,3145,2716,5129,223,296,909,978,1060,1354,1083,2116,1131,1710,1177,1229,2055,2143,1942,3745,32136,16865,5152,1810,9042,2798,1914,27,22
2021-06-01T23:59:59+02:00,3,2,709,800,2601,2286,3127,2741,3336,4502,3389,4090,2378,2476,3104,3139,2716,5129,210,283,833,933,962,1293,1000,2001,1075,1637,1144,1173,2046,2131,1940,3740,31535,16589,4936,1772,9033,2607,1656,27,22
2021-05-31T23:59:59+02:00,3,2,676,779,2477,2206,2989,2651,3224,4405,3334,4042,2372,2463,3102,3136,2716,5128,196,271,787,893,896,1247,952,1923,1036,1579,1122,1143,2040,2126,1938,3738,31151,16419,4709,1757,9017,2475,1451,27,22
2021-05-30T23:59:59+02:00,3,2,666,769,2424,2158,2917,2614,3169,4362,3314,4020,2368,2458,3101,3135,2715,5126,187,255,750,857,846,1202,909,1860,1013,1527,1108,1127,2034,2116,1938,3736,31002,16324,4647,1747,9008,2320,1284,27,22
2021-05-29T23:59:59+02:00,3,1,664,767,2410,2142,2894,2602,3152,4344,3304,4011,2367,2457,3101,3135,2715,5126,184,246,744,847,828,1178,892,1809,999,1492,1094,1108,2033,2109,1937,3736,30879,16233,4645,1747,9006,2181,1283,27,22
2021-05-28T23:59:59+02:00,3,1,657,757,2380,2107,2850,2576,3127,4326,3292,3995,2367,2453,3099,3129,2715,5126,181,238,733,836,818,1158,882,1770,964,1450,1072,1079,2030,2101,1936,3734,30655,16057,4635,1745,9003,2106,1279,27,22
2021-05-27T23:59:59+02:00,3,1,614,739,2254,2054,2718,2505,2993,4252,3210,3942,2358,2439,3098,3127,2715,5123,167,222,670,787,743,1103,804,1672,899,1364,1050,1048,2016,2080,1935,3732,30183,15844,4505,1705,8970,1857,1085,27,21
2021-05-26T23:59:59+02:00,3,1,585,715,2157,1989,2560,2446,2869,4187,3155,3890,2347,2427,3093,3120,2712,5117,161,208,633,748,697,1067,758,1603,853,1307,1033,1020,1997,2047,1930,3726,29789,15616,4277,1692,8943,1723,954,27,21
2021-05-25T23:59:59+02:00,3,1,563,700,2075,1934,2460,2405,2763,4104,3106,3855,2334,2418,3090,3115,2711,5113,153,200,614,718,666,1034,713,1544,803,1245,1011,998,1969,2013,1929,3722,29445,15394,4099,1656,8903,1589,890,26,20
2021-05-24T23:59:59+02:00,3,1,550,679,2022,1894,2386,2374,2695,4052,3054,3816,2322,2410,3084,3114,2708,5112,149,192,595,700,639,1002,675,1482,779,1191,990,981,1963,2009,1924,3721,29265,15289,3932,1643,8869,1465,791,26,20
2021-05-23T23:59:59+02:00,3,1,547,677,2009,1883,2374,2361,2685,4039,3043,3802,2318,2407,3084,3112,2708,5112,148,191,591,694,632,998,659,1469,768,1183,985,975,1958,2005,1922,3717,29158,15211,3929,1636,8868,1455,789,26,20
2021-05-22T23:59:59+02:00,3,1,542,668,1986,1865,2343,2346,2661,4009,3015,3775,2309,2402,3082,3109,2708,5111,145,183,584,689,628,988,646,1463,763,1174,972,968,1950,1990,1922,3717,28935,15142,3928,1636,8866,1417,780,26,20
2021-05-21T23:59:59+02:00,3,1,529,650,1907,1834,2259,2301,2598,3960,2973,3728,2302,2389,3079,3108,2708,5109,145,180,579,682,616,979,634,1451,743,1154,955,940,1938,1984,1922,3716,28481,15043,3901,1635,8849,1356,777,26,20
2021-05-20T23:59:59+02:00,3,1,491,631,1776,1766,2132,2227,2477,3868,2889,3643,2283,2376,3070,3100,2706,5106,138,171,551,647,583,939,606,1394,712,1090,929,906,1926,1970,1920,3713,27828,14910,3786,1619,8777,1150,705,26,20
2021-05-19T23:59:59+02:00,3,1,451,596,1670,1694,1997,2162,2342,3771,2786,3550,2264,2358,3063,3095,2700,5105,125,163,524,627,551,905,576,1343,685,1029,908,885,1906,1940,1913,3709,27105,14734,3715,1598,8735,1054,587,26,20
2021-05-18T23:59:59+02:00,3,0,430,574,1597,1634,1900,2103,2230,3649,2690,3453,2252,2338,3055,3087,2699,5101,118,156,500,607,529,872,559,1266,667,967,892,858,1894,1920,1909,3702,26607,14601,3544,1559,8680,948,488,26,20
2021-05-17T23:59:59+02:00,3,0,410,562,1543,1599,1848,2052,2154,3540,2637,3380,2233,2319,3044,3079,2697,5096,113,148,480,593,519,837,546,1202,655,912,874,824,1889,1909,1908,3697,26306,14513,3398,1523,8616,850,396,26,19
2021-05-16T23:59:59+02:00,3,0,406,561,1515,1570,1817,2029,2112,3489,2579,3324,2219,2310,3041,3075,2697,5095,110,146,472,574,510,821,533,1152,635,870,845,793,1883,1904,1908,3696,26127,14454,3330,1486,8579,761,323,26,19
2021-05-15T23:59:59+02:00,3,0,401,557,1489,1553,1799,2010,2093,3467,2555,3286,2212,2310,3040,3072,2696,5095,109,143,470,573,510,820,528,1148,627,862,841,791,1879,1901,1908,3696,25930,14422,3330,1485,8574,753,318,25,19
2021-05-14T23:59:59+02:00,3,0,388,545,1460,1523,1759,1967,2014,3394,2504,3240,2202,2298,3037,3072,2694,5095,107,140,468,557,492,795,508,1117,613,846,828,777,1872,1892,1908,3695,25556,14363,3288,1469,8552,652,300,25,19
2021-05-13T23:59:59+02:00,2,0,367,529,1403,1474,1657,1925,1898,3308,2435,3150,2175,2280,3028,3066,2692,5089,102,137,457,549,482,780,502,1102,602,833,801,747,1857,1868,1907,3689,25116,14280,3072,1418,8501,612,273,25,17
2021-05-12T23:59:59+02:00,1,0,360,525,1385,1466,1641,1916,1877,3284,2421,3133,2172,2273,3022,3063,2692,5088,102,135,454,549,481,773,498,1097,599,827,793,733,1853,1860,1905,3689,24985,14226,3051,1408,8495,611,270,24,17
2021-05-11T23:59:59+02:00,1,0,340,505,1318,1429,1544,1879,1768,3188,2319,3057,2155,2245,3013,3052,2688,5087,96,125,439,521,462,746,478,1066,565,805,767,700,1841,1849,1903,3685,24576,14107,2885,1368,8384,523,214,24,17
2021-05-10T23:59:59+02:00,1,0,325,489,1280,1399,1493,1850,1703,3130,2260,2987,2143,2230,3004,3043,2687,5083,96,122,433,514,453,726,471,1042,560,782,753,682,1835,1842,1901,3681,24307,14042,2810,1360,8269,469,186,24,16
2021-05-09T23:59:59+02:00,1,0,320,479,1240,1380,1470,1833,1657,3094,2196,2942,2133,2216,3001,3037,2687,5078,93,119,424,505,445,720,461,1033,549,769,739,672,1828,1837,1900,3678,24080,13997,2757,1353,8222,420,163,24,15
2021-05-08T23:59:59+02:00,1,0,314,477,1231,1362,1441,1814,1627,3068,2146,2924,2126,2208,2999,3036,2685,5077,92,119,423,504,443,719,460,1028,549,763,736,671,1822,1827,1900,3678,23857,13980,2754,1345,8218,407,162,24,15
2021-05-07T23:59:59+02:00,1,0,304,470,1204,1335,1393,1794,1569,3005,2091,2877,2117,2198,2998,3031,2683,5072,89,116,411,491,433,692,447,993,526,738,730,647,1801,1813,1900,3674,23582,13910,2725,1320,8155,303,128,24,13
2021-05-06T23:59:59+02:00,1,0,287,457,1116,1298,1275,1731,1430,2894,1952,2785,2079,2166,2994,3018,2682,5068,87,110,398,477,421,675,435,971,507,719,717,629,1784,1797,1896,3667,23081,13832,2536,1299,7947,219,100,22,12
2021-05-05T23:59:59+02:00,1,0,272,443,1076,1272,1231,1695,1362,2829,1864,2702,2055,2134,2980,3003,2682,5057,87,106,390,468,416,663,428,960,500,701,696,616,1758,1775,1896,3664,22626,13745,2476,1276,7887,171,93,22,11
2021-05-04T23:59:59+02:00,1,0,264,433,1041,1249,1192,1674,1319,2782,1806,2636,2035,2100,2970,2989,2672,5044,83,102,383,457,413,658,418,940,491,681,679,594,1742,1749,1892,3664,22285,13647,2413,1243,7841,130,87,22,10
2021-05-03T23:59:59+02:00,1,0,259,425,1010,1226,1156,1657,1290,2748,1759,2599,2018,2071,2957,2980,2670,5038,78,96,371,451,405,650,414,932,483,674,661,583,1717,1721,1890,3660,22034,13544,2389,1233,7793,109,60,22,9
2021-05-02T23:59:59+02:00,1,0,253,423,997,1214,1128,1641,1264,2734,1744,2575,2010,2056,2952,2977,2668,5035,76,96,365,448,402,645,410,926,480,668,653,571,1694,1707,1890,3659,21908,13499,2372,1210,7754,96,45,22,9
2021-05-01T23:59:59+02:00,1,0,249,419,989,1206,1117,1632,1250,2721,1729,2556,2001,2050,2949,2973,2668,5035,76,96,365,447,401,645,409,922,480,667,651,571,1694,1707,1890,3659,21777,13492,2372,1210,7754,93,45,22,9
2021-04-30T23:59:59+02:00,1,0,247,413,979,1184,1096,1612,1212,2657,1666,2496,1987,2032,2942,2968,2667,5031,75,94,364,441,398,639,408,897,475,656,644,565,1691,1701,1890,3657,21458,13476,2367,1198,7750,68,14,22,8
2021-04-29T23:59:59+02:00,1,0,233,398,931,1161,1059,1576,1164,2602,1574,2422,1936,1986,2932,2957,2662,5019,75,93,358,440,393,634,402,886,464,645,629,554,1676,1689,1884,3651,20972,13401,2331,1171,7690,47,13,22,8
2021-04-28T23:59:59+02:00,1,0,222,395,917,1146,1029,1565,1129,2564,1506,2366,1894,1924,2920,2952,2660,5016,72,92,352,437,390,625,399,876,457,631,611,535,1658,1671,1884,3649,20661,13323,2286,1126,7636,34,12,22,8
2021-04-27T23:59:59+02:00,1,0,221,389,903,1132,1013,1552,1105,2539,1483,2338,1861,1881,2914,2945,2658,5012,70,89,350,434,388,620,397,872,451,626,603,524,1646,1648,1880,3646,20458,13262,2260,1097,7601,29,12,21,8
2021-04-26T23:59:59+02:00,1,0,218,382,894,1123,1003,1539,1079,2521,1429,2288,1843,1860,2904,2934,2655,5006,70,89,346,430,388,619,391,869,447,620,594,512,1631,1633,1878,3642,20268,13217,2244,1058,7533,27,12,21,8
2021-04-25T23:59:59+02:00,1,0,218,381,886,1114,991,1531,1062,2502,1397,2254,1819,1837,2896,2927,2655,5005,69,88,345,425,385,618,389,865,445,619,591,506,1625,1623,1878,3640,20135,13198,2220,1038,7482,19,12,21,7
2021-04-24T23:59:59+02:00,1,0,214,377,875,1104,978,1517,1048,2484,1364,2232,1809,1813,2893,2921,2655,5005,69,88,345,425,384,618,389,863,444,616,590,503,1624,1620,1878,3640,19965,13191,2220,1029,7462,19,12,21,7
2021-04-23T23:59:59+02:00,1,0,210,370,864,1092,971,1507,1028,2465,1306,2184,1784,1786,2886,2915,2655,5002,68,86,345,425,384,617,388,860,441,612,583,495,1615,1611,1878,3635,19804,13165,2208,1002,7365,19,12,21,7
2021-04-22T23:59:59+02:00,1,0,209,362,839,1073,947,1484,998,2423,1252,2120,1738,1734,2873,2895,2653,4993,68,85,343,420,378,609,385,850,436,606,572,487,1596,1597,1873,3630,19501,13091,2152,975,7287,12,12,21,7
2021-04-21T23:59:59+02:00,1,0,203,355,821,1058,923,1466,959,2386,1201,2069,1691,1665,2853,2874,2646,4985,66,83,340,418,377,606,382,845,433,599,567,481,1584,1575,1862,3625,19151,13021,2118,953,7228,12,12,21,7
2021-04-20T23:59:59+02:00,1,0,197,350,805,1034,905,1447,938,2333,1160,2016,1634,1598,2823,2848,2640,4970,65,83,338,417,373,602,377,839,433,592,560,473,1561,1542,1858,3621,18832,12936,2046,930,7158,11,12,21,7
2021-04-19T23:59:59+02:00,1,0,195,342,791,1023,891,1429,921,2300,1135,1982,1594,1552,2810,2833,2638,4965,65,82,337,415,368,597,373,830,428,581,556,467,1533,1515,1852,3608,18620,12841,2029,902,7089,8,11,20,7
2021-04-18T23:59:59+02:00,1,0,194,339,784,1014,880,1419,901,2280,1114,1962,1555,1511,2801,2826,2632,4959,64,80,336,414,368,597,372,825,427,578,553,461,1523,1509,1849,3606,18485,12811,1998,886,7017,8,11,20,7
2021-04-17T23:59:59+02:00,1,0,192,335,781,1011,874,1417,892,2275,1107,1954,1535,1484,2796,2818,2632,4959,64,77,334,409,367,597,370,821,427,575,548,455,1514,1501,1849,3603,18404,12762,1997,884,6989,8,11,20,7
2021-04-16T23:59:59+02:00,1,0,191,334,772,1005,861,1400,879,2253,1069,1915,1480,1417,2783,2803,2628,4952,59,75,331,402,366,595,365,809,420,561,523,425,1501,1479,1838,3590,18177,12655,1981,819,6910,7,11,19,6
2021-04-15T23:59:59+02:00,1,0,190,329,750,988,843,1388,854,2209,1028,1876,1430,1362,2754,2775,2613,4936,57,74,326,396,361,594,357,803,410,558,508,417,1468,1447,1826,3575,17902,12540,1964,772,6781,6,11,18,6
2021-04-14T23:59:59+02:00,1,0,189,323,741,981,836,1375,838,2175,1009,1846,1372,1315,2705,2710,2600,4920,54,70,322,393,357,589,354,795,401,544,492,399,1433,1416,1819,3556,17619,12404,1943,725,6693,6,11,16,6
2021-04-13T23:59:59+02:00,1,0,185,317,732,977,825,1364,827,2150,976,1817,1308,1241,2652,2652,2592,4905,52,70,319,390,349,583,347,787,393,536,479,391,1406,1394,1810,3545,17369,12306,1891,680,6580,5,11,15,6
2021-04-12T23:59:59+02:00,1,0,185,316,727,972,817,1352,801,2127,960,1796,1259,1205,2633,2622,2588,4891,51,66,309,383,344,577,342,779,387,529,462,381,1389,1379,1807,3537,17233,12216,1866,638,6470,5,11,13,6
2021-04-11T23:59:59+02:00,0,0,183,315,721,963,810,1347,789,2111,944,1779,1237,1175,2612,2600,2583,4884,50,64,304,381,342,575,341,775,382,521,457,372,1374,1374,1803,3530,17162,12164,1841,612,6364,4,11,13,6
2021-04-10T23:59:59+02:00,0,0,183,313,721,960,808,1346,782,2103,937,1773,1223,1160,2599,2584,2582,4884,45,59,281,368,327,560,327,763,367,511,444,365,1362,1355,1798,3524,17107,11987,1832,596,6333,4,10,13,6
2021-04-09T23:59:59+02:00,0,0,183,309,717,956,798,1323,774,2019,918,1691,1168,1089,2558,2555,2579,4876,38,57,267,354,309,548,308,749,354,495,427,356,1320,1326,1785,3510,16946,11759,1795,566,6083,4,8,11,5
2021-04-08T23:59:59+02:00,0,0,182,306,713,949,788,1315,760,2002,895,1669,1096,1009,2500,2518,2567,4866,37,55,259,340,296,540,292,733,328,477,400,333,1271,1288,1761,3476,16777,11471,1729,533,5940,4,7,11,5
2021-04-07T23:59:59+02:00,0,0,176,303,705,943,780,1301,743,1974,873,1637,1042,951,2448,2458,2558,4851,35,52,241,324,286,534,283,720,313,464,371,313,1224,1250,1742,3438,16584,11200,1685,502,5781,4,7,11,5
2021-04-06T23:59:59+02:00,0,0,172,302,699,939,766,1286,723,1951,845,1612,1009,904,2408,2408,2550,4841,33,51,240,321,282,531,273,717,303,459,360,299,1195,1220,1722,3416,16465,11066,1650,468,5603,4,7,11,5
2021-04-05T23:59:59+02:00,0,0,172,302,698,933,762,1277,714,1935,834,1597,981,878,2381,2365,2545,4833,33,51,240,317,281,527,270,710,297,457,358,292,1161,1195,1714,3397,16402,10972,1633,438,5471,4,7,11,5
2021-04-04T23:59:59+02:00,0,0,171,299,695,926,757,1266,705,1919,827,1576,967,864,2375,2359,2545,4832,33,51,240,317,280,527,270,710,296,457,356,292,1143,1182,1710,3393,16373,10928,1630,438,5380,4,7,10,5
2021-04-03T23:59:59+02:00,0,0,171,299,695,926,755,1264,704,1914,819,1573,954,855,2369,2349,2542,4831,33,51,240,317,280,527,270,709,296,455,356,292,1143,1177,1710,3390,16328,10917,1630,438,5360,4,7,10,5
2021-04-02T23:59:59+02:00,0,0,171,298,695,925,754,1261,701,1907,811,1562,942,844,2347,2327,2540,4828,33,51,237,317,278,525,267,702,289,450,351,290,1122,1149,1698,3363,16258,10798,1618,431,5333,4,7,10,5
2021-04-01T23:59:59+02:00,0,0,168,295,689,914,741,1248,695,1887,793,1541,912,808,2308,2278,2534,4809,32,50,229,314,276,521,264,695,283,445,339,282,1083,1111,1665,3320,16127,10597,1555,417,5230,4,7,10,5
2021-03-31T23:59:59+02:00,0,0,165,292,682,907,731,1232,687,1841,779,1498,896,789,2262,2215,2513,4790,32,50,228,313,271,519,260,693,273,435,325,276,1018,1058,1641,3288,16008,10388,1491,398,5072,4,6,10,5
2021-03-30T23:59:59+02:00,0,0,161,285,676,898,727,1211,676,1802,769,1454,874,771,2216,2150,2499,4768,32,49,225,310,268,516,258,687,268,427,314,270,984,1029,1619,3252,15865,10231,1444,380,4918,4,6,10,5
2021-03-29T23:59:59+02:00,0,0,158,279,670,885,721,1200,666,1770,756,1415,855,753,2143,2082,2478,4738,32,48,224,309,267,514,254,680,260,416,307,264,956,1008,1606,3225,15658,10102,1400,370,4799,4,6,10,5
2021-03-28T23:59:59+02:00,0,0,150,262,660,878,715,1191,661,1749,751,1397,848,732,2096,2038,2473,4726,32,47,221,309,263,508,250,677,258,413,305,262,945,997,1600,3217,15578,10044,1346,362,4690,4,6,10,5
2021-03-27T23:59:59+01:00,0,0,150,259,656,871,711,1187,655,1738,749,1390,839,717,2085,2024,2473,4723,32,47,221,309,263,508,249,671,255,408,303,261,938,987,1583,3193,15525,9978,1337,352,4650,4,6,10,5
2021-03-26T23:59:59+01:00,0,0,148,257,646,859,705,1171,646,1720,741,1359,820,699,2059,1999,2463,4713,32,47,221,309,262,506,249,670,249,396,298,254,906,955,1550,3144,15418,9799,1300,352,4569,4,4,10,5
2021-03-25T23:59:59+01:00,0,0,145,256,636,847,684,1150,630,1683,722,1316,800,679,2017,1956,2447,4695,32,47,218,304,261,505,243,667,247,394,290,250,867,924,1488,3065,15305,9564,1246,338,4392,3,4,9,5
2021-03-24T23:59:59+01:00,0,0,142,247,622,834,677,1136,621,1645,708,1282,775,662,1975,1912,2430,4671,32,47,216,302,259,503,241,667,241,391,283,244,822,899,1437,2972,15168,9336,1212,322,4238,2,3,9,5
2021-03-23T23:59:59+01:00,0,0,139,245,615,824,663,1124,611,1623,695,1243,757,648,1934,1881,2414,4652,31,46,214,301,257,499,234,662,238,384,273,240,797,876,1359,2874,15074,9074,1183,311,4088,2,3,9,5
2021-03-22T23:59:59+01:00,0,0,136,240,597,807,645,1105,600,1591,680,1217,746,635,1903,1856,2403,4636,31,45,213,299,255,497,233,654,237,380,270,235,770,854,1267,2769,14993,8810,1151,299,3929,2,3,8,5
2021-03-21T23:59:59+01:00,0,0,134,238,593,801,641,1102,595,1567,670,1182,740,625,1879,1849,2397,4620,31,45,212,299,254,495,232,653,236,378,268,232,764,851,1258,2760,14960,8777,1130,290,3813,2,3,8,5
2021-03-20T23:59:59+01:00,0,0,132,238,587,798,638,1099,592,1563,668,1180,735,616,1855,1827,2390,4608,31,45,212,299,253,495,231,651,233,372,266,230,755,845,1240,2746,14899,8723,1120,280,3775,2,3,8,5
2021-03-19T23:59:59+01:00,0,0,123,226,581,784,630,1093,589,1545,651,1166,701,573,1797,1785,2360,4587,30,45,212,298,252,495,230,644,230,369,264,224,729,826,1204,2693,14731,8578,1046,265,3678,2,3,7,5
2021-03-18T23:59:59+01:00,0,0,120,221,563,774,610,1061,570,1495,621,1118,665,548,1747,1737,2333,4544,30,45,210,296,250,487,230,638,226,360,262,216,711,814,1171,2650,14538,8447,984,246,3463,2,3,7,5
2021-03-17T23:59:59+01:00,0,0,114,215,552,761,598,1056,559,1482,606,1095,641,524,1702,1702,2312,4505,30,44,210,295,249,484,229,637,225,357,261,214,699,802,1136,2603,14335,8330,934,240,3408,2,3,6,5
2021-03-16T23:59:59+01:00,0,0,109,209,540,749,585,1044,547,1440,590,1067,623,500,1648,1647,2291,4469,30,43,210,293,249,479,228,635,223,356,257,214,684,783,1106,2548,14157,8196,881,237,3267,2,2,6,5
2021-03-15T23:59:59+01:00,0,0,105,202,526,734,573,1020,536,1406,575,1029,604,482,1606,1609,2269,4445,29,43,209,290,249,476,226,633,221,356,249,210,665,771,1081,2512,14002,8093,826,223,3136,2,0,6,5
2021-03-14T23:59:59+01:00,0,0,101,190,517,719,562,998,528,1361,558,984,586,467,1577,1588,2253,4420,29,43,209,288,248,475,225,628,220,351,247,206,661,764,1073,2497,13895,8066,791,194,2961,2,0,6,5
2021-03-13T23:59:59+01:00,0,0,97,180,491,698,533,972,500,1338,535,963,560,459,1551,1563,2245,4412,29,43,209,288,248,475,224,628,220,350,246,206,656,755,1043,2468,13671,7989,777,193,2871,2,0,6,5
2021-03-12T23:59:59+01:00,0,0,88,174,465,669,513,944,477,1303,509,927,530,438,1496,1516,2222,4373,29,43,209,287,248,474,224,628,220,349,242,204,643,743,1018,2441,13367,7901,748,193,2741,2,0,6,4
2021-03-11T23:59:59+01:00,0,0,82,163,434,632,478,912,439,1224,471,863,500,405,1417,1449,2174,4314,29,42,208,284,243,470,222,624,216,346,237,202,627,721,993,2400,12984,7814,695,142,2472,2,0,6,4
2021-03-10T23:59:59+01:00,0,0,80,157,410,607,459,894,421,1188,443,820,470,379,1339,1385,2135,4257,29,42,206,279,239,466,219,618,216,344,232,199,608,713,970,2361,12643,7705,662,125,2330,2,0,6,4
2021-03-09T23:59:59+01:00,0,0,79,153,400,587,433,865,408,1139,425,789,448,360,1287,1352,2094,4213,29,42,205,276,237,458,216,614,212,340,230,198,597,706,951,2330,12419,7623,635,106,2156,2,0,6,4
2021-03-08T23:59:59+01:00,0,0,76,148,386,569,415,847,396,1086,414,747,432,345,1230,1316,2070,4175,29,42,205,275,234,452,212,609,208,336,228,197,585,701,941,2319,12229,7572,598,90,2000,1,0,6,3
2021-03-07T23:59:59+01:00,0,0,73,144,383,559,407,831,384,1072,407,741,429,340,1217,1296,2061,4166,29,42,204,274,234,450,210,608,208,335,227,196,581,698,933,2312,12162,7542,571,88,1948,0,0,6,3
2021-03-06T23:59:59+01:00,0,0,73,137,380,554,400,810,375,1018,399,707,427,339,1210,1285,2046,4151,29,42,204,274,233,449,210,607,208,335,227,196,578,698,931,2299,12105,7534,571,75,1804,0,0,6,3
2021-03-05T23:59:59+01:00,0,0,73,132,376,548,396,804,372,1002,387,681,415,326,1170,1243,2002,4092,29,42,203,273,232,448,209,605,207,332,225,195,573,697,923,2278,11890,7510,549,49,1742,0,0,6,3
2021-03-04T23:59:59+01:00,0,0,73,121,367,515,382,771,352,960,373,651,398,324,1118,1193,1918,3996,28,42,201,268,230,441,207,594,204,331,224,194,571,694,920,2275,11587,7462,516,48,1568,0,0,6,3
2021-03-03T23:59:59+01:00,0,0,68,114,358,499,374,754,347,938,359,631,388,316,1073,1159,1848,3874,28,42,201,267,229,439,204,584,204,324,223,191,566,691,913,2269,11311,7418,489,43,1456,0,0,5,3
2021-03-02T23:59:59+01:00,0,0,65,108,348,486,361,736,336,917,351,603,375,309,1038,1129,1750,3753,27,42,201,267,229,432,199,577,202,321,221,191,564,683,906,2256,10987,7359,465,43,1362,0,0,5,3
2021-03-01T23:59:59+01:00,0,0,64,106,342,472,354,716,325,892,344,569,370,305,1011,1097,1632,3599,27,41,200,266,227,423,197,569,202,317,220,191,561,676,897,2248,10646,7302,444,43,1254,0,0,5,3
2021-02-28T23:59:59+01:00,0,0,64,104,335,463,351,708,323,868,340,549,365,293,1002,1093,1622,3587,27,41,199,265,226,423,197,569,202,317,219,191,560,672,894,2245,10601,7287,433,43,1177,0,0,5,3
2021-02-27T23:59:59+01:00,0,0,61,95,331,454,347,704,317,855,336,539,361,289,993,1082,1600,3565,27,41,199,264,226,422,196,568,201,316,219,191,560,672,894,2245,10530,7286,421,38,1120,0,0,5,3
2021-02-26T23:59:59+01:00,0,0,59,92,324,430,322,673,297,824,323,518,357,285,968,1062,1558,3503,27,40,199,263,226,420,194,565,198,314,219,191,560,672,893,2242,10369,7268,418,38,945,0,0,5,2
2021-02-25T23:59:59+01:00,0,0,52,79,311,411,311,643,291,795,308,492,347,275,949,1043,1520,3457,27,40,198,260,222,417,191,557,193,313,214,188,549,664,882,2236,10216,7206,404,28,797,0,0,5,2
2021-02-24T23:59:59+01:00,0,0,48,74,302,399,304,630,286,780,304,482,341,274,929,1031,1473,3398,26,40,196,258,219,404,189,549,190,308,212,185,543,658,880,2223,10068,7141,390,20,727,0,0,5,2
2021-02-23T23:59:59+01:00,0,0,45,65,289,383,296,611,280,761,294,472,334,272,901,1012,1432,3325,25,40,195,256,217,399,188,543,186,305,211,184,541,648,874,2203,9892,7079,371,16,635,0,0,5,2
2021-02-22T23:59:59+01:00,0,0,42,62,282,371,292,600,276,750,290,468,327,265,879,997,1402,3289,25,38,191,253,214,386,180,533,181,302,207,182,529,640,867,2186,9770,6988,355,5,592,0,0,4,2
2021-02-21T23:59:59+01:00,0,0,41,61,277,363,290,591,272,742,283,464,324,263,874,992,1395,3280,25,37,190,251,213,384,180,524,181,300,207,182,525,639,859,2173,9744,6943,347,5,542,0,0,4,2
2021-02-20T23:59:59+01:00,0,0,40,61,274,362,290,588,271,736,280,456,323,263,861,981,1362,3249,25,37,190,251,213,384,180,524,180,299,207,182,524,639,857,2172,9659,6937,336,5,520,0,0,4,2
2021-02-19T23:59:59+01:00,0,0,39,61,270,357,284,565,261,710,275,443,319,258,838,964,1328,3219,25,36,190,251,212,383,180,523,179,299,206,181,519,638,852,2155,9553,6902,321,5,432,0,0,3,2
2021-02-18T23:59:59+01:00,0,0,39,57,252,336,275,544,252,689,258,415,315,249,826,943,1302,3187,24,35,186,244,210,377,176,507,177,288,203,176,504,624,815,2088,9459,6707,295,5,298,0,0,3,2
2021-02-17T23:59:59+01:00,0,0,39,55,245,330,272,530,247,676,255,393,310,244,806,932,1273,3140,22,33,183,239,202,362,172,490,172,276,195,172,493,609,796,2049,9326,6536,285,4,244,0,0,3,2
2021-02-16T23:59:59+01:00,0,0,38,50,234,318,269,519,241,661,248,386,305,242,795,921,1247,3108,20,33,174,231,194,343,166,478,168,262,192,165,460,578,761,1981,9231,6276,277,4,180,0,0,3,2
2021-02-15T23:59:59+01:00,0,0,37,49,228,315,262,506,237,655,245,378,301,241,777,912,1235,3089,19,31,168,225,189,335,161,467,162,255,182,159,430,549,725,1910,9167,6037,263,4,143,0,0,3,2
2021-02-14T23:59:59+01:00,0,0,35,49,225,312,260,500,235,649,245,374,301,237,770,906,1226,3070,18,31,166,222,185,330,160,455,160,252,181,156,422,540,707,1867,9144,5921,230,4,125,0,0,3,2
2021-02-13T23:59:59+01:00,0,0,34,49,225,312,258,500,235,648,245,374,301,237,768,905,1225,3070,18,31,164,221,182,330,159,453,159,249,179,153,417,537,699,1852,9138,5874,230,1,123,0,0,3,2
2021-02-12T23:59:59+01:00,0,0,33,47,222,306,255,491,231,637,242,367,300,236,762,904,1222,3060,18,31,162,218,181,329,157,451,157,248,177,149,413,521,668,1786,9109,5737,230,1,79,0,0,3,2
2021-02-11T23:59:59+01:00,0,0,32,46,214,287,248,475,224,613,229,353,296,235,754,887,1197,3027,18,30,146,198,173,298,146,404,151,226,160,133,367,472,605,1618,9037,5211,163,1,18,0,0,3,2
2021-02-10T23:59:59+01:00,0,0,31,46,211,280,245,468,220,604,226,346,292,235,742,884,1189,3017,17,27,133,175,157,260,127,355,140,201,144,125,340,441,543,1493,8982,4737,146,1,7,0,0,3,0
2021-02-09T23:59:59+01:00,0,0,30,44,210,277,243,455,215,597,222,343,288,231,738,877,1180,3004,17,26,118,146,144,237,110,312,126,174,126,116,308,385,488,1335,8927,4221,122,1,3,0,0,3,0
2021-02-08T23:59:59+01:00,0,0,30,44,209,275,237,441,212,585,219,338,283,231,730,871,1174,2997,15,24,102,124,123,193,91,271,118,162,103,107,269,333,426,1200,8861,3709,107,1,3,0,0,3,0
2021-02-07T23:59:59+01:00,0,0,30,43,207,274,235,440,212,582,219,337,283,231,728,867,1169,2994,14,18,98,116,116,182,86,253,112,152,96,102,262,320,410,1150,8840,3532,104,1,0,0,0,3,0
2021-02-06T23:59:59+01:00,0,0,30,43,207,274,235,439,212,582,219,336,282,231,727,867,1168,2982,11,14,97,114,115,178,84,246,112,150,95,101,262,316,399,1135,8837,3471,90,1,0,0,0,3,0
2021-02-05T23:59:59+01:00,0,0,29,42,207,274,235,438,210,579,217,335,281,231,725,867,1156,2955,10,10,89,106,111,175,83,241,106,138,92,99,253,310,375,1106,8817,3344,55,0,0,0,0,3,0
2021-02-04T23:59:59+01:00,0,0,29,42,205,271,231,433,205,573,215,331,278,228,719,861,1147,2944,9,7,62,74,88,131,71,203,86,119,88,85,221,274,331,979,8748,2857,55,0,0,0,0,3,0
2021-02-03T23:59:59+01:00,0,0,29,41,205,269,230,421,202,567,214,328,276,226,709,858,1140,2928,6,4,45,56,69,107,53,157,73,89,63,60,166,200,250,716,8684,2137,50,0,0,0,0,3,0
2021-02-02T23:59:59+01:00,0,0,28,41,204,267,226,415,201,562,211,327,273,225,701,848,1133,2902,3,3,29,39,54,77,41,101,54,66,54,49,119,134,166,473,8604,1477,49,0,0,0,0,3,0
2021-02-01T23:59:59+01:00,0,0,27,39,202,267,223,410,198,556,207,320,271,222,694,845,1128,2890,3,1,22,21,27,45,28,62,30,35,38,31,72,86,96,284,8539,889,49,0,0,0,0,3,0
2021-01-31T23:59:59+01:00,0,0,27,39,202,265,221,406,196,548,206,318,270,222,690,841,1122,2875,3,1,20,16,18,37,21,49,22,31,35,25,57,74,93,254,8488,762,48,0,0,0,0,3,0
2021-01-30T23:59:59+01:00,0,0,27,39,202,265,221,405,195,548,206,318,270,222,689,841,1121,2873,3,1,19,15,16,37,19,45,20,30,34,24,57,71,91,248,8483,735,47,0,0,0,0,3,0
2021-01-29T23:59:59+01:00,0,0,27,39,202,262,220,404,194,547,204,316,270,222,684,838,1115,2865,3,0,16,10,11,31,18,40,16,27,34,23,54,70,89,242,8455,687,43,0,0,0,0,2,0
2021-01-28T23:59:59+01:00,0,0,27,38,195,259,220,398,193,538,201,311,269,222,672,830,1092,2845,3,0,3,3,6,18,10,22,7,13,26,16,37,47,59,171,8365,442,34,0,0,0,0,2,0
2021-01-27T23:59:59+01:00,0,0,26,36,190,254,215,389,191,524,198,301,261,217,658,813,1068,2807,1,0,2,3,5,14,9,20,6,12,25,15,31,41,49,130,8203,363,29,0,0,0,0,2,0
2021-01-26T23:59:59+01:00,0,0,23,36,187,243,209,376,186,506,195,293,255,212,636,796,1040,2756,1,0,1,3,5,14,9,20,6,12,24,12,30,37,48,113,8008,335,24,0,0,0,0,2,0
2021-01-25T23:59:59+01:00,0,0,23,35,179,241,206,366,181,496,190,282,245,207,613,776,1014,2711,1,0,1,3,4,12,8,17,6,11,21,10,26,36,40,102,7840,298,6,0,0,0,0,2,0
2021-01-24T23:59:59+01:00,0,0,22,34,177,238,203,365,180,494,189,280,245,205,609,771,1011,2706,1,0,1,3,3,12,8,17,6,11,21,10,26,36,39,100,7804,294,5,0,0,0,0,2,0
2021-01-23T23:59:59+01:00,0,0,22,34,177,238,201,365,180,493,189,280,245,205,608,771,1003,2693,1,0,1,3,3,11,8,17,5,11,21,10,26,36,39,100,7779,292,5,0,0,0,0,2,0
2021-01-22T23:59:59+01:00,0,0,21,33,175,234,200,365,180,492,188,280,245,203,606,769,975,2651,1,0,1,3,3,11,8,17,5,11,21,10,26,36,39,100,7692,292,5,0,0,0,0,2,0
2021-01-21T23:59:59+01:00,0,0,20,33,166,225,193,347,175,469,186,263,233,198,581,743,938,2598,1,0,1,3,1,6,7,12,3,7,20,8,22,26,34,83,7439,234,5,0,0,0,0,2,0
2021-01-20T23:59:59+01:00,0,0,19,31,151,199,175,305,146,413,172,239,215,187,539,697,869,2398,1,0,1,3,1,6,7,11,3,6,19,7,21,23,30,77,6819,216,4,0,0,0,0,2,0
2021-01-19T23:59:59+01:00,0,0,19,29,128,167,159,271,133,370,157,216,180,166,476,606,771,2124,1,0,1,3,1,6,5,7,1,4,11,3,10,15,21,55,6029,144,3,0,0,0,0,2,0
2021-01-18T23:59:59+01:00,0,0,16,28,113,149,137,227,115,322,140,189,142,151,386,501,635,1781,1,0,1,1,0,3,4,5,0,4,2,1,4,6,10,28,5085,70,3,0,0,0,0,2,0
2021-01-17T23:59:59+01:00,0,0,15,18,109,135,129,214,107,298,132,177,133,137,371,471,585,1679,1,0,0,0,0,1,2,4,0,2,1,1,3,1,2,5,4756,23,3,0,0,0,0,2,0
2021-01-16T23:59:59+01:00,0,0,13,14,105,132,127,209,104,288,130,171,130,133,366,463,568,1651,0,0,0,0,0,0,0,0,0,0,0,0,0,0,0,0,4650,0,0,0,0,0,0,2,0
2021-01-15T23:59:59+01:00,0,0,11,12,100,123,123,204,102,278,128,159,126,130,358,447,538,1607,0,0,0,0,0,0,0,0,0,0,0,0,0,0,0,0,4489,0,0,0,0,0,0,2,0
2021-01-14T23:59:59+01:00,0,0,9,8,75,90,104,167,84,233,111,142,114,109,306,397,473,1391,0,0,0,0,0,0,0,0,0,0,0,0,0,0,0,0,3846,0,0,0,0,0,0,2,0
2021-01-13T23:59:59+01:00,0,0,7,7,62,80,93,140,74,191,101,116,86,80,236,282,375,1061,0,0,0,0,0,0,0,0,0,0,0,0,0,0,0,0,3018,0,0,0,0,0,0,2,0
2021-01-12T23:59:59+01:00,0,0,5,5,53,61,76,110,66,134,79,92,70,64,166,202,272,742,0,0,0,0,0,0,0,0,0,0,0,0,0,0,0,0,2221,0,0,0,0,0,0,0,0
2021-01-11T23:59:59+01:00,0,0,4,3,45,48,63,81,52,108,57,65,50,43,96,123,143,417,0,0,0,0,0,0,0,0,0,0,0,0,0,0,0,0,1417,0,0,0,0,0,0,0,0
2021-01-10T23:59:59+01:00,0,0,3,3,41,36,46,67,38,86,47,56,45,33,79,109,134,363,0,0,0,0,0,0,0,0,0,0,0,0,0,0,0,0,1197,0,0,0,0,0,0,0,0
2021-01-09T23:59:59+01:00,0,0,3,2,38,35,41,64,35,76,41,51,44,33,79,107,131,361,0,0,0,0,0,0,0,0,0,0,0,0,0,0,0,0,1150,0,0,0,0,0,0,0,0
2021-01-08T23:59:59+01:00,0,0,3,2,31,27,34,57,29,63,36,45,42,30,74,104,127,350,0,0,0,0,0,0,0,0,0,0,0,0,0,0,0,0,1061,0,0,0,0,0,0,0,0
2021-01-07T23:59:59+01:00,0,0,3,2,9,3,9,20,12,28,12,23,35,21,52,69,88,248,0,0,0,0,0,0,0,0,0,0,0,0,0,0,0,0,635,0,0,0,0,0,0,0,0
2021-01-06T23:59:59+01:00,0,0,3,0,2,3,5,15,9,22,8,14,31,19,44,58,73,197,0,0,0,0,0,0,0,0,0,0,0,0,0,0,0,0,504,0,0,0,0,0,0,0,0
2021-01-05T23:59:59+01:00,0,0,2,0,1,3,5,14,9,20,8,13,30,18,43,57,70,189,0,0,0,0,0,0,0,0,0,0,0,0,0,0,0,0,483,0,0,0,0,0,0,0,0
2021-01-04T23:59:59+01:00,0,0,1,0,1,3,5,13,8,18,7,12,26,14,34,48,54,143,0,0,0,0,0,0,0,0,0,0,0,0,0,0,0,0,387,0,0,0,0,0,0,0,0
2021-01-03T23:59:59+01:00,0,0,1,0,1,3,4,13,8,18,6,12,26,14,34,48,54,142,0,0,0,0,0,0,0,0,0,0,0,0,0,0,0,0,384,0,0,0,0,0,0,0,0
2021-01-02T23:59:59+01:00,0,0,1,0,1,3,4,13,7,18,5,12,26,14,34,48,54,142,0,0,0,0,0,0,0,0,0,0,0,0,0,0,0,0,382,0,0,0,0,0,0,0,0
2021-01-01T23:59:59+01:00,0,0,1,0,1,3,4,13,7,18,5,12,26,14,34,48,54,142,0,0,0,0,0,0,0,0,0,0,0,0,0,0,0,0,382,0,0,0,0,0,0,0,0
2020-12-31T23:59:59+01:00,0,0,1,0,1,3,4,12,7,18,5,12,26,14,34,48,54,142,0,0,0,0,0,0,0,0,0,0,0,0,0,0,0,0,381,0,0,0,0,0,0,0,0
2020-12-30T23:59:59+01:00,0,0,1,0,1,3,4,12,7,17,5,12,26,14,34,48,54,142,0,0,0,0,0,0,0,0,0,0,0,0,0,0,0,0,380,0,0,0,0,0,0,0,0
2020-12-29T23:59:59+01:00,0,0,1,0,1,3,3,8,5,12,3,9,19,10,25,40,39,115,0,0,0,0,0,0,0,0,0,0,0,0,0,0,0,0,293,0,0,0,0,0,0,0,0
2020-12-28T23:59:59+01:00,0,0,1,0,1,1,1,2,3,6,2,5,11,3,8,15,24,58,0,0,0,0,0,0,0,0,0,0,0,0,0,0,0,0,141,0,0,0,0,0,0,0,0
2020-12-27T23:59:59+01:00,0,0,1,0,0,0,0,1,2,6,0,2,2,1,5,4,5,20,0,0,0,0,0,0,0,0,0,0,0,0,0,0,0,0,49,0,0,0,0,0,0,0,0
