Datum,<15_1_m,<15_1_w,15-24_1_m,15-24_1_w,25-34_1_m,25-34_1_w,35-44_1_m,35-44_1_w,45-54_1_m,45-54_1_w,55-64_1_m,55-64_1_w,65-74_1_m,65-74_1_w,75-84_1_m,75-84_1_w,>84_1_m,>84_1_w,<15_2_m,<15_2_w,15-24_2_m,15-24_2_w,25-34_2_m,25-34_2_w,35-44_2_m,35-44_2_w,45-54_2_m,45-54_2_w,55-64_2_m,55-64_2_w,65-74_2_m,65-74_2_w,75-84_2_m,75-84_2_w,>84_2_m,>84_2_w,bp_1,bp_2,mo_1,mo_2,az_1,az_2,ja,unb_1,unb_2
2021-12-09T23:59:59+01:00,423,428,5536,4430,13288,8700,12467,7995,10483,10446,6469,7093,2123,2627,1276,1725,343,944,231,216,4578,3741,11329,7655,10857,7028,9271,9224,5843,6367,1955,2400,1195,1629,302,870,65991,55502,8658,7807,9695,8375,14702,85,92
2021-12-08T23:59:59+01:00,421,423,5532,4420,13264,8688,12447,7981,10470,10431,6460,7085,2121,2624,1276,1725,342,943,230,213,4553,3719,11260,7625,10808,7001,9220,9176,5831,6347,1954,2397,1194,1628,302,869,65863,55155,8646,7793,9695,8375,14699,85,92
2021-12-07T23:59:59+01:00,415,420,5529,4417,13257,8686,12442,7977,10467,10425,6457,7080,2118,2621,1276,1724,341,941,230,213,4544,3714,11233,7610,10790,6988,9193,9169,5819,6339,1954,2395,1193,1627,300,868,65809,55012,8640,7788,9695,8375,14699,85,92
2021-12-06T23:59:59+01:00,408,418,5510,4413,13236,8672,12423,7963,10455,10411,6450,7065,2114,2617,1274,1722,340,941,229,211,4521,3698,11173,7586,10724,6957,9144,9123,5800,6311,1951,2385,1192,1625,300,867,65664,54646,8628,7775,9695,8375,14696,84,92
2021-12-05T23:59:59+01:00,404,415,5496,4408,13224,8662,12405,7957,10444,10402,6440,7058,2110,2612,1271,1717,339,940,228,207,4497,3681,11129,7556,10667,6931,9110,9093,5778,6298,1950,2381,1191,1625,300,867,65549,54351,8618,7766,9695,8375,14693,84,91
2021-12-04T23:59:59+01:00,396,411,5488,4404,13217,8659,12399,7955,10440,10399,6437,7057,2110,2607,1271,1717,339,939,227,205,4484,3675,11110,7540,10638,6918,9081,9075,5770,6286,1948,2379,1191,1623,300,867,65495,54190,8613,7755,9695,8375,14693,84,91
2021-12-03T23:59:59+01:00,385,397,5474,4393,13199,8649,12385,7949,10432,10384,6435,7044,2107,2603,1271,1716,339,939,226,204,4455,3662,11060,7516,10585,6898,9046,9043,5747,6261,1946,2377,1188,1623,300,867,65367,53884,8601,7751,9695,8375,14689,84,91
2021-12-02T23:59:59+01:00,377,386,5457,4381,13175,8636,12353,7932,10412,10370,6424,7026,2105,2597,1269,1716,338,939,226,200,4417,3646,10989,7482,10491,6868,8972,9000,5715,6230,1944,2374,1187,1620,300,867,65176,53426,8588,7736,9695,8375,14685,84,91
2021-12-01T23:59:59+01:00,368,379,5445,4374,13156,8628,12334,7920,10397,10350,6413,7005,2103,2593,1266,1713,338,938,221,200,4388,3635,10919,7446,10422,6841,8911,8974,5699,6210,1940,2367,1186,1619,300,867,65020,53060,8573,7721,9695,8374,14683,84,91
2021-11-30T23:59:59+01:00,359,370,5433,4366,13132,8620,12312,7908,10380,10339,6404,6995,2099,2590,1265,1711,338,938,220,198,4358,3620,10874,7429,10369,6823,8874,8951,5680,6197,1939,2364,1185,1618,300,865,64872,52794,8566,7712,9695,8374,14676,84,91
2021-11-29T23:59:59+01:00,345,361,5413,4359,13107,8611,12289,7895,10370,10320,6395,6985,2099,2581,1265,1710,337,938,220,198,4339,3609,10822,7413,10315,6801,8835,8915,5661,6177,1936,2360,1184,1614,300,862,64703,52507,8561,7700,9695,8374,14671,84,91
2021-11-28T23:59:59+01:00,339,355,5396,4349,13081,8599,12276,7879,10356,10301,6390,6972,2096,2578,1265,1708,337,937,218,196,4323,3601,10794,7393,10275,6790,8809,8899,5653,6162,1932,2359,1184,1614,300,862,64550,52321,8553,7694,9695,8374,14665,84,91
2021-11-27T23:59:59+01:00,333,344,5394,4345,13074,8591,12262,7870,10349,10289,6389,6969,2096,2577,1265,1708,337,937,218,195,4315,3596,10784,7386,10247,6782,8798,8891,5649,6159,1932,2359,1184,1614,300,862,64473,52237,8547,7685,9694,8374,14664,84,91
2021-11-26T23:59:59+01:00,321,334,5381,4331,13045,8576,12241,7856,10326,10270,6380,6956,2095,2574,1265,1707,337,935,217,194,4292,3582,10739,7369,10216,6762,8767,8874,5641,6148,1931,2355,1184,1614,300,861,64292,52027,8539,7680,9694,8374,14654,84,91
2021-11-25T23:59:59+01:00,310,328,5358,4314,13001,8554,12205,7829,10296,10242,6368,6936,2087,2568,1262,1703,337,935,215,188,4248,3559,10678,7341,10147,6721,8702,8845,5623,6136,1927,2350,1184,1613,300,861,64011,51643,8532,7662,9694,8374,14644,84,91
2021-11-24T23:59:59+01:00,306,320,5333,4309,12962,8540,12183,7809,10267,10222,6349,6918,2086,2558,1260,1701,337,935,214,186,4230,3551,10620,7313,10094,6703,8665,8820,5608,6121,1925,2349,1184,1612,300,861,63785,51371,8524,7657,9694,8374,14639,84,91
2021-11-23T23:59:59+01:00,299,311,5310,4298,12920,8521,12138,7780,10229,10186,6335,6900,2080,2553,1258,1700,337,934,214,186,4211,3542,10568,7292,10054,6680,8624,8796,5594,6103,1919,2346,1184,1611,300,860,63513,51118,8501,7648,9694,8374,14627,84,91
2021-11-22T23:59:59+01:00,291,300,5291,4286,12865,8499,12095,7761,10196,10156,6322,6879,2077,2542,1257,1699,337,934,211,184,4191,3531,10526,7277,10006,6662,8586,8762,5585,6089,1916,2343,1183,1610,300,860,63226,50869,8491,7641,9694,8372,14621,84,91
2021-11-21T23:59:59+01:00,289,291,5272,4279,12820,8484,12050,7738,10169,10128,6309,6868,2074,2538,1254,1699,337,934,207,184,4178,3522,10503,7268,9974,6643,8558,8746,5575,6080,1915,2340,1183,1609,300,859,62998,50710,8480,7636,9694,8372,14606,84,91
2021-11-20T23:59:59+01:00,286,289,5229,4270,12786,8471,12029,7733,10144,10108,6292,6857,2071,2537,1253,1698,337,934,206,184,4171,3516,10484,7259,9957,6639,8548,8734,5564,6074,1911,2337,1183,1609,300,859,62812,50615,8467,7632,9694,8372,14595,84,91
2021-11-19T23:59:59+01:00,277,280,5187,4233,12728,8453,11983,7710,10103,10071,6282,6843,2067,2527,1253,1698,337,934,205,184,4144,3504,10424,7243,9917,6623,8526,8711,5550,6068,1911,2333,1183,1609,300,859,62475,50392,8457,7624,9692,8371,14586,84,91
2021-11-18T23:59:59+01:00,275,271,5145,4207,12641,8417,11917,7674,10050,10021,6259,6813,2063,2520,1250,1695,337,932,201,183,4118,3491,10370,7226,9853,6606,8487,8687,5532,6056,1907,2329,1181,1608,300,859,62029,50115,8438,7615,9692,8371,14572,84,91
2021-11-17T23:59:59+01:00,274,270,5109,4180,12562,8375,11845,7640,9992,9968,6233,6785,2058,2514,1248,1693,337,930,201,183,4090,3482,10333,7204,9799,6577,8451,8651,5511,6042,1906,2327,1179,1605,300,859,61580,49845,8430,7607,9692,8371,14555,84,91
2021-11-16T23:59:59+01:00,273,266,5078,4160,12468,8335,11763,7597,9938,9918,6202,6764,2053,2501,1248,1690,336,930,200,183,4077,3478,10307,7189,9769,6567,8424,8623,5501,6030,1905,2326,1179,1604,300,858,61126,49689,8411,7602,9692,8371,14535,84,91
2021-11-15T23:59:59+01:00,271,265,5045,4138,12378,8296,11679,7559,9873,9859,6171,6732,2046,2493,1248,1688,336,929,197,182,4056,3466,10291,7179,9734,6552,8412,8605,5493,6014,1901,2324,1178,1604,300,856,60640,49538,8401,7597,9692,8371,14513,84,91
2021-11-14T23:59:59+01:00,270,259,5001,4113,12312,8263,11611,7531,9811,9821,6149,6710,2042,2491,1246,1687,336,929,196,181,4043,3455,10252,7163,9718,6543,8401,8589,5487,6007,1901,2324,1176,1603,300,856,60252,49417,8391,7592,9692,8371,14487,84,91
2021-11-13T23:59:59+01:00,268,258,4982,4098,12258,8235,11560,7512,9769,9795,6135,6698,2040,2490,1246,1686,336,929,194,181,4036,3450,10240,7154,9712,6540,8394,8586,5484,6005,1900,2323,1176,1603,300,856,60001,49380,8373,7588,9692,8370,14468,84,91
2021-11-12T23:59:59+01:00,264,252,4940,4078,12185,8193,11490,7478,9710,9756,6113,6673,2038,2483,1245,1686,336,929,192,181,4017,3439,10216,7141,9694,6527,8375,8575,5474,6000,1900,2320,1176,1603,300,856,59584,49257,8363,7585,9692,8370,14445,84,91
2021-11-11T23:59:59+01:00,262,250,4885,4058,12073,8141,11367,7433,9632,9689,6073,6630,2032,2475,1244,1684,336,928,191,180,3994,3427,10182,7124,9665,6500,8345,8554,5470,5988,1900,2319,1174,1602,300,856,58983,49084,8338,7576,9692,8370,14411,84,91
2021-11-10T23:59:59+01:00,256,248,4831,4039,11935,8082,11264,7385,9554,9636,6041,6603,2027,2469,1243,1681,336,926,189,179,3981,3415,10156,7113,9638,6486,8317,8540,5459,5983,1898,2316,1173,1599,300,856,58402,48955,8317,7571,9691,8370,14371,84,91
2021-11-09T23:59:59+01:00,256,246,4784,4012,11830,8047,11184,7348,9498,9605,6013,6575,2026,2467,1243,1681,336,926,188,176,3966,3409,10123,7105,9614,6475,8299,8517,5449,5969,1898,2313,1171,1598,300,856,57977,48832,8302,7564,9691,8369,14328,84,91
2021-11-08T23:59:59+01:00,252,242,4731,3988,11712,8016,11073,7308,9422,9546,5982,6543,2022,2464,1242,1678,336,925,187,174,3945,3402,10091,7089,9585,6459,8282,8505,5443,5961,1896,2308,1170,1597,300,856,57447,48719,8288,7552,9690,8369,14275,84,91
2021-11-07T23:59:59+01:00,251,241,4704,3974,11647,7981,11005,7291,9374,9521,5965,6527,2020,2460,1241,1677,335,925,186,173,3935,3391,10073,7081,9567,6450,8273,8495,5438,5957,1895,2307,1169,1596,300,856,57151,48652,8272,7542,9689,8369,14243,84,91
2021-11-06T23:59:59+01:00,251,240,4693,3967,11615,7969,10962,7273,9347,9506,5952,6515,2016,2458,1241,1677,335,925,186,173,3934,3387,10068,7078,9563,6446,8268,8489,5434,5955,1893,2307,1169,1596,300,856,56960,48619,8269,7542,9689,8369,14236,84,91
2021-11-05T23:59:59+01:00,250,238,4660,3946,11554,7941,10890,7239,9279,9464,5936,6498,2015,2453,1240,1676,335,925,185,173,3919,3381,10052,7064,9547,6440,8248,8477,5430,5949,1892,2305,1169,1596,300,856,56597,48537,8264,7540,9689,8369,14200,84,91
2021-11-04T23:59:59+01:00,248,236,4601,3920,11445,7883,10777,7189,9179,9414,5907,6473,2011,2447,1239,1675,335,924,184,171,3898,3370,10020,7038,9506,6415,8223,8447,5414,5934,1891,2300,1168,1596,300,856,56083,48401,8247,7537,9689,8369,14086,84,91
2021-11-03T23:59:59+01:00,247,232,4576,3898,11348,7841,10683,7158,9107,9367,5883,6450,2008,2446,1239,1674,335,923,183,168,3881,3366,9987,7020,9473,6409,8202,8431,5408,5930,1888,2293,1168,1596,300,855,55656,48291,8238,7529,9689,8369,14031,84,91
2021-11-02T23:59:59+01:00,247,231,4543,3885,11271,7810,10603,7126,9037,9336,5856,6433,2005,2443,1239,1673,335,923,182,168,3872,3354,9961,7000,9445,6398,8183,8404,5399,5920,1885,2291,1168,1594,300,853,55310,48187,8228,7522,9689,8367,13961,84,91
2021-11-01T23:59:59+01:00,246,231,4508,3869,11201,7781,10509,7096,8973,9308,5831,6410,2002,2436,1239,1671,335,922,182,168,3852,3344,9929,6978,9410,6379,8161,8391,5387,5908,1884,2291,1168,1594,300,853,54973,48081,8220,7515,9689,8366,13876,84,91
2021-10-31T23:59:59+01:00,243,231,4496,3867,11183,7774,10498,7091,8964,9301,5830,6407,2002,2436,1239,1671,335,922,181,168,3846,3344,9922,6976,9405,6377,8159,8388,5385,5905,1883,2291,1168,1594,300,853,54924,48072,8215,7514,9689,8366,13852,84,91
2021-10-30T23:59:59+02:00,242,231,4489,3865,11165,7770,10483,7088,8955,9292,5821,6403,2001,2435,1239,1671,335,922,181,168,3844,3344,9914,6973,9400,6377,8155,8387,5380,5902,1883,2291,1168,1594,300,853,54861,48063,8215,7513,9689,8366,13830,84,91
2021-10-29T23:59:59+02:00,241,231,4442,3852,11084,7745,10403,7055,8908,9252,5802,6389,2001,2430,1239,1671,334,921,180,168,3823,3338,9880,6967,9373,6369,8137,8375,5373,5895,1881,2291,1168,1594,300,852,54548,48001,8205,7510,9689,8366,13743,84,91
2021-10-28T23:59:59+02:00,240,229,4401,3836,10982,7716,10296,7019,8847,9198,5777,6361,1999,2423,1236,1671,334,921,180,167,3803,3327,9832,6942,9319,6342,8104,8348,5359,5884,1880,2287,1167,1594,299,852,54188,47877,8189,7497,9689,8366,13595,84,91
2021-10-27T23:59:59+02:00,240,228,4378,3828,10923,7694,10245,6981,8791,9165,5757,6342,1996,2420,1236,1670,334,921,179,167,3785,3317,9800,6921,9296,6326,8085,8331,5350,5872,1877,2286,1166,1591,299,851,53927,47761,8175,7487,9689,8365,13531,84,91
2021-10-26T23:59:59+02:00,239,227,4343,3811,10879,7663,10192,6952,8748,9117,5736,6327,1994,2417,1235,1669,334,920,177,167,3770,3309,9763,6900,9265,6311,8063,8308,5339,5865,1875,2286,1164,1587,299,850,53664,47634,8165,7486,9689,8365,13453,84,91
2021-10-25T23:59:59+02:00,238,227,4338,3806,10863,7657,10170,6937,8733,9097,5733,6320,1992,2416,1235,1669,334,920,177,167,3768,3306,9753,6890,9247,6301,8052,8293,5335,5862,1874,2286,1163,1587,299,850,53593,47594,8164,7484,9689,8365,13406,84,91
2021-10-24T23:59:59+02:00,235,226,4327,3794,10822,7639,10139,6917,8714,9072,5727,6311,1990,2416,1234,1669,334,920,176,167,3760,3301,9731,6883,9228,6289,8042,8279,5330,5858,1874,2285,1163,1586,299,850,53446,47538,8158,7480,9688,8363,13358,84,91
2021-10-23T23:59:59+02:00,232,226,4322,3789,10801,7637,10128,6909,8709,9062,5725,6306,1990,2416,1234,1669,334,920,176,167,3758,3298,9723,6882,9222,6285,8036,8276,5328,5857,1874,2285,1163,1586,299,850,53387,47521,8157,7478,9688,8363,13341,84,91
2021-10-22T23:59:59+02:00,231,225,4302,3777,10766,7621,10100,6894,8684,9028,5714,6285,1990,2415,1234,1669,334,920,175,166,3750,3295,9702,6870,9201,6274,8025,8263,5320,5847,1873,2281,1163,1585,299,850,53218,47448,8153,7473,9688,8363,13291,84,91
2021-10-21T23:59:59+02:00,225,223,4282,3764,10703,7600,10055,6857,8653,8981,5705,6259,1989,2413,1233,1668,334,920,174,166,3720,3281,9654,6854,9172,6255,7998,8236,5305,5832,1871,2278,1162,1584,299,850,52979,47287,8141,7463,9688,8361,13215,84,91
2021-10-20T23:59:59+02:00,225,223,4273,3754,10683,7586,10024,6841,8626,8960,5696,6246,1986,2410,1233,1668,334,920,173,165,3709,3266,9625,6840,9147,6241,7982,8222,5297,5822,1868,2277,1162,1582,299,848,52836,47161,8137,7456,9688,8360,13183,84,91
2021-10-19T23:59:59+02:00,222,222,4261,3748,10665,7579,9997,6829,8611,8946,5688,6240,1985,2409,1233,1668,334,919,167,163,3698,3250,9605,6824,9132,6226,7969,8208,5284,5812,1868,2272,1161,1581,299,848,52736,47028,8128,7451,9688,8360,13159,84,91
2021-10-18T23:59:59+02:00,222,218,4245,3741,10650,7571,9979,6821,8600,8935,5683,6227,1984,2406,1231,1667,334,919,167,163,3686,3236,9585,6809,9116,6220,7960,8200,5283,5800,1864,2268,1161,1581,299,846,52638,46935,8124,7441,9688,8359,13136,84,91
2021-10-17T23:59:59+02:00,222,216,4234,3737,10638,7565,9966,6816,8592,8932,5682,6223,1983,2406,1231,1667,334,918,167,160,3674,3228,9573,6804,9108,6214,7948,8191,5281,5795,1863,2264,1159,1581,299,846,52587,46865,8119,7437,9688,8358,13120,84,91
2021-10-16T23:59:59+02:00,222,216,4232,3735,10632,7562,9964,6815,8589,8927,5680,6221,1982,2405,1230,1666,334,918,167,159,3672,3227,9569,6802,9108,6214,7945,8190,5280,5795,1863,2264,1159,1581,299,846,52564,46857,8116,7437,9688,8357,13114,84,91
2021-10-15T23:59:59+02:00,220,216,4220,3728,10616,7553,9951,6809,8580,8912,5672,6214,1981,2405,1230,1666,334,918,167,157,3661,3223,9558,6791,9096,6206,7938,8184,5273,5790,1863,2264,1159,1580,299,846,52474,46789,8112,7434,9688,8357,13098,84,91
2021-10-14T23:59:59+02:00,219,216,4208,3721,10587,7536,9922,6790,8556,8892,5663,6204,1980,2401,1230,1665,334,918,166,154,3635,3214,9527,6764,9064,6182,7914,8171,5262,5779,1862,2259,1156,1580,299,846,52346,46629,8103,7420,9688,8355,13051,84,91
2021-10-13T23:59:59+02:00,217,216,4194,3714,10568,7522,9904,6781,8541,8876,5655,6197,1979,2400,1230,1663,334,918,163,154,3620,3205,9497,6751,9048,6170,7897,8160,5253,5772,1862,2259,1155,1579,299,846,52252,46526,8099,7413,9688,8355,13016,84,91
2021-10-12T23:59:59+02:00,215,215,4188,3709,10550,7515,9884,6771,8528,8858,5641,6187,1978,2398,1229,1662,334,918,162,152,3613,3193,9474,6733,9023,6155,7880,8148,5238,5762,1857,2254,1155,1578,299,846,52149,46386,8094,7409,9688,8354,12993,84,91
2021-10-11T23:59:59+02:00,215,211,4175,3702,10524,7505,9860,6754,8519,8839,5635,6176,1977,2396,1229,1662,334,918,160,152,3601,3182,9434,6719,8991,6136,7862,8128,5230,5752,1856,2253,1155,1578,299,846,52050,46248,8084,7398,9688,8353,12952,84,91
2021-10-10T23:59:59+02:00,214,209,4164,3699,10516,7492,9853,6743,8509,8828,5632,6166,1976,2396,1227,1662,334,918,159,152,3590,3179,9415,6710,8980,6127,7849,8122,5224,5745,1854,2252,1155,1577,299,846,51986,46170,8074,7396,9688,8352,12933,84,91
2021-10-09T23:59:59+02:00,214,209,4163,3698,10512,7489,9840,6738,8506,8826,5630,6166,1976,2395,1227,1662,334,918,159,150,3587,3176,9413,6707,8971,6121,7845,8121,5219,5744,1854,2252,1155,1577,299,846,51969,46152,8073,7393,9688,8350,12916,84,91
2021-10-08T23:59:59+02:00,212,208,4154,3689,10491,7480,9827,6726,8492,8809,5623,6159,1975,2394,1227,1661,334,918,159,150,3579,3168,9393,6700,8954,6112,7839,8105,5209,5741,1851,2249,1154,1576,299,846,51878,46073,8069,7390,9688,8350,12885,84,91
2021-10-07T23:59:59+02:00,210,206,4137,3677,10467,7461,9787,6715,8472,8787,5618,6153,1973,2389,1227,1661,334,918,159,149,3554,3144,9349,6681,8928,6101,7816,8075,5191,5730,1848,2243,1154,1576,299,846,51738,45888,8062,7373,9688,8350,12843,84,91
2021-10-06T23:59:59+02:00,208,205,4128,3668,10438,7444,9771,6708,8461,8779,5611,6145,1971,2384,1227,1659,334,917,158,149,3538,3132,9324,6670,8909,6090,7807,8062,5189,5720,1846,2239,1154,1575,299,845,51637,45784,8058,7368,9688,8349,12813,84,91
2021-10-05T23:59:59+02:00,207,204,4110,3658,10422,7428,9751,6696,8441,8755,5603,6138,1970,2382,1227,1658,334,917,157,149,3521,3120,9303,6657,8885,6076,7784,8037,5178,5711,1844,2235,1153,1573,299,844,51525,45650,8054,7361,9688,8349,12771,84,91
2021-10-04T23:59:59+02:00,206,203,4085,3648,10395,7413,9716,6679,8423,8741,5595,6129,1968,2382,1226,1653,334,915,156,149,3506,3111,9276,6638,8850,6059,7762,8008,5168,5696,1843,2233,1152,1571,298,844,51404,45509,8045,7357,9688,8349,12708,84,91
2021-10-03T23:59:59+02:00,206,202,4071,3642,10370,7398,9704,6668,8409,8728,5592,6122,1966,2379,1225,1652,333,915,156,149,3492,3105,9248,6627,8837,6050,7752,7995,5163,5691,1842,2229,1152,1570,297,844,51326,45443,8043,7354,9688,8345,12659,84,91
2021-10-02T23:59:59+02:00,205,202,4069,3641,10369,7396,9700,6667,8407,8727,5590,6120,1965,2378,1225,1652,333,915,156,149,3489,3104,9244,6626,8835,6050,7748,7994,5162,5687,1841,2228,1152,1570,297,844,51316,45432,8041,7353,9688,8343,12650,84,91
2021-10-01T23:59:59+02:00,203,201,4059,3637,10350,7388,9683,6656,8395,8713,5586,6111,1961,2374,1225,1652,333,914,154,148,3471,3096,9225,6614,8818,6038,7738,7983,5156,5680,1839,2228,1152,1570,297,844,51243,45358,8038,7349,9688,8339,12606,84,91
2021-09-30T23:59:59+02:00,203,200,4026,3621,10302,7365,9643,6627,8367,8685,5569,6097,1958,2371,1224,1652,333,913,152,147,3447,3073,9177,6585,8781,6016,7722,7949,5140,5666,1837,2222,1152,1570,297,843,51069,45215,8030,7322,9688,8336,12499,84,91
2021-09-29T23:59:59+02:00,203,197,4007,3607,10257,7349,9624,6605,8352,8656,5560,6091,1956,2368,1223,1650,333,912,152,146,3427,3062,9142,6576,8764,5995,7709,7929,5127,5652,1837,2220,1152,1569,297,843,50936,45115,8021,7315,9688,8332,12428,84,91
2021-09-28T23:59:59+02:00,201,197,3995,3598,10214,7329,9592,6591,8324,8620,5551,6074,1956,2361,1223,1649,333,910,149,145,3410,3048,9113,6556,8741,5979,7681,7902,5119,5639,1837,2214,1152,1568,297,842,50801,45005,8013,7309,9688,8330,12336,84,91
2021-09-27T23:59:59+02:00,198,197,3974,3581,10178,7298,9568,6566,8302,8590,5536,6062,1953,2349,1222,1649,332,909,149,143,3390,3034,9068,6528,8710,5951,7655,7872,5107,5631,1834,2205,1151,1567,297,841,50670,44867,8004,7306,9688,8326,12220,84,91
2021-09-26T23:59:59+02:00,196,197,3966,3572,10157,7288,9557,6557,8288,8578,5531,6056,1948,2348,1220,1648,332,909,148,142,3381,3028,9047,6523,8701,5940,7642,7864,5100,5621,1831,2204,1151,1566,297,840,50597,44807,8003,7302,9687,8322,12178,84,91
2021-09-25T23:59:59+02:00,196,196,3960,3571,10148,7284,9553,6554,8282,8577,5527,6056,1948,2347,1220,1647,332,909,148,140,3374,3025,9039,6519,8697,5938,7638,7859,5098,5620,1831,2203,1150,1563,297,840,50578,44786,8001,7300,9687,8318,12158,84,91
2021-09-24T23:59:59+02:00,195,193,3947,3564,10114,7271,9537,6543,8258,8558,5519,6044,1946,2345,1220,1646,332,909,147,140,3361,3014,9011,6505,8683,5927,7615,7844,5091,5611,1830,2199,1150,1563,297,840,50492,44720,7999,7295,9687,8318,12077,84,91
2021-09-23T23:59:59+02:00,193,190,3909,3543,10044,7238,9480,6499,8219,8507,5501,6024,1940,2338,1218,1643,332,909,147,139,3332,2997,8950,6473,8629,5891,7575,7796,5073,5594,1823,2195,1149,1561,297,840,50328,44610,7989,7286,9687,8314,11828,84,91
2021-09-22T23:59:59+02:00,190,190,3885,3527,10011,7219,9453,6476,8184,8491,5482,6014,1938,2334,1217,1643,332,909,144,137,3310,2990,8918,6453,8602,5876,7544,7775,5056,5588,1818,2188,1147,1561,297,839,50192,44486,7984,7283,9685,8308,11736,84,91
2021-09-21T23:59:59+02:00,189,189,3865,3514,9984,7197,9404,6454,8149,8463,5466,6003,1937,2334,1217,1643,332,909,143,137,3286,2976,8880,6426,8554,5860,7508,7741,5039,5568,1817,2187,1146,1560,297,839,50066,44327,7975,7275,9685,8308,11621,84,91
2021-09-20T23:59:59+02:00,187,189,3838,3500,9944,7179,9363,6432,8115,8431,5458,5987,1933,2331,1217,1643,332,907,143,136,3265,2952,8836,6407,8512,5836,7473,7708,5031,5548,1814,2185,1145,1559,296,839,49927,44182,7972,7270,9685,8302,11493,84,91
2021-09-19T23:59:59+02:00,187,189,3821,3491,9909,7172,9346,6421,8109,8421,5451,5980,1931,2328,1215,1641,332,906,141,136,3255,2943,8805,6396,8489,5826,7458,7693,5024,5540,1813,2181,1144,1558,296,838,49861,44111,7966,7264,9685,8297,11424,84,91
2021-09-18T23:59:59+02:00,187,188,3818,3491,9904,7170,9339,6418,8103,8419,5449,5979,1931,2328,1215,1641,332,906,141,136,3248,2939,8796,6394,8476,5823,7451,7691,5020,5535,1813,2181,1144,1557,296,838,49849,44069,7965,7263,9684,8297,11405,84,91
2021-09-17T23:59:59+02:00,187,187,3801,3482,9864,7157,9311,6405,8081,8406,5438,5969,1930,2323,1213,1641,332,906,141,136,3234,2930,8754,6381,8448,5812,7428,7681,5011,5526,1813,2180,1143,1557,296,838,49754,43996,7958,7251,9682,8294,11320,84,91
2021-09-16T23:59:59+02:00,187,187,3776,3458,9805,7130,9264,6379,8044,8368,5418,5955,1928,2318,1212,1641,332,905,141,135,3219,2919,8712,6360,8414,5789,7406,7655,4996,5517,1811,2179,1143,1557,295,836,49541,43875,7932,7241,9680,8286,11232,84,91
2021-09-15T23:59:59+02:00,185,186,3754,3446,9764,7110,9230,6354,8013,8350,5411,5935,1925,2314,1209,1640,331,903,139,135,3203,2914,8678,6339,8381,5761,7370,7635,4978,5500,1808,2175,1143,1554,293,833,49382,43727,7925,7233,9680,8282,11144,84,91
2021-09-14T23:59:59+02:00,184,185,3728,3426,9721,7084,9185,6324,7983,8317,5399,5917,1922,2311,1209,1638,330,903,139,134,3181,2899,8638,6311,8342,5744,7344,7611,4964,5483,1807,2175,1142,1551,293,832,49207,43594,7913,7224,9680,8279,11035,84,91
2021-09-13T23:59:59+02:00,181,185,3710,3412,9682,7065,9153,6300,7965,8281,5383,5901,1920,2307,1209,1638,330,902,137,132,3162,2890,8608,6292,8324,5731,7334,7589,4956,5477,1806,2171,1142,1549,293,832,49038,43486,7893,7218,9680,8278,10980,84,91
2021-09-12T23:59:59+02:00,181,184,3694,3411,9659,7052,9143,6290,7956,8265,5376,5894,1919,2305,1208,1635,330,901,136,131,3147,2881,8584,6279,8315,5720,7318,7572,4952,5469,1802,2170,1142,1549,293,831,48957,43404,7892,7213,9680,8270,10940,84,91
2021-09-11T23:59:59+02:00,181,184,3691,3408,9652,7048,9140,6286,7955,8263,5373,5892,1918,2304,1207,1635,330,901,135,131,3145,2880,8577,6276,8313,5716,7317,7568,4951,5467,1802,2170,1142,1549,293,831,48938,43390,7891,7213,9679,8270,10924,84,91
2021-09-10T23:59:59+02:00,180,181,3662,3401,9623,7026,9114,6273,7931,8241,5361,5871,1914,2301,1207,1635,330,901,134,128,3128,2874,8548,6251,8287,5701,7295,7548,4937,5448,1801,2169,1142,1547,293,831,48842,43316,7887,7207,9679,8269,10801,84,91
2021-09-09T23:59:59+02:00,178,180,3643,3386,9570,6999,9075,6248,7908,8202,5344,5860,1912,2298,1207,1634,330,901,132,127,3116,2866,8511,6225,8260,5680,7269,7516,4923,5433,1800,2165,1141,1546,293,831,48669,43202,7879,7195,9678,8260,10703,84,90
2021-09-08T23:59:59+02:00,177,178,3623,3377,9536,6989,9051,6219,7890,8171,5328,5842,1908,2296,1206,1632,330,900,130,125,3098,2853,8467,6207,8226,5656,7241,7477,4913,5409,1799,2163,1140,1546,293,831,48562,43064,7872,7186,9677,8256,10592,84,90
2021-09-07T23:59:59+02:00,176,176,3598,3368,9509,6965,9023,6199,7867,8152,5312,5830,1908,2294,1205,1631,330,896,128,124,3079,2845,8440,6181,8202,5632,7223,7453,4898,5396,1796,2159,1139,1545,293,831,48414,42934,7870,7176,9677,8250,10525,84,90
2021-09-06T23:59:59+02:00,176,176,3581,3358,9478,6947,8994,6184,7848,8124,5305,5818,1905,2285,1202,1631,329,896,128,124,3061,2832,8413,6167,8176,5620,7205,7425,4890,5381,1792,2157,1139,1545,293,831,48279,42823,7868,7171,9676,8249,10456,84,90
2021-09-05T23:59:59+02:00,176,175,3570,3353,9467,6939,8980,6174,7845,8114,5298,5808,1904,2283,1202,1631,329,895,128,123,3051,2830,8397,6152,8166,5608,7198,7417,4880,5374,1790,2156,1139,1544,293,831,48223,42764,7864,7164,9674,8248,10421,84,90
2021-09-04T23:59:59+02:00,176,173,3564,3350,9463,6934,8973,6173,7841,8113,5298,5807,1904,2283,1202,1631,329,895,127,123,3046,2826,8392,6146,8160,5608,7191,7415,4879,5373,1788,2155,1138,1544,293,831,48206,42742,7864,7161,9674,8247,10404,84,90
2021-09-03T23:59:59+02:00,174,172,3548,3332,9432,6924,8952,6156,7822,8097,5285,5792,1900,2280,1202,1630,329,893,126,120,3031,2810,8365,6131,8135,5588,7168,7391,4866,5353,1783,2153,1138,1542,293,829,48123,42648,7852,7139,9674,8245,10307,84,90
2021-09-02T23:59:59+02:00,174,170,3521,3314,9383,6899,8912,6137,7800,8072,5272,5774,1895,2274,1200,1629,329,892,125,118,3012,2797,8319,6112,8097,5568,7143,7362,4857,5332,1778,2148,1136,1541,293,826,47987,42535,7843,7127,9672,8241,10178,84,89
2021-09-01T23:59:59+02:00,171,170,3503,3303,9344,6885,8883,6124,7779,8055,5263,5766,1893,2272,1199,1626,329,892,122,116,2993,2789,8272,6090,8061,5548,7112,7342,4846,5318,1774,2146,1135,1538,293,826,47874,42382,7830,7105,9672,8238,10108,84,89
2021-08-31T23:59:59+02:00,169,169,3489,3293,9305,6862,8864,6114,7759,8034,5255,5756,1889,2270,1198,1625,329,891,121,114,2975,2777,8226,6068,8041,5529,7085,7314,4834,5299,1770,2144,1134,1538,293,826,47773,42255,7824,7095,9671,8222,10023,84,89
2021-08-30T23:59:59+02:00,168,169,3460,3273,9266,6834,8821,6092,7720,7999,5241,5739,1884,2268,1197,1625,329,891,121,113,2944,2764,8178,6042,8003,5510,7049,7291,4822,5280,1766,2139,1133,1538,292,825,47608,42116,7823,7085,9669,8220,9891,84,89
2021-08-29T23:59:59+02:00,167,169,3446,3258,9237,6825,8800,6083,7710,7989,5233,5729,1882,2265,1197,1625,328,891,121,110,2924,2741,8139,6032,7982,5491,7035,7277,4812,5275,1764,2138,1131,1537,291,825,47536,42010,7817,7074,9668,8215,9824,84,89
2021-08-28T23:59:59+02:00,166,169,3440,3257,9234,6823,8792,6082,7703,7987,5233,5727,1882,2264,1197,1624,328,891,121,109,2919,2736,8134,6028,7975,5487,7029,7273,4809,5274,1764,2138,1131,1536,291,825,47520,41984,7816,7073,9668,8215,9804,84,89
2021-08-27T23:59:59+02:00,165,169,3427,3253,9213,6813,8766,6073,7685,7977,5221,5719,1882,2264,1197,1623,328,891,121,108,2900,2730,8113,6020,7952,5472,7016,7265,4800,5267,1764,2138,1130,1534,291,825,47457,41920,7815,7071,9666,8213,9734,84,89
2021-08-26T23:59:59+02:00,165,167,3397,3241,9169,6790,8730,6058,7660,7955,5206,5706,1879,2261,1197,1622,328,890,118,105,2874,2709,8067,5989,7898,5441,6976,7236,4774,5252,1759,2132,1130,1533,291,825,47312,41715,7808,7053,9665,8191,9631,84,89
2021-08-25T23:59:59+02:00,161,166,3380,3231,9131,6771,8694,6040,7636,7932,5192,5684,1877,2257,1197,1620,328,890,115,102,2837,2687,8016,5952,7849,5402,6939,7197,4758,5223,1758,2126,1129,1532,291,825,47195,41467,7801,7045,9664,8183,9517,84,89
2021-08-24T23:59:59+02:00,161,165,3374,3222,9113,6754,8675,6023,7621,7909,5182,5673,1874,2256,1196,1617,328,888,114,102,2816,2665,7984,5917,7815,5379,6912,7169,4741,5205,1757,2124,1129,1531,291,824,47121,41292,7796,7035,9664,8178,9437,84,89
2021-08-23T23:59:59+02:00,160,160,3347,3203,9071,6733,8632,6002,7592,7880,5170,5659,1873,2254,1194,1614,328,887,113,101,2786,2642,7939,5876,7774,5362,6879,7137,4727,5189,1753,2124,1129,1529,290,824,46973,41124,7787,7021,9661,8172,9314,84,89
2021-08-22T23:59:59+02:00,160,160,3334,3195,9057,6716,8619,5995,7573,7868,5163,5653,1872,2253,1193,1614,328,887,112,101,2770,2627,7908,5853,7754,5349,6859,7116,4722,5178,1748,2119,1128,1529,289,824,46902,40992,7780,7011,9661,8167,9269,84,89
2021-08-21T23:59:59+02:00,159,160,3325,3187,9044,6707,8609,5993,7567,7864,5161,5647,1871,2253,1193,1613,328,887,107,99,2760,2619,7888,5844,7735,5339,6847,7108,4714,5168,1747,2117,1127,1529,289,824,46847,40913,7777,6983,9661,8166,9250,84,89
2021-08-20T23:59:59+02:00,158,158,3314,3178,9017,6689,8574,5973,7548,7841,5149,5633,1869,2250,1193,1612,328,885,105,97,2729,2603,7840,5810,7695,5307,6809,7069,4698,5145,1742,2113,1126,1526,289,822,46768,40732,7768,6943,9660,8156,9138,84,89
2021-08-19T23:59:59+02:00,157,155,3295,3165,8973,6663,8540,5953,7525,7813,5136,5614,1863,2247,1192,1610,328,884,99,92,2685,2582,7761,5761,7635,5269,6761,7011,4669,5112,1737,2109,1126,1525,289,822,46637,40398,7755,6911,9658,8147,9022,84,89
2021-08-18T23:59:59+02:00,156,153,3285,3155,8952,6643,8508,5940,7491,7795,5123,5605,1858,2245,1192,1610,327,883,97,90,2658,2562,7697,5724,7574,5233,6717,6978,4644,5088,1732,2104,1124,1525,289,822,46524,40149,7750,6857,9657,8135,8944,84,89
2021-08-17T23:59:59+02:00,155,153,3268,3144,8928,6616,8483,5924,7480,7771,5112,5592,1855,2243,1191,1609,326,883,93,87,2628,2545,7634,5674,7533,5195,6687,6937,4625,5067,1723,2099,1123,1521,288,822,46402,39871,7743,6816,9656,8127,8884,84,89
2021-08-16T23:59:59+02:00,153,152,3256,3132,8904,6601,8462,5917,7465,7755,5099,5579,1854,2242,1191,1609,326,883,86,85,2599,2515,7553,5630,7460,5161,6635,6894,4592,5042,1721,2095,1121,1520,288,822,46307,39488,7738,6800,9656,8115,8828,84,89
2021-08-15T23:59:59+02:00,152,151,3248,3118,8876,6591,8444,5907,7446,7741,5093,5567,1852,2239,1191,1608,326,883,78,82,2561,2479,7487,5596,7424,5132,6593,6863,4578,5029,1716,2089,1120,1518,288,822,46212,39187,7731,6779,9655,8107,8784,84,89
2021-08-14T23:59:59+02:00,151,151,3241,3113,8865,6588,8438,5906,7445,7737,5090,5565,1850,2238,1191,1607,326,883,78,80,2549,2470,7460,5583,7412,5121,6586,6848,4561,5019,1711,2086,1120,1516,288,821,46193,39082,7731,6765,9655,8106,8754,84,89
2021-08-13T23:59:59+02:00,151,150,3225,3109,8843,6580,8429,5893,7431,7723,5081,5556,1850,2234,1190,1606,326,883,77,78,2512,2450,7410,5552,7376,5095,6546,6817,4549,5004,1710,2082,1118,1516,288,821,46122,38841,7730,6750,9655,8105,8698,84,89
2021-08-12T23:59:59+02:00,149,145,3207,3101,8815,6562,8397,5874,7408,7701,5065,5541,1847,2233,1186,1604,326,883,76,77,2467,2414,7317,5503,7322,5055,6496,6767,4523,4974,1705,2079,1115,1515,287,821,46016,38506,7722,6716,9652,8079,8597,83,89
2021-08-11T23:59:59+02:00,147,143,3189,3084,8778,6534,8373,5861,7386,7681,5055,5526,1845,2231,1185,1603,326,883,74,75,2434,2381,7236,5441,7242,5010,6437,6702,4501,4935,1700,2070,1113,1513,287,819,45888,38061,7711,6680,9647,8072,8525,83,89
2021-08-10T23:59:59+02:00,147,142,3170,3072,8747,6522,8344,5841,7356,7664,5037,5517,1841,2231,1185,1601,326,882,73,71,2358,2323,7108,5378,7151,4938,6339,6635,4455,4910,1689,2062,1110,1510,287,818,45776,37423,7703,6653,9644,8057,8441,83,89
2021-08-09T23:59:59+02:00,144,142,3149,3062,8715,6498,8317,5830,7329,7645,5028,5503,1840,2230,1185,1601,326,881,69,70,2293,2258,6992,5296,7050,4893,6267,6576,4425,4874,1683,2052,1109,1509,287,818,45684,36908,7697,6591,9643,8034,8337,83,89
2021-08-08T23:59:59+02:00,144,141,3136,3054,8696,6489,8300,5817,7317,7636,5021,5499,1836,2230,1185,1601,326,881,69,69,2268,2230,6924,5262,7002,4866,6228,6553,4414,4857,1673,2048,1108,1507,287,818,45621,36669,7695,6545,9640,8023,8287,83,89
2021-08-07T23:59:59+02:00,143,140,3130,3047,8677,6476,8284,5805,7307,7626,5015,5494,1834,2230,1184,1601,326,881,66,62,2232,2208,6846,5211,6943,4831,6192,6515,4398,4843,1668,2046,1108,1504,287,818,45560,36342,7690,6516,9639,8015,8243,83,89
2021-08-06T23:59:59+02:00,143,139,3117,3036,8650,6464,8251,5781,7288,7601,5003,5480,1830,2228,1184,1600,326,881,60,58,2192,2167,6735,5139,6862,4795,6147,6475,4376,4822,1665,2043,1107,1501,287,818,45496,35968,7671,6489,9639,7999,8127,83,88
2021-08-05T23:59:59+02:00,142,137,3094,3020,8625,6439,8207,5762,7263,7575,4984,5457,1826,2225,1182,1596,326,880,56,54,2151,2116,6600,5027,6743,4739,6075,6408,4335,4781,1658,2036,1104,1499,287,818,45357,35463,7662,6393,9638,7940,8007,83,88
2021-08-04T23:59:59+02:00,139,133,3054,2998,8556,6401,8167,5734,7232,7546,4968,5441,1822,2220,1179,1595,326,880,56,48,2090,2078,6467,4955,6620,4682,6001,6340,4305,4742,1648,2029,1099,1496,287,817,45137,34935,7647,6342,9638,7905,7878,83,88
2021-08-03T23:59:59+02:00,137,132,3036,2978,8525,6383,8133,5715,7209,7520,4955,5426,1818,2219,1178,1592,326,880,53,48,2055,2049,6370,4884,6513,4628,5929,6281,4263,4696,1642,2022,1098,1494,287,817,44986,34441,7642,6296,9637,7880,7801,83,87
2021-08-02T23:59:59+02:00,137,132,3013,2952,8490,6359,8109,5702,7185,7504,4938,5416,1814,2215,1177,1592,325,880,52,47,2027,2013,6231,4789,6396,4564,5856,6226,4216,4662,1635,2007,1097,1491,286,816,44839,33846,7635,6253,9636,7856,7731,83,85
2021-08-01T23:59:59+02:00,137,131,2997,2936,8460,6336,8094,5685,7173,7496,4932,5407,1813,2214,1175,1592,325,880,50,46,2004,1991,6151,4737,6329,4515,5812,6201,4200,4641,1633,2004,1095,1488,286,816,44741,33530,7623,6224,9636,7832,7681,83,83
2021-07-31T23:59:59+02:00,135,130,2990,2929,8446,6330,8083,5681,7166,7487,4931,5404,1812,2214,1175,1592,325,880,47,35,1962,1949,6047,4670,6260,4466,5759,6164,4171,4618,1628,2001,1095,1487,286,816,44700,33031,7621,6211,9636,7825,7651,83,83
2021-07-30T23:59:59+02:00,131,128,2982,2920,8416,6314,8068,5665,7145,7471,4924,5397,1811,2212,1175,1591,325,880,43,34,1942,1924,5960,4624,6190,4410,5702,6114,4145,4599,1624,1999,1094,1484,286,816,44613,32646,7607,6183,9635,7814,7594,83,83
2021-07-29T23:59:59+02:00,129,126,2949,2902,8359,6275,8027,5619,7115,7430,4899,5377,1809,2207,1173,1590,325,880,38,30,1898,1894,5826,4515,6051,4333,5608,6028,4094,4548,1617,1989,1091,1482,286,816,44413,32038,7591,6123,9629,7775,7444,83,83
2021-07-28T23:59:59+02:00,126,123,2928,2888,8329,6247,8002,5593,7093,7406,4887,5361,1805,2205,1172,1588,324,879,37,27,1860,1849,5716,4438,5935,4259,5525,5954,4058,4514,1605,1981,1090,1480,286,815,44236,31464,7581,6065,9625,7727,7396,83,83
2021-07-27T23:59:59+02:00,122,122,2912,2869,8288,6230,7967,5573,7075,7388,4875,5348,1805,2203,1172,1587,323,879,35,27,1811,1817,5571,4347,5807,4177,5429,5886,4018,4463,1597,1970,1089,1477,285,814,44117,30845,7564,5984,9623,7682,7315,83,83
2021-07-26T23:59:59+02:00,120,120,2886,2853,8253,6206,7932,5556,7054,7366,4868,5337,1803,2202,1170,1587,323,879,35,27,1766,1759,5424,4279,5705,4108,5353,5814,3962,4428,1594,1958,1088,1472,284,813,43974,30254,7540,5911,9620,7631,7257,83,83
2021-07-25T23:59:59+02:00,114,118,2869,2840,8218,6185,7905,5548,7033,7348,4858,5331,1801,2199,1169,1586,323,878,32,24,1738,1733,5365,4232,5646,4075,5302,5777,3928,4404,1589,1953,1087,1471,284,812,43830,29952,7533,5876,9618,7592,7209,83,83
2021-07-24T23:59:59+02:00,114,116,2857,2826,8193,6172,7881,5534,7019,7335,4848,5326,1799,2196,1169,1586,323,878,31,24,1719,1709,5313,4208,5570,4025,5259,5752,3906,4396,1587,1951,1085,1468,284,811,43748,29736,7510,5782,9617,7591,7160,83,83
2021-07-23T23:59:59+02:00,112,114,2832,2805,8137,6150,7852,5510,6981,7309,4829,5312,1797,2192,1167,1586,323,878,27,21,1658,1672,5162,4098,5433,3957,5185,5681,3853,4365,1584,1941,1083,1463,283,811,43576,29061,7502,5753,9615,7570,7046,83,83
2021-07-22T23:59:59+02:00,109,111,2797,2776,8065,6101,7797,5473,6931,7260,4795,5288,1789,2185,1166,1585,323,877,26,20,1607,1633,4986,4017,5276,3875,5023,5598,3773,4312,1570,1930,1078,1461,282,810,43256,28387,7476,5600,9605,7498,6931,83,83
2021-07-21T23:59:59+02:00,108,108,2768,2762,7998,6068,7744,5435,6871,7219,4772,5264,1781,2178,1165,1582,323,875,26,18,1569,1584,4861,3930,5137,3809,4920,5489,3699,4270,1557,1918,1075,1460,282,808,43001,27889,7434,5383,9598,7437,6816,83,82
2021-07-20T23:59:59+02:00,108,108,2747,2738,7943,6035,7709,5405,6831,7178,4751,5244,1777,2174,1165,1581,323,874,25,18,1534,1549,4728,3852,5044,3754,4816,5409,3647,4238,1552,1908,1073,1459,282,807,42753,27371,7426,5304,9595,7377,6738,83,82
2021-07-19T23:59:59+02:00,107,108,2723,2713,7884,5992,7658,5386,6786,7145,4734,5227,1771,2167,1163,1577,322,873,24,15,1510,1521,4646,3796,4957,3715,4744,5347,3611,4209,1546,1900,1069,1456,280,806,42460,27036,7411,5173,9592,7336,6690,83,82
2021-07-18T23:59:59+02:00,107,105,2696,2688,7814,5960,7623,5359,6746,7108,4717,5217,1765,2160,1160,1577,321,872,22,15,1489,1496,4599,3755,4918,3681,4694,5318,3575,4194,1540,1891,1068,1456,280,804,42160,26816,7398,5093,9587,7308,6655,83,81
2021-07-17T23:59:59+02:00,102,101,2683,2670,7796,5947,7606,5341,6728,7092,4695,5205,1761,2159,1160,1576,321,870,22,15,1474,1481,4558,3724,4866,3655,4656,5286,3546,4182,1535,1888,1068,1454,280,804,42047,26635,7388,5034,9584,7300,6597,83,81
2021-07-16T23:59:59+02:00,102,98,2644,2647,7733,5911,7543,5300,6680,7050,4666,5178,1755,2153,1158,1575,321,870,21,14,1431,1449,4455,3663,4771,3609,4564,5230,3482,4137,1522,1880,1063,1452,280,803,41855,26270,7364,4994,9576,7232,6381,83,81
2021-07-15T23:59:59+02:00,99,94,2595,2621,7659,5876,7487,5260,6632,6996,4648,5150,1751,2148,1156,1572,320,870,19,14,1372,1413,4240,3546,4578,3503,4417,5131,3420,4071,1510,1870,1058,1447,279,803,41530,25526,7345,4759,9569,7162,6272,82,81
2021-07-14T23:59:59+02:00,98,91,2561,2604,7584,5846,7414,5224,6578,6947,4622,5128,1745,2141,1154,1570,320,870,18,14,1324,1370,4101,3452,4466,3432,4304,5059,3369,4026,1499,1858,1055,1443,279,803,41207,24983,7323,4648,9567,7083,6171,82,81
2021-07-13T23:59:59+02:00,94,88,2526,2575,7531,5812,7349,5180,6538,6895,4601,5110,1735,2135,1152,1570,320,870,17,12,1287,1327,3977,3345,4337,3360,4210,4970,3309,3966,1470,1850,1052,1436,278,801,40879,24456,7314,4490,9565,6967,6087,82,81
2021-07-12T23:59:59+02:00,89,88,2500,2547,7454,5770,7277,5134,6485,6853,4571,5084,1730,2132,1149,1570,320,870,16,12,1254,1301,3862,3255,4212,3287,4107,4886,3255,3919,1457,1840,1048,1428,278,801,40517,23965,7299,4359,9561,6875,6002,81,80
2021-07-11T23:59:59+02:00,82,85,2484,2531,7415,5743,7245,5108,6457,6833,4561,5077,1727,2128,1147,1570,319,870,16,12,1240,1282,3808,3204,4151,3250,4053,4856,3228,3905,1446,1827,1046,1424,277,801,40390,23766,7279,4316,9556,6812,5910,80,80
2021-07-10T23:59:59+02:00,81,84,2455,2496,7329,5703,7177,5069,6405,6798,4537,5065,1723,2124,1147,1567,319,869,16,12,1214,1263,3746,3161,4102,3220,4014,4824,3210,3891,1438,1819,1046,1422,277,801,40132,23571,7252,4315,9544,6797,5763,80,79
2021-07-09T23:59:59+02:00,80,81,2428,2477,7257,5665,7132,5041,6359,6767,4519,5042,1721,2118,1147,1566,319,869,12,8,1188,1245,3690,3109,4049,3173,3958,4783,3182,3861,1436,1803,1044,1420,277,801,39900,23310,7223,4278,9534,6740,5665,80,79
2021-07-08T23:59:59+02:00,75,78,2377,2429,7161,5599,7029,4989,6293,6701,4480,5008,1714,2107,1145,1563,318,869,10,8,1115,1189,3518,3017,3847,3091,3774,4685,3106,3798,1417,1786,1041,1411,276,800,39554,22779,7145,3983,9503,6592,5459,80,79
2021-07-07T23:59:59+02:00,75,77,2301,2377,7044,5523,6925,4933,6220,6643,4446,4960,1707,2098,1143,1559,317,869,10,8,1056,1146,3350,2925,3659,2999,3612,4578,3053,3734,1400,1755,1034,1403,276,798,39053,22171,7100,3722,9477,6506,5297,80,79
2021-07-06T23:59:59+02:00,72,76,2250,2337,6935,5467,6836,4889,6164,6573,4407,4926,1698,2092,1140,1555,317,869,10,8,1016,1101,3232,2821,3568,2936,3537,4486,2999,3672,1374,1723,1029,1395,276,798,38599,21646,7045,3616,9460,6410,5192,80,78
2021-07-05T23:59:59+02:00,70,76,2179,2286,6789,5392,6715,4850,6093,6514,4369,4887,1692,2084,1138,1553,317,867,10,8,972,1061,3118,2746,3487,2890,3459,4412,2954,3615,1354,1704,1022,1384,276,796,38095,21250,6993,3536,9432,6319,5030,79,77
2021-07-04T23:59:59+02:00,70,74,2137,2235,6698,5341,6674,4820,6050,6491,4352,4864,1689,2081,1138,1551,317,866,9,8,931,1031,3049,2687,3448,2859,3425,4378,2927,3590,1338,1683,1020,1382,275,796,37875,21086,6950,3476,9407,6240,4889,79,77
2021-07-03T23:59:59+02:00,66,60,2035,2149,6472,5175,6520,4730,5962,6403,4300,4831,1684,2075,1137,1547,317,866,9,8,893,1000,2968,2636,3388,2827,3380,4329,2894,3559,1332,1678,1019,1378,275,794,37005,20871,6914,3470,9399,6215,4662,79,77
2021-07-02T23:59:59+02:00,57,52,1990,2105,6388,5125,6476,4700,5939,6375,4283,4812,1682,2069,1135,1546,316,866,9,8,870,971,2896,2582,3315,2780,3332,4276,2864,3520,1314,1658,1013,1372,275,791,36693,20542,6879,3444,9393,6109,4592,78,77
2021-07-01T23:59:59+02:00,53,45,1932,2063,6275,5047,6390,4650,5857,6304,4254,4781,1679,2063,1134,1545,314,865,9,8,789,916,2692,2490,3119,2690,3145,4149,2762,3425,1287,1634,1003,1355,275,789,36245,19696,6825,3211,9376,6000,4438,78,77
2021-06-30T23:59:59+02:00,53,44,1881,2004,6140,4958,6283,4598,5795,6258,4238,4755,1675,2054,1132,1542,314,865,9,7,750,878,2572,2408,3000,2631,3031,4053,2689,3347,1259,1606,995,1344,274,788,35789,19187,6760,3080,9360,5861,4298,77,77
2021-06-29T23:59:59+02:00,51,43,1811,1919,6007,4863,6185,4537,5733,6196,4209,4723,1668,2049,1130,1541,314,864,8,7,714,829,2472,2317,2920,2564,2922,3932,2631,3292,1241,1571,983,1333,274,785,35197,18657,6724,2999,9351,5735,4170,76,77
2021-06-28T23:59:59+02:00,49,41,1774,1859,5879,4790,6110,4482,5689,6156,4180,4697,1666,2039,1129,1540,314,864,8,7,696,796,2359,2235,2837,2499,2841,3844,2584,3245,1222,1554,976,1327,274,783,34750,18285,6664,2839,9340,5628,4086,76,77
2021-06-27T23:59:59+02:00,49,40,1744,1829,5827,4746,6069,4445,5640,6140,4168,4682,1664,2035,1129,1539,314,864,7,6,678,775,2301,2190,2794,2466,2791,3800,2553,3222,1211,1541,974,1318,274,783,34540,18108,6631,2778,9318,5528,4013,76,77
2021-06-26T23:59:59+02:00,42,34,1710,1799,5753,4698,5977,4398,5599,6107,4149,4666,1663,2033,1129,1537,314,864,7,6,670,763,2262,2159,2755,2440,2770,3773,2527,3201,1194,1531,973,1315,274,783,34166,17850,6542,2773,9318,5508,4012,76,75
2021-06-25T23:59:59+02:00,36,28,1670,1756,5637,4623,5917,4369,5558,6082,4125,4655,1660,2032,1127,1536,313,864,6,6,661,741,2205,2122,2685,2368,2659,3639,2482,3098,1184,1508,970,1312,273,782,33714,17356,6511,2741,9317,5325,4005,76,75
2021-06-24T23:59:59+02:00,28,23,1617,1702,5452,4510,5784,4312,5454,6036,4082,4629,1656,2027,1127,1535,312,864,6,6,619,717,2077,2045,2489,2290,2482,3551,2373,3004,1152,1483,961,1305,272,779,33043,16811,6448,2364,9307,5241,3890,76,75
2021-06-23T23:59:59+02:00,27,23,1581,1656,5350,4447,5699,4253,5404,5990,4060,4593,1646,2021,1125,1532,311,864,6,6,587,691,2003,1972,2372,2234,2359,3453,2267,2914,1125,1460,954,1295,271,778,32561,16199,6393,2277,9300,5092,3855,76,75
2021-06-22T23:59:59+02:00,27,23,1550,1638,5268,4372,5610,4202,5352,5942,4035,4568,1640,2015,1124,1530,311,864,6,6,568,666,1929,1916,2279,2174,2270,3344,2161,2823,1107,1437,944,1283,270,773,32110,15727,6346,2132,9295,4922,3827,76,74
2021-06-21T23:59:59+02:00,26,23,1516,1594,5133,4280,5523,4158,5278,5880,4005,4543,1635,2002,1123,1525,310,862,6,6,548,646,1886,1871,2238,2130,2215,3254,2090,2740,1088,1407,920,1261,270,769,31535,15404,6302,2029,9287,4769,3783,76,74
2021-06-20T23:59:59+02:00,25,21,1485,1558,5055,4203,5471,4135,5242,5858,3980,4532,1632,2001,1122,1525,309,862,6,6,531,628,1852,1840,2211,2106,2184,3224,2047,2700,1076,1391,916,1252,270,768,31217,15204,6262,1988,9273,4699,3745,76,73
2021-06-19T23:59:59+02:00,24,21,1467,1538,5006,4168,5445,4107,5213,5832,3959,4521,1625,1999,1122,1524,309,862,6,6,522,622,1829,1811,2188,2077,2170,3199,2021,2660,1067,1383,912,1251,268,767,31024,15012,6192,1955,9273,4692,3722,76,72
2021-06-18T23:59:59+02:00,19,17,1439,1517,4921,4120,5389,4062,5165,5794,3933,4509,1622,1996,1119,1522,309,862,6,6,507,611,1808,1792,2159,2043,2119,3150,1965,2603,1053,1367,910,1246,267,765,30657,14684,6143,1951,9271,4637,3709,76,72
2021-06-17T23:59:59+02:00,16,16,1399,1473,4742,4030,5191,3981,4985,5700,3875,4463,1615,1993,1119,1521,308,862,6,6,467,588,1704,1753,1970,1978,1954,3046,1859,2517,1027,1349,896,1235,265,763,29999,14192,6076,1834,9263,4542,3399,76,72
2021-06-16T23:59:59+02:00,15,15,1367,1439,4633,3943,5087,3923,4880,5636,3828,4437,1608,1989,1118,1517,308,861,6,6,447,563,1639,1707,1904,1941,1864,2958,1797,2435,1009,1321,886,1220,265,759,29490,13742,5954,1761,9249,4452,3339,76,72
2021-06-15T23:59:59+02:00,15,15,1331,1405,4492,3845,5008,3854,4802,5565,3786,4404,1597,1982,1113,1514,308,860,6,6,432,537,1579,1651,1845,1895,1791,2902,1720,2366,991,1295,879,1208,264,758,28894,13382,5920,1671,9234,4374,3254,76,72
2021-06-14T23:59:59+02:00,15,13,1304,1361,4386,3782,4923,3800,4717,5487,3731,4376,1593,1973,1111,1509,306,859,6,6,423,524,1525,1613,1791,1859,1735,2832,1661,2314,980,1271,874,1201,263,757,28391,13113,5820,1589,9230,4287,3192,76,71
2021-06-13T23:59:59+02:00,14,13,1286,1342,4337,3744,4873,3757,4666,5443,3712,4358,1591,1967,1111,1507,306,858,6,6,415,516,1489,1595,1751,1835,1693,2795,1625,2269,961,1251,871,1189,263,755,28124,12928,5784,1562,9225,4203,3130,76,71
2021-06-12T23:59:59+02:00,14,12,1272,1316,4301,3723,4841,3731,4647,5426,3699,4347,1589,1963,1109,1506,306,857,6,6,412,512,1476,1574,1722,1809,1671,2773,1596,2248,953,1242,860,1186,263,754,27918,12772,5773,1560,9224,4141,3117,76,70
2021-06-11T23:59:59+02:00,13,12,1253,1300,4260,3673,4765,3707,4601,5388,3669,4335,1588,1961,1108,1503,306,856,6,6,400,498,1451,1532,1690,1788,1628,2725,1547,2205,941,1227,856,1181,263,752,27603,12510,5741,1552,9219,4059,3094,76,70
2021-06-10T23:59:59+02:00,13,10,1191,1241,4123,3584,4627,3624,4499,5317,3617,4296,1583,1953,1106,1502,306,856,6,6,379,477,1378,1485,1613,1729,1557,2647,1456,2101,912,1193,852,1172,261,749,26965,12041,5594,1538,9198,3882,3016,76,69
2021-06-09T23:59:59+02:00,12,8,1140,1201,3966,3473,4486,3558,4409,5235,3569,4254,1576,1946,1104,1499,306,855,5,6,360,455,1313,1441,1547,1693,1499,2565,1377,2034,881,1141,843,1158,260,746,26432,11728,5405,1474,9187,3738,2872,76,69
2021-06-08T23:59:59+02:00,11,8,1081,1154,3813,3372,4359,3474,4296,5150,3517,4224,1570,1940,1101,1496,304,853,5,5,343,433,1263,1400,1488,1655,1438,2505,1327,1959,857,1103,832,1141,256,743,25821,11465,5258,1422,9176,3595,2745,74,67
2021-06-07T23:59:59+02:00,10,8,1052,1124,3698,3283,4220,3436,4171,5078,3460,4197,1557,1934,1100,1494,304,852,2,2,333,424,1216,1354,1426,1632,1384,2451,1256,1907,842,1084,819,1125,254,739,25400,11272,5067,1385,9170,3460,2597,74,66
2021-06-06T23:59:59+02:00,10,8,1029,1111,3635,3243,4136,3383,4093,5045,3426,4182,1555,1929,1097,1493,303,852,2,2,325,411,1196,1324,1391,1598,1359,2389,1226,1844,830,1068,811,1116,254,736,25182,11141,4916,1332,9156,3346,2516,74,66
2021-06-05T23:59:59+02:00,10,8,1014,1093,3546,3169,4080,3350,4057,5022,3415,4178,1553,1925,1097,1492,303,851,2,1,316,400,1174,1298,1370,1580,1334,2357,1191,1824,817,1044,810,1112,254,736,24857,10960,4908,1329,9152,3294,2476,73,65
2021-06-04T23:59:59+02:00,8,8,988,1073,3493,3111,4003,3307,3991,4966,3385,4157,1549,1921,1094,1492,303,851,2,1,305,391,1149,1266,1342,1560,1305,2311,1161,1793,800,1023,804,1107,254,733,24520,10805,4859,1322,9149,3230,2384,73,65
2021-06-03T23:59:59+02:00,7,7,943,1039,3326,3009,3802,3196,3814,4845,3291,4084,1540,1909,1090,1487,303,851,1,1,294,380,1106,1221,1280,1500,1232,2224,1094,1730,761,981,794,1093,254,732,23800,10564,4620,1301,9131,3058,2174,73,63
2021-06-02T23:59:59+02:00,7,7,915,1024,3248,2932,3742,3149,3749,4782,3249,4056,1537,1903,1089,1486,303,851,1,1,283,370,1075,1197,1233,1479,1185,2180,1038,1683,745,947,790,1087,254,731,23411,10328,4599,1287,9131,3016,2056,73,63
2021-06-01T23:59:59+02:00,7,7,863,984,3072,2808,3549,3050,3581,4677,3187,3995,1527,1894,1086,1481,303,850,0,1,270,354,986,1135,1134,1421,1100,2071,985,1602,711,896,784,1078,253,725,22762,10030,4366,1252,9118,2808,1807,73,61
2021-05-31T23:59:59+02:00,7,6,824,954,2943,2720,3396,2952,3470,4583,3133,3941,1521,1881,1083,1477,303,850,0,1,255,334,944,1090,1061,1366,1051,1991,944,1542,691,870,777,1073,252,725,22335,9842,4119,1237,9096,2667,1600,73,60
2021-05-30T23:59:59+02:00,7,6,813,943,2880,2669,3325,2912,3412,4538,3108,3919,1517,1874,1083,1477,303,849,0,1,245,317,899,1039,1005,1324,1004,1929,915,1482,678,854,774,1063,252,724,22169,9731,4055,1227,9082,2491,1425,73,60
2021-05-29T23:59:59+02:00,7,6,810,940,2859,2652,3301,2896,3393,4523,3100,3910,1515,1873,1083,1477,303,849,0,1,242,306,894,1024,986,1295,988,1879,901,1450,665,832,770,1058,251,724,22035,9634,4053,1225,9079,2349,1424,72,60
2021-05-28T23:59:59+02:00,7,6,799,926,2820,2607,3250,2864,3364,4499,3090,3894,1515,1870,1081,1471,303,849,0,1,236,296,880,1004,974,1270,973,1834,869,1409,646,801,766,1050,250,722,21766,9442,4038,1220,9077,2259,1419,72,59
2021-05-27T23:59:59+02:00,7,6,750,900,2683,2538,3103,2792,3215,4415,3005,3842,1506,1860,1079,1469,302,847,0,0,221,278,819,949,887,1209,879,1734,798,1322,620,768,756,1034,249,720,21247,9218,3891,1181,9043,1990,1200,72,56
2021-05-26T23:59:59+02:00,7,6,714,863,2571,2456,2938,2722,3086,4344,2955,3793,1494,1850,1078,1462,300,842,0,0,211,259,772,902,837,1170,835,1661,755,1260,604,743,738,1001,247,717,20805,8979,3632,1165,9015,1842,1066,72,56
2021-05-25T23:59:59+02:00,7,6,689,840,2473,2393,2830,2675,2982,4259,2907,3753,1482,1842,1075,1457,300,840,0,0,198,246,742,869,802,1132,796,1600,700,1196,582,721,716,974,246,715,20415,8749,3447,1128,8970,1696,1002,71,51
2021-05-24T23:59:59+02:00,7,6,672,816,2412,2347,2753,2639,2908,4200,2853,3710,1470,1835,1068,1456,300,838,0,0,192,238,713,847,772,1098,759,1542,674,1143,566,707,709,968,246,713,20203,8642,3264,1114,8935,1574,898,71,49
2021-05-23T23:59:59+02:00,7,6,668,815,2391,2330,2737,2623,2896,4183,2840,3693,1467,1831,1068,1454,300,838,0,0,190,236,705,838,758,1091,743,1532,660,1133,562,700,706,962,245,710,20067,8552,3258,1105,8932,1562,896,71,45
2021-05-22T23:59:59+02:00,7,6,661,802,2360,2305,2696,2599,2870,4151,2804,3664,1461,1827,1068,1452,300,837,0,0,188,228,695,832,751,1078,727,1523,653,1126,552,689,700,949,244,710,19797,8481,3257,1104,8929,1516,885,71,44
2021-05-21T23:59:59+02:00,7,6,647,787,2270,2264,2607,2547,2793,4100,2761,3618,1455,1814,1066,1451,300,836,0,0,186,225,688,822,739,1068,713,1509,635,1105,538,662,693,941,244,708,19289,8382,3232,1101,8906,1454,879,71,44
2021-05-20T23:59:59+02:00,7,6,611,760,2144,2184,2466,2466,2657,3995,2680,3534,1439,1798,1064,1441,300,835,0,0,176,214,656,778,702,1027,680,1451,611,1041,519,633,686,932,243,707,18595,8252,3105,1089,8827,1238,806,71,42
2021-05-19T23:59:59+02:00,6,6,571,720,2024,2090,2315,2390,2512,3893,2577,3436,1419,1780,1056,1438,298,835,0,0,162,206,623,753,669,992,642,1393,585,981,503,610,675,909,242,705,17796,8083,3022,1068,8783,1130,683,71,42
2021-05-18T23:59:59+02:00,6,5,538,699,1937,2003,2206,2328,2392,3771,2479,3344,1407,1760,1048,1431,298,831,0,0,155,197,601,722,639,958,624,1315,565,916,482,580,667,896,241,701,17250,7947,2838,1028,8722,1019,572,71,42
2021-05-17T23:59:59+02:00,4,2,512,684,1874,1962,2146,2274,2310,3650,2416,3269,1388,1741,1041,1424,298,829,0,0,149,189,580,707,630,918,610,1250,546,858,465,548,664,888,241,700,16923,7866,2668,994,8651,913,468,70,42
2021-05-16T23:59:59+02:00,3,2,506,683,1844,1932,2101,2242,2265,3598,2358,3205,1373,1732,1039,1418,298,828,0,0,144,188,569,686,614,900,592,1203,530,820,440,516,662,885,241,699,16722,7812,2596,963,8601,825,379,69,40
2021-05-15T23:59:59+02:00,3,1,500,677,1812,1911,2081,2217,2245,3573,2332,3162,1365,1730,1038,1415,297,828,0,0,142,184,565,685,613,895,586,1198,524,807,436,514,660,883,241,699,16496,7776,2591,961,8592,812,373,69,40
2021-05-14T23:59:59+02:00,3,1,483,661,1781,1869,2036,2173,2153,3500,2289,3120,1357,1720,1036,1415,295,828,0,0,138,178,559,668,593,871,564,1162,506,791,420,499,655,877,240,697,16100,7709,2547,946,8570,701,346,69,40
2021-05-13T23:59:59+02:00,2,1,454,633,1700,1817,1916,2117,2032,3413,2221,3027,1331,1700,1028,1412,293,824,0,0,132,175,544,660,583,854,552,1141,489,777,400,470,641,852,240,692,15652,7614,2267,901,8515,659,310,68,39
2021-05-12T23:59:59+02:00,2,1,445,627,1680,1801,1898,2104,2005,3386,2204,3011,1327,1695,1024,1410,293,823,0,0,132,172,540,660,582,847,549,1135,487,768,394,458,639,846,240,692,15495,7567,2241,892,8507,655,308,66,39
2021-05-11T23:59:59+02:00,2,1,423,603,1594,1760,1783,2062,1890,3292,2093,2941,1313,1669,1020,1401,293,823,0,0,126,162,520,623,561,820,528,1101,456,746,372,430,629,840,240,692,15060,7462,2054,864,8389,551,241,66,39
2021-05-10T23:59:59+02:00,2,1,404,585,1544,1725,1725,2027,1810,3225,2032,2874,1305,1655,1014,1394,293,820,0,0,126,159,514,616,549,796,519,1075,450,725,363,417,627,837,240,691,14760,7410,1968,856,8258,494,215,65,37
2021-05-09T23:59:59+02:00,2,1,397,573,1496,1698,1686,2007,1763,3185,1967,2833,1291,1641,1012,1389,293,818,0,0,121,156,507,607,537,787,509,1064,440,712,353,405,622,832,240,690,14508,7370,1911,845,8200,444,190,64,36
2021-05-08T23:59:59+02:00,2,1,392,567,1482,1674,1647,1985,1738,3160,1934,2812,1284,1634,1009,1388,292,818,0,0,120,156,504,607,534,786,507,1058,440,706,352,403,618,823,240,690,14281,7350,1903,840,8196,433,188,64,34
2021-05-07T23:59:59+02:00,2,1,379,557,1451,1641,1593,1963,1676,3092,1885,2760,1276,1625,1007,1383,292,814,0,0,116,152,493,592,522,759,495,1023,423,680,349,382,603,810,240,688,13982,7297,1871,813,8129,329,152,64,32
2021-05-06T23:59:59+02:00,2,1,354,542,1351,1592,1477,1899,1531,2973,1744,2662,1244,1594,1004,1372,292,811,0,0,114,147,477,574,510,740,482,997,406,658,340,367,589,795,240,685,13456,7229,1680,792,7892,239,121,62,30
2021-05-05T23:59:59+02:00,2,1,339,527,1308,1559,1428,1855,1460,2902,1659,2576,1225,1570,996,1359,292,806,0,0,113,143,466,563,505,727,474,986,400,640,322,354,571,778,240,684,13005,7152,1614,772,7824,189,113,62,28
2021-05-04T23:59:59+02:00,2,1,329,513,1252,1521,1388,1825,1409,2853,1599,2514,1206,1541,990,1346,291,801,0,0,109,139,455,547,501,720,461,966,388,622,310,338,561,757,240,684,12654,7068,1549,744,7764,147,99,58,27
2021-05-03T23:59:59+02:00,2,1,322,505,1209,1496,1348,1803,1375,2814,1556,2474,1186,1515,984,1339,289,797,0,0,101,135,444,538,490,712,454,958,378,613,298,330,545,740,239,682,12379,6981,1524,735,7712,127,73,58,26
2021-05-02T23:59:59+02:00,2,1,318,504,1193,1480,1315,1783,1345,2793,1542,2449,1177,1501,981,1338,289,795,0,0,98,134,437,530,484,706,447,951,375,610,294,322,526,729,239,682,12234,6937,1508,715,7672,111,57,57,24
2021-05-01T23:59:59+02:00,2,1,314,498,1183,1472,1303,1769,1330,2780,1521,2432,1171,1495,979,1334,289,794,0,0,97,133,437,529,481,706,445,948,375,608,292,322,526,729,239,682,12092,6925,1505,715,7670,108,56,57,23
2021-04-30T23:59:59+02:00,2,1,308,489,1171,1445,1276,1748,1299,2713,1466,2381,1157,1477,974,1331,289,791,0,0,96,130,434,524,478,699,443,922,370,598,287,315,523,724,239,681,11775,6906,1500,704,7663,82,26,57,22
2021-04-29T23:59:59+02:00,2,0,292,473,1113,1410,1222,1707,1247,2654,1373,2312,1114,1434,969,1323,288,789,0,0,96,128,429,522,473,694,435,910,361,590,278,305,512,714,238,677,11278,6846,1458,684,7593,59,24,54,22
2021-04-28T23:59:59+02:00,2,0,280,467,1095,1390,1191,1692,1212,2614,1302,2256,1081,1380,959,1321,288,787,0,0,92,125,424,518,466,684,427,901,356,577,263,287,501,701,237,676,10976,6769,1405,647,7533,44,23,54,21
2021-04-27T23:59:59+02:00,2,0,276,457,1074,1371,1170,1680,1184,2590,1276,2227,1055,1343,953,1315,288,784,0,0,90,122,419,512,463,676,423,895,348,571,258,279,491,682,236,675,10770,6713,1376,618,7492,37,22,49,18
2021-04-26T23:59:59+02:00,2,0,273,451,1065,1360,1160,1664,1152,2572,1226,2178,1037,1323,947,1308,287,783,0,0,90,122,415,505,463,672,419,891,346,565,251,271,481,673,236,675,10588,6674,1360,594,7426,34,22,48,18
2021-04-25T23:59:59+02:00,2,0,272,448,1054,1345,1140,1655,1132,2554,1197,2150,1015,1301,944,1301,287,783,0,0,89,119,413,495,460,672,418,886,345,564,250,267,476,664,236,674,10455,6651,1334,578,7375,26,22,44,18
2021-04-24T23:59:59+02:00,2,0,266,443,1039,1331,1127,1639,1116,2535,1169,2132,1006,1277,941,1298,287,783,0,0,89,119,413,495,458,672,418,883,344,561,249,266,475,661,236,674,10280,6644,1334,570,7351,25,22,42,18
2021-04-23T23:59:59+02:00,2,0,264,433,1028,1315,1115,1629,1098,2513,1111,2087,983,1252,939,1291,287,780,0,0,88,118,413,494,456,671,417,881,341,558,245,261,470,656,236,674,10113,6621,1319,558,7256,25,22,41,17
2021-04-22T23:59:59+02:00,2,0,260,422,1004,1290,1093,1607,1060,2469,1061,2024,953,1210,931,1278,287,776,0,0,88,117,410,489,450,664,412,872,338,552,239,256,461,646,235,672,9828,6564,1269,544,7179,18,22,40,16
2021-04-21T23:59:59+02:00,2,0,255,418,978,1269,1068,1588,1024,2433,1014,1973,917,1160,921,1262,286,773,0,0,87,115,408,488,448,660,408,864,333,541,235,250,450,631,234,669,9519,6506,1244,523,7116,18,22,40,14
2021-04-20T23:59:59+02:00,2,0,248,412,959,1240,1048,1564,999,2380,974,1917,869,1096,907,1246,284,771,0,0,86,115,406,485,445,653,402,857,329,534,229,242,438,612,233,669,9230,6439,1173,506,7043,17,22,40,13
2021-04-19T23:59:59+02:00,2,0,245,401,938,1227,1035,1544,983,2347,944,1877,842,1065,903,1239,284,768,0,0,85,114,405,483,440,647,398,847,324,524,229,237,428,593,231,664,9044,6376,1154,486,6973,14,21,39,13
2021-04-18T23:59:59+02:00,2,0,243,396,928,1216,1020,1534,962,2329,921,1854,816,1025,901,1234,283,766,0,0,84,112,400,481,440,645,397,844,323,521,228,233,422,589,231,664,8909,6354,1124,472,6915,14,21,39,13
2021-04-17T23:59:59+02:00,2,0,242,391,926,1212,1012,1530,953,2319,916,1848,799,999,898,1228,283,766,0,0,84,109,397,477,438,645,394,839,323,516,226,229,416,582,231,663,8833,6310,1122,471,6886,13,21,39,13
2021-04-16T23:59:59+02:00,2,0,240,390,913,1208,999,1510,938,2296,886,1808,760,942,889,1218,282,763,0,0,80,106,394,469,435,643,382,826,317,504,212,214,412,573,228,660,8637,6235,1107,431,6813,12,21,39,12
2021-04-15T23:59:59+02:00,2,0,238,383,887,1190,981,1494,910,2247,840,1769,724,895,877,1199,282,759,0,0,78,104,391,461,429,634,374,818,310,501,204,208,394,549,225,654,8398,6143,1094,401,6689,11,21,38,12
2021-04-14T23:59:59+02:00,2,0,236,375,876,1178,969,1479,895,2210,822,1738,683,850,846,1154,282,755,0,0,75,99,385,456,416,621,369,807,299,493,194,191,377,529,223,649,8161,6023,1074,368,6612,11,21,37,12
2021-04-13T23:59:59+02:00,2,0,232,371,863,1170,960,1468,882,2184,793,1707,627,795,825,1122,281,751,0,0,71,94,375,447,395,605,349,789,291,486,191,187,363,516,222,646,7990,5897,1025,339,6511,9,21,35,12
2021-04-12T23:59:59+02:00,2,0,230,370,856,1163,950,1451,855,2162,775,1683,596,765,814,1105,281,749,0,0,70,90,360,439,390,598,344,781,283,479,184,181,355,506,221,639,7884,5811,1004,313,6412,9,21,31,11
2021-04-11T23:59:59+02:00,1,0,226,368,846,1151,940,1444,840,2146,761,1664,578,739,807,1083,280,746,0,0,69,88,354,435,384,596,340,777,280,473,179,173,347,503,219,638,7819,5755,983,301,6310,7,21,28,11
2021-04-10T23:59:59+02:00,1,0,226,366,845,1147,935,1442,828,2136,751,1655,571,723,799,1069,279,746,0,0,65,80,328,418,361,581,327,762,266,463,172,165,341,488,218,636,7757,5568,977,295,6276,7,20,27,11
2021-04-09T23:59:59+02:00,1,0,226,362,835,1142,918,1417,818,2054,735,1569,534,659,778,1045,277,741,0,0,56,75,309,406,345,568,310,747,254,450,163,159,321,467,214,628,7625,5369,951,286,6022,7,16,24,11
2021-04-08T23:59:59+02:00,1,0,222,359,828,1135,905,1409,804,2033,710,1549,490,594,747,1021,275,737,0,0,54,72,297,388,329,554,296,732,240,431,153,143,305,449,212,610,7501,5165,907,273,5893,7,15,24,11
2021-04-07T23:59:59+02:00,1,0,216,354,817,1124,887,1391,783,2003,689,1516,451,551,718,983,272,733,0,0,52,69,277,372,319,548,288,719,230,417,139,133,285,429,206,600,7350,4992,872,258,5737,7,15,23,10
2021-04-06T23:59:59+02:00,1,0,213,352,809,1117,873,1371,763,1978,661,1490,424,512,693,951,271,730,0,0,50,67,276,367,315,546,279,714,226,410,134,129,276,409,201,590,7250,4918,843,239,5580,6,15,21,10
2021-04-05T23:59:59+02:00,1,0,213,351,804,1110,865,1359,754,1960,654,1474,403,491,676,926,271,729,0,0,50,66,275,363,314,542,275,708,222,409,133,126,263,387,196,582,7205,4853,831,224,5463,6,15,21,10
2021-04-04T23:59:59+02:00,1,0,212,347,800,1100,859,1349,744,1942,647,1455,391,479,673,921,271,729,0,0,50,65,274,362,313,542,274,708,221,409,131,125,254,374,192,580,7179,4818,826,223,5375,6,13,21,10
2021-04-03T23:59:59+02:00,1,0,212,346,798,1100,857,1347,744,1937,640,1452,383,473,670,912,271,728,0,0,50,64,274,362,313,542,274,707,221,407,131,125,254,372,192,578,7143,4811,826,223,5361,6,12,21,10
2021-04-02T23:59:59+02:00,1,0,211,344,797,1097,855,1345,739,1927,632,1441,373,464,657,901,270,727,0,0,50,63,271,360,309,540,270,699,216,398,129,124,247,353,191,565,7087,4731,819,220,5333,6,12,19,10
2021-04-01T23:59:59+02:00,1,0,208,341,790,1083,843,1331,732,1907,618,1422,358,439,624,868,269,721,0,0,48,62,263,353,304,536,268,691,214,393,121,122,231,328,188,544,6995,4620,774,213,5240,5,10,19,10
2021-03-31T23:59:59+02:00,1,0,204,338,781,1074,833,1317,722,1858,608,1381,347,426,600,822,266,718,0,0,48,62,262,352,299,533,264,689,208,389,116,119,217,301,186,523,6917,4532,727,205,5104,5,8,19,10
2021-03-30T23:59:59+02:00,1,0,201,332,775,1064,827,1293,708,1817,598,1336,334,410,575,785,264,718,0,0,48,61,259,348,294,530,263,684,205,383,113,117,207,282,182,509,6834,4450,689,200,4967,5,8,17,10
2021-03-29T23:59:59+02:00,1,0,197,327,770,1046,822,1279,698,1786,588,1296,330,396,548,747,262,711,0,0,48,59,256,345,293,528,262,680,202,375,109,115,197,270,176,497,6727,4385,667,194,4860,3,8,17,9
2021-03-28T23:59:59+02:00,1,0,191,310,760,1035,813,1270,693,1764,585,1278,328,381,521,720,260,709,0,0,48,58,253,344,290,522,258,677,200,372,106,113,190,261,173,496,6680,4340,633,188,4751,3,8,17,9
2021-03-27T23:59:59+01:00,1,0,191,307,754,1029,808,1266,687,1752,583,1269,324,372,514,710,260,708,0,0,48,58,253,344,290,522,254,671,197,368,104,112,186,254,169,486,6637,4302,625,181,4713,3,8,17,9
2021-03-26T23:59:59+01:00,1,0,187,305,742,1014,799,1247,673,1735,575,1246,316,361,510,696,258,704,0,0,46,58,252,344,289,519,254,670,191,356,99,105,175,237,162,475,6567,4220,607,180,4629,3,6,17,9
2021-03-25T23:59:59+01:00,1,0,183,303,733,999,777,1218,654,1698,563,1205,308,348,493,671,256,700,0,0,46,57,249,339,285,518,247,667,191,355,93,104,158,215,155,450,6484,4121,593,171,4463,3,6,17,9
2021-03-24T23:59:59+01:00,1,0,180,296,723,985,767,1202,643,1661,547,1172,297,334,473,647,253,697,0,0,46,57,247,337,283,516,245,667,187,351,91,101,143,208,149,417,6401,4044,568,164,4334,2,6,17,9
2021-03-23T23:59:59+01:00,1,0,176,291,715,969,749,1183,631,1636,532,1134,291,322,453,631,248,694,0,0,45,57,245,335,280,513,240,661,185,347,87,96,137,200,139,391,6330,3959,550,159,4198,2,6,17,9
2021-03-22T23:59:59+01:00,1,0,172,280,695,945,727,1158,616,1598,517,1109,286,312,441,613,247,687,0,0,45,57,243,332,276,511,237,654,183,345,87,93,130,192,122,362,6241,3872,528,156,4052,1,6,17,9
2021-03-21T23:59:59+01:00,1,0,166,276,682,932,709,1145,602,1568,506,1075,279,304,426,605,245,685,0,0,45,57,240,332,274,509,236,653,181,343,86,90,128,191,117,359,6168,3850,508,152,3943,1,4,16,8
2021-03-20T23:59:59+01:00,1,0,164,275,673,927,703,1141,595,1562,503,1072,275,298,412,591,243,683,0,0,45,57,240,332,273,509,235,651,180,339,85,89,124,185,113,352,6129,3820,504,150,3894,1,4,15,8
2021-03-19T23:59:59+01:00,1,0,154,264,668,907,692,1134,588,1543,491,1059,260,277,396,567,237,675,0,0,43,57,239,331,272,508,233,644,179,335,82,86,116,175,109,333,6050,3755,464,148,3803,1,3,15,8
2021-03-18T23:59:59+01:00,1,0,149,257,648,889,674,1098,569,1490,473,1011,244,261,382,544,234,657,0,0,43,57,237,327,270,500,233,638,177,328,81,83,108,167,105,319,5958,3690,427,139,3589,1,3,15,8
2021-03-17T23:59:59+01:00,0,0,143,251,635,869,661,1091,564,1477,465,993,230,248,364,528,231,651,0,0,43,56,237,323,269,497,231,636,177,327,81,83,103,162,97,308,5862,3646,399,138,3523,1,3,14,8
2021-03-16T23:59:59+01:00,0,0,138,242,619,855,643,1080,552,1435,455,967,222,233,343,494,227,639,0,0,43,55,237,320,269,491,229,634,176,326,76,83,98,157,95,290,5766,3599,368,134,3385,1,2,14,8
2021-03-15T23:59:59+01:00,0,0,133,235,603,835,632,1058,541,1403,438,930,215,225,330,470,223,632,0,0,42,55,236,317,267,488,228,633,174,325,75,81,92,151,93,278,5670,3556,339,132,3263,1,1,13,8
2021-03-14T23:59:59+01:00,0,0,128,224,585,816,616,1037,532,1360,426,884,206,213,319,458,216,628,0,0,42,55,236,314,265,487,227,628,173,320,74,81,90,147,91,275,5598,3539,326,120,3088,1,0,12,8
2021-03-13T23:59:59+01:00,0,0,125,211,555,787,583,1011,507,1335,405,863,190,202,311,445,213,624,0,0,42,55,236,314,265,487,226,628,173,319,74,81,87,143,77,260,5393,3499,322,120,2994,1,0,12,8
2021-03-12T23:59:59+01:00,0,0,114,202,522,760,564,983,484,1297,381,829,174,191,286,414,211,604,0,0,42,55,236,313,264,487,225,628,173,318,68,80,83,137,74,253,5153,3467,315,120,2874,1,0,12,6
2021-03-11T23:59:59+01:00,0,0,106,192,488,713,523,945,445,1221,357,777,160,168,258,373,206,582,0,0,42,54,235,310,260,483,223,624,170,315,68,78,78,131,72,240,4901,3436,303,98,2609,1,0,10,5
2021-03-10T23:59:59+01:00,0,0,104,182,463,685,503,926,427,1182,340,736,144,152,241,342,201,549,0,0,41,54,233,305,256,477,220,616,170,312,65,77,74,129,70,231,4722,3392,289,86,2461,1,0,10,5
2021-03-09T23:59:59+01:00,0,0,104,177,449,654,473,896,412,1138,328,703,138,144,229,324,195,536,0,0,41,54,232,302,253,469,218,612,166,308,64,75,72,127,63,222,4635,3350,272,76,2274,1,0,10,4
2021-03-08T23:59:59+01:00,0,0,101,168,432,636,455,879,401,1086,318,661,134,136,214,303,190,523,0,0,41,54,232,298,250,464,213,607,159,304,61,74,67,124,62,221,4550,3320,256,58,2108,1,0,9,3
2021-03-07T23:59:59+01:00,0,0,98,164,425,623,444,863,391,1071,313,655,132,136,207,290,188,522,0,0,41,53,231,297,250,462,211,606,159,304,61,74,65,122,61,220,4502,3309,246,55,2046,0,0,9,3
2021-03-06T23:59:59+01:00,0,0,97,158,422,613,437,839,379,1020,303,623,130,135,201,282,186,517,0,0,41,53,231,297,249,461,211,605,159,304,61,74,63,122,60,215,4464,3304,246,49,1899,0,0,9,3
2021-03-05T23:59:59+01:00,0,0,95,152,416,600,433,830,376,1001,294,600,124,125,189,261,178,505,0,0,41,52,230,294,248,460,210,602,158,302,61,74,61,121,59,207,4380,3286,236,40,1822,0,0,9,3
2021-03-04T23:59:59+01:00,0,0,92,138,405,561,414,796,359,956,283,571,115,123,170,232,171,480,0,0,41,51,228,287,246,454,208,590,155,301,59,74,61,121,59,206,4273,3244,218,39,1630,0,0,9,3
2021-03-03T23:59:59+01:00,0,0,85,128,395,545,404,778,352,935,274,552,113,120,157,225,165,447,0,0,41,50,228,287,245,451,204,582,155,295,59,74,60,119,59,206,4199,3218,212,36,1512,0,0,9,3
2021-03-02T23:59:59+01:00,0,0,82,125,382,528,387,760,344,915,267,530,110,114,148,215,154,418,0,0,40,50,228,287,245,445,199,575,153,292,59,74,60,116,59,204,4103,3188,205,35,1412,0,0,9,3
2021-03-01T23:59:59+01:00,0,0,81,123,376,514,379,738,333,890,261,502,109,113,141,205,133,384,0,0,40,49,226,286,242,437,197,566,153,289,59,74,60,115,58,204,4013,3155,200,35,1305,0,0,9,3
2021-02-28T23:59:59+01:00,0,0,81,121,368,504,374,730,330,866,256,484,104,105,139,202,127,380,0,0,40,49,225,286,241,436,196,566,153,289,59,74,59,115,58,203,3987,3151,195,34,1222,0,0,9,2
2021-02-27T23:59:59+01:00,0,0,78,112,362,497,369,721,323,855,252,475,102,103,137,196,120,368,0,0,40,48,225,285,241,435,195,565,151,288,59,74,59,115,58,203,3950,3148,188,29,1161,0,0,9,2
2021-02-26T23:59:59+01:00,0,0,75,106,354,471,343,686,300,824,241,454,99,99,129,186,117,350,0,0,40,47,224,284,241,433,194,562,147,286,59,74,59,114,58,201,3893,3130,186,29,976,0,0,9,1
2021-02-25T23:59:59+01:00,0,0,66,94,340,448,331,657,291,796,230,430,94,99,121,179,114,338,0,0,40,47,222,280,236,430,192,554,142,285,59,72,57,112,57,201,3839,3099,178,21,820,0,0,9,1
2021-02-24T23:59:59+01:00,0,0,61,87,333,434,323,640,286,779,227,422,92,99,116,175,105,327,0,0,37,47,220,277,233,417,190,545,140,279,56,71,54,112,57,201,3795,3053,173,15,743,0,0,9,1
2021-02-23T23:59:59+01:00,0,0,59,78,318,414,313,622,280,760,221,414,87,97,111,171,103,306,0,0,35,47,219,275,230,410,189,539,135,276,55,71,54,108,57,199,3743,3019,168,11,642,0,0,9,1
2021-02-22T23:59:59+01:00,0,0,57,76,311,402,308,613,278,751,219,410,85,94,102,163,101,295,0,0,35,45,216,273,228,396,182,528,131,273,54,71,53,108,57,199,3696,2972,161,5,601,0,0,8,1
2021-02-21T23:59:59+01:00,0,0,56,75,304,396,305,603,273,742,214,407,84,92,101,161,99,293,0,0,35,44,214,271,227,393,181,519,130,272,54,71,53,108,57,198,3686,2948,158,5,551,0,0,7,1
2021-02-20T23:59:59+01:00,0,0,55,74,302,395,304,600,272,735,214,402,82,92,98,156,85,278,0,0,35,42,214,271,227,393,180,519,128,271,54,71,52,108,57,196,3646,2939,157,5,528,0,0,7,1
2021-02-19T23:59:59+01:00,0,0,54,74,299,389,297,578,260,709,212,390,78,89,93,148,82,270,0,0,35,41,214,271,226,392,180,518,128,271,54,71,51,107,56,194,3612,2930,155,5,439,0,0,5,1
2021-02-18T23:59:59+01:00,0,0,51,69,281,365,289,555,252,688,196,366,77,85,91,143,80,261,0,0,34,40,208,262,223,386,176,503,128,260,54,69,51,105,53,190,3581,2862,146,5,300,0,0,5,1
2021-02-17T23:59:59+01:00,0,0,51,67,274,359,287,539,244,674,192,345,75,83,86,141,78,252,0,0,32,39,204,254,216,372,172,485,125,249,50,67,51,102,52,186,3529,2772,145,4,244,0,0,5,1
2021-02-16T23:59:59+01:00,0,0,50,62,261,343,283,528,239,658,187,337,73,82,83,139,71,244,0,0,29,39,195,245,209,352,166,473,121,236,50,62,41,86,43,177,3489,2638,142,4,178,0,0,5,1
2021-02-15T23:59:59+01:00,0,0,50,61,256,340,276,516,236,652,183,331,71,82,78,135,70,243,0,0,28,38,186,236,204,344,160,463,116,229,47,59,41,81,39,170,3460,2554,141,4,145,0,0,5,1
2021-02-14T23:59:59+01:00,0,0,48,60,254,335,273,509,233,646,183,326,70,79,75,134,69,239,0,0,26,38,184,232,201,339,159,450,115,226,47,59,40,80,37,163,3447,2508,128,4,122,0,0,5,1
2021-02-13T23:59:59+01:00,0,0,47,60,254,335,271,509,233,645,183,326,70,79,74,134,69,238,0,0,26,38,183,231,198,339,158,449,114,223,46,58,39,79,36,158,3443,2488,128,2,120,0,0,5,1
2021-02-12T23:59:59+01:00,0,0,46,57,251,330,268,500,229,634,180,323,70,78,72,134,69,237,0,0,25,38,182,227,197,338,156,447,111,222,44,57,39,75,32,150,3432,2453,128,2,80,0,0,5,1
2021-02-11T23:59:59+01:00,0,0,45,55,244,307,262,483,222,612,168,313,67,77,70,132,69,231,0,0,25,35,164,204,190,307,147,404,106,202,39,55,34,64,29,133,3392,2243,104,1,18,0,0,5,0
2021-02-10T23:59:59+01:00,0,0,45,54,241,299,260,475,217,604,166,308,64,77,69,132,68,229,0,0,23,31,150,181,174,267,126,355,98,179,35,53,32,61,25,123,3358,2006,94,1,8,0,0,5,0
2021-02-09T23:59:59+01:00,0,0,43,53,240,296,258,465,212,596,163,305,63,77,69,130,68,229,0,0,23,29,130,155,158,243,112,312,92,153,28,48,31,48,22,109,3336,1775,78,1,4,0,0,5,0
2021-02-08T23:59:59+01:00,0,0,43,53,237,294,250,451,208,583,158,300,60,77,69,128,68,228,0,0,20,28,113,132,136,203,92,274,87,143,20,46,25,41,22,94,3289,1550,62,1,4,0,0,4,0
2021-02-07T23:59:59+01:00,0,0,43,52,234,293,248,450,207,580,157,299,60,77,68,127,68,227,0,0,19,22,108,121,126,191,87,254,82,133,20,43,24,33,22,87,3279,1443,58,1,0,0,0,3,0
2021-02-06T23:59:59+01:00,0,0,43,51,234,293,248,449,207,580,156,298,59,77,67,127,67,222,0,0,15,19,107,120,125,187,85,247,82,131,19,42,24,30,19,87,3274,1406,51,1,0,0,0,3,0
2021-02-05T23:59:59+01:00,0,0,42,49,234,293,248,448,206,578,154,297,59,77,67,126,66,212,0,0,13,16,98,112,121,182,84,243,82,123,18,42,24,26,17,84,3259,1348,42,0,0,0,0,3,0
2021-02-04T23:59:59+01:00,0,0,42,49,231,289,243,444,202,572,152,294,59,75,66,124,66,211,0,0,12,12,68,80,98,136,72,208,65,103,17,37,21,22,15,72,3220,1086,42,0,0,0,0,3,0
2021-02-03T23:59:59+01:00,0,0,41,48,231,286,242,432,200,566,151,291,59,74,65,123,66,211,0,0,9,7,53,61,75,111,54,162,55,74,13,17,17,16,10,56,3190,825,39,0,0,0,0,3,0
2021-02-02T23:59:59+01:00,0,0,40,48,230,283,238,426,199,560,147,290,58,74,63,120,64,208,0,0,7,5,36,42,59,81,43,104,45,52,11,14,12,11,5,39,3151,590,38,0,0,0,0,3,0
2021-02-01T23:59:59+01:00,0,0,39,46,228,283,233,420,195,554,144,283,58,73,61,119,64,208,0,0,5,3,28,22,32,49,29,65,27,30,9,9,8,5,2,22,3110,358,38,0,0,0,0,2,0
2021-01-31T23:59:59+01:00,0,0,39,46,227,282,231,414,193,546,143,282,58,73,60,118,64,207,0,0,5,3,25,17,23,38,23,53,21,26,9,6,7,5,2,20,3085,294,36,0,0,0,0,2,0
2021-01-30T23:59:59+01:00,0,0,39,46,227,282,231,413,192,546,143,282,58,73,59,118,64,204,0,0,5,3,23,16,21,38,21,49,20,25,7,5,7,4,2,19,3080,275,35,0,0,0,0,2,0
2021-01-29T23:59:59+01:00,0,0,39,46,227,280,230,412,191,545,141,280,58,73,58,117,63,203,0,0,5,1,17,11,16,30,18,43,16,23,6,4,6,4,2,18,3070,228,31,0,0,0,0,1,0
2021-01-28T23:59:59+01:00,0,0,39,45,217,277,229,407,189,536,139,276,58,73,57,116,61,202,0,0,5,1,7,3,9,17,10,25,9,11,3,2,4,1,0,17,3036,128,23,0,0,0,0,1,0
2021-01-27T23:59:59+01:00,0,0,38,44,213,270,225,397,187,522,136,267,55,71,57,113,60,199,0,0,2,1,5,3,8,15,9,22,8,11,3,2,2,1,0,13,2967,108,19,0,0,0,0,1,0
2021-01-26T23:59:59+01:00,0,0,34,44,210,258,220,384,183,504,132,260,54,66,51,106,52,191,0,0,2,1,4,3,8,15,9,21,8,11,3,2,2,1,0,10,2864,103,15,0,0,0,0,1,0
2021-01-25T23:59:59+01:00,0,0,34,43,200,253,217,373,180,493,128,250,52,64,50,103,46,189,0,0,2,1,3,3,6,13,8,18,8,11,3,2,2,0,0,8,2797,91,5,0,0,0,0,1,0
2021-01-24T23:59:59+01:00,0,0,33,42,197,250,215,372,179,491,128,249,52,64,48,100,45,188,0,0,2,1,2,3,5,13,8,18,8,11,3,2,2,0,0,8,2775,89,4,0,0,0,0,1,0
2021-01-23T23:59:59+01:00,0,0,33,42,197,250,213,372,179,491,128,249,52,63,48,99,45,185,0,0,2,1,2,3,5,12,8,17,7,11,3,2,2,0,0,8,2767,86,4,0,0,0,0,1,0
2021-01-22T23:59:59+01:00,0,0,31,41,196,246,212,372,178,489,126,249,52,63,48,99,43,179,0,0,2,0,2,3,4,12,8,16,7,11,3,2,2,0,0,8,2745,83,4,0,0,0,0,1,0
2021-01-21T23:59:59+01:00,0,0,27,39,184,232,206,356,174,468,124,236,50,63,44,90,42,175,0,0,2,0,2,3,1,7,7,11,5,7,3,2,1,0,0,6,2625,60,4,0,0,0,0,0,0
2021-01-20T23:59:59+01:00,0,0,26,36,166,207,188,312,144,413,114,213,45,60,41,85,36,160,0,0,2,0,2,3,1,7,7,10,5,5,3,2,1,0,0,6,2350,57,3,0,0,0,0,0,0
2021-01-19T23:59:59+01:00,0,0,26,33,139,180,171,276,135,371,108,191,33,53,32,70,32,145,0,0,1,0,1,3,1,5,4,8,3,4,2,0,1,0,0,3,2087,38,3,0,0,0,0,0,0
2021-01-18T23:59:59+01:00,0,0,21,32,125,159,149,235,118,323,101,167,29,50,29,58,30,124,0,0,1,0,1,1,0,2,3,6,2,4,1,0,1,0,0,3,1835,27,3,0,0,0,0,0,0
2021-01-17T23:59:59+01:00,0,0,19,23,119,143,141,222,109,296,96,156,29,44,29,51,28,109,0,0,1,0,0,0,0,1,1,4,2,2,1,0,1,0,0,0,1691,14,3,0,0,0,0,0,0
2021-01-16T23:59:59+01:00,0,0,16,21,116,141,139,217,106,286,95,149,26,43,28,45,22,106,0,0,0,0,0,0,0,0,0,0,0,0,0,0,0,0,0,0,1631,0,1,0,0,0,0,0,0
2021-01-15T23:59:59+01:00,0,0,13,18,110,132,135,211,103,277,94,139,25,43,28,40,21,103,0,0,0,0,0,0,0,0,0,0,0,0,0,0,0,0,0,0,1562,0,1,0,0,0,0,0,0
2021-01-14T23:59:59+01:00,0,0,11,14,86,100,116,172,87,237,81,122,19,38,25,32,20,87,0,0,0,0,0,0,0,0,0,0,0,0,0,0,0,0,0,0,1302,0,0,0,0,0,0,0,0
2021-01-13T23:59:59+01:00,0,0,9,13,72,88,102,143,79,195,75,97,18,24,21,24,18,69,0,0,0,0,0,0,0,0,0,0,0,0,0,0,0,0,0,0,1092,0,0,0,0,0,0,0,0
2021-01-12T23:59:59+01:00,0,0,7,9,58,70,84,114,71,139,63,75,14,19,17,20,9,52,0,0,0,0,0,0,0,0,0,0,0,0,0,0,0,0,0,0,859,0,0,0,0,0,0,0,0
2021-01-11T23:59:59+01:00,0,0,5,7,50,52,70,87,56,111,47,56,13,14,8,9,4,27,0,0,0,0,0,0,0,0,0,0,0,0,0,0,0,0,0,0,642,0,0,0,0,0,0,0,0
2021-01-10T23:59:59+01:00,0,0,5,7,45,41,52,70,42,89,39,48,12,9,7,9,4,23,0,0,0,0,0,0,0,0,0,0,0,0,0,0,0,0,0,0,519,0,0,0,0,0,0,0,0
2021-01-09T23:59:59+01:00,0,0,5,6,40,40,47,67,39,81,37,44,11,9,7,8,4,22,0,0,0,0,0,0,0,0,0,0,0,0,0,0,0,0,0,0,482,0,0,0,0,0,0,0,0
2021-01-08T23:59:59+01:00,0,0,5,5,32,32,41,58,30,68,31,39,8,6,5,7,3,20,0,0,0,0,0,0,0,0,0,0,0,0,0,0,0,0,0,0,402,0,0,0,0,0,0,0,0
2021-01-07T23:59:59+01:00,0,0,5,2,14,3,12,20,12,31,8,19,6,3,4,2,1,18,0,0,0,0,0,0,0,0,0,0,0,0,0,0,0,0,0,0,164,0,0,0,0,0,0,0,0
2021-01-06T23:59:59+01:00,0,0,5,1,7,3,7,17,9,25,7,11,4,3,2,2,1,15,0,0,0,0,0,0,0,0,0,0,0,0,0,0,0,0,0,0,123,0,0,0,0,0,0,0,0
2021-01-05T23:59:59+01:00,0,0,3,1,4,3,7,16,9,23,7,10,4,2,2,2,0,14,0,0,0,0,0,0,0,0,0,0,0,0,0,0,0,0,0,0,111,0,0,0,0,0,0,0,0
2021-01-04T23:59:59+01:00,0,0,2,1,4,3,7,15,8,20,7,10,3,2,2,1,0,9,0,0,0,0,0,0,0,0,0,0,0,0,0,0,0,0,0,0,97,0,0,0,0,0,0,0,0
2021-01-03T23:59:59+01:00,0,0,2,1,2,3,6,15,8,20,7,10,3,2,2,1,0,9,0,0,0,0,0,0,0,0,0,0,0,0,0,0,0,0,0,0,94,0,0,0,0,0,0,0,0
2021-01-02T23:59:59+01:00,0,0,2,1,2,3,6,15,7,20,6,10,3,2,2,1,0,9,0,0,0,0,0,0,0,0,0,0,0,0,0,0,0,0,0,0,92,0,0,0,0,0,0,0,0
2021-01-01T23:59:59+01:00,0,0,2,0,2,3,5,15,7,20,6,10,3,2,2,1,0,9,0,0,0,0,0,0,0,0,0,0,0,0,0,0,0,0,0,0,90,0,0,0,0,0,0,0,0
2020-12-31T23:59:59+01:00,0,0,2,0,2,3,5,14,7,20,6,10,3,2,2,1,0,9,0,0,0,0,0,0,0,0,0,0,0,0,0,0,0,0,0,0,89,0,0,0,0,0,0,0,0
2020-12-30T23:59:59+01:00,0,0,2,0,2,3,5,13,7,18,6,10,3,2,2,1,0,9,0,0,0,0,0,0,0,0,0,0,0,0,0,0,0,0,0,0,86,0,0,0,0,0,0,0,0
2020-12-29T23:59:59+01:00,0,0,1,0,1,3,4,8,4,15,4,8,2,1,2,0,0,7,0,0,0,0,0,0,0,0,0,0,0,0,0,0,0,0,0,0,62,0,0,0,0,0,0,0,0
2020-12-28T23:59:59+01:00,0,0,1,0,1,1,1,1,2,8,3,5,2,0,1,0,0,3,0,0,0,0,0,0,0,0,0,0,0,0,0,0,0,0,0,0,31,0,0,0,0,0,0,0,0
2020-12-27T23:59:59+01:00,0,0,1,0,0,0,0,1,1,7,1,2,1,0,1,0,0,1,0,0,0,0,0,0,0,0,0,0,0,0,0,0,0,0,0,0,17,0,0,0,0,0,0,0,0
