Datum,<15_m,<15_w,15-24_1_m,15-24_1_w,25-34_1_m,25-34_1_w,35-44_1_m,35-44_1_w,45-54_1_m,45-54_1_w,55-64_1_m,55-64_1_w,65-74_1_m,65-74_1_w,75-84_1_m,75-84_1_w,>84_1_m,>84_1_w,<24_2_m,<24_2_w,25-34_2_m,25-34_2_w,35-44_2_m,35-44_2_w,45-54_2_m,45-54_2_w,55-64_2_m,55-64_2_w,65-74_2_m,65-74_2_w,75-84_2_m,75-84_2_w,>84_2_m,>84_2_w,bp_1,bp_2,mo_1,mo_2,az_1,az_2,ja,unb_1,unb_2
2021-09-29T23:59:59+02:00,171,168,3675,3197,9326,6674,8960,6138,7795,8205,5227,5798,1782,2228,1133,1585,305,898,3129,2719,8282,5945,8144,5548,7189,7492,4826,5380,1663,2089,1060,1499,270,830,46897,41471,7404,6722,9040,7758,11306,35,35
2021-09-28T23:59:59+02:00,169,168,3661,3185,9291,6656,8931,6127,7772,8178,5218,5782,1781,2221,1133,1584,305,897,3112,2711,8256,5923,8124,5538,7166,7468,4817,5368,1663,2084,1060,1498,270,829,46775,41375,7401,6718,9040,7757,11225,35,35
2021-09-27T23:59:59+02:00,167,168,3645,3173,9263,6630,8910,6102,7754,8150,5206,5770,1779,2210,1132,1584,305,896,3095,2704,8222,5896,8098,5513,7144,7440,4806,5359,1660,2076,1060,1497,270,828,46660,41251,7391,6715,9040,7754,11135,35,35
2021-09-26T23:59:59+02:00,165,168,3635,3165,9246,6621,8900,6094,7742,8140,5202,5765,1775,2209,1131,1583,305,896,3086,2699,8203,5892,8089,5502,7130,7434,4799,5351,1656,2076,1060,1496,270,827,46601,41197,7387,6712,9039,7750,11097,35,35
2021-09-25T23:59:59+02:00,165,167,3630,3164,9238,6617,8896,6091,7737,8139,5200,5765,1775,2208,1131,1582,305,896,3080,2697,8197,5889,8085,5500,7127,7430,4798,5349,1655,2075,1059,1493,270,827,46586,41181,7385,6709,9039,7748,11078,35,35
2021-09-24T23:59:59+02:00,164,166,3613,3159,9207,6604,8881,6080,7716,8119,5193,5753,1774,2206,1131,1581,305,896,3067,2688,8171,5875,8074,5489,7106,7415,4791,5340,1655,2071,1059,1493,270,827,46507,41123,7384,6703,9039,7748,11000,35,35
2021-09-23T23:59:59+02:00,162,165,3582,3146,9150,6575,8833,6035,7677,8073,5174,5733,1769,2200,1129,1577,305,896,3046,2676,8123,5850,8030,5455,7066,7371,4772,5322,1647,2067,1058,1491,270,827,46357,41023,7375,6695,9039,7744,10791,35,35
2021-09-22T23:59:59+02:00,159,165,3561,3139,9126,6555,8806,6017,7644,8059,5158,5723,1767,2197,1128,1577,305,896,3024,2671,8099,5829,8007,5441,7037,7351,4757,5316,1646,2062,1056,1491,270,826,46238,40911,7370,6692,9037,7739,10718,35,35
2021-09-21T23:59:59+02:00,158,163,3543,3124,9099,6533,8762,5997,7614,8034,5146,5714,1766,2197,1128,1577,305,896,3001,2658,8063,5803,7964,5425,7003,7319,4742,5297,1644,2061,1055,1490,270,826,46122,40758,7363,6685,9037,7739,10615,35,35
2021-09-20T23:59:59+02:00,157,163,3517,3113,9060,6520,8730,5978,7582,8003,5139,5699,1762,2195,1128,1577,304,894,2981,2634,8020,5787,7926,5403,6969,7292,4734,5277,1641,2059,1054,1489,269,826,46003,40621,7362,6680,9037,7735,10498,35,35
2021-09-19T23:59:59+02:00,156,162,3501,3106,9032,6513,8718,5971,7576,7993,5132,5693,1761,2193,1127,1575,304,893,2974,2627,7993,5778,7907,5396,6955,7277,4727,5270,1641,2055,1053,1488,269,825,45947,40559,7357,6674,9037,7730,10444,35,35
2021-09-18T23:59:59+02:00,156,162,3497,3106,9026,6511,8714,5969,7573,7992,5130,5692,1761,2193,1127,1575,304,893,2966,2626,7985,5776,7896,5394,6949,7276,4723,5266,1641,2055,1053,1487,269,825,45937,40525,7356,6673,9036,7730,10431,35,35
2021-09-17T23:59:59+02:00,156,161,3479,3097,8989,6495,8687,5957,7554,7981,5121,5683,1760,2188,1125,1575,304,893,2952,2619,7944,5761,7869,5385,6927,7267,4717,5257,1641,2054,1052,1487,269,825,45848,40454,7348,6663,9034,7727,10354,35,35
2021-09-16T23:59:59+02:00,156,161,3455,3079,8934,6471,8645,5930,7518,7948,5102,5673,1759,2184,1125,1575,304,892,2941,2606,7905,5738,7836,5363,6906,7242,4704,5252,1639,2053,1052,1487,268,824,45665,40343,7324,6655,9033,7720,10267,35,35
2021-09-15T23:59:59+02:00,154,161,3433,3069,8902,6454,8618,5907,7492,7930,5096,5656,1756,2181,1122,1575,303,891,2923,2602,7881,5726,7809,5336,6873,7223,4689,5236,1637,2050,1052,1484,266,821,45533,40215,7320,6648,9033,7719,10192,35,35
2021-09-14T23:59:59+02:00,154,160,3414,3051,8858,6436,8574,5881,7466,7899,5085,5639,1754,2178,1121,1575,302,890,2902,2587,7838,5702,7769,5318,6849,7198,4674,5221,1636,2050,1051,1481,266,820,45384,40086,7312,6639,9033,7716,10085,35,35
2021-09-13T23:59:59+02:00,153,159,3402,3037,8819,6418,8545,5861,7448,7869,5073,5625,1752,2174,1121,1575,302,889,2888,2579,7808,5686,7753,5306,6840,7176,4666,5216,1635,2047,1051,1480,266,820,45236,39991,7293,6634,9033,7715,10037,35,35
2021-09-12T23:59:59+02:00,153,158,3387,3035,8797,6410,8535,5852,7438,7853,5067,5619,1751,2173,1120,1572,302,888,2876,2571,7785,5671,7744,5296,6826,7160,4663,5210,1631,2046,1051,1480,266,819,45162,39916,7292,6629,9033,7708,9999,35,35
2021-09-11T23:59:59+02:00,153,158,3385,3033,8789,6406,8531,5850,7437,7852,5065,5617,1750,2172,1119,1572,302,888,2874,2570,7777,5668,7740,5293,6825,7156,4663,5208,1631,2046,1051,1480,266,819,45147,39901,7290,6628,9032,7708,9985,35,35
2021-09-10T23:59:59+02:00,152,154,3358,3026,8765,6387,8514,5837,7413,7833,5055,5597,1748,2169,1118,1572,302,888,2860,2566,7752,5645,7723,5280,6803,7139,4649,5190,1630,2045,1051,1479,266,819,45072,39846,7287,6624,9032,7707,9872,35,35
2021-09-09T23:59:59+02:00,150,153,3341,3013,8721,6359,8479,5814,7392,7795,5039,5586,1745,2167,1118,1572,302,888,2846,2556,7718,5619,7698,5261,6781,7110,4636,5175,1629,2041,1051,1479,266,819,44916,39740,7279,6613,9032,7699,9782,35,35
2021-09-08T23:59:59+02:00,149,151,3324,3003,8691,6350,8455,5786,7375,7766,5025,5570,1742,2165,1117,1571,302,887,2829,2545,7676,5604,7665,5238,6755,7075,4624,5153,1628,2040,1050,1479,265,819,44823,39616,7272,6604,9031,7695,9675,35,35
2021-09-07T23:59:59+02:00,148,150,3304,2999,8674,6325,8427,5766,7354,7749,5010,5559,1742,2163,1116,1570,302,884,2812,2535,7648,5581,7641,5215,6737,7051,4611,5141,1625,2036,1049,1478,265,819,44701,39488,7269,6595,9031,7691,9612,35,35
2021-09-06T23:59:59+02:00,148,150,3285,2991,8644,6306,8404,5755,7337,7726,5002,5546,1738,2155,1114,1570,302,884,2793,2525,7622,5567,7617,5205,6722,7025,4604,5127,1619,2034,1049,1478,265,819,44582,39383,7267,6592,9030,7690,9548,35,35
2021-09-05T23:59:59+02:00,148,150,3273,2987,8636,6298,8393,5746,7335,7716,4995,5538,1736,2154,1114,1570,302,883,2783,2523,7607,5555,7606,5192,6715,7020,4594,5121,1617,2033,1049,1477,265,819,44537,39332,7265,6583,9029,7689,9513,35,35
2021-09-04T23:59:59+02:00,148,149,3270,2986,8634,6292,8387,5746,7332,7715,4995,5537,1735,2154,1114,1570,302,883,2781,2520,7603,5547,7600,5192,6710,7018,4593,5120,1614,2032,1048,1477,265,819,44524,39312,7265,6580,9029,7687,9501,35,35
2021-09-03T23:59:59+02:00,146,148,3256,2969,8601,6284,8368,5729,7314,7700,4983,5522,1733,2152,1114,1568,302,881,2763,2506,7574,5533,7579,5174,6691,6996,4580,5100,1611,2031,1048,1475,265,817,44444,39227,7257,6557,9029,7686,9409,35,35
2021-09-02T23:59:59+02:00,146,146,3235,2954,8553,6262,8327,5712,7293,7675,4971,5504,1728,2148,1112,1567,301,880,2746,2493,7526,5514,7545,5157,6666,6970,4571,5079,1607,2027,1046,1473,265,814,44322,39119,7249,6547,9027,7683,9283,35,35
2021-09-01T23:59:59+02:00,144,146,3219,2945,8514,6248,8300,5700,7273,7661,4961,5497,1727,2146,1111,1564,301,880,2731,2485,7480,5492,7512,5140,6638,6949,4561,5066,1604,2025,1045,1470,265,814,44217,38977,7238,6526,9027,7681,9220,35,35
2021-08-31T23:59:59+02:00,142,146,3204,2937,8471,6227,8279,5690,7256,7640,4955,5488,1724,2144,1110,1563,300,879,2716,2474,7436,5472,7490,5122,6615,6921,4549,5047,1600,2023,1044,1470,264,814,44123,38862,7233,6517,9027,7668,9134,35,35
2021-08-30T23:59:59+02:00,141,146,3179,2920,8432,6201,8235,5667,7220,7610,4943,5474,1720,2142,1109,1563,300,879,2686,2460,7391,5449,7453,5103,6583,6901,4539,5030,1596,2021,1043,1470,264,813,43970,38736,7232,6507,9026,7667,9014,35,35
2021-08-29T23:59:59+02:00,140,146,3167,2905,8408,6194,8216,5659,7212,7600,4935,5465,1719,2139,1109,1563,299,879,2663,2440,7359,5440,7434,5086,6570,6887,4528,5025,1594,2020,1042,1469,263,813,43904,38636,7227,6496,9026,7662,8956,35,35
2021-08-28T23:59:59+02:00,139,146,3163,2905,8406,6193,8211,5658,7206,7598,4935,5464,1719,2138,1109,1563,299,879,2658,2436,7354,5438,7428,5084,6565,6883,4525,5024,1594,2020,1042,1469,263,813,43895,38613,7227,6496,9026,7662,8941,35,35
2021-08-27T23:59:59+02:00,138,146,3153,2902,8388,6183,8189,5650,7187,7588,4923,5456,1719,2138,1109,1562,299,879,2645,2432,7336,5430,7407,5071,6550,6875,4515,5016,1594,2020,1041,1467,263,813,43834,38552,7226,6495,9026,7661,8879,35,35
2021-08-26T23:59:59+02:00,138,145,3129,2890,8352,6162,8157,5638,7164,7565,4910,5445,1717,2135,1109,1561,299,878,2622,2411,7298,5402,7359,5043,6516,6848,4491,5001,1589,2015,1041,1466,263,813,43707,38371,7220,6476,9026,7641,8792,35,35
2021-08-25T23:59:59+02:00,134,143,3108,2881,8315,6145,8123,5624,7139,7541,4898,5424,1715,2132,1109,1559,299,878,2587,2393,7245,5363,7310,5008,6479,6809,4474,4975,1588,2010,1040,1465,263,813,43599,38138,7216,6468,9026,7634,8677,35,35
2021-08-24T23:59:59+02:00,134,142,3103,2872,8296,6130,8105,5607,7123,7519,4888,5413,1712,2131,1108,1557,299,876,2567,2375,7213,5334,7278,4986,6453,6782,4458,4957,1588,2008,1039,1465,263,812,43526,37979,7212,6459,9026,7630,8602,35,35
2021-08-23T23:59:59+02:00,133,136,3079,2854,8250,6108,8063,5589,7094,7491,4874,5400,1712,2130,1106,1556,299,875,2540,2356,7166,5297,7239,4969,6419,6751,4443,4941,1584,2008,1039,1464,262,812,43395,37827,7202,6447,9023,7624,8477,35,35
2021-08-22T23:59:59+02:00,133,136,3068,2845,8234,6091,8048,5582,7076,7480,4868,5394,1711,2129,1105,1556,299,875,2526,2341,7136,5275,7215,4956,6400,6732,4439,4932,1581,2003,1038,1464,261,811,43325,37700,7195,6437,9023,7621,8433,35,35
2021-08-21T23:59:59+02:00,132,136,3059,2842,8224,6083,8037,5580,7070,7475,4866,5388,1710,2129,1105,1555,299,875,2517,2333,7119,5262,7195,4946,6388,6725,4431,4925,1580,2001,1037,1464,261,811,43280,37625,7192,6410,9023,7619,8416,35,35
2021-08-20T23:59:59+02:00,131,135,3049,2834,8199,6069,8008,5561,7052,7455,4854,5376,1708,2127,1105,1554,299,873,2489,2322,7075,5230,7161,4918,6353,6689,4415,4905,1574,1997,1036,1461,261,809,43215,37463,7183,6375,9022,7610,8313,35,35
2021-08-19T23:59:59+02:00,130,133,3031,2823,8157,6045,7969,5542,7032,7428,4841,5360,1702,2124,1104,1552,299,872,2446,2304,6995,5180,7102,4882,6306,6631,4385,4874,1570,1993,1036,1460,261,809,43092,37141,7171,6345,9020,7599,8200,35,35
2021-08-18T23:59:59+02:00,129,131,3017,2816,8134,6029,7940,5529,7000,7411,4829,5352,1698,2123,1104,1552,298,871,2420,2288,6932,5148,7047,4850,6264,6600,4362,4851,1565,1989,1034,1459,261,808,42988,36915,7167,6293,9020,7591,8126,35,35
2021-08-17T23:59:59+02:00,129,131,3001,2806,8111,6003,7913,5516,6987,7390,4818,5341,1695,2121,1103,1551,297,871,2393,2270,6875,5102,7004,4817,6238,6560,4344,4832,1557,1984,1033,1455,260,808,42872,36654,7161,6259,9019,7585,8068,35,35
2021-08-16T23:59:59+02:00,127,130,2991,2796,8090,5987,7893,5510,6975,7375,4805,5328,1694,2120,1102,1551,297,871,2364,2243,6803,5062,6937,4783,6191,6518,4313,4805,1555,1982,1030,1454,260,808,42785,36296,7156,6245,9019,7573,8017,35,35
2021-08-15T23:59:59+02:00,127,129,2983,2785,8064,5977,7877,5499,6957,7363,4800,5320,1692,2117,1102,1550,297,871,2334,2207,6746,5032,6900,4757,6153,6490,4301,4793,1551,1976,1029,1452,260,808,42700,36028,7150,6224,9018,7569,7977,35,35
2021-08-14T23:59:59+02:00,126,129,2977,2779,8053,5973,7868,5498,6956,7361,4796,5318,1690,2116,1102,1549,297,871,2325,2199,6721,5021,6887,4747,6145,6477,4282,4784,1548,1973,1029,1450,260,807,42680,35934,7149,6213,9018,7568,7947,35,35
2021-08-13T23:59:59+02:00,125,128,2963,2776,8033,5964,7859,5486,6942,7351,4788,5311,1690,2112,1101,1548,297,871,2290,2177,6674,4992,6849,4720,6105,6450,4271,4770,1547,1969,1028,1450,260,807,42619,35702,7148,6199,9018,7567,7894,35,35
2021-08-12T23:59:59+02:00,123,123,2945,2768,8001,5944,7830,5468,6920,7328,4775,5297,1688,2110,1098,1547,297,871,2254,2144,6587,4945,6798,4683,6059,6401,4245,4740,1544,1966,1025,1449,260,807,42518,35397,7142,6172,9017,7546,7788,35,35
2021-08-11T23:59:59+02:00,121,120,2930,2754,7962,5919,7810,5458,6899,7308,4765,5283,1686,2108,1098,1546,296,871,2228,2114,6507,4891,6723,4643,6002,6339,4225,4701,1539,1958,1025,1447,260,805,42399,34988,7131,6141,9012,7539,7724,35,35
2021-08-10T23:59:59+02:00,121,119,2912,2744,7931,5906,7784,5439,6871,7292,4747,5275,1683,2108,1098,1544,296,870,2157,2062,6395,4834,6637,4575,5913,6273,4178,4677,1530,1950,1023,1445,260,804,42294,34401,7121,6118,9010,7525,7646,35,35
2021-08-09T23:59:59+02:00,118,119,2894,2737,7901,5886,7762,5429,6847,7273,4738,5264,1682,2107,1098,1544,296,869,2096,2005,6296,4763,6542,4534,5843,6218,4151,4644,1524,1940,1022,1444,260,804,42213,33928,7115,6068,9010,7503,7556,35,35
2021-08-08T23:59:59+02:00,118,118,2880,2731,7886,5877,7747,5418,6838,7265,4732,5260,1679,2107,1098,1544,296,869,2070,1980,6238,4727,6501,4508,5805,6196,4138,4627,1514,1936,1021,1442,260,804,42161,33700,7113,6025,9007,7495,7512,35,35
2021-08-07T23:59:59+02:00,117,117,2874,2724,7867,5864,7733,5411,6832,7255,4727,5255,1677,2107,1097,1544,296,869,2039,1959,6162,4680,6446,4475,5773,6160,4121,4613,1510,1935,1021,1439,260,804,42105,33396,7108,5997,9007,7485,7476,35,35
2021-08-06T23:59:59+02:00,117,116,2863,2716,7839,5853,7703,5389,6812,7234,4716,5241,1672,2105,1097,1543,296,869,2003,1925,6066,4608,6373,4440,5733,6122,4101,4592,1507,1932,1020,1436,260,804,42043,33060,7091,5969,9007,7470,7370,35,35
2021-08-05T23:59:59+02:00,116,115,2838,2700,7814,5834,7666,5370,6790,7214,4697,5217,1668,2103,1095,1539,296,868,1962,1877,5938,4503,6264,4381,5664,6059,4064,4550,1500,1924,1017,1434,260,804,41917,32578,7083,5882,9006,7413,7262,35,35
2021-08-04T23:59:59+02:00,113,111,2795,2680,7747,5803,7629,5345,6762,7181,4679,5202,1664,2099,1093,1538,296,868,1901,1845,5820,4438,6142,4328,5597,5993,4036,4512,1490,1919,1013,1431,260,803,41711,32097,7070,5834,9006,7380,7138,35,35
2021-08-03T23:59:59+02:00,111,110,2780,2662,7721,5791,7593,5330,6740,7156,4667,5188,1660,2098,1092,1535,296,868,1868,1816,5727,4376,6036,4278,5529,5935,3996,4471,1485,1912,1012,1429,260,803,41579,31631,7065,5791,9005,7356,7068,35,35
2021-08-02T23:59:59+02:00,111,110,2757,2639,7690,5769,7569,5319,6720,7142,4651,5178,1658,2094,1091,1535,295,868,1846,1782,5608,4286,5925,4218,5463,5883,3951,4439,1481,1899,1011,1426,259,802,41449,31083,7058,5757,9005,7338,7002,35,35
2021-08-01T23:59:59+02:00,111,109,2742,2624,7661,5748,7556,5303,6708,7134,4646,5171,1657,2093,1089,1535,295,868,1826,1763,5533,4242,5865,4174,5419,5861,3936,4419,1479,1896,1009,1423,259,802,41360,30799,7046,5729,9005,7317,6955,35,35
2021-07-31T23:59:59+02:00,109,108,2734,2617,7647,5742,7548,5299,6702,7125,4645,5170,1656,2093,1089,1535,295,868,1790,1724,5435,4179,5800,4131,5367,5823,3910,4395,1475,1893,1009,1422,259,802,41323,30331,7044,5718,9005,7313,6926,35,35
2021-07-30T23:59:59+02:00,107,106,2725,2609,7623,5726,7536,5282,6685,7111,4638,5162,1655,2092,1089,1534,295,868,1768,1702,5355,4142,5738,4079,5310,5776,3884,4376,1471,1891,1008,1419,259,802,41247,29979,7032,5693,9005,7302,6872,35,35
2021-07-29T23:59:59+02:00,105,104,2691,2593,7573,5685,7497,5240,6658,7072,4613,5142,1654,2087,1087,1533,295,868,1730,1675,5237,4045,5609,4007,5222,5691,3836,4325,1464,1882,1005,1417,258,802,41050,29421,7018,5640,8999,7263,6737,35,35
2021-07-28T23:59:59+02:00,103,102,2673,2579,7543,5658,7471,5214,6635,7050,4599,5129,1650,2085,1086,1531,294,867,1693,1631,5142,3977,5493,3940,5135,5619,3799,4293,1452,1875,1003,1415,258,801,40879,28870,7008,5583,8995,7225,6694,35,35
2021-07-27T23:59:59+02:00,99,100,2657,2560,7506,5643,7440,5196,6617,7032,4588,5117,1650,2084,1086,1530,293,867,1649,1603,5010,3899,5369,3859,5044,5551,3760,4241,1445,1864,1002,1412,257,801,40767,28297,6992,5502,8994,7182,6619,35,35
2021-07-26T23:59:59+02:00,98,98,2635,2547,7472,5619,7408,5178,6594,7012,4582,5106,1648,2084,1084,1530,293,867,1608,1550,4874,3830,5269,3793,4970,5483,3699,4207,1442,1851,1001,1407,257,800,40630,27734,6971,5433,8991,7134,6565,35,35
2021-07-25T23:59:59+02:00,92,96,2620,2533,7436,5599,7382,5170,6575,6994,4573,5102,1646,2081,1083,1528,293,866,1585,1525,4815,3783,5210,3763,4922,5448,3667,4183,1438,1847,1000,1407,257,800,40498,27450,6963,5401,8989,7101,6516,35,35
2021-07-24T23:59:59+02:00,92,94,2607,2525,7409,5589,7358,5154,6563,6981,4563,5098,1645,2078,1083,1528,293,866,1566,1505,4769,3764,5139,3716,4880,5424,3647,4175,1437,1845,999,1405,257,799,40425,27258,6942,5314,8988,7101,6466,35,35
2021-07-23T23:59:59+02:00,90,92,2583,2505,7362,5568,7335,5131,6527,6957,4543,5087,1643,2074,1081,1528,293,866,1508,1476,4631,3661,5009,3646,4807,5354,3595,4145,1435,1836,998,1400,256,799,40261,26613,6936,5287,8986,7080,6372,35,35
2021-07-22T23:59:59+02:00,90,89,2552,2480,7288,5524,7284,5095,6481,6910,4508,5063,1637,2067,1080,1527,293,864,1454,1437,4467,3587,4857,3566,4655,5274,3514,4091,1422,1827,993,1398,256,798,39965,25962,6914,5148,8975,7013,6260,35,35
2021-07-21T23:59:59+02:00,89,86,2525,2464,7225,5493,7233,5055,6423,6869,4488,5040,1630,2061,1080,1524,293,862,1418,1394,4346,3505,4724,3502,4554,5169,3444,4049,1411,1815,991,1397,256,796,39721,25492,6874,4945,8970,6953,6152,35,35
2021-07-20T23:59:59+02:00,89,86,2505,2443,7174,5460,7197,5027,6386,6830,4462,5022,1626,2057,1080,1523,293,862,1385,1363,4230,3439,4637,3449,4455,5090,3391,4018,1406,1806,990,1396,256,795,39485,25013,6865,4871,8968,6900,6077,35,35
2021-07-19T23:59:59+02:00,88,86,2484,2420,7121,5424,7152,5007,6343,6798,4443,5006,1620,2052,1079,1520,293,861,1364,1337,4157,3392,4552,3416,4380,5029,3355,3991,1400,1800,986,1393,254,794,39212,24702,6854,4749,8966,6860,6035,35,35
2021-07-18T23:59:59+02:00,88,84,2457,2396,7060,5390,7118,4980,6307,6761,4426,4996,1613,2047,1078,1520,292,860,1346,1313,4111,3352,4514,3387,4333,5007,3321,3978,1394,1791,985,1393,254,792,38937,24505,6839,4671,8961,6834,6003,35,34
2021-07-17T23:59:59+02:00,85,82,2446,2382,7041,5377,7100,4964,6288,6747,4405,4985,1609,2046,1078,1519,292,858,1335,1300,4076,3321,4464,3365,4292,4977,3292,3966,1388,1788,985,1391,254,792,38832,24339,6830,4616,8960,6825,5947,35,34
2021-07-16T23:59:59+02:00,85,79,2410,2361,6983,5343,7041,4926,6245,6704,4378,4957,1603,2040,1077,1518,292,858,1292,1275,3980,3267,4372,3324,4211,4922,3230,3919,1375,1779,980,1389,254,791,38654,23994,6807,4586,8952,6760,5746,35,34
2021-07-15T23:59:59+02:00,83,75,2367,2333,6914,5307,6984,4888,6199,6651,4360,4932,1600,2035,1075,1515,290,858,1240,1243,3785,3159,4185,3224,4067,4826,3165,3855,1367,1771,976,1385,252,791,38337,23312,6790,4348,8946,6698,5646,35,34
2021-07-14T23:59:59+02:00,82,72,2332,2317,6850,5279,6914,4854,6145,6605,4338,4909,1592,2029,1073,1513,290,858,1195,1202,3663,3071,4081,3157,3957,4761,3118,3812,1355,1761,975,1382,252,791,38034,22811,6771,4246,8944,6627,5551,35,34
2021-07-13T23:59:59+02:00,78,69,2298,2290,6797,5250,6850,4816,6104,6556,4316,4892,1582,2024,1071,1513,290,858,1163,1163,3557,2983,3957,3087,3869,4671,3066,3753,1327,1754,972,1377,250,789,37716,22313,6764,4112,8941,6527,5477,34,34
2021-07-12T23:59:59+02:00,73,69,2274,2267,6733,5209,6783,4774,6054,6515,4290,4867,1577,2021,1068,1513,290,858,1132,1141,3450,2898,3844,3019,3767,4593,3014,3708,1314,1745,967,1369,250,789,37392,21860,6750,3983,8938,6443,5393,34,33
2021-07-11T23:59:59+02:00,67,67,2261,2255,6701,5185,6755,4752,6026,6497,4280,4859,1574,2016,1066,1513,289,858,1120,1124,3404,2854,3786,2983,3714,4565,2992,3694,1304,1732,964,1365,250,789,37283,21674,6730,3946,8934,6383,5311,34,33
2021-07-10T23:59:59+02:00,66,66,2237,2223,6625,5145,6691,4715,5978,6461,4256,4848,1571,2013,1066,1510,289,857,1102,1104,3349,2815,3738,2954,3677,4535,2975,3682,1298,1725,964,1363,250,789,37039,21494,6706,3945,8921,6368,5181,34,33
2021-07-09T23:59:59+02:00,65,63,2210,2203,6559,5112,6647,4693,5931,6429,4238,4826,1569,2007,1066,1509,289,857,1078,1087,3300,2767,3687,2914,3628,4498,2948,3654,1295,1709,962,1362,250,789,36819,21265,6679,3912,8910,6314,5088,34,33
2021-07-08T23:59:59+02:00,60,60,2162,2163,6472,5045,6551,4643,5866,6364,4201,4792,1562,1998,1064,1505,289,857,1005,1038,3133,2677,3494,2836,3451,4403,2877,3592,1280,1694,959,1353,249,788,36498,20770,6606,3622,8879,6178,4888,34,33
2021-07-07T23:59:59+02:00,60,59,2090,2117,6365,4972,6447,4592,5794,6308,4170,4744,1556,1989,1061,1500,289,857,950,1003,2983,2593,3319,2752,3293,4299,2822,3528,1265,1664,950,1344,249,785,36020,20204,6567,3381,8858,6096,4733,34,33
2021-07-06T23:59:59+02:00,57,59,2043,2080,6258,4924,6357,4546,5741,6240,4130,4709,1549,1984,1058,1495,289,857,913,963,2868,2489,3231,2693,3221,4208,2770,3471,1239,1633,946,1336,249,785,35577,19700,6519,3267,8842,6013,4638,34,33
2021-07-05T23:59:59+02:00,54,59,1980,2040,6128,4855,6242,4508,5672,6184,4091,4672,1544,1977,1056,1493,289,855,871,927,2764,2418,3148,2647,3146,4141,2726,3417,1218,1616,940,1326,249,781,35095,19314,6478,3191,8819,5929,4497,34,32
2021-07-04T23:59:59+02:00,54,58,1939,1999,6048,4816,6204,4479,5630,6163,4074,4650,1541,1975,1056,1491,289,854,832,902,2702,2372,3111,2622,3114,4106,2705,3396,1204,1597,938,1325,248,781,34887,19169,6440,3134,8796,5856,4384,34,32
2021-07-03T23:59:59+02:00,51,46,1842,1922,5833,4654,6052,4394,5546,6076,4027,4617,1539,1971,1055,1487,289,854,794,874,2635,2325,3056,2595,3075,4059,2675,3365,1199,1592,937,1321,248,779,34061,18980,6406,3131,8788,5831,4173,34,32
2021-07-02T23:59:59+02:00,43,40,1807,1888,5760,4613,6008,4366,5526,6050,4012,4599,1538,1965,1053,1486,288,854,773,848,2563,2273,2987,2551,3030,4008,2644,3328,1180,1575,933,1315,248,777,33793,18668,6372,3102,8783,5730,4114,34,32
2021-07-01T23:59:59+02:00,39,33,1759,1852,5656,4541,5927,4315,5447,5983,3984,4569,1535,1959,1052,1485,288,853,700,803,2372,2194,2800,2460,2848,3890,2544,3237,1157,1551,922,1300,248,775,33378,17872,6324,2892,8768,5628,3970,34,32
2021-06-30T23:59:59+02:00,39,31,1709,1800,5541,4461,5827,4266,5387,5936,3970,4545,1531,1951,1050,1482,288,853,665,768,2266,2121,2686,2405,2739,3799,2478,3160,1133,1524,914,1290,247,774,32950,17399,6265,2769,8753,5493,3853,34,32
2021-06-29T23:59:59+02:00,37,29,1649,1722,5431,4380,5728,4207,5336,5877,3941,4515,1523,1946,1049,1481,288,852,634,719,2183,2041,2611,2341,2637,3685,2421,3109,1120,1491,901,1279,247,771,32419,16907,6231,2700,8745,5376,3738,34,32
2021-06-28T23:59:59+02:00,36,28,1617,1667,5313,4318,5663,4156,5289,5836,3912,4491,1520,1937,1048,1479,288,852,622,695,2084,1973,2535,2282,2566,3602,2371,3062,1106,1473,894,1273,247,769,32010,16578,6172,2558,8735,5277,3662,34,32
2021-06-27T23:59:59+02:00,36,27,1588,1639,5262,4280,5620,4125,5243,5822,3900,4479,1517,1933,1048,1478,288,852,606,680,2033,1932,2493,2258,2521,3565,2340,3043,1099,1462,893,1264,247,769,31822,16431,6140,2504,8712,5195,3592,34,32
2021-06-26T23:59:59+02:00,29,23,1560,1613,5192,4233,5529,4084,5202,5790,3881,4464,1517,1931,1048,1476,288,852,599,669,2000,1906,2458,2237,2502,3542,2317,3025,1081,1452,892,1262,247,769,31468,16204,6059,2499,8712,5177,3592,34,32
2021-06-25T23:59:59+02:00,23,17,1522,1575,5089,4160,5473,4056,5166,5766,3857,4454,1514,1929,1046,1475,287,852,591,646,1948,1879,2393,2168,2403,3410,2275,2923,1070,1430,889,1258,246,768,31046,15738,6030,2472,8711,4998,3590,34,32
2021-06-24T23:59:59+02:00,19,15,1472,1524,4907,4050,5342,4001,5065,5723,3817,4427,1510,1925,1046,1474,286,852,556,625,1844,1806,2219,2096,2240,3328,2171,2830,1038,1408,881,1252,245,765,30410,15229,5971,2161,8701,4916,3481,34,32
2021-06-23T23:59:59+02:00,18,15,1439,1481,4823,3995,5262,3945,5016,5678,3795,4392,1501,1919,1043,1471,285,852,525,604,1772,1743,2108,2043,2123,3238,2069,2743,1015,1386,877,1244,243,764,29973,14665,5919,2082,8697,4775,3446,34,32
2021-06-22T23:59:59+02:00,18,15,1411,1463,4750,3931,5177,3897,4971,5632,3769,4369,1497,1913,1042,1469,285,852,509,584,1709,1697,2020,1990,2038,3130,1969,2655,1002,1364,867,1232,243,759,29562,14244,5876,1958,8692,4605,3420,34,31
2021-06-21T23:59:59+02:00,17,15,1382,1423,4632,3840,5097,3853,4903,5572,3739,4348,1494,1900,1040,1464,284,850,493,568,1670,1654,1984,1948,1988,3048,1905,2571,982,1334,845,1212,243,756,29023,13944,5836,1861,8690,4465,3383,34,31
2021-06-20T23:59:59+02:00,16,13,1355,1390,4558,3772,5047,3834,4868,5551,3716,4336,1491,1899,1039,1464,283,850,477,551,1640,1625,1959,1924,1957,3021,1865,2534,974,1319,843,1206,243,755,28728,13765,5800,1823,8677,4403,3349,34,30
2021-06-19T23:59:59+02:00,15,13,1343,1371,4516,3739,5022,3809,4838,5527,3699,4323,1486,1897,1039,1463,282,850,472,547,1621,1604,1940,1898,1942,2997,1840,2499,966,1312,839,1205,241,754,28547,13594,5737,1792,8677,4396,3335,34,30
2021-06-18T23:59:59+02:00,10,9,1321,1354,4444,3697,4972,3766,4787,5490,3674,4311,1483,1894,1037,1461,282,850,456,538,1601,1588,1912,1867,1896,2950,1791,2447,954,1297,837,1201,240,752,28214,13294,5690,1789,8676,4350,3323,34,30
2021-06-17T23:59:59+02:00,7,8,1282,1317,4280,3621,4786,3686,4616,5403,3619,4266,1477,1891,1037,1460,281,850,417,517,1500,1555,1734,1806,1737,2854,1691,2368,933,1279,826,1190,238,750,27605,12827,5637,1684,8669,4267,3033,32,30
2021-06-16T23:59:59+02:00,7,7,1253,1286,4176,3537,4689,3632,4514,5342,3574,4239,1471,1887,1036,1456,281,849,400,495,1437,1518,1674,1773,1655,2768,1632,2292,917,1253,816,1175,238,747,27118,12410,5526,1614,8657,4192,2983,32,30
2021-06-15T23:59:59+02:00,7,7,1218,1253,4039,3454,4618,3574,4437,5271,3531,4207,1461,1880,1031,1454,281,848,387,475,1383,1467,1624,1729,1589,2713,1563,2224,900,1225,811,1164,237,746,26565,12082,5489,1530,8642,4122,2906,32,30
2021-06-14T23:59:59+02:00,7,5,1190,1216,3948,3399,4534,3520,4354,5200,3477,4176,1457,1871,1030,1449,279,846,378,464,1337,1433,1573,1694,1538,2651,1507,2172,890,1202,807,1157,236,744,26095,11830,5395,1460,8638,4037,2852,31,30
2021-06-13T23:59:59+02:00,7,5,1174,1200,3902,3358,4485,3479,4304,5157,3456,4160,1456,1865,1030,1448,279,845,371,456,1304,1415,1536,1669,1499,2614,1473,2133,872,1182,804,1147,236,742,25841,11649,5359,1437,8632,3963,2794,31,30
2021-06-12T23:59:59+02:00,7,4,1159,1172,3873,3337,4455,3456,4287,5141,3441,4150,1454,1862,1029,1447,279,844,366,455,1292,1396,1514,1645,1479,2593,1448,2114,864,1172,794,1144,236,741,25650,11512,5348,1437,8630,3904,2782,31,29
2021-06-11T23:59:59+02:00,6,4,1142,1158,3834,3290,4384,3429,4247,5102,3411,4138,1453,1860,1028,1444,279,843,356,441,1271,1356,1486,1625,1437,2551,1402,2073,854,1158,791,1138,236,740,25347,11272,5319,1429,8626,3826,2765,31,29
2021-06-10T23:59:59+02:00,6,3,1076,1105,3711,3208,4248,3348,4149,5036,3357,4102,1448,1853,1026,1443,279,843,335,425,1207,1316,1419,1567,1372,2482,1317,1974,827,1127,787,1128,235,737,24744,10853,5180,1416,8607,3664,2690,31,28
2021-06-09T23:59:59+02:00,6,1,1027,1068,3566,3102,4111,3287,4059,4960,3310,4059,1444,1847,1024,1440,279,843,317,405,1146,1273,1354,1532,1315,2403,1236,1907,801,1074,780,1114,234,735,24248,10553,4997,1356,8599,3525,2553,31,28
2021-06-08T23:59:59+02:00,5,1,974,1031,3430,3008,3990,3207,3952,4878,3260,4029,1437,1843,1022,1437,278,841,302,385,1100,1234,1298,1499,1259,2347,1190,1835,782,1039,769,1098,230,732,23685,10318,4855,1306,8588,3387,2440,31,27
2021-06-07T23:59:59+02:00,4,1,947,1004,3320,2927,3853,3175,3829,4810,3207,4003,1422,1838,1021,1435,278,840,296,379,1057,1194,1241,1479,1212,2296,1122,1782,769,1021,756,1082,229,728,23290,10153,4672,1270,8581,3260,2303,31,27
2021-06-06T23:59:59+02:00,4,1,924,993,3260,2893,3774,3128,3761,4782,3176,3987,1420,1832,1018,1434,277,840,288,368,1043,1167,1212,1451,1190,2239,1095,1722,756,1006,749,1074,229,725,23078,10044,4538,1216,8570,3150,2240,31,27
2021-06-05T23:59:59+02:00,4,1,913,975,3192,2833,3719,3099,3726,4758,3165,3983,1419,1830,1018,1434,277,839,282,358,1025,1147,1193,1436,1167,2212,1064,1702,743,983,747,1071,229,725,22800,9886,4532,1212,8565,3110,2204,31,26
2021-06-04T23:59:59+02:00,2,1,886,956,3146,2780,3646,3062,3663,4705,3139,3963,1415,1826,1016,1434,277,839,271,351,1003,1118,1172,1422,1144,2176,1036,1674,728,963,741,1066,229,723,22484,9755,4486,1207,8561,3051,2129,31,26
2021-06-03T23:59:59+02:00,2,1,842,921,2987,2686,3465,2959,3489,4591,3048,3888,1406,1816,1012,1429,277,839,260,340,972,1079,1119,1371,1080,2094,975,1616,690,925,733,1053,229,722,21799,9542,4248,1189,8544,2889,1952,31,26
2021-06-02T23:59:59+02:00,2,1,817,910,2920,2622,3413,2919,3430,4533,3008,3863,1404,1811,1012,1428,277,839,247,332,948,1058,1083,1354,1040,2055,927,1572,678,894,730,1048,229,721,21447,9333,4229,1175,8544,2853,1861,31,26
2021-06-01T23:59:59+02:00,2,1,770,877,2767,2509,3234,2826,3264,4430,2949,3802,1393,1805,1009,1423,277,839,236,318,868,1000,996,1298,959,1950,878,1495,649,841,724,1039,229,715,20838,9052,4019,1140,8533,2660,1634,31,26
2021-05-31T23:59:59+02:00,2,1,733,851,2643,2422,3097,2733,3158,4343,2896,3752,1388,1793,1008,1419,277,838,223,302,830,958,931,1251,915,1876,838,1438,630,817,718,1034,227,712,20433,8882,3786,1124,8514,2525,1452,31,26
2021-05-30T23:59:59+02:00,2,1,723,839,2586,2377,3035,2697,3110,4305,2879,3731,1384,1788,1008,1418,277,837,213,285,789,917,882,1212,878,1817,816,1385,616,801,714,1025,227,711,20289,8786,3724,1116,8502,2356,1307,31,26
2021-05-29T23:59:59+02:00,2,1,721,837,2567,2361,3012,2685,3091,4289,2871,3722,1383,1787,1008,1418,277,837,209,274,783,904,863,1185,862,1771,802,1353,603,782,712,1020,226,711,20165,8695,3722,1115,8499,2219,1306,31,26
2021-05-28T23:59:59+02:00,2,1,713,825,2529,2320,2967,2658,3068,4266,2861,3707,1383,1784,1006,1413,277,837,205,265,771,887,852,1161,847,1730,771,1313,586,754,708,1012,225,709,19918,8520,3713,1111,8497,2133,1302,31,26
2021-05-27T23:59:59+02:00,2,1,667,802,2402,2260,2834,2588,2925,4190,2777,3658,1374,1773,1005,1411,276,835,190,249,708,834,770,1106,762,1638,707,1231,563,722,699,996,224,707,19431,8318,3580,1073,8465,1875,1101,31,25
2021-05-26T23:59:59+02:00,2,1,633,769,2292,2189,2672,2523,2801,4126,2726,3608,1364,1762,1003,1404,274,830,181,228,666,794,724,1072,720,1570,668,1173,548,696,684,963,223,704,19015,8101,3335,1063,8438,1737,971,31,25
2021-05-25T23:59:59+02:00,2,1,611,751,2200,2128,2572,2481,2703,4047,2679,3572,1353,1754,1000,1400,274,828,172,215,643,765,690,1037,683,1512,620,1114,531,678,666,936,222,702,18653,7896,3158,1028,8396,1602,918,30,22
2021-05-24T23:59:59+02:00,2,1,596,729,2142,2086,2497,2450,2636,3993,2624,3531,1340,1746,994,1399,274,827,167,207,621,747,663,1005,650,1456,594,1062,514,664,659,932,222,702,18469,7807,2977,1017,8363,1481,818,30,21
2021-05-23T23:59:59+02:00,2,1,592,728,2124,2072,2484,2436,2626,3979,2613,3518,1337,1744,994,1397,274,827,166,206,616,739,655,999,636,1443,587,1055,511,657,655,927,221,699,18351,7732,2974,1012,8363,1470,817,30,20
2021-05-22T23:59:59+02:00,2,1,585,715,2099,2051,2448,2415,2606,3948,2582,3490,1329,1740,994,1395,274,826,164,199,607,736,650,989,624,1438,582,1049,501,649,650,914,221,699,18109,7672,2973,1012,8361,1436,808,30,20
2021-05-21T23:59:59+02:00,2,1,572,699,2011,2014,2362,2362,2539,3902,2543,3445,1322,1727,992,1393,274,825,164,196,601,727,640,980,612,1426,567,1029,490,624,643,908,221,697,17628,7590,2946,1011,8343,1375,805,30,20
2021-05-20T23:59:59+02:00,2,1,540,678,1885,1943,2231,2284,2412,3805,2464,3363,1307,1711,990,1388,274,823,155,185,568,689,608,941,582,1368,542,967,466,595,637,899,221,696,16988,7470,2822,1000,8269,1162,736,30,20
2021-05-19T23:59:59+02:00,2,1,504,643,1773,1859,2083,2211,2272,3707,2362,3268,1290,1692,983,1385,272,823,141,178,543,665,575,905,551,1316,516,908,452,575,627,876,220,694,16226,7323,2753,984,8227,1061,616,30,20
2021-05-18T23:59:59+02:00,2,0,477,622,1696,1783,1982,2155,2163,3589,2271,3178,1279,1673,976,1378,272,819,134,169,519,638,552,873,535,1239,497,847,436,551,620,862,219,691,15719,7210,2588,946,8171,949,513,30,20
2021-05-17T23:59:59+02:00,2,0,457,608,1639,1748,1928,2104,2088,3478,2215,3103,1261,1653,969,1371,272,817,128,161,502,624,543,835,524,1178,484,794,419,522,618,854,219,689,15421,7139,2438,916,8105,851,418,30,19
2021-05-16T23:59:59+02:00,2,0,452,607,1613,1721,1891,2077,2049,3429,2162,3047,1247,1644,967,1367,272,816,124,159,493,604,532,819,511,1132,467,757,393,493,616,849,219,688,15250,7088,2370,888,8064,764,341,30,19
2021-05-15T23:59:59+02:00,2,0,447,602,1587,1703,1872,2057,2027,3405,2138,3012,1239,1643,966,1365,271,816,123,156,489,603,531,816,506,1128,461,748,390,491,614,847,219,688,15050,7059,2369,887,8056,753,336,28,19
2021-05-14T23:59:59+02:00,2,0,431,589,1557,1670,1829,2015,1948,3337,2095,2971,1232,1632,964,1365,269,816,121,151,484,587,512,791,486,1096,447,732,374,476,609,842,219,686,14690,7000,2329,871,8033,650,314,28,19
2021-05-13T23:59:59+02:00,1,0,407,569,1498,1618,1726,1963,1833,3252,2032,2880,1208,1615,957,1363,267,812,116,148,472,580,503,775,480,1082,434,720,358,452,599,817,219,682,14258,6923,2106,833,7977,615,285,28,19
2021-05-12T23:59:59+02:00,1,0,400,564,1478,1609,1711,1954,1808,3229,2017,2867,1206,1609,953,1361,267,812,116,146,469,580,502,769,477,1077,432,714,353,440,598,811,219,681,14130,6881,2082,824,7970,614,283,27,19
2021-05-11T23:59:59+02:00,1,0,381,545,1407,1572,1611,1913,1700,3137,1914,2796,1192,1585,948,1352,267,812,109,137,454,548,481,741,458,1045,404,693,334,412,589,805,219,681,13736,6786,1917,795,7859,520,221,27,19
2021-05-10T23:59:59+02:00,1,0,366,530,1362,1541,1556,1880,1628,3072,1856,2729,1185,1571,944,1346,267,809,109,134,448,543,472,720,450,1023,400,672,326,400,587,800,219,680,13465,6741,1834,788,7737,470,196,27,18
2021-05-09T23:59:59+02:00,1,0,360,519,1317,1516,1523,1860,1584,3036,1796,2690,1173,1559,942,1342,267,808,105,131,441,533,462,712,440,1013,391,661,316,389,582,796,219,679,13232,6706,1778,777,7688,419,176,27,17
2021-05-08T23:59:59+02:00,1,0,354,515,1304,1495,1494,1840,1562,3012,1766,2670,1166,1551,939,1341,266,808,104,131,440,533,460,711,439,1008,391,655,315,388,578,788,219,679,13027,6692,1772,771,7685,407,175,27,17
2021-05-07T23:59:59+02:00,1,0,343,508,1277,1467,1440,1821,1499,2953,1719,2621,1160,1543,938,1336,266,805,101,128,428,519,447,686,427,973,375,631,312,369,565,775,219,677,12761,6644,1743,748,7620,306,139,27,15
2021-05-06T23:59:59+02:00,1,0,320,495,1183,1424,1328,1766,1359,2843,1588,2528,1129,1512,937,1326,266,803,98,123,415,503,436,668,414,950,362,612,302,352,553,763,219,675,12278,6584,1557,731,7403,221,113,25,14
2021-05-05T23:59:59+02:00,1,0,306,480,1143,1394,1283,1726,1294,2775,1510,2449,1112,1489,931,1311,266,798,97,119,405,493,433,656,406,940,357,595,286,341,535,744,219,674,11865,6516,1495,712,7338,172,105,25,12
2021-05-04T23:59:59+02:00,1,0,297,470,1097,1363,1244,1700,1250,2729,1459,2390,1096,1459,926,1301,265,794,93,116,396,481,430,649,395,922,350,578,273,326,524,724,219,674,11547,6443,1434,685,7296,134,93,25,11
2021-05-03T23:59:59+02:00,1,0,291,463,1066,1339,1209,1682,1220,2695,1419,2352,1080,1433,920,1295,264,790,86,111,384,475,421,641,389,914,342,570,261,318,508,708,218,672,11308,6369,1411,678,7256,112,63,25,10
2021-05-02T23:59:59+02:00,1,0,287,462,1052,1325,1177,1665,1195,2677,1407,2330,1072,1419,918,1294,264,787,84,110,377,469,417,636,384,907,339,567,256,310,489,698,218,672,11182,6331,1396,661,7222,98,46,24,9
2021-05-01T23:59:59+02:00,1,0,283,457,1043,1317,1165,1652,1182,2666,1390,2313,1066,1414,915,1292,264,786,84,109,377,468,416,636,382,903,339,566,254,310,489,698,218,672,11052,6323,1395,661,7221,95,45,24,9
2021-04-30T23:59:59+02:00,1,0,279,448,1032,1293,1145,1633,1154,2607,1337,2260,1053,1399,910,1288,264,783,82,107,376,463,413,630,380,878,335,556,249,304,487,693,218,671,10763,6309,1390,652,7218,70,15,24,8
2021-04-29T23:59:59+02:00,1,0,264,435,979,1263,1106,1593,1107,2552,1246,2190,1011,1357,905,1279,263,781,82,104,371,461,409,625,372,866,326,547,241,295,476,683,217,667,10301,6251,1351,631,7157,47,14,23,8
2021-04-28T23:59:59+02:00,1,0,253,430,963,1245,1079,1579,1073,2511,1183,2137,980,1305,897,1277,263,779,78,102,365,458,405,616,369,858,322,534,227,280,466,672,217,666,10019,6188,1302,599,7105,33,13,23,8
2021-04-27T23:59:59+02:00,1,0,249,420,944,1229,1060,1567,1047,2488,1161,2110,956,1271,891,1273,263,776,76,99,360,454,403,611,367,854,318,529,224,272,456,653,216,665,9827,6140,1275,574,7070,27,13,19,8
2021-04-26T23:59:59+02:00,1,0,246,413,936,1221,1050,1552,1020,2471,1113,2062,937,1253,884,1266,262,775,76,99,356,448,403,608,363,851,317,524,219,264,447,644,216,665,9656,6107,1260,551,7005,25,13,19,8
2021-04-25T23:59:59+02:00,1,0,246,411,927,1208,1034,1545,1003,2454,1085,2034,915,1230,881,1259,262,775,75,98,355,441,400,607,361,847,316,524,218,259,442,636,216,664,9530,6091,1236,535,6958,17,13,19,7
2021-04-24T23:59:59+02:00,1,0,242,406,914,1196,1021,1530,990,2437,1058,2018,906,1207,878,1256,262,775,75,98,355,441,399,607,361,845,315,521,217,258,441,633,216,664,9371,6085,1236,527,6937,17,13,19,7
2021-04-23T23:59:59+02:00,1,0,240,396,902,1182,1013,1519,973,2420,1006,1976,886,1185,875,1249,262,772,74,96,355,441,399,606,360,843,312,519,213,252,438,628,216,664,9225,6066,1224,515,6846,17,13,19,7
2021-04-22T23:59:59+02:00,1,0,237,386,879,1160,989,1498,944,2379,963,1916,856,1147,867,1237,262,769,74,95,353,435,394,599,356,834,310,513,208,246,429,618,215,662,8965,6013,1175,500,6780,10,13,19,7
2021-04-21T23:59:59+02:00,1,0,232,381,857,1142,963,1483,909,2344,919,1870,824,1097,859,1223,262,765,73,93,351,434,392,596,352,829,306,506,207,241,421,603,214,659,8679,5966,1151,482,6724,10,13,19,7
2021-04-20T23:59:59+02:00,1,0,225,376,840,1116,945,1463,886,2295,879,1819,779,1034,847,1206,261,763,73,93,349,433,389,592,346,824,304,500,203,233,409,584,213,659,8407,5909,1083,467,6662,9,13,19,7
2021-04-19T23:59:59+02:00,1,0,222,366,824,1104,932,1443,871,2264,852,1785,753,1003,843,1199,260,760,72,92,348,430,383,587,343,814,300,490,203,228,399,567,211,654,8233,5850,1067,445,6597,7,12,18,7
2021-04-18T23:59:59+02:00,1,0,221,362,816,1094,920,1435,851,2244,834,1768,728,965,841,1194,259,757,71,90,345,430,383,587,342,811,300,487,202,224,393,564,211,654,8116,5831,1041,436,6539,7,12,18,7
2021-04-17T23:59:59+02:00,1,0,220,359,813,1091,913,1434,844,2240,830,1762,712,941,839,1188,259,757,71,87,343,426,381,587,339,807,299,483,200,219,387,557,211,653,8053,5789,1040,434,6515,7,12,18,7
2021-04-16T23:59:59+02:00,1,0,219,358,803,1086,900,1416,829,2218,800,1725,671,885,829,1178,258,754,67,85,341,419,378,585,331,794,293,470,188,203,384,548,208,650,7866,5721,1025,396,6441,6,12,17,6
2021-04-15T23:59:59+02:00,1,0,218,351,780,1069,882,1402,805,2172,760,1688,640,840,821,1159,258,750,65,84,338,412,373,580,324,788,286,467,180,197,368,527,206,645,7649,5643,1016,370,6328,5,12,16,6
2021-04-14T23:59:59+02:00,1,0,217,344,770,1061,874,1389,790,2137,744,1660,604,800,794,1112,258,746,62,80,333,409,369,575,322,779,278,458,171,181,353,504,204,640,7441,5553,1001,338,6253,5,12,14,6
2021-04-13T23:59:59+02:00,1,0,213,339,760,1056,864,1378,781,2113,718,1635,558,749,773,1078,257,742,60,78,326,404,360,571,315,772,273,453,168,177,340,491,203,637,7293,5494,954,308,6160,3,12,13,6
2021-04-12T23:59:59+02:00,1,0,211,338,756,1051,857,1365,755,2093,702,1618,529,722,762,1061,257,740,59,74,314,395,356,565,311,765,266,447,161,172,332,479,202,631,7203,5417,933,282,6072,3,12,11,6
2021-04-11T23:59:59+02:00,0,0,208,336,748,1041,850,1359,743,2077,693,1602,514,699,754,1038,256,737,58,72,309,393,353,563,309,762,265,442,156,165,325,476,200,629,7146,5373,914,272,5983,3,12,10,6
2021-04-10T23:59:59+02:00,0,0,208,334,748,1038,847,1357,735,2069,684,1595,508,685,748,1024,255,737,54,65,284,377,333,547,297,748,250,434,148,158,321,462,199,627,7095,5202,907,264,5956,3,11,10,6
2021-04-09T23:59:59+02:00,0,0,208,331,744,1035,835,1334,727,1987,668,1511,473,625,728,1004,252,733,45,62,271,365,317,535,281,734,239,421,140,153,299,441,195,618,6984,5013,884,256,5707,3,9,9,6
2021-04-08T23:59:59+02:00,0,0,206,328,739,1028,824,1325,714,1967,650,1492,429,567,701,981,250,730,43,60,263,350,303,524,267,720,224,405,130,137,284,424,193,601,6875,4832,845,245,5590,3,8,9,6
2021-04-07T23:59:59+02:00,0,0,201,324,729,1022,811,1310,698,1940,632,1459,392,526,671,942,247,726,40,57,244,337,293,517,260,706,216,393,115,127,266,404,188,592,6746,4663,812,236,5443,3,8,9,5
2021-04-06T23:59:59+02:00,0,0,198,322,721,1017,797,1294,679,1917,605,1434,372,490,648,911,246,724,38,56,243,333,289,515,250,702,211,388,110,122,258,384,184,582,6660,4593,785,216,5295,3,8,9,5
2021-04-05T23:59:59+02:00,0,0,198,321,718,1011,791,1283,671,1901,599,1419,355,469,631,887,246,723,38,55,243,329,288,510,246,696,207,387,110,118,244,365,181,576,6621,4535,774,201,5189,3,7,9,5
2021-04-04T23:59:59+02:00,0,0,197,318,715,1003,786,1272,662,1883,592,1400,345,458,628,883,246,723,37,54,243,329,287,510,246,696,206,387,108,118,238,353,178,574,6598,4506,770,200,5104,3,7,9,5
2021-04-03T23:59:59+02:00,0,0,197,318,713,1003,784,1270,661,1879,585,1398,337,452,625,876,246,722,37,54,243,329,287,510,246,695,206,385,108,118,237,351,178,572,6565,4498,770,200,5090,3,7,9,5
2021-04-02T23:59:59+02:00,0,0,197,316,713,1002,783,1267,657,1872,581,1389,328,443,615,866,246,721,37,53,240,329,285,508,244,687,201,380,106,117,231,332,177,559,6520,4429,765,197,5067,3,7,9,5
2021-04-01T23:59:59+02:00,0,0,194,313,708,988,771,1254,652,1852,565,1370,316,419,585,833,245,715,35,52,231,323,283,505,243,680,199,376,99,114,217,306,173,538,6433,4323,723,189,4975,3,7,9,5
2021-03-31T23:59:59+02:00,0,0,190,310,700,981,762,1240,642,1807,555,1331,308,408,566,787,244,712,35,52,230,322,279,503,240,678,193,372,94,111,203,280,171,517,6367,4237,682,182,4844,3,6,9,5
2021-03-30T23:59:59+02:00,0,0,187,304,695,970,757,1220,630,1768,546,1287,298,392,540,751,243,712,35,51,228,318,275,500,239,673,190,367,91,109,194,262,168,503,6291,4162,648,177,4709,3,6,9,5
2021-03-29T23:59:59+02:00,0,0,183,299,689,953,752,1208,621,1737,537,1249,294,378,512,714,241,705,35,50,226,317,274,498,238,668,188,360,88,108,185,250,164,491,6185,4103,627,172,4606,3,6,9,5
2021-03-28T23:59:59+02:00,0,0,176,283,681,945,745,1199,617,1715,534,1234,292,364,484,690,239,703,35,49,224,317,271,492,234,665,187,357,85,106,178,240,161,490,6142,4060,593,166,4510,3,6,9,5
2021-03-27T23:59:59+01:00,0,0,176,280,676,939,740,1195,611,1704,532,1226,287,356,478,680,239,702,35,49,224,317,271,492,233,659,184,353,84,105,174,233,157,480,6103,4025,585,160,4474,3,6,9,5
2021-03-26T23:59:59+01:00,0,0,172,277,665,927,732,1180,600,1687,524,1202,280,345,474,666,237,699,35,49,224,317,270,490,233,658,177,340,80,97,160,217,149,468,6039,3940,567,160,4398,3,4,9,5
2021-03-25T23:59:59+01:00,0,0,168,275,657,914,711,1156,584,1652,514,1163,273,333,458,641,236,695,35,49,220,312,268,489,227,655,177,339,73,97,144,200,146,444,5967,3854,551,153,4246,3,4,9,5
2021-03-24T23:59:59+01:00,0,0,166,266,646,901,703,1141,575,1614,502,1132,264,321,441,616,233,692,35,49,219,310,265,487,225,655,173,337,71,94,132,193,138,411,5894,3781,528,146,4122,2,4,9,5
2021-03-23T23:59:59+01:00,0,0,163,263,638,888,690,1129,564,1592,490,1095,258,309,423,600,228,688,34,49,217,309,263,485,220,650,171,333,68,91,125,186,130,386,5842,3707,512,141,3993,2,4,9,5
2021-03-22T23:59:59+01:00,0,0,159,255,619,867,671,1110,553,1560,477,1072,254,299,411,585,227,682,34,49,216,307,261,483,219,643,170,331,68,87,119,178,115,356,5786,3627,488,138,3853,2,4,9,5
2021-03-21T23:59:59+01:00,0,0,155,253,611,860,667,1106,549,1536,471,1039,249,292,398,579,225,678,34,49,213,307,260,481,218,642,168,329,67,84,117,177,111,353,5767,3606,475,134,3749,2,3,7,4
2021-03-20T23:59:59+01:00,0,0,153,253,603,856,662,1103,544,1532,469,1037,246,285,386,565,223,676,34,49,213,307,259,481,217,640,168,325,66,83,114,173,107,347,5734,3581,470,132,3709,2,3,7,4
2021-03-19T23:59:59+01:00,0,0,143,241,598,838,651,1097,540,1515,457,1024,232,263,371,539,217,667,32,49,212,306,258,481,215,632,167,322,64,81,107,163,103,326,5657,3517,431,131,3621,2,2,7,4
2021-03-18T23:59:59+01:00,0,0,138,235,581,823,633,1063,522,1465,443,978,216,249,358,518,214,650,32,49,211,303,256,473,215,627,165,315,64,78,98,155,98,311,5576,3455,399,122,3420,2,2,7,4
2021-03-17T23:59:59+01:00,0,0,133,229,569,804,620,1056,517,1452,433,960,205,236,340,500,211,644,32,48,211,301,255,471,215,626,165,314,64,78,94,150,93,300,5482,3420,372,122,3359,2,2,5,4
2021-03-16T23:59:59+01:00,0,0,129,222,554,789,603,1045,505,1412,421,935,198,221,320,467,207,632,32,47,211,298,255,465,213,625,164,313,60,78,90,145,91,280,5393,3374,338,118,3226,2,1,5,4
2021-03-15T23:59:59+01:00,0,0,123,215,539,774,594,1022,496,1380,405,898,192,213,306,443,206,626,31,47,210,295,255,462,212,624,162,313,59,76,83,140,89,265,5304,3331,308,117,3111,2,0,5,4
2021-03-14T23:59:59+01:00,0,0,118,202,527,757,580,1001,487,1338,392,855,183,202,296,432,199,622,31,47,210,293,254,461,211,619,161,308,58,76,82,137,87,262,5240,3316,294,106,2943,2,0,5,4
2021-03-13T23:59:59+01:00,0,0,114,190,499,731,550,974,462,1314,371,837,167,194,288,420,198,619,31,47,210,293,254,461,210,619,161,307,58,76,79,133,76,247,5047,3279,288,106,2862,2,0,5,4
2021-03-12T23:59:59+01:00,0,0,103,183,472,707,531,946,441,1275,349,806,151,182,265,393,197,599,31,47,210,292,254,460,210,619,161,306,54,75,76,127,74,241,4827,3252,282,106,2747,2,0,5,3
2021-03-11T23:59:59+01:00,0,0,95,176,440,661,494,910,404,1201,328,753,137,160,243,350,192,577,31,46,209,289,249,456,208,615,158,304,54,73,72,121,72,230,4591,3223,274,86,2492,2,0,5,2
2021-03-10T23:59:59+01:00,0,0,92,166,417,639,477,892,389,1163,312,716,122,144,227,320,187,546,31,46,207,284,245,452,205,609,158,302,51,72,68,119,69,219,4421,3182,264,74,2356,2,0,5,2
2021-03-09T23:59:59+01:00,0,0,92,161,406,612,447,863,374,1119,303,685,117,136,215,302,181,534,31,46,206,281,242,444,203,605,154,298,51,71,66,117,62,210,4338,3141,248,64,2180,2,0,5,2
2021-03-08T23:59:59+01:00,0,0,89,154,391,595,429,846,365,1067,296,648,112,127,201,282,177,521,31,46,206,277,239,439,198,601,149,294,49,70,61,114,61,209,4260,3113,232,49,2023,1,0,5,1
2021-03-07T23:59:59+01:00,0,0,85,150,386,583,421,830,355,1053,294,642,110,127,194,269,175,520,31,46,205,276,239,437,197,600,149,294,49,70,59,113,60,208,4215,3104,222,47,1968,0,0,5,1
2021-03-06T23:59:59+01:00,0,0,84,143,384,576,415,807,347,1002,285,611,109,126,188,261,173,515,31,46,205,276,238,436,197,599,149,294,49,70,57,113,59,203,4183,3099,222,41,1829,0,0,5,1
2021-03-05T23:59:59+01:00,0,0,83,138,379,564,411,800,346,986,276,587,103,116,174,241,164,502,31,46,204,274,237,435,196,597,148,292,49,70,55,112,59,195,4097,3084,213,33,1761,0,0,5,1
2021-03-04T23:59:59+01:00,0,0,80,124,368,528,393,766,328,940,266,560,93,115,155,216,158,478,31,46,202,268,235,429,194,585,145,291,47,70,55,112,59,194,3998,3045,196,32,1572,0,0,5,1
2021-03-03T23:59:59+01:00,0,0,73,114,359,510,384,748,324,919,257,542,91,112,145,208,150,444,31,45,202,268,234,427,191,576,145,285,47,70,54,111,59,194,3927,3022,190,29,1457,0,0,5,1
2021-03-02T23:59:59+01:00,0,0,70,111,348,495,368,731,316,900,251,520,89,109,137,200,142,417,30,45,202,268,234,421,186,569,143,282,47,70,54,109,59,193,3848,2993,184,29,1359,0,0,5,1
2021-03-01T23:59:59+01:00,0,0,69,109,342,481,361,710,308,876,245,492,88,107,130,190,125,382,30,44,201,267,232,413,184,561,143,279,47,70,54,108,58,193,3763,2964,180,29,1254,0,0,5,1
2021-02-28T23:59:59+01:00,0,0,69,107,335,472,358,702,306,852,240,474,84,99,128,186,121,378,30,44,200,266,231,413,184,561,143,279,47,70,54,108,58,192,3739,2960,175,29,1176,0,0,5,1
2021-02-27T23:59:59+01:00,0,0,66,98,329,466,353,696,300,841,237,465,82,97,127,180,114,367,30,44,200,265,231,412,183,560,142,278,47,70,54,108,58,192,3706,2959,169,24,1119,0,0,5,1
2021-02-26T23:59:59+01:00,0,0,64,93,321,442,327,662,280,810,227,444,80,93,119,170,111,348,30,43,200,264,231,410,182,557,139,276,47,70,54,108,58,190,3652,2944,168,24,941,0,0,5,0
2021-02-25T23:59:59+01:00,0,0,57,82,308,421,316,632,274,783,215,422,75,93,110,163,107,334,30,43,198,261,227,407,180,549,134,275,47,68,52,106,56,190,3600,2916,162,16,793,0,0,5,0
2021-02-24T23:59:59+01:00,0,0,53,75,301,408,308,617,269,767,212,414,74,93,106,159,101,324,29,43,196,260,224,394,178,541,132,270,45,67,50,106,56,190,3566,2878,157,10,718,0,0,5,0
2021-02-23T23:59:59+01:00,0,0,49,66,288,388,299,598,263,749,207,406,70,91,101,155,99,300,28,43,195,258,222,389,177,535,128,267,45,67,50,102,56,189,3513,2850,152,7,620,0,0,5,0
2021-02-22T23:59:59+01:00,0,0,47,63,283,376,295,588,261,740,205,402,67,88,92,148,97,286,28,41,192,256,219,376,169,525,125,264,45,67,49,102,55,189,3467,2802,144,4,581,0,0,4,0
2021-02-21T23:59:59+01:00,0,0,46,62,278,370,292,578,256,733,200,398,66,86,91,146,95,284,28,40,191,254,218,373,169,516,125,263,45,67,49,101,54,188,3457,2779,141,4,535,0,0,3,0
2021-02-20T23:59:59+01:00,0,0,45,62,276,369,292,575,255,727,200,392,65,86,88,142,84,269,28,40,191,254,218,373,169,516,123,262,45,67,48,101,54,186,3422,2773,140,4,514,0,0,3,0
2021-02-19T23:59:59+01:00,0,0,44,62,273,364,286,553,244,701,198,380,62,84,85,134,82,262,28,39,191,254,217,372,169,515,123,262,45,67,47,100,53,184,3393,2764,139,4,427,0,0,2,0
2021-02-18T23:59:59+01:00,0,0,42,59,255,340,278,532,236,680,184,355,61,80,83,129,81,253,27,38,187,246,214,366,165,500,122,252,45,65,46,98,49,180,3366,2697,130,4,294,0,0,2,0
2021-02-17T23:59:59+01:00,0,0,42,57,248,335,276,518,230,667,181,335,59,78,79,127,78,243,25,37,183,240,207,352,161,484,119,241,41,63,46,96,48,177,3319,2614,130,3,240,0,0,2,0
2021-02-16T23:59:59+01:00,0,0,41,52,235,320,272,507,224,653,176,328,57,78,76,125,71,234,22,37,174,231,199,333,155,472,115,229,41,59,37,83,42,168,3281,2490,127,3,175,0,0,2,0
2021-02-15T23:59:59+01:00,0,0,40,52,230,317,265,494,221,648,172,322,55,78,71,121,70,233,21,35,167,224,194,325,149,461,111,222,38,56,37,77,39,161,3254,2410,126,3,143,0,0,2,0
2021-02-14T23:59:59+01:00,0,0,37,52,227,313,263,487,218,642,172,318,55,76,68,121,69,229,20,35,165,220,190,320,148,449,110,220,38,56,36,76,37,154,3243,2366,115,3,122,0,0,2,0
2021-02-13T23:59:59+01:00,0,0,36,52,227,313,261,487,218,641,172,318,55,76,67,121,69,228,20,35,164,219,187,320,147,447,109,217,37,56,35,75,35,150,3239,2346,115,1,120,0,0,2,0
2021-02-12T23:59:59+01:00,0,0,35,50,225,308,258,478,214,630,169,315,55,75,66,121,69,227,20,35,163,216,186,319,146,445,107,216,35,55,35,71,32,141,3230,2315,115,1,81,0,0,2,0
2021-02-11T23:59:59+01:00,0,0,34,49,217,287,251,461,207,606,157,304,53,74,65,119,69,222,20,33,147,196,179,288,137,399,102,197,31,54,32,62,30,127,3193,2119,93,1,18,0,0,2,0
2021-02-10T23:59:59+01:00,0,0,34,48,214,279,249,454,203,597,155,299,50,74,64,119,68,220,18,30,136,172,165,250,117,350,95,175,27,52,31,60,27,116,3161,1895,83,1,8,0,0,2,0
2021-02-09T23:59:59+01:00,0,0,33,47,213,276,247,444,198,589,151,296,50,74,64,117,68,220,18,28,120,145,149,230,104,308,90,150,22,47,30,48,23,104,3139,1682,68,1,4,0,0,2,0
2021-02-08T23:59:59+01:00,0,0,33,47,212,274,241,430,195,576,148,291,48,74,64,116,68,220,16,27,103,122,127,191,85,269,85,140,15,45,24,41,22,89,3101,1461,53,1,4,0,0,2,0
2021-02-07T23:59:59+01:00,0,0,33,46,209,273,239,429,195,573,148,291,48,74,63,115,68,220,15,21,98,113,120,180,80,250,81,131,15,44,23,35,22,84,3093,1369,50,1,0,0,0,2,0
2021-02-06T23:59:59+01:00,0,0,33,46,209,273,239,428,195,573,148,290,47,74,62,115,67,215,12,17,97,112,119,176,78,243,81,129,14,43,23,32,20,83,3090,1333,43,1,0,0,0,2,0
2021-02-05T23:59:59+01:00,0,0,32,45,209,273,239,427,194,571,146,289,47,74,62,115,67,205,10,14,88,104,115,172,77,240,80,121,13,41,23,28,18,80,3077,1275,35,0,0,0,0,2,0
2021-02-04T23:59:59+01:00,0,0,32,45,206,270,234,423,189,565,144,286,47,72,62,113,67,204,9,10,60,72,92,127,66,202,63,102,12,36,20,24,16,71,3040,1022,35,0,0,0,0,2,0
2021-02-03T23:59:59+01:00,0,0,32,44,206,269,233,411,187,559,143,283,47,71,61,112,67,203,6,5,44,54,71,105,50,155,53,74,9,17,16,18,11,54,3012,772,32,0,0,0,0,2,0
2021-02-02T23:59:59+01:00,0,0,31,44,205,267,229,405,186,553,140,282,46,71,59,109,65,201,4,3,28,38,55,75,39,99,42,51,7,14,11,13,7,36,2975,542,32,0,0,0,0,2,0
2021-02-01T23:59:59+01:00,0,0,30,42,203,267,225,400,183,547,137,275,46,70,58,108,65,201,4,1,22,20,29,44,26,60,25,28,4,9,8,9,6,21,2939,327,32,0,0,0,0,1,0
2021-01-31T23:59:59+01:00,0,0,30,42,202,265,223,395,181,539,136,275,46,70,57,108,64,200,4,1,20,15,20,36,20,48,19,24,4,6,6,8,5,19,2914,264,31,0,0,0,0,1,0
2021-01-30T23:59:59+01:00,0,0,30,42,202,265,223,394,180,539,136,275,46,70,56,108,64,197,4,1,19,14,18,36,18,44,18,23,4,5,6,7,5,18,2909,248,30,0,0,0,0,1,0
2021-01-29T23:59:59+01:00,0,0,30,42,202,263,222,393,179,538,134,273,46,70,55,107,63,196,4,0,16,9,13,29,16,38,14,21,4,4,5,7,5,17,2899,208,26,0,0,0,0,0,0
2021-01-28T23:59:59+01:00,0,0,30,41,194,260,221,388,178,529,131,269,46,70,53,106,59,194,4,0,4,3,7,16,9,20,8,9,2,2,3,3,1,17,2863,111,18,0,0,0,0,0,0
2021-01-27T23:59:59+01:00,0,0,29,40,190,254,217,378,176,516,128,260,43,68,53,105,58,192,1,0,3,3,6,14,8,18,7,9,2,2,2,3,1,13,2799,94,14,0,0,0,0,0,0
2021-01-26T23:59:59+01:00,0,0,26,40,187,242,211,365,172,498,125,252,43,64,47,97,53,184,1,0,2,3,6,14,8,18,7,9,2,2,2,3,1,10,2700,90,11,0,0,0,0,0,0
2021-01-25T23:59:59+01:00,0,0,26,39,178,239,208,355,169,489,122,242,42,62,46,94,48,182,1,0,1,3,4,12,7,15,7,9,2,2,2,1,1,8,2640,77,4,0,0,0,0,0,0
2021-01-24T23:59:59+01:00,0,0,25,38,176,236,205,354,168,487,122,241,42,62,44,92,47,181,1,0,1,3,3,12,7,15,7,9,2,2,2,1,1,8,2619,76,3,0,0,0,0,0,0
2021-01-23T23:59:59+01:00,0,0,25,38,176,236,203,354,168,486,122,241,42,62,44,92,47,179,1,0,1,3,3,11,7,15,6,9,2,2,2,1,1,8,2614,74,3,0,0,0,0,0,0
2021-01-22T23:59:59+01:00,0,0,24,37,175,232,202,354,168,485,121,241,42,62,44,92,45,172,1,0,1,3,3,11,7,15,6,9,2,2,2,1,1,8,2595,74,3,0,0,0,0,0,0
2021-01-21T23:59:59+01:00,0,0,21,36,166,223,196,337,164,463,119,228,41,62,40,84,44,169,1,0,1,3,1,6,6,10,4,5,2,2,2,0,1,7,2487,53,3,0,0,0,0,0,0
2021-01-20T23:59:59+01:00,0,0,20,34,153,197,180,296,135,407,109,207,36,59,37,80,40,155,1,0,1,3,1,6,6,9,4,4,2,2,2,0,1,7,2229,51,2,0,0,0,0,0,0
2021-01-19T23:59:59+01:00,0,0,20,31,128,168,163,264,126,364,105,186,26,53,30,66,35,141,1,0,1,3,1,5,4,7,2,3,1,0,2,0,0,4,1980,35,2,0,0,0,0,0,0
2021-01-18T23:59:59+01:00,0,0,17,31,113,147,140,223,109,316,98,162,23,50,27,54,31,120,1,0,1,1,0,2,3,5,1,3,0,0,1,0,0,4,1730,23,2,0,0,0,0,0,0
2021-01-17T23:59:59+01:00,0,0,16,21,108,132,132,210,100,291,94,153,23,45,27,49,29,108,1,0,0,0,0,1,1,4,1,2,0,0,1,0,0,1,1600,12,2,0,0,0,0,0,0
2021-01-16T23:59:59+01:00,0,0,14,18,105,130,130,205,97,281,93,147,20,44,26,43,25,104,0,0,0,0,0,0,0,0,0,0,0,0,0,0,0,0,1543,0,0,0,0,0,0,0,0
2021-01-15T23:59:59+01:00,0,0,11,16,99,121,126,200,95,273,93,137,19,43,26,39,23,101,0,0,0,0,0,0,0,0,0,0,0,0,0,0,0,0,1479,0,0,0,0,0,0,0,0
2021-01-14T23:59:59+01:00,0,0,9,12,75,89,107,164,79,229,81,122,14,38,23,33,22,88,0,0,0,0,0,0,0,0,0,0,0,0,0,0,0,0,1231,0,0,0,0,0,0,0,0
2021-01-13T23:59:59+01:00,0,0,7,11,61,79,94,135,73,186,75,97,14,24,19,25,20,68,0,0,0,0,0,0,0,0,0,0,0,0,0,0,0,0,1027,0,0,0,0,0,0,0,0
2021-01-12T23:59:59+01:00,0,0,5,8,49,61,76,105,66,131,62,75,10,19,15,21,12,51,0,0,0,0,0,0,0,0,0,0,0,0,0,0,0,0,799,0,0,0,0,0,0,0,0
2021-01-11T23:59:59+01:00,0,0,4,6,43,48,63,80,51,103,47,55,9,15,8,12,9,28,0,0,0,0,0,0,0,0,0,0,0,0,0,0,0,0,605,0,0,0,0,0,0,0,0
2021-01-10T23:59:59+01:00,0,0,4,6,39,37,48,66,38,82,39,47,7,10,6,11,8,24,0,0,0,0,0,0,0,0,0,0,0,0,0,0,0,0,487,0,0,0,0,0,0,0,0
2021-01-09T23:59:59+01:00,0,0,4,5,36,36,43,63,35,74,36,43,7,9,6,10,8,23,0,0,0,0,0,0,0,0,0,0,0,0,0,0,0,0,451,0,0,0,0,0,0,0,0
2021-01-08T23:59:59+01:00,0,0,4,5,29,28,37,56,27,61,30,38,6,6,4,9,7,21,0,0,0,0,0,0,0,0,0,0,0,0,0,0,0,0,378,0,0,0,0,0,0,0,0
2021-01-07T23:59:59+01:00,0,0,4,2,10,3,10,18,11,25,8,18,5,3,3,4,3,20,0,0,0,0,0,0,0,0,0,0,0,0,0,0,0,0,150,0,0,0,0,0,0,0,0
2021-01-06T23:59:59+01:00,0,0,4,0,3,3,5,15,8,19,7,10,3,3,2,4,3,17,0,0,0,0,0,0,0,0,0,0,0,0,0,0,0,0,109,0,0,0,0,0,0,0,0
2021-01-05T23:59:59+01:00,0,0,2,0,2,3,5,14,8,17,7,9,3,2,2,4,2,16,0,0,0,0,0,0,0,0,0,0,0,0,0,0,0,0,99,0,0,0,0,0,0,0,0
2021-01-04T23:59:59+01:00,0,0,1,0,2,3,5,13,7,15,7,9,2,2,2,2,2,10,0,0,0,0,0,0,0,0,0,0,0,0,0,0,0,0,84,0,0,0,0,0,0,0,0
2021-01-03T23:59:59+01:00,0,0,1,0,1,3,4,13,7,15,7,9,2,2,2,2,2,10,0,0,0,0,0,0,0,0,0,0,0,0,0,0,0,0,82,0,0,0,0,0,0,0,0
2021-01-02T23:59:59+01:00,0,0,1,0,1,3,4,13,6,15,6,9,2,2,2,2,2,10,0,0,0,0,0,0,0,0,0,0,0,0,0,0,0,0,80,0,0,0,0,0,0,0,0
2021-01-01T23:59:59+01:00,0,0,1,0,1,3,4,13,6,15,6,9,2,2,2,2,2,10,0,0,0,0,0,0,0,0,0,0,0,0,0,0,0,0,80,0,0,0,0,0,0,0,0
2020-12-31T23:59:59+01:00,0,0,1,0,1,3,4,12,6,15,6,9,2,2,2,2,2,10,0,0,0,0,0,0,0,0,0,0,0,0,0,0,0,0,79,0,0,0,0,0,0,0,0
2020-12-30T23:59:59+01:00,0,0,1,0,1,3,4,12,6,14,6,9,2,2,2,2,2,10,0,0,0,0,0,0,0,0,0,0,0,0,0,0,0,0,78,0,0,0,0,0,0,0,0
2020-12-29T23:59:59+01:00,0,0,1,0,1,3,3,8,4,11,4,7,1,1,2,1,0,8,0,0,0,0,0,0,0,0,0,0,0,0,0,0,0,0,56,0,0,0,0,0,0,0,0
2020-12-28T23:59:59+01:00,0,0,1,0,1,1,1,1,2,6,3,4,1,0,1,0,0,4,0,0,0,0,0,0,0,0,0,0,0,0,0,0,0,0,27,0,0,0,0,0,0,0,0
2020-12-27T23:59:59+01:00,0,0,1,0,0,0,0,1,1,6,1,2,0,0,1,0,0,2,0,0,0,0,0,0,0,0,0,0,0,0,0,0,0,0,15,0,0,0,0,0,0,0,0
