Datum,<15_m,<15_w,15-24_1_m,15-24_1_w,25-34_1_m,25-34_1_w,35-44_1_m,35-44_1_w,45-54_1_m,45-54_1_w,55-64_1_m,55-64_1_w,65-74_1_m,65-74_1_w,75-84_1_m,75-84_1_w,>84_1_m,>84_1_w,<24_2_m,<24_2_w,25-34_2_m,25-34_2_w,35-44_2_m,35-44_2_w,45-54_2_m,45-54_2_w,55-64_2_m,55-64_2_w,65-74_2_m,65-74_2_w,75-84_2_m,75-84_2_w,>84_2_m,>84_2_w,bp_1,bp_2,mo_1,mo_2,az_1,az_2,ja,unb_1,unb_2
2021-08-04T23:59:59+02:00,93,106,2572,2410,7337,5306,7362,5079,6648,7138,4979,5352,2545,2688,3130,3204,2721,5152,1739,1636,5425,3987,5838,4089,5486,5938,4154,4581,1928,2241,2286,2491,1962,3826,50676,37925,7659,6064,9246,7081,6995,22,17
2021-08-03T23:59:59+02:00,91,106,2554,2392,7312,5291,7332,5065,6626,7117,4970,5340,2542,2686,3129,3202,2721,5152,1710,1608,5345,3924,5750,4041,5427,5889,4119,4543,1924,2237,2285,2491,1962,3826,50540,37501,7654,6032,9246,7060,6942,22,17
2021-08-02T23:59:59+02:00,91,106,2536,2374,7275,5270,7309,5057,6608,7103,4954,5331,2541,2682,3128,3201,2721,5152,1689,1585,5265,3874,5652,3984,5365,5842,4073,4512,1918,2224,2284,2486,1961,3825,50416,37067,7647,5998,9246,7042,6884,22,17
2021-08-01T23:59:59+02:00,90,104,2524,2366,7245,5253,7297,5044,6599,7094,4949,5325,2539,2681,3126,3201,2721,5152,1675,1574,5216,3846,5599,3943,5326,5820,4057,4496,1916,2222,2282,2483,1961,3825,50340,36861,7635,5969,9245,7017,6844,22,17
2021-07-31T23:59:59+02:00,88,103,2518,2360,7233,5246,7290,5039,6595,7085,4948,5325,2537,2681,3126,3201,2721,5152,1641,1533,5125,3785,5542,3902,5276,5787,4031,4471,1913,2220,2282,2482,1961,3825,50308,36425,7631,5957,9245,7013,6818,22,17
2021-07-30T23:59:59+02:00,87,100,2507,2354,7215,5235,7277,5020,6576,7073,4941,5318,2536,2680,3126,3200,2721,5152,1623,1518,5048,3745,5480,3849,5218,5741,4006,4454,1911,2218,2281,2479,1961,3825,50242,36088,7625,5935,9245,7005,6760,22,17
2021-07-29T23:59:59+02:00,86,99,2477,2339,7164,5194,7238,4977,6551,7036,4919,5296,2535,2676,3124,3199,2721,5152,1584,1490,4931,3652,5356,3782,5135,5656,3961,4401,1905,2210,2278,2477,1960,3825,50058,35549,7611,5883,9241,6969,6625,22,17
2021-07-28T23:59:59+02:00,85,97,2459,2327,7127,5157,7209,4954,6528,7014,4904,5287,2532,2675,3122,3196,2720,5151,1548,1448,4831,3582,5246,3721,5044,5583,3927,4369,1893,2202,2276,2475,1960,3824,49878,35007,7601,5832,9239,6931,6578,22,17
2021-07-27T23:59:59+02:00,82,95,2447,2313,7084,5138,7173,4939,6510,6995,4894,5276,2531,2674,3122,3195,2720,5151,1506,1421,4703,3506,5122,3649,4958,5517,3888,4321,1887,2189,2275,2472,1959,3824,49757,34457,7586,5751,9238,6897,6510,22,17
2021-07-26T23:59:59+02:00,82,93,2424,2299,7055,5122,7141,4924,6487,6976,4890,5266,2530,2674,3121,3195,2720,5151,1472,1368,4571,3448,5019,3591,4886,5444,3837,4287,1884,2175,2274,2466,1959,3823,49640,33928,7567,5687,9236,6849,6458,22,17
2021-07-25T23:59:59+02:00,80,90,2409,2282,7022,5102,7108,4911,6467,6956,4881,5262,2528,2671,3120,3194,2720,5150,1452,1345,4520,3411,4967,3561,4840,5406,3807,4265,1881,2171,2273,2466,1959,3823,49502,33679,7558,5656,9233,6817,6411,22,17
2021-07-24T23:59:59+02:00,80,90,2395,2276,6992,5090,7085,4900,6453,6942,4874,5258,2527,2668,3120,3194,2720,5150,1432,1328,4476,3391,4893,3517,4801,5384,3787,4257,1880,2169,2272,2464,1959,3822,49434,33492,7536,5575,9233,6817,6362,22,17
2021-07-23T23:59:59+02:00,79,88,2368,2254,6942,5066,7055,4878,6424,6918,4855,5251,2525,2666,3118,3194,2720,5150,1381,1298,4348,3300,4762,3441,4728,5317,3740,4225,1879,2161,2271,2459,1958,3822,49276,32889,7531,5548,9233,6797,6262,22,17
2021-07-22T23:59:59+02:00,77,85,2335,2230,6865,5032,7009,4843,6377,6875,4824,5229,2519,2663,3115,3193,2720,5148,1324,1263,4197,3234,4619,3370,4585,5243,3661,4178,1867,2152,2267,2457,1958,3821,48986,32287,7515,5421,9226,6731,6161,22,17
2021-07-21T23:59:59+02:00,76,80,2308,2214,6808,5005,6955,4805,6319,6839,4807,5206,2512,2659,3114,3190,2720,5146,1296,1226,4084,3155,4485,3311,4480,5142,3594,4138,1856,2141,2264,2457,1958,3819,48762,31852,7469,5223,9220,6671,6060,22,17
2021-07-20T23:59:59+02:00,75,79,2292,2197,6757,4979,6921,4779,6284,6802,4778,5191,2509,2655,3114,3190,2720,5146,1262,1201,3974,3093,4402,3264,4392,5064,3541,4108,1854,2132,2262,2456,1958,3818,48545,31410,7459,5154,9219,6622,5993,22,17
2021-07-19T23:59:59+02:00,74,79,2271,2175,6708,4947,6874,4759,6251,6771,4758,5176,2505,2651,3113,3186,2720,5145,1243,1181,3905,3049,4324,3231,4315,5001,3507,4085,1850,2126,2258,2453,1957,3818,48292,31122,7449,5045,9218,6579,5951,22,17
2021-07-18T23:59:59+02:00,74,77,2248,2152,6646,4912,6835,4731,6216,6736,4743,5166,2498,2646,3111,3186,2719,5144,1227,1161,3863,3010,4286,3202,4267,4981,3472,4072,1845,2116,2257,2453,1957,3816,48018,30930,7435,4974,9214,6555,5919,22,16
2021-07-17T23:59:59+02:00,72,73,2234,2139,6629,4899,6816,4716,6197,6721,4725,5157,2494,2645,3111,3185,2719,5143,1218,1149,3831,2977,4245,3183,4229,4949,3445,4060,1840,2113,2257,2451,1957,3816,47914,30779,7430,4922,9214,6549,5863,22,16
2021-07-16T23:59:59+02:00,72,70,2197,2115,6571,4868,6758,4682,6154,6680,4695,5128,2488,2641,3109,3184,2719,5143,1181,1128,3734,2930,4153,3141,4143,4892,3384,4014,1827,2103,2251,2449,1957,3815,47740,30445,7405,4895,9207,6483,5667,22,16
2021-07-15T23:59:59+02:00,70,65,2157,2090,6501,4835,6702,4643,6108,6630,4678,5101,2485,2638,3107,3181,2719,5143,1135,1098,3543,2826,3976,3038,4000,4795,3323,3952,1818,2094,2249,2444,1957,3815,47430,29775,7393,4686,9202,6417,5570,22,16
2021-07-14T23:59:59+02:00,69,63,2126,2074,6434,4801,6628,4611,6055,6587,4657,5081,2478,2632,3104,3179,2719,5143,1087,1064,3430,2743,3876,2977,3897,4725,3280,3908,1806,2086,2248,2441,1957,3815,47131,29314,7381,4593,9200,6347,5469,22,16
2021-07-13T23:59:59+02:00,66,59,2099,2049,6384,4773,6568,4576,6017,6541,4637,5064,2469,2627,3102,3179,2719,5143,1058,1035,3338,2667,3755,2911,3808,4639,3226,3848,1778,2079,2245,2436,1956,3813,46835,28845,7377,4465,9199,6258,5402,21,16
2021-07-12T23:59:59+02:00,62,58,2074,2029,6317,4732,6500,4534,5970,6505,4611,5038,2464,2624,3099,3178,2719,5143,1028,1015,3242,2594,3646,2850,3707,4561,3178,3802,1767,2068,2241,2426,1956,3813,46514,28415,7369,4350,9195,6183,5319,21,16
2021-07-11T23:59:59+02:00,58,58,2065,2018,6283,4715,6472,4515,5940,6488,4602,5031,2461,2619,3097,3178,2718,5143,1019,1000,3206,2555,3589,2822,3655,4534,3156,3789,1758,2056,2238,2422,1956,3813,46415,28249,7349,4320,9193,6127,5243,21,16
2021-07-10T23:59:59+02:00,57,57,2044,1990,6206,4676,6413,4483,5894,6452,4579,5020,2458,2616,3097,3175,2718,5142,1004,983,3155,2518,3545,2793,3618,4505,3140,3777,1752,2050,2238,2420,1956,3813,46186,28085,7331,4319,9178,6114,5119,21,16
2021-07-09T23:59:59+02:00,56,55,2022,1971,6137,4638,6366,4459,5846,6419,4561,4999,2456,2612,3096,3174,2718,5142,985,968,3103,2475,3495,2762,3569,4470,3114,3751,1750,2036,2236,2419,1956,3813,45967,27886,7300,4291,9173,6063,5021,21,16
2021-07-08T23:59:59+02:00,52,52,1970,1926,6044,4580,6267,4405,5780,6356,4527,4966,2449,2603,3093,3170,2718,5142,916,917,2943,2393,3308,2689,3400,4378,3042,3684,1734,2020,2234,2410,1955,3812,45654,27410,7228,4016,9140,5945,4811,21,16
2021-07-07T23:59:59+02:00,52,51,1905,1884,5930,4506,6166,4354,5709,6299,4495,4920,2443,2594,3088,3166,2718,5142,868,888,2799,2319,3142,2616,3245,4273,2987,3621,1716,1994,2226,2402,1955,3810,45175,26884,7187,3780,9123,5868,4668,21,16
2021-07-06T23:59:59+02:00,50,51,1862,1850,5826,4455,6077,4314,5657,6231,4452,4885,2437,2588,3085,3162,2718,5142,832,856,2689,2223,3053,2559,3172,4183,2931,3567,1691,1963,2223,2396,1955,3810,44746,26402,7149,3681,9110,5788,4567,21,16
2021-07-05T23:59:59+02:00,48,51,1794,1808,5686,4383,5965,4279,5590,6177,4410,4848,2433,2581,3083,3161,2718,5140,791,821,2586,2150,2977,2512,3097,4113,2884,3512,1673,1944,2216,2387,1954,3807,44280,26034,7112,3614,9088,5708,4401,21,16
2021-07-04T23:59:59+02:00,48,50,1755,1773,5609,4346,5921,4251,5550,6157,4392,4829,2431,2579,3083,3159,2718,5139,753,796,2528,2104,2941,2489,3067,4080,2861,3490,1659,1923,2214,2386,1953,3807,44089,25902,7078,3558,9062,5634,4287,21,16
2021-07-03T23:59:59+02:00,46,39,1661,1703,5408,4194,5776,4164,5465,6068,4344,4793,2429,2576,3083,3155,2718,5139,715,773,2466,2060,2891,2468,3029,4035,2831,3462,1653,1916,2213,2382,1953,3805,43291,25734,7050,3556,9055,5606,4085,21,16
2021-07-02T23:59:59+02:00,40,34,1628,1666,5339,4155,5733,4131,5444,6043,4332,4776,2428,2570,3082,3154,2717,5139,696,748,2399,2014,2822,2428,2986,3988,2802,3423,1636,1899,2209,2376,1953,3803,43041,25457,7021,3530,9050,5508,4016,21,16
2021-07-01T23:59:59+02:00,35,30,1584,1633,5241,4095,5650,4085,5370,5975,4306,4749,2425,2566,3081,3153,2717,5138,629,711,2217,1946,2638,2346,2818,3878,2706,3338,1613,1876,2200,2364,1952,3801,42663,24727,6965,3328,9036,5414,3884,21,16
2021-06-30T23:59:59+02:00,35,28,1540,1590,5138,4016,5555,4044,5314,5929,4294,4725,2421,2559,3079,3150,2717,5138,595,678,2121,1883,2529,2297,2709,3792,2646,3264,1594,1848,2192,2352,1951,3800,42273,24282,6913,3216,9020,5292,3778,21,16
2021-06-29T23:59:59+02:00,34,25,1488,1518,5043,3933,5466,3991,5261,5871,4268,4697,2417,2555,3078,3150,2717,5137,569,639,2047,1809,2453,2234,2610,3677,2586,3215,1580,1815,2180,2339,1950,3797,41785,23810,6884,3143,9013,5186,3674,21,16
2021-06-28T23:59:59+02:00,33,24,1459,1464,4934,3879,5403,3942,5216,5830,4240,4671,2413,2547,3077,3148,2717,5137,555,618,1954,1748,2377,2179,2539,3597,2541,3168,1562,1797,2173,2333,1950,3794,41413,23501,6826,3008,9003,5092,3595,21,16
2021-06-27T23:59:59+02:00,33,23,1429,1439,4890,3842,5358,3913,5176,5812,4230,4662,2411,2543,3077,3147,2717,5137,537,603,1904,1705,2342,2160,2496,3559,2511,3151,1554,1785,2172,2324,1950,3794,41241,23362,6790,2954,8987,5016,3524,21,16
2021-06-26T23:59:59+02:00,25,18,1398,1412,4825,3797,5268,3869,5138,5780,4209,4648,2411,2541,3077,3145,2717,5137,531,594,1872,1685,2308,2142,2475,3539,2491,3133,1534,1775,2171,2322,1950,3794,40894,23157,6712,2951,8987,4992,3524,19,16
2021-06-25T23:59:59+02:00,20,11,1368,1377,4723,3729,5217,3844,5103,5755,4184,4637,2408,2539,3075,3144,2717,5137,522,571,1827,1663,2251,2077,2383,3400,2448,3036,1526,1754,2168,2318,1948,3793,40500,22722,6681,2926,8986,4816,3522,19,16
2021-06-24T23:59:59+02:00,14,10,1326,1332,4549,3622,5096,3795,5014,5715,4142,4607,2404,2536,3075,3143,2716,5137,486,548,1718,1600,2088,2013,2224,3321,2341,2942,1495,1732,2160,2313,1947,3790,39904,22232,6631,2627,8980,4735,3415,19,16
2021-06-23T23:59:59+02:00,14,10,1299,1301,4469,3576,5017,3748,4963,5671,4118,4572,2394,2530,3072,3141,2715,5137,453,531,1654,1546,1990,1968,2109,3228,2245,2853,1474,1709,2154,2307,1946,3788,39504,21710,6585,2555,8974,4596,3381,19,16
2021-06-22T23:59:59+02:00,13,10,1273,1284,4399,3519,4938,3705,4918,5627,4093,4547,2390,2524,3072,3140,2714,5137,439,514,1598,1511,1910,1916,2031,3119,2148,2768,1462,1685,2145,2295,1946,3784,39121,21308,6544,2441,8971,4449,3357,19,16
2021-06-21T23:59:59+02:00,13,10,1246,1245,4292,3439,4861,3663,4856,5566,4068,4529,2386,2511,3071,3135,2713,5135,424,500,1565,1479,1876,1876,1983,3042,2089,2693,1441,1650,2124,2272,1946,3780,38627,21038,6505,2351,8969,4307,3324,19,16
2021-06-20T23:59:59+02:00,13,8,1223,1217,4229,3383,4821,3646,4821,5546,4045,4518,2385,2509,3070,3135,2712,5135,408,486,1532,1454,1854,1854,1952,3018,2043,2654,1434,1637,2122,2266,1946,3779,38371,20868,6477,2315,8958,4244,3291,19,16
2021-06-19T23:59:59+02:00,12,8,1213,1198,4190,3355,4801,3623,4792,5524,4028,4509,2382,2507,3070,3134,2711,5135,403,482,1515,1438,1836,1829,1939,2995,2020,2623,1426,1629,2119,2265,1944,3778,38215,20719,6419,2287,8958,4236,3275,19,16
2021-06-18T23:59:59+02:00,8,5,1196,1178,4126,3318,4752,3586,4743,5487,4004,4497,2379,2503,3069,3132,2711,5135,393,473,1494,1421,1811,1797,1896,2947,1971,2567,1412,1618,2119,2260,1943,3775,37910,20428,6373,2284,8958,4195,3262,19,16
2021-06-17T23:59:59+02:00,7,5,1157,1152,3972,3250,4573,3515,4577,5401,3945,4454,2373,2500,3069,3131,2710,5135,361,456,1398,1389,1640,1737,1740,2854,1875,2489,1389,1597,2108,2249,1941,3773,37350,19981,6315,2181,8951,4118,2983,17,16
2021-06-16T23:59:59+02:00,7,5,1135,1121,3873,3169,4484,3467,4473,5338,3903,4424,2365,2496,3068,3128,2709,5134,346,436,1340,1353,1583,1706,1661,2774,1815,2422,1376,1571,2097,2236,1941,3769,36894,19599,6201,2114,8942,4044,2933,17,16
2021-06-15T23:59:59+02:00,7,5,1101,1089,3741,3093,4420,3415,4400,5265,3864,4394,2357,2489,3063,3126,2709,5133,337,413,1291,1309,1537,1666,1597,2716,1748,2354,1359,1543,2092,2222,1940,3768,36381,19288,6167,2033,8930,3972,2859,17,16
2021-06-14T23:59:59+02:00,7,4,1078,1059,3656,3045,4335,3360,4323,5195,3812,4361,2353,2479,3063,3122,2708,5132,330,400,1254,1279,1497,1641,1559,2672,1694,2304,1348,1518,2087,2215,1939,3766,35941,19055,6080,2000,8925,3896,2808,17,16
2021-06-13T23:59:59+02:00,7,4,1063,1045,3608,3005,4279,3321,4275,5158,3795,4347,2352,2473,3062,3121,2708,5130,325,393,1222,1263,1464,1621,1516,2638,1660,2266,1334,1499,2081,2204,1939,3764,35691,18884,6045,1979,8921,3822,2755,17,16
2021-06-12T23:59:59+02:00,7,3,1047,1024,3581,2980,4251,3302,4260,5144,3779,4337,2349,2470,3061,3120,2708,5129,321,392,1215,1247,1445,1603,1492,2618,1617,2245,1325,1489,2070,2202,1939,3764,35509,18738,6034,1979,8921,3769,2745,17,16
2021-06-11T23:59:59+02:00,6,3,1032,1014,3544,2938,4177,3277,4223,5111,3754,4325,2348,2466,3060,3117,2708,5128,312,380,1194,1215,1421,1586,1449,2570,1563,2201,1315,1474,2068,2197,1939,3763,35234,18497,6007,1973,8918,3696,2725,17,16
2021-06-10T23:59:59+02:00,6,3,976,973,3436,2863,4047,3202,4127,5044,3699,4291,2345,2458,3058,3115,2707,5128,298,368,1137,1182,1361,1529,1386,2500,1484,2099,1285,1443,2064,2187,1939,3760,34681,18094,5883,1966,8901,3543,2657,17,16
2021-06-09T23:59:59+02:00,6,1,927,945,3312,2772,3911,3145,4036,4967,3658,4252,2341,2452,3055,3112,2707,5128,280,354,1078,1151,1298,1504,1327,2424,1411,2031,1262,1386,2057,2174,1938,3757,34208,17788,5719,1916,8898,3424,2538,17,16
2021-06-08T23:59:59+02:00,5,1,879,908,3185,2688,3791,3062,3938,4886,3603,4225,2334,2447,3052,3109,2706,5126,267,336,1034,1112,1247,1473,1275,2369,1367,1959,1241,1354,2046,2157,1935,3753,33672,17563,5585,1871,8888,3295,2428,17,15
2021-06-07T23:59:59+02:00,4,1,852,883,3085,2617,3663,3028,3818,4816,3554,4198,2320,2443,3051,3107,2706,5124,258,329,990,1075,1195,1451,1230,2317,1300,1908,1228,1334,2032,2141,1934,3745,33305,17399,5416,1836,8883,3173,2286,17,15
2021-06-06T23:59:59+02:00,4,1,833,874,3030,2579,3583,2986,3750,4787,3523,4185,2317,2437,3049,3106,2704,5123,251,317,976,1051,1166,1425,1209,2262,1271,1851,1212,1319,2026,2134,1932,3742,33100,17299,5288,1789,8878,3062,2218,17,15
2021-06-05T23:59:59+02:00,4,1,821,858,2961,2523,3539,2959,3713,4766,3510,4182,2317,2435,3049,3105,2704,5122,247,310,960,1032,1147,1407,1186,2236,1238,1830,1195,1296,2023,2130,1932,3742,32842,17148,5283,1786,8872,3015,2183,17,15
2021-06-04T23:59:59+02:00,2,1,800,842,2915,2477,3466,2921,3648,4716,3484,4167,2313,2432,3046,3105,2704,5122,238,304,942,1007,1129,1395,1156,2205,1210,1800,1180,1274,2016,2125,1932,3740,32531,17005,5240,1781,8870,2961,2126,17,15
2021-06-03T23:59:59+02:00,2,1,756,812,2769,2388,3292,2821,3476,4604,3396,4096,2305,2422,3042,3100,2704,5122,227,292,915,977,1078,1347,1094,2118,1152,1738,1144,1232,2007,2111,1932,3738,31877,16798,5013,1767,8857,2798,1952,17,15
2021-06-02T23:59:59+02:00,2,1,730,806,2702,2318,3233,2773,3419,4546,3355,4071,2303,2418,3042,3099,2704,5122,215,288,897,952,1034,1320,1052,2080,1102,1691,1130,1196,2005,2108,1932,3738,31537,16594,4996,1754,8857,2764,1836,17,15
2021-06-01T23:59:59+02:00,2,1,685,778,2553,2215,3047,2680,3248,4437,3292,4011,2292,2410,3039,3093,2704,5122,202,275,823,911,942,1265,973,1969,1048,1618,1098,1140,1996,2096,1930,3733,30941,16322,4785,1717,8848,2575,1602,17,15
2021-05-31T23:59:59+02:00,2,1,653,757,2437,2141,2918,2599,3143,4342,3239,3964,2287,2397,3037,3090,2704,5121,189,263,781,875,883,1228,930,1892,1010,1560,1078,1112,1990,2091,1928,3731,30571,16159,4561,1703,8832,2444,1426,17,15
2021-05-30T23:59:59+02:00,2,1,643,747,2388,2096,2848,2567,3090,4301,3220,3942,2284,2393,3037,3089,2703,5119,180,247,747,842,835,1187,889,1831,988,1508,1066,1096,1984,2083,1928,3729,30426,16065,4500,1693,8823,2292,1277,17,15
2021-05-29T23:59:59+02:00,2,1,641,745,2374,2081,2825,2556,3074,4283,3210,3933,2283,2392,3037,3089,2703,5119,177,239,741,832,817,1163,874,1780,975,1472,1052,1077,1983,2077,1927,3729,30307,15976,4498,1693,8821,2156,1276,17,15
2021-05-28T23:59:59+02:00,2,1,634,735,2347,2046,2782,2530,3049,4266,3198,3917,2283,2388,3035,3084,2703,5119,174,232,731,821,807,1144,864,1742,942,1433,1033,1048,1981,2069,1926,3727,30089,15813,4489,1691,8818,2081,1272,17,15
2021-05-27T23:59:59+02:00,2,1,592,717,2224,1998,2651,2461,2919,4192,3116,3865,2274,2374,3034,3082,2703,5116,161,217,669,773,732,1089,787,1645,877,1348,1011,1017,1967,2049,1925,3725,29628,15608,4362,1651,8790,1834,1078,17,14
2021-05-26T23:59:59+02:00,2,1,566,693,2129,1933,2493,2404,2795,4130,3062,3814,2263,2363,3029,3075,2700,5110,157,203,632,734,686,1054,744,1576,831,1293,996,988,1948,2016,1920,3719,29243,15385,4136,1641,8765,1701,947,17,14
2021-05-25T23:59:59+02:00,2,1,544,679,2050,1880,2393,2363,2689,4049,3013,3780,2250,2354,3026,3070,2699,5106,149,195,613,705,655,1021,700,1518,784,1232,975,967,1922,1982,1919,3715,28903,15173,3961,1605,8726,1568,883,17,13
2021-05-24T23:59:59+02:00,2,1,531,661,2000,1844,2324,2332,2625,3998,2962,3741,2238,2346,3020,3069,2696,5105,145,187,594,687,628,990,664,1459,761,1179,954,951,1916,1980,1914,3714,28732,15077,3806,1593,8693,1445,784,17,13
2021-05-23T23:59:59+02:00,2,1,528,660,1987,1833,2312,2319,2615,3985,2951,3726,2234,2343,3020,3067,2696,5105,144,186,590,681,622,986,648,1447,750,1172,949,945,1912,1976,1912,3710,28625,15001,3803,1587,8692,1436,782,17,13
2021-05-22T23:59:59+02:00,2,1,523,651,1965,1818,2282,2304,2591,3956,2924,3701,2227,2339,3019,3064,2696,5104,141,178,583,676,618,976,637,1443,746,1163,937,939,1905,1961,1912,3710,28415,14937,3802,1587,8690,1401,773,17,13
2021-05-21T23:59:59+02:00,2,1,511,636,1887,1788,2201,2261,2530,3906,2883,3656,2220,2326,3016,3063,2696,5103,141,175,578,669,606,967,625,1431,726,1143,922,914,1893,1956,1912,3709,27975,14844,3775,1586,8675,1340,770,17,13
2021-05-20T23:59:59+02:00,2,1,475,617,1757,1721,2074,2191,2411,3814,2802,3569,2201,2313,3008,3055,2694,5100,134,167,550,634,573,928,597,1375,695,1080,898,882,1881,1943,1910,3706,27333,14715,3662,1571,8606,1138,698,17,13
2021-05-19T23:59:59+02:00,2,1,436,582,1653,1648,1939,2127,2279,3717,2702,3478,2183,2297,3001,3050,2688,5099,121,159,523,614,541,894,568,1325,668,1020,879,862,1861,1913,1903,3701,26619,14544,3594,1551,8568,1042,580,17,13
2021-05-18T23:59:59+02:00,2,0,415,561,1579,1591,1845,2069,2167,3597,2610,3383,2171,2278,2993,3042,2687,5095,114,153,499,594,519,862,551,1249,650,958,863,835,1850,1894,1899,3694,26134,14415,3427,1512,8514,937,481,17,13
2021-05-17T23:59:59+02:00,2,0,396,549,1526,1557,1796,2024,2104,3500,2565,3314,2152,2259,2982,3034,2685,5090,109,146,479,580,511,827,538,1186,639,903,845,802,1845,1883,1898,3689,25845,14330,3314,1478,8454,840,389,17,12
2021-05-16T23:59:59+02:00,2,0,392,548,1500,1528,1766,2002,2064,3449,2509,3258,2138,2251,2979,3030,2685,5089,106,144,471,561,503,811,525,1137,620,861,817,773,1840,1879,1898,3688,25671,14274,3248,1444,8419,753,316,17,12
2021-05-15T23:59:59+02:00,2,0,387,544,1474,1511,1749,1982,2045,3427,2486,3224,2131,2251,2978,3028,2684,5089,106,141,469,560,503,810,520,1133,613,852,813,771,1836,1876,1898,3688,25481,14242,3248,1444,8414,745,311,16,12
2021-05-14T23:59:59+02:00,2,0,376,533,1445,1481,1708,1941,1967,3354,2439,3180,2121,2242,2975,3028,2682,5089,104,138,467,544,485,786,501,1103,600,836,800,757,1829,1868,1898,3687,25121,14186,3207,1429,8392,644,294,16,12
2021-05-13T23:59:59+02:00,2,0,356,516,1390,1434,1611,1899,1854,3268,2370,3094,2095,2225,2966,3024,2680,5083,99,135,455,536,475,771,495,1088,590,823,775,731,1814,1845,1897,3681,24701,14103,2998,1383,8341,604,267,16,12
2021-05-12T23:59:59+02:00,1,0,349,513,1372,1426,1595,1890,1834,3244,2356,3080,2092,2218,2960,3021,2680,5082,99,133,453,536,474,765,491,1084,587,817,767,717,1810,1838,1895,3681,24575,14051,2977,1375,8336,603,264,15,12
2021-05-11T23:59:59+02:00,1,0,332,493,1307,1394,1499,1855,1730,3146,2256,3007,2075,2191,2951,3010,2676,5081,93,123,439,510,455,739,472,1053,555,796,743,686,1798,1828,1893,3677,24180,13938,2815,1339,8230,515,211,15,12
2021-05-10T23:59:59+02:00,1,0,318,477,1269,1365,1451,1826,1666,3091,2199,2937,2063,2176,2942,3001,2675,5077,93,120,433,503,446,719,465,1030,551,773,732,670,1792,1821,1891,3673,23916,13877,2742,1333,8118,462,184,15,11
2021-05-09T23:59:59+02:00,1,0,313,467,1230,1347,1429,1810,1621,3055,2136,2893,2053,2163,2939,2995,2675,5072,90,117,425,494,438,712,456,1021,541,760,720,660,1786,1817,1890,3670,23694,13835,2691,1327,8071,414,162,15,11
2021-05-08T23:59:59+02:00,1,0,307,465,1221,1329,1403,1794,1593,3032,2087,2876,2046,2155,2937,2994,2673,5071,89,117,424,494,436,711,455,1016,541,754,717,659,1780,1806,1890,3670,23484,13818,2688,1319,8067,402,161,15,11
2021-05-07T23:59:59+02:00,1,0,297,458,1196,1304,1358,1774,1536,2969,2035,2828,2037,2145,2936,2989,2671,5066,86,114,413,481,426,685,442,981,519,728,711,635,1761,1792,1890,3666,23218,13751,2660,1295,8005,298,127,15,10
2021-05-06T23:59:59+02:00,1,0,280,446,1109,1268,1243,1712,1400,2857,1904,2738,2001,2114,2932,2976,2670,5062,84,108,400,467,415,670,430,960,500,709,699,618,1746,1776,1886,3659,22734,13680,2474,1274,7801,215,99,14,9
2021-05-05T23:59:59+02:00,1,0,265,433,1071,1244,1201,1677,1332,2792,1819,2658,1978,2082,2918,2961,2670,5051,84,104,392,458,410,658,423,949,494,691,679,605,1721,1755,1886,3656,22292,13596,2414,1252,7743,167,92,14,8
2021-05-04T23:59:59+02:00,1,0,257,423,1036,1222,1163,1656,1290,2745,1763,2595,1959,2049,2908,2947,2660,5038,80,101,385,448,407,653,414,930,485,672,662,585,1705,1729,1882,3656,21960,13500,2352,1221,7697,129,86,14,7
2021-05-03T23:59:59+02:00,1,0,253,415,1005,1199,1127,1640,1261,2712,1718,2559,1942,2020,2895,2938,2658,5032,76,95,373,442,399,645,410,922,478,665,647,575,1682,1702,1880,3652,21713,13404,2329,1212,7649,108,60,14,6
2021-05-02T23:59:59+02:00,1,0,247,414,992,1188,1099,1624,1236,2699,1703,2538,1935,2006,2890,2935,2656,5029,74,95,367,440,396,640,407,916,475,659,639,564,1662,1690,1880,3651,21591,13366,2314,1190,7613,95,45,14,6
2021-05-01T23:59:59+02:00,1,0,244,411,984,1180,1089,1615,1225,2687,1688,2519,1927,2000,2886,2931,2656,5029,74,95,367,439,395,640,406,912,475,658,637,564,1662,1690,1880,3651,21468,13359,2314,1190,7613,92,45,14,6
2021-04-30T23:59:59+02:00,1,0,242,405,974,1160,1068,1596,1188,2624,1629,2460,1913,1983,2880,2926,2655,5025,73,93,366,434,392,634,405,888,470,647,630,558,1659,1684,1880,3649,21161,13344,2309,1178,7609,68,14,14,5
2021-04-29T23:59:59+02:00,1,0,229,390,927,1137,1031,1560,1141,2571,1539,2389,1864,1938,2871,2915,2651,5013,73,92,360,433,387,629,399,877,460,636,616,547,1644,1672,1874,3643,20689,13272,2273,1151,7550,47,13,14,5
2021-04-28T23:59:59+02:00,1,0,218,387,914,1123,1002,1549,1107,2533,1473,2334,1827,1876,2859,2910,2649,5010,70,91,353,430,384,619,396,867,454,623,599,529,1628,1655,1874,3641,20388,13196,2231,1111,7496,34,12,14,5
2021-04-27T23:59:59+02:00,1,0,217,381,900,1110,988,1537,1083,2508,1451,2306,1795,1833,2853,2903,2647,5006,68,88,351,427,382,614,394,863,448,618,592,518,1616,1632,1870,3638,20189,13135,2206,1083,7462,29,12,13,5
2021-04-26T23:59:59+02:00,1,0,214,375,891,1101,978,1527,1057,2491,1398,2258,1777,1812,2843,2892,2644,5000,68,87,347,423,382,613,390,860,444,612,583,506,1601,1617,1868,3634,20003,13090,2191,1045,7398,27,12,13,5
2021-04-25T23:59:59+02:00,1,0,214,374,883,1092,966,1519,1040,2472,1365,2224,1753,1789,2835,2885,2644,4999,67,86,346,418,379,612,388,856,442,611,581,500,1596,1608,1868,3632,19871,13072,2167,1027,7347,19,12,13,4
2021-04-24T23:59:59+02:00,1,0,210,370,872,1084,953,1505,1026,2453,1334,2201,1743,1765,2832,2880,2644,4999,67,86,346,418,378,612,388,854,441,608,580,497,1595,1605,1868,3632,19704,13065,2167,1018,7329,19,12,13,4
2021-04-23T23:59:59+02:00,1,0,206,364,861,1073,946,1495,1007,2436,1276,2156,1721,1739,2826,2874,2644,4996,66,84,346,418,378,611,387,851,438,604,573,489,1586,1597,1868,3627,19552,13040,2156,991,7235,19,12,13,4
2021-04-22T23:59:59+02:00,1,0,205,356,837,1054,922,1472,977,2394,1223,2093,1677,1692,2815,2854,2642,4987,66,83,344,414,372,605,384,841,433,599,563,481,1567,1584,1863,3622,19259,12970,2101,966,7159,12,12,13,4
2021-04-21T23:59:59+02:00,1,0,200,349,819,1040,898,1455,939,2358,1172,2046,1632,1630,2795,2833,2635,4979,64,81,341,412,371,602,381,836,430,592,558,475,1555,1562,1852,3617,18922,12900,2070,944,7103,12,12,13,4
2021-04-20T23:59:59+02:00,1,0,194,344,803,1016,881,1436,918,2306,1133,1995,1577,1563,2768,2808,2629,4964,63,81,339,411,367,598,377,830,430,585,552,467,1533,1531,1848,3613,18611,12820,1998,921,7037,11,12,13,4
2021-04-19T23:59:59+02:00,1,0,192,336,789,1005,868,1419,901,2275,1109,1962,1541,1518,2755,2794,2627,4959,63,80,338,409,362,593,373,821,425,575,548,461,1505,1505,1842,3600,18408,12727,1982,893,6970,8,11,12,4
2021-04-18T23:59:59+02:00,1,0,191,333,781,996,856,1408,882,2258,1088,1942,1505,1480,2746,2788,2621,4953,62,78,337,408,362,593,372,816,423,573,545,455,1495,1499,1839,3598,18281,12698,1951,877,6899,8,11,12,4
2021-04-17T23:59:59+02:00,1,0,189,329,778,993,851,1406,873,2254,1083,1934,1485,1455,2741,2780,2621,4953,62,75,335,403,361,593,370,812,423,570,541,449,1487,1491,1839,3596,18204,12652,1950,875,6873,8,11,12,4
2021-04-16T23:59:59+02:00,1,0,188,328,770,987,839,1390,860,2233,1047,1895,1431,1388,2730,2765,2617,4946,57,73,332,396,360,591,366,800,416,556,516,420,1475,1470,1828,3583,17984,12547,1935,811,6796,7,11,11,4
2021-04-15T23:59:59+02:00,1,0,187,323,748,970,822,1379,835,2190,1006,1857,1383,1334,2701,2738,2602,4930,55,73,327,390,355,590,358,795,406,553,501,412,1443,1438,1816,3568,17712,12435,1920,764,6670,6,11,10,4
2021-04-14T23:59:59+02:00,1,0,186,317,739,963,815,1366,824,2157,989,1828,1327,1290,2654,2673,2589,4914,53,69,323,387,351,586,355,787,397,541,485,395,1410,1407,1809,3550,17438,12302,1901,722,6586,6,11,9,4
2021-04-13T23:59:59+02:00,1,0,182,312,730,959,804,1355,813,2132,957,1800,1265,1219,2602,2615,2581,4899,51,69,320,384,343,581,348,779,389,533,472,387,1384,1385,1801,3539,17196,12207,1850,677,6473,5,11,8,4
2021-04-12T23:59:59+02:00,1,0,182,311,726,954,797,1343,789,2110,942,1779,1221,1184,2583,2585,2577,4885,50,65,310,377,338,575,343,771,383,527,457,377,1368,1372,1798,3531,17064,12123,1829,635,6366,5,11,7,4
2021-04-11T23:59:59+02:00,0,0,180,310,720,946,790,1338,778,2094,926,1762,1200,1155,2563,2563,2572,4878,49,63,305,375,336,573,342,767,378,519,452,368,1353,1367,1794,3524,16995,12071,1805,609,6262,4,11,7,4
2021-04-10T23:59:59+02:00,0,0,180,308,720,943,788,1337,771,2086,919,1756,1186,1141,2551,2548,2572,4878,44,58,282,362,321,558,328,755,363,509,439,361,1341,1348,1789,3518,16942,11895,1796,593,6233,4,10,7,4
2021-04-09T23:59:59+02:00,0,0,180,304,715,939,778,1314,763,2003,900,1674,1136,1073,2512,2521,2569,4870,37,56,267,348,303,547,310,741,350,493,422,353,1301,1319,1777,3504,16789,11673,1761,563,5986,4,8,5,4
2021-04-08T23:59:59+02:00,0,0,179,301,711,932,771,1308,750,1986,878,1654,1069,993,2454,2484,2557,4860,36,54,260,334,290,539,294,725,325,475,396,330,1252,1281,1753,3470,16625,11388,1699,530,5849,4,7,5,4
2021-04-07T23:59:59+02:00,0,0,173,298,703,926,763,1294,734,1958,860,1625,1018,936,2403,2426,2548,4844,34,51,242,318,280,533,285,712,311,462,368,311,1206,1244,1734,3432,16435,11122,1658,499,5699,4,7,5,4
2021-04-06T23:59:59+02:00,0,0,169,297,697,922,750,1279,715,1935,833,1600,985,890,2363,2377,2540,4834,32,50,241,315,278,530,275,709,301,457,357,297,1178,1214,1714,3410,16318,10990,1625,466,5522,4,7,5,4
2021-04-05T23:59:59+02:00,0,0,169,297,696,916,746,1270,706,1919,824,1585,958,865,2337,2334,2535,4826,32,50,241,311,277,526,272,702,296,455,355,290,1145,1189,1706,3391,16258,10897,1609,437,5391,4,7,5,4
2021-04-04T23:59:59+02:00,0,0,168,294,693,910,741,1259,697,1903,817,1564,946,851,2332,2328,2535,4825,32,50,241,311,276,526,272,702,295,455,353,290,1128,1176,1702,3387,16231,10855,1607,437,5301,4,7,4,4
2021-04-03T23:59:59+02:00,0,0,168,294,693,910,739,1257,696,1898,810,1561,933,842,2326,2317,2532,4824,32,50,241,311,276,526,272,701,295,453,353,290,1128,1171,1702,3384,16187,10844,1607,437,5281,4,7,4,4
2021-04-02T23:59:59+02:00,0,0,168,293,693,909,738,1254,693,1891,802,1550,921,831,2304,2296,2530,4821,32,50,238,311,274,524,269,694,287,448,349,289,1106,1143,1691,3357,16118,10727,1595,430,5254,4,7,4,4
2021-04-01T23:59:59+02:00,0,0,165,290,687,898,725,1241,687,1871,785,1529,893,798,2266,2248,2524,4802,31,49,230,308,272,520,266,687,281,443,337,281,1068,1105,1658,3314,15991,10527,1534,416,5153,4,7,4,4
2021-03-31T23:59:59+02:00,0,0,162,287,680,891,715,1225,679,1825,771,1486,878,780,2224,2189,2503,4783,31,49,229,307,267,518,262,685,272,433,323,275,1005,1052,1634,3282,15874,10320,1475,398,4999,4,6,4,4
2021-03-30T23:59:59+02:00,0,0,158,280,674,882,711,1204,670,1786,762,1443,859,762,2179,2125,2489,4761,31,48,226,304,264,515,260,679,267,425,312,269,972,1023,1612,3246,15736,10164,1431,380,4846,4,6,4,4
2021-03-29T23:59:59+02:00,0,0,155,274,669,869,705,1192,660,1754,749,1404,840,745,2109,2059,2468,4731,31,48,225,303,263,513,256,673,259,414,305,264,947,1002,1599,3219,15534,10041,1387,370,4729,4,6,4,4
2021-03-28T23:59:59+02:00,0,0,147,257,659,862,699,1183,655,1734,744,1388,833,724,2066,2019,2463,4719,31,47,222,303,259,507,252,670,257,411,303,262,936,992,1593,3211,15461,9984,1336,362,4621,4,6,4,4
2021-03-27T23:59:59+01:00,0,0,147,254,655,855,695,1179,649,1722,742,1381,825,710,2056,2006,2463,4717,31,47,222,303,259,507,251,664,254,406,301,261,929,982,1576,3187,15411,9918,1327,352,4583,4,6,4,4
2021-03-26T23:59:59+01:00,0,0,145,252,645,843,690,1164,640,1704,734,1351,806,692,2031,1981,2453,4707,31,47,222,303,258,505,251,664,248,394,296,254,898,950,1543,3138,15305,9742,1291,352,4504,4,4,4,4
2021-03-25T23:59:59+01:00,0,0,142,251,635,833,672,1143,625,1670,716,1308,787,672,1989,1939,2437,4689,31,47,219,298,257,504,244,661,246,392,288,250,859,918,1481,3059,15195,9507,1237,338,4335,3,4,4,4
2021-03-24T23:59:59+01:00,0,0,139,243,621,820,667,1130,616,1633,702,1274,763,655,1948,1895,2420,4665,31,47,217,296,256,502,242,661,240,389,281,244,816,894,1431,2967,15061,9285,1203,322,4185,2,3,4,4
2021-03-23T23:59:59+01:00,0,0,137,241,614,813,653,1118,606,1611,689,1236,745,641,1907,1864,2405,4647,30,46,215,295,254,498,235,656,237,382,271,240,792,871,1353,2869,14969,9024,1174,311,4040,2,3,4,4
2021-03-22T23:59:59+01:00,0,0,134,236,596,796,634,1100,595,1579,674,1210,736,629,1876,1840,2394,4631,30,45,214,293,252,496,234,648,236,378,268,235,767,849,1261,2764,14888,8762,1143,299,3883,2,3,4,4
2021-03-21T23:59:59+01:00,0,0,132,234,592,790,630,1097,590,1555,663,1175,730,619,1852,1833,2388,4615,30,45,213,293,251,494,233,647,235,376,266,232,761,846,1252,2755,14855,8729,1122,290,3767,2,3,4,4
2021-03-20T23:59:59+01:00,0,0,130,234,587,787,627,1094,587,1551,661,1173,726,610,1829,1811,2381,4603,30,45,213,293,251,494,232,645,232,370,264,230,752,840,1234,2742,14794,8677,1112,280,3732,2,3,4,4
2021-03-19T23:59:59+01:00,0,0,121,222,581,773,621,1088,584,1533,644,1159,692,568,1773,1770,2352,4582,29,45,213,292,250,494,231,638,229,367,262,224,726,821,1198,2689,14630,8532,1039,265,3637,2,3,4,4
2021-03-18T23:59:59+01:00,0,0,118,217,564,763,601,1056,565,1483,615,1111,656,543,1724,1722,2325,4539,29,45,211,290,248,487,231,632,225,358,260,216,709,809,1166,2647,14440,8405,977,246,3422,2,3,4,4
2021-03-17T23:59:59+01:00,0,0,113,211,553,750,589,1051,555,1469,600,1090,634,520,1681,1687,2304,4500,29,44,211,289,247,484,230,631,224,355,259,214,697,797,1131,2601,14240,8289,931,240,3368,2,3,4,4
2021-03-16T23:59:59+01:00,0,0,108,205,541,738,576,1039,543,1429,584,1062,616,496,1628,1635,2283,4464,29,43,211,287,247,479,229,629,222,354,255,214,682,778,1101,2546,14064,8155,878,237,3231,2,2,4,4
2021-03-15T23:59:59+01:00,0,0,104,198,527,723,565,1014,532,1394,569,1025,599,478,1587,1599,2261,4440,28,43,210,284,247,476,227,627,220,354,247,210,664,766,1076,2510,13913,8054,823,223,3103,2,0,4,4
2021-03-14T23:59:59+01:00,0,0,100,186,518,708,554,992,524,1350,552,980,581,463,1560,1578,2245,4415,28,43,210,282,246,475,226,622,219,349,245,206,660,759,1068,2495,13808,8027,788,194,2930,2,0,4,4
2021-03-13T23:59:59+01:00,0,0,96,175,492,687,525,966,497,1328,529,959,555,455,1534,1553,2237,4407,28,43,210,282,246,475,225,622,219,348,244,206,655,750,1039,2466,13585,7951,774,193,2843,2,0,4,4
2021-03-12T23:59:59+01:00,0,0,87,169,466,659,504,939,475,1293,504,924,525,435,1479,1506,2215,4368,28,43,210,281,246,474,225,622,219,347,240,204,642,738,1014,2439,13285,7863,745,193,2717,2,0,4,3
2021-03-11T23:59:59+01:00,0,0,81,158,435,622,470,907,437,1214,466,861,494,402,1402,1440,2167,4309,28,42,209,278,241,470,223,618,215,344,236,202,626,718,989,2398,12906,7779,692,142,2449,2,0,4,3
2021-03-10T23:59:59+01:00,0,0,79,152,411,597,452,889,419,1178,439,818,465,377,1325,1376,2128,4252,28,42,207,273,237,465,220,612,215,342,231,199,607,710,966,2359,12569,7670,659,125,2308,2,0,4,3
2021-03-09T23:59:59+01:00,0,0,78,149,402,577,428,860,405,1129,421,787,444,359,1276,1343,2087,4208,28,42,206,270,235,457,217,608,211,338,229,198,596,703,948,2328,12350,7589,633,106,2136,2,0,4,3
2021-03-08T23:59:59+01:00,0,0,75,144,388,559,410,842,393,1077,410,745,428,345,1222,1308,2063,4170,28,42,206,269,232,452,213,603,207,334,227,197,584,698,938,2317,12166,7538,596,90,1980,1,0,4,3
2021-03-07T23:59:59+01:00,0,0,72,140,385,549,402,826,381,1063,403,739,425,340,1210,1290,2054,4161,28,42,206,268,232,450,211,602,207,333,226,196,580,695,930,2310,12100,7509,570,88,1929,0,0,4,3
2021-03-06T23:59:59+01:00,0,0,72,134,382,545,395,805,374,1009,395,705,423,339,1203,1279,2039,4146,28,42,206,268,231,449,211,601,207,333,226,196,577,695,928,2297,12043,7501,570,75,1789,0,0,4,3
2021-03-05T23:59:59+01:00,0,0,72,129,378,539,391,799,371,993,384,679,412,326,1163,1237,1995,4087,28,42,205,267,230,448,210,599,206,331,224,195,572,694,920,2276,11829,7478,548,49,1728,0,0,4,3
2021-03-04T23:59:59+01:00,0,0,72,118,369,506,377,766,351,952,370,649,395,324,1111,1186,1911,3992,27,42,203,262,228,441,208,588,203,330,223,194,570,691,917,2273,11527,7430,516,48,1554,0,0,4,3
2021-03-03T23:59:59+01:00,0,0,68,111,360,490,370,750,346,930,356,629,385,316,1067,1153,1842,3871,27,42,203,261,227,439,205,578,203,323,222,191,565,688,910,2267,11256,7386,489,43,1443,0,0,4,3
2021-03-02T23:59:59+01:00,0,0,65,105,350,477,357,732,335,909,348,601,372,309,1032,1123,1744,3750,26,42,203,261,227,432,200,571,201,320,220,191,563,680,903,2254,10932,7327,465,43,1349,0,0,4,3
2021-03-01T23:59:59+01:00,0,0,64,103,344,464,350,713,324,884,341,567,367,305,1006,1091,1626,3596,26,41,202,260,225,423,198,563,201,316,219,191,560,674,894,2246,10592,7271,444,43,1243,0,0,4,3
2021-02-28T23:59:59+01:00,0,0,64,101,337,455,347,705,322,860,337,547,362,293,998,1087,1616,3584,26,41,201,259,224,423,198,563,201,316,218,191,559,670,891,2243,10548,7256,433,43,1166,0,0,4,3
2021-02-27T23:59:59+01:00,0,0,61,92,333,446,343,702,316,848,333,537,358,289,989,1076,1594,3563,26,41,201,258,224,422,197,562,200,315,218,191,559,670,891,2243,10479,7255,421,38,1110,0,0,4,3
2021-02-26T23:59:59+01:00,0,0,59,89,326,422,318,671,297,817,320,516,354,285,964,1056,1552,3501,26,40,201,257,224,420,195,559,197,313,218,191,559,670,890,2240,10319,7237,418,38,935,0,0,4,2
2021-02-25T23:59:59+01:00,0,0,52,78,313,403,308,641,290,789,305,490,345,275,947,1037,1515,3456,26,40,200,255,220,417,192,551,192,312,213,188,548,662,879,2234,10171,7176,404,28,791,0,0,4,2
2021-02-24T23:59:59+01:00,0,0,48,73,304,391,301,628,285,774,301,480,338,274,927,1025,1468,3397,25,40,198,253,217,404,190,543,189,307,211,185,542,656,877,2221,10023,7111,390,20,721,0,0,4,2
2021-02-23T23:59:59+01:00,0,0,45,64,291,376,293,609,279,755,291,470,331,272,899,1006,1427,3324,24,40,197,251,215,399,189,537,185,304,210,184,540,646,871,2202,9848,7050,371,16,629,0,0,4,2
2021-02-22T23:59:59+01:00,0,0,42,61,284,364,289,599,276,744,287,466,324,265,878,991,1397,3288,24,38,193,248,212,386,181,527,180,301,207,182,528,638,864,2185,9729,6960,355,5,586,0,0,4,2
2021-02-21T23:59:59+01:00,0,0,41,60,279,356,287,590,272,736,281,462,321,263,873,986,1390,3279,24,37,192,246,212,384,181,518,180,299,207,182,524,637,856,2172,9703,6916,347,5,537,0,0,4,2
2021-02-20T23:59:59+01:00,0,0,40,60,276,355,287,587,271,730,278,454,320,263,860,975,1358,3248,24,37,192,246,212,384,181,518,179,298,207,182,523,637,854,2171,9619,6910,336,5,515,0,0,4,2
2021-02-19T23:59:59+01:00,0,0,39,60,272,350,281,564,261,704,273,441,316,258,837,958,1324,3218,24,36,192,246,211,383,181,517,178,298,206,181,518,636,849,2154,9513,6875,321,5,427,0,0,3,2
2021-02-18T23:59:59+01:00,0,0,39,56,254,329,272,543,252,683,256,413,313,249,825,939,1298,3186,24,35,188,239,209,377,177,501,176,287,203,176,503,622,812,2087,9422,6681,295,5,293,0,0,3,2
2021-02-17T23:59:59+01:00,0,0,39,54,247,323,269,530,247,670,253,391,308,244,805,928,1269,3139,22,33,185,234,201,363,173,484,171,275,195,172,492,607,793,2048,9289,6511,285,4,241,0,0,3,2
2021-02-16T23:59:59+01:00,0,0,38,49,236,312,266,519,241,655,246,384,303,242,794,917,1244,3107,20,33,176,226,193,344,167,472,167,261,192,165,459,576,758,1980,9195,6251,277,4,178,0,0,3,2
2021-02-15T23:59:59+01:00,0,0,37,48,230,309,259,506,237,649,243,376,300,241,776,909,1232,3088,19,31,170,219,188,336,162,462,161,254,182,159,429,547,722,1909,9133,6012,263,4,141,0,0,3,2
2021-02-14T23:59:59+01:00,0,0,35,48,228,306,257,500,235,643,243,372,300,237,769,903,1223,3069,18,31,168,216,184,331,161,450,159,251,181,156,421,538,704,1866,9111,5896,230,4,123,0,0,3,2
2021-02-13T23:59:59+01:00,0,0,34,48,228,306,256,500,235,642,243,372,300,237,767,902,1222,3069,18,31,166,215,181,331,160,448,158,248,179,153,416,535,696,1851,9105,5849,230,1,122,0,0,3,2
2021-02-12T23:59:59+01:00,0,0,33,46,225,301,253,491,231,631,240,366,299,236,761,901,1219,3059,18,31,164,212,180,330,158,446,156,247,177,149,413,519,665,1785,9077,5713,230,1,79,0,0,3,2
2021-02-11T23:59:59+01:00,0,0,32,45,217,282,246,475,224,607,227,352,295,235,753,884,1194,3026,18,30,147,193,172,299,148,400,150,225,160,133,367,471,602,1617,9005,5191,163,1,18,0,0,3,2
2021-02-10T23:59:59+01:00,0,0,31,45,213,275,243,468,220,598,224,345,291,235,741,881,1186,3016,17,27,134,170,158,261,129,351,139,200,144,124,340,440,541,1492,8950,4720,146,1,7,0,0,3,0
2021-02-09T23:59:59+01:00,0,0,30,43,212,272,241,455,216,591,220,342,287,231,737,874,1177,3003,17,26,119,142,145,238,111,309,125,173,126,115,308,384,486,1334,8896,4206,122,1,3,0,0,3,0
2021-02-08T23:59:59+01:00,0,0,30,43,211,270,235,441,213,579,217,337,282,231,729,869,1171,2996,15,24,103,121,124,194,92,268,117,161,103,106,269,332,424,1199,8831,3695,107,1,3,0,0,3,0
2021-02-07T23:59:59+01:00,0,0,30,42,209,268,233,440,213,576,217,336,282,231,727,865,1166,2993,14,18,99,115,117,183,87,250,112,151,96,101,262,319,408,1149,8809,3521,104,1,0,0,0,3,0
2021-02-06T23:59:59+01:00,0,0,30,42,209,268,233,439,213,576,217,335,281,231,726,865,1165,2981,11,14,98,113,116,179,85,243,112,149,95,100,262,315,397,1134,8806,3460,90,1,0,0,0,3,0
2021-02-05T23:59:59+01:00,0,0,29,41,209,268,233,438,211,573,215,334,280,231,724,865,1153,2954,10,10,90,105,112,176,84,239,106,137,92,98,253,310,373,1105,8786,3335,55,0,0,0,0,3,0
2021-02-04T23:59:59+01:00,0,0,29,41,207,267,229,433,206,567,213,330,277,228,718,859,1144,2943,9,7,62,73,88,132,72,201,86,118,88,84,221,274,329,978,8719,2848,55,0,0,0,0,3,0
2021-02-03T23:59:59+01:00,0,0,29,40,207,265,228,421,203,561,212,327,275,226,708,856,1137,2928,6,4,45,55,69,108,54,156,73,89,63,59,166,200,248,715,8656,2131,50,0,0,0,0,3,0
2021-02-02T23:59:59+01:00,0,0,28,40,206,263,225,415,202,556,209,326,272,225,700,846,1130,2903,3,3,29,39,54,77,42,100,54,66,54,48,119,134,165,473,8578,1474,49,0,0,0,0,3,0
2021-02-01T23:59:59+01:00,0,0,27,38,204,263,222,410,199,550,205,319,271,222,693,843,1125,2891,3,1,22,21,27,45,28,62,30,35,38,30,72,86,95,284,8514,887,49,0,0,0,0,3,0
2021-01-31T23:59:59+01:00,0,0,27,38,204,261,220,406,197,542,204,317,270,222,689,839,1119,2876,3,1,20,16,18,37,21,49,22,31,35,24,57,74,92,254,8463,760,48,0,0,0,0,3,0
2021-01-30T23:59:59+01:00,0,0,27,38,204,261,220,406,196,542,204,317,270,222,688,839,1118,2874,3,1,19,15,16,37,19,45,20,30,34,23,57,71,90,248,8459,733,47,0,0,0,0,3,0
2021-01-29T23:59:59+01:00,0,0,27,38,204,258,219,405,195,541,202,315,270,222,683,836,1112,2866,3,0,16,10,11,31,18,40,16,27,34,22,54,70,88,242,8431,685,43,0,0,0,0,2,0
2021-01-28T23:59:59+01:00,0,0,27,37,197,255,219,399,194,532,199,310,269,222,671,828,1089,2846,3,0,3,3,6,18,10,22,7,13,26,15,37,47,58,171,8341,440,34,0,0,0,0,2,0
2021-01-27T23:59:59+01:00,0,0,26,35,192,250,214,390,192,518,196,300,261,217,657,811,1065,2808,1,0,2,3,5,14,9,20,6,12,25,14,31,41,49,130,8179,362,29,0,0,0,0,2,0
2021-01-26T23:59:59+01:00,0,0,23,35,189,239,208,377,187,500,193,291,255,212,635,794,1037,2757,1,0,1,3,5,14,9,20,6,12,24,11,30,37,48,113,7983,334,24,0,0,0,0,2,0
2021-01-25T23:59:59+01:00,0,0,23,34,181,237,205,367,182,490,188,280,245,207,612,774,1011,2712,1,0,1,3,4,12,8,17,6,11,21,10,26,36,40,102,7815,298,6,0,0,0,0,2,0
2021-01-24T23:59:59+01:00,0,0,22,33,179,234,202,366,181,488,187,278,245,205,608,769,1008,2707,1,0,1,3,3,12,8,17,6,11,21,10,26,36,39,100,7779,294,5,0,0,0,0,2,0
2021-01-23T23:59:59+01:00,0,0,22,33,179,234,200,366,181,487,187,278,245,205,607,769,1000,2694,1,0,1,3,3,11,8,17,5,11,21,10,26,36,39,100,7754,292,5,0,0,0,0,2,0
2021-01-22T23:59:59+01:00,0,0,21,32,177,230,199,366,181,486,186,278,245,203,605,767,972,2652,1,0,1,3,3,11,8,17,5,11,21,10,26,36,39,100,7667,292,5,0,0,0,0,2,0
2021-01-21T23:59:59+01:00,0,0,20,32,167,222,192,348,176,464,184,261,233,198,580,742,935,2599,1,0,1,3,1,6,7,12,3,7,20,8,22,26,34,83,7417,234,5,0,0,0,0,2,0
2021-01-20T23:59:59+01:00,0,0,19,30,152,196,176,306,147,408,170,237,215,186,538,696,867,2399,1,0,1,3,1,6,7,11,3,6,19,7,21,23,30,77,6800,216,4,0,0,0,0,2,0
2021-01-19T23:59:59+01:00,0,0,19,28,129,165,160,272,134,367,155,214,180,165,475,605,769,2125,1,0,1,3,1,6,5,7,1,4,11,3,10,15,21,55,6014,144,3,0,0,0,0,2,0
2021-01-18T23:59:59+01:00,0,0,16,27,114,148,138,228,116,319,138,187,142,150,385,500,633,1782,1,0,1,1,0,3,4,5,0,4,2,1,4,6,10,28,5071,70,3,0,0,0,0,2,0
2021-01-17T23:59:59+01:00,0,0,15,17,110,134,130,215,108,295,131,175,133,136,370,470,583,1680,1,0,0,0,0,1,2,4,0,2,1,1,3,1,2,5,4743,23,3,0,0,0,0,2,0
2021-01-16T23:59:59+01:00,0,0,13,13,106,131,128,210,105,285,129,169,130,132,365,462,566,1652,0,0,0,0,0,0,0,0,0,0,0,0,0,0,0,0,4637,0,0,0,0,0,0,2,0
2021-01-15T23:59:59+01:00,0,0,11,11,101,122,124,205,103,276,127,157,126,129,358,447,536,1608,0,0,0,0,0,0,0,0,0,0,0,0,0,0,0,0,4479,0,0,0,0,0,0,2,0
2021-01-14T23:59:59+01:00,0,0,9,7,76,89,104,168,85,231,110,140,114,108,306,397,471,1392,0,0,0,0,0,0,0,0,0,0,0,0,0,0,0,0,3836,0,0,0,0,0,0,2,0
2021-01-13T23:59:59+01:00,0,0,7,6,63,79,93,141,75,190,100,115,86,79,236,282,373,1062,0,0,0,0,0,0,0,0,0,0,0,0,0,0,0,0,3011,0,0,0,0,0,0,2,0
2021-01-12T23:59:59+01:00,0,0,5,5,53,61,76,111,67,133,78,91,70,63,166,202,270,742,0,0,0,0,0,0,0,0,0,0,0,0,0,0,0,0,2215,0,0,0,0,0,0,0,0
2021-01-11T23:59:59+01:00,0,0,4,3,45,48,63,81,53,107,56,64,50,42,96,123,141,417,0,0,0,0,0,0,0,0,0,0,0,0,0,0,0,0,1411,0,0,0,0,0,0,0,0
2021-01-10T23:59:59+01:00,0,0,3,3,41,36,46,67,38,85,46,55,45,32,79,109,132,363,0,0,0,0,0,0,0,0,0,0,0,0,0,0,0,0,1191,0,0,0,0,0,0,0,0
2021-01-09T23:59:59+01:00,0,0,3,2,38,35,41,64,35,75,40,50,44,32,79,107,129,361,0,0,0,0,0,0,0,0,0,0,0,0,0,0,0,0,1144,0,0,0,0,0,0,0,0
2021-01-08T23:59:59+01:00,0,0,3,2,31,27,34,57,29,62,35,44,42,29,74,104,126,350,0,0,0,0,0,0,0,0,0,0,0,0,0,0,0,0,1056,0,0,0,0,0,0,0,0
2021-01-07T23:59:59+01:00,0,0,3,2,9,3,9,20,12,28,11,22,35,20,52,69,87,248,0,0,0,0,0,0,0,0,0,0,0,0,0,0,0,0,631,0,0,0,0,0,0,0,0
2021-01-06T23:59:59+01:00,0,0,3,0,2,3,5,15,9,22,7,13,31,18,44,58,73,197,0,0,0,0,0,0,0,0,0,0,0,0,0,0,0,0,501,0,0,0,0,0,0,0,0
2021-01-05T23:59:59+01:00,0,0,2,0,1,3,5,14,9,20,7,12,30,17,43,57,70,189,0,0,0,0,0,0,0,0,0,0,0,0,0,0,0,0,480,0,0,0,0,0,0,0,0
2021-01-04T23:59:59+01:00,0,0,1,0,1,3,5,13,8,18,6,11,26,14,34,48,54,143,0,0,0,0,0,0,0,0,0,0,0,0,0,0,0,0,385,0,0,0,0,0,0,0,0
2021-01-03T23:59:59+01:00,0,0,1,0,1,3,4,13,8,18,6,11,26,14,34,48,54,142,0,0,0,0,0,0,0,0,0,0,0,0,0,0,0,0,383,0,0,0,0,0,0,0,0
2021-01-02T23:59:59+01:00,0,0,1,0,1,3,4,13,7,18,5,11,26,14,34,48,54,142,0,0,0,0,0,0,0,0,0,0,0,0,0,0,0,0,381,0,0,0,0,0,0,0,0
2021-01-01T23:59:59+01:00,0,0,1,0,1,3,4,13,7,18,5,11,26,14,34,48,54,142,0,0,0,0,0,0,0,0,0,0,0,0,0,0,0,0,381,0,0,0,0,0,0,0,0
2020-12-31T23:59:59+01:00,0,0,1,0,1,3,4,12,7,18,5,11,26,14,34,48,54,142,0,0,0,0,0,0,0,0,0,0,0,0,0,0,0,0,380,0,0,0,0,0,0,0,0
2020-12-30T23:59:59+01:00,0,0,1,0,1,3,4,12,7,17,5,11,26,14,34,48,54,142,0,0,0,0,0,0,0,0,0,0,0,0,0,0,0,0,379,0,0,0,0,0,0,0,0
2020-12-29T23:59:59+01:00,0,0,1,0,1,3,3,8,5,12,3,8,19,10,25,40,39,115,0,0,0,0,0,0,0,0,0,0,0,0,0,0,0,0,292,0,0,0,0,0,0,0,0
2020-12-28T23:59:59+01:00,0,0,1,0,1,1,1,2,3,6,2,5,11,3,8,15,24,58,0,0,0,0,0,0,0,0,0,0,0,0,0,0,0,0,141,0,0,0,0,0,0,0,0
2020-12-27T23:59:59+01:00,0,0,1,0,0,0,0,1,2,6,0,2,2,1,5,4,5,20,0,0,0,0,0,0,0,0,0,0,0,0,0,0,0,0,49,0,0,0,0,0,0,0,0
