Datum,<15_m,<15_w,15-24_1_m,15-24_1_w,25-34_1_m,25-34_1_w,35-44_1_m,35-44_1_w,45-54_1_m,45-54_1_w,55-64_1_m,55-64_1_w,65-74_1_m,65-74_1_w,75-84_1_m,75-84_1_w,>84_1_m,>84_1_w,<24_2_m,<24_2_w,25-34_2_m,25-34_2_w,35-44_2_m,35-44_2_w,45-54_2_m,45-54_2_w,55-64_2_m,55-64_2_w,65-74_2_m,65-74_2_w,75-84_2_m,75-84_2_w,>84_2_m,>84_2_w,bp_1,bp_2,mo_1,mo_2,az_1,az_2,ja,unb_1,unb_2
2021-09-26T23:59:59+02:00,252,244,4461,3691,10379,7200,9590,6495,8288,8600,5970,6290,2927,3056,3341,3372,2754,5214,3597,3079,9052,6354,8655,5824,7577,7814,5365,5755,2347,2639,2514,2678,1993,3881,61783,51807,8828,7696,9891,7915,12925,47,45
2021-09-25T23:59:59+02:00,251,243,4452,3685,10373,7196,9584,6492,8283,8598,5968,6290,2927,3055,3341,3370,2754,5214,3590,3075,9047,6349,8650,5821,7574,7812,5364,5754,2347,2638,2513,2676,1993,3881,61756,51785,8824,7694,9891,7914,12908,47,45
2021-09-24T23:59:59+02:00,247,240,4428,3673,10326,7174,9559,6474,8260,8576,5962,6277,2926,3054,3340,3368,2754,5214,3568,3052,9007,6322,8629,5803,7553,7798,5356,5745,2347,2633,2513,2676,1993,3881,61632,51677,8820,7689,9891,7914,12812,47,45
2021-09-23T23:59:59+02:00,240,235,4353,3640,10214,7133,9491,6424,8212,8526,5946,6252,2920,3048,3338,3363,2754,5214,3524,3025,8921,6287,8570,5766,7506,7752,5338,5726,2340,2629,2512,2675,1993,3881,61383,51550,8805,7671,9891,7910,12526,47,45
2021-09-22T23:59:59+02:00,235,235,4313,3624,10180,7106,9453,6403,8174,8507,5929,6240,2918,3042,3336,3363,2754,5214,3499,3013,8890,6264,8542,5745,7475,7728,5321,5718,2337,2623,2510,2675,1993,3880,61205,51411,8798,7669,9889,7904,12436,47,45
2021-09-21T23:59:59+02:00,233,231,4274,3604,10125,7073,9403,6378,8143,8481,5915,6230,2917,3042,3336,3363,2754,5214,3465,2995,8838,6232,8494,5724,7440,7696,5306,5699,2336,2622,2509,2675,1993,3880,61018,51221,8790,7662,9889,7904,12321,47,45
2021-09-20T23:59:59+02:00,230,230,4226,3584,10062,7051,9354,6354,8107,8448,5908,6216,2912,3038,3336,3363,2753,5212,3408,2961,8778,6200,8445,5700,7404,7667,5297,5679,2332,2620,2508,2673,1993,3880,60841,51021,8788,7659,9889,7899,12167,47,45
2021-09-19T23:59:59+02:00,229,228,4195,3574,10019,7038,9330,6345,8100,8438,5896,6210,2910,3036,3335,3361,2753,5211,3391,2947,8740,6187,8415,5691,7391,7652,5288,5672,2332,2616,2507,2672,1993,3879,60757,50944,8782,7651,9889,7895,12081,47,45
2021-09-18T23:59:59+02:00,229,228,4189,3573,10009,7036,9326,6342,8095,8437,5894,6209,2910,3036,3335,3361,2753,5211,3373,2947,8728,6185,8402,5689,7382,7652,5282,5667,2332,2616,2507,2671,1993,3879,60744,50894,8779,7650,9888,7895,12063,47,45
2021-09-17T23:59:59+02:00,228,225,4159,3558,9950,7011,9292,6321,8071,8421,5885,6198,2909,3031,3333,3360,2753,5211,3351,2932,8664,6155,8364,5672,7352,7641,5276,5658,2332,2615,2506,2671,1993,3879,60607,50777,8769,7631,9886,7892,11955,47,45
2021-09-16T23:59:59+02:00,226,225,4093,3526,9857,6971,9239,6283,8029,8388,5863,6188,2908,3026,3333,3360,2753,5209,3319,2912,8605,6123,8328,5644,7330,7613,5259,5650,2330,2613,2506,2671,1992,3878,60311,50622,8744,7617,9884,7884,11838,47,45
2021-09-15T23:59:59+02:00,222,223,4046,3507,9806,6947,9205,6256,7992,8367,5857,6170,2904,3023,3331,3360,2752,5208,3285,2898,8563,6098,8293,5619,7295,7591,5243,5631,2328,2608,2506,2668,1990,3875,60115,50444,8737,7609,9884,7883,11740,47,45
2021-09-14T23:59:59+02:00,221,220,4003,3481,9740,6920,9152,6226,7964,8331,5847,6153,2901,3020,3330,3360,2751,5207,3258,2876,8503,6065,8247,5596,7269,7565,5229,5616,2327,2608,2505,2665,1990,3874,59913,50293,8724,7597,9884,7880,11605,47,45
2021-09-13T23:59:59+02:00,218,215,3965,3461,9689,6891,9120,6202,7945,8297,5833,6138,2898,3015,3330,3360,2751,5206,3221,2857,8458,6040,8226,5579,7259,7542,5221,5610,2324,2605,2505,2664,1990,3874,59708,50141,8700,7589,9884,7879,11541,47,45
2021-09-12T23:59:59+02:00,217,214,3934,3452,9647,6877,9099,6190,7933,8281,5824,6131,2897,3014,3329,3358,2751,5205,3194,2843,8413,6020,8211,5566,7243,7527,5217,5604,2320,2602,2505,2664,1990,3873,59609,50048,8698,7584,9884,7872,11461,47,45
2021-09-11T23:59:59+02:00,217,214,3930,3447,9638,6870,9095,6186,7931,8279,5822,6129,2896,3013,3328,3358,2751,5205,3192,2841,8402,6016,8206,5561,7242,7523,5216,5602,2320,2602,2505,2664,1990,3873,59584,50026,8695,7583,9884,7872,11444,47,45
2021-09-10T23:59:59+02:00,216,210,3886,3432,9588,6834,9065,6168,7904,8259,5810,6107,2894,3010,3328,3358,2751,5205,3168,2829,8352,5981,8179,5546,7217,7502,5201,5583,2319,2601,2505,2663,1990,3873,59466,49940,8688,7577,9883,7871,11286,47,45
2021-09-09T23:59:59+02:00,212,208,3854,3399,9522,6797,9012,6140,7880,8212,5795,6095,2891,3008,3328,3358,2751,5205,3144,2809,8307,5942,8139,5519,7192,7471,5185,5569,2317,2597,2505,2662,1990,3873,59248,49795,8675,7560,9882,7864,11160,47,45
2021-09-08T23:59:59+02:00,210,206,3813,3383,9468,6784,8978,6110,7861,8180,5780,6078,2888,3006,3327,3357,2751,5204,3110,2796,8245,5920,8094,5491,7161,7434,5170,5547,2315,2596,2504,2662,1990,3873,59109,49630,8669,7549,9881,7860,11021,47,45
2021-09-07T23:59:59+02:00,207,205,3776,3370,9424,6754,8948,6086,7838,8159,5761,6063,2887,3004,3326,3356,2751,5201,3085,2784,8193,5890,8066,5460,7140,7407,5156,5533,2313,2592,2502,2661,1990,3873,58940,49473,8663,7537,9881,7855,10928,47,45
2021-09-06T23:59:59+02:00,207,204,3740,3355,9381,6727,8916,6069,7815,8134,5752,6048,2884,2997,3324,3356,2751,5201,3060,2769,8154,5871,8035,5450,7120,7380,5149,5519,2309,2590,2502,2661,1990,3873,58771,49347,8662,7532,9879,7854,10845,47,45
2021-09-05T23:59:59+02:00,205,203,3723,3350,9363,6717,8901,6058,7812,8122,5745,6041,2883,2995,3324,3356,2751,5200,3050,2763,8129,5854,8022,5433,7112,7373,5139,5514,2307,2589,2502,2660,1990,3873,58705,49277,8660,7523,9878,7853,10802,47,45
2021-09-04T23:59:59+02:00,205,202,3719,3346,9360,6709,8896,6058,7808,8120,5745,6040,2883,2995,3324,3356,2751,5200,3047,2757,8122,5847,8016,5432,7107,7370,5138,5513,2303,2588,2502,2660,1990,3873,58688,49253,8660,7519,9878,7851,10787,47,45
2021-09-03T23:59:59+02:00,203,201,3689,3313,9309,6691,8861,6032,7785,8103,5731,6023,2881,2992,3324,3354,2751,5198,3025,2732,8077,5823,7987,5411,7082,7344,5125,5491,2299,2585,2502,2658,1990,3871,58549,49135,8645,7493,9878,7850,10664,47,45
2021-09-02T23:59:59+02:00,202,198,3655,3294,9249,6660,8811,6012,7760,8077,5718,6003,2876,2988,3322,3353,2751,5197,3003,2712,8010,5793,7945,5392,7054,7316,5113,5469,2294,2581,2500,2657,1990,3868,58384,48984,8635,7478,9876,7846,10524,47,45
2021-09-01T23:59:59+02:00,199,196,3628,3277,9193,6639,8776,5995,7737,8062,5707,5995,2875,2985,3321,3350,2751,5197,2984,2700,7956,5761,7901,5368,7020,7295,5103,5456,2290,2578,2499,2654,1990,3868,58233,48804,8616,7453,9876,7843,10451,47,45
2021-08-31T23:59:59+02:00,195,196,3598,3260,9135,6614,8746,5986,7718,8039,5701,5986,2871,2983,3320,3349,2751,5195,2962,2680,7905,5731,7870,5351,6994,7267,5091,5437,2286,2575,2498,2654,1990,3868,58097,48659,8609,7442,9876,7831,10352,47,45
2021-08-30T23:59:59+02:00,194,196,3544,3235,9084,6578,8698,5956,7679,8006,5688,5971,2866,2980,3319,3348,2751,5195,2925,2663,7848,5707,7827,5328,6962,7246,5081,5420,2281,2571,2496,2654,1990,3867,57882,48510,8606,7434,9875,7830,10215,47,45
2021-08-29T23:59:59+02:00,191,194,3527,3218,9053,6561,8674,5942,7671,7996,5680,5962,2865,2977,3319,3348,2750,5195,2904,2640,7807,5691,7801,5307,6947,7228,5070,5414,2279,2570,2495,2652,1989,3867,57792,48389,8600,7421,9875,7825,10144,47,45
2021-08-28T23:59:59+02:00,190,194,3520,3217,9048,6559,8668,5939,7664,7995,5680,5960,2865,2976,3319,3348,2750,5195,2897,2634,7798,5687,7793,5302,6941,7224,5066,5412,2279,2570,2495,2652,1989,3867,57776,48357,8600,7417,9875,7824,10124,47,45
2021-08-27T23:59:59+02:00,188,193,3505,3209,9016,6540,8638,5927,7643,7985,5669,5952,2865,2976,3319,3348,2750,5195,2880,2625,7772,5677,7771,5287,6924,7215,5057,5404,2279,2570,2494,2650,1989,3867,57680,48285,8599,7415,9875,7823,10050,47,45
2021-08-26T23:59:59+02:00,188,191,3456,3188,8943,6512,8593,5909,7619,7962,5653,5940,2862,2973,3319,3347,2750,5194,2844,2597,7715,5639,7707,5253,6887,7187,5024,5388,2274,2565,2493,2649,1989,3867,57491,48064,8592,7391,9875,7800,9923,47,45
2021-08-25T23:59:59+02:00,185,190,3424,3170,8897,6480,8554,5892,7586,7937,5640,5917,2858,2968,3319,3344,2749,5194,2795,2569,7645,5590,7654,5215,6844,7145,5007,5360,2272,2560,2492,2646,1988,3867,57344,47782,8586,7383,9874,7794,9782,47,45
2021-08-24T23:59:59+02:00,184,188,3411,3156,8868,6458,8533,5871,7567,7913,5629,5906,2856,2967,3318,3341,2749,5192,2768,2542,7599,5557,7619,5189,6812,7112,4989,5341,2271,2558,2491,2645,1988,3866,57245,47590,8580,7366,9874,7790,9690,47,45
2021-08-23T23:59:59+02:00,182,179,3361,3129,8814,6431,8493,5849,7535,7881,5615,5890,2854,2966,3317,3340,2749,5191,2736,2522,7538,5513,7577,5171,6772,7078,4973,5324,2267,2556,2490,2644,1987,3866,57055,47399,8571,7351,9871,7785,9558,47,45
2021-08-22T23:59:59+02:00,181,179,3347,3119,8796,6410,8478,5839,7516,7870,5609,5883,2851,2963,3316,3340,2749,5191,2719,2508,7504,5487,7554,5154,6748,7061,4969,5312,2262,2551,2489,2644,1986,3865,56971,47254,8563,7341,9870,7782,9511,47,45
2021-08-21T23:59:59+02:00,178,178,3331,3113,8782,6399,8465,5833,7510,7864,5605,5875,2850,2963,3316,3339,2749,5191,2708,2500,7480,5468,7532,5141,6735,7054,4960,5304,2261,2549,2488,2643,1986,3865,56898,47155,8560,7314,9870,7780,9491,47,45
2021-08-20T23:59:59+02:00,177,175,3313,3099,8744,6372,8432,5813,7488,7840,5594,5861,2849,2960,3316,3338,2749,5189,2670,2484,7423,5424,7492,5112,6694,7015,4944,5280,2256,2544,2488,2640,1986,3863,56806,46963,8546,7269,9868,7768,9366,47,45
2021-08-19T23:59:59+02:00,174,172,3284,3081,8680,6340,8386,5785,7463,7809,5578,5843,2843,2957,3315,3336,2749,5188,2619,2459,7335,5367,7424,5072,6643,6954,4914,5249,2251,2540,2487,2639,1986,3863,56634,46607,8526,7239,9866,7758,9230,47,45
2021-08-18T23:59:59+02:00,172,170,3261,3070,8645,6315,8354,5767,7428,7793,5565,5835,2838,2955,3314,3336,2748,5187,2580,2437,7258,5332,7356,5038,6597,6924,4887,5221,2246,2536,2484,2639,1986,3862,56491,46335,8519,7176,9865,7749,9150,47,45
2021-08-17T23:59:59+02:00,172,169,3241,3051,8612,6290,8322,5751,7414,7771,5553,5823,2835,2953,3313,3335,2747,5187,2548,2410,7190,5280,7304,4999,6568,6883,4867,5198,2238,2530,2483,2635,1985,3862,56356,46036,8509,7134,9864,7742,9080,47,45
2021-08-16T23:59:59+02:00,169,167,3226,3036,8578,6273,8300,5742,7397,7754,5540,5810,2835,2952,3312,3334,2747,5187,2512,2371,7106,5234,7232,4961,6514,6840,4837,5172,2236,2527,2480,2632,1985,3862,56244,45632,8504,7120,9864,7730,9016,47,45
2021-08-15T23:59:59+02:00,169,166,3218,3023,8545,6259,8281,5729,7379,7742,5534,5802,2833,2949,3312,3333,2747,5187,2478,2325,7045,5193,7188,4923,6476,6807,4824,5159,2232,2522,2479,2630,1985,3862,56144,45314,8498,7098,9863,7726,8972,47,45
2021-08-14T23:59:59+02:00,168,166,3213,3016,8533,6254,8272,5728,7378,7739,5530,5800,2831,2948,3312,3332,2747,5187,2469,2314,7013,5179,7173,4911,6466,6790,4804,5149,2229,2519,2479,2628,1985,3861,56122,45200,8497,7084,9863,7724,8941,47,45
2021-08-13T23:59:59+02:00,166,165,3190,3005,8506,6237,8258,5713,7361,7727,5518,5792,2830,2942,3311,3331,2747,5187,2428,2287,6960,5134,7127,4874,6427,6764,4787,5134,2228,2513,2476,2628,1985,3861,56023,44930,8495,7059,9863,7723,8874,47,45
2021-08-12T23:59:59+02:00,163,159,3172,2992,8468,6213,8221,5692,7340,7702,5504,5777,2828,2940,3309,3330,2747,5187,2389,2251,6866,5074,7067,4831,6380,6712,4759,5102,2224,2510,2472,2627,1985,3861,55890,44574,8489,7029,9862,7702,8770,47,45
2021-08-11T23:59:59+02:00,160,156,3151,2978,8423,6185,8191,5677,7317,7683,5492,5760,2826,2937,3309,3329,2747,5187,2355,2221,6772,5015,6979,4781,6323,6649,4734,5057,2216,2499,2471,2625,1985,3860,55739,44121,8478,6988,9859,7688,8699,47,45
2021-08-10T23:59:59+02:00,159,155,3133,2962,8375,6164,8159,5658,7286,7666,5477,5752,2823,2937,3309,3327,2747,5186,2277,2157,6642,4943,6880,4711,6230,6578,4688,5034,2210,2490,2468,2624,1985,3859,55606,43473,8467,6964,9857,7672,8612,47,45
2021-08-09T23:59:59+02:00,156,154,3115,2957,8335,6139,8128,5647,7262,7647,5467,5740,2822,2936,3309,3327,2747,5185,2218,2101,6534,4868,6777,4664,6156,6524,4660,4998,2203,2481,2467,2622,1985,3859,55508,42981,8458,6908,9857,7649,8516,47,45
2021-08-08T23:59:59+02:00,155,152,3098,2946,8310,6121,8106,5632,7250,7636,5460,5735,2819,2936,3309,3327,2747,5185,2189,2072,6459,4817,6716,4631,6113,6497,4646,4982,2193,2476,2465,2620,1985,3859,55427,42700,8456,6860,9854,7641,8453,47,45
2021-08-07T23:59:59+02:00,154,150,3086,2939,8281,6105,8088,5625,7242,7627,5455,5730,2817,2936,3309,3327,2747,5185,2144,2047,6375,4761,6654,4596,6076,6456,4627,4966,2189,2475,2465,2617,1985,3859,55356,42349,8452,6828,9854,7632,8407,47,45
2021-08-06T23:59:59+02:00,153,149,3071,2925,8246,6090,8055,5601,7221,7603,5442,5717,2813,2934,3309,3326,2747,5185,2104,2001,6264,4681,6580,4553,6030,6411,4606,4946,2187,2472,2464,2614,1985,3858,55285,41973,8429,6794,9854,7618,8285,47,44
2021-08-05T23:59:59+02:00,150,148,3035,2906,8212,6063,8012,5573,7197,7582,5422,5691,2809,2931,3306,3322,2747,5184,2051,1942,6121,4570,6458,4485,5958,6346,4569,4901,2179,2464,2461,2611,1984,3858,55123,41440,8415,6691,9851,7560,8164,47,44
2021-08-04T23:59:59+02:00,145,143,2964,2874,8122,6020,7958,5542,7161,7544,5404,5675,2803,2927,3304,3321,2747,5184,1964,1909,5978,4489,6317,4429,5887,6279,4538,4859,2168,2458,2456,2608,1984,3857,54871,40934,8396,6631,9850,7521,7977,47,44
2021-08-03T23:59:59+02:00,142,142,2941,2851,8086,5999,7917,5519,7135,7518,5392,5662,2799,2925,3303,3318,2747,5184,1931,1878,5874,4416,6211,4378,5815,6219,4496,4818,2163,2452,2455,2605,1984,3857,54697,40445,8391,6586,9848,7497,7899,47,44
2021-08-02T23:59:59+02:00,142,142,2917,2823,8041,5968,7888,5508,7109,7503,5373,5652,2796,2919,3302,3317,2746,5184,1903,1846,5741,4320,6096,4310,5744,6168,4447,4783,2158,2439,2453,2599,1983,3856,54527,39865,8383,6543,9848,7474,7826,47,44
2021-08-01T23:59:59+02:00,140,139,2900,2806,8003,5944,7873,5493,7096,7493,5367,5644,2792,2918,3300,3317,2746,5184,1883,1825,5658,4275,6031,4261,5699,6145,4428,4763,2154,2435,2451,2596,1983,3856,54419,39569,8367,6509,9847,7448,7774,47,44
2021-07-31T23:59:59+02:00,138,138,2893,2798,7982,5933,7864,5488,7092,7481,5365,5643,2790,2918,3300,3317,2746,5184,1843,1780,5558,4213,5964,4214,5646,6109,4400,4738,2151,2432,2451,2595,1983,3856,54373,39091,8361,6491,9846,7444,7742,47,44
2021-07-30T23:59:59+02:00,133,133,2880,2785,7953,5915,7850,5467,7072,7467,5359,5635,2789,2917,3300,3316,2746,5184,1821,1758,5472,4170,5894,4156,5587,6058,4373,4720,2146,2430,2450,2592,1983,3856,54279,38717,8346,6459,9846,7433,7679,47,44
2021-07-29T23:59:59+02:00,131,131,2846,2764,7893,5865,7806,5424,7041,7427,5335,5613,2788,2912,3298,3315,2746,5184,1781,1726,5342,4069,5760,4083,5495,5963,4325,4664,2138,2420,2447,2589,1982,3856,54061,38120,8326,6399,9841,7396,7534,47,44
2021-07-28T23:59:59+02:00,128,129,2824,2748,7852,5825,7771,5396,7013,7403,5320,5600,2784,2910,3296,3312,2745,5183,1739,1681,5234,3988,5642,4013,5400,5887,4289,4629,2126,2412,2445,2587,1982,3854,53851,37532,8312,6337,9837,7356,7482,47,44
2021-07-27T23:59:59+02:00,124,126,2805,2728,7803,5801,7734,5377,6992,7379,5307,5584,2782,2907,3296,3311,2744,5183,1695,1648,5087,3899,5515,3934,5311,5814,4244,4576,2119,2399,2444,2584,1981,3854,53705,36930,8287,6253,9836,7313,7398,47,44
2021-07-26T23:59:59+02:00,123,123,2776,2708,7766,5776,7697,5357,6965,7359,5302,5571,2778,2907,3295,3310,2744,5183,1657,1590,4942,3835,5403,3868,5237,5738,4189,4539,2115,2385,2443,2578,1981,3853,53542,36353,8263,6178,9832,7263,7341,47,44
2021-07-25T23:59:59+02:00,118,120,2759,2685,7726,5749,7662,5344,6944,7337,5291,5566,2776,2904,3294,3309,2744,5182,1636,1560,4885,3788,5341,3838,5188,5698,4157,4514,2111,2380,2442,2578,1981,3853,53372,36060,8253,6144,9829,7231,7290,47,44
2021-07-24T23:59:59+02:00,118,118,2742,2674,7691,5731,7634,5331,6927,7323,5282,5560,2775,2901,3294,3309,2744,5182,1616,1541,4839,3766,5263,3792,5145,5670,4136,4504,2110,2378,2441,2576,1981,3852,53276,35858,8231,6056,9828,7231,7233,47,44
2021-07-23T23:59:59+02:00,115,116,2711,2646,7635,5697,7600,5304,6890,7298,5260,5547,2773,2898,3292,3309,2744,5182,1558,1505,4695,3660,5124,3713,5070,5598,4085,4472,2109,2370,2440,2571,1980,3852,53072,35194,8225,6028,9826,7210,7121,47,44
2021-07-22T23:59:59+02:00,113,113,2676,2615,7543,5651,7546,5265,6837,7251,5226,5523,2765,2892,3290,3308,2744,5180,1497,1463,4530,3584,4967,3636,4920,5516,3998,4420,2096,2359,2435,2569,1980,3851,52729,34536,8203,5879,9814,7138,7011,47,44
2021-07-21T23:59:59+02:00,112,109,2644,2595,7469,5613,7484,5223,6775,7211,5205,5497,2758,2886,3288,3305,2744,5178,1464,1417,4408,3498,4824,3569,4808,5405,3926,4374,2083,2347,2432,2568,1980,3849,52451,34047,8152,5659,9808,7075,6900,47,44
2021-07-20T23:59:59+02:00,111,108,2621,2565,7407,5579,7447,5187,6735,7166,5173,5478,2755,2881,3286,3305,2744,5178,1429,1381,4288,3430,4733,3514,4714,5325,3870,4343,2079,2337,2431,2567,1980,3848,52169,33563,8141,5576,9806,7025,6821,47,44
2021-07-19T23:59:59+02:00,110,106,2592,2536,7350,5532,7396,5164,6694,7132,5152,5461,2750,2876,3285,3301,2744,5177,1407,1357,4210,3384,4648,3480,4633,5259,3832,4316,2075,2331,2427,2564,1979,3848,51863,33245,8126,5458,9804,6980,6774,47,44
2021-07-18T23:59:59+02:00,110,104,2561,2505,7272,5479,7351,5130,6653,7088,5132,5451,2743,2870,3283,3301,2743,5176,1389,1335,4162,3339,4607,3447,4582,5238,3795,4301,2069,2321,2426,2564,1979,3846,51515,33034,8109,5382,9800,6953,6735,47,43
2021-07-17T23:59:59+02:00,108,100,2543,2488,7252,5463,7332,5111,6632,7071,5111,5440,2739,2869,3283,3300,2743,5175,1376,1322,4127,3304,4561,3426,4540,5203,3765,4289,2063,2318,2426,2562,1979,3846,51394,32868,8099,5325,9798,6943,6674,47,43
2021-07-16T23:59:59+02:00,108,97,2501,2460,7188,5427,7269,5074,6586,7028,5080,5411,2732,2863,3281,3299,2743,5175,1335,1298,4022,3252,4468,3384,4451,5142,3702,4240,2049,2307,2420,2560,1979,3845,51203,32512,8068,5293,9785,6872,6465,47,43
2021-07-15T23:59:59+02:00,105,91,2458,2429,7108,5385,7205,5031,6536,6973,5063,5384,2729,2857,3278,3295,2743,5175,1281,1264,3813,3134,4280,3277,4297,5044,3636,4177,2040,2298,2415,2554,1979,3845,50849,31789,8050,5056,9779,6803,6360,47,43
2021-07-14T23:59:59+02:00,102,89,2416,2410,7032,5349,7127,4994,6479,6928,5041,5359,2720,2851,3275,3293,2743,5175,1233,1222,3693,3043,4178,3213,4191,4974,3590,4132,2026,2289,2414,2551,1979,3845,50511,31299,8032,4956,9775,6728,6253,47,43
2021-07-13T23:59:59+02:00,98,84,2385,2379,6973,5312,7062,4953,6437,6880,5018,5341,2710,2844,3273,3293,2743,5175,1196,1189,3586,2959,4048,3146,4101,4885,3535,4069,1999,2281,2411,2546,1977,3843,50174,30802,8022,4817,9774,6631,6174,46,43
2021-07-12T23:59:59+02:00,90,82,2356,2353,6898,5263,6991,4908,6385,6839,4990,5314,2706,2841,3270,3292,2743,5175,1164,1167,3485,2880,3934,3080,3996,4802,3481,4020,1988,2270,2406,2536,1977,3843,49812,30346,8008,4694,9770,6547,6085,46,42
2021-07-11T23:59:59+02:00,85,80,2344,2335,6859,5245,6961,4884,6352,6819,4981,5305,2703,2836,3268,3292,2742,5175,1155,1150,3441,2837,3873,3047,3942,4774,3459,4006,1978,2258,2403,2532,1977,3843,49693,30162,7985,4661,9765,6490,6001,46,41
2021-07-10T23:59:59+02:00,83,79,2317,2300,6777,5192,6896,4845,6301,6782,4954,5293,2700,2833,3268,3289,2742,5174,1136,1129,3382,2789,3826,3017,3903,4742,3442,3994,1971,2251,2403,2530,1977,3843,49427,29975,7960,4659,9749,6474,5861,46,41
2021-07-09T23:59:59+02:00,81,77,2292,2275,6701,5148,6844,4818,6250,6746,4934,5272,2698,2828,3267,3287,2742,5174,1112,1112,3322,2739,3775,2980,3851,4706,3412,3965,1967,2235,2401,2529,1977,3843,49187,29754,7923,4626,9740,6416,5749,46,41
2021-07-08T23:59:59+02:00,76,74,2233,2226,6596,5078,6734,4758,6183,6677,4897,5237,2690,2819,3264,3283,2742,5174,1035,1056,3151,2643,3580,2904,3674,4604,3334,3895,1949,2219,2399,2520,1976,3842,48839,29250,7844,4335,9705,6281,5513,46,41
2021-07-07T23:59:59+02:00,76,73,2153,2179,6469,5000,6625,4699,6107,6619,4861,5188,2684,2808,3259,3278,2742,5174,982,1017,2996,2558,3403,2825,3514,4495,3274,3830,1929,2188,2391,2511,1976,3840,48317,28683,7794,4088,9683,6192,5353,45,40
2021-07-06T23:59:59+02:00,73,73,2105,2140,6354,4941,6531,4654,6051,6549,4817,5152,2676,2802,3255,3273,2742,5174,945,977,2877,2457,3311,2762,3436,4401,3212,3773,1902,2157,2386,2504,1976,3840,47853,28167,7742,3976,9665,6102,5247,45,40
2021-07-05T23:59:59+02:00,71,73,2027,2088,6203,4859,6417,4609,5977,6490,4775,5112,2672,2795,3253,3271,2742,5172,894,932,2767,2377,3233,2710,3356,4327,3164,3716,1880,2138,2378,2495,1975,3837,47352,27777,7696,3899,9638,6017,5056,44,40
2021-07-04T23:59:59+02:00,71,72,1977,2048,6107,4811,6368,4576,5933,6468,4757,5089,2669,2792,3253,3269,2742,5171,852,905,2699,2318,3196,2684,3324,4291,3137,3693,1864,2113,2375,2494,1974,3837,47125,27627,7653,3840,9609,5935,4919,44,40
2021-07-03T23:59:59+02:00,66,58,1869,1964,5892,4650,6214,4486,5845,6376,4705,5053,2667,2789,3253,3265,2742,5171,807,876,2632,2269,3145,2660,3284,4243,3106,3663,1858,2104,2374,2490,1974,3835,46270,27443,7616,3838,9601,5905,4697,44,40
2021-07-02T23:59:59+02:00,60,50,1826,1916,5811,4602,6165,4447,5825,6348,4691,5035,2666,2783,3252,3264,2741,5171,784,848,2558,2218,3071,2615,3239,4193,3075,3623,1840,2086,2370,2484,1974,3833,45978,27143,7577,3810,9596,5804,4614,44,40
2021-07-01T23:59:59+02:00,50,41,1774,1871,5697,4527,6073,4395,5747,6278,4661,5005,2662,2777,3251,3263,2741,5170,712,806,2353,2137,2879,2522,3056,4075,2973,3532,1808,2062,2361,2471,1973,3831,45537,26335,7512,3602,9580,5690,4463,44,40
2021-06-30T23:59:59+02:00,50,38,1721,1815,5571,4432,5970,4342,5688,6229,4648,4981,2658,2769,3249,3260,2741,5170,673,765,2248,2070,2765,2469,2943,3986,2909,3456,1785,2027,2352,2459,1972,3830,45087,25855,7445,3481,9562,5559,4338,44,40
2021-06-29T23:59:59+02:00,49,36,1659,1728,5453,4338,5869,4288,5631,6168,4618,4951,2652,2764,3248,3259,2740,5169,642,724,2163,1986,2684,2401,2839,3869,2848,3404,1768,1993,2338,2445,1971,3827,44530,25349,7410,3404,9554,5445,4214,44,40
2021-06-28T23:59:59+02:00,47,34,1620,1666,5334,4268,5798,4234,5584,6126,4590,4926,2648,2756,3247,3257,2740,5169,626,697,2066,1922,2606,2347,2768,3788,2801,3355,1750,1974,2330,2439,1971,3824,44108,25026,7347,3264,9539,5348,4126,44,40
2021-06-27T23:59:59+02:00,46,33,1586,1637,5283,4224,5748,4199,5540,6107,4579,4914,2645,2752,3247,3256,2740,5169,606,679,2015,1875,2565,2327,2722,3747,2769,3336,1737,1958,2329,2429,1971,3824,43909,24871,7308,3208,9515,5257,4049,44,40
2021-06-26T23:59:59+02:00,35,27,1552,1608,5211,4178,5647,4152,5499,6072,4559,4901,2645,2750,3247,3254,2740,5169,600,668,1981,1852,2527,2306,2699,3724,2748,3314,1713,1948,2328,2427,1971,3824,43528,24639,7221,3203,9514,5232,4049,44,40
2021-06-25T23:59:59+02:00,28,19,1515,1563,5091,4096,5590,4122,5462,6045,4533,4888,2641,2747,3245,3253,2740,5168,590,643,1933,1831,2462,2239,2599,3584,2700,3212,1704,1926,2324,2423,1969,3823,43065,24168,7184,3177,9513,5050,4047,44,40
2021-06-24T23:59:59+02:00,20,14,1462,1507,4898,3971,5459,4070,5364,6000,4490,4856,2636,2744,3245,3252,2739,5168,550,620,1820,1762,2287,2168,2435,3500,2586,3116,1670,1903,2313,2417,1968,3820,42388,23634,7126,2863,9502,4965,3935,44,40
2021-06-23T23:59:59+02:00,20,14,1427,1472,4811,3911,5371,4016,5308,5954,4465,4821,2626,2737,3241,3249,2738,5167,515,601,1754,1702,2184,2118,2315,3409,2480,3018,1643,1880,2307,2410,1967,3819,41939,23066,7066,2787,9497,4820,3899,44,40
2021-06-22T23:59:59+02:00,19,14,1398,1448,4731,3845,5286,3965,5263,5907,4436,4796,2622,2731,3240,3247,2737,5167,499,582,1696,1661,2099,2059,2234,3296,2372,2918,1629,1856,2297,2398,1966,3815,41508,22622,7016,2665,9493,4657,3872,44,39
2021-06-21T23:59:59+02:00,18,14,1368,1403,4615,3757,5203,3918,5197,5846,4408,4775,2619,2717,3239,3242,2736,5165,483,564,1659,1626,2064,2018,2183,3213,2303,2836,1604,1818,2274,2375,1966,3811,40969,22314,6971,2566,9490,4512,3838,44,39
2021-06-20T23:59:59+02:00,17,12,1343,1370,4541,3690,5154,3900,5162,5826,4385,4763,2615,2715,3238,3242,2735,5165,466,548,1625,1596,2038,1994,2148,3185,2254,2792,1597,1802,2272,2369,1966,3810,40680,22117,6939,2529,9477,4446,3799,44,38
2021-06-19T23:59:59+02:00,16,12,1332,1351,4498,3657,5131,3872,5130,5801,4367,4752,2611,2713,3238,3241,2734,5165,461,543,1608,1575,2021,1967,2134,3161,2229,2755,1589,1793,2268,2366,1964,3809,40508,21952,6874,2500,9477,4436,3776,44,38
2021-06-18T23:59:59+02:00,11,9,1312,1328,4427,3613,5080,3832,5080,5760,4342,4739,2607,2709,3237,3239,2734,5165,448,532,1587,1560,1994,1935,2088,3112,2171,2692,1575,1776,2268,2361,1963,3806,40170,21632,6827,2497,9476,4388,3762,44,38
2021-06-17T23:59:59+02:00,9,8,1265,1292,4262,3541,4891,3756,4906,5668,4280,4693,2601,2706,3237,3238,2733,5165,412,515,1486,1526,1816,1872,1924,3018,2063,2609,1551,1751,2256,2349,1961,3804,39558,21149,6765,2388,9465,4305,3470,42,38
2021-06-16T23:59:59+02:00,9,8,1240,1258,4155,3454,4791,3701,4799,5597,4232,4661,2593,2702,3236,3234,2732,5164,394,494,1427,1489,1752,1841,1842,2936,1999,2535,1536,1722,2242,2336,1961,3800,39061,20740,6635,2320,9455,4225,3413,42,38
2021-06-15T23:59:59+02:00,9,8,1206,1223,4017,3369,4719,3643,4723,5522,4189,4628,2583,2695,3231,3232,2732,5163,384,469,1377,1440,1705,1799,1771,2877,1924,2460,1517,1691,2236,2322,1960,3799,38504,20401,6595,2231,9442,4152,3333,42,38
2021-06-14T23:59:59+02:00,9,6,1179,1188,3926,3313,4635,3588,4643,5448,4136,4594,2579,2685,3230,3228,2731,5162,374,456,1338,1405,1658,1767,1721,2818,1861,2406,1504,1664,2232,2315,1959,3797,38034,20142,6505,2162,9436,4072,3279,41,38
2021-06-13T23:59:59+02:00,9,6,1164,1173,3875,3267,4577,3542,4592,5407,4115,4579,2578,2679,3229,3227,2731,5160,367,449,1305,1387,1622,1741,1678,2780,1818,2362,1487,1643,2226,2304,1959,3795,37765,19948,6467,2138,9430,3995,3216,41,38
2021-06-12T23:59:59+02:00,9,5,1147,1151,3847,3241,4547,3519,4572,5392,4099,4569,2575,2676,3228,3226,2731,5159,363,447,1296,1369,1597,1713,1647,2758,1771,2341,1477,1631,2214,2300,1959,3794,37573,19767,6455,2138,9429,3936,3201,41,38
2021-06-11T23:59:59+02:00,7,5,1128,1135,3805,3195,4470,3490,4533,5354,4072,4558,2574,2672,3227,3223,2731,5158,352,434,1274,1335,1569,1692,1601,2707,1713,2293,1467,1614,2212,2294,1959,3793,37268,19507,6427,2130,9425,3858,3174,41,38
2021-06-10T23:59:59+02:00,7,4,1067,1089,3680,3112,4335,3406,4428,5283,4015,4522,2570,2664,3225,3221,2730,5158,336,421,1212,1299,1502,1628,1535,2634,1619,2186,1433,1578,2207,2284,1958,3790,36667,19062,6285,2123,9407,3700,3089,41,37
2021-06-09T23:59:59+02:00,7,2,1018,1054,3552,3012,4193,3349,4336,5206,3969,4479,2566,2657,3222,3217,2730,5158,318,404,1149,1262,1431,1598,1472,2551,1538,2108,1405,1518,2199,2270,1957,3787,36178,18725,6114,2069,9400,3564,2954,41,37
2021-06-08T23:59:59+02:00,6,2,969,1013,3417,2925,4071,3262,4230,5117,3912,4450,2558,2652,3219,3214,2729,5156,303,381,1103,1222,1375,1564,1415,2490,1483,2033,1379,1479,2188,2250,1953,3782,35612,18468,5974,2019,9389,3421,2828,41,36
2021-06-07T23:59:59+02:00,5,2,939,987,3311,2848,3937,3221,4102,5043,3859,4422,2544,2646,3218,3212,2729,5154,294,374,1057,1180,1319,1542,1367,2435,1412,1979,1364,1457,2172,2233,1952,3773,35220,18288,5792,1983,9379,3288,2679,41,36
2021-06-06T23:59:59+02:00,5,2,920,977,3252,2804,3848,3169,4025,5011,3824,4406,2540,2640,3216,3211,2727,5153,287,361,1042,1150,1287,1508,1341,2378,1379,1919,1348,1440,2165,2225,1950,3770,35002,18179,5653,1934,9370,3173,2586,41,35
2021-06-05T23:59:59+02:00,5,2,902,958,3176,2741,3796,3137,3987,4984,3811,4401,2539,2638,3216,3210,2727,5152,280,354,1025,1128,1263,1487,1315,2346,1341,1896,1327,1413,2162,2221,1950,3770,34706,17999,5646,1931,9364,3121,2541,41,34
2021-06-04T23:59:59+02:00,3,2,878,941,3120,2687,3718,3095,3912,4927,3781,4381,2535,2634,3213,3210,2727,5152,269,347,1001,1094,1239,1470,1277,2306,1303,1859,1308,1388,2152,2216,1950,3768,34377,17827,5597,1926,9361,3061,2444,41,34
2021-06-03T23:59:59+02:00,3,2,832,908,2962,2586,3528,2987,3728,4804,3683,4306,2527,2624,3208,3204,2727,5152,257,333,968,1056,1177,1415,1207,2210,1239,1792,1268,1341,2141,2201,1950,3766,33682,17594,5361,1905,9345,2894,2228,40,34
2021-06-02T23:59:59+02:00,3,2,800,899,2882,2502,3457,2930,3659,4736,3640,4280,2524,2619,3208,3203,2727,5152,240,328,945,1023,1118,1382,1155,2162,1185,1742,1252,1303,2137,2198,1950,3766,33308,17372,5343,1890,9344,2854,2061,40,34
2021-06-01T23:59:59+02:00,3,2,751,869,2716,2379,3262,2828,3479,4616,3575,4216,2513,2611,3205,3197,2727,5152,226,314,865,967,1014,1317,1061,2042,1129,1665,1215,1243,2127,2186,1948,3761,32692,17082,5118,1850,9332,2656,1769,40,34
2021-05-31T23:59:59+02:00,3,2,715,840,2582,2288,3116,2727,3361,4510,3513,4165,2506,2598,3202,3192,2727,5151,210,296,814,919,936,1259,1005,1953,1084,1606,1191,1211,2120,2181,1946,3759,32289,16898,4884,1834,9313,2520,1507,40,34
2021-05-30T23:59:59+02:00,3,2,704,825,2523,2235,3039,2687,3299,4461,3493,4140,2502,2593,3201,3191,2726,5149,199,276,771,878,879,1211,957,1884,1061,1553,1176,1195,2113,2171,1946,3757,32133,16798,4819,1822,9302,2362,1308,40,34
2021-05-29T23:59:59+02:00,3,1,702,823,2508,2218,3016,2675,3282,4443,3483,4131,2501,2592,3201,3191,2726,5149,196,265,764,868,860,1186,937,1831,1042,1515,1161,1172,2112,2163,1945,3757,32008,16688,4817,1821,9300,2219,1307,40,34
2021-05-28T23:59:59+02:00,3,1,694,813,2472,2178,2968,2647,3257,4422,3470,4113,2500,2588,3199,3185,2726,5149,193,257,753,858,850,1165,926,1789,1007,1471,1138,1140,2109,2155,1944,3755,31760,16502,4805,1819,9295,2142,1303,39,34
2021-05-27T23:59:59+02:00,3,1,648,792,2339,2120,2833,2571,3116,4340,3385,4059,2492,2574,3198,3183,2726,5146,178,240,689,806,773,1111,841,1692,939,1384,1114,1104,2095,2133,1943,3753,31253,16274,4670,1778,9262,1887,1103,39,33
2021-05-26T23:59:59+02:00,3,1,615,765,2238,2055,2670,2512,2988,4277,3331,4006,2481,2561,3193,3176,2723,5140,170,222,650,767,727,1075,791,1624,893,1326,1093,1073,2075,2099,1938,3746,30847,16035,4433,1762,9231,1746,970,39,33
2021-05-25T23:59:59+02:00,3,1,591,749,2154,1996,2567,2470,2877,4194,3279,3968,2467,2552,3190,3171,2722,5136,160,211,630,738,692,1040,744,1563,840,1262,1068,1049,2043,2064,1937,3741,30480,15791,4252,1722,9188,1608,905,38,30
2021-05-24T23:59:59+02:00,3,1,578,726,2098,1954,2493,2440,2807,4139,3224,3922,2455,2543,3184,3170,2719,5135,155,203,611,720,665,1008,705,1501,813,1204,1043,1030,2037,2060,1932,3740,30291,15675,4073,1708,9150,1482,806,38,29
2021-05-23T23:59:59+02:00,3,1,575,724,2083,1941,2479,2425,2796,4125,3211,3908,2450,2541,3184,3168,2719,5135,154,202,607,714,655,1002,687,1486,800,1195,1037,1023,2032,2055,1930,3736,30171,15585,4070,1701,9150,1470,804,38,28
2021-05-22T23:59:59+02:00,3,1,569,714,2059,1920,2444,2407,2770,4094,3182,3879,2440,2536,3182,3165,2719,5134,151,194,600,709,651,992,672,1480,794,1186,1024,1014,2024,2040,1930,3736,29928,15512,4069,1701,9148,1432,794,38,28
2021-05-21T23:59:59+02:00,3,1,557,696,1973,1890,2353,2360,2703,4043,3137,3829,2433,2521,3179,3163,2719,5132,151,191,594,702,640,982,658,1468,773,1164,1007,984,2011,2034,1930,3735,29439,15407,4041,1699,9131,1369,791,38,28
2021-05-20T23:59:59+02:00,3,1,517,675,1838,1818,2217,2283,2575,3946,3046,3742,2412,2505,3169,3155,2717,5129,143,182,565,667,606,943,629,1409,742,1101,980,946,1997,2018,1928,3732,28744,15264,3919,1683,9056,1160,716,38,28
2021-05-19T23:59:59+02:00,3,1,477,639,1730,1742,2077,2212,2436,3848,2940,3643,2391,2486,3162,3148,2711,5128,130,174,539,646,574,909,601,1358,714,1040,957,925,1977,1986,1921,3728,27982,15084,3848,1662,9011,1063,598,38,28
2021-05-18T23:59:59+02:00,3,0,452,617,1654,1680,1979,2150,2322,3728,2838,3542,2377,2465,3154,3140,2710,5124,122,166,515,625,551,876,582,1281,696,978,938,897,1963,1964,1917,3721,27458,14940,3675,1620,8953,956,498,38,28
2021-05-17T23:59:59+02:00,3,0,431,603,1596,1645,1924,2097,2244,3616,2780,3467,2357,2445,3143,3132,2708,5119,117,158,494,610,540,840,569,1217,681,921,917,859,1957,1953,1916,3716,27138,14841,3524,1580,8885,855,405,38,27
2021-05-16T23:59:59+02:00,3,0,427,602,1567,1617,1892,2073,2200,3564,2719,3405,2343,2435,3140,3128,2708,5118,114,156,486,591,531,824,555,1166,661,879,889,827,1950,1948,1916,3715,26947,14779,3453,1540,8844,768,332,38,27
2021-05-15T23:59:59+02:00,3,0,422,597,1540,1600,1873,2053,2179,3539,2692,3367,2336,2435,3139,3125,2707,5118,113,153,484,590,531,823,550,1162,653,871,885,824,1944,1944,1916,3715,26742,14743,3452,1539,8836,760,327,36,27
2021-05-14T23:59:59+02:00,3,0,409,582,1509,1571,1832,2009,2099,3465,2638,3319,2326,2423,3136,3125,2705,5118,111,149,481,574,511,798,530,1131,639,855,870,809,1936,1934,1916,3714,26358,14679,3410,1523,8812,658,306,36,27
2021-05-13T23:59:59+02:00,2,0,386,565,1449,1521,1729,1963,1983,3376,2565,3225,2298,2405,3125,3119,2703,5112,106,146,469,566,501,783,524,1116,622,842,840,776,1919,1908,1915,3708,25899,14583,3189,1468,8758,618,279,36,25
2021-05-12T23:59:59+02:00,1,0,379,560,1432,1513,1710,1954,1961,3351,2550,3207,2295,2398,3119,3116,2703,5111,106,144,466,566,500,776,519,1111,617,835,832,760,1915,1899,1913,3708,25761,14522,3165,1458,8751,617,276,35,25
2021-05-11T23:59:59+02:00,1,0,358,539,1364,1476,1610,1913,1850,3251,2446,3126,2277,2370,3110,3105,2698,5110,100,134,451,538,480,749,499,1079,582,813,804,726,1902,1888,1911,3704,25334,14397,2990,1417,8637,529,219,35,25
2021-05-10T23:59:59+02:00,1,0,343,520,1325,1447,1559,1883,1781,3189,2382,3054,2262,2353,3101,3096,2697,5106,100,131,445,531,471,728,492,1056,577,790,787,707,1896,1881,1909,3699,25047,14327,2913,1408,8514,475,192,35,24
2021-05-09T23:59:59+02:00,1,0,337,510,1284,1427,1533,1866,1732,3151,2313,3005,2251,2339,3098,3090,2697,5101,97,128,436,523,463,722,482,1046,566,776,773,697,1886,1875,1908,3696,24805,14277,2858,1400,8463,426,169,35,23
2021-05-08T23:59:59+02:00,1,0,331,506,1272,1406,1500,1842,1699,3123,2260,2983,2244,2331,3095,3089,2695,5100,96,128,434,522,461,721,481,1041,566,770,767,696,1881,1864,1908,3696,24550,14255,2854,1392,8459,413,168,35,23
2021-05-07T23:59:59+02:00,1,0,320,499,1244,1379,1450,1821,1639,3060,2202,2934,2235,2321,3094,3084,2693,5095,93,125,422,509,451,695,468,1006,544,745,761,672,1860,1849,1908,3692,24262,14184,2825,1367,8394,309,135,35,21
2021-05-06T23:59:59+02:00,1,0,301,483,1155,1340,1333,1757,1496,2946,2054,2840,2195,2284,3090,3071,2692,5091,90,119,409,495,436,678,455,983,526,722,746,653,1842,1833,1904,3685,23736,14098,2632,1342,8178,224,106,33,20
2021-05-05T23:59:59+02:00,1,0,286,469,1114,1312,1284,1719,1427,2878,1961,2755,2171,2249,3075,3056,2692,5080,90,115,401,485,431,666,447,971,519,704,724,640,1816,1811,1904,3682,23264,14010,2572,1317,8109,175,99,33,18
2021-05-04T23:59:59+02:00,1,0,278,458,1076,1287,1245,1698,1381,2830,1891,2687,2149,2213,3065,3042,2682,5067,86,111,393,474,428,661,437,951,509,685,706,617,1796,1784,1900,3682,22902,13904,2509,1284,8055,134,93,33,17
2021-05-03T23:59:59+02:00,1,0,271,450,1044,1261,1208,1680,1352,2795,1841,2649,2131,2182,3051,3033,2680,5061,80,105,381,468,419,653,433,943,501,678,685,605,1768,1755,1898,3678,22637,13796,2484,1271,8004,113,64,33,16
2021-05-02T23:59:59+02:00,1,0,265,448,1030,1247,1180,1664,1326,2780,1826,2624,2122,2167,3046,3030,2678,5058,78,104,375,464,414,648,428,937,497,673,677,591,1743,1740,1898,3677,22506,13746,2467,1243,7963,99,50,32,15
2021-05-01T23:59:59+02:00,1,0,261,443,1022,1238,1167,1652,1310,2766,1806,2606,2113,2160,3042,3026,2678,5057,78,103,375,463,412,648,426,933,497,672,675,591,1743,1740,1898,3677,22358,13738,2466,1243,7963,96,48,32,15
2021-04-30T23:59:59+02:00,1,0,258,436,1011,1216,1145,1630,1271,2701,1735,2543,2100,2141,3035,3020,2677,5053,77,100,374,457,409,642,425,908,492,660,668,585,1740,1734,1898,3675,22017,13721,2461,1231,7959,71,16,32,14
2021-04-29T23:59:59+02:00,1,0,244,420,962,1191,1105,1592,1220,2643,1639,2466,2049,2091,3026,3008,2672,5041,77,99,368,456,404,637,418,896,481,650,651,572,1724,1721,1892,3669,21507,13639,2422,1204,7898,49,15,31,14
2021-04-28T23:59:59+02:00,1,0,233,417,945,1176,1074,1580,1184,2600,1568,2410,2003,2026,3013,3003,2670,5038,73,97,361,453,401,628,414,886,474,635,633,552,1705,1700,1892,3667,21182,13557,2373,1153,7838,36,14,31,14
2021-04-27T23:59:59+02:00,1,0,230,408,931,1161,1057,1567,1159,2574,1545,2382,1968,1979,3006,2996,2668,5034,71,94,359,450,399,623,412,881,468,630,625,539,1692,1676,1888,3664,20970,13493,2341,1121,7802,31,14,27,14
2021-04-26T23:59:59+02:00,1,0,227,401,921,1152,1046,1553,1130,2555,1488,2332,1946,1955,2996,2985,2665,5028,71,94,354,446,399,621,405,878,464,624,615,526,1677,1661,1886,3659,20765,13442,2324,1082,7732,29,14,27,14
2021-04-25T23:59:59+02:00,1,0,227,400,913,1142,1033,1544,1113,2536,1455,2297,1920,1931,2988,2978,2665,5027,70,93,353,438,396,619,403,873,462,623,612,519,1671,1651,1886,3657,20626,13419,2299,1060,7680,21,14,27,13
2021-04-24T23:59:59+02:00,1,0,223,396,901,1132,1020,1528,1099,2516,1418,2272,1909,1905,2985,2972,2665,5027,70,93,353,438,395,619,403,871,461,620,610,516,1670,1648,1886,3657,20439,13412,2299,1050,7660,21,14,27,13
2021-04-23T23:59:59+02:00,1,0,220,389,890,1118,1013,1517,1079,2495,1360,2222,1883,1876,2978,2966,2665,5024,69,91,353,438,395,618,402,867,458,616,603,507,1660,1638,1886,3652,20269,13382,2287,1022,7560,21,14,27,13
2021-04-22T23:59:59+02:00,1,0,218,381,863,1096,988,1496,1046,2452,1303,2157,1835,1821,2965,2946,2663,5015,69,90,351,433,389,610,399,857,453,610,589,499,1641,1622,1881,3647,19951,13305,2231,993,7476,14,14,27,13
2021-04-21T23:59:59+02:00,1,0,212,374,843,1081,963,1477,1003,2415,1251,2104,1778,1750,2943,2924,2656,5006,67,88,348,432,387,607,394,852,449,603,584,493,1626,1599,1870,3642,19580,13230,2194,968,7413,14,14,27,13
2021-04-20T23:59:59+02:00,1,0,205,369,823,1055,943,1456,979,2361,1205,2047,1716,1681,2913,2897,2650,4988,65,88,346,431,383,603,389,846,448,596,577,484,1603,1567,1866,3638,19232,13144,2121,944,7337,13,14,27,13
2021-04-19T23:59:59+02:00,1,0,203,359,808,1044,929,1437,961,2328,1177,2010,1671,1632,2898,2882,2648,4983,65,87,345,429,378,597,385,837,443,584,573,478,1574,1539,1860,3625,19002,13045,2102,916,7266,10,13,26,13
2021-04-18T23:59:59+02:00,1,0,201,356,801,1035,916,1426,939,2305,1153,1989,1629,1590,2888,2873,2641,4977,64,85,344,428,378,597,384,832,442,581,570,472,1564,1533,1857,3623,18851,13015,2068,900,7191,10,13,26,13
2021-04-17T23:59:59+02:00,1,0,199,352,798,1032,909,1424,930,2300,1146,1981,1609,1557,2883,2864,2641,4977,64,82,342,423,377,597,381,828,440,578,565,465,1552,1525,1857,3620,18763,12959,2067,898,7162,10,13,26,13
2021-04-16T23:59:59+02:00,1,0,198,350,789,1025,895,1407,914,2277,1108,1939,1551,1487,2869,2849,2637,4970,59,80,339,416,374,595,376,816,433,564,538,434,1539,1503,1846,3607,18523,12850,2050,830,7080,9,13,25,12
2021-04-15T23:59:59+02:00,1,0,197,345,766,1008,875,1395,888,2232,1064,1897,1496,1427,2840,2821,2622,4954,57,79,334,410,369,594,368,809,423,561,522,424,1504,1469,1833,3592,18232,12729,2033,780,6945,8,13,24,12
2021-04-14T23:59:59+02:00,1,0,196,339,758,1000,867,1382,873,2198,1044,1866,1435,1378,2788,2755,2609,4938,54,75,329,406,365,589,365,800,412,547,506,404,1468,1437,1826,3573,17944,12586,2011,732,6852,8,13,21,11
2021-04-13T23:59:59+02:00,1,0,192,333,749,996,856,1370,862,2172,1010,1837,1368,1305,2733,2696,2601,4923,52,75,324,402,355,581,357,792,403,539,493,395,1441,1414,1817,3562,17688,12482,1957,683,6737,6,13,20,11
2021-04-12T23:59:59+02:00,1,0,192,332,743,991,847,1358,834,2149,994,1816,1315,1267,2712,2666,2597,4909,51,71,314,393,349,575,352,784,397,532,474,385,1422,1398,1814,3554,17544,12383,1931,641,6624,6,13,18,11
2021-04-11T23:59:59+02:00,0,0,190,330,737,980,839,1353,820,2129,977,1798,1289,1234,2690,2644,2592,4902,50,69,309,391,347,573,351,780,392,524,468,376,1407,1392,1809,3547,17465,12329,1903,615,6511,5,12,17,11
2021-04-10T23:59:59+02:00,0,0,190,328,737,977,836,1351,813,2121,969,1791,1275,1216,2677,2627,2591,4902,45,64,287,377,331,557,337,768,376,514,453,369,1395,1372,1804,3541,17403,12144,1894,599,6478,5,11,17,11
2021-04-09T23:59:59+02:00,0,0,190,324,732,974,827,1328,804,2037,949,1708,1219,1141,2633,2597,2588,4894,38,62,273,363,312,544,317,754,362,497,435,359,1350,1342,1791,3527,17234,11902,1854,569,6225,5,9,16,10
2021-04-08T23:59:59+02:00,0,0,188,320,729,967,815,1319,788,2018,921,1686,1141,1055,2571,2557,2575,4884,37,60,264,349,298,536,300,738,336,479,407,335,1300,1303,1767,3493,17047,11607,1782,536,6072,5,8,16,10
2021-04-07T23:59:59+02:00,0,0,182,317,720,961,807,1304,771,1989,898,1653,1085,992,2515,2496,2566,4870,35,56,246,332,288,530,291,725,320,466,376,315,1251,1263,1748,3455,16847,11328,1734,505,5904,5,8,16,9
2021-04-06T23:59:59+02:00,0,0,178,316,712,956,791,1289,751,1967,869,1627,1051,946,2474,2446,2558,4860,33,55,244,329,284,527,281,721,310,461,365,301,1220,1233,1728,3432,16722,11190,1699,470,5723,5,8,16,9
2021-04-05T23:59:59+02:00,0,0,178,316,710,950,784,1279,741,1951,859,1612,1021,919,2446,2403,2553,4851,33,55,244,325,283,523,277,714,304,459,363,294,1183,1207,1720,3413,16652,11091,1680,440,5589,5,8,16,9
2021-04-04T23:59:59+02:00,0,0,177,313,707,941,779,1267,731,1934,850,1590,1005,902,2438,2397,2553,4850,33,54,244,325,282,523,277,714,303,459,361,294,1165,1193,1716,3409,16616,11045,1674,440,5492,5,8,16,9
2021-04-03T23:59:59+02:00,0,0,177,313,707,941,777,1265,730,1929,842,1586,992,891,2431,2386,2550,4849,33,54,244,325,282,523,277,713,303,457,361,294,1165,1188,1716,3406,16567,11034,1674,440,5471,5,8,16,9
2021-04-02T23:59:59+02:00,0,0,177,311,707,940,776,1262,726,1922,834,1575,979,877,2408,2363,2548,4846,33,54,241,325,280,521,274,706,296,452,356,292,1143,1160,1704,3379,16489,10914,1662,433,5443,5,8,16,9
2021-04-01T23:59:59+02:00,0,0,174,308,701,929,763,1248,720,1902,816,1554,947,840,2365,2313,2542,4827,32,53,233,322,278,517,271,699,290,447,344,284,1103,1119,1671,3335,16351,10708,1597,419,5339,5,8,16,9
2021-03-31T23:59:59+02:00,0,0,170,304,693,923,753,1232,710,1856,801,1511,928,820,2317,2246,2521,4808,32,53,232,321,273,515,266,697,280,435,329,278,1037,1066,1647,3303,16225,10494,1526,400,5179,5,7,16,9
2021-03-30T23:59:59+02:00,0,0,166,297,687,914,749,1211,699,1817,790,1465,905,800,2266,2180,2507,4786,32,52,229,318,270,512,263,691,274,427,318,272,1002,1036,1626,3267,16074,10334,1476,382,5024,5,7,16,9
2021-03-29T23:59:59+02:00,0,0,162,291,680,901,744,1199,689,1784,777,1425,886,781,2190,2110,2486,4756,32,51,228,316,269,510,259,683,266,416,311,265,974,1014,1613,3240,15860,10201,1431,372,4903,5,7,16,9
2021-03-28T23:59:59+02:00,0,0,154,273,670,893,737,1190,684,1763,771,1407,878,760,2141,2065,2481,4744,32,50,225,316,265,504,255,680,264,412,309,263,963,1002,1607,3231,15777,10140,1374,364,4792,5,7,16,9
2021-03-27T23:59:59+01:00,0,0,154,270,666,886,733,1186,678,1752,767,1400,867,744,2129,2049,2481,4741,32,50,225,316,265,504,254,673,261,407,307,262,956,992,1589,3207,15718,10073,1364,353,4750,5,7,16,9
2021-03-26T23:59:59+01:00,0,0,152,268,656,874,726,1170,668,1733,758,1368,848,724,2103,2023,2471,4731,32,50,225,316,264,501,254,672,255,394,302,253,924,960,1556,3156,15609,9888,1326,353,4664,5,5,16,9
2021-03-25T23:59:59+01:00,0,0,149,267,646,862,705,1149,650,1695,739,1325,828,700,2059,1977,2455,4713,32,49,222,311,263,500,248,669,253,392,294,249,885,929,1494,3077,15490,9652,1271,339,4482,4,5,15,9
2021-03-24T23:59:59+01:00,0,0,146,258,631,849,697,1135,640,1656,722,1291,803,680,2015,1933,2438,4689,32,49,220,308,261,498,246,669,247,389,287,243,839,904,1443,2984,15346,9422,1235,323,4325,3,4,15,9
2021-03-23T23:59:59+01:00,0,0,143,256,624,839,682,1122,629,1633,708,1250,784,665,1974,1901,2422,4670,31,48,218,307,259,494,239,664,244,382,277,239,813,880,1365,2886,15248,9158,1204,312,4171,3,4,15,9
2021-03-22T23:59:59+01:00,0,0,140,251,606,818,663,1103,618,1600,691,1223,773,651,1942,1876,2411,4654,31,47,217,305,257,492,237,656,243,378,273,235,787,858,1273,2778,15160,8890,1172,300,4008,3,4,13,8
2021-03-21T23:59:59+01:00,0,0,137,249,602,811,659,1100,613,1576,680,1188,766,639,1918,1869,2404,4638,31,47,216,305,256,490,236,655,241,376,271,231,781,855,1264,2769,15125,8856,1151,291,3888,3,4,12,7
2021-03-20T23:59:59+01:00,0,0,135,249,596,808,655,1096,609,1572,678,1186,759,630,1893,1845,2397,4626,31,47,216,305,255,490,235,653,238,370,269,229,770,849,1246,2755,15057,8800,1141,281,3848,3,4,12,7
2021-03-19T23:59:59+01:00,0,0,126,237,589,794,645,1089,605,1553,661,1172,723,585,1833,1803,2367,4605,30,47,216,304,254,490,233,646,235,367,267,223,744,830,1208,2702,14881,8652,1064,266,3750,3,4,11,7
2021-03-18T23:59:59+01:00,0,0,123,232,570,784,625,1057,586,1502,631,1123,686,560,1780,1754,2339,4562,30,47,215,302,252,482,233,641,231,358,265,215,726,818,1175,2658,14685,8520,998,247,3532,3,4,11,7
2021-03-17T23:59:59+01:00,0,0,117,226,559,769,613,1052,576,1489,615,1100,662,535,1734,1719,2318,4523,30,46,215,301,251,479,231,640,230,355,264,213,714,804,1140,2611,14480,8400,947,241,3476,3,4,9,7
2021-03-16T23:59:59+01:00,0,0,112,219,547,757,599,1038,563,1447,598,1072,644,511,1679,1662,2296,4485,30,45,215,299,251,473,229,638,228,354,259,213,698,785,1110,2555,14298,8263,890,237,3331,3,2,9,7
2021-03-15T23:59:59+01:00,0,0,108,212,532,740,587,1015,551,1413,583,1034,624,492,1634,1622,2274,4460,29,45,214,296,251,470,227,636,226,354,251,209,678,773,1085,2519,14135,8159,835,223,3196,3,0,9,7
2021-03-14T23:59:59+01:00,0,0,104,200,523,725,576,993,543,1368,566,989,606,476,1604,1600,2258,4435,29,45,214,294,250,469,226,631,225,349,249,205,674,766,1077,2504,14027,8132,800,194,3019,3,0,9,7
2021-03-13T23:59:59+01:00,0,0,100,190,498,704,547,967,514,1344,542,968,578,467,1577,1573,2250,4427,29,45,214,294,250,469,225,631,225,348,248,205,668,756,1047,2474,13799,8052,786,193,2924,3,0,9,7
2021-03-12T23:59:59+01:00,0,0,91,184,472,675,527,940,490,1309,515,931,546,445,1516,1525,2227,4388,29,45,214,293,250,468,225,631,225,347,244,203,652,744,1021,2447,13483,7960,756,193,2792,3,0,9,6
2021-03-11T23:59:59+01:00,0,0,84,174,439,638,491,908,449,1230,477,867,512,412,1437,1459,2179,4328,29,44,213,290,245,464,223,627,221,344,239,201,636,723,996,2406,13093,7874,703,142,2518,3,0,9,6
2021-03-10T23:59:59+01:00,0,0,82,167,415,613,471,891,430,1194,449,821,480,385,1358,1393,2140,4272,29,44,211,285,241,460,220,621,221,342,233,198,617,715,973,2366,12743,7764,670,125,2374,2,0,9,6
2021-03-09T23:59:59+01:00,0,0,82,163,404,592,443,862,415,1144,431,789,458,366,1305,1359,2099,4227,29,44,210,282,239,452,217,617,217,337,231,197,605,708,954,2335,12513,7680,643,106,2196,2,0,9,6
2021-03-08T23:59:59+01:00,0,0,79,158,391,574,422,844,403,1091,419,747,442,350,1247,1323,2075,4189,29,44,210,281,236,446,213,612,212,333,229,196,592,703,944,2324,12322,7627,606,90,2035,1,0,9,5
2021-03-07T23:59:59+01:00,0,0,76,154,388,564,414,828,391,1077,412,740,438,345,1233,1302,2066,4179,29,44,209,280,236,443,211,611,212,332,228,195,588,700,936,2317,12251,7597,579,88,1983,0,0,8,4
2021-03-06T23:59:59+01:00,0,0,76,147,385,559,407,807,381,1020,404,706,435,344,1226,1290,2051,4164,29,44,209,280,235,442,211,610,212,332,228,195,585,700,934,2303,12192,7588,579,75,1834,0,0,8,4
2021-03-05T23:59:59+01:00,0,0,76,142,381,553,403,799,378,1003,392,680,423,329,1185,1248,2007,4103,29,44,208,279,234,441,210,608,211,329,226,194,580,699,926,2282,11971,7564,557,49,1770,0,0,8,4
2021-03-04T23:59:59+01:00,0,0,75,128,372,519,388,765,358,961,378,650,405,327,1133,1198,1923,4007,28,44,206,274,232,434,208,597,208,328,225,193,578,696,923,2279,11667,7516,523,48,1590,0,0,8,3
2021-03-03T23:59:59+01:00,0,0,68,117,363,503,380,749,353,939,364,630,395,319,1088,1164,1853,3885,28,44,206,273,231,432,205,587,208,322,224,190,572,693,916,2273,11391,7471,496,43,1472,0,0,8,3
2021-03-02T23:59:59+01:00,0,0,65,110,353,490,365,731,342,919,356,602,382,311,1052,1133,1755,3765,27,44,206,273,231,425,200,580,206,319,222,190,570,685,909,2260,11066,7412,472,43,1375,0,0,8,3
2021-03-01T23:59:59+01:00,0,0,64,108,347,476,358,710,330,894,348,567,376,308,1025,1101,1637,3610,27,43,205,272,229,416,198,572,206,315,221,190,567,677,900,2252,10722,7354,451,43,1264,0,0,7,3
2021-02-28T23:59:59+01:00,0,0,64,106,340,468,354,702,328,870,343,547,371,296,1016,1097,1627,3598,27,43,204,271,228,416,198,572,206,315,220,190,566,673,897,2249,10676,7339,440,43,1186,0,0,7,3
2021-02-27T23:59:59+01:00,0,0,61,97,336,460,350,698,322,857,339,537,367,292,1006,1086,1604,3576,27,43,204,270,228,415,197,571,205,314,220,190,566,673,897,2249,10604,7338,427,38,1129,0,0,7,3
2021-02-26T23:59:59+01:00,0,0,59,94,329,437,324,666,300,826,326,516,363,288,981,1066,1560,3514,27,42,204,269,228,413,195,568,203,312,220,190,566,673,896,2246,10440,7320,424,38,951,0,0,7,3
2021-02-25T23:59:59+01:00,0,0,52,81,317,416,313,636,294,798,311,490,353,278,962,1046,1522,3467,27,42,203,266,224,410,192,560,198,311,215,187,555,665,885,2240,10285,7258,410,28,800,0,0,7,3
2021-02-24T23:59:59+01:00,0,0,48,76,308,404,305,623,289,783,307,480,347,277,942,1033,1475,3408,26,42,201,264,221,397,190,552,195,306,213,184,549,659,883,2227,10136,7193,395,20,730,0,0,7,3
2021-02-23T23:59:59+01:00,0,0,45,67,295,388,297,604,282,764,297,470,340,275,912,1014,1434,3335,25,42,200,262,219,392,189,546,191,303,212,183,547,648,877,2207,9957,7130,376,16,638,0,0,7,3
2021-02-22T23:59:59+01:00,0,0,42,64,289,376,293,593,278,753,293,466,332,268,889,999,1404,3299,25,40,196,260,216,379,181,536,185,300,209,180,535,640,870,2190,9834,7037,359,6,596,0,0,6,3
2021-02-21T23:59:59+01:00,0,0,41,63,284,368,290,584,273,745,286,462,329,265,884,994,1397,3289,25,39,194,257,215,377,181,527,185,299,209,180,531,639,862,2177,9805,6991,351,5,547,0,0,5,3
2021-02-20T23:59:59+01:00,0,0,40,63,281,367,290,581,272,739,283,454,328,265,870,982,1364,3257,25,39,194,257,215,377,181,527,183,298,209,180,530,639,860,2176,9717,6984,340,5,525,0,0,5,3
2021-02-19T23:59:59+01:00,0,0,39,63,277,362,284,559,262,713,278,440,324,260,844,965,1329,3227,25,38,194,257,214,376,181,525,182,298,208,179,525,638,855,2159,9607,6948,325,5,436,0,0,4,3
2021-02-18T23:59:59+01:00,0,0,39,59,259,341,276,538,253,692,261,413,320,251,832,944,1304,3195,24,37,190,250,212,370,178,510,180,287,205,174,510,624,818,2092,9515,6754,299,5,302,0,0,4,3
2021-02-17T23:59:59+01:00,0,0,39,57,252,335,272,524,248,679,258,391,315,246,812,933,1275,3148,22,35,187,245,204,356,174,493,175,275,197,170,499,609,799,2053,9382,6583,289,4,246,0,0,4,3
2021-02-16T23:59:59+01:00,0,0,38,52,240,323,269,513,242,664,251,383,309,244,800,923,1249,3116,20,35,178,237,196,337,167,481,171,261,194,163,465,578,764,1985,9286,6321,280,4,181,0,0,4,3
2021-02-15T23:59:59+01:00,0,0,37,51,234,320,262,500,238,658,247,375,305,243,781,914,1237,3097,19,33,171,230,191,329,162,470,165,254,184,157,435,549,728,1914,9220,6080,266,4,144,0,0,4,3
2021-02-14T23:59:59+01:00,0,0,35,51,231,317,260,493,236,652,247,371,305,239,774,908,1228,3078,18,33,169,227,187,324,161,458,163,251,183,154,426,540,710,1870,9197,5962,233,4,126,0,0,3,3
2021-02-13T23:59:59+01:00,0,0,34,51,231,317,258,493,236,651,247,371,305,239,772,907,1227,3077,18,33,167,226,184,324,160,456,162,248,181,151,421,537,702,1854,9190,5914,233,1,124,0,0,3,3
2021-02-12T23:59:59+01:00,0,0,33,49,228,311,255,484,232,640,244,364,304,238,767,906,1224,3067,18,33,165,223,183,323,158,454,160,247,178,147,417,521,671,1788,9162,5776,233,1,80,0,0,3,3
2021-02-11T23:59:59+01:00,0,0,32,48,220,292,248,468,225,616,231,351,300,237,759,889,1199,3034,18,31,149,204,175,292,147,407,154,225,161,131,369,472,608,1621,9091,5246,166,1,19,0,0,3,3
2021-02-10T23:59:59+01:00,0,0,31,48,217,284,245,461,221,607,228,345,294,237,746,886,1191,3024,17,28,136,179,159,255,127,357,143,200,145,123,342,441,546,1495,9034,4766,148,1,7,0,0,3,1
2021-02-09T23:59:59+01:00,0,0,30,47,216,281,243,448,216,599,224,342,290,233,742,879,1182,3011,17,26,120,149,145,234,110,314,129,172,126,114,308,384,491,1337,8979,4241,124,1,3,0,0,3,1
2021-02-08T23:59:59+01:00,0,0,30,47,215,279,237,433,213,587,221,337,285,233,734,872,1176,3004,15,24,103,125,124,191,91,272,120,160,103,105,270,332,429,1201,8912,3724,109,1,3,0,0,2,1
2021-02-07T23:59:59+01:00,0,0,30,46,213,278,235,432,213,584,221,336,285,233,732,868,1171,3001,14,18,98,117,117,180,86,254,114,150,96,101,263,319,413,1151,8891,3547,106,1,0,0,0,2,1
2021-02-06T23:59:59+01:00,0,0,30,46,213,278,235,431,213,584,221,335,284,233,731,868,1170,2989,11,14,97,115,116,176,84,247,114,148,95,100,263,315,402,1136,8888,3486,92,1,0,0,0,2,1
2021-02-05T23:59:59+01:00,0,0,29,45,213,278,235,430,211,581,219,334,283,233,729,868,1158,2962,10,10,89,106,112,173,83,243,108,136,92,98,254,309,377,1107,8868,3357,57,0,0,0,0,2,1
2021-02-04T23:59:59+01:00,0,0,29,45,210,275,231,426,206,575,217,330,280,229,723,861,1149,2948,9,7,62,73,89,129,71,204,88,117,88,85,222,273,333,981,8793,2870,57,0,0,0,0,2,1
2021-02-03T23:59:59+01:00,0,0,29,44,210,273,230,414,203,569,216,327,277,226,713,858,1141,2931,6,4,45,55,70,107,52,158,75,89,63,60,166,200,252,718,8727,2149,50,0,0,0,0,2,1
2021-02-02T23:59:59+01:00,0,0,28,44,209,271,226,408,202,564,213,326,274,225,705,847,1134,2906,3,3,29,38,55,78,41,102,56,66,54,49,119,134,168,474,8647,1488,49,0,0,0,0,2,1
2021-02-01T23:59:59+01:00,0,0,27,42,207,271,223,403,199,558,208,319,272,222,698,844,1129,2894,3,1,23,20,28,46,28,63,32,34,38,31,72,86,97,284,8580,896,49,0,0,0,0,2,1
2021-01-31T23:59:59+01:00,0,0,27,42,206,269,221,399,197,550,207,318,271,222,694,840,1123,2879,3,1,21,15,19,38,21,50,24,30,35,25,57,74,94,254,8528,769,48,0,0,0,0,2,1
2021-01-30T23:59:59+01:00,0,0,27,42,206,269,221,398,196,550,207,318,271,222,693,840,1122,2877,3,1,20,14,17,38,19,46,22,29,34,24,57,71,92,248,8523,742,47,0,0,0,0,2,1
2021-01-29T23:59:59+01:00,0,0,27,42,206,267,220,397,195,549,206,316,271,222,688,837,1116,2869,3,0,17,9,12,32,18,41,18,26,34,23,54,70,90,242,8495,694,43,0,0,0,0,2,1
2021-01-28T23:59:59+01:00,0,0,27,41,199,264,220,391,194,540,203,311,270,222,676,829,1093,2849,3,0,4,3,7,19,10,22,8,12,26,16,37,47,60,172,8405,449,34,0,0,0,0,2,0
2021-01-27T23:59:59+01:00,0,0,26,39,194,259,215,382,192,527,200,301,262,217,662,812,1069,2811,1,0,3,3,6,15,9,19,7,11,25,15,31,41,50,131,8243,369,29,0,0,0,0,2,0
2021-01-26T23:59:59+01:00,0,0,23,39,191,248,209,369,187,509,197,292,256,212,640,795,1041,2760,1,0,2,3,6,15,9,19,7,11,24,12,30,37,49,114,8047,341,24,0,0,0,0,2,0
2021-01-25T23:59:59+01:00,0,0,23,38,182,245,206,359,182,499,192,281,247,207,617,775,1015,2715,1,0,1,3,4,12,8,16,7,10,21,10,26,36,41,103,7877,301,7,0,0,0,0,2,0
2021-01-24T23:59:59+01:00,0,0,22,37,180,241,203,358,181,497,191,279,247,205,613,770,1012,2710,1,0,1,3,3,12,8,16,7,10,21,10,26,36,40,101,7841,297,5,0,0,0,0,2,0
2021-01-23T23:59:59+01:00,0,0,22,37,180,241,201,358,181,496,191,279,247,205,612,770,1004,2697,1,0,1,3,3,11,8,16,6,10,21,10,26,36,40,101,7816,295,5,0,0,0,0,2,0
2021-01-22T23:59:59+01:00,0,0,21,36,178,237,200,358,181,495,190,279,247,203,610,768,976,2655,1,0,1,3,3,11,8,16,6,10,21,10,26,36,40,101,7729,295,5,0,0,0,0,2,0
2021-01-21T23:59:59+01:00,0,0,20,35,169,229,193,340,176,471,188,263,235,198,584,742,940,2602,1,0,1,3,1,6,7,11,4,6,20,8,22,26,35,85,7475,238,5,0,0,0,0,2,0
2021-01-20T23:59:59+01:00,0,0,19,33,154,202,175,300,147,414,174,240,217,187,541,696,871,2401,1,0,1,3,1,6,7,10,4,5,19,7,21,23,31,79,6851,220,4,0,0,0,0,2,0
2021-01-19T23:59:59+01:00,0,0,19,30,129,170,158,268,134,371,158,217,182,166,477,605,773,2127,1,0,1,3,1,6,5,7,2,3,11,3,10,15,22,57,6055,148,3,0,0,0,0,2,0
2021-01-18T23:59:59+01:00,0,0,16,29,114,151,136,225,116,321,141,190,144,151,387,500,638,1786,1,0,1,1,0,3,4,5,1,3,2,1,4,6,10,28,5111,71,3,0,0,0,0,2,0
2021-01-17T23:59:59+01:00,0,0,15,19,109,137,128,212,108,297,133,177,135,137,371,470,588,1683,1,0,0,0,0,1,2,4,1,2,1,1,3,1,2,5,4778,24,3,0,0,0,0,2,0
2021-01-16T23:59:59+01:00,0,0,13,15,105,134,126,207,105,287,131,171,131,133,366,462,571,1655,0,0,0,0,0,0,0,0,0,0,0,0,0,0,0,0,4671,0,0,0,0,0,0,2,0
2021-01-15T23:59:59+01:00,0,0,11,13,100,124,122,202,103,278,129,159,127,130,358,448,540,1611,0,0,0,0,0,0,0,0,0,0,0,0,0,0,0,0,4510,0,0,0,0,0,0,2,0
2021-01-14T23:59:59+01:00,0,0,9,9,75,91,103,165,85,233,112,142,115,109,305,398,475,1395,0,0,0,0,0,0,0,0,0,0,0,0,0,0,0,0,3865,0,0,0,0,0,0,2,0
2021-01-13T23:59:59+01:00,0,0,7,8,62,81,92,138,75,191,102,117,87,80,235,283,377,1065,0,0,0,0,0,0,0,0,0,0,0,0,0,0,0,0,3037,0,0,0,0,0,0,2,0
2021-01-12T23:59:59+01:00,0,0,5,6,53,61,75,108,68,134,80,92,70,64,165,203,274,746,0,0,0,0,0,0,0,0,0,0,0,0,0,0,0,0,2237,0,0,0,0,0,0,0,0
2021-01-11T23:59:59+01:00,0,0,4,4,46,48,62,81,53,107,58,64,50,43,96,123,145,419,0,0,0,0,0,0,0,0,0,0,0,0,0,0,0,0,1427,0,0,0,0,0,0,0,0
2021-01-10T23:59:59+01:00,0,0,3,4,42,36,47,67,39,85,47,55,45,33,79,109,136,365,0,0,0,0,0,0,0,0,0,0,0,0,0,0,0,0,1207,0,0,0,0,0,0,0,0
2021-01-09T23:59:59+01:00,0,0,3,3,39,35,42,64,36,75,41,50,44,33,79,107,133,363,0,0,0,0,0,0,0,0,0,0,0,0,0,0,0,0,1160,0,0,0,0,0,0,0,0
2021-01-08T23:59:59+01:00,0,0,3,2,32,27,35,58,29,62,36,44,42,30,74,104,129,352,0,0,0,0,0,0,0,0,0,0,0,0,0,0,0,0,1069,0,0,0,0,0,0,0,0
2021-01-07T23:59:59+01:00,0,0,3,2,10,3,10,21,12,27,12,21,35,21,52,69,89,250,0,0,0,0,0,0,0,0,0,0,0,0,0,0,0,0,640,0,0,0,0,0,0,0,0
2021-01-06T23:59:59+01:00,0,0,3,0,3,3,5,16,9,20,8,12,31,19,44,58,74,199,0,0,0,0,0,0,0,0,0,0,0,0,0,0,0,0,507,0,0,0,0,0,0,0,0
2021-01-05T23:59:59+01:00,0,0,2,0,2,3,5,15,9,18,8,11,30,18,43,57,71,191,0,0,0,0,0,0,0,0,0,0,0,0,0,0,0,0,486,0,0,0,0,0,0,0,0
2021-01-04T23:59:59+01:00,0,0,1,0,2,3,5,13,8,16,7,10,26,14,34,48,55,145,0,0,0,0,0,0,0,0,0,0,0,0,0,0,0,0,389,0,0,0,0,0,0,0,0
2021-01-03T23:59:59+01:00,0,0,1,0,1,3,4,13,8,16,7,10,26,14,34,48,55,144,0,0,0,0,0,0,0,0,0,0,0,0,0,0,0,0,386,0,0,0,0,0,0,0,0
2021-01-02T23:59:59+01:00,0,0,1,0,1,3,4,13,7,16,6,10,26,14,34,48,55,144,0,0,0,0,0,0,0,0,0,0,0,0,0,0,0,0,384,0,0,0,0,0,0,0,0
2021-01-01T23:59:59+01:00,0,0,1,0,1,3,4,13,7,16,6,10,26,14,34,48,55,144,0,0,0,0,0,0,0,0,0,0,0,0,0,0,0,0,384,0,0,0,0,0,0,0,0
2020-12-31T23:59:59+01:00,0,0,1,0,1,3,4,12,7,16,6,10,26,14,34,48,55,144,0,0,0,0,0,0,0,0,0,0,0,0,0,0,0,0,383,0,0,0,0,0,0,0,0
2020-12-30T23:59:59+01:00,0,0,1,0,1,3,4,12,7,15,6,10,26,14,34,48,55,144,0,0,0,0,0,0,0,0,0,0,0,0,0,0,0,0,382,0,0,0,0,0,0,0,0
2020-12-29T23:59:59+01:00,0,0,1,0,1,3,3,8,5,11,4,7,19,10,25,40,40,117,0,0,0,0,0,0,0,0,0,0,0,0,0,0,0,0,295,0,0,0,0,0,0,0,0
2020-12-28T23:59:59+01:00,0,0,1,0,1,1,1,2,3,6,3,4,11,3,8,15,24,58,0,0,0,0,0,0,0,0,0,0,0,0,0,0,0,0,142,0,0,0,0,0,0,0,0
2020-12-27T23:59:59+01:00,0,0,1,0,0,0,0,1,2,6,1,2,2,1,5,4,5,20,0,0,0,0,0,0,0,0,0,0,0,0,0,0,0,0,50,0,0,0,0,0,0,0,0
