Datum,<15_m,<15_w,15-24_1_m,15-24_1_w,25-34_1_m,25-34_1_w,35-44_1_m,35-44_1_w,45-54_1_m,45-54_1_w,55-64_1_m,55-64_1_w,65-74_1_m,65-74_1_w,75-84_1_m,75-84_1_w,>84_1_m,>84_1_w,<24_2_m,<24_2_w,25-34_2_m,25-34_2_w,35-44_2_m,35-44_2_w,45-54_2_m,45-54_2_w,55-64_2_m,55-64_2_w,65-74_2_m,65-74_2_w,75-84_2_m,75-84_2_w,>84_2_m,>84_2_w,bp_1,bp_2,mo_1,mo_2,az_1,az_2,ja,unb_1,unb_2
2021-08-27T23:59:59+02:00,156,172,3300,2981,8675,6201,8334,5712,7415,7803,5473,5818,2754,2868,3245,3305,2745,5178,2719,2444,7498,5391,7522,5101,6721,7066,4878,5281,2172,2464,2421,2605,1984,3850,55664,46600,8260,7133,9642,7634,9554,37,33
2021-08-26T23:59:59+02:00,156,170,3262,2963,8618,6181,8296,5698,7395,7782,5459,5807,2752,2865,3245,3305,2745,5177,2685,2422,7448,5364,7469,5073,6687,7044,4850,5266,2168,2460,2421,2604,1984,3850,55523,46421,8253,7115,9642,7614,9443,37,33
2021-08-25T23:59:59+02:00,153,169,3233,2950,8576,6152,8262,5682,7364,7758,5447,5785,2748,2860,3245,3302,2744,5177,2638,2397,7382,5320,7417,5039,6645,7002,4833,5242,2166,2456,2421,2601,1983,3850,55393,46162,8250,7107,9641,7608,9308,37,33
2021-08-24T23:59:59+02:00,152,167,3222,2936,8550,6132,8244,5663,7345,7738,5440,5774,2746,2859,3244,3299,2744,5176,2613,2374,7341,5287,7385,5015,6615,6971,4817,5224,2165,2454,2421,2600,1983,3850,55305,45982,8244,7094,9641,7604,9226,37,33
2021-08-23T23:59:59+02:00,150,160,3173,2913,8499,6107,8206,5642,7315,7710,5426,5759,2744,2858,3243,3298,2744,5175,2585,2356,7289,5250,7347,4999,6578,6940,4801,5207,2161,2453,2420,2599,1982,3850,55133,45818,8234,7081,9638,7603,9101,37,33
2021-08-22T23:59:59+02:00,149,160,3161,2903,8482,6087,8192,5634,7297,7701,5420,5752,2741,2855,3243,3298,2744,5175,2569,2347,7256,5225,7325,4983,6555,6923,4797,5198,2156,2448,2420,2599,1981,3850,55056,45687,8228,7072,9637,7600,9057,37,33
2021-08-21T23:59:59+02:00,147,159,3146,2898,8469,6078,8181,5629,7291,7695,5416,5746,2740,2855,3243,3297,2744,5175,2558,2339,7235,5208,7305,4972,6542,6916,4788,5192,2155,2446,2419,2598,1981,3850,54992,45601,8225,7047,9637,7598,9039,37,33
2021-08-20T23:59:59+02:00,146,157,3129,2886,8435,6055,8150,5611,7270,7672,5405,5733,2739,2852,3243,3296,2744,5173,2522,2325,7182,5168,7266,4945,6501,6877,4771,5169,2151,2441,2419,2595,1981,3848,54914,45425,8212,7006,9636,7587,8917,37,33
2021-08-19T23:59:59+02:00,146,154,3104,2867,8378,6026,8113,5586,7248,7648,5391,5718,2733,2849,3242,3295,2744,5172,2473,2301,7096,5117,7201,4906,6454,6819,4741,5136,2147,2437,2418,2595,1981,3848,54769,45082,8200,6978,9634,7578,8793,37,33
2021-08-18T23:59:59+02:00,145,152,3082,2856,8344,6005,8080,5568,7215,7633,5379,5711,2728,2846,3241,3295,2743,5171,2439,2284,7021,5083,7138,4872,6408,6789,4715,5110,2143,2433,2415,2595,1981,3847,54632,44830,8194,6916,9633,7569,8716,37,33
2021-08-17T23:59:59+02:00,145,151,3064,2840,8312,5981,8050,5556,7206,7612,5367,5700,2725,2844,3240,3294,2742,5171,2407,2259,6953,5035,7088,4836,6379,6751,4694,5089,2136,2427,2414,2592,1980,3847,54513,44547,8184,6877,9632,7562,8651,37,33
2021-08-16T23:59:59+02:00,142,149,3054,2826,8282,5966,8030,5547,7192,7596,5355,5687,2725,2844,3239,3293,2742,5171,2374,2223,6874,4990,7016,4802,6326,6710,4664,5064,2134,2425,2411,2589,1980,3847,54420,44167,8179,6863,9632,7552,8589,37,33
2021-08-15T23:59:59+02:00,142,148,3047,2816,8252,5953,8011,5536,7174,7585,5350,5680,2724,2842,3239,3292,2742,5171,2346,2182,6817,4954,6972,4768,6289,6678,4653,5051,2130,2420,2410,2587,1980,3847,54330,43878,8174,6841,9631,7548,8549,37,33
2021-08-14T23:59:59+02:00,141,148,3043,2810,8242,5948,8002,5535,7174,7582,5347,5678,2722,2841,3239,3291,2742,5171,2339,2172,6789,4940,6957,4757,6279,6661,4634,5041,2127,2417,2410,2585,1980,3846,54310,43769,8173,6828,9631,7546,8522,37,33
2021-08-13T23:59:59+02:00,139,147,3023,2802,8216,5932,7990,5521,7159,7572,5335,5670,2721,2836,3239,3290,2742,5171,2300,2147,6737,4901,6915,4721,6243,6635,4617,5026,2126,2411,2408,2585,1980,3846,54223,43514,8171,6806,9631,7545,8460,37,33
2021-08-12T23:59:59+02:00,136,141,3006,2790,8180,5909,7957,5502,7138,7547,5321,5657,2720,2834,3237,3290,2742,5171,2262,2112,6643,4844,6858,4681,6196,6582,4590,4995,2122,2408,2404,2584,1980,3846,54105,43168,8166,6780,9630,7524,8357,37,33
2021-08-11T23:59:59+02:00,133,138,2988,2776,8141,5884,7927,5488,7117,7533,5311,5640,2718,2831,3237,3289,2742,5171,2229,2081,6553,4790,6773,4632,6142,6522,4566,4953,2114,2399,2403,2582,1980,3845,53971,42731,8157,6743,9627,7515,8289,37,33
2021-08-10T23:59:59+02:00,133,137,2971,2762,8097,5866,7901,5474,7087,7517,5298,5633,2715,2831,3237,3287,2742,5170,2155,2023,6428,4725,6679,4567,6051,6451,4522,4930,2108,2390,2400,2581,1980,3844,53854,42113,8149,6721,9626,7499,8209,37,33
2021-08-09T23:59:59+02:00,132,136,2953,2757,8064,5843,7871,5463,7064,7498,5287,5621,2714,2830,3237,3287,2742,5169,2100,1973,6324,4656,6577,4520,5983,6397,4494,4894,2102,2381,2399,2579,1980,3844,53766,41646,8141,6667,9626,7478,8115,37,33
2021-08-08T23:59:59+02:00,132,134,2937,2746,8041,5827,7851,5451,7053,7488,5280,5617,2711,2830,3237,3287,2742,5169,2074,1945,6257,4608,6519,4491,5945,6373,4480,4879,2092,2376,2397,2577,1980,3844,53695,41385,8140,6625,9623,7472,8055,37,33
2021-08-07T23:59:59+02:00,131,133,2929,2739,8011,5813,7833,5444,7045,7479,5276,5612,2709,2830,3237,3287,2742,5169,2036,1922,6174,4555,6458,4456,5909,6334,4463,4865,2089,2375,2397,2574,1980,3844,53628,41050,8136,6597,9623,7463,8012,37,33
2021-08-06T23:59:59+02:00,130,132,2914,2728,7980,5800,7804,5422,7024,7456,5266,5599,2705,2828,3237,3286,2742,5169,1999,1877,6068,4479,6384,4417,5866,6290,4445,4845,2087,2372,2396,2571,1980,3844,53570,40691,8115,6564,9623,7451,7894,37,33
2021-08-05T23:59:59+02:00,128,131,2882,2712,7946,5777,7765,5397,7001,7435,5246,5573,2701,2825,3234,3283,2742,5168,1948,1826,5929,4375,6267,4354,5797,6226,4408,4800,2079,2364,2393,2569,1980,3844,53421,40191,8107,6467,9620,7394,7777,37,33
2021-08-04T23:59:59+02:00,124,127,2813,2683,7858,5738,7716,5368,6968,7397,5228,5559,2695,2821,3232,3282,2742,5168,1866,1792,5790,4299,6131,4300,5728,6160,4378,4758,2068,2358,2388,2566,1980,3843,53190,39699,8090,6412,9619,7358,7597,37,33
2021-08-03T23:59:59+02:00,121,127,2790,2663,7827,5720,7678,5349,6943,7372,5217,5547,2691,2819,3231,3279,2742,5168,1833,1762,5694,4230,6029,4249,5657,6101,4338,4719,2063,2353,2387,2564,1980,3843,53033,39231,8085,6370,9617,7333,7525,37,33
2021-08-02T23:59:59+02:00,121,127,2768,2642,7783,5691,7651,5340,6918,7358,5199,5538,2689,2814,3230,3278,2741,5168,1804,1732,5572,4141,5919,4183,5588,6052,4289,4686,2057,2340,2385,2558,1979,3842,52881,38678,8077,6332,9617,7311,7456,37,33
2021-08-01T23:59:59+02:00,120,125,2752,2630,7747,5667,7638,5327,6907,7349,5193,5532,2686,2813,3228,3278,2741,5168,1786,1713,5494,4099,5855,4135,5545,6029,4271,4666,2054,2337,2383,2555,1979,3842,52787,38394,8064,6301,9616,7286,7407,37,33
2021-07-31T23:59:59+02:00,118,124,2746,2623,7729,5659,7631,5322,6903,7339,5192,5531,2684,2813,3228,3278,2741,5168,1747,1669,5396,4037,5794,4089,5492,5993,4243,4641,2051,2334,2383,2554,1979,3842,52748,37926,8059,6284,9616,7282,7379,37,33
2021-07-30T23:59:59+02:00,115,121,2735,2615,7703,5644,7618,5300,6884,7327,5185,5523,2683,2812,3228,3277,2741,5168,1726,1651,5312,3995,5728,4032,5433,5946,4217,4624,2046,2332,2382,2551,1979,3842,52665,37568,8053,6255,9616,7273,7318,37,33
2021-07-29T23:59:59+02:00,113,120,2700,2597,7646,5599,7575,5254,6855,7287,5161,5501,2682,2807,3226,3276,2741,5168,1686,1621,5188,3897,5595,3962,5345,5855,4170,4568,2038,2322,2379,2549,1978,3842,52455,36992,8038,6200,9611,7236,7176,37,33
2021-07-28T23:59:59+02:00,111,118,2678,2584,7606,5560,7544,5230,6830,7265,5146,5490,2679,2806,3224,3273,2740,5167,1648,1577,5086,3820,5479,3896,5253,5780,4134,4533,2026,2314,2377,2547,1978,3840,52262,36424,8027,6142,9607,7197,7127,37,33
2021-07-27T23:59:59+02:00,108,116,2661,2567,7560,5537,7508,5212,6810,7246,5133,5475,2678,2804,3224,3272,2739,5167,1604,1547,4947,3734,5354,3817,5163,5708,4090,4481,2020,2301,2376,2544,1977,3840,52126,35839,8009,6058,9606,7156,7048,37,33
2021-07-26T23:59:59+02:00,107,113,2635,2551,7527,5515,7474,5195,6783,7226,5128,5462,2674,2804,3223,3272,2739,5167,1569,1492,4805,3672,5245,3753,5089,5632,4036,4446,2016,2287,2375,2538,1977,3839,51981,35282,7988,5985,9603,7107,6992,37,33
2021-07-25T23:59:59+02:00,103,110,2620,2529,7488,5491,7440,5183,6763,7205,5119,5457,2672,2801,3222,3271,2739,5166,1549,1464,4749,3629,5190,3723,5041,5593,4006,4422,2012,2282,2374,2538,1977,3839,51825,35005,7979,5953,9600,7076,6943,37,33
2021-07-24T23:59:59+02:00,103,109,2605,2521,7456,5475,7415,5170,6746,7190,5111,5452,2671,2798,3222,3271,2739,5166,1530,1445,4703,3609,5116,3678,4999,5566,3985,4414,2011,2280,2373,2536,1977,3838,51743,34812,7957,5867,9599,7076,6888,37,33
2021-07-23T23:59:59+02:00,100,107,2576,2494,7401,5449,7383,5146,6713,7165,5089,5441,2669,2795,3220,3271,2739,5166,1475,1413,4564,3509,4979,3600,4926,5497,3937,4381,2010,2272,2372,2532,1976,3838,51561,34174,7951,5840,9597,7056,6781,37,33
2021-07-22T23:59:59+02:00,98,104,2542,2465,7312,5405,7330,5106,6662,7119,5055,5417,2662,2789,3218,3270,2739,5164,1416,1372,4402,3436,4827,3528,4777,5415,3851,4329,1997,2262,2367,2530,1976,3837,51229,33539,7932,5693,9586,6985,6671,37,33
2021-07-21T23:59:59+02:00,97,100,2508,2447,7243,5368,7271,5065,6601,7080,5034,5391,2655,2783,3216,3267,2739,5162,1387,1329,4280,3352,4686,3465,4668,5306,3780,4285,1984,2250,2364,2529,1976,3835,50962,33065,7881,5483,9580,6924,6562,37,33
2021-07-20T23:59:59+02:00,96,99,2486,2419,7185,5337,7235,5032,6562,7035,5004,5373,2652,2778,3215,3267,2739,5162,1352,1298,4163,3286,4597,3417,4578,5228,3725,4254,1980,2240,2363,2528,1976,3834,50699,32599,7870,5410,9578,6874,6486,37,33
2021-07-19T23:59:59+02:00,95,99,2461,2392,7130,5295,7185,5011,6524,7003,4983,5357,2647,2773,3214,3263,2739,5161,1331,1276,4087,3239,4515,3384,4499,5164,3691,4230,1976,2234,2359,2525,1975,3834,50414,32299,7856,5292,9577,6831,6441,37,33
2021-07-18T23:59:59+02:00,95,97,2432,2363,7058,5248,7142,4979,6487,6962,4965,5347,2640,2767,3212,3263,2738,5160,1315,1256,4042,3197,4475,3354,4450,5143,3655,4215,1970,2224,2358,2525,1975,3832,50089,32097,7840,5218,9573,6805,6407,37,32
2021-07-17T23:59:59+02:00,93,93,2415,2349,7039,5234,7123,4961,6467,6944,4945,5336,2636,2766,3212,3262,2738,5159,1303,1243,4008,3163,4432,3334,4410,5111,3626,4203,1964,2221,2358,2523,1975,3832,49974,31939,7831,5163,9572,6796,6348,37,32
2021-07-16T23:59:59+02:00,93,90,2375,2321,6976,5200,7064,4927,6421,6901,4913,5308,2629,2760,3210,3261,2738,5159,1265,1219,3905,3113,4339,3292,4322,5052,3565,4155,1950,2210,2352,2521,1975,3831,49792,31590,7802,5136,9558,6727,6144,37,32
2021-07-15T23:59:59+02:00,90,85,2332,2290,6899,5162,7002,4885,6371,6847,4896,5281,2626,2754,3207,3258,2738,5159,1213,1187,3704,3000,4156,3188,4170,4953,3502,4093,1941,2201,2349,2516,1975,3831,49449,30893,7784,4908,9552,6660,6042,37,32
2021-07-14T23:59:59+02:00,88,83,2295,2272,6827,5128,6926,4850,6316,6802,4875,5257,2618,2748,3204,3256,2738,5159,1166,1149,3586,2913,4053,3125,4065,4883,3459,4048,1928,2193,2348,2513,1975,3831,49127,30418,7768,4810,9549,6586,5939,37,32
2021-07-13T23:59:59+02:00,85,77,2264,2240,6768,5096,6861,4812,6274,6755,4852,5239,2610,2742,3202,3256,2738,5159,1132,1118,3484,2835,3927,3058,3977,4795,3405,3986,1901,2186,2345,2508,1974,3829,48798,29938,7760,4676,9548,6491,5865,36,32
2021-07-12T23:59:59+02:00,79,75,2236,2214,6698,5051,6792,4766,6223,6716,4827,5212,2605,2739,3199,3255,2738,5159,1102,1096,3385,2760,3815,2992,3871,4713,3354,3939,1890,2175,2340,2498,1974,3829,48451,29490,7747,4557,9544,6410,5781,36,31
2021-07-11T23:59:59+02:00,74,74,2225,2199,6662,5033,6762,4745,6193,6698,4818,5203,2602,2734,3197,3255,2737,5159,1093,1080,3342,2718,3756,2963,3818,4686,3332,3924,1881,2163,2337,2494,1974,3829,48339,29312,7726,4524,9542,6354,5701,36,31
2021-07-10T23:59:59+02:00,72,73,2202,2164,6582,4983,6698,4711,6143,6661,4792,5192,2599,2731,3197,3252,2737,5158,1076,1060,3286,2675,3708,2933,3781,4655,3316,3912,1875,2156,2337,2492,1974,3829,48082,29133,7704,4522,9526,6338,5569,36,31
2021-07-09T23:59:59+02:00,71,71,2179,2141,6509,4941,6647,4685,6093,6625,4774,5171,2597,2726,3196,3251,2737,5158,1055,1043,3228,2629,3657,2898,3731,4620,3288,3885,1872,2141,2335,2491,1974,3829,47850,28923,7669,4492,9519,6282,5463,36,31
2021-07-08T23:59:59+02:00,67,68,2121,2094,6408,4875,6540,4627,6027,6560,4738,5137,2589,2717,3193,3247,2737,5158,979,991,3061,2541,3463,2826,3556,4525,3213,3817,1855,2125,2333,2482,1973,3828,47514,28435,7591,4204,9485,6157,5239,36,31
2021-07-07T23:59:59+02:00,67,67,2049,2047,6285,4799,6433,4569,5952,6501,4702,5089,2583,2707,3188,3242,2737,5158,928,955,2912,2462,3292,2747,3397,4417,3155,3753,1836,2096,2325,2474,1973,3826,47002,27885,7544,3962,9466,6075,5084,36,31
2021-07-06T23:59:59+02:00,65,67,2001,2009,6172,4743,6340,4526,5895,6432,4658,5053,2577,2701,3184,3237,2737,5158,891,918,2799,2365,3201,2686,3320,4323,3095,3698,1810,2065,2320,2467,1973,3826,46549,27380,7496,3857,9450,5990,4980,36,31
2021-07-05T23:59:59+02:00,63,67,1927,1959,6026,4666,6227,4484,5825,6377,4616,5013,2573,2694,3182,3235,2737,5156,845,876,2690,2291,3123,2638,3241,4250,3047,3641,1789,2046,2313,2458,1972,3823,46063,26999,7452,3783,9425,5905,4802,36,31
2021-07-04T23:59:59+02:00,63,66,1881,1922,5936,4623,6182,4454,5783,6357,4598,4990,2570,2692,3182,3233,2737,5155,806,852,2628,2238,3086,2614,3211,4216,3023,3618,1774,2022,2310,2457,1971,3823,45848,26860,7413,3726,9397,5827,4679,36,31
2021-07-03T23:59:59+02:00,60,52,1778,1845,5724,4466,6031,4365,5695,6266,4550,4953,2568,2689,3182,3229,2737,5155,764,827,2562,2191,3036,2592,3173,4170,2992,3588,1768,2015,2309,2453,1971,3821,45013,26686,7380,3724,9389,5798,4465,36,31
2021-07-02T23:59:59+02:00,54,44,1739,1801,5646,4420,5984,4330,5675,6240,4537,4935,2567,2683,3181,3228,2736,5155,743,800,2490,2142,2966,2552,3129,4121,2962,3548,1750,1998,2305,2447,1971,3819,44735,26399,7345,3698,9384,5698,4386,36,31
2021-07-01T23:59:59+02:00,47,37,1691,1764,5538,4349,5893,4282,5597,6169,4509,4905,2563,2678,3180,3227,2736,5154,676,761,2298,2066,2779,2465,2953,4007,2863,3461,1720,1974,2296,2434,1970,3817,44314,25633,7285,3494,9369,5591,4244,36,31
2021-06-30T23:59:59+02:00,47,35,1641,1712,5417,4260,5793,4232,5538,6120,4497,4881,2559,2670,3178,3224,2736,5154,640,724,2193,1999,2668,2413,2844,3918,2801,3384,1700,1942,2287,2422,1969,3816,43884,25168,7223,3379,9352,5466,4124,36,31
2021-06-29T23:59:59+02:00,46,32,1585,1634,5304,4168,5697,4178,5484,6060,4469,4852,2554,2665,3177,3223,2735,5153,611,684,2114,1919,2589,2349,2744,3801,2740,3333,1684,1908,2274,2408,1968,3813,43357,24681,7193,3305,9344,5356,4006,36,31
2021-06-28T23:59:59+02:00,44,30,1550,1576,5188,4105,5629,4122,5439,6017,4441,4827,2550,2657,3176,3221,2735,5153,594,659,2017,1855,2511,2294,2673,3719,2694,3286,1666,1889,2266,2402,1968,3810,42954,24365,7132,3165,9332,5259,3920,36,31
2021-06-27T23:59:59+02:00,43,29,1519,1550,5138,4064,5582,4090,5396,5998,4430,4816,2547,2653,3176,3220,2735,5153,574,642,1966,1810,2474,2274,2628,3681,2664,3269,1656,1874,2265,2392,1968,3810,42765,24219,7095,3110,9311,5174,3846,36,31
2021-06-26T23:59:59+02:00,34,24,1487,1522,5065,4018,5489,4046,5355,5963,4409,4802,2547,2651,3176,3218,2735,5153,568,632,1934,1789,2438,2255,2606,3659,2643,3248,1634,1864,2264,2390,1968,3810,42401,23999,7010,3107,9311,5150,3846,35,31
2021-06-25T23:59:59+02:00,28,16,1451,1480,4953,3939,5435,4017,5320,5937,4384,4791,2543,2648,3174,3217,2735,5153,559,607,1887,1767,2377,2188,2509,3520,2597,3147,1626,1842,2260,2387,1966,3809,41964,23544,6975,3081,9310,4970,3844,35,31
2021-06-24T23:59:59+02:00,21,13,1399,1430,4765,3825,5309,3966,5223,5894,4340,4760,2538,2645,3174,3216,2734,5153,520,585,1775,1700,2209,2121,2347,3440,2486,3052,1593,1819,2250,2381,1965,3806,41317,23033,6920,2773,9301,4885,3734,35,31
2021-06-23T23:59:59+02:00,21,13,1368,1396,4682,3770,5224,3915,5170,5848,4316,4725,2528,2638,3170,3214,2733,5152,486,567,1709,1641,2108,2074,2229,3349,2383,2958,1569,1795,2244,2374,1964,3804,40889,22487,6866,2698,9296,4740,3698,35,31
2021-06-22T23:59:59+02:00,20,13,1341,1375,4607,3705,5142,3867,5124,5802,4288,4699,2524,2632,3170,3213,2732,5152,471,549,1651,1600,2024,2019,2148,3239,2277,2862,1556,1772,2235,2362,1964,3800,40479,22059,6819,2580,9292,4580,3672,35,30
2021-06-21T23:59:59+02:00,19,13,1312,1334,4492,3620,5061,3823,5058,5740,4261,4681,2520,2618,3169,3208,2731,5150,455,533,1616,1566,1990,1978,2098,3159,2210,2782,1533,1736,2213,2339,1964,3796,39957,21767,6776,2484,9289,4436,3639,35,30
2021-06-20T23:59:59+02:00,18,11,1288,1303,4420,3559,5017,3804,5023,5720,4238,4669,2516,2616,3168,3208,2730,5150,439,518,1582,1537,1965,1954,2063,3132,2161,2741,1526,1721,2211,2333,1964,3795,39679,21578,6746,2447,9276,4371,3602,35,29
2021-06-19T23:59:59+02:00,17,11,1277,1284,4378,3528,4997,3777,4991,5696,4220,4660,2513,2614,3168,3207,2729,5150,434,514,1565,1520,1949,1926,2050,3108,2136,2705,1518,1713,2208,2330,1962,3794,39515,21421,6683,2418,9276,4362,3581,35,29
2021-06-18T23:59:59+02:00,12,8,1259,1264,4308,3486,4947,3740,4941,5656,4196,4648,2509,2610,3167,3205,2729,5150,421,504,1544,1503,1923,1894,2005,3059,2080,2644,1505,1697,2208,2325,1961,3791,39194,21109,6636,2415,9275,4317,3567,35,29
2021-06-17T23:59:59+02:00,10,7,1215,1228,4148,3416,4760,3666,4769,5564,4136,4603,2503,2607,3167,3204,2728,5150,387,487,1446,1470,1747,1832,1844,2965,1978,2564,1482,1675,2197,2313,1959,3789,38593,20641,6575,2309,9267,4240,3281,33,29
2021-06-16T23:59:59+02:00,10,7,1190,1195,4044,3333,4662,3614,4663,5495,4091,4573,2495,2603,3166,3200,2727,5149,371,466,1387,1434,1684,1801,1763,2885,1914,2491,1467,1648,2184,2300,1959,3785,38111,20240,6452,2241,9257,4162,3226,33,29
2021-06-15T23:59:59+02:00,10,7,1157,1162,3907,3251,4593,3558,4588,5422,4050,4541,2485,2596,3161,3198,2727,5148,361,443,1337,1387,1637,1760,1694,2827,1845,2420,1450,1618,2179,2286,1958,3784,37569,19917,6415,2155,9245,4090,3149,33,29
2021-06-14T23:59:59+02:00,10,5,1131,1128,3816,3199,4509,3502,4509,5352,3998,4508,2481,2586,3161,3194,2726,5147,351,430,1298,1354,1591,1729,1648,2770,1786,2367,1438,1592,2174,2279,1957,3782,37112,19673,6326,2088,9239,4011,3095,32,29
2021-06-13T23:59:59+02:00,10,5,1116,1114,3765,3156,4452,3458,4460,5314,3979,4493,2480,2580,3160,3193,2726,5145,345,423,1265,1337,1556,1704,1605,2734,1747,2324,1423,1571,2168,2268,1957,3780,36853,19484,6290,2066,9234,3936,3035,32,29
2021-06-12T23:59:59+02:00,10,4,1099,1092,3737,3130,4423,3436,4443,5300,3963,4483,2477,2577,3159,3192,2726,5144,341,421,1257,1320,1532,1680,1578,2714,1701,2302,1412,1560,2156,2265,1957,3780,36666,19319,6278,2066,9234,3878,3021,32,29
2021-06-11T23:59:59+02:00,8,4,1081,1079,3697,3085,4349,3408,4404,5264,3937,4472,2476,2573,3158,3190,2726,5143,331,409,1236,1287,1506,1660,1532,2664,1645,2255,1402,1545,2154,2260,1957,3779,36373,19067,6251,2058,9230,3802,2998,32,29
2021-06-10T23:59:59+02:00,7,4,1021,1037,3577,3003,4219,3326,4303,5195,3881,4437,2473,2565,3156,3188,2725,5143,315,397,1176,1251,1439,1599,1467,2593,1556,2150,1369,1511,2149,2250,1956,3776,35796,18637,6117,2051,9212,3646,2916,32,29
2021-06-09T23:59:59+02:00,7,2,972,1005,3447,2907,4079,3268,4211,5117,3837,4395,2469,2559,3153,3185,2725,5143,297,381,1114,1216,1371,1571,1405,2511,1480,2075,1343,1453,2141,2236,1955,3773,35308,18315,5951,1998,9209,3515,2785,32,29
2021-06-08T23:59:59+02:00,6,2,924,966,3318,2823,3956,3182,4110,5031,3781,4368,2461,2554,3150,3182,2724,5141,284,360,1071,1177,1314,1539,1351,2452,1432,2001,1319,1417,2130,2218,1951,3769,34756,18075,5815,1951,9199,3377,2667,32,28
2021-06-07T23:59:59+02:00,5,2,896,940,3213,2748,3823,3145,3986,4958,3731,4340,2447,2548,3149,3180,2724,5139,275,353,1025,1138,1258,1517,1306,2398,1363,1948,1304,1396,2114,2201,1950,3760,34377,17903,5636,1916,9191,3245,2519,32,28
2021-06-06T23:59:59+02:00,5,2,877,930,3155,2707,3736,3098,3913,4928,3697,4326,2444,2542,3147,3179,2722,5138,268,340,1011,1112,1227,1486,1282,2340,1331,1889,1288,1380,2107,2194,1948,3757,34164,17797,5501,1868,9185,3131,2436,32,28
2021-06-05T23:59:59+02:00,5,2,862,911,3085,2649,3689,3070,3877,4904,3684,4322,2443,2540,3147,3178,2722,5137,263,333,995,1091,1205,1465,1257,2311,1296,1869,1270,1356,2105,2190,1948,3757,33890,17633,5496,1864,9179,3082,2397,32,27
2021-06-04T23:59:59+02:00,3,2,839,895,3032,2599,3614,3029,3807,4848,3655,4303,2439,2537,3144,3178,2722,5137,253,326,975,1059,1184,1451,1223,2274,1262,1833,1252,1332,2095,2185,1948,3755,33569,17472,5450,1859,9176,3024,2315,32,27
2021-06-03T23:59:59+02:00,3,2,794,864,2877,2501,3431,2923,3628,4732,3562,4230,2431,2527,3140,3173,2722,5137,242,313,942,1023,1127,1398,1156,2182,1202,1769,1215,1287,2085,2171,1948,3753,32892,17250,5222,1844,9161,2861,2112,32,27
2021-06-02T23:59:59+02:00,3,2,765,856,2804,2422,3364,2869,3563,4667,3519,4204,2429,2523,3140,3172,2722,5137,227,308,922,992,1074,1368,1106,2137,1150,1720,1200,1248,2081,2168,1948,3753,32534,17035,5205,1830,9160,2822,1961,32,27
2021-06-01T23:59:59+02:00,3,2,720,828,2642,2311,3173,2768,3384,4550,3455,4142,2418,2515,3137,3166,2722,5137,214,295,843,943,975,1304,1017,2019,1095,1645,1166,1191,2072,2156,1946,3748,31929,16757,4986,1790,9149,2627,1688,32,27
2021-05-31T23:59:59+02:00,3,2,686,806,2515,2229,3035,2674,3269,4450,3395,4093,2412,2502,3135,3161,2722,5136,200,282,795,901,907,1254,967,1938,1052,1587,1144,1160,2066,2151,1944,3746,31539,16583,4757,1775,9130,2492,1469,32,27
2021-05-30T23:59:59+02:00,3,2,676,793,2460,2179,2961,2637,3212,4405,3375,4071,2408,2497,3134,3160,2721,5134,191,263,756,863,853,1209,922,1873,1029,1535,1130,1144,2060,2141,1944,3744,31389,16485,4695,1765,9119,2336,1291,32,27
2021-05-29T23:59:59+02:00,3,1,674,791,2445,2162,2938,2625,3195,4387,3365,4062,2407,2496,3134,3160,2721,5134,188,253,750,853,835,1185,904,1821,1012,1498,1116,1125,2059,2133,1943,3744,31264,16387,4693,1765,9117,2195,1290,32,27
2021-05-28T23:59:59+02:00,3,1,667,781,2414,2127,2893,2600,3170,4369,3353,4046,2407,2492,3132,3154,2721,5134,185,245,739,842,825,1165,894,1781,977,1454,1093,1095,2056,2125,1942,3742,31038,16207,4683,1763,9113,2119,1286,32,27
2021-05-27T23:59:59+02:00,3,1,624,760,2287,2072,2759,2527,3035,4292,3270,3993,2398,2478,3131,3152,2721,5131,171,229,676,791,749,1109,813,1683,911,1368,1071,1063,2042,2104,1941,3740,30555,15990,4552,1722,9080,1869,1089,32,26
2021-05-26T23:59:59+02:00,3,1,595,735,2188,2008,2600,2469,2908,4227,3215,3941,2387,2466,3126,3145,2718,5125,165,211,639,752,703,1073,766,1614,865,1311,1054,1034,2023,2070,1936,3734,30160,15760,4320,1709,9051,1730,958,32,26
2021-05-25T23:59:59+02:00,3,1,572,719,2105,1951,2501,2427,2801,4144,3164,3905,2374,2457,3123,3140,2717,5121,155,203,620,723,670,1039,720,1554,813,1250,1030,1011,1993,2035,1935,3729,29808,15530,4140,1670,9010,1594,893,31,24
2021-05-24T23:59:59+02:00,3,1,559,698,2050,1911,2426,2396,2732,4091,3111,3863,2362,2449,3117,3139,2714,5120,151,195,601,705,643,1007,682,1492,789,1196,1009,993,1987,2031,1930,3728,29626,15424,3968,1657,8974,1470,794,31,24
2021-05-23T23:59:59+02:00,3,1,556,696,2036,1900,2414,2382,2721,4078,3100,3849,2358,2446,3117,3137,2714,5120,150,194,597,699,636,1003,666,1479,777,1188,1003,987,1982,2027,1928,3724,29516,15344,3965,1650,8973,1460,792,31,24
2021-05-22T23:59:59+02:00,3,1,551,686,2013,1881,2382,2365,2697,4048,3071,3821,2349,2441,3115,3134,2714,5119,147,186,590,694,632,993,653,1473,771,1179,990,980,1974,2012,1928,3724,29286,15274,3964,1650,8971,1422,783,31,24
2021-05-21T23:59:59+02:00,3,1,539,668,1932,1850,2294,2320,2632,3998,3028,3773,2342,2427,3112,3133,2714,5117,147,183,584,687,620,983,639,1461,751,1159,973,951,1962,2006,1928,3723,28819,15172,3937,1648,8954,1360,780,31,24
2021-05-20T23:59:59+02:00,3,1,501,647,1800,1780,2165,2246,2509,3902,2944,3686,2323,2413,3103,3125,2712,5114,140,174,556,652,587,944,611,1402,720,1097,946,917,1950,1991,1926,3720,28152,15037,3821,1632,8880,1153,708,31,24
2021-05-19T23:59:59+02:00,3,1,461,612,1694,1706,2029,2180,2372,3806,2840,3589,2303,2393,3096,3118,2706,5113,127,166,529,632,555,910,582,1351,692,1036,925,896,1930,1961,1919,3716,27412,14860,3750,1611,8838,1057,590,31,24
2021-05-18T23:59:59+02:00,3,0,437,590,1618,1646,1932,2121,2258,3684,2743,3489,2291,2373,3088,3110,2705,5109,119,159,505,612,533,877,565,1274,674,973,908,869,1916,1941,1915,3709,26903,14723,3578,1571,8782,951,491,31,24
2021-05-17T23:59:59+02:00,3,0,416,578,1562,1611,1879,2068,2182,3575,2689,3416,2272,2353,3077,3102,2703,5104,114,151,485,598,523,842,552,1210,661,918,888,835,1911,1930,1914,3704,26597,14633,3431,1534,8716,853,399,31,23
2021-05-16T23:59:59+02:00,3,0,412,577,1534,1582,1849,2045,2138,3522,2630,3357,2258,2344,3074,3098,2703,5103,111,149,477,579,514,826,538,1160,641,876,859,804,1905,1925,1914,3703,26411,14573,3363,1497,8678,764,326,31,23
2021-05-15T23:59:59+02:00,3,0,407,572,1508,1565,1830,2026,2118,3498,2603,3319,2251,2344,3073,3095,2702,5103,110,146,475,578,514,825,533,1156,633,868,855,802,1901,1922,1914,3703,26208,14541,3363,1496,8671,756,321,29,23
2021-05-14T23:59:59+02:00,3,0,394,559,1478,1535,1790,1983,2038,3426,2549,3271,2241,2332,3070,3095,2700,5103,108,143,472,562,496,800,513,1125,619,852,841,788,1893,1913,1914,3702,25828,14480,3321,1480,8648,655,302,29,23
2021-05-13T23:59:59+02:00,2,0,373,543,1419,1486,1686,1939,1922,3338,2478,3180,2214,2314,3061,3089,2698,5097,103,140,460,554,486,785,507,1110,608,839,813,758,1877,1887,1913,3696,25381,14393,3103,1428,8595,615,275,29,21
2021-05-12T23:59:59+02:00,1,0,366,539,1401,1478,1668,1930,1902,3313,2463,3162,2211,2307,3055,3086,2698,5096,103,138,457,554,485,778,503,1105,604,833,805,744,1873,1878,1911,3696,25245,14337,3081,1418,8589,614,272,28,21
2021-05-11T23:59:59+02:00,1,0,346,519,1333,1441,1571,1892,1793,3215,2359,3083,2194,2279,3046,3075,2694,5095,97,128,442,526,465,751,483,1073,570,811,779,711,1861,1867,1909,3692,24830,14217,2913,1378,8477,526,215,28,21
2021-05-10T23:59:59+02:00,1,0,331,502,1295,1411,1518,1862,1727,3155,2299,3011,2181,2264,3037,3066,2693,5091,97,125,436,519,456,730,476,1049,565,788,765,692,1855,1860,1907,3688,24552,14150,2837,1370,8361,472,187,28,20
2021-05-09T23:59:59+02:00,1,0,325,492,1254,1391,1493,1845,1681,3118,2231,2963,2170,2250,3034,3060,2693,5086,94,122,427,510,448,724,466,1040,554,774,751,682,1846,1855,1906,3685,24314,14102,2783,1363,8311,423,164,28,19
2021-05-08T23:59:59+02:00,1,0,319,489,1243,1372,1461,1824,1651,3091,2179,2943,2163,2242,3032,3059,2691,5085,93,122,426,509,446,723,465,1035,554,768,746,681,1840,1845,1906,3685,24076,14083,2779,1355,8307,410,163,28,19
2021-05-07T23:59:59+02:00,1,0,309,482,1216,1345,1411,1804,1592,3028,2124,2894,2154,2232,3031,3054,2689,5080,90,119,414,496,436,696,452,1000,531,743,740,656,1819,1831,1906,3681,23797,14012,2750,1330,8243,306,129,28,17
2021-05-06T23:59:59+02:00,1,0,291,469,1128,1308,1293,1742,1453,2916,1982,2802,2115,2198,3027,3041,2688,5076,87,113,401,482,424,679,440,977,513,721,725,638,1802,1815,1902,3674,23291,13929,2558,1308,8034,221,101,26,16
2021-05-05T23:59:59+02:00,1,0,276,455,1088,1282,1248,1706,1386,2851,1892,2718,2091,2164,3013,3026,2688,5065,87,109,393,473,419,667,433,966,506,703,704,625,1776,1793,1902,3671,22830,13842,2498,1285,7974,173,94,26,15
2021-05-04T23:59:59+02:00,1,0,268,444,1053,1259,1209,1685,1341,2804,1832,2650,2071,2129,3003,3012,2678,5052,83,105,386,462,416,662,423,946,497,683,686,602,1757,1766,1898,3671,22483,13738,2435,1252,7926,132,88,26,14
2021-05-03T23:59:59+02:00,1,0,263,436,1022,1237,1173,1668,1312,2770,1785,2613,2054,2100,2990,3003,2676,5046,78,99,374,456,408,654,419,938,489,676,667,591,1730,1738,1896,3667,22231,13633,2411,1241,7878,111,61,26,13
2021-05-02T23:59:59+02:00,1,0,257,434,1008,1225,1145,1652,1286,2756,1770,2589,2046,2085,2985,3000,2674,5043,76,98,368,453,404,649,415,932,486,670,659,578,1707,1723,1896,3666,22105,13586,2394,1216,7838,97,46,26,13
2021-05-01T23:59:59+02:00,1,0,253,429,1000,1216,1133,1642,1271,2743,1753,2571,2037,2079,2982,2996,2674,5043,76,97,368,452,403,649,413,928,486,669,657,578,1707,1723,1896,3666,21967,13578,2394,1216,7838,94,45,26,13
2021-04-30T23:59:59+02:00,1,0,251,423,990,1194,1112,1622,1233,2679,1689,2510,2023,2061,2975,2991,2673,5039,75,95,367,446,400,643,412,903,481,658,650,572,1704,1717,1896,3664,21644,13562,2389,1204,7834,69,14,26,12
2021-04-29T23:59:59+02:00,1,0,237,408,942,1170,1074,1586,1184,2623,1595,2434,1972,2013,2965,2979,2668,5027,75,94,361,445,395,638,405,892,470,647,635,560,1689,1704,1890,3658,21147,13484,2353,1177,7774,48,13,26,12
2021-04-28T23:59:59+02:00,1,0,226,405,927,1155,1043,1574,1148,2583,1527,2379,1929,1951,2952,2974,2666,5024,72,93,354,442,392,629,401,882,463,633,617,541,1670,1685,1890,3656,20832,13405,2308,1129,7716,35,12,26,12
2021-04-27T23:59:59+02:00,1,0,224,397,913,1141,1027,1561,1125,2557,1504,2352,1894,1906,2945,2967,2664,5020,70,90,352,439,390,624,399,878,457,628,609,530,1658,1662,1886,3653,20627,13344,2276,1100,7681,30,12,24,12
2021-04-26T23:59:59+02:00,1,0,221,390,904,1132,1017,1548,1098,2539,1450,2303,1876,1885,2935,2956,2661,5014,70,90,348,435,390,622,393,875,453,622,599,518,1643,1647,1884,3649,20436,13297,2260,1061,7613,28,12,24,12
2021-04-25T23:59:59+02:00,1,0,221,389,896,1122,1004,1540,1081,2520,1417,2268,1852,1861,2927,2949,2661,5013,69,89,347,430,387,621,391,871,451,621,596,512,1637,1637,1884,3647,20299,13278,2236,1041,7561,20,12,24,11
2021-04-24T23:59:59+02:00,1,0,217,385,885,1112,991,1526,1067,2501,1381,2246,1842,1837,2924,2943,2661,5013,69,89,347,430,386,621,391,869,450,618,595,509,1636,1634,1884,3647,20125,13271,2236,1032,7541,20,12,24,11
2021-04-23T23:59:59+02:00,1,0,213,378,874,1099,984,1516,1046,2481,1322,2198,1817,1810,2917,2937,2661,5010,68,87,347,430,386,620,390,865,447,614,588,501,1627,1625,1884,3642,19962,13243,2224,1005,7441,20,12,24,11
2021-04-22T23:59:59+02:00,1,0,211,370,848,1078,960,1493,1015,2439,1267,2133,1770,1758,2904,2917,2659,5001,68,86,345,425,380,612,387,855,442,608,576,493,1608,1610,1879,3637,19652,13167,2168,978,7362,13,12,24,11
2021-04-21T23:59:59+02:00,1,0,205,363,829,1063,935,1474,976,2402,1216,2082,1723,1689,2882,2895,2652,4993,66,84,342,423,378,609,384,850,439,601,571,487,1596,1588,1868,3632,19298,13096,2134,956,7301,13,12,24,11
2021-04-20T23:59:59+02:00,1,0,199,358,813,1039,916,1453,953,2349,1173,2029,1664,1622,2852,2869,2646,4977,65,84,340,422,374,605,379,844,439,594,564,478,1573,1555,1864,3628,18971,13010,2061,933,7230,12,12,24,11
2021-04-19T23:59:59+02:00,1,0,197,349,799,1028,902,1434,936,2316,1148,1995,1624,1575,2839,2854,2644,4972,65,83,339,420,369,600,375,835,434,583,560,472,1545,1528,1858,3615,18756,12915,2044,905,7161,9,11,23,11
2021-04-18T23:59:59+02:00,1,0,196,346,792,1019,891,1424,916,2296,1125,1975,1583,1534,2830,2847,2638,4966,64,81,338,419,369,600,374,830,433,580,557,466,1535,1522,1855,3613,18618,12885,2013,889,7088,9,11,23,11
2021-04-17T23:59:59+02:00,1,0,194,342,789,1016,884,1422,907,2291,1118,1967,1563,1506,2825,2838,2638,4966,64,78,336,414,368,600,372,826,432,577,552,460,1525,1514,1855,3610,18534,12834,2012,887,7060,9,11,23,11
2021-04-16T23:59:59+02:00,1,0,193,341,780,1010,871,1405,893,2268,1080,1927,1507,1439,2811,2823,2634,4959,59,76,333,407,367,598,367,814,425,563,525,429,1512,1492,1844,3597,18303,12726,1995,820,6981,8,11,22,10
2021-04-15T23:59:59+02:00,1,0,192,336,758,993,853,1393,867,2223,1038,1886,1455,1383,2782,2795,2619,4943,57,75,328,401,362,597,359,808,415,560,510,421,1478,1459,1832,3582,18024,12609,1978,773,6848,7,11,21,10
2021-04-14T23:59:59+02:00,1,0,191,330,749,986,846,1380,852,2189,1019,1856,1397,1336,2732,2730,2606,4927,54,71,323,398,358,592,356,800,405,546,494,402,1442,1428,1825,3563,17741,12469,1957,726,6759,7,11,19,10
2021-04-13T23:59:59+02:00,1,0,187,324,740,982,835,1369,842,2164,986,1827,1331,1263,2679,2671,2598,4912,52,71,319,395,350,585,349,792,397,538,481,394,1415,1406,1816,3552,17491,12371,1905,680,6645,5,11,18,10
2021-04-12T23:59:59+02:00,1,0,187,323,734,977,827,1357,815,2141,970,1806,1279,1225,2659,2641,2594,4898,51,67,309,387,345,579,344,784,391,531,463,384,1397,1391,1813,3544,17350,12278,1880,638,6532,5,11,16,10
2021-04-11T23:59:59+02:00,0,0,185,321,728,967,820,1352,801,2125,954,1789,1257,1194,2638,2619,2589,4891,50,65,304,385,343,577,343,780,386,523,458,375,1382,1386,1808,3537,17275,12225,1855,612,6425,4,11,16,10
2021-04-10T23:59:59+02:00,0,0,185,319,728,964,817,1351,794,2117,946,1782,1243,1179,2625,2603,2588,4891,45,60,281,372,328,561,329,768,371,513,445,368,1370,1366,1803,3531,17218,12046,1846,596,6393,4,10,16,10
2021-04-09T23:59:59+02:00,0,0,185,315,723,960,807,1328,786,2033,926,1700,1188,1108,2582,2575,2585,4883,38,58,267,358,309,548,309,754,358,496,428,359,1328,1336,1790,3517,17055,11810,1809,566,6142,4,8,14,9
2021-04-08T23:59:59+02:00,0,0,183,311,719,953,796,1319,771,2015,902,1678,1113,1025,2524,2535,2572,4873,37,56,259,344,296,540,293,738,332,478,401,336,1279,1297,1766,3483,16878,11521,1742,533,5991,4,7,14,9
2021-04-07T23:59:59+02:00,0,0,177,308,710,947,788,1305,754,1987,879,1646,1059,966,2470,2474,2563,4858,35,53,241,328,286,534,284,725,317,465,372,316,1232,1258,1747,3445,16682,11249,1697,502,5830,4,7,14,9
2021-04-06T23:59:59+02:00,0,0,173,307,703,943,774,1290,734,1964,851,1620,1025,920,2429,2424,2555,4848,33,52,240,325,282,531,274,722,307,460,361,302,1202,1228,1727,3423,16561,11114,1662,468,5650,4,7,14,9
2021-04-05T23:59:59+02:00,0,0,173,307,702,937,769,1280,725,1948,840,1605,996,894,2402,2381,2550,4840,33,52,240,321,281,527,271,715,301,458,359,295,1168,1203,1719,3404,16496,11020,1645,438,5517,4,7,14,9
2021-04-04T23:59:59+02:00,0,0,172,304,699,930,764,1269,716,1932,833,1583,981,879,2394,2375,2550,4839,33,52,240,321,280,527,271,715,300,458,357,295,1150,1189,1715,3400,16464,10975,1642,438,5424,4,7,13,9
2021-04-03T23:59:59+02:00,0,0,172,304,699,930,762,1267,715,1927,825,1579,968,869,2388,2365,2547,4838,33,52,240,321,280,527,271,714,300,456,357,295,1150,1184,1715,3397,16418,10964,1642,438,5403,4,7,13,9
2021-04-02T23:59:59+02:00,0,0,172,303,699,929,761,1264,711,1920,817,1568,955,858,2366,2343,2545,4835,33,52,237,321,278,525,268,707,293,451,352,293,1129,1156,1703,3370,16345,10845,1630,431,5376,4,7,13,9
2021-04-01T23:59:59+02:00,0,0,169,300,693,918,748,1251,705,1900,799,1547,924,823,2326,2293,2539,4816,32,51,229,318,276,521,265,700,287,446,340,285,1090,1117,1670,3327,16211,10643,1567,417,5273,4,7,13,9
2021-03-31T23:59:59+02:00,0,0,166,297,686,911,738,1235,696,1854,785,1504,907,804,2279,2228,2518,4797,32,51,228,317,271,519,260,698,277,435,325,279,1025,1064,1646,3295,16091,10431,1499,398,5115,4,6,13,9
2021-03-30T23:59:59+02:00,0,0,162,290,680,902,734,1214,685,1815,774,1460,884,785,2230,2162,2504,4775,32,50,225,314,268,516,258,692,272,427,314,273,991,1035,1624,3259,15941,10274,1452,380,4961,4,6,13,9
2021-03-29T23:59:59+02:00,0,0,159,284,674,889,728,1203,675,1783,761,1421,865,767,2155,2094,2483,4745,32,49,224,312,267,514,254,684,264,416,307,267,963,1013,1611,3232,15732,10142,1408,370,4842,4,6,13,9
2021-03-28T23:59:59+02:00,0,0,151,267,664,882,721,1194,670,1762,756,1403,858,746,2108,2049,2478,4733,32,48,221,312,263,508,250,681,262,413,305,265,952,1002,1605,3224,15651,10084,1353,362,4733,4,6,13,9
2021-03-27T23:59:59+01:00,0,0,151,264,660,875,717,1190,664,1751,753,1396,847,731,2096,2035,2478,4730,32,48,221,312,263,508,249,674,259,408,303,264,945,992,1588,3200,15595,10017,1344,352,4692,4,6,13,9
2021-03-26T23:59:59+01:00,0,0,149,262,650,863,711,1174,655,1732,745,1365,828,711,2070,2010,2468,4720,32,48,221,312,262,506,249,673,253,396,298,256,913,960,1555,3151,15487,9837,1307,352,4609,4,4,13,9
2021-03-25T23:59:59+01:00,0,0,146,261,640,851,690,1153,637,1694,726,1322,808,691,2027,1966,2452,4702,32,47,218,307,261,505,243,670,251,394,290,252,874,929,1493,3072,15371,9601,1253,338,4430,3,4,12,9
2021-03-24T23:59:59+01:00,0,0,143,252,626,838,683,1139,628,1656,711,1288,783,673,1984,1922,2435,4678,32,47,216,304,259,503,241,670,245,391,283,246,829,904,1442,2979,15232,9372,1219,322,4275,2,3,12,9
2021-03-23T23:59:59+01:00,0,0,140,250,619,828,669,1127,618,1634,698,1248,765,659,1943,1891,2419,4659,31,46,214,303,257,499,234,665,242,384,273,242,804,880,1364,2881,15138,9109,1190,311,4124,2,3,12,9
2021-03-22T23:59:59+01:00,0,0,137,245,601,810,651,1108,607,1601,683,1222,754,645,1912,1866,2408,4643,31,45,213,301,255,497,233,657,241,380,270,237,777,858,1272,2775,15055,8844,1158,299,3964,2,3,11,9
2021-03-21T23:59:59+01:00,0,0,134,243,597,804,647,1105,602,1577,673,1187,748,634,1888,1859,2401,4627,31,45,212,301,254,495,232,656,239,378,268,233,771,855,1263,2766,15021,8810,1137,290,3846,2,3,11,8
2021-03-20T23:59:59+01:00,0,0,132,243,591,801,643,1101,599,1573,671,1185,743,625,1864,1835,2394,4615,31,45,212,301,253,495,231,654,236,372,266,231,761,849,1245,2752,14957,8755,1127,280,3807,2,3,11,8
2021-03-19T23:59:59+01:00,0,0,123,231,585,787,634,1094,595,1555,654,1171,707,581,1806,1793,2364,4594,30,45,212,300,252,495,230,647,233,369,264,225,735,830,1208,2699,14784,8609,1051,265,3710,2,3,10,8
2021-03-18T23:59:59+01:00,0,0,120,226,566,777,614,1062,576,1505,624,1123,671,556,1756,1745,2337,4551,30,45,210,298,250,487,230,641,229,360,262,217,717,818,1175,2656,14590,8478,989,246,3495,2,3,10,8
2021-03-17T23:59:59+01:00,0,0,114,220,555,764,602,1057,565,1492,609,1100,647,531,1711,1710,2316,4512,30,44,210,297,249,484,229,640,228,357,261,215,705,806,1140,2609,14386,8361,939,240,3440,2,3,9,8
2021-03-16T23:59:59+01:00,0,0,109,214,543,752,589,1044,553,1449,593,1072,628,507,1656,1655,2294,4476,30,43,210,295,249,479,228,638,226,356,257,215,689,787,1110,2553,14207,8225,885,237,3296,2,2,9,8
2021-03-15T23:59:59+01:00,0,0,105,207,529,737,577,1020,542,1414,578,1034,608,488,1614,1617,2272,4451,29,43,209,292,249,476,226,636,224,356,249,211,670,775,1085,2517,14051,8122,830,223,3162,2,0,9,8
2021-03-14T23:59:59+01:00,0,0,101,195,520,722,566,998,534,1369,561,989,590,472,1585,1596,2256,4426,29,43,209,290,248,475,225,631,223,351,247,207,666,768,1077,2502,13944,8095,795,194,2986,2,0,9,8
2021-03-13T23:59:59+01:00,0,0,97,185,494,701,537,972,506,1346,538,968,563,463,1559,1570,2248,4418,29,43,209,290,248,475,224,631,223,350,246,207,661,758,1047,2473,13719,8017,781,193,2894,2,0,9,8
2021-03-12T23:59:59+01:00,0,0,88,179,468,673,517,944,482,1311,512,931,532,442,1503,1523,2225,4379,29,43,209,289,248,474,224,631,223,349,242,205,647,746,1021,2446,13411,7927,751,193,2764,2,0,9,7
2021-03-11T23:59:59+01:00,0,0,82,168,437,636,482,912,443,1232,474,868,502,409,1424,1455,2177,4320,29,42,208,286,243,470,222,627,219,346,237,203,631,724,996,2405,13027,7840,698,142,2494,2,0,9,7
2021-03-10T23:59:59+01:00,0,0,80,162,413,611,463,895,424,1196,446,823,471,383,1346,1391,2138,4264,29,42,206,281,239,466,219,621,219,344,232,200,612,716,973,2365,12684,7730,665,125,2351,2,0,9,7
2021-03-09T23:59:59+01:00,0,0,80,158,402,590,437,866,410,1146,428,791,449,364,1294,1358,2097,4219,29,42,205,278,237,458,216,617,215,339,230,199,601,709,954,2334,12458,7647,638,106,2174,2,0,9,7
2021-03-08T23:59:59+01:00,0,0,77,153,388,572,416,848,398,1093,416,749,433,349,1236,1322,2073,4181,29,42,205,277,234,452,212,612,210,335,228,198,588,704,944,2323,12268,7594,601,90,2013,1,0,9,6
2021-03-07T23:59:59+01:00,0,0,74,149,385,562,408,832,386,1079,409,743,430,344,1223,1302,2064,4172,29,42,204,276,234,450,210,611,210,334,227,197,584,701,936,2316,12201,7564,574,88,1961,0,0,9,6
2021-03-06T23:59:59+01:00,0,0,74,142,382,557,401,811,376,1023,401,708,428,343,1216,1291,2049,4157,29,42,204,276,233,449,210,610,210,334,227,197,581,701,934,2303,12142,7556,574,75,1815,0,0,9,6
2021-03-05T23:59:59+01:00,0,0,74,137,378,551,397,805,373,1006,389,682,416,329,1176,1249,2005,4098,29,42,203,275,232,448,209,608,209,331,225,196,576,700,926,2282,11926,7532,552,49,1752,0,0,9,6
2021-03-04T23:59:59+01:00,0,0,73,126,369,518,383,772,353,964,375,652,399,327,1124,1199,1921,4002,28,42,201,269,230,441,207,597,206,330,224,195,574,697,923,2279,11623,7484,519,48,1577,0,0,9,5
2021-03-03T23:59:59+01:00,0,0,68,115,360,502,375,755,348,942,361,632,389,319,1079,1165,1851,3880,28,42,201,268,229,439,204,587,206,323,223,192,569,694,916,2273,11347,7440,492,43,1461,0,0,8,5
2021-03-02T23:59:59+01:00,0,0,65,109,350,489,361,737,337,921,353,604,376,312,1044,1134,1753,3759,27,42,201,268,229,432,199,580,204,320,221,192,567,686,909,2260,11022,7381,468,43,1366,0,0,8,5
2021-03-01T23:59:59+01:00,0,0,64,107,344,475,354,717,326,896,346,570,371,308,1017,1102,1635,3604,27,41,200,267,227,423,197,572,204,316,220,192,564,678,900,2252,10680,7323,447,43,1258,0,0,8,5
2021-02-28T23:59:59+01:00,0,0,64,105,337,466,351,709,324,872,341,550,366,296,1008,1098,1625,3592,27,41,199,266,226,423,197,572,204,316,219,192,563,674,897,2249,10634,7308,436,43,1181,0,0,8,5
2021-02-27T23:59:59+01:00,0,0,61,96,333,457,347,705,318,859,337,540,362,292,998,1087,1603,3570,27,41,199,265,226,422,196,571,203,315,219,192,563,674,897,2249,10562,7307,424,38,1124,0,0,8,5
2021-02-26T23:59:59+01:00,0,0,59,93,326,433,322,673,297,828,324,519,358,288,973,1067,1560,3508,27,40,199,264,226,420,194,568,200,313,219,192,563,674,896,2246,10400,7289,421,38,947,0,0,8,4
2021-02-25T23:59:59+01:00,0,0,52,80,313,414,311,643,291,799,310,493,348,278,954,1048,1522,3462,27,40,198,261,222,417,191,560,195,312,214,189,552,666,885,2240,10247,7227,407,28,799,0,0,8,4
2021-02-24T23:59:59+01:00,0,0,48,75,304,402,303,630,286,784,306,483,342,277,934,1036,1475,3403,26,40,196,259,219,404,189,552,192,307,212,186,546,660,883,2227,10099,7162,392,20,729,0,0,8,4
2021-02-23T23:59:59+01:00,0,0,45,66,291,386,295,611,280,765,296,473,335,275,905,1017,1434,3330,25,40,195,257,217,399,188,546,188,304,211,185,544,649,877,2207,9922,7099,373,16,637,0,0,8,4
2021-02-22T23:59:59+01:00,0,0,42,63,284,374,291,600,276,754,292,469,328,268,883,1002,1404,3294,25,38,191,254,214,386,180,536,182,301,207,182,532,641,870,2190,9800,7006,357,5,594,0,0,7,4
2021-02-21T23:59:59+01:00,0,0,41,62,279,366,289,591,272,746,285,465,325,265,878,997,1397,3284,25,37,190,252,213,384,180,527,182,300,207,182,528,640,862,2177,9773,6961,349,5,544,0,0,6,4
2021-02-20T23:59:59+01:00,0,0,40,62,276,365,289,588,271,740,282,457,324,265,865,985,1364,3253,25,37,190,252,213,384,180,527,181,299,207,182,527,640,860,2176,9687,6955,338,5,522,0,0,6,4
2021-02-19T23:59:59+01:00,0,0,39,62,272,360,283,565,261,714,277,443,320,260,841,968,1329,3223,25,36,190,252,212,383,180,526,180,299,206,181,522,639,855,2159,9579,6920,323,5,433,0,0,5,4
2021-02-18T23:59:59+01:00,0,0,39,58,254,339,274,544,252,693,260,415,316,251,829,947,1303,3191,24,35,186,245,210,377,176,510,178,288,203,176,507,625,818,2092,9485,6725,297,5,299,0,0,5,4
2021-02-17T23:59:59+01:00,0,0,39,56,247,333,271,530,247,680,257,393,311,246,809,936,1274,3144,22,33,183,240,202,362,172,493,173,276,195,172,496,610,799,2053,9352,6554,287,4,245,0,0,5,4
2021-02-16T23:59:59+01:00,0,0,38,51,235,321,268,519,241,665,250,385,306,244,798,925,1248,3112,20,33,174,232,195,343,166,481,169,262,192,165,463,579,764,1985,9256,6294,279,4,180,0,0,5,4
2021-02-15T23:59:59+01:00,0,0,37,50,229,318,261,506,237,659,246,377,302,243,779,916,1236,3093,19,31,168,226,190,335,161,470,163,255,182,159,433,550,728,1914,9190,6055,265,4,143,0,0,5,4
2021-02-14T23:59:59+01:00,0,0,35,50,226,315,259,500,235,653,246,373,302,239,772,910,1227,3074,18,31,166,223,186,330,160,458,161,252,181,156,425,541,710,1870,9167,5938,232,4,125,0,0,5,4
2021-02-13T23:59:59+01:00,0,0,34,50,226,315,257,500,235,652,246,373,302,239,770,909,1226,3074,18,31,164,222,183,330,159,456,160,249,179,153,420,538,702,1855,9161,5891,232,1,123,0,0,5,4
2021-02-12T23:59:59+01:00,0,0,33,48,223,309,254,491,231,641,243,366,301,238,764,908,1223,3064,18,31,162,219,182,329,157,454,158,248,177,149,416,522,671,1789,9132,5754,232,1,79,0,0,5,4
2021-02-11T23:59:59+01:00,0,0,32,47,215,290,247,475,224,617,230,353,297,237,756,891,1198,3031,18,30,146,199,174,298,146,407,152,225,160,133,369,473,608,1621,9061,5225,165,1,18,0,0,5,4
2021-02-10T23:59:59+01:00,0,0,31,47,212,282,244,468,220,608,227,346,293,237,744,888,1190,3021,17,27,133,176,158,260,127,357,141,200,144,125,342,442,546,1496,9005,4750,148,1,7,0,0,5,2
2021-02-09T23:59:59+01:00,0,0,30,45,211,279,242,455,215,600,223,343,289,233,740,881,1181,3008,17,26,118,147,145,237,110,314,127,173,126,116,308,385,491,1338,8949,4231,124,1,3,0,0,5,2
2021-02-08T23:59:59+01:00,0,0,30,45,210,277,236,441,212,588,220,338,284,233,732,874,1175,3001,15,24,102,125,124,193,91,273,119,161,103,107,269,333,429,1202,8882,3718,109,1,3,0,0,5,2
2021-02-07T23:59:59+01:00,0,0,30,44,208,276,234,440,212,585,220,337,284,233,730,870,1170,2998,14,18,98,117,117,182,86,255,113,151,96,102,262,320,413,1152,8861,3541,106,1,0,0,0,5,2
2021-02-06T23:59:59+01:00,0,0,30,44,208,276,234,439,212,585,220,336,283,233,729,870,1169,2986,11,14,97,115,116,178,84,248,113,149,95,101,262,316,402,1137,8858,3480,92,1,0,0,0,5,2
2021-02-05T23:59:59+01:00,0,0,29,43,208,276,234,438,210,582,218,335,282,233,727,870,1157,2959,10,10,89,107,112,175,83,243,107,137,92,99,253,310,377,1108,8838,3352,57,0,0,0,0,5,2
2021-02-04T23:59:59+01:00,0,0,29,43,205,272,230,433,205,576,216,331,279,229,721,863,1148,2945,9,7,62,74,89,131,71,204,87,118,88,85,221,274,333,982,8763,2864,57,0,0,0,0,4,2
2021-02-03T23:59:59+01:00,0,0,29,42,205,270,229,421,202,570,215,328,276,226,711,860,1141,2929,6,4,45,56,70,107,53,158,74,88,63,60,166,200,252,719,8699,2144,50,0,0,0,0,4,2
2021-02-02T23:59:59+01:00,0,0,28,42,204,268,225,415,201,565,212,327,273,225,703,849,1134,2904,3,3,29,39,55,77,41,102,55,65,54,49,119,134,168,475,8619,1483,49,0,0,0,0,4,2
2021-02-01T23:59:59+01:00,0,0,27,40,202,268,222,410,198,559,207,319,271,222,696,846,1129,2892,3,1,22,21,28,45,28,63,31,34,38,31,72,86,97,286,8552,893,49,0,0,0,0,4,2
2021-01-31T23:59:59+01:00,0,0,27,40,202,266,220,406,196,551,206,318,270,222,692,842,1123,2877,3,1,20,16,19,37,21,50,23,30,35,25,57,74,94,256,8501,766,48,0,0,0,0,4,2
2021-01-30T23:59:59+01:00,0,0,27,40,202,266,220,405,195,551,206,318,270,222,691,842,1122,2875,3,1,19,15,17,37,19,46,21,29,34,24,57,71,92,250,8496,739,47,0,0,0,0,4,2
2021-01-29T23:59:59+01:00,0,0,27,40,202,263,219,404,194,550,204,316,270,222,686,839,1116,2867,3,0,16,10,12,31,18,41,17,26,34,23,54,70,90,244,8468,691,43,0,0,0,0,3,2
2021-01-28T23:59:59+01:00,0,0,27,39,195,260,219,398,193,541,201,311,269,222,674,831,1093,2847,3,0,3,3,7,18,10,22,8,12,26,16,37,47,60,173,8378,446,34,0,0,0,0,3,1
2021-01-27T23:59:59+01:00,0,0,26,37,190,255,214,389,191,527,198,301,261,217,659,813,1069,2809,1,0,2,3,6,14,9,20,7,11,25,15,31,41,50,132,8214,367,29,0,0,0,0,3,1
2021-01-26T23:59:59+01:00,0,0,23,37,187,244,208,376,186,509,195,293,255,212,637,796,1041,2758,1,0,1,3,6,14,9,20,7,11,24,12,30,37,49,115,8019,339,24,0,0,0,0,3,1
2021-01-25T23:59:59+01:00,0,0,23,36,179,242,205,366,181,499,190,282,245,207,614,776,1015,2713,1,0,1,3,4,12,8,17,7,10,21,10,26,36,41,104,7851,301,6,0,0,0,0,3,1
2021-01-24T23:59:59+01:00,0,0,22,35,177,239,202,365,180,497,189,280,245,205,610,771,1012,2708,1,0,1,3,3,12,8,17,7,10,21,10,26,36,40,102,7815,297,5,0,0,0,0,3,1
2021-01-23T23:59:59+01:00,0,0,22,35,177,239,200,365,180,496,189,280,245,205,609,771,1004,2695,1,0,1,3,3,11,8,17,6,10,21,10,26,36,40,102,7790,295,5,0,0,0,0,3,1
2021-01-22T23:59:59+01:00,0,0,21,34,175,235,199,365,180,495,188,280,245,203,607,769,976,2653,1,0,1,3,3,11,8,17,6,10,21,10,26,36,40,102,7703,295,5,0,0,0,0,3,1
2021-01-21T23:59:59+01:00,0,0,20,34,166,226,192,347,175,472,186,264,233,198,582,743,940,2600,1,0,1,3,1,6,7,12,4,6,20,8,22,26,35,85,7452,237,5,0,0,0,0,3,1
2021-01-20T23:59:59+01:00,0,0,19,32,151,200,174,305,146,416,172,240,215,187,539,697,871,2400,1,0,1,3,1,6,7,11,4,5,19,7,21,23,31,79,6831,219,4,0,0,0,0,3,1
2021-01-19T23:59:59+01:00,0,0,19,30,128,168,159,271,133,373,156,217,180,166,476,607,773,2126,1,0,1,3,1,6,5,7,2,3,11,3,10,15,22,57,6041,147,3,0,0,0,0,3,1
2021-01-18T23:59:59+01:00,0,0,16,29,113,150,137,227,115,324,139,190,142,151,386,502,638,1785,1,0,1,1,0,3,4,5,1,3,2,1,4,6,10,28,5099,70,3,0,0,0,0,3,1
2021-01-17T23:59:59+01:00,0,0,15,19,109,136,129,214,107,300,131,178,133,137,371,472,588,1682,1,0,0,0,0,1,2,4,1,2,1,1,3,1,2,5,4769,23,3,0,0,0,0,3,1
2021-01-16T23:59:59+01:00,0,0,13,15,105,133,127,209,104,290,129,172,130,133,366,464,571,1654,0,0,0,0,0,0,0,0,1,0,0,0,0,0,0,0,4663,0,0,0,0,0,0,3,1
2021-01-15T23:59:59+01:00,0,0,11,13,100,124,123,204,102,280,127,160,126,130,358,448,540,1610,0,0,0,0,0,0,0,0,1,0,0,0,0,0,0,0,4501,0,0,0,0,0,0,3,1
2021-01-14T23:59:59+01:00,0,0,9,9,75,91,104,167,84,235,111,143,114,109,306,398,475,1394,0,0,0,0,0,0,0,0,1,0,0,0,0,0,0,0,3858,0,0,0,0,0,0,3,1
2021-01-13T23:59:59+01:00,0,0,7,8,62,81,93,140,74,193,101,117,86,80,236,283,377,1064,0,0,0,0,0,0,0,0,1,0,0,0,0,0,0,0,3030,0,0,0,0,0,0,3,1
2021-01-12T23:59:59+01:00,0,0,5,6,53,62,76,110,66,136,79,93,70,64,166,203,274,745,0,0,0,0,0,0,0,0,1,0,0,0,0,0,0,0,2233,0,0,0,0,0,0,1,1
2021-01-11T23:59:59+01:00,0,0,4,4,45,49,63,81,52,109,57,65,50,43,96,123,145,419,0,0,0,0,0,0,0,0,1,0,0,0,0,0,0,0,1425,0,0,0,0,0,0,1,1
2021-01-10T23:59:59+01:00,0,0,3,4,41,37,47,67,38,87,47,56,45,33,79,109,136,365,0,0,0,0,0,0,0,0,1,0,0,0,0,0,0,0,1205,0,0,0,0,0,0,1,1
2021-01-09T23:59:59+01:00,0,0,3,3,38,36,42,64,35,77,41,51,44,33,79,107,133,363,0,0,0,0,0,0,0,0,1,0,0,0,0,0,0,0,1158,0,0,0,0,0,0,1,1
2021-01-08T23:59:59+01:00,0,0,3,2,31,28,35,57,29,64,36,45,42,30,74,104,129,352,0,0,0,0,0,0,0,0,1,0,0,0,0,0,0,0,1068,0,0,0,0,0,0,1,1
2021-01-07T23:59:59+01:00,0,0,3,2,9,3,10,20,12,28,12,22,35,21,52,69,89,250,0,0,0,0,0,0,0,0,1,0,0,0,0,0,0,0,639,0,0,0,0,0,0,0,1
2021-01-06T23:59:59+01:00,0,0,3,0,2,3,5,15,9,22,8,13,31,19,44,58,74,199,0,0,0,0,0,0,0,0,1,0,0,0,0,0,0,0,507,0,0,0,0,0,0,0,1
2021-01-05T23:59:59+01:00,0,0,2,0,1,3,5,14,9,20,8,12,30,18,43,57,71,191,0,0,0,0,0,0,0,0,1,0,0,0,0,0,0,0,486,0,0,0,0,0,0,0,1
2021-01-04T23:59:59+01:00,0,0,1,0,1,3,5,13,8,18,7,11,26,14,34,48,55,145,0,0,0,0,0,0,0,0,1,0,0,0,0,0,0,0,390,0,0,0,0,0,0,0,1
2021-01-03T23:59:59+01:00,0,0,1,0,1,3,4,13,8,18,6,11,26,14,34,48,55,144,0,0,0,0,0,0,0,0,1,0,0,0,0,0,0,0,387,0,0,0,0,0,0,0,1
2021-01-02T23:59:59+01:00,0,0,1,0,1,3,4,13,7,18,5,11,26,14,34,48,55,144,0,0,0,0,0,0,0,0,1,0,0,0,0,0,0,0,385,0,0,0,0,0,0,0,1
2021-01-01T23:59:59+01:00,0,0,1,0,1,3,4,13,7,18,5,11,26,14,34,48,55,144,0,0,0,0,0,0,0,0,1,0,0,0,0,0,0,0,385,0,0,0,0,0,0,0,1
2020-12-31T23:59:59+01:00,0,0,1,0,1,3,4,12,7,18,5,11,26,14,34,48,55,144,0,0,0,0,0,0,0,0,1,0,0,0,0,0,0,0,384,0,0,0,0,0,0,0,1
2020-12-30T23:59:59+01:00,0,0,1,0,1,3,4,12,7,17,5,11,26,14,34,48,55,144,0,0,0,0,0,0,0,0,1,0,0,0,0,0,0,0,383,0,0,0,0,0,0,0,1
2020-12-29T23:59:59+01:00,0,0,1,0,1,3,3,8,5,12,3,8,19,10,25,40,40,117,0,0,0,0,0,0,0,0,1,0,0,0,0,0,0,0,296,0,0,0,0,0,0,0,1
2020-12-28T23:59:59+01:00,0,0,1,0,1,1,1,2,3,6,2,4,11,3,8,15,24,58,0,0,0,0,0,0,0,0,1,0,0,0,0,0,0,0,141,0,0,0,0,0,0,0,1
2020-12-27T23:59:59+01:00,0,0,1,0,0,0,0,1,2,6,0,2,2,1,5,4,5,20,0,0,0,0,0,0,0,0,0,0,0,0,0,0,0,0,49,0,0,0,0,0,0,0,0
