Datum,<15_m,<15_w,15-24_1_m,15-24_1_w,25-34_1_m,25-34_1_w,35-44_1_m,35-44_1_w,45-54_1_m,45-54_1_w,55-64_1_m,55-64_1_w,65-74_1_m,65-74_1_w,75-84_1_m,75-84_1_w,>84_1_m,>84_1_w,<24_2_m,<24_2_w,25-34_2_m,25-34_2_w,35-44_2_m,35-44_2_w,45-54_2_m,45-54_2_w,55-64_2_m,55-64_2_w,65-74_2_m,65-74_2_w,75-84_2_m,75-84_2_w,>84_2_m,>84_2_w,bp_1,bp_2,mo_1,mo_2,az_1,az_2,ja,unb_1,unb_2
2021-08-17T23:59:59+02:00,126,142,2957,2720,8061,5788,7903,5428,7062,7488,5247,5599,2662,2777,3197,3259,2735,5162,2318,2131,6714,4862,6917,4718,6254,6626,4581,5000,2076,2366,2370,2555,1972,3836,53369,43458,8025,6733,9466,7421,8329,32,27
2021-08-16T23:59:59+02:00,123,141,2948,2706,8035,5774,7885,5419,7050,7475,5236,5588,2662,2777,3196,3259,2735,5162,2287,2109,6652,4830,6859,4689,6205,6592,4552,4978,2075,2364,2367,2554,1972,3836,53287,43150,8019,6721,9466,7413,8275,32,27
2021-08-15T23:59:59+02:00,123,141,2942,2696,8011,5764,7868,5409,7034,7467,5232,5582,2661,2776,3196,3258,2735,5162,2262,2075,6605,4804,6819,4657,6177,6566,4542,4966,2072,2360,2366,2552,1972,3836,53212,42910,8015,6701,9465,7410,8241,32,27
2021-08-14T23:59:59+02:00,123,141,2942,2693,8009,5763,7864,5408,7034,7466,5230,5580,2661,2775,3196,3258,2735,5162,2257,2065,6590,4795,6811,4647,6169,6551,4527,4956,2071,2357,2366,2551,1972,3835,53205,42812,8015,6697,9465,7410,8231,32,27
2021-08-13T23:59:59+02:00,121,140,2926,2689,7987,5750,7854,5401,7026,7456,5221,5574,2660,2771,3196,3258,2735,5162,2230,2051,6558,4771,6791,4624,6144,6532,4512,4944,2070,2353,2365,2551,1972,3835,53137,42646,8014,6687,9465,7409,8187,32,27
2021-08-12T23:59:59+02:00,118,134,2909,2679,7954,5729,7824,5383,7008,7431,5209,5561,2659,2769,3194,3258,2735,5162,2194,2017,6469,4717,6739,4588,6102,6480,4486,4913,2066,2351,2361,2550,1972,3835,53029,42313,8009,6661,9464,7398,8090,32,27
2021-08-11T23:59:59+02:00,115,131,2891,2665,7916,5704,7796,5370,6987,7417,5201,5545,2657,2766,3194,3257,2735,5162,2163,1989,6382,4666,6661,4541,6050,6422,4464,4872,2058,2342,2360,2548,1972,3834,52897,41895,8000,6626,9461,7392,8027,32,27
2021-08-10T23:59:59+02:00,115,130,2874,2651,7872,5687,7770,5356,6957,7401,5189,5539,2654,2766,3194,3255,2735,5161,2099,1939,6264,4607,6570,4477,5961,6353,4424,4850,2052,2334,2358,2547,1972,3833,52781,41318,7992,6607,9460,7377,7949,32,27
2021-08-09T23:59:59+02:00,114,130,2856,2647,7842,5665,7740,5346,6935,7382,5178,5528,2653,2765,3194,3255,2735,5160,2045,1893,6164,4541,6470,4433,5895,6299,4396,4817,2046,2325,2357,2545,1972,3833,52697,40864,7984,6555,9460,7358,7860,32,27
2021-08-08T23:59:59+02:00,114,128,2839,2636,7819,5650,7721,5334,6924,7372,5171,5524,2650,2765,3194,3255,2735,5160,2020,1869,6102,4498,6414,4407,5857,6274,4382,4803,2037,2320,2355,2543,1972,3833,52626,40621,7983,6515,9457,7352,7801,32,27
2021-08-07T23:59:59+02:00,113,127,2831,2630,7788,5636,7703,5327,6916,7363,5167,5519,2648,2765,3194,3255,2735,5160,1982,1848,6022,4448,6354,4373,5822,6235,4365,4789,2034,2319,2355,2540,1972,3833,52559,40299,7979,6487,9457,7343,7758,32,27
2021-08-06T23:59:59+02:00,112,126,2817,2620,7756,5622,7674,5305,6895,7341,5157,5506,2644,2763,3194,3254,2735,5160,1945,1805,5922,4375,6281,4335,5779,6192,4347,4769,2032,2316,2354,2537,1972,3833,52500,39952,7959,6456,9457,7331,7641,32,27
2021-08-05T23:59:59+02:00,110,125,2787,2603,7722,5599,7636,5281,6874,7320,5138,5481,2641,2761,3192,3251,2735,5159,1897,1756,5791,4272,6166,4279,5714,6129,4310,4724,2026,2309,2352,2535,1972,3833,52355,39475,7951,6361,9454,7275,7530,32,27
2021-08-04T23:59:59+02:00,107,122,2719,2575,7635,5561,7587,5252,6841,7284,5120,5467,2635,2758,3190,3250,2735,5159,1818,1722,5656,4198,6031,4228,5646,6064,4280,4682,2015,2303,2347,2532,1972,3832,52131,38991,7934,6308,9453,7241,7354,32,27
2021-08-03T23:59:59+02:00,104,122,2698,2554,7604,5545,7550,5235,6817,7260,5109,5455,2631,2756,3189,3247,2735,5159,1786,1692,5563,4131,5931,4178,5576,6008,4241,4643,2010,2298,2346,2530,1972,3832,51980,38533,7929,6267,9451,7216,7285,32,27
2021-08-02T23:59:59+02:00,104,122,2676,2533,7559,5517,7524,5226,6794,7246,5091,5446,2629,2752,3188,3246,2734,5159,1758,1665,5445,4045,5824,4113,5509,5959,4193,4611,2004,2285,2345,2525,1971,3831,51831,37999,7921,6231,9451,7195,7217,32,27
2021-08-01T23:59:59+02:00,103,120,2660,2520,7525,5494,7511,5213,6783,7238,5085,5440,2627,2751,3186,3246,2734,5159,1740,1648,5369,4005,5760,4068,5466,5936,4175,4592,2002,2282,2343,2522,1971,3831,51739,37725,7908,6200,9450,7170,7170,32,27
2021-07-31T23:59:59+02:00,101,119,2654,2513,7508,5486,7504,5208,6779,7229,5084,5439,2625,2751,3186,3246,2734,5159,1701,1604,5272,3943,5699,4021,5415,5902,4147,4567,1999,2279,2343,2521,1971,3831,51701,37260,7903,6186,9450,7166,7143,32,27
2021-07-30T23:59:59+02:00,99,116,2643,2504,7485,5474,7491,5187,6760,7217,5077,5432,2624,2750,3186,3245,2734,5159,1683,1588,5190,3902,5635,3965,5356,5856,4122,4550,1994,2277,2342,2518,1971,3831,51624,36911,7897,6160,9450,7158,7084,32,27
2021-07-29T23:59:59+02:00,98,115,2613,2486,7429,5433,7448,5143,6732,7179,5054,5410,2623,2746,3184,3244,2734,5159,1643,1559,5069,3806,5504,3896,5270,5770,4076,4495,1987,2268,2339,2516,1970,3831,51426,36349,7882,6107,9445,7121,6947,32,27
2021-07-28T23:59:59+02:00,97,113,2594,2474,7391,5395,7419,5120,6709,7157,5039,5400,2620,2745,3182,3241,2733,5158,1606,1515,4969,3732,5392,3833,5178,5696,4040,4460,1975,2260,2337,2514,1970,3830,51243,35791,7872,6053,9443,7083,6899,32,27
2021-07-27T23:59:59+02:00,94,111,2579,2459,7345,5374,7383,5103,6689,7138,5028,5389,2619,2744,3182,3240,2732,5158,1564,1488,4830,3649,5267,3756,5088,5626,3998,4410,1969,2247,2336,2511,1969,3830,51115,35211,7854,5971,9442,7046,6826,32,27
2021-07-26T23:59:59+02:00,93,108,2554,2444,7316,5355,7348,5088,6663,7119,5023,5377,2616,2744,3181,3240,2732,5158,1529,1435,4692,3587,5158,3692,5014,5552,3944,4375,1965,2233,2335,2505,1969,3829,50981,34662,7835,5899,9440,6997,6771,32,27
2021-07-25T23:59:59+02:00,91,105,2539,2425,7279,5335,7315,5075,6643,7098,5014,5372,2614,2741,3180,3239,2732,5157,1509,1408,4638,3546,5105,3663,4968,5513,3914,4353,1962,2229,2334,2505,1969,3829,50836,34397,7826,5868,9437,6966,6723,32,27
2021-07-24T23:59:59+02:00,91,104,2524,2418,7248,5322,7291,5064,6626,7084,5006,5368,2613,2738,3180,3239,2732,5157,1489,1389,4592,3526,5031,3619,4927,5489,3893,4346,1961,2227,2333,2503,1969,3828,50762,34207,7804,5784,9436,6966,6670,32,27
2021-07-23T23:59:59+02:00,89,102,2495,2394,7194,5296,7261,5041,6594,7060,4985,5360,2611,2735,3178,3239,2732,5157,1435,1358,4458,3432,4897,3543,4854,5422,3846,4314,1960,2219,2332,2499,1968,3828,50589,33588,7799,5757,9434,6946,6567,32,27
2021-07-22T23:59:59+02:00,87,99,2461,2366,7108,5260,7210,5003,6545,7016,4953,5338,2605,2730,3175,3238,2732,5155,1375,1319,4300,3361,4746,3470,4705,5343,3763,4266,1948,2210,2327,2497,1968,3827,50277,32965,7782,5612,9423,6878,6461,32,27
2021-07-21T23:59:59+02:00,86,94,2430,2348,7043,5226,7154,4964,6485,6979,4933,5312,2598,2725,3174,3235,2732,5153,1346,1279,4178,3281,4606,3411,4597,5238,3693,4223,1936,2198,2324,2496,1968,3825,50027,32509,7735,5404,9417,6817,6353,32,27
2021-07-20T23:59:59+02:00,85,93,2411,2321,6989,5195,7118,4935,6448,6936,4903,5294,2595,2721,3174,3235,2732,5153,1312,1250,4062,3216,4520,3363,4508,5159,3639,4192,1934,2189,2323,2495,1968,3824,49780,32055,7725,5333,9415,6767,6278,32,27
2021-07-19T23:59:59+02:00,84,93,2389,2297,6938,5158,7069,4915,6412,6904,4882,5279,2591,2717,3173,3231,2732,5152,1292,1228,3988,3169,4438,3330,4430,5097,3605,4169,1930,2183,2319,2492,1967,3824,49511,31759,7715,5216,9414,6724,6235,32,27
2021-07-18T23:59:59+02:00,84,91,2362,2271,6873,5117,7029,4886,6376,6865,4864,5269,2584,2711,3171,3231,2731,5151,1276,1208,3945,3130,4399,3301,4381,5077,3570,4155,1924,2173,2318,2492,1967,3822,49210,31564,7700,5143,9410,6698,6203,32,26
2021-07-17T23:59:59+02:00,82,87,2346,2257,6854,5104,7010,4869,6356,6848,4845,5258,2580,2710,3171,3230,2731,5150,1266,1195,3911,3096,4358,3282,4342,5045,3542,4143,1918,2170,2318,2490,1967,3822,49098,31407,7691,5090,9410,6691,6146,32,26
2021-07-16T23:59:59+02:00,82,84,2307,2231,6792,5070,6951,4835,6313,6806,4814,5229,2573,2705,3169,3229,2731,5150,1228,1174,3811,3046,4265,3240,4255,4986,3481,4095,1904,2160,2312,2488,1967,3821,48919,31066,7665,5063,9399,6622,5944,32,26
2021-07-15T23:59:59+02:00,80,79,2265,2202,6717,5034,6889,4794,6263,6753,4797,5202,2570,2700,3166,3226,2731,5150,1179,1142,3613,2936,4085,3136,4102,4888,3419,4033,1895,2151,2309,2483,1967,3821,48587,30382,7648,4836,9393,6555,5842,32,26
2021-07-14T23:59:59+02:00,79,77,2228,2184,6646,4999,6815,4761,6209,6709,4776,5180,2562,2694,3163,3224,2731,5150,1131,1106,3500,2851,3984,3074,3999,4818,3376,3988,1883,2143,2308,2480,1967,3821,48274,29917,7633,4742,9390,6483,5740,32,26
2021-07-13T23:59:59+02:00,76,71,2197,2154,6590,4968,6751,4725,6171,6663,4755,5162,2554,2689,3161,3224,2731,5150,1098,1075,3402,2774,3860,3008,3911,4731,3322,3927,1856,2136,2305,2475,1966,3819,47958,29442,7627,4609,9389,6391,5668,31,26
2021-07-12T23:59:59+02:00,71,69,2169,2130,6521,4925,6681,4679,6122,6625,4729,5135,2549,2686,3158,3223,2731,5150,1068,1055,3304,2699,3748,2943,3808,4649,3273,3879,1845,2125,2300,2465,1966,3819,47614,29000,7618,4492,9385,6311,5584,31,25
2021-07-11T23:59:59+02:00,67,68,2159,2115,6487,4908,6651,4658,6092,6608,4720,5126,2546,2681,3156,3223,2730,5150,1059,1039,3265,2659,3690,2914,3756,4622,3251,3864,1836,2113,2297,2461,1966,3819,47506,28827,7597,4460,9383,6255,5506,31,25
2021-07-10T23:59:59+02:00,66,67,2136,2085,6410,4861,6588,4624,6044,6571,4694,5115,2543,2678,3156,3220,2730,5149,1044,1022,3212,2618,3645,2883,3716,4591,3235,3852,1830,2106,2297,2459,1966,3819,47257,28656,7577,4459,9369,6238,5378,31,25
2021-07-09T23:59:59+02:00,65,65,2114,2063,6339,4820,6538,4599,5995,6537,4676,5094,2541,2673,3155,3219,2730,5149,1025,1006,3158,2573,3594,2848,3667,4556,3209,3825,1828,2092,2295,2458,1966,3819,47032,28452,7543,4429,9362,6187,5275,31,25
2021-07-08T23:59:59+02:00,61,62,2061,2016,6241,4754,6434,4543,5928,6473,4642,5061,2534,2664,3152,3215,2730,5149,953,954,2995,2486,3401,2776,3494,4463,3137,3757,1811,2076,2293,2449,1965,3818,46708,27970,7466,4143,9328,6067,5055,31,25
2021-07-07T23:59:59+02:00,61,61,1993,1973,6119,4679,6330,4487,5855,6416,4607,5013,2528,2654,3147,3210,2730,5149,902,921,2847,2409,3233,2698,3337,4357,3081,3693,1793,2048,2285,2441,1965,3816,46210,27429,7421,3904,9309,5988,4904,31,25
2021-07-06T23:59:59+02:00,59,61,1950,1938,6012,4625,6239,4446,5801,6347,4563,4977,2522,2648,3144,3206,2730,5149,865,886,2736,2311,3142,2638,3262,4265,3023,3639,1768,2017,2281,2435,1965,3816,45771,26932,7380,3803,9296,5906,4801,31,25
2021-07-05T23:59:59+02:00,57,61,1878,1890,5871,4551,6127,4406,5731,6293,4521,4940,2518,2641,3142,3204,2730,5147,820,846,2632,2237,3065,2589,3183,4194,2974,3585,1747,1998,2274,2426,1964,3813,45295,26555,7341,3733,9271,5822,4627,31,25
2021-07-04T23:59:59+02:00,57,60,1833,1853,5788,4509,6081,4377,5690,6273,4503,4919,2516,2639,3142,3202,2730,5146,782,822,2573,2187,3029,2565,3153,4161,2951,3563,1732,1974,2271,2425,1963,3813,45087,26421,7304,3677,9244,5745,4508,31,25
2021-07-03T23:59:59+02:00,54,48,1732,1778,5579,4355,5932,4289,5604,6182,4455,4883,2514,2636,3142,3198,2730,5146,743,798,2508,2141,2979,2544,3115,4116,2920,3534,1726,1967,2270,2421,1963,3811,44266,26249,7272,3675,9236,5716,4302,31,25
2021-07-02T23:59:59+02:00,48,40,1694,1736,5503,4309,5886,4255,5584,6157,4443,4865,2513,2630,3141,3197,2729,5146,722,772,2439,2093,2909,2504,3071,4068,2890,3494,1708,1950,2266,2415,1963,3809,43993,25966,7240,3649,9231,5617,4226,31,25
2021-07-01T23:59:59+02:00,42,34,1647,1701,5397,4244,5800,4206,5506,6086,4415,4836,2509,2626,3140,3196,2729,5145,655,734,2252,2021,2726,2419,2900,3955,2792,3406,1682,1926,2257,2403,1962,3807,43589,25223,7181,3446,9216,5516,4085,31,25
2021-06-30T23:59:59+02:00,42,32,1599,1653,5284,4159,5702,4162,5447,6039,4403,4812,2505,2619,3138,3193,2729,5145,620,698,2152,1956,2615,2367,2791,3868,2730,3331,1662,1897,2249,2391,1961,3806,43177,24765,7122,3332,9200,5393,3973,31,25
2021-06-29T23:59:59+02:00,41,29,1545,1577,5180,4071,5608,4108,5393,5979,4376,4784,2500,2614,3137,3192,2728,5144,592,658,2075,1879,2536,2303,2692,3751,2668,3281,1646,1863,2237,2378,1960,3803,42665,24282,7092,3258,9192,5284,3861,31,25
2021-06-28T23:59:59+02:00,39,27,1510,1520,5068,4012,5543,4054,5348,5936,4348,4759,2496,2606,3136,3190,2728,5144,575,635,1979,1816,2459,2247,2621,3669,2623,3234,1628,1845,2229,2372,1960,3800,42274,23968,7031,3120,9180,5188,3777,31,25
2021-06-27T23:59:59+02:00,39,26,1481,1494,5019,3973,5497,4024,5307,5916,4337,4750,2494,2602,3136,3189,2728,5144,557,618,1928,1772,2424,2227,2576,3631,2593,3217,1619,1832,2228,2362,1960,3800,42094,23825,6994,3066,9161,5107,3705,31,25
2021-06-26T23:59:59+02:00,31,21,1449,1466,4950,3927,5405,3979,5269,5883,4316,4736,2494,2600,3136,3187,2728,5144,551,609,1896,1752,2389,2209,2555,3609,2573,3197,1597,1822,2227,2360,1960,3800,41737,23612,6914,3063,9161,5083,3705,30,25
2021-06-25T23:59:59+02:00,25,13,1417,1428,4843,3853,5353,3951,5234,5857,4291,4725,2490,2598,3134,3186,2728,5144,542,584,1850,1730,2329,2144,2460,3470,2529,3097,1589,1801,2223,2356,1958,3799,41319,23168,6882,3037,9160,4903,3703,30,25
2021-06-24T23:59:59+02:00,18,12,1367,1380,4663,3743,5229,3900,5139,5816,4248,4694,2486,2595,3134,3184,2727,5144,503,562,1739,1665,2162,2080,2299,3392,2421,3002,1556,1778,2214,2351,1957,3796,40692,22665,6830,2731,9151,4821,3596,30,25
2021-06-23T23:59:59+02:00,18,12,1337,1347,4580,3693,5147,3852,5086,5771,4224,4659,2476,2588,3130,3182,2726,5144,469,545,1674,1609,2062,2032,2183,3299,2321,2911,1533,1754,2208,2344,1956,3794,40276,22130,6779,2658,9146,4677,3561,30,25
2021-06-22T23:59:59+02:00,17,12,1311,1328,4507,3629,5065,3808,5042,5725,4198,4632,2472,2582,3130,3181,2725,5144,455,527,1618,1569,1979,1980,2103,3191,2220,2819,1521,1730,2199,2332,1956,3790,39877,21716,6734,2542,9143,4522,3536,30,24
2021-06-21T23:59:59+02:00,17,12,1283,1289,4395,3547,4984,3763,4979,5663,4171,4614,2468,2569,3129,3176,2724,5142,439,513,1584,1535,1945,1939,2053,3112,2155,2741,1499,1695,2177,2309,1956,3786,39368,21431,6691,2449,9141,4378,3503,30,24
2021-06-20T23:59:59+02:00,16,10,1260,1258,4325,3488,4940,3747,4944,5643,4148,4602,2464,2567,3128,3176,2723,5142,423,498,1552,1506,1921,1915,2022,3088,2107,2702,1492,1681,2175,2303,1956,3785,39095,21253,6661,2412,9129,4315,3468,30,23
2021-06-19T23:59:59+02:00,15,10,1249,1239,4285,3459,4920,3722,4912,5620,4131,4593,2461,2565,3128,3175,2722,5142,418,494,1535,1489,1905,1889,2009,3065,2084,2667,1484,1673,2172,2301,1954,3784,38936,21102,6600,2383,9129,4306,3449,30,23
2021-06-18T23:59:59+02:00,11,7,1232,1219,4218,3420,4871,3685,4863,5581,4107,4581,2457,2561,3127,3173,2722,5142,407,484,1514,1472,1880,1857,1964,3016,2030,2609,1470,1658,2172,2296,1953,3781,38625,20795,6553,2380,9129,4264,3435,30,23
2021-06-17T23:59:59+02:00,9,6,1189,1184,4059,3351,4684,3611,4694,5493,4048,4537,2451,2558,3127,3172,2721,5142,375,467,1418,1439,1706,1795,1804,2923,1931,2530,1447,1636,2161,2284,1951,3779,38031,20335,6494,2276,9121,4187,3153,28,23
2021-06-16T23:59:59+02:00,9,6,1166,1152,3960,3270,4588,3561,4589,5427,4003,4507,2443,2554,3126,3168,2720,5141,360,447,1360,1403,1646,1764,1724,2843,1870,2459,1432,1610,2149,2271,1951,3775,37558,19945,6376,2208,9112,4111,3101,28,23
2021-06-15T23:59:59+02:00,9,6,1134,1119,3825,3189,4521,3505,4514,5353,3962,4476,2434,2547,3121,3166,2720,5140,350,424,1311,1356,1600,1723,1656,2785,1801,2391,1415,1581,2144,2257,1950,3774,37022,19627,6340,2123,9100,4039,3026,28,23
2021-06-14T23:59:59+02:00,9,4,1108,1087,3735,3139,4437,3448,4437,5284,3910,4443,2430,2537,3121,3162,2719,5139,341,411,1273,1324,1555,1692,1610,2729,1743,2340,1404,1556,2139,2250,1949,3772,36570,19389,6252,2056,9095,3962,2974,27,23
2021-06-13T23:59:59+02:00,9,4,1093,1073,3686,3099,4381,3406,4388,5247,3892,4428,2429,2531,3120,3161,2719,5137,336,404,1241,1308,1521,1668,1567,2694,1708,2300,1390,1535,2133,2239,1949,3770,36318,19211,6216,2035,9090,3888,2917,27,23
2021-06-12T23:59:59+02:00,9,3,1076,1052,3658,3073,4353,3385,4372,5233,3876,4418,2426,2528,3119,3160,2719,5136,332,403,1234,1291,1499,1648,1541,2675,1664,2279,1379,1525,2121,2236,1949,3770,36133,19057,6204,2035,9090,3832,2905,27,23
2021-06-11T23:59:59+02:00,8,3,1060,1041,3621,3030,4279,3358,4334,5199,3850,4407,2425,2524,3118,3158,2719,5135,323,391,1213,1258,1474,1628,1496,2626,1608,2233,1369,1510,2119,2231,1949,3769,35852,18809,6177,2027,9087,3757,2883,27,23
2021-06-10T23:59:59+02:00,7,3,1002,999,3507,2953,4150,3279,4234,5131,3794,4373,2422,2516,3116,3156,2718,5135,307,379,1155,1224,1409,1570,1432,2556,1524,2129,1336,1478,2114,2221,1948,3766,35284,18388,6048,2020,9069,3603,2810,27,23
2021-06-09T23:59:59+02:00,7,1,953,968,3381,2859,4011,3221,4141,5052,3751,4331,2418,2510,3113,3153,2718,5135,289,363,1094,1190,1342,1543,1370,2476,1449,2057,1311,1420,2106,2208,1947,3763,34802,18075,5882,1968,9066,3473,2680,27,23
2021-06-08T23:59:59+02:00,6,1,904,930,3254,2776,3888,3135,4041,4968,3695,4304,2411,2505,3110,3150,2717,5133,276,345,1050,1151,1286,1512,1317,2418,1404,1984,1287,1387,2095,2190,1944,3759,34256,17844,5747,1923,9056,3339,2565,27,22
2021-06-07T23:59:59+02:00,5,1,876,903,3150,2703,3756,3099,3917,4895,3646,4277,2397,2499,3109,3148,2717,5131,267,338,1004,1112,1232,1491,1271,2365,1336,1931,1273,1367,2081,2173,1943,3751,33880,17676,5569,1888,9049,3212,2419,27,22
2021-06-06T23:59:59+02:00,5,1,857,893,3092,2663,3670,3054,3847,4865,3614,4264,2394,2493,3107,3147,2715,5130,260,325,990,1087,1201,1462,1248,2307,1306,1872,1257,1352,2074,2166,1941,3748,33667,17572,5440,1840,9043,3099,2341,27,22
2021-06-05T23:59:59+02:00,5,1,844,876,3022,2605,3626,3026,3810,4842,3601,4261,2393,2491,3107,3146,2715,5129,255,319,974,1067,1180,1443,1224,2280,1272,1851,1240,1329,2072,2162,1941,3748,33401,17414,5435,1837,9037,3052,2304,27,22
2021-06-04T23:59:59+02:00,3,1,821,860,2971,2556,3551,2985,3742,4790,3573,4242,2389,2488,3104,3146,2715,5129,245,312,955,1037,1160,1429,1191,2247,1240,1817,1222,1306,2063,2157,1941,3746,33082,17260,5390,1832,9034,2994,2231,27,22
2021-06-03T23:59:59+02:00,3,1,777,830,2822,2464,3372,2882,3566,4675,3482,4170,2381,2478,3100,3141,2715,5129,234,299,926,1005,1105,1378,1126,2156,1181,1755,1186,1261,2053,2143,1941,3744,32419,17044,5162,1817,9020,2831,2041,27,22
2021-06-02T23:59:59+02:00,3,1,749,824,2751,2390,3309,2831,3506,4610,3439,4144,2379,2474,3100,3140,2715,5129,221,295,907,976,1055,1349,1081,2112,1129,1706,1171,1223,2051,2140,1941,3744,32069,16833,5145,1803,9020,2794,1905,27,22
2021-06-01T23:59:59+02:00,3,1,704,796,2595,2282,3119,2732,3332,4498,3376,4085,2368,2466,3097,3134,2715,5129,208,282,831,931,958,1288,999,1999,1073,1634,1138,1167,2042,2128,1939,3739,31467,16558,4929,1765,9011,2603,1651,27,22
2021-05-31T23:59:59+02:00,3,1,671,775,2473,2202,2982,2643,3220,4401,3321,4037,2362,2453,3095,3131,2715,5128,194,270,785,891,893,1243,951,1922,1034,1576,1116,1138,2036,2123,1937,3737,31084,16389,4703,1750,8995,2472,1448,27,22
2021-05-30T23:59:59+02:00,3,1,661,765,2420,2154,2910,2607,3165,4358,3302,4015,2358,2448,3094,3130,2714,5126,185,254,748,855,843,1199,908,1859,1012,1524,1102,1122,2030,2113,1937,3735,30935,16294,4641,1740,8986,2317,1283,27,22
2021-05-29T23:59:59+02:00,3,1,659,763,2406,2138,2887,2595,3148,4340,3292,4006,2357,2447,3094,3130,2714,5126,182,245,742,845,825,1175,891,1808,998,1489,1088,1103,2029,2106,1936,3735,30813,16203,4639,1740,8984,2178,1282,27,22
2021-05-28T23:59:59+02:00,3,1,652,753,2376,2103,2843,2569,3123,4322,3280,3990,2357,2443,3092,3124,2714,5126,179,238,732,834,815,1155,881,1769,963,1447,1066,1074,2026,2098,1935,3733,30589,16029,4629,1738,8981,2103,1278,27,22
2021-05-27T23:59:59+02:00,3,1,609,735,2250,2050,2711,2498,2990,4248,3198,3937,2348,2429,3091,3122,2714,5123,165,222,669,786,740,1100,803,1671,898,1362,1044,1043,2012,2077,1934,3731,30117,15817,4499,1698,8949,1855,1084,27,21
2021-05-26T23:59:59+02:00,3,1,581,711,2153,1985,2553,2439,2866,4184,3143,3885,2337,2417,3086,3115,2711,5117,159,208,632,747,694,1064,757,1601,852,1306,1027,1015,1993,2044,1929,3725,29724,15589,4271,1685,8923,1721,953,27,21
2021-05-25T23:59:59+02:00,3,1,559,696,2071,1930,2453,2398,2760,4101,3094,3850,2324,2408,3083,3110,2710,5113,151,200,613,717,663,1031,712,1542,802,1244,1006,993,1965,2010,1928,3721,29380,15368,4093,1649,8883,1587,889,26,20
2021-05-24T23:59:59+02:00,3,1,546,675,2018,1890,2379,2367,2692,4049,3042,3811,2312,2400,3077,3109,2707,5112,147,192,594,699,636,999,674,1481,778,1190,985,976,1959,2006,1923,3720,29200,15264,3926,1636,8849,1463,790,26,20
2021-05-23T23:59:59+02:00,3,1,543,673,2005,1879,2367,2354,2682,4036,3031,3797,2308,2397,3077,3107,2707,5112,146,191,590,693,629,995,658,1468,767,1182,980,970,1954,2002,1921,3716,29093,15186,3923,1629,8848,1453,788,26,20
2021-05-22T23:59:59+02:00,3,1,538,664,1982,1861,2336,2339,2658,4006,3004,3770,2299,2393,3075,3104,2707,5111,143,183,583,688,625,985,645,1462,762,1173,967,964,1946,1987,1921,3716,28872,15118,3922,1629,8846,1415,779,26,20
2021-05-21T23:59:59+02:00,3,1,526,648,1904,1830,2252,2294,2595,3957,2962,3723,2292,2380,3072,3103,2707,5109,143,180,578,681,613,976,633,1450,742,1153,950,936,1934,1981,1921,3715,28421,15019,3895,1628,8830,1354,776,26,20
2021-05-20T23:59:59+02:00,3,1,488,629,1773,1762,2125,2221,2474,3865,2879,3637,2273,2367,3063,3095,2705,5106,136,171,550,646,580,936,605,1393,711,1090,924,902,1922,1968,1919,3712,27771,14887,3780,1612,8758,1149,704,26,20
2021-05-19T23:59:59+02:00,3,1,448,594,1667,1690,1990,2156,2339,3769,2777,3544,2254,2349,3056,3090,2699,5105,123,163,523,626,548,902,575,1342,684,1029,903,881,1902,1938,1912,3707,27049,14711,3710,1591,8716,1053,586,26,20
2021-05-18T23:59:59+02:00,3,0,427,572,1594,1630,1894,2098,2227,3647,2681,3447,2242,2329,3048,3082,2698,5101,116,156,499,606,526,869,558,1265,666,967,887,854,1890,1918,1908,3700,26552,14578,3540,1552,8661,947,487,26,20
2021-05-17T23:59:59+02:00,3,0,407,560,1540,1595,1842,2047,2152,3538,2629,3374,2223,2310,3037,3074,2696,5096,111,148,479,592,517,834,545,1201,654,912,869,820,1885,1907,1907,3695,26252,14491,3394,1516,8598,849,395,26,19
2021-05-16T23:59:59+02:00,3,0,403,559,1512,1566,1812,2024,2110,3487,2571,3318,2209,2301,3034,3070,2696,5095,108,146,471,573,508,818,532,1151,634,870,840,789,1879,1902,1907,3694,26074,14432,3326,1479,8561,760,322,26,19
2021-05-15T23:59:59+02:00,3,0,398,555,1486,1549,1794,2005,2091,3465,2548,3281,2202,2301,3033,3067,2695,5095,108,143,469,572,508,817,527,1147,626,862,836,787,1875,1899,1907,3694,25879,14400,3326,1479,8556,752,317,25,19
2021-05-14T23:59:59+02:00,3,0,386,543,1457,1519,1754,1962,2012,3392,2497,3236,2192,2289,3030,3067,2693,5095,106,140,467,556,490,792,507,1116,612,846,823,773,1868,1890,1907,3693,25507,14341,3284,1463,8534,651,299,25,19
2021-05-13T23:59:59+02:00,2,0,365,527,1400,1470,1652,1920,1896,3306,2428,3146,2165,2271,3021,3062,2691,5089,101,137,456,548,480,777,501,1101,601,833,796,744,1853,1866,1906,3687,25069,14258,3068,1413,8483,611,272,25,17
2021-05-12T23:59:59+02:00,1,0,358,523,1382,1462,1636,1911,1875,3282,2414,3129,2162,2264,3015,3059,2691,5088,101,135,453,548,479,771,497,1096,598,827,788,730,1849,1858,1904,3687,24938,14205,3047,1403,8477,610,269,24,17
2021-05-11T23:59:59+02:00,1,0,339,503,1315,1425,1539,1874,1766,3185,2313,3053,2145,2236,3006,3048,2687,5087,95,125,438,520,460,745,477,1065,564,805,762,697,1837,1847,1902,3683,24530,14086,2881,1364,8367,522,213,24,17
2021-05-10T23:59:59+02:00,1,0,324,487,1277,1395,1488,1845,1701,3127,2254,2983,2133,2221,2997,3039,2686,5083,95,122,432,513,451,725,470,1041,559,782,748,679,1831,1840,1900,3679,24261,14021,2806,1356,8252,468,185,24,16
2021-05-09T23:59:59+02:00,1,0,319,477,1237,1376,1465,1828,1655,3091,2190,2938,2123,2207,2994,3033,2686,5078,92,119,423,504,443,719,460,1032,548,769,735,669,1824,1835,1899,3676,24034,13977,2753,1349,8205,419,162,24,15
2021-05-08T23:59:59+02:00,1,0,313,475,1228,1358,1436,1810,1625,3066,2140,2920,2116,2199,2992,3032,2684,5077,91,119,422,504,441,718,459,1027,548,763,732,668,1818,1825,1899,3676,23813,13960,2750,1341,8201,407,161,24,15
2021-05-07T23:59:59+02:00,1,0,303,468,1202,1331,1388,1790,1567,3003,2086,2873,2107,2189,2991,3027,2682,5072,88,116,410,491,431,691,446,992,525,737,726,644,1797,1811,1899,3672,23540,13890,2721,1316,8138,303,127,24,13
2021-05-06T23:59:59+02:00,1,0,286,455,1114,1294,1270,1727,1429,2892,1949,2781,2069,2157,2987,3014,2681,5068,86,110,397,477,419,674,434,970,506,718,714,626,1780,1795,1895,3665,23042,13813,2532,1295,7930,219,99,22,12
2021-05-05T23:59:59+02:00,1,0,271,441,1075,1268,1226,1691,1361,2827,1862,2698,2045,2125,2973,2999,2681,5057,86,106,389,468,414,662,427,959,499,700,693,613,1754,1773,1895,3662,22589,13726,2472,1272,7870,171,92,22,11
2021-05-04T23:59:59+02:00,1,0,263,431,1040,1245,1187,1670,1318,2780,1805,2632,2025,2091,2963,2985,2671,5044,82,102,382,457,411,657,417,939,490,681,676,591,1738,1747,1891,3662,22249,13629,2409,1239,7824,130,86,22,10
2021-05-03T23:59:59+02:00,1,0,259,423,1009,1222,1151,1653,1289,2746,1758,2595,2008,2062,2950,2976,2669,5038,78,96,370,451,403,649,413,931,482,674,658,580,1713,1719,1889,3658,21998,13526,2385,1229,7776,109,60,22,9
2021-05-02T23:59:59+02:00,1,0,253,421,996,1210,1123,1637,1263,2732,1743,2571,2000,2047,2945,2973,2667,5035,76,96,364,448,400,644,409,925,479,668,650,568,1690,1706,1889,3657,21872,13482,2368,1206,7737,96,45,22,9
2021-05-01T23:59:59+02:00,1,0,249,417,988,1202,1112,1628,1249,2719,1728,2552,1991,2041,2942,2969,2667,5035,76,96,364,447,399,644,408,921,479,667,648,568,1690,1706,1889,3657,21741,13475,2368,1206,7737,93,45,22,9
2021-04-30T23:59:59+02:00,1,0,247,411,978,1180,1091,1608,1211,2655,1665,2493,1977,2024,2936,2964,2666,5031,75,94,363,441,396,638,407,896,474,656,641,562,1687,1700,1889,3655,21425,13459,2363,1194,7733,68,14,22,8
2021-04-29T23:59:59+02:00,1,0,233,396,930,1157,1054,1572,1163,2600,1573,2419,1926,1978,2926,2953,2661,5019,75,93,357,440,391,633,401,885,463,645,626,551,1672,1688,1883,3649,20939,13384,2327,1167,7673,47,13,22,8
2021-04-28T23:59:59+02:00,1,0,222,393,916,1142,1024,1561,1128,2562,1505,2364,1885,1916,2914,2948,2659,5016,72,92,351,437,388,624,398,875,456,631,609,533,1654,1670,1883,3647,20630,13306,2282,1124,7619,34,12,22,8
2021-04-27T23:59:59+02:00,1,0,221,387,902,1129,1009,1548,1104,2537,1482,2336,1852,1873,2908,2941,2657,5012,70,89,349,434,386,619,396,871,450,626,601,522,1642,1647,1879,3644,20428,13245,2256,1095,7585,29,12,21,8
2021-04-26T23:59:59+02:00,1,0,218,380,893,1120,999,1535,1078,2519,1428,2286,1834,1852,2898,2930,2654,5006,70,89,345,430,386,618,391,868,446,620,592,510,1627,1632,1877,3640,20238,13200,2240,1057,7517,27,12,21,8
2021-04-25T23:59:59+02:00,1,0,218,379,885,1111,987,1527,1061,2500,1396,2252,1810,1829,2890,2923,2654,5005,69,88,344,425,383,617,389,864,444,619,589,504,1621,1622,1877,3638,20105,13181,2216,1037,7466,19,12,21,7
2021-04-24T23:59:59+02:00,1,0,214,375,874,1101,974,1513,1047,2482,1363,2230,1800,1805,2887,2917,2654,5005,69,88,344,425,382,617,389,862,443,616,588,501,1620,1619,1877,3638,19935,13174,2216,1028,7446,19,12,21,7
2021-04-23T23:59:59+02:00,1,0,210,369,863,1089,967,1503,1027,2463,1305,2182,1776,1778,2880,2911,2654,5002,68,86,344,425,382,616,388,859,440,612,581,493,1611,1610,1877,3633,19775,13148,2204,1001,7350,19,12,21,7
2021-04-22T23:59:59+02:00,1,0,209,361,838,1070,943,1480,997,2421,1251,2118,1731,1726,2867,2891,2652,4993,68,85,342,420,376,608,385,849,435,606,571,485,1592,1596,1872,3628,19472,13075,2148,974,7273,12,12,21,7
2021-04-21T23:59:59+02:00,1,0,203,354,820,1055,919,1463,958,2384,1200,2068,1684,1658,2847,2870,2645,4985,66,83,339,418,375,605,382,844,432,599,566,479,1580,1574,1861,3623,19125,13005,2114,952,7214,12,12,21,7
2021-04-20T23:59:59+02:00,1,0,197,349,804,1031,901,1444,937,2331,1159,2015,1627,1591,2817,2844,2639,4970,65,83,337,417,371,601,377,838,432,592,559,471,1557,1541,1857,3619,18806,12920,2042,929,7144,11,12,21,7
2021-04-19T23:59:59+02:00,1,0,195,341,790,1020,887,1426,920,2298,1134,1981,1587,1545,2804,2829,2637,4965,65,82,336,415,366,596,373,829,427,581,555,465,1529,1514,1851,3606,18594,12825,2025,901,7075,8,11,20,7
2021-04-18T23:59:59+02:00,1,0,194,338,783,1011,876,1416,900,2279,1113,1961,1549,1504,2795,2822,2631,4959,64,80,335,414,366,596,372,824,426,578,552,459,1519,1508,1848,3604,18461,12795,1994,885,7003,8,11,20,7
2021-04-17T23:59:59+02:00,1,0,192,334,780,1008,870,1414,891,2274,1106,1953,1529,1478,2790,2814,2631,4959,64,77,333,409,365,596,370,820,426,575,547,453,1510,1500,1848,3601,18381,12746,1993,883,6975,8,11,20,7
2021-04-16T23:59:59+02:00,1,0,191,333,771,1002,857,1397,878,2252,1068,1913,1474,1411,2777,2799,2627,4952,59,75,330,402,364,594,365,808,419,561,522,423,1497,1478,1837,3588,18154,12639,1977,818,6896,7,11,19,6
2021-04-15T23:59:59+02:00,1,0,190,328,749,985,839,1385,853,2208,1027,1874,1424,1356,2748,2771,2612,4936,57,74,325,396,359,593,357,802,409,558,507,415,1464,1446,1825,3573,17879,12524,1960,771,6767,6,11,18,6
2021-04-14T23:59:59+02:00,1,0,189,322,740,978,832,1372,837,2174,1008,1844,1367,1310,2700,2706,2599,4920,54,70,321,393,355,589,354,794,400,544,491,397,1430,1415,1818,3554,17598,12390,1939,724,6680,6,11,16,6
2021-04-13T23:59:59+02:00,1,0,185,316,731,974,821,1361,826,2149,975,1816,1303,1236,2647,2648,2591,4905,52,70,318,390,347,583,347,786,392,536,478,389,1403,1393,1810,3543,17349,12293,1887,679,6567,5,11,15,6
2021-04-12T23:59:59+02:00,1,0,185,315,726,969,814,1349,800,2126,959,1795,1254,1200,2628,2619,2587,4891,51,66,308,383,342,577,342,778,386,529,461,379,1386,1379,1807,3535,17215,12204,1862,637,6457,5,11,13,6
2021-04-11T23:59:59+02:00,0,0,183,314,720,960,807,1344,788,2110,943,1778,1232,1170,2607,2597,2582,4884,50,64,303,381,340,575,341,774,381,521,456,370,1371,1374,1803,3528,17144,12152,1837,611,6351,4,11,13,6
2021-04-10T23:59:59+02:00,0,0,183,312,720,957,805,1343,781,2102,936,1772,1218,1156,2594,2581,2581,4884,45,59,280,368,325,560,327,762,366,511,443,363,1359,1355,1798,3522,17089,11975,1828,595,6321,4,10,13,6
2021-04-09T23:59:59+02:00,0,0,183,308,716,953,795,1320,773,2018,917,1690,1163,1085,2553,2552,2578,4876,38,57,266,354,307,548,308,748,353,495,426,354,1317,1326,1785,3508,16928,11747,1791,565,6071,4,8,11,5
2021-04-08T23:59:59+02:00,0,0,182,305,712,946,785,1313,759,2001,894,1668,1092,1005,2495,2515,2566,4866,37,55,258,340,294,540,292,732,327,477,399,331,1268,1288,1761,3474,16759,11459,1726,532,5929,4,7,11,5
2021-04-07T23:59:59+02:00,0,0,176,302,704,940,777,1299,742,1973,872,1636,1038,947,2443,2455,2557,4850,35,52,240,324,284,534,283,719,312,464,370,312,1221,1250,1742,3436,16566,11189,1682,501,5770,4,7,11,5
2021-04-06T23:59:59+02:00,0,0,172,301,698,936,763,1284,722,1950,844,1611,1005,900,2403,2405,2549,4840,33,51,239,321,281,531,273,716,302,459,359,298,1192,1220,1722,3414,16447,11056,1647,467,5592,4,7,11,5
2021-04-05T23:59:59+02:00,0,0,172,301,697,930,759,1275,713,1934,833,1596,977,874,2376,2362,2544,4832,33,51,239,317,280,527,270,709,296,457,357,291,1158,1195,1714,3395,16384,10962,1630,437,5460,4,7,11,5
2021-04-04T23:59:59+02:00,0,0,171,298,694,923,754,1264,704,1918,826,1575,963,860,2370,2356,2544,4831,33,51,239,317,279,527,270,709,295,457,355,291,1140,1182,1710,3391,16355,10918,1627,437,5369,4,7,10,5
2021-04-03T23:59:59+02:00,0,0,171,298,694,923,752,1262,703,1913,818,1572,950,851,2364,2346,2541,4830,33,51,239,317,279,527,270,708,295,455,355,291,1140,1177,1710,3388,16310,10907,1627,437,5349,4,7,10,5
2021-04-02T23:59:59+02:00,0,0,171,297,694,922,751,1259,700,1906,810,1561,938,840,2342,2324,2539,4827,33,51,236,317,277,525,267,701,288,450,350,289,1119,1149,1698,3361,16240,10788,1615,430,5322,4,7,10,5
2021-04-01T23:59:59+02:00,0,0,168,294,688,911,738,1246,694,1886,792,1540,909,805,2303,2275,2533,4808,32,50,228,314,275,521,264,694,282,445,338,281,1080,1111,1665,3318,16110,10587,1553,416,5219,4,7,10,5
2021-03-31T23:59:59+02:00,0,0,165,291,681,904,728,1230,686,1840,778,1497,893,786,2257,2212,2512,4789,32,50,227,313,270,519,260,692,273,435,324,275,1015,1058,1641,3286,15991,10378,1489,398,5061,4,6,10,5
2021-03-30T23:59:59+02:00,0,0,161,284,675,895,724,1209,676,1801,768,1453,872,768,2211,2147,2498,4767,32,49,224,310,267,516,258,686,268,427,313,269,981,1029,1619,3250,15848,10221,1444,380,4907,4,6,10,5
2021-03-29T23:59:59+02:00,0,0,158,278,669,882,718,1198,666,1769,755,1414,853,750,2138,2079,2477,4737,32,48,223,309,266,514,254,679,260,416,306,263,953,1008,1606,3223,15641,10092,1400,370,4788,4,6,10,5
2021-03-28T23:59:59+02:00,0,0,150,261,659,875,712,1189,661,1748,750,1396,846,729,2091,2036,2472,4725,32,47,220,309,262,508,250,676,258,413,304,261,942,997,1600,3215,15562,10034,1346,362,4679,4,6,10,5
2021-03-27T23:59:59+01:00,0,0,150,258,655,868,708,1185,655,1737,748,1389,837,715,2080,2022,2472,4722,32,47,220,309,262,508,249,670,255,408,302,260,935,987,1583,3191,15509,9968,1337,352,4640,4,6,10,5
2021-03-26T23:59:59+01:00,0,0,148,256,645,856,702,1169,646,1719,740,1358,818,697,2054,1997,2462,4712,32,47,220,309,261,506,249,670,249,396,298,253,903,955,1550,3142,15402,9791,1300,352,4559,4,4,10,5
2021-03-25T23:59:59+01:00,0,0,145,255,635,844,681,1148,630,1682,722,1315,798,677,2012,1954,2446,4694,32,47,217,304,260,505,243,667,247,394,290,249,864,924,1488,3063,15289,9556,1246,338,4383,3,4,9,5
2021-03-24T23:59:59+01:00,0,0,142,247,621,831,674,1135,621,1644,708,1281,774,660,1971,1910,2429,4670,32,47,215,302,259,503,241,667,241,391,283,243,819,899,1437,2970,15155,9329,1212,322,4230,2,3,9,5
2021-03-23T23:59:59+01:00,0,0,139,245,614,822,660,1123,611,1622,695,1242,756,646,1930,1879,2414,4651,31,46,213,301,257,499,234,662,238,384,273,239,794,876,1359,2872,15062,9067,1183,311,4081,2,3,9,5
2021-03-22T23:59:59+01:00,0,0,136,240,596,805,642,1104,600,1590,680,1216,745,633,1899,1854,2403,4635,31,45,212,299,255,497,233,654,237,380,270,234,767,854,1267,2767,14981,8803,1151,299,3922,2,3,8,5
2021-03-21T23:59:59+01:00,0,0,134,238,592,799,638,1101,595,1566,670,1181,739,623,1875,1847,2397,4619,31,45,211,299,254,495,232,653,236,378,268,231,761,851,1258,2758,14948,8770,1130,290,3806,2,3,8,5
2021-03-20T23:59:59+01:00,0,0,132,238,586,796,635,1098,592,1562,668,1179,734,614,1851,1825,2390,4607,31,45,211,299,253,495,231,651,233,372,266,229,752,845,1240,2744,14887,8716,1120,280,3768,2,3,8,5
2021-03-19T23:59:59+01:00,0,0,123,226,580,782,628,1092,589,1544,651,1165,700,571,1793,1783,2360,4586,30,45,211,298,252,495,230,644,230,369,264,223,726,826,1204,2691,14720,8571,1046,265,3671,2,3,7,5
2021-03-18T23:59:59+01:00,0,0,120,221,562,772,608,1060,570,1494,621,1117,664,546,1743,1735,2333,4543,30,45,209,296,250,487,230,638,226,360,262,215,709,814,1171,2648,14527,8441,984,246,3456,2,3,7,5
2021-03-17T23:59:59+01:00,0,0,114,215,551,759,596,1055,559,1481,606,1094,640,522,1698,1700,2312,4504,30,44,209,295,249,484,229,637,225,357,261,213,697,802,1136,2601,14324,8324,934,240,3401,2,3,6,5
2021-03-16T23:59:59+01:00,0,0,109,209,539,747,583,1043,547,1439,590,1066,622,498,1644,1645,2291,4468,30,43,209,293,249,479,228,635,223,356,257,213,682,783,1106,2546,14146,8190,881,237,3260,2,2,6,5
2021-03-15T23:59:59+01:00,0,0,105,202,525,732,571,1019,536,1405,575,1028,603,480,1603,1608,2269,4444,29,43,208,290,249,476,226,633,221,356,249,209,664,771,1081,2510,13992,8088,826,223,3130,2,0,6,5
2021-03-14T23:59:59+01:00,0,0,101,190,516,717,560,997,528,1360,558,983,585,465,1574,1587,2253,4419,29,43,208,288,248,475,225,628,220,351,247,205,660,764,1073,2495,13885,8061,791,194,2955,2,0,6,5
2021-03-13T23:59:59+01:00,0,0,97,180,490,696,531,971,500,1338,535,963,559,457,1548,1562,2245,4411,29,43,208,288,248,475,224,628,220,350,246,205,655,755,1043,2466,13661,7984,777,193,2867,2,0,6,5
2021-03-12T23:59:59+01:00,0,0,88,174,464,667,511,943,477,1303,509,927,529,436,1493,1515,2222,4372,29,43,208,287,248,474,224,628,220,349,242,203,642,743,1018,2439,13357,7896,748,193,2737,2,0,6,4
2021-03-11T23:59:59+01:00,0,0,82,163,433,630,476,911,439,1224,471,863,499,403,1414,1448,2174,4313,29,42,207,284,243,470,222,624,216,346,237,201,626,721,993,2398,12974,7809,695,142,2468,2,0,6,4
2021-03-10T23:59:59+01:00,0,0,80,157,409,605,457,893,421,1188,443,820,469,378,1336,1384,2135,4256,29,42,205,279,239,466,219,618,216,344,232,198,607,713,970,2359,12634,7700,662,125,2326,2,0,6,4
2021-03-09T23:59:59+01:00,0,0,79,153,399,585,431,864,407,1139,425,789,447,359,1284,1351,2094,4212,29,42,204,276,237,458,216,614,212,340,230,197,596,706,951,2328,12409,7618,635,106,2152,2,0,6,4
2021-03-08T23:59:59+01:00,0,0,76,148,385,567,413,846,395,1086,414,747,431,344,1227,1315,2070,4174,29,42,204,275,234,452,212,609,208,336,228,196,584,701,941,2317,12219,7567,598,90,1996,1,0,6,3
2021-03-07T23:59:59+01:00,0,0,73,144,382,557,405,830,383,1072,407,741,428,339,1214,1295,2061,4165,29,42,204,274,234,450,210,608,208,335,227,195,580,698,933,2310,12152,7538,571,88,1944,0,0,6,3
2021-03-06T23:59:59+01:00,0,0,73,137,379,553,398,809,374,1018,399,707,426,338,1207,1284,2046,4150,29,42,204,274,233,449,210,607,208,335,227,195,577,698,931,2297,12095,7530,571,75,1801,0,0,6,3
2021-03-05T23:59:59+01:00,0,0,73,132,375,547,394,803,371,1002,387,681,415,325,1167,1242,2002,4091,29,42,203,273,232,448,209,605,207,332,225,194,572,697,923,2276,11881,7506,549,49,1739,0,0,6,3
2021-03-04T23:59:59+01:00,0,0,73,121,366,514,380,770,351,960,373,651,398,323,1115,1192,1918,3995,28,42,201,268,230,441,207,594,204,331,224,193,570,694,920,2273,11578,7458,516,48,1565,0,0,6,3
2021-03-03T23:59:59+01:00,0,0,68,114,357,498,373,753,346,938,359,631,388,315,1070,1158,1848,3873,28,42,201,267,229,439,204,584,204,324,223,190,565,691,913,2267,11303,7414,489,43,1453,0,0,5,3
2021-03-02T23:59:59+01:00,0,0,65,108,347,485,360,735,335,917,351,603,375,308,1035,1128,1750,3752,27,42,201,267,229,432,199,577,202,321,221,190,563,683,906,2254,10979,7355,465,43,1359,0,0,5,3
2021-03-01T23:59:59+01:00,0,0,64,106,341,472,353,715,324,892,344,569,370,304,1008,1096,1632,3598,27,41,200,266,227,423,197,569,202,317,220,190,560,676,897,2246,10638,7298,444,43,1252,0,0,5,3
2021-02-28T23:59:59+01:00,0,0,64,104,334,463,350,707,322,868,340,549,365,292,999,1092,1622,3586,27,41,199,265,226,423,197,569,202,317,219,190,559,672,894,2243,10593,7283,433,43,1175,0,0,5,3
2021-02-27T23:59:59+01:00,0,0,61,95,330,454,346,703,316,855,336,539,361,288,990,1081,1600,3564,27,41,199,264,226,422,196,568,201,316,219,190,559,672,894,2243,10522,7282,421,38,1118,0,0,5,3
2021-02-26T23:59:59+01:00,0,0,59,92,323,430,321,672,296,824,323,518,357,284,965,1061,1558,3502,27,40,199,263,226,420,194,565,198,314,219,190,559,672,893,2240,10361,7264,418,38,943,0,0,5,2
2021-02-25T23:59:59+01:00,0,0,52,79,310,411,310,642,290,795,308,492,347,274,947,1042,1520,3456,27,40,198,260,222,417,191,557,193,313,214,187,548,664,882,2234,10209,7202,404,28,795,0,0,5,2
2021-02-24T23:59:59+01:00,0,0,48,74,301,399,303,629,285,780,304,482,341,273,927,1030,1473,3397,26,40,196,258,219,404,189,549,190,308,212,184,542,658,880,2221,10061,7137,390,20,725,0,0,5,2
2021-02-23T23:59:59+01:00,0,0,45,65,288,383,295,610,279,761,294,472,334,271,899,1011,1432,3324,25,40,195,256,217,399,188,543,186,305,211,183,540,648,874,2202,9885,7076,371,16,633,0,0,5,2
2021-02-22T23:59:59+01:00,0,0,42,62,281,371,291,599,275,750,290,468,327,264,878,996,1402,3288,25,38,191,253,214,386,180,533,181,302,207,181,528,640,867,2185,9764,6985,355,5,590,0,0,4,2
2021-02-21T23:59:59+01:00,0,0,41,61,276,363,289,590,271,742,283,464,324,262,873,991,1395,3279,25,37,190,251,213,384,180,524,181,300,207,181,524,639,859,2172,9738,6940,347,5,540,0,0,4,2
2021-02-20T23:59:59+01:00,0,0,40,61,273,362,289,587,270,736,280,456,323,262,860,980,1362,3248,25,37,190,251,213,384,180,524,180,299,207,181,523,639,857,2171,9653,6934,336,5,518,0,0,4,2
2021-02-19T23:59:59+01:00,0,0,39,61,269,357,283,564,260,710,275,443,319,257,837,963,1328,3218,25,36,190,251,212,383,180,523,179,299,206,180,518,638,852,2154,9547,6899,321,5,430,0,0,3,2
2021-02-18T23:59:59+01:00,0,0,39,57,251,336,274,543,251,689,258,415,315,248,825,942,1302,3186,24,35,186,244,210,377,176,507,177,288,203,175,503,624,815,2087,9453,6704,295,5,296,0,0,3,2
2021-02-17T23:59:59+01:00,0,0,39,55,244,330,271,530,246,676,255,393,310,243,805,931,1273,3139,22,33,183,239,202,362,172,490,172,276,195,171,492,609,796,2048,9320,6533,285,4,243,0,0,3,2
2021-02-16T23:59:59+01:00,0,0,38,50,233,318,268,519,240,661,248,386,305,241,794,920,1247,3107,20,33,174,231,194,343,166,478,168,262,192,164,459,578,761,1980,9225,6273,277,4,179,0,0,3,2
2021-02-15T23:59:59+01:00,0,0,37,49,227,315,261,506,236,655,245,378,301,240,776,912,1235,3088,19,31,168,225,189,335,161,467,162,255,182,158,429,549,725,1909,9162,6034,263,4,142,0,0,3,2
2021-02-14T23:59:59+01:00,0,0,35,49,225,312,259,500,234,649,245,374,301,236,769,906,1226,3069,18,31,166,222,185,330,160,455,160,252,181,155,421,540,707,1866,9140,5918,230,4,124,0,0,3,2
2021-02-13T23:59:59+01:00,0,0,34,49,225,312,258,500,234,648,245,374,301,236,767,905,1225,3069,18,31,164,221,182,330,159,453,159,249,179,152,416,537,699,1851,9134,5871,230,1,123,0,0,3,2
2021-02-12T23:59:59+01:00,0,0,33,47,222,306,255,491,230,637,242,367,300,235,761,904,1222,3059,18,31,162,218,181,329,157,451,157,248,177,148,413,521,668,1785,9105,5735,230,1,79,0,0,3,2
2021-02-11T23:59:59+01:00,0,0,32,46,214,287,248,475,223,613,229,353,296,234,753,887,1197,3026,18,30,146,198,173,298,146,404,151,226,160,132,367,472,605,1617,9033,5209,163,1,18,0,0,3,2
2021-02-10T23:59:59+01:00,0,0,31,46,211,280,245,468,219,604,226,346,292,234,741,884,1189,3016,17,27,133,175,157,260,127,355,140,201,144,124,340,441,543,1492,8978,4735,146,1,7,0,0,3,0
2021-02-09T23:59:59+01:00,0,0,30,44,210,277,243,455,215,597,222,343,288,230,737,877,1180,3003,17,26,118,146,144,237,110,312,126,174,126,115,308,385,488,1334,8924,4219,122,1,3,0,0,3,0
2021-02-08T23:59:59+01:00,0,0,30,44,209,275,237,441,212,585,219,338,283,230,729,871,1174,2996,15,24,102,124,123,193,91,271,118,162,103,106,269,333,426,1199,8858,3707,107,1,3,0,0,3,0
2021-02-07T23:59:59+01:00,0,0,30,43,207,274,235,440,212,582,219,337,283,230,727,867,1169,2993,14,18,98,116,116,182,86,253,112,152,96,101,262,320,410,1149,8837,3530,104,1,0,0,0,3,0
2021-02-06T23:59:59+01:00,0,0,30,43,207,274,235,439,212,582,219,336,282,230,726,867,1168,2981,11,14,97,114,115,178,84,246,112,150,95,100,262,316,399,1134,8834,3469,90,1,0,0,0,3,0
2021-02-05T23:59:59+01:00,0,0,29,42,207,274,235,438,210,579,217,335,281,230,724,867,1156,2954,10,10,89,106,111,175,83,241,106,138,92,98,253,310,375,1105,8814,3342,55,0,0,0,0,3,0
2021-02-04T23:59:59+01:00,0,0,29,42,205,271,231,433,205,573,215,331,278,227,718,861,1147,2943,9,7,62,74,88,131,71,203,86,119,88,84,221,274,331,978,8745,2855,55,0,0,0,0,3,0
2021-02-03T23:59:59+01:00,0,0,29,41,205,269,230,421,202,567,214,328,276,225,708,858,1140,2927,6,4,45,56,69,107,53,157,73,89,63,59,166,200,250,715,8681,2135,50,0,0,0,0,3,0
2021-02-02T23:59:59+01:00,0,0,28,41,204,267,226,415,201,562,211,327,273,224,700,848,1133,2902,3,3,29,39,54,77,41,101,54,66,54,48,119,134,166,473,8602,1476,49,0,0,0,0,3,0
2021-02-01T23:59:59+01:00,0,0,27,39,202,267,223,410,198,556,207,320,271,221,693,845,1128,2890,3,1,22,21,27,45,28,62,30,35,38,30,72,86,96,284,8537,888,49,0,0,0,0,3,0
2021-01-31T23:59:59+01:00,0,0,27,39,202,265,221,406,196,548,206,318,270,221,689,841,1122,2875,3,1,20,16,18,37,21,49,22,31,35,24,57,74,93,254,8486,761,48,0,0,0,0,3,0
2021-01-30T23:59:59+01:00,0,0,27,39,202,265,221,405,195,548,206,318,270,221,688,841,1121,2873,3,1,19,15,16,37,19,45,20,30,34,23,57,71,91,248,8481,734,47,0,0,0,0,3,0
2021-01-29T23:59:59+01:00,0,0,27,39,202,262,220,404,194,547,204,316,270,221,683,838,1115,2865,3,0,16,10,11,31,18,40,16,27,34,22,54,70,89,242,8453,686,43,0,0,0,0,2,0
2021-01-28T23:59:59+01:00,0,0,27,38,195,259,220,398,193,538,201,311,269,221,671,830,1092,2845,3,0,3,3,6,18,10,22,7,13,26,15,37,47,59,171,8363,441,34,0,0,0,0,2,0
2021-01-27T23:59:59+01:00,0,0,26,36,190,254,215,389,191,524,198,301,261,216,657,813,1068,2807,1,0,2,3,5,14,9,20,6,12,25,14,31,41,49,130,8201,362,29,0,0,0,0,2,0
2021-01-26T23:59:59+01:00,0,0,23,36,187,243,209,376,186,506,195,293,255,211,635,796,1040,2756,1,0,1,3,5,14,9,20,6,12,24,11,30,37,48,113,8006,334,24,0,0,0,0,2,0
2021-01-25T23:59:59+01:00,0,0,23,35,179,241,206,366,181,496,190,282,245,206,612,776,1014,2711,1,0,1,3,4,12,8,17,6,11,21,10,26,36,40,102,7838,298,6,0,0,0,0,2,0
2021-01-24T23:59:59+01:00,0,0,22,34,177,238,203,365,180,494,189,280,245,204,608,771,1011,2706,1,0,1,3,3,12,8,17,6,11,21,10,26,36,39,100,7802,294,5,0,0,0,0,2,0
2021-01-23T23:59:59+01:00,0,0,22,34,177,238,201,365,180,493,189,280,245,204,607,771,1003,2693,1,0,1,3,3,11,8,17,5,11,21,10,26,36,39,100,7777,292,5,0,0,0,0,2,0
2021-01-22T23:59:59+01:00,0,0,21,33,175,234,200,365,180,492,188,280,245,202,605,769,975,2651,1,0,1,3,3,11,8,17,5,11,21,10,26,36,39,100,7690,292,5,0,0,0,0,2,0
2021-01-21T23:59:59+01:00,0,0,20,33,166,225,193,347,175,469,186,263,233,197,580,743,938,2598,1,0,1,3,1,6,7,12,3,7,20,8,22,26,34,83,7437,234,5,0,0,0,0,2,0
2021-01-20T23:59:59+01:00,0,0,19,31,151,199,175,305,146,413,172,239,215,186,538,697,869,2398,1,0,1,3,1,6,7,11,3,6,19,7,21,23,30,77,6817,216,4,0,0,0,0,2,0
2021-01-19T23:59:59+01:00,0,0,19,29,128,167,159,271,133,370,157,216,180,165,475,606,771,2124,1,0,1,3,1,6,5,7,1,4,11,3,10,15,21,55,6027,144,3,0,0,0,0,2,0
2021-01-18T23:59:59+01:00,0,0,16,28,113,149,137,227,115,322,140,189,142,150,385,501,635,1781,1,0,1,1,0,3,4,5,0,4,2,1,4,6,10,28,5083,70,3,0,0,0,0,2,0
2021-01-17T23:59:59+01:00,0,0,15,18,109,135,129,214,107,298,132,177,133,136,370,471,585,1679,1,0,0,0,0,1,2,4,0,2,1,1,3,1,2,5,4754,23,3,0,0,0,0,2,0
2021-01-16T23:59:59+01:00,0,0,13,14,105,132,127,209,104,288,130,171,130,132,365,463,568,1651,0,0,0,0,0,0,0,0,0,0,0,0,0,0,0,0,4648,0,0,0,0,0,0,2,0
2021-01-15T23:59:59+01:00,0,0,11,12,100,123,123,204,102,278,128,159,126,129,358,447,538,1607,0,0,0,0,0,0,0,0,0,0,0,0,0,0,0,0,4488,0,0,0,0,0,0,2,0
2021-01-14T23:59:59+01:00,0,0,9,8,75,90,104,167,84,233,111,142,114,108,306,397,473,1391,0,0,0,0,0,0,0,0,0,0,0,0,0,0,0,0,3845,0,0,0,0,0,0,2,0
2021-01-13T23:59:59+01:00,0,0,7,7,62,80,93,140,74,191,101,116,86,79,236,282,375,1061,0,0,0,0,0,0,0,0,0,0,0,0,0,0,0,0,3017,0,0,0,0,0,0,2,0
2021-01-12T23:59:59+01:00,0,0,5,5,53,61,76,110,66,134,79,92,70,63,166,202,272,742,0,0,0,0,0,0,0,0,0,0,0,0,0,0,0,0,2220,0,0,0,0,0,0,0,0
2021-01-11T23:59:59+01:00,0,0,4,3,45,48,63,81,52,108,57,65,50,42,96,123,143,417,0,0,0,0,0,0,0,0,0,0,0,0,0,0,0,0,1416,0,0,0,0,0,0,0,0
2021-01-10T23:59:59+01:00,0,0,3,3,41,36,46,67,38,86,47,56,45,32,79,109,134,363,0,0,0,0,0,0,0,0,0,0,0,0,0,0,0,0,1196,0,0,0,0,0,0,0,0
2021-01-09T23:59:59+01:00,0,0,3,2,38,35,41,64,35,76,41,51,44,32,79,107,131,361,0,0,0,0,0,0,0,0,0,0,0,0,0,0,0,0,1149,0,0,0,0,0,0,0,0
2021-01-08T23:59:59+01:00,0,0,3,2,31,27,34,57,29,63,36,45,42,29,74,104,127,350,0,0,0,0,0,0,0,0,0,0,0,0,0,0,0,0,1060,0,0,0,0,0,0,0,0
2021-01-07T23:59:59+01:00,0,0,3,2,9,3,9,20,12,28,12,23,35,20,52,69,88,248,0,0,0,0,0,0,0,0,0,0,0,0,0,0,0,0,634,0,0,0,0,0,0,0,0
2021-01-06T23:59:59+01:00,0,0,3,0,2,3,5,15,9,22,8,14,31,18,44,58,73,197,0,0,0,0,0,0,0,0,0,0,0,0,0,0,0,0,503,0,0,0,0,0,0,0,0
2021-01-05T23:59:59+01:00,0,0,2,0,1,3,5,14,9,20,8,13,30,17,43,57,70,189,0,0,0,0,0,0,0,0,0,0,0,0,0,0,0,0,482,0,0,0,0,0,0,0,0
2021-01-04T23:59:59+01:00,0,0,1,0,1,3,5,13,8,18,7,12,26,14,34,48,54,143,0,0,0,0,0,0,0,0,0,0,0,0,0,0,0,0,387,0,0,0,0,0,0,0,0
2021-01-03T23:59:59+01:00,0,0,1,0,1,3,4,13,8,18,6,12,26,14,34,48,54,142,0,0,0,0,0,0,0,0,0,0,0,0,0,0,0,0,384,0,0,0,0,0,0,0,0
2021-01-02T23:59:59+01:00,0,0,1,0,1,3,4,13,7,18,5,12,26,14,34,48,54,142,0,0,0,0,0,0,0,0,0,0,0,0,0,0,0,0,382,0,0,0,0,0,0,0,0
2021-01-01T23:59:59+01:00,0,0,1,0,1,3,4,13,7,18,5,12,26,14,34,48,54,142,0,0,0,0,0,0,0,0,0,0,0,0,0,0,0,0,382,0,0,0,0,0,0,0,0
2020-12-31T23:59:59+01:00,0,0,1,0,1,3,4,12,7,18,5,12,26,14,34,48,54,142,0,0,0,0,0,0,0,0,0,0,0,0,0,0,0,0,381,0,0,0,0,0,0,0,0
2020-12-30T23:59:59+01:00,0,0,1,0,1,3,4,12,7,17,5,12,26,14,34,48,54,142,0,0,0,0,0,0,0,0,0,0,0,0,0,0,0,0,380,0,0,0,0,0,0,0,0
2020-12-29T23:59:59+01:00,0,0,1,0,1,3,3,8,5,12,3,9,19,10,25,40,39,115,0,0,0,0,0,0,0,0,0,0,0,0,0,0,0,0,293,0,0,0,0,0,0,0,0
2020-12-28T23:59:59+01:00,0,0,1,0,1,1,1,2,3,6,2,5,11,3,8,15,24,58,0,0,0,0,0,0,0,0,0,0,0,0,0,0,0,0,141,0,0,0,0,0,0,0,0
2020-12-27T23:59:59+01:00,0,0,1,0,0,0,0,1,2,6,0,2,2,1,5,4,5,20,0,0,0,0,0,0,0,0,0,0,0,0,0,0,0,0,49,0,0,0,0,0,0,0,0
