Datum,<15_m,<15_w,15-24_1_m,15-24_1_w,25-34_1_m,25-34_1_w,35-44_1_m,35-44_1_w,45-54_1_m,45-54_1_w,55-64_1_m,55-64_1_w,65-74_1_m,65-74_1_w,75-84_1_m,75-84_1_w,>84_1_m,>84_1_w,<24_2_m,<24_2_w,25-34_2_m,25-34_2_w,35-44_2_m,35-44_2_w,45-54_2_m,45-54_2_w,55-64_2_m,55-64_2_w,65-74_2_m,65-74_2_w,75-84_2_m,75-84_2_w,>84_2_m,>84_2_w,bp_1,bp_2,mo_1,mo_2,az_1,az_2,ja,unb_1,unb_2
2021-08-26T23:59:59+02:00,152,169,3244,2950,8595,6163,8282,5682,7382,7770,5450,5802,2747,2857,3242,3302,2745,5176,2669,2413,7426,5344,7454,5058,6673,7027,4840,5259,2163,2454,2418,2601,1984,3849,55411,46309,8243,7106,9630,7601,9402,36,32
2021-08-25T23:59:59+02:00,149,168,3215,2937,8553,6134,8248,5666,7351,7747,5438,5781,2743,2852,3242,3299,2744,5176,2622,2389,7359,5301,7402,5024,6631,6986,4823,5236,2161,2450,2418,2598,1983,3849,55281,46051,8240,7098,9629,7596,9269,36,32
2021-08-24T23:59:59+02:00,148,166,3205,2923,8529,6114,8230,5647,7332,7728,5431,5770,2741,2851,3241,3297,2744,5175,2598,2366,7320,5270,7370,5000,6602,6956,4807,5218,2160,2448,2418,2598,1983,3849,55194,45874,8234,7086,9629,7592,9191,36,32
2021-08-23T23:59:59+02:00,146,159,3156,2903,8480,6089,8192,5626,7303,7700,5417,5755,2740,2850,3240,3296,2744,5174,2572,2348,7272,5236,7332,4984,6567,6927,4791,5201,2156,2447,2417,2597,1982,3849,55028,45723,8225,7074,9626,7591,9066,36,32
2021-08-22T23:59:59+02:00,145,159,3144,2893,8463,6069,8178,5618,7285,7691,5411,5748,2737,2847,3240,3296,2744,5174,2556,2339,7241,5212,7310,4968,6544,6910,4787,5192,2151,2442,2417,2597,1981,3849,54951,45595,8219,7065,9625,7588,9022,36,32
2021-08-21T23:59:59+02:00,143,158,3129,2888,8450,6060,8167,5613,7279,7685,5407,5742,2736,2847,3240,3295,2744,5174,2545,2331,7221,5196,7290,4957,6531,6903,4778,5186,2150,2440,2416,2596,1981,3849,54887,45511,8216,7040,9625,7586,9004,36,32
2021-08-20T23:59:59+02:00,142,156,3112,2876,8416,6037,8136,5595,7258,7662,5396,5729,2735,2844,3240,3294,2744,5172,2510,2317,7168,5156,7252,4930,6490,6866,4761,5163,2146,2435,2416,2593,1981,3847,54809,45339,8203,6999,9624,7575,8882,36,32
2021-08-19T23:59:59+02:00,142,153,3087,2857,8359,6009,8099,5570,7236,7638,5382,5714,2729,2841,3239,3293,2744,5171,2461,2293,7083,5106,7187,4891,6443,6808,4732,5131,2142,2431,2415,2593,1981,3847,54664,44999,8191,6972,9622,7566,8759,36,32
2021-08-18T23:59:59+02:00,141,151,3065,2846,8325,5988,8066,5552,7203,7623,5370,5707,2724,2838,3238,3293,2743,5170,2429,2276,7008,5072,7124,4857,6398,6778,4706,5105,2138,2427,2412,2593,1981,3846,54527,44749,8185,6910,9621,7558,8682,36,32
2021-08-17T23:59:59+02:00,141,150,3047,2830,8293,5964,8036,5540,7194,7602,5358,5696,2721,2836,3237,3292,2742,5170,2398,2251,6941,5024,7074,4821,6369,6740,4685,5084,2131,2421,2411,2590,1980,3846,54408,44467,8175,6872,9620,7551,8617,36,32
2021-08-16T23:59:59+02:00,138,148,3037,2816,8263,5949,8016,5531,7180,7586,5346,5683,2721,2836,3236,3291,2742,5170,2365,2215,6862,4979,7002,4787,6316,6699,4655,5059,2129,2419,2408,2587,1980,3846,54315,44087,8170,6858,9620,7541,8555,36,32
2021-08-15T23:59:59+02:00,138,147,3030,2806,8233,5936,7997,5520,7162,7575,5341,5676,2720,2834,3236,3290,2742,5170,2337,2174,6805,4943,6958,4753,6279,6667,4644,5046,2125,2414,2407,2585,1980,3846,54225,43798,8165,6836,9619,7537,8515,36,32
2021-08-14T23:59:59+02:00,137,147,3026,2800,8223,5931,7988,5519,7162,7572,5338,5674,2718,2833,3236,3289,2742,5170,2330,2164,6777,4929,6943,4742,6269,6650,4625,5036,2122,2411,2407,2583,1980,3845,54205,43689,8164,6823,9619,7535,8488,36,32
2021-08-13T23:59:59+02:00,135,146,3006,2792,8197,5915,7976,5505,7147,7562,5326,5666,2717,2828,3236,3288,2742,5170,2292,2139,6725,4890,6901,4707,6233,6624,4608,5021,2121,2406,2405,2583,1980,3845,54118,43437,8162,6801,9619,7534,8426,36,32
2021-08-12T23:59:59+02:00,132,140,2989,2781,8161,5892,7944,5486,7127,7537,5312,5653,2716,2826,3234,3288,2742,5170,2254,2105,6631,4833,6845,4667,6187,6571,4581,4990,2117,2403,2401,2582,1980,3845,54000,43091,8157,6775,9618,7513,8326,36,32
2021-08-11T23:59:59+02:00,129,137,2971,2767,8122,5867,7914,5472,7106,7523,5302,5636,2714,2823,3234,3287,2742,5170,2222,2074,6541,4779,6760,4618,6133,6513,4557,4948,2109,2394,2400,2580,1980,3844,53866,42656,8148,6739,9615,7504,8258,36,32
2021-08-10T23:59:59+02:00,129,136,2954,2753,8078,5849,7888,5458,7076,7507,5289,5629,2711,2823,3234,3285,2742,5169,2148,2017,6417,4714,6666,4554,6042,6442,4513,4925,2103,2385,2398,2579,1980,3843,53749,42041,8140,6718,9614,7488,8178,36,32
2021-08-09T23:59:59+02:00,128,135,2936,2748,8045,5827,7858,5447,7053,7488,5278,5617,2710,2822,3234,3285,2742,5168,2093,1967,6313,4646,6564,4507,5974,6388,4485,4889,2097,2376,2397,2577,1980,3843,53661,41574,8132,6664,9614,7467,8085,36,32
2021-08-08T23:59:59+02:00,128,133,2920,2737,8022,5811,7838,5435,7042,7478,5271,5613,2707,2822,3234,3285,2742,5168,2067,1940,6247,4599,6506,4478,5936,6364,4471,4874,2087,2371,2395,2575,1980,3843,53590,41316,8131,6622,9611,7461,8025,36,32
2021-08-07T23:59:59+02:00,127,132,2912,2730,7992,5797,7820,5428,7034,7469,5267,5608,2705,2822,3234,3285,2742,5168,2029,1917,6164,4546,6445,4443,5900,6325,4454,4860,2084,2370,2395,2572,1980,3843,53523,40981,8127,6594,9611,7452,7982,36,32
2021-08-06T23:59:59+02:00,126,131,2897,2719,7961,5784,7791,5406,7013,7446,5257,5595,2701,2820,3234,3284,2742,5168,1992,1872,6059,4470,6371,4404,5857,6281,4436,4840,2082,2367,2394,2569,1980,3843,53465,40623,8106,6561,9611,7440,7864,36,32
2021-08-05T23:59:59+02:00,124,130,2865,2702,7927,5761,7752,5381,6990,7425,5237,5569,2697,2817,3231,3281,2742,5167,1941,1820,5921,4366,6254,4342,5788,6217,4399,4795,2074,2359,2391,2567,1980,3843,53316,40125,8098,6464,9608,7383,7746,36,32
2021-08-04T23:59:59+02:00,121,127,2796,2674,7839,5722,7703,5352,6956,7387,5219,5555,2691,2814,3229,3280,2742,5167,1859,1786,5782,4291,6118,4288,5719,6151,4369,4753,2063,2353,2386,2564,1980,3842,53089,39634,8081,6409,9607,7347,7566,36,32
2021-08-03T23:59:59+02:00,118,127,2774,2654,7808,5705,7665,5333,6931,7362,5208,5543,2687,2812,3228,3277,2742,5167,1826,1756,5686,4223,6016,4237,5648,6092,4329,4714,2058,2348,2385,2562,1980,3842,52934,39167,8076,6367,9605,7322,7494,36,32
2021-08-02T23:59:59+02:00,118,127,2752,2633,7764,5677,7638,5324,6907,7348,5190,5534,2685,2807,3227,3276,2741,5167,1797,1726,5564,4134,5906,4171,5580,6043,4280,4682,2052,2335,2383,2556,1979,3841,52783,38614,8068,6329,9605,7301,7426,36,32
2021-08-01T23:59:59+02:00,117,125,2736,2621,7729,5653,7625,5311,6896,7339,5184,5528,2682,2806,3225,3276,2741,5167,1779,1707,5486,4092,5842,4124,5537,6020,4262,4662,2049,2332,2381,2553,1979,3841,52690,38331,8055,6298,9604,7276,7377,36,32
2021-07-31T23:59:59+02:00,115,124,2730,2614,7711,5645,7618,5306,6892,7329,5183,5527,2680,2806,3225,3276,2741,5167,1740,1663,5388,4030,5781,4078,5484,5984,4234,4637,2046,2329,2381,2552,1979,3841,52651,37863,8050,6281,9604,7272,7349,36,32
2021-07-30T23:59:59+02:00,112,121,2719,2606,7686,5631,7605,5284,6873,7317,5176,5519,2679,2805,3225,3275,2741,5167,1719,1645,5304,3988,5715,4021,5425,5938,4208,4620,2041,2327,2380,2549,1979,3841,52570,37506,8044,6252,9604,7263,7288,36,32
2021-07-29T23:59:59+02:00,110,120,2684,2588,7629,5586,7562,5239,6844,7277,5152,5497,2678,2801,3223,3274,2741,5167,1679,1615,5180,3890,5582,3952,5337,5848,4161,4564,2033,2318,2377,2547,1978,3841,52360,36931,8029,6197,9599,7226,7148,36,32
2021-07-28T23:59:59+02:00,108,118,2663,2576,7589,5547,7531,5215,6819,7255,5137,5486,2675,2800,3221,3271,2740,5166,1641,1571,5078,3813,5466,3886,5245,5773,4125,4529,2021,2310,2375,2545,1978,3839,52169,36363,8018,6139,9595,7187,7099,36,32
2021-07-27T23:59:59+02:00,105,116,2647,2559,7543,5524,7495,5197,6799,7236,5124,5471,2674,2798,3221,3270,2739,5166,1597,1541,4940,3727,5341,3807,5155,5701,4081,4477,2015,2297,2374,2542,1977,3839,52034,35779,8000,6055,9594,7146,7020,36,32
2021-07-26T23:59:59+02:00,104,113,2621,2543,7510,5502,7461,5180,6772,7216,5119,5458,2670,2798,3220,3270,2739,5166,1562,1486,4799,3665,5232,3743,5081,5626,4027,4442,2011,2283,2373,2536,1977,3838,51889,35224,7979,5982,9591,7097,6964,36,32
2021-07-25T23:59:59+02:00,100,110,2606,2521,7471,5478,7427,5168,6752,7195,5110,5453,2668,2795,3219,3269,2739,5165,1542,1458,4743,3622,5177,3713,5034,5587,3997,4419,2007,2279,2372,2536,1977,3838,51733,34950,7970,5950,9588,7066,6915,36,32
2021-07-24T23:59:59+02:00,100,109,2591,2513,7438,5463,7402,5155,6735,7180,5102,5448,2667,2792,3219,3269,2739,5165,1523,1439,4697,3602,5103,3668,4992,5560,3976,4411,2006,2277,2371,2534,1977,3837,51651,34757,7948,5864,9587,7066,6860,36,32
2021-07-23T23:59:59+02:00,97,107,2562,2486,7383,5437,7371,5131,6702,7155,5080,5437,2665,2789,3217,3269,2739,5165,1469,1407,4558,3502,4967,3590,4919,5491,3928,4378,2005,2269,2370,2530,1976,3837,51469,34121,7942,5837,9585,7046,6754,36,32
2021-07-22T23:59:59+02:00,95,104,2528,2457,7294,5394,7317,5092,6652,7109,5047,5413,2659,2784,3215,3268,2739,5163,1410,1367,4396,3429,4815,3518,4770,5409,3843,4326,1993,2260,2365,2528,1976,3836,51140,33487,7924,5690,9574,6976,6646,36,32
2021-07-21T23:59:59+02:00,94,100,2495,2439,7224,5358,7258,5051,6591,7071,5026,5387,2652,2778,3213,3265,2739,5161,1381,1324,4274,3345,4674,3455,4661,5300,3772,4282,1980,2248,2362,2527,1976,3834,50875,33013,7873,5480,9568,6915,6537,36,32
2021-07-20T23:59:59+02:00,93,99,2473,2411,7166,5327,7222,5018,6552,7026,4996,5369,2649,2774,3213,3265,2739,5161,1346,1294,4157,3279,4585,3407,4571,5222,3717,4251,1976,2238,2361,2526,1976,3833,50613,32548,7863,5407,9566,6865,6461,36,32
2021-07-19T23:59:59+02:00,92,99,2450,2384,7111,5285,7172,4997,6514,6994,4975,5353,2644,2769,3212,3261,2739,5160,1326,1272,4081,3232,4503,3374,4492,5158,3683,4227,1972,2232,2357,2523,1975,3833,50329,32249,7850,5289,9565,6822,6416,36,32
2021-07-18T23:59:59+02:00,92,97,2421,2356,7040,5239,7130,4966,6477,6953,4957,5343,2637,2763,3210,3261,2738,5159,1310,1252,4036,3190,4463,3344,4443,5137,3647,4212,1966,2222,2356,2523,1975,3831,50009,32047,7834,5215,9561,6796,6382,36,31
2021-07-17T23:59:59+02:00,90,93,2404,2342,7021,5225,7111,4948,6457,6935,4937,5332,2633,2762,3210,3260,2738,5158,1298,1239,4002,3156,4420,3324,4403,5105,3618,4200,1960,2219,2356,2521,1975,3831,49894,31889,7825,5160,9560,6787,6323,36,31
2021-07-16T23:59:59+02:00,90,90,2364,2314,6958,5191,7052,4914,6412,6892,4905,5304,2626,2756,3208,3259,2738,5158,1260,1215,3899,3106,4327,3282,4315,5046,3557,4152,1946,2208,2350,2519,1975,3830,49712,31540,7796,5133,9547,6718,6119,36,31
2021-07-15T23:59:59+02:00,87,85,2321,2283,6881,5153,6990,4872,6362,6838,4888,5277,2623,2750,3205,3256,2738,5158,1208,1183,3698,2994,4144,3178,4163,4947,3495,4090,1937,2199,2347,2514,1975,3830,49369,30845,7778,4905,9541,6651,6017,36,31
2021-07-14T23:59:59+02:00,85,83,2284,2265,6808,5119,6914,4837,6307,6794,4867,5253,2615,2744,3202,3254,2738,5158,1161,1145,3581,2907,4041,3115,4058,4877,3452,4045,1924,2191,2346,2511,1975,3830,49048,30372,7762,4807,9538,6577,5914,36,31
2021-07-13T23:59:59+02:00,82,77,2253,2233,6749,5087,6849,4799,6265,6747,4844,5235,2607,2738,3200,3254,2738,5158,1127,1114,3479,2829,3915,3048,3970,4789,3398,3983,1897,2184,2343,2506,1974,3828,48719,29892,7754,4673,9537,6482,5840,35,31
2021-07-12T23:59:59+02:00,76,75,2225,2207,6680,5042,6780,4753,6214,6708,4819,5208,2602,2735,3197,3253,2738,5158,1097,1092,3380,2754,3803,2982,3864,4707,3347,3936,1886,2173,2338,2496,1974,3828,48373,29444,7741,4554,9533,6401,5756,35,30
2021-07-11T23:59:59+02:00,71,74,2214,2192,6644,5024,6750,4732,6184,6690,4810,5199,2599,2730,3195,3253,2737,5158,1088,1076,3337,2713,3745,2953,3811,4680,3325,3921,1877,2161,2335,2492,1974,3828,48261,29268,7720,4521,9531,6345,5676,35,30
2021-07-10T23:59:59+02:00,70,73,2191,2157,6564,4974,6687,4698,6134,6653,4784,5188,2596,2727,3195,3250,2737,5157,1071,1056,3281,2670,3698,2923,3774,4649,3309,3909,1871,2154,2335,2490,1974,3828,48005,29089,7698,4519,9515,6329,5545,35,30
2021-07-09T23:59:59+02:00,69,71,2168,2134,6491,4932,6636,4672,6084,6618,4766,5167,2594,2722,3194,3249,2737,5157,1050,1039,3223,2624,3647,2888,3725,4614,3281,3882,1868,2139,2333,2489,1974,3828,47774,28880,7663,4489,9508,6274,5439,35,30
2021-07-08T23:59:59+02:00,65,68,2111,2087,6391,4866,6529,4614,6018,6553,4730,5133,2586,2713,3191,3245,2737,5157,974,987,3056,2536,3454,2816,3550,4519,3206,3814,1851,2123,2331,2480,1973,3827,47439,28393,7585,4201,9475,6149,5215,35,30
2021-07-07T23:59:59+02:00,65,67,2039,2040,6268,4790,6422,4556,5943,6494,4694,5085,2580,2703,3186,3240,2737,5157,923,951,2907,2457,3283,2737,3392,4411,3148,3750,1832,2094,2323,2472,1973,3825,46927,27844,7538,3959,9456,6067,5060,35,30
2021-07-06T23:59:59+02:00,63,67,1992,2002,6155,4734,6329,4513,5886,6425,4650,5049,2574,2697,3182,3235,2737,5157,886,915,2794,2360,3192,2676,3315,4317,3088,3695,1806,2063,2318,2465,1973,3825,46474,27339,7491,3855,9440,5982,4956,35,30
2021-07-05T23:59:59+02:00,61,67,1920,1952,6009,4657,6216,4471,5816,6370,4608,5009,2570,2690,3180,3233,2737,5155,841,873,2685,2286,3114,2628,3236,4244,3040,3638,1785,2044,2311,2456,1972,3822,45989,26958,7447,3781,9415,5897,4779,35,30
2021-07-04T23:59:59+02:00,61,66,1874,1915,5922,4614,6171,4441,5775,6350,4590,4987,2567,2688,3180,3231,2737,5154,802,849,2624,2233,3077,2604,3206,4210,3017,3615,1770,2020,2308,2455,1971,3822,45779,26821,7408,3724,9387,5819,4656,35,30
2021-07-03T23:59:59+02:00,58,52,1771,1838,5710,4457,6020,4353,5687,6259,4542,4950,2565,2685,3180,3227,2737,5154,760,824,2558,2186,3027,2582,3168,4164,2986,3585,1764,2013,2307,2451,1971,3820,44945,26647,7375,3722,9379,5790,4442,35,30
2021-07-02T23:59:59+02:00,52,44,1732,1795,5632,4411,5973,4318,5667,6233,4529,4932,2564,2679,3179,3226,2736,5154,739,797,2487,2137,2957,2543,3124,4115,2956,3545,1746,1996,2303,2445,1971,3818,44668,26362,7340,3696,9374,5690,4363,35,30
2021-07-01T23:59:59+02:00,45,37,1684,1758,5524,4340,5883,4270,5589,6162,4501,4902,2560,2674,3178,3225,2736,5153,672,758,2295,2061,2769,2457,2948,4001,2857,3458,1716,1972,2294,2432,1970,3816,44248,25597,7280,3492,9359,5583,4221,35,30
2021-06-30T23:59:59+02:00,45,35,1634,1707,5403,4251,5783,4220,5530,6113,4489,4878,2556,2667,3176,3222,2736,5153,636,721,2190,1994,2658,2405,2839,3912,2795,3381,1696,1940,2285,2420,1969,3815,43820,25132,7218,3377,9342,5458,4101,35,30
2021-06-29T23:59:59+02:00,44,32,1578,1629,5292,4159,5687,4166,5476,6053,4461,4849,2551,2662,3175,3221,2735,5152,607,681,2111,1914,2579,2341,2739,3795,2734,3330,1680,1906,2272,2406,1968,3812,43295,24645,7188,3303,9334,5348,3983,35,30
2021-06-28T23:59:59+02:00,42,30,1543,1571,5176,4096,5619,4110,5431,6010,4433,4824,2547,2654,3174,3219,2735,5152,590,656,2014,1850,2501,2286,2668,3713,2688,3283,1662,1887,2264,2400,1968,3809,42892,24329,7127,3163,9322,5251,3897,35,30
2021-06-27T23:59:59+02:00,41,29,1512,1545,5126,4055,5572,4079,5388,5991,4422,4813,2544,2650,3174,3218,2735,5152,570,639,1963,1805,2464,2266,2623,3675,2658,3266,1652,1872,2263,2390,1968,3809,42704,24183,7090,3108,9301,5166,3823,35,30
2021-06-26T23:59:59+02:00,32,24,1480,1517,5053,4009,5479,4035,5347,5956,4401,4799,2544,2648,3174,3216,2735,5152,564,629,1931,1784,2428,2247,2601,3653,2637,3245,1630,1862,2262,2388,1968,3809,42340,23963,7005,3105,9301,5142,3823,34,30
2021-06-25T23:59:59+02:00,26,16,1444,1475,4942,3930,5425,4006,5312,5930,4376,4788,2540,2645,3172,3215,2735,5152,555,604,1884,1762,2367,2180,2504,3514,2591,3144,1622,1840,2258,2385,1966,3808,41904,23508,6970,3079,9300,4962,3821,34,30
2021-06-24T23:59:59+02:00,19,13,1394,1426,4756,3816,5299,3955,5215,5887,4332,4757,2535,2642,3172,3214,2734,5152,516,582,1773,1695,2199,2113,2342,3434,2480,3049,1589,1817,2248,2379,1965,3805,41261,22997,6915,2771,9291,4877,3712,34,30
2021-06-23T23:59:59+02:00,19,13,1363,1392,4673,3762,5214,3904,5162,5842,4308,4722,2525,2635,3168,3212,2733,5151,482,564,1707,1636,2099,2066,2226,3343,2377,2955,1566,1793,2242,2372,1964,3803,40835,22453,6861,2697,9286,4733,3676,34,30
2021-06-22T23:59:59+02:00,18,13,1336,1371,4598,3698,5132,3858,5116,5796,4280,4696,2521,2629,3168,3211,2732,5151,468,546,1649,1595,2015,2012,2145,3233,2271,2860,1553,1769,2233,2360,1964,3799,40426,22027,6815,2579,9282,4573,3651,34,29
2021-06-21T23:59:59+02:00,17,13,1307,1330,4484,3614,5051,3814,5050,5734,4253,4678,2517,2615,3167,3206,2731,5149,452,530,1614,1561,1981,1971,2095,3153,2204,2782,1530,1733,2211,2337,1964,3795,39906,21737,6772,2483,9279,4429,3618,34,29
2021-06-20T23:59:59+02:00,16,11,1283,1299,4412,3553,5007,3795,5015,5714,4230,4666,2513,2613,3166,3206,2730,5149,436,515,1581,1532,1956,1947,2060,3126,2155,2741,1523,1718,2209,2331,1964,3794,39628,21549,6742,2446,9266,4364,3581,34,28
2021-06-19T23:59:59+02:00,15,11,1272,1280,4371,3522,4987,3769,4983,5690,4212,4657,2510,2611,3166,3205,2729,5149,431,511,1564,1515,1940,1920,2047,3102,2130,2706,1515,1710,2206,2328,1962,3793,39465,21393,6679,2417,9266,4355,3561,34,28
2021-06-18T23:59:59+02:00,11,8,1254,1260,4301,3480,4937,3732,4933,5651,4188,4645,2506,2607,3165,3203,2729,5149,418,501,1543,1498,1914,1888,2002,3053,2074,2645,1502,1694,2206,2323,1961,3790,39146,21081,6632,2414,9265,4310,3547,34,28
2021-06-17T23:59:59+02:00,9,7,1210,1224,4141,3410,4750,3658,4761,5559,4128,4600,2500,2604,3165,3202,2728,5149,385,484,1445,1465,1738,1826,1841,2959,1972,2566,1479,1672,2195,2311,1959,3788,38545,20615,6571,2308,9257,4233,3261,32,28
2021-06-16T23:59:59+02:00,9,7,1185,1191,4038,3327,4653,3606,4655,5490,4083,4570,2492,2600,3164,3198,2727,5148,369,463,1386,1429,1676,1795,1760,2879,1909,2493,1464,1645,2182,2298,1959,3784,38064,20215,6448,2240,9247,4155,3207,32,28
2021-06-15T23:59:59+02:00,9,7,1152,1158,3901,3245,4584,3550,4580,5417,4042,4538,2482,2593,3159,3196,2727,5147,359,440,1336,1382,1629,1754,1691,2821,1840,2422,1447,1615,2177,2284,1958,3783,37522,19892,6411,2154,9235,4083,3130,32,28
2021-06-14T23:59:59+02:00,9,5,1126,1124,3810,3193,4500,3493,4501,5347,3990,4505,2478,2583,3159,3192,2726,5146,349,427,1297,1349,1583,1723,1645,2764,1781,2369,1435,1589,2172,2277,1957,3781,37064,19648,6322,2087,9229,4004,3076,31,28
2021-06-13T23:59:59+02:00,9,5,1111,1110,3759,3150,4443,3449,4452,5309,3971,4490,2477,2577,3158,3191,2726,5144,343,420,1264,1332,1548,1698,1602,2728,1742,2326,1420,1568,2166,2266,1957,3779,36805,19460,6286,2065,9224,3929,3016,31,28
2021-06-12T23:59:59+02:00,9,4,1094,1089,3731,3124,4414,3427,4435,5295,3955,4480,2474,2574,3157,3190,2726,5143,339,419,1256,1315,1525,1674,1575,2709,1696,2304,1409,1557,2154,2263,1957,3779,36618,19297,6274,2065,9224,3871,3003,31,28
2021-06-11T23:59:59+02:00,8,4,1077,1076,3691,3079,4340,3399,4396,5259,3929,4469,2473,2570,3156,3188,2726,5142,329,407,1235,1282,1499,1654,1529,2659,1640,2257,1399,1542,2152,2258,1957,3778,36327,19045,6247,2057,9220,3795,2980,31,28
2021-06-10T23:59:59+02:00,7,4,1017,1034,3571,2998,4209,3317,4295,5190,3873,4434,2470,2562,3154,3186,2725,5142,313,395,1175,1246,1432,1593,1464,2588,1551,2152,1366,1508,2147,2248,1956,3775,35750,18615,6114,2050,9202,3639,2898,31,28
2021-06-09T23:59:59+02:00,7,2,968,1002,3442,2903,4069,3259,4203,5112,3829,4392,2466,2556,3151,3183,2725,5142,295,379,1113,1212,1364,1565,1402,2506,1475,2077,1340,1450,2139,2234,1955,3772,35263,18293,5948,1997,9199,3508,2768,31,28
2021-06-08T23:59:59+02:00,6,2,920,963,3313,2819,3946,3174,4102,5026,3773,4365,2458,2551,3148,3180,2724,5140,283,358,1070,1173,1307,1534,1348,2447,1428,2003,1316,1415,2128,2216,1951,3768,34711,18055,5812,1950,9189,3371,2651,31,27
2021-06-07T23:59:59+02:00,5,2,892,937,3208,2744,3814,3137,3978,4953,3723,4337,2444,2545,3147,3178,2724,5138,274,351,1024,1134,1252,1512,1303,2393,1359,1950,1301,1394,2112,2199,1950,3760,34332,17883,5633,1915,9181,3240,2504,31,27
2021-06-06T23:59:59+02:00,5,2,873,927,3150,2703,3727,3091,3906,4923,3689,4323,2441,2539,3145,3177,2722,5137,267,338,1010,1108,1221,1482,1280,2335,1327,1891,1285,1378,2105,2192,1948,3757,34119,17777,5498,1867,9175,3126,2423,31,27
2021-06-05T23:59:59+02:00,5,2,858,908,3080,2645,3681,3063,3870,4899,3676,4319,2440,2537,3145,3176,2722,5136,262,331,994,1087,1199,1461,1256,2306,1292,1870,1267,1354,2103,2188,1948,3757,33846,17614,5493,1863,9169,3077,2384,31,26
2021-06-04T23:59:59+02:00,3,2,835,892,3027,2595,3606,3022,3800,4844,3647,4300,2436,2534,3142,3176,2722,5136,252,324,974,1055,1178,1447,1222,2270,1259,1834,1249,1330,2093,2183,1948,3755,33525,17454,5447,1858,9166,3019,2303,31,26
2021-06-03T23:59:59+02:00,3,2,790,861,2872,2497,3424,2917,3621,4728,3555,4227,2428,2524,3138,3171,2722,5136,241,311,941,1019,1121,1395,1155,2178,1199,1770,1212,1285,2083,2169,1948,3753,32850,17232,5219,1843,9151,2856,2101,31,26
2021-06-02T23:59:59+02:00,3,2,761,853,2799,2419,3357,2863,3557,4663,3512,4201,2426,2520,3138,3170,2722,5136,226,306,921,988,1068,1365,1105,2133,1147,1721,1197,1246,2079,2166,1948,3753,32494,17017,5202,1829,9150,2818,1950,31,26
2021-06-01T23:59:59+02:00,3,2,716,825,2638,2309,3166,2763,3378,4547,3448,4139,2415,2512,3135,3164,2722,5136,213,293,843,940,969,1302,1016,2016,1092,1646,1164,1189,2070,2154,1946,3748,31889,16740,4983,1789,9139,2623,1681,31,26
2021-05-31T23:59:59+02:00,3,2,682,803,2512,2227,3028,2669,3264,4448,3389,4090,2409,2499,3133,3159,2722,5135,199,280,795,898,902,1252,967,1936,1050,1588,1142,1158,2064,2149,1944,3746,31500,16566,4754,1774,9120,2489,1465,31,26
2021-05-30T23:59:59+02:00,3,2,672,790,2457,2177,2956,2632,3207,4403,3369,4068,2405,2494,3132,3158,2721,5133,190,261,756,861,850,1207,922,1872,1027,1536,1128,1142,2058,2139,1944,3744,31350,16469,4692,1764,9109,2334,1289,31,26
2021-05-29T23:59:59+02:00,3,1,670,788,2443,2160,2933,2620,3190,4385,3359,4059,2404,2493,3132,3158,2721,5133,187,251,750,851,832,1183,904,1820,1010,1499,1114,1123,2057,2131,1943,3744,31226,16371,4690,1764,9107,2193,1288,31,26
2021-05-28T23:59:59+02:00,3,1,663,778,2412,2125,2888,2595,3165,4367,3347,4043,2404,2489,3130,3152,2721,5133,184,243,739,840,822,1163,894,1780,975,1455,1091,1094,2054,2123,1942,3742,31000,16192,4680,1762,9103,2117,1284,31,26
2021-05-27T23:59:59+02:00,3,1,620,757,2285,2070,2755,2523,3030,4290,3264,3990,2395,2475,3129,3150,2721,5130,170,227,676,790,747,1107,814,1682,909,1369,1069,1062,2040,2102,1941,3740,30518,15976,4549,1721,9070,1868,1088,31,25
2021-05-26T23:59:59+02:00,3,1,591,732,2186,2006,2596,2465,2905,4225,3209,3938,2384,2463,3124,3143,2718,5124,164,210,639,751,701,1071,767,1613,863,1312,1052,1033,2021,2068,1936,3734,30123,15746,4318,1708,9042,1730,957,31,25
2021-05-25T23:59:59+02:00,3,1,569,717,2103,1949,2497,2423,2798,4142,3158,3902,2371,2454,3121,3138,2717,5120,155,202,620,722,668,1037,721,1553,812,1251,1028,1010,1991,2034,1935,3729,29771,15518,4139,1669,9001,1594,893,30,23
2021-05-24T23:59:59+02:00,3,1,556,696,2048,1909,2422,2392,2729,4089,3105,3860,2359,2446,3115,3137,2714,5119,151,194,601,704,641,1005,683,1491,788,1197,1007,993,1985,2030,1930,3728,29589,15413,3967,1656,8965,1470,794,30,23
2021-05-23T23:59:59+02:00,3,1,553,694,2035,1898,2410,2378,2718,4076,3094,3846,2355,2443,3115,3135,2714,5119,150,193,597,698,634,1001,666,1478,776,1189,1001,987,1980,2026,1928,3724,29480,15332,3964,1649,8964,1460,792,30,23
2021-05-22T23:59:59+02:00,3,1,548,684,2012,1879,2378,2362,2694,4046,3065,3818,2346,2438,3113,3132,2714,5118,147,185,590,693,630,991,653,1472,770,1180,988,980,1972,2011,1928,3724,29251,15262,3963,1649,8962,1422,783,30,23
2021-05-21T23:59:59+02:00,3,1,536,666,1931,1848,2290,2318,2629,3996,3022,3770,2339,2424,3110,3131,2714,5116,147,182,584,686,618,981,639,1460,750,1160,971,951,1960,2005,1928,3723,28785,15160,3936,1647,8945,1360,780,30,23
2021-05-20T23:59:59+02:00,3,1,498,645,1799,1778,2161,2244,2506,3900,2938,3684,2320,2410,3101,3123,2712,5113,140,173,556,651,585,942,611,1401,719,1097,944,917,1948,1990,1926,3720,28118,15025,3820,1631,8872,1153,708,30,23
2021-05-19T23:59:59+02:00,3,1,458,610,1693,1704,2025,2178,2370,3804,2834,3587,2301,2390,3094,3116,2706,5112,127,165,529,631,553,908,582,1350,692,1036,923,896,1928,1960,1919,3716,27380,14849,3749,1610,8830,1057,590,30,23
2021-05-18T23:59:59+02:00,3,0,436,588,1617,1644,1928,2119,2256,3682,2737,3488,2289,2370,3086,3108,2705,5108,119,158,505,611,531,875,565,1273,674,973,906,869,1914,1940,1915,3709,26874,14712,3577,1570,8774,951,491,30,23
2021-05-17T23:59:59+02:00,3,0,415,576,1561,1609,1875,2066,2180,3573,2683,3415,2270,2350,3075,3100,2703,5103,114,150,485,597,521,840,552,1209,662,918,886,835,1909,1929,1914,3704,26568,14623,3430,1533,8708,853,399,30,22
2021-05-16T23:59:59+02:00,3,0,411,575,1533,1580,1845,2043,2136,3520,2624,3356,2256,2341,3072,3096,2703,5102,111,148,477,578,512,824,538,1159,642,876,857,804,1903,1924,1914,3703,26382,14563,3362,1496,8670,764,326,30,22
2021-05-15T23:59:59+02:00,3,0,406,570,1507,1563,1826,2024,2116,3496,2597,3319,2249,2341,3071,3093,2702,5102,110,145,475,577,512,823,533,1155,634,868,853,802,1899,1921,1914,3703,26180,14531,3362,1495,8663,756,321,28,22
2021-05-14T23:59:59+02:00,3,0,393,557,1477,1533,1786,1981,2036,3424,2543,3271,2239,2329,3068,3093,2700,5102,108,142,472,561,494,798,513,1124,620,852,840,788,1891,1912,1914,3702,25800,14471,3320,1479,8640,655,302,28,22
2021-05-13T23:59:59+02:00,2,0,372,541,1419,1484,1682,1937,1920,3336,2472,3180,2212,2311,3059,3087,2698,5096,103,139,460,553,484,783,507,1109,609,839,812,758,1875,1886,1913,3696,25354,14384,3102,1427,8587,615,275,28,20
2021-05-12T23:59:59+02:00,1,0,365,537,1401,1476,1664,1928,1900,3311,2457,3162,2209,2304,3053,3084,2698,5095,103,137,457,553,483,776,503,1104,605,833,804,744,1871,1877,1911,3696,25218,14328,3080,1417,8581,614,272,27,20
2021-05-11T23:59:59+02:00,1,0,345,517,1333,1439,1567,1890,1791,3213,2353,3084,2192,2276,3044,3073,2694,5094,97,127,442,525,464,749,483,1072,571,811,778,711,1859,1866,1909,3692,24804,14209,2912,1377,8469,526,215,27,20
2021-05-10T23:59:59+02:00,1,0,330,500,1295,1409,1514,1860,1725,3153,2293,3012,2179,2261,3035,3064,2693,5090,97,124,436,518,455,728,476,1048,566,788,764,692,1853,1859,1907,3688,24526,14142,2836,1369,8353,472,187,27,19
2021-05-09T23:59:59+02:00,1,0,324,490,1254,1389,1489,1843,1679,3116,2225,2964,2168,2247,3032,3058,2693,5085,94,121,427,509,447,722,466,1039,555,774,750,682,1844,1854,1906,3685,24289,14094,2782,1362,8303,423,164,27,18
2021-05-08T23:59:59+02:00,1,0,318,487,1243,1370,1458,1822,1649,3090,2173,2945,2161,2239,3030,3057,2691,5084,93,121,426,508,445,721,465,1034,555,768,745,681,1838,1844,1906,3685,24054,14075,2778,1354,8299,410,163,27,18
2021-05-07T23:59:59+02:00,1,0,308,480,1216,1343,1408,1802,1590,3027,2118,2896,2152,2229,3029,3052,2689,5079,90,118,414,495,435,694,452,999,532,743,739,656,1817,1830,1906,3681,23775,14004,2749,1329,8235,306,129,27,16
2021-05-06T23:59:59+02:00,1,0,291,467,1128,1306,1290,1740,1451,2915,1977,2804,2113,2195,3025,3039,2688,5075,87,112,401,481,423,677,440,976,513,721,724,638,1800,1814,1902,3674,23270,13921,2557,1307,8027,221,101,25,15
2021-05-05T23:59:59+02:00,1,0,276,453,1088,1280,1245,1704,1384,2850,1888,2720,2089,2161,3011,3024,2688,5064,87,108,393,472,418,665,433,965,506,703,703,625,1774,1792,1902,3671,22810,13834,2497,1284,7967,173,94,25,14
2021-05-04T23:59:59+02:00,1,0,268,442,1053,1257,1206,1683,1339,2803,1829,2652,2069,2126,3001,3010,2678,5051,83,104,386,461,415,660,423,945,497,683,685,602,1755,1765,1898,3671,22464,13730,2434,1251,7919,132,88,25,13
2021-05-03T23:59:59+02:00,1,0,263,434,1022,1235,1170,1666,1310,2769,1782,2615,2052,2097,2988,3001,2676,5045,78,98,374,455,407,652,419,937,489,676,666,591,1728,1737,1896,3667,22212,13625,2410,1240,7871,111,61,25,12
2021-05-02T23:59:59+02:00,1,0,257,432,1008,1223,1142,1650,1284,2755,1767,2591,2044,2082,2983,2998,2674,5042,76,98,368,452,403,647,415,931,486,670,658,578,1705,1722,1896,3666,22086,13579,2393,1215,7831,97,46,25,12
2021-05-01T23:59:59+02:00,1,0,253,427,1000,1214,1130,1640,1270,2742,1750,2572,2035,2076,2980,2994,2674,5042,76,97,368,451,402,647,413,927,486,669,656,578,1705,1722,1896,3666,21949,13571,2393,1215,7831,94,45,25,12
2021-04-30T23:59:59+02:00,1,0,251,421,990,1192,1109,1620,1232,2678,1687,2511,2021,2058,2973,2989,2673,5038,75,95,367,445,399,641,412,902,481,658,649,572,1702,1716,1896,3664,21627,13555,2388,1203,7827,69,14,25,11
2021-04-29T23:59:59+02:00,1,0,237,406,942,1168,1071,1584,1183,2622,1593,2435,1970,2010,2963,2977,2668,5026,75,94,361,444,394,636,405,891,470,647,634,560,1687,1703,1890,3658,21130,13477,2352,1176,7767,48,13,25,11
2021-04-28T23:59:59+02:00,1,0,226,403,927,1153,1041,1572,1147,2582,1525,2379,1927,1948,2950,2972,2666,5023,72,93,354,441,391,627,401,881,463,633,616,541,1668,1684,1890,3656,20815,13398,2307,1128,7710,35,12,25,11
2021-04-27T23:59:59+02:00,1,0,224,395,913,1139,1025,1559,1124,2556,1502,2352,1892,1903,2943,2965,2664,5019,70,90,352,438,389,622,399,877,457,628,608,530,1656,1661,1886,3653,20610,13337,2275,1099,7675,30,12,23,11
2021-04-26T23:59:59+02:00,1,0,221,388,904,1130,1015,1546,1097,2538,1448,2303,1874,1882,2933,2954,2661,5013,70,90,348,434,389,620,393,874,453,622,598,518,1641,1646,1884,3649,20419,13290,2259,1060,7607,28,12,23,11
2021-04-25T23:59:59+02:00,1,0,221,387,896,1120,1002,1538,1080,2519,1415,2268,1850,1859,2925,2947,2661,5012,69,89,347,429,386,619,391,870,451,621,595,512,1635,1636,1884,3647,20283,13271,2235,1040,7555,20,12,23,10
2021-04-24T23:59:59+02:00,1,0,217,383,885,1110,989,1524,1066,2500,1379,2246,1840,1835,2922,2941,2661,5012,69,89,347,429,385,619,391,868,450,618,594,509,1634,1633,1884,3647,20109,13264,2235,1031,7535,20,12,23,10
2021-04-23T23:59:59+02:00,1,0,213,376,874,1097,982,1514,1045,2480,1320,2198,1815,1808,2915,2935,2661,5009,68,87,347,429,385,618,390,865,447,614,587,501,1625,1624,1884,3642,19946,13237,2223,1004,7435,20,12,23,10
2021-04-22T23:59:59+02:00,1,0,211,368,848,1077,958,1491,1014,2438,1265,2133,1768,1756,2902,2915,2659,5000,68,86,345,424,379,610,387,855,442,608,575,493,1606,1610,1879,3637,19636,13162,2167,977,7357,13,12,23,10
2021-04-21T23:59:59+02:00,1,0,205,361,829,1062,933,1472,975,2401,1214,2082,1721,1687,2880,2893,2652,4992,66,84,342,422,377,607,384,850,439,601,570,487,1594,1588,1868,3632,19282,13091,2133,955,7296,13,12,23,10
2021-04-20T23:59:59+02:00,1,0,199,356,813,1038,915,1451,952,2348,1173,2029,1662,1620,2850,2867,2646,4976,65,84,340,421,373,603,379,844,439,594,563,478,1571,1555,1864,3628,18958,13005,2060,932,7225,12,12,23,10
2021-04-19T23:59:59+02:00,1,0,197,347,799,1027,901,1432,935,2315,1148,1995,1622,1574,2837,2852,2644,4971,65,83,339,419,368,598,375,835,434,583,559,472,1543,1528,1858,3615,18744,12910,2043,904,7156,9,11,22,10
2021-04-18T23:59:59+02:00,1,0,196,344,792,1018,890,1422,914,2295,1125,1975,1581,1533,2828,2845,2638,4965,64,81,338,418,368,598,374,830,433,580,556,466,1533,1522,1855,3613,18605,12880,2012,888,7083,9,11,22,10
2021-04-17T23:59:59+02:00,1,0,194,340,789,1015,883,1420,905,2290,1118,1967,1561,1506,2823,2836,2638,4965,64,78,336,413,367,598,372,826,432,577,551,460,1523,1514,1855,3610,18522,12829,2011,886,7055,9,11,22,10
2021-04-16T23:59:59+02:00,1,0,193,339,780,1009,870,1403,891,2267,1080,1927,1505,1439,2809,2821,2634,4958,59,76,333,406,366,596,367,814,425,563,525,429,1510,1492,1844,3597,18291,12722,1994,819,6976,8,11,21,9
2021-04-15T23:59:59+02:00,1,0,192,334,758,992,852,1391,866,2222,1038,1886,1453,1383,2780,2793,2619,4942,57,75,328,400,361,595,359,808,415,560,510,421,1476,1459,1832,3582,18012,12605,1977,772,6844,7,11,20,9
2021-04-14T23:59:59+02:00,1,0,191,328,749,985,845,1378,851,2188,1019,1856,1395,1336,2730,2728,2606,4926,54,71,323,397,357,590,356,800,405,546,494,402,1440,1428,1825,3563,17729,12465,1956,725,6755,7,11,18,9
2021-04-13T23:59:59+02:00,1,0,187,322,740,981,834,1367,840,2163,986,1827,1329,1261,2677,2670,2598,4911,52,71,319,394,349,584,349,792,397,538,481,394,1413,1406,1816,3552,17477,12367,1904,680,6641,5,11,17,9
2021-04-12T23:59:59+02:00,1,0,187,321,734,976,826,1355,814,2140,970,1806,1277,1225,2657,2640,2594,4897,51,67,309,386,344,578,344,784,391,531,463,384,1395,1391,1813,3544,17339,12274,1879,638,6528,5,11,15,9
2021-04-11T23:59:59+02:00,0,0,185,320,728,966,819,1350,800,2124,954,1789,1255,1194,2636,2618,2589,4890,50,65,304,384,342,576,343,780,386,523,458,375,1380,1386,1808,3537,17265,12221,1854,612,6421,4,11,15,9
2021-04-10T23:59:59+02:00,0,0,185,318,728,963,816,1349,793,2116,947,1782,1241,1179,2623,2602,2588,4890,45,60,281,371,327,561,329,768,371,513,445,368,1368,1366,1803,3531,17209,12043,1845,596,6389,4,10,15,9
2021-04-09T23:59:59+02:00,0,0,185,314,723,959,806,1326,785,2032,927,1700,1186,1108,2580,2574,2585,4882,38,58,267,357,309,548,309,754,358,496,428,359,1326,1336,1790,3517,17046,11808,1808,566,6138,4,8,13,8
2021-04-08T23:59:59+02:00,0,0,183,310,719,952,795,1317,770,2014,903,1678,1111,1025,2522,2534,2572,4872,37,56,259,343,296,540,293,738,332,478,401,336,1277,1297,1766,3483,16869,11519,1741,533,5987,4,7,13,8
2021-04-07T23:59:59+02:00,0,0,177,307,710,946,787,1303,753,1986,880,1646,1057,966,2468,2473,2563,4857,35,53,241,327,286,534,284,725,317,465,372,316,1230,1258,1747,3445,16673,11247,1696,502,5826,4,7,13,8
2021-04-06T23:59:59+02:00,0,0,173,306,703,942,773,1288,733,1963,852,1620,1023,919,2427,2423,2555,4847,33,52,240,324,282,531,274,722,307,460,361,302,1200,1228,1727,3423,16552,11112,1661,468,5646,4,7,13,8
2021-04-05T23:59:59+02:00,0,0,173,306,702,936,768,1278,724,1947,841,1605,994,893,2400,2380,2550,4839,33,52,240,320,281,527,271,715,301,458,359,295,1166,1203,1719,3404,16487,11018,1644,438,5513,4,7,13,8
2021-04-04T23:59:59+02:00,0,0,172,303,699,929,763,1267,715,1931,834,1583,979,878,2392,2374,2550,4838,33,52,240,320,280,527,271,715,300,458,357,295,1148,1189,1715,3400,16455,10973,1641,438,5420,4,7,12,8
2021-04-03T23:59:59+02:00,0,0,172,303,699,929,761,1265,714,1926,826,1579,966,868,2386,2364,2547,4837,33,52,240,320,280,527,271,714,300,456,357,295,1148,1184,1715,3397,16409,10962,1641,438,5399,4,7,12,8
2021-04-02T23:59:59+02:00,0,0,172,302,699,928,760,1262,710,1919,818,1568,954,857,2364,2342,2545,4834,33,52,237,320,278,525,268,707,293,451,352,293,1127,1156,1703,3370,16337,10843,1629,431,5372,4,7,12,8
2021-04-01T23:59:59+02:00,0,0,169,299,693,917,747,1249,704,1899,800,1547,923,822,2324,2293,2539,4815,32,51,229,317,276,521,265,700,287,446,340,285,1088,1117,1670,3327,16204,10641,1566,417,5269,4,7,12,8
2021-03-31T23:59:59+02:00,0,0,166,296,686,910,737,1233,695,1853,786,1504,906,803,2277,2228,2518,4796,32,51,228,316,271,519,260,698,277,435,325,279,1023,1064,1646,3295,16084,10429,1498,398,5111,4,6,12,8
2021-03-30T23:59:59+02:00,0,0,162,289,680,901,733,1212,684,1814,775,1460,883,784,2228,2162,2504,4774,32,50,225,313,268,516,258,692,272,427,314,273,989,1035,1624,3259,15934,10272,1451,380,4957,4,6,12,8
2021-03-29T23:59:59+02:00,0,0,159,283,674,888,727,1201,674,1782,762,1421,864,766,2153,2094,2483,4744,32,49,224,311,267,514,254,684,264,416,307,267,961,1013,1611,3232,15725,10140,1407,370,4838,4,6,12,8
2021-03-28T23:59:59+02:00,0,0,151,266,664,881,720,1192,669,1761,757,1403,857,745,2106,2049,2478,4732,32,48,221,311,263,508,250,681,262,413,305,265,950,1002,1605,3224,15644,10082,1352,362,4729,4,6,12,8
2021-03-27T23:59:59+01:00,0,0,151,263,660,874,716,1188,663,1750,754,1396,846,730,2094,2035,2478,4729,32,48,221,311,263,508,249,674,259,408,303,264,943,992,1588,3200,15588,10015,1343,352,4688,4,6,12,8
2021-03-26T23:59:59+01:00,0,0,149,261,650,862,710,1172,654,1731,746,1365,827,710,2068,2010,2468,4719,32,48,221,311,262,506,249,673,253,396,298,256,911,960,1555,3151,15480,9835,1306,352,4605,4,4,12,8
2021-03-25T23:59:59+01:00,0,0,146,260,640,850,689,1151,636,1693,727,1322,807,690,2025,1966,2452,4701,32,47,218,306,261,505,243,670,251,394,290,252,872,929,1493,3072,15364,9599,1252,338,4426,3,4,11,8
2021-03-24T23:59:59+01:00,0,0,143,251,626,837,682,1137,627,1655,712,1288,782,672,1982,1922,2435,4677,32,47,216,303,259,503,241,670,245,391,283,246,827,904,1442,2979,15225,9370,1218,322,4271,2,3,11,8
2021-03-23T23:59:59+01:00,0,0,140,249,619,827,668,1125,617,1633,699,1248,764,658,1941,1891,2419,4658,31,46,214,302,257,499,234,665,242,384,273,242,802,880,1364,2881,15131,9107,1189,311,4120,2,3,11,8
2021-03-22T23:59:59+01:00,0,0,137,244,601,809,650,1106,606,1600,684,1222,753,645,1910,1866,2408,4642,31,45,213,300,255,497,233,657,241,380,270,237,775,858,1272,2775,15048,8842,1157,299,3961,2,3,10,8
2021-03-21T23:59:59+01:00,0,0,134,242,597,803,646,1103,601,1576,674,1187,747,634,1886,1859,2401,4626,31,45,212,300,254,495,232,656,239,378,268,233,769,855,1263,2766,15014,8808,1136,290,3843,2,3,10,7
2021-03-20T23:59:59+01:00,0,0,132,242,591,800,642,1100,598,1572,672,1185,742,625,1862,1835,2394,4614,31,45,212,300,253,495,231,654,236,372,266,231,760,849,1245,2752,14951,8754,1126,280,3804,2,3,10,7
2021-03-19T23:59:59+01:00,0,0,123,230,585,786,634,1093,594,1554,655,1171,707,581,1804,1793,2364,4593,30,45,212,299,252,495,230,647,233,369,264,225,734,830,1208,2699,14780,8608,1050,265,3707,2,3,9,7
2021-03-18T23:59:59+01:00,0,0,120,225,566,776,614,1061,575,1504,625,1123,671,556,1754,1745,2337,4550,30,45,210,297,250,487,230,641,229,360,262,217,716,818,1175,2656,14586,8477,988,246,3492,2,3,9,7
2021-03-17T23:59:59+01:00,0,0,114,219,555,763,602,1056,564,1491,610,1100,647,531,1709,1710,2316,4511,30,44,210,296,249,484,229,640,228,357,261,215,704,806,1140,2609,14382,8360,938,240,3437,2,3,8,7
2021-03-16T23:59:59+01:00,0,0,109,213,543,751,589,1044,552,1448,594,1072,628,507,1654,1655,2294,4475,30,43,210,294,249,479,228,638,226,356,257,215,688,787,1110,2553,14203,8224,885,237,3293,2,2,8,7
2021-03-15T23:59:59+01:00,0,0,105,206,529,736,577,1020,541,1413,579,1034,608,488,1612,1617,2272,4451,29,43,209,291,249,476,226,636,224,356,249,211,669,775,1085,2517,14047,8121,830,223,3160,2,0,8,7
2021-03-14T23:59:59+01:00,0,0,101,194,520,721,566,998,533,1368,562,989,590,472,1583,1596,2256,4426,29,43,209,289,248,475,225,631,223,351,247,207,665,768,1077,2502,13940,8094,795,194,2984,2,0,8,7
2021-03-13T23:59:59+01:00,0,0,97,184,494,700,537,972,505,1345,539,968,563,463,1557,1570,2248,4418,29,43,209,289,248,475,224,631,223,350,246,207,660,758,1047,2473,13715,8016,781,193,2892,2,0,8,7
2021-03-12T23:59:59+01:00,0,0,88,178,468,672,517,944,481,1310,513,931,532,442,1501,1523,2225,4379,29,43,209,288,248,474,224,631,223,349,242,205,646,746,1021,2446,13407,7926,751,193,2762,2,0,8,6
2021-03-11T23:59:59+01:00,0,0,82,167,437,635,482,912,443,1231,475,867,502,409,1422,1455,2177,4320,29,42,208,285,243,470,222,627,219,346,237,203,630,724,996,2405,13023,7839,698,142,2493,2,0,8,6
2021-03-10T23:59:59+01:00,0,0,80,161,413,610,463,895,424,1195,447,823,471,383,1344,1391,2138,4264,29,42,206,280,239,466,219,621,219,344,232,200,611,716,973,2365,12681,7729,665,125,2350,2,0,8,6
2021-03-09T23:59:59+01:00,0,0,80,157,402,589,437,866,410,1145,429,791,449,364,1292,1358,2097,4219,29,42,205,277,237,458,216,617,215,339,230,199,600,709,954,2334,12455,7646,638,106,2173,2,0,8,6
2021-03-08T23:59:59+01:00,0,0,77,152,388,571,416,848,398,1092,417,749,433,349,1234,1322,2073,4181,29,42,205,276,234,452,212,612,210,335,228,198,587,704,944,2323,12265,7593,601,90,2012,1,0,8,5
2021-03-07T23:59:59+01:00,0,0,74,148,385,561,408,832,386,1078,410,743,430,344,1221,1302,2064,4172,29,42,204,275,234,450,210,611,210,334,227,197,583,701,936,2316,12198,7563,574,88,1960,0,0,8,5
2021-03-06T23:59:59+01:00,0,0,74,141,382,556,401,811,376,1023,402,708,428,343,1214,1291,2049,4157,29,42,204,275,233,449,210,610,210,334,227,197,580,701,934,2303,12140,7555,574,75,1814,0,0,8,5
2021-03-05T23:59:59+01:00,0,0,74,136,378,550,397,805,373,1006,390,682,416,329,1174,1249,2005,4098,29,42,203,274,232,448,209,608,209,331,225,196,575,700,926,2282,11924,7531,552,49,1751,0,0,8,5
2021-03-04T23:59:59+01:00,0,0,73,125,369,517,383,772,353,964,376,652,399,327,1122,1199,1921,4002,28,42,201,269,230,441,207,597,206,330,224,195,573,697,923,2279,11621,7483,519,48,1576,0,0,8,5
2021-03-03T23:59:59+01:00,0,0,68,115,360,501,375,755,348,942,362,632,389,319,1077,1165,1851,3880,28,42,201,268,229,439,204,587,206,323,223,192,568,694,916,2273,11345,7439,492,43,1461,0,0,7,5
2021-03-02T23:59:59+01:00,0,0,65,109,350,488,361,737,337,921,354,604,376,312,1042,1134,1753,3759,27,42,201,268,229,432,199,580,204,320,221,192,566,686,909,2260,11020,7380,468,43,1366,0,0,7,5
2021-03-01T23:59:59+01:00,0,0,64,107,344,474,354,717,326,896,347,570,371,308,1015,1102,1635,3604,27,41,200,267,227,423,197,572,204,316,220,192,563,678,900,2252,10678,7322,447,43,1258,0,0,7,5
2021-02-28T23:59:59+01:00,0,0,64,105,337,465,351,709,324,872,342,550,366,296,1006,1098,1625,3592,27,41,199,266,226,423,197,572,204,316,219,192,562,674,897,2249,10632,7307,436,43,1181,0,0,7,5
2021-02-27T23:59:59+01:00,0,0,61,96,333,456,347,705,318,859,338,540,362,292,997,1087,1603,3570,27,41,199,265,226,422,196,571,203,315,219,192,562,674,897,2249,10561,7306,424,38,1124,0,0,7,5
2021-02-26T23:59:59+01:00,0,0,59,93,326,432,322,673,297,828,325,519,358,288,972,1067,1560,3508,27,40,199,264,226,420,194,568,200,313,219,192,562,674,896,2246,10399,7288,421,38,947,0,0,7,4
2021-02-25T23:59:59+01:00,0,0,52,80,313,413,311,643,291,799,310,493,348,278,953,1048,1522,3462,27,40,198,261,222,417,191,560,195,312,214,189,551,666,885,2240,10246,7226,407,28,799,0,0,7,4
2021-02-24T23:59:59+01:00,0,0,48,75,304,401,303,630,286,784,306,483,342,277,933,1036,1475,3403,26,40,196,259,219,404,189,552,192,307,212,186,545,660,883,2227,10098,7161,392,20,729,0,0,7,4
2021-02-23T23:59:59+01:00,0,0,45,66,291,385,295,611,280,765,296,473,335,275,904,1017,1434,3330,25,40,195,257,217,399,188,546,188,304,211,185,543,649,877,2207,9921,7098,373,16,637,0,0,7,4
2021-02-22T23:59:59+01:00,0,0,42,63,284,373,291,600,276,754,292,469,328,268,882,1002,1404,3294,25,38,191,254,214,386,180,536,182,301,207,182,531,641,870,2190,9799,7005,357,5,594,0,0,6,4
2021-02-21T23:59:59+01:00,0,0,41,62,279,365,289,591,272,746,285,465,325,265,877,997,1397,3284,25,37,190,252,213,384,180,527,182,300,207,182,527,640,862,2177,9772,6960,349,5,544,0,0,5,4
2021-02-20T23:59:59+01:00,0,0,40,62,276,364,289,588,271,740,282,457,324,265,864,985,1364,3253,25,37,190,252,213,384,180,527,181,299,207,182,526,640,860,2176,9686,6954,338,5,522,0,0,5,4
2021-02-19T23:59:59+01:00,0,0,39,62,272,359,283,565,261,714,277,443,320,260,840,968,1329,3223,25,36,190,252,212,383,180,526,180,299,206,181,521,639,855,2159,9578,6919,323,5,433,0,0,4,4
2021-02-18T23:59:59+01:00,0,0,39,58,254,338,274,544,252,693,260,415,316,251,828,947,1303,3191,24,35,186,245,210,377,176,510,178,288,203,176,506,625,818,2092,9484,6724,297,5,299,0,0,4,4
2021-02-17T23:59:59+01:00,0,0,39,56,247,332,271,530,247,680,257,393,311,246,808,936,1274,3144,22,33,183,240,202,362,172,493,173,276,195,172,495,610,799,2053,9351,6553,287,4,245,0,0,4,4
2021-02-16T23:59:59+01:00,0,0,38,51,235,320,268,519,241,665,250,385,306,244,797,925,1248,3112,20,33,174,232,195,343,166,481,169,262,192,165,462,579,764,1985,9255,6293,279,4,180,0,0,4,4
2021-02-15T23:59:59+01:00,0,0,37,50,229,317,261,506,237,659,246,377,302,243,778,916,1236,3093,19,31,168,226,190,335,161,470,163,255,182,159,432,550,728,1914,9189,6054,265,4,143,0,0,4,4
2021-02-14T23:59:59+01:00,0,0,35,50,226,314,259,500,235,653,246,373,302,239,771,910,1227,3074,18,31,166,223,186,330,160,458,161,252,181,156,424,541,710,1870,9166,5937,232,4,125,0,0,4,4
2021-02-13T23:59:59+01:00,0,0,34,50,226,314,257,500,235,652,246,373,302,239,769,909,1226,3074,18,31,164,222,183,330,159,456,160,249,179,153,419,538,702,1855,9160,5890,232,1,123,0,0,4,4
2021-02-12T23:59:59+01:00,0,0,33,48,223,308,254,491,231,641,243,366,301,238,763,908,1223,3064,18,31,162,219,182,329,157,454,158,248,177,149,415,522,671,1789,9131,5753,232,1,79,0,0,4,4
2021-02-11T23:59:59+01:00,0,0,32,47,215,289,247,475,224,617,230,353,297,237,755,891,1198,3031,18,30,146,199,174,298,146,407,152,225,160,133,369,473,608,1621,9060,5225,165,1,18,0,0,4,4
2021-02-10T23:59:59+01:00,0,0,31,47,212,281,244,468,220,608,227,346,293,237,743,888,1190,3021,17,27,133,176,158,260,127,357,141,200,144,125,342,442,546,1496,9004,4750,148,1,7,0,0,4,2
2021-02-09T23:59:59+01:00,0,0,30,45,211,278,242,455,215,600,223,343,289,233,739,881,1181,3008,17,26,118,147,145,237,110,314,127,173,126,116,308,385,491,1338,8948,4231,124,1,3,0,0,4,2
2021-02-08T23:59:59+01:00,0,0,30,45,210,276,236,441,212,588,220,338,284,233,731,874,1175,3001,15,24,102,125,124,193,91,273,119,161,103,107,269,333,429,1202,8881,3718,109,1,3,0,0,4,2
2021-02-07T23:59:59+01:00,0,0,30,44,208,275,234,440,212,585,220,337,284,233,729,870,1170,2998,14,18,98,117,117,182,86,255,113,151,96,102,262,320,413,1152,8860,3541,106,1,0,0,0,4,2
2021-02-06T23:59:59+01:00,0,0,30,44,208,275,234,439,212,585,220,336,283,233,728,870,1169,2986,11,14,97,115,116,178,84,248,113,149,95,101,262,316,402,1137,8857,3480,92,1,0,0,0,4,2
2021-02-05T23:59:59+01:00,0,0,29,43,208,275,234,438,210,582,218,335,282,233,726,870,1157,2959,10,10,89,107,112,175,83,243,107,137,92,99,253,310,377,1108,8837,3352,57,0,0,0,0,4,2
2021-02-04T23:59:59+01:00,0,0,29,43,205,272,230,433,205,576,216,331,279,229,720,863,1148,2945,9,7,62,74,89,131,71,204,87,118,88,85,221,274,333,982,8762,2864,57,0,0,0,0,4,2
2021-02-03T23:59:59+01:00,0,0,29,42,205,270,229,421,202,570,215,328,276,226,710,860,1141,2929,6,4,45,56,70,107,53,158,74,88,63,60,166,200,252,719,8698,2144,50,0,0,0,0,4,2
2021-02-02T23:59:59+01:00,0,0,28,42,204,268,225,415,201,565,212,327,273,225,702,849,1134,2904,3,3,29,39,55,77,41,102,55,65,54,49,119,134,168,475,8618,1483,49,0,0,0,0,4,2
2021-02-01T23:59:59+01:00,0,0,27,40,202,268,222,410,198,559,207,319,271,222,695,846,1129,2892,3,1,22,21,28,45,28,63,31,34,38,31,72,86,97,286,8551,893,49,0,0,0,0,4,2
2021-01-31T23:59:59+01:00,0,0,27,40,202,266,220,406,196,551,206,318,270,222,691,842,1123,2877,3,1,20,16,19,37,21,50,23,30,35,25,57,74,94,256,8500,766,48,0,0,0,0,4,2
2021-01-30T23:59:59+01:00,0,0,27,40,202,266,220,405,195,551,206,318,270,222,690,842,1122,2875,3,1,19,15,17,37,19,46,21,29,34,24,57,71,92,250,8495,739,47,0,0,0,0,4,2
2021-01-29T23:59:59+01:00,0,0,27,40,202,263,219,404,194,550,204,316,270,222,685,839,1116,2867,3,0,16,10,12,31,18,41,17,26,34,23,54,70,90,244,8467,691,43,0,0,0,0,3,2
2021-01-28T23:59:59+01:00,0,0,27,39,195,260,219,398,193,541,201,311,269,222,673,831,1093,2847,3,0,3,3,7,18,10,22,8,12,26,16,37,47,60,173,8377,446,34,0,0,0,0,3,1
2021-01-27T23:59:59+01:00,0,0,26,37,190,255,214,389,191,527,198,301,261,217,658,813,1069,2809,1,0,2,3,6,14,9,20,7,11,25,15,31,41,50,132,8213,367,29,0,0,0,0,3,1
2021-01-26T23:59:59+01:00,0,0,23,37,187,244,208,376,186,509,195,293,255,212,636,796,1041,2758,1,0,1,3,6,14,9,20,7,11,24,12,30,37,49,115,8018,339,24,0,0,0,0,3,1
2021-01-25T23:59:59+01:00,0,0,23,36,179,242,205,366,181,499,190,282,245,207,613,776,1015,2713,1,0,1,3,4,12,8,17,7,10,21,10,26,36,41,104,7850,301,6,0,0,0,0,3,1
2021-01-24T23:59:59+01:00,0,0,22,35,177,239,202,365,180,497,189,280,245,205,609,771,1012,2708,1,0,1,3,3,12,8,17,7,10,21,10,26,36,40,102,7814,297,5,0,0,0,0,3,1
2021-01-23T23:59:59+01:00,0,0,22,35,177,239,200,365,180,496,189,280,245,205,608,771,1004,2695,1,0,1,3,3,11,8,17,6,10,21,10,26,36,40,102,7789,295,5,0,0,0,0,3,1
2021-01-22T23:59:59+01:00,0,0,21,34,175,235,199,365,180,495,188,280,245,203,606,769,976,2653,1,0,1,3,3,11,8,17,6,10,21,10,26,36,40,102,7702,295,5,0,0,0,0,3,1
2021-01-21T23:59:59+01:00,0,0,20,34,166,226,192,347,175,472,186,264,233,198,581,743,940,2600,1,0,1,3,1,6,7,12,4,6,20,8,22,26,35,85,7451,237,5,0,0,0,0,3,1
2021-01-20T23:59:59+01:00,0,0,19,32,151,200,174,305,146,416,172,240,215,187,539,697,871,2400,1,0,1,3,1,6,7,11,4,5,19,7,21,23,31,79,6831,219,4,0,0,0,0,3,1
2021-01-19T23:59:59+01:00,0,0,19,30,128,168,159,271,133,373,156,217,180,166,476,607,773,2126,1,0,1,3,1,6,5,7,2,3,11,3,10,15,22,57,6041,147,3,0,0,0,0,3,1
2021-01-18T23:59:59+01:00,0,0,16,29,113,150,137,227,115,324,139,190,142,151,386,502,638,1785,1,0,1,1,0,3,4,5,1,3,2,1,4,6,10,28,5099,70,3,0,0,0,0,3,1
2021-01-17T23:59:59+01:00,0,0,15,19,109,136,129,214,107,300,131,178,133,137,371,472,588,1682,1,0,0,0,0,1,2,4,1,2,1,1,3,1,2,5,4769,23,3,0,0,0,0,3,1
2021-01-16T23:59:59+01:00,0,0,13,15,105,133,127,209,104,290,129,172,130,133,366,464,571,1654,0,0,0,0,0,0,0,0,1,0,0,0,0,0,0,0,4663,0,0,0,0,0,0,3,1
2021-01-15T23:59:59+01:00,0,0,11,13,100,124,123,204,102,280,127,160,126,130,358,448,540,1610,0,0,0,0,0,0,0,0,1,0,0,0,0,0,0,0,4501,0,0,0,0,0,0,3,1
2021-01-14T23:59:59+01:00,0,0,9,9,75,91,104,167,84,235,111,143,114,109,306,398,475,1394,0,0,0,0,0,0,0,0,1,0,0,0,0,0,0,0,3858,0,0,0,0,0,0,3,1
2021-01-13T23:59:59+01:00,0,0,7,8,62,81,93,140,74,193,101,117,86,80,236,283,377,1064,0,0,0,0,0,0,0,0,1,0,0,0,0,0,0,0,3030,0,0,0,0,0,0,3,1
2021-01-12T23:59:59+01:00,0,0,5,6,53,62,76,110,66,136,79,93,70,64,166,203,274,745,0,0,0,0,0,0,0,0,1,0,0,0,0,0,0,0,2233,0,0,0,0,0,0,1,1
2021-01-11T23:59:59+01:00,0,0,4,4,45,49,63,81,52,109,57,65,50,43,96,123,145,419,0,0,0,0,0,0,0,0,1,0,0,0,0,0,0,0,1425,0,0,0,0,0,0,1,1
2021-01-10T23:59:59+01:00,0,0,3,4,41,37,47,67,38,87,47,56,45,33,79,109,136,365,0,0,0,0,0,0,0,0,1,0,0,0,0,0,0,0,1205,0,0,0,0,0,0,1,1
2021-01-09T23:59:59+01:00,0,0,3,3,38,36,42,64,35,77,41,51,44,33,79,107,133,363,0,0,0,0,0,0,0,0,1,0,0,0,0,0,0,0,1158,0,0,0,0,0,0,1,1
2021-01-08T23:59:59+01:00,0,0,3,2,31,28,35,57,29,64,36,45,42,30,74,104,129,352,0,0,0,0,0,0,0,0,1,0,0,0,0,0,0,0,1068,0,0,0,0,0,0,1,1
2021-01-07T23:59:59+01:00,0,0,3,2,9,3,10,20,12,28,12,22,35,21,52,69,89,250,0,0,0,0,0,0,0,0,1,0,0,0,0,0,0,0,639,0,0,0,0,0,0,0,1
2021-01-06T23:59:59+01:00,0,0,3,0,2,3,5,15,9,22,8,13,31,19,44,58,74,199,0,0,0,0,0,0,0,0,1,0,0,0,0,0,0,0,507,0,0,0,0,0,0,0,1
2021-01-05T23:59:59+01:00,0,0,2,0,1,3,5,14,9,20,8,12,30,18,43,57,71,191,0,0,0,0,0,0,0,0,1,0,0,0,0,0,0,0,486,0,0,0,0,0,0,0,1
2021-01-04T23:59:59+01:00,0,0,1,0,1,3,5,13,8,18,7,11,26,14,34,48,55,145,0,0,0,0,0,0,0,0,1,0,0,0,0,0,0,0,390,0,0,0,0,0,0,0,1
2021-01-03T23:59:59+01:00,0,0,1,0,1,3,4,13,8,18,6,11,26,14,34,48,55,144,0,0,0,0,0,0,0,0,1,0,0,0,0,0,0,0,387,0,0,0,0,0,0,0,1
2021-01-02T23:59:59+01:00,0,0,1,0,1,3,4,13,7,18,5,11,26,14,34,48,55,144,0,0,0,0,0,0,0,0,1,0,0,0,0,0,0,0,385,0,0,0,0,0,0,0,1
2021-01-01T23:59:59+01:00,0,0,1,0,1,3,4,13,7,18,5,11,26,14,34,48,55,144,0,0,0,0,0,0,0,0,1,0,0,0,0,0,0,0,385,0,0,0,0,0,0,0,1
2020-12-31T23:59:59+01:00,0,0,1,0,1,3,4,12,7,18,5,11,26,14,34,48,55,144,0,0,0,0,0,0,0,0,1,0,0,0,0,0,0,0,384,0,0,0,0,0,0,0,1
2020-12-30T23:59:59+01:00,0,0,1,0,1,3,4,12,7,17,5,11,26,14,34,48,55,144,0,0,0,0,0,0,0,0,1,0,0,0,0,0,0,0,383,0,0,0,0,0,0,0,1
2020-12-29T23:59:59+01:00,0,0,1,0,1,3,3,8,5,12,3,8,19,10,25,40,40,117,0,0,0,0,0,0,0,0,1,0,0,0,0,0,0,0,296,0,0,0,0,0,0,0,1
2020-12-28T23:59:59+01:00,0,0,1,0,1,1,1,2,3,6,2,4,11,3,8,15,24,58,0,0,0,0,0,0,0,0,1,0,0,0,0,0,0,0,141,0,0,0,0,0,0,0,1
2020-12-27T23:59:59+01:00,0,0,1,0,0,0,0,1,2,6,0,2,2,1,5,4,5,20,0,0,0,0,0,0,0,0,0,0,0,0,0,0,0,0,49,0,0,0,0,0,0,0,0
