Datum,<15_m,<15_w,15-24_1_m,15-24_1_w,25-34_1_m,25-34_1_w,35-44_1_m,35-44_1_w,45-54_1_m,45-54_1_w,55-64_1_m,55-64_1_w,65-74_1_m,65-74_1_w,75-84_1_m,75-84_1_w,>84_1_m,>84_1_w,<24_2_m,<24_2_w,25-34_2_m,25-34_2_w,35-44_2_m,35-44_2_w,45-54_2_m,45-54_2_w,55-64_2_m,55-64_2_w,65-74_2_m,65-74_2_w,75-84_2_m,75-84_2_w,>84_2_m,>84_2_w,bp_1,bp_2,mo_1,mo_2,az_1,az_2,ja,unb_1,unb_2
2021-09-05T23:59:59+02:00,178,188,3569,3169,9101,6457,8681,5914,7649,8012,5601,5953,2817,2917,3283,3330,2752,5190,2924,2619,7914,5638,7835,5312,6961,7278,5006,5433,2243,2513,2459,2631,1989,3861,57212,48029,8432,7324,9729,7722,10424,45,40
2021-09-04T23:59:59+02:00,178,187,3566,3166,9097,6450,8676,5914,7645,8010,5601,5953,2817,2917,3283,3330,2752,5190,2923,2615,7910,5632,7831,5312,6956,7275,5005,5433,2239,2512,2459,2631,1989,3861,57194,48011,8432,7321,9729,7721,10413,45,40
2021-09-03T23:59:59+02:00,176,186,3537,3138,9047,6435,8643,5889,7623,7993,5587,5936,2815,2915,3283,3329,2752,5188,2901,2599,7869,5610,7804,5291,6935,7252,4993,5412,2235,2510,2459,2629,1989,3859,57069,47911,8417,7302,9729,7720,10293,45,40
2021-09-02T23:59:59+02:00,175,184,3506,3119,8992,6408,8597,5870,7599,7966,5575,5917,2812,2912,3281,3328,2752,5187,2883,2579,7807,5586,7764,5272,6908,7225,4981,5392,2232,2507,2457,2628,1989,3856,56918,47774,8409,7289,9727,7717,10162,45,40
2021-09-01T23:59:59+02:00,172,183,3482,3104,8941,6388,8567,5854,7576,7951,5564,5910,2811,2910,3280,3325,2752,5187,2864,2569,7757,5555,7726,5249,6874,7206,4971,5381,2229,2504,2457,2625,1989,3856,56780,47606,8390,7264,9727,7715,10096,45,40
2021-08-31T23:59:59+02:00,168,182,3451,3088,8885,6365,8539,5844,7556,7926,5558,5901,2807,2908,3279,3323,2752,5185,2843,2551,7710,5530,7699,5232,6848,7177,4960,5363,2225,2502,2456,2625,1989,3856,56645,47478,8383,7255,9727,7703,9997,45,40
2021-08-30T23:59:59+02:00,167,182,3400,3067,8836,6332,8493,5815,7518,7895,5546,5886,2803,2905,3278,3322,2752,5185,2808,2536,7656,5509,7657,5211,6817,7156,4952,5346,2220,2498,2454,2625,1989,3855,56442,47337,8380,7247,9726,7702,9868,45,40
2021-08-29T23:59:59+02:00,164,181,3385,3052,8807,6314,8470,5804,7510,7885,5538,5877,2802,2902,3278,3322,2751,5185,2788,2514,7617,5493,7632,5192,6804,7139,4942,5340,2218,2497,2453,2623,1988,3855,56361,47225,8374,7235,9726,7698,9799,45,40
2021-08-28T23:59:59+02:00,163,181,3379,3051,8802,6312,8464,5801,7503,7884,5538,5876,2802,2901,3278,3322,2751,5185,2781,2508,7609,5490,7624,5187,6798,7136,4941,5339,2218,2497,2453,2623,1988,3855,56346,47198,8374,7232,9726,7698,9780,45,40
2021-08-27T23:59:59+02:00,161,180,3363,3042,8771,6296,8434,5792,7483,7873,5530,5868,2802,2901,3278,3322,2751,5185,2765,2501,7585,5480,7605,5174,6783,7128,4934,5332,2218,2497,2452,2621,1988,3855,56256,47138,8373,7232,9726,7698,9709,45,40
2021-08-26T23:59:59+02:00,161,178,3315,3022,8704,6271,8390,5776,7460,7851,5515,5856,2799,2898,3278,3321,2751,5184,2729,2475,7530,5446,7548,5140,6746,7105,4905,5316,2214,2493,2451,2620,1988,3855,56080,46931,8366,7214,9726,7677,9589,45,40
2021-08-25T23:59:59+02:00,158,177,3286,3009,8660,6241,8354,5759,7428,7826,5503,5834,2795,2893,3278,3318,2750,5184,2681,2448,7460,5401,7495,5105,6703,7063,4888,5290,2212,2489,2451,2617,1987,3855,55947,46660,8362,7206,9725,7671,9450,45,40
2021-08-24T23:59:59+02:00,157,175,3274,2995,8633,6221,8336,5739,7409,7805,5495,5823,2793,2892,3277,3315,2750,5183,2655,2422,7418,5369,7462,5080,6672,7032,4872,5272,2211,2487,2451,2616,1987,3855,55855,46476,8356,7190,9725,7667,9367,45,40
2021-08-23T23:59:59+02:00,155,167,3224,2972,8581,6195,8297,5718,7376,7774,5481,5808,2791,2891,3276,3314,2750,5182,2624,2402,7360,5328,7419,5064,6631,7000,4856,5255,2207,2485,2450,2615,1986,3855,55678,46296,8346,7176,9722,7663,9236,45,40
2021-08-22T23:59:59+02:00,154,167,3212,2962,8564,6175,8283,5710,7358,7764,5475,5801,2788,2888,3276,3314,2750,5182,2607,2391,7327,5302,7397,5048,6607,6983,4852,5246,2202,2480,2450,2615,1985,3855,55600,46160,8340,7167,9721,7660,9192,45,40
2021-08-21T23:59:59+02:00,152,166,3197,2956,8551,6166,8272,5704,7352,7758,5471,5795,2787,2888,3276,3313,2750,5182,2595,2383,7304,5283,7377,5036,6594,6976,4843,5240,2201,2478,2449,2614,1985,3855,55535,46069,8337,7141,9721,7658,9173,45,40
2021-08-20T23:59:59+02:00,151,163,3180,2944,8516,6143,8241,5685,7331,7735,5460,5782,2786,2885,3276,3312,2750,5180,2559,2369,7250,5242,7337,5006,6553,6937,4826,5217,2197,2473,2449,2611,1985,3853,55454,45889,8324,7098,9720,7646,9051,45,40
2021-08-19T23:59:59+02:00,151,160,3154,2925,8459,6114,8202,5660,7308,7710,5446,5767,2780,2882,3275,3310,2750,5179,2510,2344,7164,5189,7271,4967,6504,6878,4796,5184,2193,2469,2448,2610,1985,3853,55306,45542,8312,7069,9718,7637,8924,45,40
2021-08-18T23:59:59+02:00,150,158,3131,2914,8425,6092,8169,5642,7274,7694,5434,5760,2775,2879,3274,3310,2749,5178,2475,2326,7088,5154,7208,4932,6458,6848,4770,5157,2189,2465,2445,2610,1985,3852,55166,45286,8306,7006,9717,7628,8846,45,40
2021-08-17T23:59:59+02:00,150,157,3112,2898,8393,6068,8138,5630,7265,7673,5422,5749,2772,2877,3273,3309,2748,5178,2443,2301,7021,5103,7158,4896,6428,6808,4749,5136,2182,2459,2444,2607,1984,3852,55045,44999,8296,6965,9716,7621,8780,45,40
2021-08-16T23:59:59+02:00,147,155,3101,2884,8362,6054,8119,5621,7251,7657,5410,5736,2772,2877,3272,3308,2748,5178,2409,2264,6940,5059,7086,4859,6375,6766,4718,5111,2180,2457,2441,2604,1984,3852,54952,44610,8291,6951,9716,7610,8717,45,40
2021-08-15T23:59:59+02:00,147,154,3094,2873,8332,6041,8100,5610,7233,7646,5405,5729,2771,2875,3272,3307,2748,5178,2379,2220,6883,5022,7042,4824,6338,6733,4706,5098,2176,2452,2440,2602,1984,3852,54862,44313,8286,6929,9715,7606,8676,45,40
2021-08-14T23:59:59+02:00,146,154,3089,2867,8322,6036,8091,5609,7233,7643,5402,5727,2769,2874,3272,3306,2748,5178,2370,2209,6855,5008,7027,4813,6328,6716,4687,5088,2173,2449,2440,2600,1984,3851,54842,44202,8285,6916,9715,7604,8648,45,40
2021-08-13T23:59:59+02:00,144,153,3067,2859,8296,6020,8078,5595,7218,7633,5390,5719,2768,2869,3272,3305,2748,5178,2330,2184,6803,4967,6983,4777,6291,6690,4670,5073,2172,2443,2438,2600,1984,3851,54754,43943,8283,6893,9715,7603,8584,45,40
2021-08-12T23:59:59+02:00,141,147,3050,2847,8260,5997,8044,5574,7197,7608,5376,5706,2766,2867,3270,3305,2748,5178,2292,2149,6709,4910,6924,4737,6244,6637,4643,5041,2168,2440,2434,2599,1984,3851,54632,43594,8278,6867,9714,7582,8480,45,40
2021-08-11T23:59:59+02:00,138,144,3031,2833,8219,5971,8014,5560,7175,7592,5366,5689,2764,2864,3270,3304,2748,5178,2259,2119,6618,4853,6835,4688,6188,6575,4619,4997,2160,2430,2433,2597,1984,3850,54493,43148,8269,6827,9711,7571,8410,45,40
2021-08-10T23:59:59+02:00,137,143,3013,2819,8174,5951,7985,5545,7145,7576,5353,5682,2761,2864,3270,3302,2748,5177,2186,2059,6491,4785,6740,4622,6096,6504,4575,4974,2154,2421,2430,2596,1984,3849,54369,42521,8261,6804,9710,7555,8328,45,40
2021-08-09T23:59:59+02:00,136,142,2995,2814,8140,5928,7955,5534,7121,7557,5342,5670,2760,2863,3270,3302,2748,5176,2129,2007,6387,4715,6638,4575,6028,6450,4547,4938,2148,2412,2429,2594,1984,3849,54279,42049,8253,6750,9710,7534,8234,45,40
2021-08-08T23:59:59+02:00,136,140,2979,2803,8116,5911,7935,5520,7109,7546,5335,5665,2757,2863,3270,3302,2748,5176,2102,1978,6318,4666,6580,4545,5990,6426,4533,4922,2138,2407,2427,2592,1984,3849,54202,41784,8252,6707,9707,7527,8173,45,40
2021-08-07T23:59:59+02:00,135,139,2970,2796,8086,5895,7917,5513,7101,7537,5331,5660,2755,2863,3270,3302,2748,5176,2063,1954,6235,4611,6519,4510,5954,6386,4516,4908,2135,2406,2427,2589,1984,3849,54133,41445,8248,6679,9707,7518,8129,45,40
2021-08-06T23:59:59+02:00,134,138,2955,2785,8055,5880,7886,5491,7079,7514,5320,5647,2751,2861,3270,3301,2748,5176,2023,1909,6129,4534,6445,4470,5910,6342,4497,4888,2133,2403,2426,2586,1984,3848,54071,41080,8227,6646,9707,7506,8009,45,40
2021-08-05T23:59:59+02:00,132,137,2923,2769,8021,5855,7845,5465,7055,7493,5300,5621,2746,2858,3267,3297,2748,5175,1972,1856,5989,4427,6328,4404,5841,6278,4460,4843,2124,2395,2423,2584,1984,3848,53918,40573,8216,6548,9704,7448,7891,45,40
2021-08-04T23:59:59+02:00,127,132,2854,2739,7931,5815,7792,5435,7022,7455,5282,5606,2740,2854,3265,3296,2748,5175,1889,1822,5849,4348,6191,4348,5772,6212,4430,4801,2113,2389,2418,2581,1984,3847,53676,40076,8198,6490,9703,7412,7710,45,40
2021-08-03T23:59:59+02:00,124,132,2831,2717,7898,5797,7754,5415,6997,7430,5271,5594,2736,2852,3264,3293,2748,5175,1856,1792,5749,4277,6089,4297,5701,6152,4390,4761,2108,2383,2417,2579,1984,3847,53515,39599,8193,6448,9701,7388,7637,45,40
2021-08-02T23:59:59+02:00,124,132,2808,2693,7853,5766,7725,5406,6971,7416,5252,5585,2734,2846,3263,3292,2747,5175,1827,1762,5620,4185,5977,4232,5631,6102,4340,4727,2102,2370,2415,2573,1983,3846,53354,39034,8185,6409,9701,7366,7565,45,40
2021-08-01T23:59:59+02:00,123,130,2791,2680,7816,5743,7711,5392,6959,7407,5246,5579,2731,2845,3261,3292,2747,5175,1807,1743,5540,4143,5913,4184,5588,6079,4322,4707,2099,2367,2413,2570,1983,3846,53258,38747,8170,6378,9700,7341,7515,45,40
2021-07-31T23:59:59+02:00,121,129,2784,2672,7795,5735,7702,5387,6955,7397,5245,5578,2729,2845,3261,3292,2747,5175,1768,1699,5439,4081,5851,4138,5535,6043,4294,4682,2096,2364,2413,2569,1983,3846,53216,38278,8165,6361,9700,7337,7483,45,40
2021-07-30T23:59:59+02:00,118,126,2773,2664,7768,5718,7688,5365,6936,7385,5238,5570,2728,2844,3261,3291,2747,5175,1747,1680,5354,4038,5782,4081,5476,5993,4268,4665,2091,2362,2412,2566,1983,3846,53133,37915,8157,6331,9700,7326,7420,45,40
2021-07-29T23:59:59+02:00,116,125,2738,2644,7710,5671,7645,5320,6906,7345,5214,5548,2727,2839,3259,3290,2747,5175,1706,1649,5229,3939,5648,4010,5387,5902,4221,4609,2083,2352,2409,2564,1982,3846,52919,37333,8141,6275,9695,7289,7278,45,40
2021-07-28T23:59:59+02:00,113,123,2716,2631,7670,5632,7612,5293,6879,7323,5199,5536,2724,2838,3257,3287,2746,5174,1668,1604,5127,3861,5530,3943,5293,5825,4185,4574,2071,2344,2407,2562,1982,3844,52719,36759,8130,6215,9691,7250,7227,45,40
2021-07-27T23:59:59+02:00,110,121,2698,2612,7622,5608,7575,5275,6858,7301,5186,5521,2722,2836,3257,3286,2745,5174,1625,1574,4987,3774,5404,3864,5202,5752,4140,4522,2064,2331,2406,2559,1981,3844,52577,36170,8108,6131,9690,7208,7146,45,40
2021-07-26T23:59:59+02:00,109,118,2671,2594,7589,5585,7541,5256,6831,7282,5181,5508,2718,2836,3256,3286,2745,5174,1588,1518,4844,3712,5295,3798,5128,5676,4086,4486,2060,2317,2405,2553,1981,3843,52427,35608,8087,6056,9687,7159,7089,45,40
2021-07-25T23:59:59+02:00,105,115,2655,2571,7550,5559,7507,5243,6810,7260,5171,5503,2716,2833,3255,3285,2745,5173,1568,1490,4788,3667,5239,3767,5080,5636,4056,4462,2056,2312,2404,2553,1981,3843,52263,35326,8078,6024,9684,7128,7040,45,40
2021-07-24T23:59:59+02:00,105,114,2639,2560,7518,5543,7482,5230,6792,7245,5162,5498,2715,2830,3255,3285,2745,5173,1549,1471,4742,3646,5165,3722,5038,5608,4035,4454,2055,2310,2403,2551,1981,3842,52175,35132,8056,5937,9683,7128,6985,45,40
2021-07-23T23:59:59+02:00,102,112,2609,2533,7463,5515,7450,5206,6758,7220,5140,5487,2713,2827,3253,3285,2745,5173,1493,1437,4600,3546,5028,3644,4965,5537,3987,4421,2054,2302,2402,2546,1980,3842,51990,34487,8050,5909,9681,7108,6876,45,40
2021-07-22T23:59:59+02:00,100,109,2575,2503,7374,5471,7396,5165,6706,7173,5106,5463,2706,2821,3251,3284,2745,5171,1433,1397,4438,3471,4875,3572,4816,5455,3901,4369,2041,2292,2397,2544,1980,3841,51655,33851,8030,5760,9669,7037,6766,45,40
2021-07-21T23:59:59+02:00,99,105,2542,2485,7304,5434,7336,5123,6645,7134,5085,5437,2699,2815,3249,3281,2745,5169,1404,1353,4315,3386,4734,3507,4706,5345,3828,4323,2028,2280,2394,2543,1980,3839,51385,33371,7979,5545,9663,6976,6657,45,40
2021-07-20T23:59:59+02:00,98,104,2520,2457,7244,5402,7299,5090,6606,7090,5055,5418,2696,2810,3248,3281,2745,5169,1369,1319,4195,3319,4645,3457,4614,5265,3772,4292,2024,2270,2393,2542,1980,3838,51119,32895,7967,5468,9661,6926,6580,45,40
2021-07-19T23:59:59+02:00,97,103,2494,2430,7188,5359,7249,5068,6567,7058,5034,5402,2691,2805,3247,3277,2745,5168,1348,1296,4119,3273,4563,3423,4535,5199,3737,4267,2020,2264,2389,2539,1979,3838,50827,32591,7954,5350,9660,6881,6535,45,40
2021-07-18T23:59:59+02:00,97,101,2464,2400,7114,5311,7206,5036,6530,7016,5015,5392,2684,2799,3245,3277,2744,5167,1331,1276,4073,3229,4523,3393,4486,5178,3700,4252,2014,2254,2388,2539,1979,3836,50496,32387,7938,5276,9656,6854,6500,45,38
2021-07-17T23:59:59+02:00,95,97,2446,2386,7094,5296,7187,5017,6510,6999,4995,5381,2680,2798,3245,3276,2744,5166,1318,1263,4039,3195,4479,3372,4445,5145,3671,4240,2008,2251,2388,2537,1979,3836,50378,32226,7929,5219,9655,6845,6441,45,38
2021-07-16T23:59:59+02:00,95,94,2404,2358,7031,5262,7126,4981,6464,6956,4963,5353,2673,2792,3243,3275,2744,5166,1279,1239,3935,3145,4385,3331,4357,5085,3609,4192,1994,2240,2382,2535,1979,3835,50192,31874,7898,5192,9641,6775,6236,45,38
2021-07-15T23:59:59+02:00,92,89,2361,2327,6954,5224,7062,4938,6414,6902,4946,5326,2670,2786,3240,3272,2744,5166,1228,1206,3735,3031,4199,3226,4203,4987,3544,4130,1985,2231,2378,2529,1979,3835,49849,31171,7879,4959,9635,6708,6132,45,38
2021-07-14T23:59:59+02:00,90,87,2323,2309,6882,5188,6986,4903,6358,6857,4924,5302,2662,2780,3237,3270,2744,5166,1181,1166,3617,2943,4095,3163,4097,4917,3499,4085,1972,2223,2377,2526,1979,3835,49524,30691,7862,4860,9632,6634,6028,45,38
2021-07-13T23:59:59+02:00,87,82,2292,2278,6823,5154,6922,4864,6316,6808,4901,5284,2654,2773,3235,3270,2744,5166,1147,1135,3514,2861,3970,3096,4009,4828,3444,4022,1945,2216,2374,2521,1978,3833,49192,30208,7853,4724,9631,6539,5952,44,38
2021-07-12T23:59:59+02:00,80,80,2262,2252,6752,5109,6851,4818,6265,6768,4875,5257,2649,2770,3232,3269,2744,5166,1116,1113,3415,2785,3857,3030,3904,4745,3392,3974,1934,2205,2369,2511,1978,3833,48841,29758,7839,4604,9627,6457,5865,44,37
2021-07-11T23:59:59+02:00,75,78,2250,2237,6716,5091,6821,4795,6234,6749,4866,5248,2646,2765,3230,3269,2743,5166,1107,1097,3372,2743,3796,2999,3850,4717,3370,3959,1925,2193,2366,2507,1978,3833,48725,29576,7818,4571,9624,6401,5783,44,37
2021-07-10T23:59:59+02:00,73,77,2227,2202,6636,5041,6758,4761,6183,6712,4840,5237,2643,2762,3230,3266,2743,5165,1090,1077,3316,2700,3749,2969,3812,4685,3354,3947,1919,2186,2366,2505,1978,3833,48468,29396,7796,4569,9608,6385,5650,44,37
2021-07-09T23:59:59+02:00,72,75,2203,2179,6560,4997,6707,4735,6133,6676,4822,5216,2641,2757,3229,3265,2743,5165,1067,1060,3257,2652,3698,2932,3762,4650,3326,3919,1916,2171,2364,2504,1978,3833,48235,29184,7760,4537,9600,6328,5541,44,37
2021-07-08T23:59:59+02:00,68,72,2145,2131,6458,4931,6598,4677,6067,6610,4786,5182,2633,2748,3226,3261,2743,5165,991,1006,3088,2563,3502,2859,3585,4551,3250,3851,1899,2155,2362,2495,1977,3832,47895,28693,7682,4247,9566,6194,5315,44,37
2021-07-07T23:59:59+02:00,68,71,2070,2084,6335,4852,6490,4619,5991,6551,4750,5133,2627,2737,3221,3256,2743,5165,939,970,2936,2482,3329,2780,3426,4443,3192,3787,1879,2126,2354,2487,1977,3830,47379,28140,7632,4003,9547,6111,5157,44,37
2021-07-06T23:59:59+02:00,66,71,2023,2046,6223,4796,6397,4576,5933,6481,4706,5097,2621,2731,3217,3251,2743,5165,902,932,2822,2384,3237,2718,3349,4349,3131,3730,1853,2095,2349,2480,1977,3830,46925,27630,7582,3896,9531,6025,5053,44,37
2021-07-05T23:59:59+02:00,64,71,1948,1995,6076,4719,6284,4535,5863,6426,4664,5057,2617,2724,3215,3249,2743,5163,855,889,2713,2310,3159,2667,3269,4276,3083,3673,1831,2076,2342,2471,1976,3827,46438,27246,7538,3819,9505,5940,4874,44,37
2021-07-04T23:59:59+02:00,64,70,1901,1958,5986,4674,6238,4505,5821,6405,4646,5034,2614,2722,3215,3247,2743,5162,816,865,2650,2256,3121,2642,3237,4242,3059,3650,1816,2052,2339,2470,1975,3827,46220,27104,7499,3760,9477,5862,4750,43,37
2021-07-03T23:59:59+02:00,61,56,1796,1879,5773,4517,6087,4416,5733,6313,4598,4997,2612,2719,3215,3243,2743,5162,774,840,2584,2209,3071,2619,3198,4196,3028,3620,1810,2045,2338,2466,1975,3825,45378,26928,7466,3758,9469,5833,4536,43,37
2021-07-02T23:59:59+02:00,55,48,1755,1835,5694,4471,6039,4379,5713,6287,4585,4979,2611,2713,3214,3242,2742,5162,753,813,2510,2160,3000,2576,3154,4147,2998,3580,1792,2027,2334,2460,1975,3823,45096,26636,7430,3732,9464,5732,4456,43,37
2021-07-01T23:59:59+02:00,48,40,1707,1797,5586,4399,5948,4329,5635,6216,4557,4949,2607,2708,3213,3241,2742,5161,686,773,2313,2084,2811,2488,2976,4032,2898,3492,1761,2003,2325,2447,1974,3821,44672,25855,7369,3528,9449,5624,4313,43,37
2021-06-30T23:59:59+02:00,48,38,1656,1743,5464,4306,5848,4277,5576,6167,4545,4926,2603,2700,3211,3238,2742,5161,650,734,2208,2016,2699,2434,2866,3943,2835,3415,1741,1970,2316,2435,1973,3820,44236,25383,7305,3411,9432,5498,4192,43,37
2021-06-29T23:59:59+02:00,47,34,1600,1661,5351,4214,5751,4222,5521,6107,4517,4897,2598,2695,3210,3237,2741,5160,621,694,2128,1935,2620,2366,2766,3826,2774,3363,1724,1936,2303,2421,1972,3817,43699,24891,7275,3336,9424,5385,4074,43,37
2021-06-28T23:59:59+02:00,45,32,1565,1603,5234,4149,5681,4166,5475,6065,4489,4872,2594,2687,3209,3235,2741,5160,604,668,2031,1870,2542,2311,2695,3745,2728,3316,1706,1917,2295,2415,1972,3814,43291,24574,7213,3196,9412,5288,3987,43,37
2021-06-27T23:59:59+02:00,44,31,1533,1575,5184,4107,5634,4133,5432,6046,4478,4861,2591,2683,3209,3234,2741,5160,584,650,1980,1825,2505,2291,2650,3706,2698,3299,1695,1902,2294,2405,1972,3814,43099,24427,7176,3141,9390,5202,3912,43,37
2021-06-26T23:59:59+02:00,35,26,1501,1547,5111,4061,5540,4089,5391,6011,4457,4847,2591,2681,3209,3232,2741,5160,578,640,1948,1804,2469,2272,2628,3683,2677,3278,1673,1892,2293,2403,1972,3814,42732,24205,7091,3138,9390,5178,3912,43,37
2021-06-25T23:59:59+02:00,29,18,1465,1505,4998,3981,5486,4060,5356,5984,4432,4836,2587,2678,3207,3231,2741,5159,569,615,1901,1784,2406,2204,2531,3544,2631,3176,1665,1870,2289,2400,1970,3813,42291,23746,7056,3112,9389,4998,3910,43,37
2021-06-24T23:59:59+02:00,21,13,1413,1452,4809,3863,5358,4008,5260,5941,4388,4805,2582,2675,3207,3230,2740,5159,529,593,1789,1716,2236,2137,2370,3461,2519,3081,1631,1846,2279,2394,1969,3810,41632,23226,7001,2804,9379,4913,3799,43,37
2021-06-23T23:59:59+02:00,21,13,1382,1418,4724,3807,5273,3956,5205,5895,4363,4770,2572,2668,3203,3228,2739,5158,495,575,1723,1657,2136,2089,2252,3369,2415,2986,1606,1822,2273,2387,1968,3808,41199,22675,6945,2729,9374,4769,3763,43,37
2021-06-22T23:59:59+02:00,20,13,1355,1397,4648,3741,5191,3908,5159,5848,4334,4744,2568,2662,3203,3227,2738,5158,480,557,1665,1615,2052,2033,2171,3259,2308,2888,1593,1799,2264,2375,1967,3804,40785,22242,6898,2611,9370,4608,3737,43,36
2021-06-21T23:59:59+02:00,19,13,1326,1355,4532,3653,5110,3864,5093,5785,4307,4725,2564,2648,3202,3222,2737,5156,464,541,1629,1580,2017,1992,2121,3178,2240,2807,1569,1763,2241,2352,1967,3800,40257,21944,6854,2515,9367,4463,3703,43,36
2021-06-20T23:59:59+02:00,18,11,1302,1324,4458,3590,5065,3845,5058,5765,4284,4713,2560,2646,3201,3222,2736,5156,448,526,1595,1550,1991,1968,2086,3151,2191,2766,1562,1748,2239,2346,1967,3799,39976,21755,6824,2478,9354,4398,3664,43,35
2021-06-19T23:59:59+02:00,17,11,1291,1305,4416,3558,5045,3818,5026,5740,4266,4704,2557,2644,3201,3221,2735,5156,443,522,1578,1533,1975,1941,2073,3127,2166,2730,1554,1739,2235,2343,1965,3798,39811,21597,6760,2449,9354,4388,3643,43,35
2021-06-18T23:59:59+02:00,12,8,1273,1283,4346,3515,4995,3780,4976,5699,4242,4692,2553,2640,3200,3219,2735,5156,430,512,1557,1516,1948,1910,2027,3078,2110,2669,1541,1722,2235,2338,1964,3795,39485,21283,6713,2446,9353,4342,3629,43,35
2021-06-17T23:59:59+02:00,10,7,1229,1247,4185,3444,4808,3706,4801,5606,4182,4646,2547,2637,3200,3218,2734,5156,396,495,1458,1483,1771,1848,1863,2983,2006,2587,1518,1700,2224,2326,1962,3793,38880,20809,6651,2340,9345,4263,3341,41,35
2021-06-16T23:59:59+02:00,10,7,1204,1213,4078,3360,4709,3653,4694,5535,4136,4615,2539,2633,3199,3214,2733,5155,380,474,1399,1447,1707,1817,1782,2903,1942,2514,1502,1673,2210,2313,1962,3789,38391,20405,6523,2272,9335,4185,3286,41,35
2021-06-15T23:59:59+02:00,10,7,1171,1178,3941,3277,4638,3595,4618,5460,4094,4582,2529,2626,3194,3212,2733,5154,370,450,1349,1400,1660,1776,1712,2845,1872,2442,1484,1642,2205,2299,1961,3788,37841,20078,6483,2185,9323,4113,3208,41,35
2021-06-14T23:59:59+02:00,10,5,1144,1143,3850,3224,4554,3539,4539,5389,4042,4548,2525,2616,3194,3208,2732,5153,360,437,1310,1367,1614,1745,1664,2787,1811,2388,1471,1616,2200,2292,1960,3786,37379,19829,6394,2116,9317,4033,3154,40,35
2021-06-13T23:59:59+02:00,10,5,1129,1129,3799,3181,4496,3494,4490,5351,4023,4533,2524,2610,3193,3207,2732,5151,354,430,1277,1350,1579,1720,1621,2751,1772,2343,1455,1595,2194,2281,1960,3784,37118,19639,6358,2094,9312,3957,3094,40,35
2021-06-12T23:59:59+02:00,10,4,1112,1107,3771,3155,4468,3472,4472,5336,4007,4523,2521,2607,3192,3206,2732,5150,350,428,1269,1333,1554,1694,1592,2731,1726,2321,1445,1583,2182,2278,1960,3783,36930,19467,6346,2094,9312,3899,3080,40,35
2021-06-11T23:59:59+02:00,8,4,1094,1094,3731,3110,4394,3444,4433,5300,3980,4512,2520,2603,3191,3203,2732,5149,339,416,1248,1300,1527,1674,1546,2681,1668,2274,1434,1567,2180,2273,1960,3782,36636,19211,6319,2086,9308,3823,3056,40,35
2021-06-10T23:59:59+02:00,7,4,1034,1050,3611,3026,4263,3362,4330,5232,3923,4478,2517,2595,3189,3201,2731,5149,323,404,1186,1264,1460,1612,1481,2609,1577,2168,1400,1533,2175,2263,1959,3779,36054,18773,6181,2079,9290,3667,2974,40,34
2021-06-09T23:59:59+02:00,7,2,985,1016,3481,2929,4122,3303,4238,5154,3878,4436,2513,2589,3186,3198,2731,5149,305,388,1123,1228,1392,1584,1418,2527,1500,2092,1373,1475,2167,2249,1958,3776,35564,18447,6012,2026,9287,3535,2842,40,34
2021-06-08T23:59:59+02:00,6,2,937,977,3352,2844,4000,3215,4137,5067,3821,4407,2505,2584,3183,3195,2730,5147,292,366,1080,1189,1336,1551,1363,2467,1450,2019,1349,1439,2156,2231,1954,3772,35010,18205,5876,1979,9276,3397,2720,40,33
2021-06-07T23:59:59+02:00,5,2,909,951,3248,2767,3867,3176,4013,4994,3770,4379,2491,2578,3182,3193,2730,5145,283,359,1034,1150,1280,1529,1318,2412,1378,1965,1334,1418,2140,2214,1953,3763,34628,18028,5696,1944,9267,3265,2572,40,33
2021-06-06T23:59:59+02:00,5,2,890,941,3189,2726,3778,3126,3939,4963,3736,4363,2487,2572,3180,3192,2728,5144,276,346,1019,1124,1249,1496,1293,2354,1346,1905,1318,1401,2133,2207,1951,3760,34413,17922,5559,1895,9259,3151,2484,40,33
2021-06-05T23:59:59+02:00,5,2,875,922,3119,2668,3729,3096,3903,4937,3723,4359,2486,2570,3180,3191,2728,5143,271,339,1003,1103,1226,1475,1268,2323,1310,1883,1298,1375,2130,2203,1951,3760,34133,17750,5554,1891,9253,3100,2444,40,32
2021-06-04T23:59:59+02:00,3,2,851,906,3064,2616,3653,3055,3832,4880,3693,4339,2482,2567,3177,3191,2728,5143,260,332,981,1070,1204,1461,1233,2285,1275,1847,1279,1351,2120,2198,1951,3758,33810,17588,5507,1886,9250,3041,2355,40,32
2021-06-03T23:59:59+02:00,3,2,806,875,2909,2518,3466,2948,3653,4760,3598,4266,2474,2556,3172,3185,2728,5143,248,318,948,1034,1145,1406,1166,2192,1212,1782,1238,1305,2109,2184,1951,3756,33126,17361,5276,1866,9235,2875,2148,40,32
2021-06-02T23:59:59+02:00,3,2,776,867,2835,2439,3398,2892,3588,4695,3555,4240,2472,2552,3172,3184,2728,5143,232,313,927,1003,1091,1374,1116,2147,1159,1732,1223,1266,2105,2181,1951,3756,32768,17145,5259,1851,9234,2836,1992,40,32
2021-06-01T23:59:59+02:00,3,2,730,839,2670,2324,3205,2791,3409,4578,3491,4176,2461,2544,3169,3178,2728,5143,219,300,848,953,989,1310,1026,2029,1104,1656,1189,1208,2096,2169,1949,3751,32160,16865,5036,1811,9222,2640,1715,40,32
2021-05-31T23:59:59+02:00,3,2,695,815,2539,2241,3067,2694,3294,4472,3431,4126,2454,2531,3167,3173,2728,5142,204,285,799,910,919,1258,974,1942,1061,1598,1166,1177,2090,2164,1947,3749,31767,16686,4803,1796,9203,2505,1483,40,32
2021-05-30T23:59:59+02:00,3,2,684,801,2483,2190,2991,2656,3234,4424,3411,4103,2450,2526,3166,3172,2727,5140,194,265,759,871,863,1212,927,1875,1038,1545,1152,1161,2084,2154,1947,3747,31616,16588,4739,1786,9192,2348,1294,40,32
2021-05-29T23:59:59+02:00,3,1,682,799,2468,2173,2968,2644,3217,4406,3401,4094,2449,2525,3166,3172,2727,5140,191,255,753,861,844,1187,909,1823,1021,1507,1138,1140,2083,2146,1946,3747,31491,16485,4737,1786,9190,2207,1293,40,32
2021-05-28T23:59:59+02:00,3,1,675,789,2435,2137,2922,2617,3192,4387,3389,4078,2449,2521,3164,3166,2727,5140,188,247,742,850,834,1167,898,1781,986,1463,1115,1110,2080,2138,1945,3745,31260,16302,4726,1784,9185,2130,1289,40,32
2021-05-27T23:59:59+02:00,3,1,631,768,2306,2082,2788,2545,3057,4310,3305,4024,2441,2507,3163,3164,2727,5137,173,230,679,798,758,1111,816,1683,919,1376,1092,1077,2066,2117,1944,3743,30774,16082,4595,1743,9152,1876,1091,40,31
2021-05-26T23:59:59+02:00,3,1,602,743,2206,2016,2628,2485,2930,4245,3250,3971,2430,2495,3158,3157,2724,5131,166,212,642,759,712,1075,767,1614,873,1318,1073,1047,2047,2083,1939,3736,30375,15847,4360,1728,9123,1736,960,40,31
2021-05-25T23:59:59+02:00,3,1,579,727,2122,1959,2529,2443,2823,4163,3198,3934,2417,2486,3155,3152,2723,5127,156,204,622,730,677,1040,721,1553,821,1255,1049,1023,2016,2048,1938,3731,30022,15609,4180,1689,9081,1600,895,39,28
2021-05-24T23:59:59+02:00,3,1,566,704,2067,1919,2454,2412,2753,4110,3144,3892,2405,2478,3149,3151,2720,5126,151,196,603,712,650,1008,683,1491,797,1200,1026,1005,2010,2044,1933,3730,29839,15502,4006,1676,9045,1474,796,38,27
2021-05-23T23:59:59+02:00,3,1,563,702,2053,1908,2442,2398,2742,4097,3133,3878,2400,2475,3149,3149,2720,5126,150,195,599,706,643,1004,666,1478,784,1192,1020,999,2005,2039,1931,3726,29728,15419,4003,1669,9044,1464,794,38,27
2021-05-22T23:59:59+02:00,3,1,558,692,2030,1889,2409,2381,2718,4067,3104,3850,2391,2470,3147,3146,2720,5125,147,187,592,701,639,994,653,1472,778,1183,1007,991,1997,2024,1931,3726,29496,15348,4002,1669,9042,1426,785,38,27
2021-05-21T23:59:59+02:00,3,1,546,674,1945,1859,2318,2335,2653,4017,3061,3801,2384,2456,3144,3145,2720,5123,147,184,586,694,627,984,639,1460,757,1162,990,962,1984,2018,1931,3725,29020,15244,3975,1667,9025,1363,782,38,27
2021-05-20T23:59:59+02:00,3,1,508,653,1812,1789,2188,2261,2529,3919,2976,3714,2363,2441,3135,3137,2718,5120,140,175,558,659,594,945,611,1401,726,1099,963,926,1972,2003,1929,3722,28344,15106,3859,1651,8951,1156,710,38,27
2021-05-19T23:59:59+02:00,3,1,468,618,1706,1715,2053,2193,2391,3822,2872,3615,2342,2421,3128,3130,2712,5119,127,167,531,638,562,911,583,1350,698,1038,941,905,1952,1972,1922,3718,27599,14927,3788,1630,8908,1059,592,38,27
2021-05-18T23:59:59+02:00,3,0,444,596,1629,1654,1955,2133,2277,3700,2773,3515,2329,2401,3120,3122,2711,5115,119,160,507,618,540,878,566,1273,680,975,923,878,1938,1950,1918,3711,27084,14788,3616,1589,8851,953,493,38,27
2021-05-17T23:59:59+02:00,3,0,423,584,1573,1619,1901,2080,2199,3590,2718,3441,2309,2381,3109,3114,2709,5110,114,152,487,604,530,843,553,1209,667,920,902,841,1933,1939,1917,3706,26772,14696,3467,1550,8785,855,401,38,26
2021-05-16T23:59:59+02:00,3,0,419,583,1545,1590,1870,2057,2155,3537,2658,3382,2295,2372,3106,3110,2709,5109,111,150,479,585,521,827,539,1159,647,878,874,810,1926,1934,1917,3705,26586,14635,3398,1513,8746,767,328,38,26
2021-05-15T23:59:59+02:00,3,0,414,578,1519,1573,1851,2038,2135,3513,2631,3344,2288,2372,3105,3107,2708,5109,110,147,477,584,521,826,534,1155,639,870,870,807,1920,1930,1917,3705,26383,14599,3398,1512,8739,759,323,36,26
2021-05-14T23:59:59+02:00,3,0,401,565,1488,1543,1810,1994,2055,3440,2577,3296,2278,2360,3102,3107,2706,5109,108,144,474,568,501,801,514,1124,625,854,855,792,1912,1921,1917,3704,26001,14536,3356,1496,8715,657,303,36,26
2021-05-13T23:59:59+02:00,2,0,378,549,1428,1494,1706,1949,1939,3352,2505,3203,2251,2342,3093,3101,2704,5103,103,141,462,560,491,786,508,1109,614,841,826,760,1895,1895,1916,3698,25549,14446,3137,1443,8661,617,276,36,24
2021-05-12T23:59:59+02:00,1,0,371,545,1410,1486,1688,1940,1919,3327,2490,3185,2248,2335,3087,3098,2704,5102,103,139,459,560,490,779,504,1104,610,835,818,745,1891,1886,1914,3698,25413,14389,3115,1433,8655,616,273,35,24
2021-05-11T23:59:59+02:00,1,0,351,525,1342,1449,1591,1901,1807,3229,2385,3107,2231,2307,3078,3087,2699,5101,97,129,444,532,469,752,484,1072,576,813,790,712,1878,1875,1912,3694,24995,14266,2946,1392,8541,528,216,35,24
2021-05-10T23:59:59+02:00,1,0,336,507,1303,1419,1538,1871,1740,3168,2323,3035,2217,2292,3069,3078,2698,5097,97,126,438,525,460,731,477,1048,571,790,774,693,1872,1868,1910,3690,24714,14198,2870,1383,8421,474,188,35,23
2021-05-09T23:59:59+02:00,1,0,330,497,1262,1399,1511,1854,1693,3131,2255,2985,2206,2278,3066,3072,2698,5092,94,123,429,516,452,725,467,1039,560,776,760,683,1863,1863,1909,3687,24473,14150,2816,1376,8370,425,165,35,22
2021-05-08T23:59:59+02:00,1,0,324,494,1251,1380,1478,1831,1662,3104,2203,2965,2199,2270,3063,3071,2696,5091,93,123,428,515,450,724,466,1034,560,770,754,682,1857,1853,1909,3687,24230,14130,2812,1368,8366,412,164,35,22
2021-05-07T23:59:59+02:00,1,0,313,487,1223,1353,1427,1812,1602,3040,2148,2916,2190,2259,3062,3066,2694,5086,90,120,416,502,440,697,453,999,537,745,748,657,1836,1838,1909,3683,23946,14058,2783,1343,8301,308,130,35,20
2021-05-06T23:59:59+02:00,1,0,295,472,1135,1316,1309,1749,1461,2926,2005,2823,2150,2224,3058,3053,2693,5082,87,114,403,488,428,680,441,976,519,722,733,639,1818,1822,1905,3676,23433,13975,2590,1319,8088,223,102,33,19
2021-05-05T23:59:59+02:00,1,0,280,458,1094,1290,1262,1712,1393,2860,1914,2739,2125,2190,3043,3038,2693,5071,87,110,395,478,423,668,434,965,512,704,711,626,1792,1800,1905,3673,22969,13888,2530,1295,8022,174,95,33,17
2021-05-04T23:59:59+02:00,1,0,272,447,1057,1266,1223,1691,1348,2812,1851,2672,2105,2155,3033,3024,2683,5058,83,106,388,467,420,663,424,945,502,684,693,603,1773,1773,1901,3673,22620,13783,2467,1262,7969,133,89,33,16
2021-05-03T23:59:59+02:00,1,0,267,439,1026,1244,1186,1674,1319,2777,1803,2634,2088,2126,3020,3015,2681,5052,78,100,376,461,412,655,420,937,494,677,674,592,1746,1745,1899,3669,22364,13678,2443,1251,7920,112,62,33,15
2021-05-02T23:59:59+02:00,1,0,261,437,1012,1232,1158,1658,1293,2763,1788,2611,2080,2111,3015,3012,2679,5049,76,99,370,457,407,650,416,931,491,672,666,579,1723,1730,1899,3668,22238,13630,2426,1226,7880,98,48,33,14
2021-05-01T23:59:59+02:00,1,0,257,432,1004,1223,1145,1648,1278,2749,1770,2592,2071,2104,3011,3008,2679,5048,76,98,370,456,405,650,414,927,491,671,664,579,1723,1730,1899,3668,22094,13622,2426,1226,7880,95,46,33,14
2021-04-30T23:59:59+02:00,1,0,254,426,994,1201,1124,1628,1240,2685,1704,2530,2057,2086,3004,3003,2678,5044,75,96,369,450,402,644,413,902,486,659,657,573,1720,1724,1899,3666,21768,13606,2421,1214,7876,70,14,33,13
2021-04-29T23:59:59+02:00,1,0,240,411,945,1177,1085,1590,1192,2628,1609,2453,2006,2037,2994,2991,2673,5032,75,95,363,449,397,639,406,891,475,648,640,561,1704,1711,1893,3660,21265,13526,2384,1187,7816,48,13,32,13
2021-04-28T23:59:59+02:00,1,0,229,408,930,1162,1055,1578,1156,2588,1541,2397,1959,1974,2981,2986,2671,5029,72,94,356,446,394,630,402,881,468,633,622,542,1685,1691,1893,3658,20946,13446,2337,1138,7759,35,12,32,13
2021-04-27T23:59:59+02:00,1,0,226,400,916,1148,1038,1565,1133,2562,1518,2368,1924,1929,2974,2979,2669,5025,70,91,354,443,392,625,400,877,462,628,614,530,1673,1668,1889,3655,20739,13384,2305,1109,7724,30,12,28,13
2021-04-26T23:59:59+02:00,1,0,223,393,907,1139,1027,1552,1105,2543,1463,2319,1904,1907,2964,2968,2666,5019,70,91,350,439,392,623,394,874,458,622,604,518,1658,1653,1887,3651,20541,13337,2289,1070,7656,28,12,28,13
2021-04-25T23:59:59+02:00,1,0,223,392,899,1129,1014,1544,1088,2524,1430,2284,1880,1883,2956,2961,2666,5018,69,90,349,433,389,622,392,870,456,621,601,512,1652,1643,1887,3649,20404,13317,2265,1050,7604,20,12,28,12
2021-04-24T23:59:59+02:00,1,0,219,388,888,1119,1001,1530,1074,2505,1394,2260,1870,1858,2953,2955,2666,5018,69,90,349,433,388,622,392,868,455,618,599,509,1651,1640,1887,3649,20227,13310,2265,1040,7584,20,12,28,12
2021-04-23T23:59:59+02:00,1,0,215,381,877,1106,994,1520,1054,2484,1335,2212,1844,1831,2946,2949,2666,5015,68,88,349,433,388,621,391,864,452,614,592,501,1641,1630,1887,3644,20062,13281,2253,1012,7484,20,12,28,12
2021-04-22T23:59:59+02:00,1,0,213,373,851,1085,970,1497,1023,2442,1279,2147,1797,1779,2933,2929,2664,5006,68,87,347,428,382,613,388,854,447,608,579,493,1622,1615,1882,3639,19751,13205,2197,984,7405,13,12,28,12
2021-04-21T23:59:59+02:00,1,0,207,366,832,1070,945,1478,982,2405,1227,2094,1746,1709,2911,2907,2657,4997,66,85,344,426,380,610,385,849,444,601,574,487,1608,1593,1871,3634,19390,13133,2161,961,7342,13,12,28,12
2021-04-20T23:59:59+02:00,1,0,201,361,816,1046,925,1457,959,2351,1183,2038,1685,1641,2881,2881,2651,4979,65,85,342,425,376,606,380,843,444,594,567,478,1585,1560,1867,3630,19054,13047,2088,938,7269,12,12,28,12
2021-04-19T23:59:59+02:00,1,0,199,351,801,1035,911,1438,942,2318,1158,2004,1641,1594,2868,2866,2649,4974,65,84,341,423,371,600,376,834,439,583,563,472,1557,1533,1861,3617,18837,12951,2069,910,7198,9,11,27,12
2021-04-18T23:59:59+02:00,1,0,197,348,794,1026,900,1428,921,2298,1134,1983,1600,1552,2859,2858,2642,4968,64,82,340,422,371,600,375,829,438,580,560,466,1547,1527,1858,3615,18694,12921,2036,894,7125,9,11,27,12
2021-04-17T23:59:59+02:00,1,0,195,344,791,1023,893,1426,912,2293,1127,1975,1580,1521,2854,2849,2642,4968,64,79,338,417,370,600,373,825,437,577,555,460,1536,1519,1858,3612,18608,12869,2035,892,7096,9,11,27,12
2021-04-16T23:59:59+02:00,1,0,194,343,782,1016,880,1409,898,2270,1089,1934,1524,1453,2840,2834,2638,4961,59,77,335,410,369,598,368,813,430,563,528,429,1523,1497,1847,3599,18374,12761,2018,825,7017,8,11,26,11
2021-04-15T23:59:59+02:00,1,0,193,338,760,999,862,1397,872,2225,1047,1892,1472,1396,2811,2806,2623,4945,57,76,330,404,364,597,360,807,420,560,513,421,1489,1463,1834,3584,18093,12644,2001,776,6884,7,11,25,11
2021-04-14T23:59:59+02:00,1,0,192,332,751,991,855,1384,857,2191,1028,1861,1412,1349,2760,2740,2610,4929,54,72,325,401,360,592,357,798,409,546,497,402,1453,1431,1827,3565,17808,12502,1978,729,6794,7,11,22,10
2021-04-13T23:59:59+02:00,1,0,188,326,742,987,844,1372,847,2166,994,1832,1346,1276,2706,2681,2602,4914,52,72,321,397,351,585,350,790,400,538,484,394,1426,1409,1818,3554,17555,12403,1925,681,6680,5,11,21,10
2021-04-12T23:59:59+02:00,1,0,188,325,736,982,836,1360,819,2143,978,1811,1293,1238,2686,2651,2598,4900,51,68,311,389,346,579,345,782,394,531,466,384,1408,1393,1815,3546,17414,12308,1899,639,6566,5,11,19,10
2021-04-11T23:59:59+02:00,0,0,186,323,730,971,828,1355,805,2126,961,1794,1270,1207,2664,2629,2593,4893,50,66,306,387,344,577,344,778,389,523,461,375,1393,1388,1810,3539,17337,12255,1872,613,6458,4,11,18,10
2021-04-10T23:59:59+02:00,0,0,186,321,730,968,825,1354,798,2118,953,1787,1256,1191,2650,2612,2592,4893,45,61,283,373,328,561,330,766,374,513,446,368,1381,1368,1805,3533,17277,12072,1863,597,6426,4,10,18,10
2021-04-09T23:59:59+02:00,0,0,186,317,725,965,815,1331,790,2034,933,1704,1200,1117,2606,2583,2589,4885,38,59,269,359,309,548,310,752,360,496,429,358,1338,1338,1792,3519,17111,11833,1824,567,6173,4,8,16,9
2021-04-08T23:59:59+02:00,0,0,184,313,721,958,804,1322,775,2016,909,1681,1124,1033,2546,2543,2576,4875,37,57,261,345,296,540,294,736,334,478,402,335,1288,1299,1768,3485,16932,11543,1755,534,6021,4,7,16,9
2021-04-07T23:59:59+02:00,0,0,178,310,712,952,796,1307,759,1988,886,1649,1069,972,2491,2482,2567,4860,35,54,243,329,286,534,285,723,319,465,373,315,1241,1260,1749,3447,16735,11271,1710,503,5856,4,7,16,9
2021-04-06T23:59:59+02:00,0,0,174,309,705,947,781,1292,739,1965,858,1623,1035,925,2450,2432,2559,4850,33,53,242,326,282,531,275,720,309,460,362,301,1210,1230,1729,3425,16612,11135,1675,469,5675,4,7,16,9
2021-04-05T23:59:59+02:00,0,0,174,309,704,941,775,1282,730,1949,847,1608,1006,899,2423,2389,2554,4842,33,53,242,322,281,527,272,713,303,458,360,294,1176,1205,1721,3406,16547,11041,1658,439,5541,4,7,16,9
2021-04-04T23:59:59+02:00,0,0,173,306,701,934,769,1271,720,1932,840,1586,991,884,2415,2383,2554,4841,33,53,242,322,280,527,272,713,302,458,358,294,1158,1191,1717,3402,16514,10996,1653,439,5448,4,7,15,9
2021-04-03T23:59:59+02:00,0,0,173,306,701,934,767,1269,719,1927,832,1582,978,873,2408,2373,2551,4840,33,53,242,322,280,527,272,712,302,456,358,294,1158,1186,1717,3399,16466,10985,1653,439,5427,4,7,15,9
2021-04-02T23:59:59+02:00,0,0,173,305,701,933,766,1266,715,1920,824,1571,965,860,2385,2350,2549,4837,33,53,239,322,278,525,269,705,295,451,353,292,1136,1158,1705,3372,16390,10865,1641,432,5399,4,7,15,9
2021-04-01T23:59:59+02:00,0,0,170,302,695,922,753,1252,709,1900,806,1550,934,824,2343,2300,2543,4818,32,52,231,319,276,521,266,698,289,446,341,284,1096,1117,1672,3329,16254,10660,1577,418,5295,4,7,15,9
2021-03-31T23:59:59+02:00,0,0,167,299,688,915,743,1236,700,1854,792,1507,916,804,2296,2235,2522,4799,32,52,230,318,271,519,261,696,279,435,326,278,1031,1064,1648,3297,16132,10448,1509,399,5137,4,6,15,9
2021-03-30T23:59:59+02:00,0,0,163,292,682,906,739,1215,689,1815,781,1461,893,785,2247,2169,2508,4777,32,51,227,315,268,516,259,690,273,427,315,272,997,1035,1626,3261,15982,10290,1461,381,4982,4,6,15,9
2021-03-29T23:59:59+02:00,0,0,160,286,676,893,733,1203,679,1783,768,1422,874,767,2171,2100,2487,4747,32,50,226,313,267,514,255,682,265,416,308,266,969,1013,1613,3234,15770,10158,1417,371,4863,4,6,15,9
2021-03-28T23:59:59+02:00,0,0,152,269,666,886,726,1194,674,1762,763,1404,866,746,2124,2055,2482,4735,32,49,223,313,263,508,251,679,263,413,306,264,958,1002,1607,3226,15689,10100,1362,363,4753,4,6,15,9
2021-03-27T23:59:59+01:00,0,0,152,266,662,879,722,1190,668,1751,760,1397,855,731,2112,2040,2482,4732,32,49,223,313,263,508,250,672,260,408,304,263,951,992,1589,3202,15632,10033,1352,352,4712,4,6,15,9
2021-03-26T23:59:59+01:00,0,0,150,264,652,867,716,1174,658,1732,751,1366,836,711,2086,2014,2472,4722,32,49,223,313,262,506,250,671,254,396,298,255,919,960,1556,3153,15524,9852,1314,352,4627,4,4,15,9
2021-03-25T23:59:59+01:00,0,0,147,263,642,855,695,1153,640,1694,732,1323,816,691,2042,1970,2456,4704,32,48,220,308,261,505,244,668,252,394,290,251,880,929,1494,3074,15407,9616,1260,338,4448,3,4,14,9
2021-03-24T23:59:59+01:00,0,0,144,254,628,842,688,1139,631,1655,717,1289,791,673,1998,1926,2439,4680,32,48,218,305,259,503,242,668,246,391,283,245,834,904,1443,2981,15267,9386,1225,322,4293,2,3,14,9
2021-03-23T23:59:59+01:00,0,0,141,252,621,832,674,1127,621,1633,704,1249,773,659,1957,1895,2423,4661,31,47,216,304,257,499,235,663,243,384,273,241,808,880,1365,2883,15173,9122,1196,311,4142,2,3,14,9
2021-03-22T23:59:59+01:00,0,0,138,247,603,813,656,1108,610,1599,687,1223,762,645,1925,1870,2412,4645,31,46,215,302,255,497,234,655,242,380,270,237,781,858,1273,2777,15087,8857,1164,299,3981,2,3,12,9
2021-03-21T23:59:59+01:00,0,0,135,245,599,807,652,1105,605,1575,676,1188,755,634,1901,1863,2405,4629,31,46,214,302,254,495,233,654,240,378,268,233,775,855,1264,2768,15053,8823,1143,290,3862,2,3,11,8
2021-03-20T23:59:59+01:00,0,0,133,245,593,804,648,1101,601,1571,674,1186,748,625,1877,1839,2398,4617,31,46,214,302,253,495,232,652,237,372,266,231,765,849,1246,2754,14987,8768,1133,280,3822,2,3,11,8
2021-03-19T23:59:59+01:00,0,0,124,233,587,790,639,1094,597,1553,657,1172,712,580,1818,1797,2368,4596,30,46,214,301,252,495,230,645,234,369,264,225,739,830,1208,2701,14812,8620,1057,265,3726,2,3,10,8
2021-03-18T23:59:59+01:00,0,0,121,228,568,780,619,1062,578,1503,627,1124,676,555,1766,1748,2340,4553,30,46,212,299,250,487,230,639,230,360,262,217,721,818,1175,2657,14617,8488,993,246,3510,2,3,10,8
2021-03-17T23:59:59+01:00,0,0,115,222,557,767,607,1057,567,1490,612,1101,652,530,1721,1713,2319,4514,30,45,212,298,249,484,229,638,229,357,261,215,709,806,1140,2610,14413,8371,943,240,3455,2,3,9,8
2021-03-16T23:59:59+01:00,0,0,110,216,545,755,593,1044,555,1447,595,1073,633,506,1666,1658,2297,4478,30,44,212,296,249,479,228,636,227,356,257,215,692,787,1110,2554,14234,8234,887,237,3311,2,2,9,8
2021-03-15T23:59:59+01:00,0,0,106,209,530,740,581,1020,544,1413,580,1035,613,487,1624,1619,2275,4453,29,44,211,293,249,476,226,634,225,356,249,211,673,775,1085,2518,14077,8131,832,223,3176,2,0,9,8
2021-03-14T23:59:59+01:00,0,0,102,197,521,725,570,998,536,1368,563,990,595,471,1595,1598,2259,4428,29,44,211,291,248,475,225,629,224,351,247,207,669,768,1077,2503,13970,8104,797,194,3000,2,0,9,8
2021-03-13T23:59:59+01:00,0,0,98,187,495,704,541,972,508,1344,540,969,567,462,1569,1572,2251,4420,29,44,211,291,248,475,224,629,224,350,246,207,663,758,1047,2474,13745,8025,783,193,2906,2,0,9,8
2021-03-12T23:59:59+01:00,0,0,89,181,469,675,521,945,484,1309,513,932,536,441,1511,1525,2228,4381,29,44,211,290,248,474,224,629,224,349,242,205,647,746,1021,2447,13433,7933,753,193,2776,2,0,9,7
2021-03-11T23:59:59+01:00,0,0,83,170,438,638,486,913,444,1230,475,869,503,408,1431,1457,2180,4322,29,43,210,287,243,470,222,625,220,346,237,203,631,724,996,2406,13047,7846,700,142,2503,2,0,9,7
2021-03-10T23:59:59+01:00,0,0,81,164,414,613,467,896,425,1194,447,824,472,382,1353,1391,2141,4266,29,43,208,282,239,466,219,619,220,344,232,200,612,716,973,2366,12702,7736,667,125,2360,2,0,9,7
2021-03-09T23:59:59+01:00,0,0,81,160,403,592,440,867,411,1144,429,792,450,363,1301,1358,2100,4221,29,43,207,279,237,458,216,615,216,339,230,199,601,709,954,2335,12475,7653,640,106,2183,2,0,9,7
2021-03-08T23:59:59+01:00,0,0,78,155,390,574,419,849,399,1091,417,750,434,348,1243,1322,2076,4183,29,43,207,278,234,452,212,610,211,335,228,198,588,704,944,2324,12285,7600,603,90,2022,1,0,9,6
2021-03-07T23:59:59+01:00,0,0,75,151,387,564,411,833,387,1077,410,744,431,343,1230,1302,2067,4174,29,43,206,277,234,450,210,609,211,334,227,197,584,701,936,2317,12218,7570,576,88,1970,0,0,9,6
2021-03-06T23:59:59+01:00,0,0,75,144,384,559,404,812,377,1021,402,709,429,342,1223,1291,2052,4159,29,43,206,277,233,449,210,608,211,334,227,197,581,701,934,2303,12159,7561,576,75,1824,0,0,9,6
2021-03-05T23:59:59+01:00,0,0,75,139,380,553,400,805,374,1004,390,683,417,328,1182,1249,2008,4100,29,43,205,276,232,448,209,606,210,331,225,196,576,700,926,2282,11942,7537,554,49,1760,0,0,9,6
2021-03-04T23:59:59+01:00,0,0,74,126,371,520,386,772,354,962,376,653,399,326,1130,1199,1924,4004,28,43,203,270,230,441,207,595,207,330,224,195,574,697,923,2279,11639,7489,520,48,1583,0,0,9,5
2021-03-03T23:59:59+01:00,0,0,68,115,362,504,378,755,349,940,362,633,389,318,1085,1165,1854,3882,28,43,203,269,229,439,204,585,207,323,223,192,569,694,916,2273,11363,7445,493,43,1466,0,0,8,5
2021-03-02T23:59:59+01:00,0,0,65,109,352,491,363,737,338,919,354,605,376,311,1049,1134,1756,3761,27,43,203,269,229,432,199,578,205,320,221,192,567,686,909,2260,11037,7386,469,43,1370,0,0,8,5
2021-03-01T23:59:59+01:00,0,0,64,107,346,477,356,717,327,894,347,571,371,308,1021,1102,1638,3606,27,42,202,268,227,423,197,570,205,316,220,192,564,678,900,2252,10694,7328,448,43,1262,0,0,8,5
2021-02-28T23:59:59+01:00,0,0,64,105,339,468,353,709,325,870,342,551,366,296,1012,1098,1627,3594,27,42,201,267,226,423,197,570,205,316,219,192,563,674,897,2249,10647,7313,437,43,1185,0,0,8,5
2021-02-27T23:59:59+01:00,0,0,61,96,335,459,349,705,319,857,338,541,362,292,1002,1087,1604,3572,27,42,201,266,226,422,196,569,204,315,219,192,563,674,897,2249,10575,7312,424,38,1128,0,0,8,5
2021-02-26T23:59:59+01:00,0,0,59,93,328,435,323,673,297,826,325,520,358,288,977,1067,1560,3510,27,41,201,265,226,420,194,566,201,313,219,192,563,674,896,2246,10411,7294,421,38,950,0,0,8,4
2021-02-25T23:59:59+01:00,0,0,52,80,315,415,312,643,291,797,311,494,348,278,958,1048,1522,3463,27,41,200,262,222,417,191,558,196,312,214,189,552,666,885,2240,10257,7232,407,28,801,0,0,8,4
2021-02-24T23:59:59+01:00,0,0,48,75,306,403,304,630,286,782,307,484,342,277,938,1036,1475,3404,26,41,198,260,219,404,189,550,193,307,212,186,546,660,883,2227,10109,7167,392,20,731,0,0,8,4
2021-02-23T23:59:59+01:00,0,0,45,66,293,387,296,611,280,763,297,474,335,275,908,1017,1434,3331,25,41,197,258,217,399,188,544,189,304,211,185,544,649,877,2207,9931,7104,373,16,639,0,0,8,4
2021-02-22T23:59:59+01:00,0,0,42,63,286,375,292,600,276,752,293,470,328,268,886,1002,1404,3295,25,39,193,255,214,386,180,534,183,301,207,182,532,641,870,2190,9809,7011,357,5,596,0,0,7,4
2021-02-21T23:59:59+01:00,0,0,41,62,281,367,290,591,272,744,286,466,325,265,881,997,1397,3285,25,38,191,253,213,384,180,525,183,300,207,182,528,640,862,2177,9782,6965,349,5,546,0,0,6,4
2021-02-20T23:59:59+01:00,0,0,40,62,278,366,290,588,271,738,283,458,324,265,867,985,1364,3254,25,38,191,253,213,384,180,525,182,299,207,182,527,640,860,2176,9695,6959,338,5,524,0,0,6,4
2021-02-19T23:59:59+01:00,0,0,39,62,274,361,284,565,261,712,278,444,320,260,841,968,1329,3224,25,37,191,253,212,383,180,524,181,299,206,181,522,639,855,2159,9585,6924,323,5,435,0,0,5,4
2021-02-18T23:59:59+01:00,0,0,39,58,256,340,275,544,252,691,261,416,316,251,829,947,1303,3192,24,36,187,246,210,377,176,509,179,288,203,176,507,625,818,2092,9491,6729,297,5,301,0,0,5,4
2021-02-17T23:59:59+01:00,0,0,39,56,249,334,271,530,247,678,258,394,311,246,809,936,1274,3145,22,34,184,241,202,362,172,492,174,276,195,172,496,610,799,2053,9358,6558,287,4,245,0,0,5,4
2021-02-16T23:59:59+01:00,0,0,38,51,237,322,268,519,241,663,251,386,306,244,798,925,1248,3113,20,34,175,233,195,343,166,480,170,262,192,165,463,579,764,1985,9262,6298,279,4,180,0,0,5,4
2021-02-15T23:59:59+01:00,0,0,37,50,231,319,261,506,237,657,247,378,302,243,779,916,1236,3094,19,32,168,226,190,335,161,469,164,255,182,159,433,550,728,1914,9196,6057,265,4,143,0,0,5,4
2021-02-14T23:59:59+01:00,0,0,35,50,228,316,259,500,235,651,247,374,302,239,772,910,1227,3075,18,32,166,223,186,330,160,457,162,252,181,156,425,541,710,1870,9173,5940,232,4,125,0,0,5,4
2021-02-13T23:59:59+01:00,0,0,34,50,228,316,257,500,235,650,247,374,302,239,770,909,1226,3074,18,32,164,222,183,330,159,455,161,249,179,153,420,538,702,1855,9166,5893,232,1,123,0,0,5,4
2021-02-12T23:59:59+01:00,0,0,33,48,225,310,254,491,231,639,244,367,301,238,764,908,1223,3064,18,32,162,219,182,329,157,453,159,248,177,149,416,522,671,1789,9137,5756,232,1,79,0,0,5,4
2021-02-11T23:59:59+01:00,0,0,32,47,217,291,247,475,224,615,231,354,297,237,756,891,1198,3031,18,31,146,199,174,298,146,406,153,225,160,133,369,473,608,1621,9066,5227,165,1,18,0,0,5,4
2021-02-10T23:59:59+01:00,0,0,31,47,214,283,244,468,220,606,228,347,293,237,744,888,1190,3021,17,28,133,176,158,260,127,356,142,200,144,125,342,442,546,1496,9010,4752,148,1,7,0,0,5,2
2021-02-09T23:59:59+01:00,0,0,30,46,213,280,242,455,215,598,224,344,289,233,740,881,1181,3008,17,26,118,147,145,237,110,313,128,173,126,116,308,385,491,1338,8955,4232,124,1,3,0,0,5,2
2021-02-08T23:59:59+01:00,0,0,30,46,212,278,236,441,212,586,221,339,284,233,732,874,1175,3001,15,24,102,125,124,193,91,272,120,161,103,107,269,333,429,1202,8888,3719,109,1,3,0,0,5,2
2021-02-07T23:59:59+01:00,0,0,30,45,210,277,234,440,212,583,221,338,284,233,730,870,1170,2998,14,18,98,117,117,182,86,254,114,151,96,102,262,320,413,1152,8867,3542,106,1,0,0,0,5,2
2021-02-06T23:59:59+01:00,0,0,30,45,210,277,234,439,212,583,221,337,283,233,729,870,1169,2986,11,14,97,115,116,178,84,247,114,149,95,101,262,316,402,1137,8864,3481,92,1,0,0,0,5,2
2021-02-05T23:59:59+01:00,0,0,29,44,210,277,234,438,210,580,219,336,282,233,727,870,1157,2959,10,10,89,107,112,175,83,242,108,137,92,99,253,310,377,1108,8844,3353,57,0,0,0,0,5,2
2021-02-04T23:59:59+01:00,0,0,29,44,207,273,230,433,205,574,217,332,279,229,721,863,1148,2945,9,7,62,74,89,131,71,203,88,118,88,85,221,274,333,982,8769,2865,57,0,0,0,0,4,2
2021-02-03T23:59:59+01:00,0,0,29,43,207,271,229,421,202,568,216,329,276,226,711,860,1141,2929,6,4,45,56,70,107,53,157,75,88,63,60,166,200,252,719,8705,2145,50,0,0,0,0,4,2
2021-02-02T23:59:59+01:00,0,0,28,43,206,269,225,415,201,563,213,328,273,225,703,849,1134,2904,3,3,29,39,55,77,41,101,56,65,54,49,119,134,168,475,8625,1484,49,0,0,0,0,4,2
2021-02-01T23:59:59+01:00,0,0,27,41,204,269,222,410,198,557,208,320,271,222,696,846,1129,2892,3,1,22,21,28,45,28,62,32,34,38,31,72,86,97,286,8558,894,49,0,0,0,0,4,2
2021-01-31T23:59:59+01:00,0,0,27,41,203,267,220,406,196,549,207,319,270,222,692,842,1123,2877,3,1,20,16,19,37,21,49,24,30,35,25,57,74,94,256,8506,767,48,0,0,0,0,4,2
2021-01-30T23:59:59+01:00,0,0,27,41,203,267,220,405,195,549,207,319,270,222,691,842,1122,2875,3,1,19,15,17,37,19,45,22,29,34,24,57,71,92,250,8501,740,47,0,0,0,0,4,2
2021-01-29T23:59:59+01:00,0,0,27,41,203,264,219,404,194,548,205,317,270,222,686,839,1116,2867,3,0,16,10,12,31,18,40,18,26,34,23,54,70,90,244,8473,692,43,0,0,0,0,3,2
2021-01-28T23:59:59+01:00,0,0,27,40,196,261,219,398,193,539,202,312,269,222,674,831,1093,2847,3,0,3,3,7,18,10,21,9,12,26,16,37,47,60,173,8383,447,34,0,0,0,0,3,1
2021-01-27T23:59:59+01:00,0,0,26,38,191,256,214,389,191,526,199,302,261,217,659,813,1069,2809,1,0,2,3,6,14,9,19,8,11,25,15,31,41,50,132,8219,368,29,0,0,0,0,3,1
2021-01-26T23:59:59+01:00,0,0,23,38,188,245,208,376,186,508,196,294,255,212,637,796,1041,2758,1,0,1,3,6,14,9,19,8,11,24,12,30,37,49,115,8024,340,24,0,0,0,0,3,1
2021-01-25T23:59:59+01:00,0,0,23,37,179,242,205,366,181,498,191,283,245,207,614,776,1015,2713,1,0,1,3,4,12,8,16,8,10,21,10,26,36,41,104,7854,302,6,0,0,0,0,3,1
2021-01-24T23:59:59+01:00,0,0,22,36,177,239,202,365,180,496,190,281,245,205,610,771,1012,2708,1,0,1,3,3,12,8,16,8,10,21,10,26,36,40,102,7818,298,5,0,0,0,0,3,1
2021-01-23T23:59:59+01:00,0,0,22,36,177,239,200,365,180,495,190,281,245,205,609,771,1004,2695,1,0,1,3,3,11,8,16,7,10,21,10,26,36,40,102,7793,296,5,0,0,0,0,3,1
2021-01-22T23:59:59+01:00,0,0,21,35,175,235,199,365,180,494,189,281,245,203,607,769,976,2653,1,0,1,3,3,11,8,16,7,10,21,10,26,36,40,102,7706,296,5,0,0,0,0,3,1
2021-01-21T23:59:59+01:00,0,0,20,35,166,226,192,347,175,471,187,264,233,198,582,743,940,2600,1,0,1,3,1,6,7,11,5,6,20,8,22,26,35,85,7454,238,5,0,0,0,0,3,1
2021-01-20T23:59:59+01:00,0,0,19,33,151,200,174,305,146,415,173,240,215,187,539,697,871,2400,1,0,1,3,1,6,7,10,5,5,19,7,21,23,31,79,6833,220,4,0,0,0,0,3,1
2021-01-19T23:59:59+01:00,0,0,19,30,128,168,159,271,133,372,157,217,180,166,476,607,773,2126,1,0,1,3,1,6,5,7,3,3,11,3,10,15,22,57,6042,148,3,0,0,0,0,3,1
2021-01-18T23:59:59+01:00,0,0,16,29,113,150,137,227,115,323,140,190,142,151,386,502,638,1785,1,0,1,1,0,3,4,5,2,3,2,1,4,6,10,28,5100,71,3,0,0,0,0,3,1
2021-01-17T23:59:59+01:00,0,0,15,19,109,136,129,214,107,299,132,178,133,137,371,472,588,1682,1,0,0,0,0,1,2,4,2,2,1,1,3,1,2,5,4770,24,3,0,0,0,0,3,1
2021-01-16T23:59:59+01:00,0,0,13,15,105,133,127,209,104,289,130,172,130,133,366,464,571,1654,0,0,0,0,0,0,0,0,1,0,0,0,0,0,0,0,4664,0,0,0,0,0,0,3,1
2021-01-15T23:59:59+01:00,0,0,11,13,100,124,123,204,102,279,128,160,126,130,358,448,540,1610,0,0,0,0,0,0,0,0,1,0,0,0,0,0,0,0,4502,0,0,0,0,0,0,3,1
2021-01-14T23:59:59+01:00,0,0,9,9,75,91,104,167,84,234,112,143,114,109,306,398,475,1394,0,0,0,0,0,0,0,0,1,0,0,0,0,0,0,0,3859,0,0,0,0,0,0,3,1
2021-01-13T23:59:59+01:00,0,0,7,8,62,81,93,140,74,192,102,117,86,80,236,283,377,1064,0,0,0,0,0,0,0,0,1,0,0,0,0,0,0,0,3031,0,0,0,0,0,0,3,1
2021-01-12T23:59:59+01:00,0,0,5,6,53,62,76,110,66,135,80,93,70,64,166,203,274,745,0,0,0,0,0,0,0,0,1,0,0,0,0,0,0,0,2234,0,0,0,0,0,0,1,1
2021-01-11T23:59:59+01:00,0,0,4,4,45,49,63,81,52,108,58,65,50,43,96,123,145,419,0,0,0,0,0,0,0,0,1,0,0,0,0,0,0,0,1426,0,0,0,0,0,0,1,1
2021-01-10T23:59:59+01:00,0,0,3,4,41,37,47,67,38,86,48,56,45,33,79,109,136,365,0,0,0,0,0,0,0,0,1,0,0,0,0,0,0,0,1206,0,0,0,0,0,0,1,1
2021-01-09T23:59:59+01:00,0,0,3,3,38,36,42,64,35,76,42,51,44,33,79,107,133,363,0,0,0,0,0,0,0,0,1,0,0,0,0,0,0,0,1159,0,0,0,0,0,0,1,1
2021-01-08T23:59:59+01:00,0,0,3,2,31,28,35,57,29,63,37,45,42,30,74,104,129,352,0,0,0,0,0,0,0,0,1,0,0,0,0,0,0,0,1069,0,0,0,0,0,0,1,1
2021-01-07T23:59:59+01:00,0,0,3,2,9,3,10,20,12,27,13,22,35,21,52,69,89,250,0,0,0,0,0,0,0,0,1,0,0,0,0,0,0,0,640,0,0,0,0,0,0,0,1
2021-01-06T23:59:59+01:00,0,0,3,0,2,3,5,15,9,21,9,13,31,19,44,58,74,199,0,0,0,0,0,0,0,0,1,0,0,0,0,0,0,0,508,0,0,0,0,0,0,0,1
2021-01-05T23:59:59+01:00,0,0,2,0,1,3,5,14,9,19,9,12,30,18,43,57,71,191,0,0,0,0,0,0,0,0,1,0,0,0,0,0,0,0,487,0,0,0,0,0,0,0,1
2021-01-04T23:59:59+01:00,0,0,1,0,1,3,5,13,8,17,8,11,26,14,34,48,55,145,0,0,0,0,0,0,0,0,1,0,0,0,0,0,0,0,391,0,0,0,0,0,0,0,1
2021-01-03T23:59:59+01:00,0,0,1,0,1,3,4,13,8,17,7,11,26,14,34,48,55,144,0,0,0,0,0,0,0,0,1,0,0,0,0,0,0,0,388,0,0,0,0,0,0,0,1
2021-01-02T23:59:59+01:00,0,0,1,0,1,3,4,13,7,17,6,11,26,14,34,48,55,144,0,0,0,0,0,0,0,0,1,0,0,0,0,0,0,0,386,0,0,0,0,0,0,0,1
2021-01-01T23:59:59+01:00,0,0,1,0,1,3,4,13,7,17,6,11,26,14,34,48,55,144,0,0,0,0,0,0,0,0,1,0,0,0,0,0,0,0,386,0,0,0,0,0,0,0,1
2020-12-31T23:59:59+01:00,0,0,1,0,1,3,4,12,7,17,6,11,26,14,34,48,55,144,0,0,0,0,0,0,0,0,1,0,0,0,0,0,0,0,385,0,0,0,0,0,0,0,1
2020-12-30T23:59:59+01:00,0,0,1,0,1,3,4,12,7,16,6,11,26,14,34,48,55,144,0,0,0,0,0,0,0,0,1,0,0,0,0,0,0,0,384,0,0,0,0,0,0,0,1
2020-12-29T23:59:59+01:00,0,0,1,0,1,3,3,8,5,12,4,8,19,10,25,40,40,117,0,0,0,0,0,0,0,0,1,0,0,0,0,0,0,0,297,0,0,0,0,0,0,0,1
2020-12-28T23:59:59+01:00,0,0,1,0,1,1,1,2,3,6,3,4,11,3,8,15,24,58,0,0,0,0,0,0,0,0,1,0,0,0,0,0,0,0,142,0,0,0,0,0,0,0,1
2020-12-27T23:59:59+01:00,0,0,1,0,0,0,0,1,2,6,1,2,2,1,5,4,5,20,0,0,0,0,0,0,0,0,0,0,0,0,0,0,0,0,50,0,0,0,0,0,0,0,0
