Datum,<15_1_m,<15_1_w,15-24_1_m,15-24_1_w,25-34_1_m,25-34_1_w,35-44_1_m,35-44_1_w,45-54_1_m,45-54_1_w,55-64_1_m,55-64_1_w,65-74_1_m,65-74_1_w,75-84_1_m,75-84_1_w,>84_1_m,>84_1_w,<15_2_m,<15_2_w,15-24_2_m,15-24_2_w,25-34_2_m,25-34_2_w,35-44_2_m,35-44_2_w,45-54_2_m,45-54_2_w,55-64_2_m,55-64_2_w,65-74_2_m,65-74_2_w,75-84_2_m,75-84_2_w,>84_2_m,>84_2_w,bp_1,bp_2,mo_1,mo_2,az_1,az_2,ja,unb_1,unb_2
2021-11-25T23:59:59+01:00,323,311,5623,4343,12968,8409,12034,7705,10114,10115,6258,6834,2013,2532,1242,1695,332,944,214,178,4216,3501,10427,7136,9915,6572,8530,8709,5517,6031,1856,2308,1166,1606,294,869,63639,50488,8320,7485,9459,8158,14456,82,93
2021-11-24T23:59:59+01:00,318,306,5591,4337,12928,8383,12003,7683,10090,10097,6243,6818,2012,2522,1240,1693,332,944,213,178,4196,3491,10372,7113,9868,6555,8495,8688,5504,6017,1853,2307,1166,1606,294,869,63394,50238,8314,7480,9459,8158,14451,82,93
2021-11-23T23:59:59+01:00,309,300,5562,4326,12881,8363,11963,7657,10054,10058,6233,6800,2006,2517,1239,1692,332,943,213,177,4172,3482,10314,7092,9829,6531,8452,8666,5489,6000,1847,2303,1166,1605,294,868,63127,49973,8289,7472,9459,8158,14438,82,93
2021-11-22T23:59:59+01:00,297,289,5526,4308,12817,8338,11914,7636,10019,10027,6218,6779,2003,2506,1238,1690,332,943,212,177,4150,3472,10271,7075,9782,6514,8416,8634,5480,5989,1845,2301,1165,1604,294,868,62790,49736,8278,7466,9459,8156,14431,82,93
2021-11-21T23:59:59+01:00,293,280,5494,4295,12762,8320,11866,7611,9992,10001,6205,6766,1999,2502,1235,1690,332,943,208,177,4133,3465,10249,7066,9750,6494,8391,8618,5470,5979,1844,2298,1165,1603,294,867,62521,49577,8267,7461,9459,8156,14417,82,93
2021-11-20T23:59:59+01:00,288,276,5439,4278,12719,8300,11841,7599,9969,9979,6187,6754,1996,2501,1234,1688,332,943,207,177,4125,3458,10231,7059,9733,6490,8381,8606,5459,5972,1840,2296,1165,1603,294,867,62286,49485,8252,7457,9459,8156,14404,82,93
2021-11-19T23:59:59+01:00,276,267,5376,4234,12639,8276,11793,7577,9921,9941,6174,6738,1991,2491,1234,1688,332,943,206,177,4091,3446,10164,7043,9694,6474,8359,8584,5445,5967,1840,2292,1165,1603,294,867,61877,49254,8239,7446,9459,8156,14394,82,93
2021-11-18T23:59:59+01:00,272,259,5318,4202,12540,8232,11718,7540,9871,9894,6152,6707,1988,2483,1231,1685,332,941,202,176,4066,3432,10109,7024,9630,6457,8322,8559,5427,5956,1836,2288,1163,1602,294,867,61381,48977,8223,7436,9459,8156,14380,82,93
2021-11-17T23:59:59+01:00,271,257,5258,4164,12458,8183,11648,7498,9812,9844,6126,6680,1983,2477,1229,1683,332,939,202,176,4032,3424,10066,7000,9576,6429,8285,8523,5406,5942,1835,2286,1161,1599,294,867,60881,48692,8215,7428,9459,8156,14365,82,93
2021-11-16T23:59:59+01:00,268,253,5202,4139,12345,8138,11552,7451,9758,9791,6097,6657,1979,2464,1229,1680,331,939,201,175,4014,3420,10032,6985,9541,6417,8259,8499,5396,5931,1834,2285,1161,1597,293,866,60358,48525,8194,7423,9459,8156,14340,82,93
2021-11-15T23:59:59+01:00,266,250,5120,4101,12216,8092,11452,7404,9688,9731,6065,6624,1974,2455,1229,1679,331,938,199,175,3985,3407,10013,6972,9506,6402,8247,8482,5388,5915,1831,2284,1160,1597,293,865,59729,48368,8186,7418,9459,8156,14316,82,93
2021-11-14T23:59:59+01:00,265,245,5069,4079,12148,8053,11374,7378,9627,9695,6042,6600,1970,2452,1227,1678,331,938,198,174,3973,3397,9971,6952,9488,6392,8236,8466,5381,5908,1830,2284,1158,1596,293,865,59324,48241,8174,7412,9459,8156,14289,82,93
2021-11-13T23:59:59+01:00,261,244,5041,4064,12081,8026,11321,7354,9588,9667,6027,6586,1968,2451,1227,1677,331,938,196,174,3968,3391,9958,6944,9478,6389,8230,8463,5378,5906,1829,2283,1158,1596,293,865,59046,48204,8153,7407,9459,8156,14268,82,93
2021-11-12T23:59:59+01:00,256,240,4989,4033,11986,7979,11250,7321,9524,9623,6007,6560,1966,2444,1226,1677,331,938,193,174,3950,3382,9929,6929,9461,6378,8210,8451,5368,5901,1829,2279,1158,1596,293,865,58576,48079,8145,7404,9459,8156,14243,82,93
2021-11-11T23:59:59+01:00,253,238,4904,4006,11867,7927,11131,7281,9447,9558,5965,6517,1960,2435,1226,1676,331,937,191,173,3925,3370,9889,6911,9432,6353,8180,8428,5363,5889,1829,2278,1157,1595,293,865,57942,47900,8122,7393,9459,8156,14207,82,93
2021-11-10T23:59:59+01:00,248,236,4832,3984,11708,7857,11027,7230,9366,9500,5931,6488,1956,2429,1224,1673,331,935,189,172,3909,3357,9862,6898,9409,6340,8156,8415,5352,5883,1827,2275,1156,1592,293,865,57298,47775,8101,7388,9458,8156,14166,82,93
2021-11-09T23:59:59+01:00,248,234,4774,3954,11588,7822,10945,7195,9310,9472,5899,6459,1955,2426,1224,1673,331,935,188,169,3895,3350,9831,6887,9384,6329,8139,8393,5342,5869,1827,2271,1154,1591,293,865,56842,47652,8088,7382,9458,8155,14121,82,93
2021-11-08T23:59:59+01:00,246,229,4716,3926,11463,7786,10833,7157,9234,9414,5870,6434,1952,2424,1223,1669,331,934,187,167,3873,3339,9799,6871,9354,6313,8122,8380,5336,5861,1825,2266,1153,1590,293,865,56310,47538,8074,7370,9457,8155,14064,82,93
2021-11-07T23:59:59+01:00,245,228,4683,3910,11398,7752,10764,7140,9185,9390,5854,6418,1950,2421,1222,1668,330,934,186,166,3862,3328,9781,6862,9335,6305,8113,8370,5331,5857,1824,2265,1152,1589,293,865,56005,47471,8061,7359,9457,8155,14032,82,93
2021-11-06T23:59:59+01:00,245,228,4670,3900,11360,7740,10724,7122,9161,9373,5841,6408,1947,2419,1222,1668,330,934,186,166,3860,3323,9774,6858,9331,6301,8109,8364,5327,5855,1821,2265,1152,1589,293,865,55817,47438,8058,7359,9457,8155,14020,82,93
2021-11-05T23:59:59+01:00,244,227,4629,3881,11292,7714,10650,7088,9094,9333,5825,6391,1946,2415,1221,1667,330,934,185,166,3845,3317,9757,6843,9316,6295,8090,8353,5323,5849,1820,2264,1152,1589,293,865,55445,47357,8053,7357,9457,8155,13985,82,93
2021-11-04T23:59:59+01:00,242,224,4565,3852,11172,7653,10534,7038,9000,9281,5795,6367,1942,2408,1220,1666,330,933,183,164,3823,3302,9720,6819,9272,6268,8064,8322,5307,5835,1820,2259,1151,1589,293,865,54915,47215,8038,7353,9457,8155,13864,82,93
2021-11-03T23:59:59+01:00,241,222,4530,3829,11075,7612,10442,7007,8932,9235,5771,6343,1939,2406,1220,1665,330,933,182,161,3806,3297,9687,6800,9241,6261,8042,8305,5301,5831,1816,2252,1151,1589,293,864,54488,47102,8030,7345,9457,8155,13808,82,93
2021-11-02T23:59:59+01:00,241,220,4484,3812,10989,7582,10359,6976,8860,9203,5743,6325,1936,2403,1220,1664,330,933,181,160,3797,3278,9662,6779,9210,6249,8023,8279,5292,5821,1812,2250,1151,1587,293,862,54113,46992,8021,7337,9457,8152,13735,82,93
2021-11-01T23:59:59+01:00,240,220,4450,3797,10914,7553,10261,6944,8799,9175,5719,6305,1934,2397,1220,1662,330,932,181,160,3777,3267,9629,6757,9177,6231,8000,8266,5279,5810,1811,2250,1151,1587,293,862,53777,46885,8015,7330,9457,8152,13649,82,93
2021-10-31T23:59:59+01:00,238,220,4436,3795,10897,7546,10248,6939,8793,9169,5718,6302,1934,2397,1220,1662,330,932,180,160,3771,3265,9622,6755,9171,6229,7998,8263,5277,5807,1810,2250,1151,1587,293,862,53730,46875,8012,7329,9457,8152,13623,82,93
2021-10-30T23:59:59+02:00,237,220,4431,3793,10877,7542,10233,6936,8784,9161,5708,6298,1933,2396,1220,1662,330,932,180,160,3769,3265,9613,6752,9165,6229,7994,8262,5271,5804,1810,2250,1151,1587,293,862,53669,46865,8012,7328,9457,8152,13599,82,93
2021-10-29T23:59:59+02:00,236,219,4377,3781,10792,7515,10152,6907,8737,9119,5689,6285,1933,2392,1220,1662,329,931,179,159,3745,3258,9579,6746,9136,6223,7974,8244,5264,5798,1808,2250,1151,1587,293,861,53354,46799,8003,7325,9457,8152,13504,82,93
2021-10-28T23:59:59+02:00,236,217,4330,3762,10683,7482,10048,6870,8673,9066,5662,6257,1931,2385,1218,1662,329,931,179,158,3717,3247,9531,6716,9084,6195,7943,8218,5250,5789,1807,2246,1151,1587,292,861,52979,46676,7989,7311,9457,8152,13351,82,93
2021-10-27T23:59:59+02:00,236,216,4305,3754,10618,7459,9994,6832,8616,9035,5643,6239,1928,2382,1218,1661,329,931,176,158,3701,3238,9491,6693,9060,6180,7923,8202,5242,5777,1804,2245,1150,1584,292,860,52711,46558,7979,7301,9457,8151,13281,82,93
2021-10-26T23:59:59+02:00,235,214,4271,3737,10568,7428,9937,6804,8575,8989,5624,6224,1925,2379,1217,1660,329,930,174,158,3685,3228,9449,6671,9026,6166,7902,8180,5231,5770,1802,2244,1148,1580,292,859,52445,46423,7970,7300,9457,8151,13201,82,93
2021-10-25T23:59:59+02:00,233,214,4264,3730,10552,7421,9915,6790,8560,8969,5621,6218,1923,2378,1217,1660,329,930,174,158,3682,3226,9439,6658,9009,6156,7890,8165,5227,5768,1801,2244,1147,1580,292,859,52371,46383,7969,7298,9457,8150,13153,82,93
2021-10-24T23:59:59+02:00,230,213,4254,3717,10507,7404,9886,6770,8542,8945,5615,6209,1921,2378,1216,1660,329,930,173,157,3671,3220,9415,6651,8991,6145,7879,8151,5222,5764,1801,2243,1147,1579,292,859,52223,46320,7963,7294,9457,8148,13107,82,93
2021-10-23T23:59:59+02:00,227,213,4249,3713,10485,7401,9874,6763,8537,8935,5614,6204,1921,2378,1216,1660,329,930,173,157,3669,3217,9407,6650,8985,6142,7874,8148,5221,5763,1801,2243,1147,1579,292,859,52161,46302,7962,7293,9457,8148,13093,82,93
2021-10-22T23:59:59+02:00,226,212,4225,3703,10447,7384,9847,6747,8511,8898,5602,6184,1921,2377,1216,1660,329,930,171,156,3660,3215,9385,6637,8964,6132,7862,8137,5212,5752,1800,2239,1147,1578,292,859,51987,46230,7957,7288,9457,8148,13039,82,93
2021-10-21T23:59:59+02:00,220,210,4204,3688,10375,7362,9801,6711,8478,8850,5593,6159,1920,2374,1215,1659,329,930,169,156,3630,3196,9340,6622,8935,6114,7835,8113,5196,5738,1798,2236,1145,1577,292,859,51734,46065,7943,7280,9457,8148,12964,82,93
2021-10-20T23:59:59+02:00,220,210,4190,3678,10356,7347,9771,6695,8452,8831,5585,6146,1918,2371,1215,1659,329,930,168,155,3617,3182,9310,6608,8906,6100,7818,8100,5188,5728,1795,2234,1145,1575,292,857,51594,45934,7941,7272,9457,8147,12931,81,93
2021-10-19T23:59:59+02:00,217,209,4181,3672,10336,7339,9742,6682,8435,8819,5577,6140,1917,2370,1215,1659,329,929,162,153,3606,3166,9291,6593,8890,6088,7806,8087,5175,5718,1795,2229,1144,1574,292,857,51494,45809,7932,7268,9457,8147,12904,81,93
2021-10-18T23:59:59+02:00,217,205,4164,3664,10324,7328,9724,6674,8424,8808,5571,6126,1916,2366,1213,1658,329,929,162,153,3596,3153,9274,6580,8874,6081,7797,8078,5174,5705,1792,2226,1144,1574,292,855,51389,45717,7928,7261,9457,8146,12884,81,93
2021-10-17T23:59:59+02:00,217,203,4157,3660,10315,7319,9709,6671,8417,8805,5568,6122,1915,2366,1213,1657,328,928,162,150,3584,3145,9264,6576,8866,6075,7788,8069,5172,5700,1790,2222,1142,1574,292,855,51337,45648,7922,7258,9457,8145,12871,81,93
2021-10-16T23:59:59+02:00,217,203,4155,3658,10309,7316,9707,6668,8416,8800,5566,6120,1914,2366,1212,1656,328,928,162,149,3583,3144,9260,6574,8866,6074,7785,8068,5171,5700,1790,2222,1142,1574,292,855,51314,45640,7920,7258,9457,8144,12865,81,93
2021-10-15T23:59:59+02:00,215,203,4141,3651,10292,7307,9694,6663,8407,8785,5558,6113,1913,2366,1212,1656,328,928,162,147,3573,3140,9248,6563,8851,6068,7779,8062,5164,5696,1790,2222,1142,1573,292,855,51223,45574,7917,7256,9457,8144,12847,81,93
2021-10-14T23:59:59+02:00,213,203,4128,3643,10264,7289,9666,6643,8386,8764,5549,6103,1912,2362,1212,1655,328,928,161,144,3548,3131,9217,6537,8819,6043,7755,8049,5153,5685,1789,2217,1139,1573,292,855,51096,45416,7906,7240,9457,8142,12801,81,93
2021-10-13T23:59:59+02:00,211,203,4116,3637,10247,7275,9647,6633,8371,8749,5541,6095,1910,2361,1212,1653,328,928,159,144,3533,3125,9190,6522,8802,6032,7737,8039,5144,5678,1789,2217,1138,1571,292,855,50999,45312,7902,7234,9457,8142,12771,81,93
2021-10-12T23:59:59+02:00,209,201,4109,3630,10229,7268,9627,6622,8359,8732,5528,6085,1908,2359,1211,1652,328,928,157,142,3525,3114,9168,6506,8777,6015,7722,8027,5130,5668,1785,2212,1138,1570,292,855,50895,45176,7896,7230,9457,8141,12748,81,93
2021-10-11T23:59:59+02:00,209,199,4097,3622,10204,7260,9604,6606,8351,8713,5522,6074,1907,2357,1211,1652,328,928,155,142,3513,3102,9129,6493,8749,5994,7704,8008,5123,5658,1784,2211,1138,1570,292,855,50802,45040,7885,7219,9457,8140,12711,81,93
2021-10-10T23:59:59+02:00,208,197,4084,3620,10195,7248,9598,6596,8343,8701,5519,6065,1907,2357,1210,1652,328,928,154,142,3502,3099,9110,6486,8738,5987,7692,8002,5117,5651,1782,2210,1138,1569,292,855,50739,44966,7876,7216,9457,8139,12694,81,93
2021-10-09T23:59:59+02:00,208,197,4082,3618,10192,7247,9584,6591,8340,8699,5516,6065,1907,2356,1210,1652,328,928,154,141,3498,3096,9108,6483,8729,5981,7688,8001,5112,5650,1782,2210,1138,1569,292,855,50719,44947,7876,7213,9457,8137,12678,81,93
2021-10-08T23:59:59+02:00,206,196,4071,3609,10169,7238,9570,6579,8327,8678,5509,6059,1906,2355,1210,1652,328,928,154,141,3489,3089,9087,6474,8714,5972,7683,7985,5102,5647,1780,2207,1137,1568,292,855,50624,44868,7871,7212,9457,8137,12646,81,93
2021-10-07T23:59:59+02:00,205,195,4053,3595,10138,7222,9532,6568,8306,8656,5504,6053,1905,2350,1210,1652,328,928,154,141,3461,3065,9046,6455,8688,5960,7660,7954,5083,5636,1777,2202,1137,1567,292,855,50478,44681,7864,7194,9457,8137,12607,81,93
2021-10-06T23:59:59+02:00,203,194,4043,3588,10110,7204,9518,6560,8297,8648,5497,6045,1903,2347,1210,1650,328,927,153,141,3448,3052,9024,6444,8670,5947,7651,7940,5080,5625,1775,2199,1137,1566,292,855,50379,44579,7860,7188,9457,8135,12581,81,93
2021-10-05T23:59:59+02:00,202,193,4028,3577,10093,7188,9499,6548,8278,8624,5489,6038,1902,2345,1210,1649,328,926,152,141,3433,3039,9001,6431,8646,5934,7630,7914,5070,5617,1773,2195,1136,1564,292,855,50269,44452,7858,7180,9457,8135,12537,81,93
2021-10-04T23:59:59+02:00,202,192,4006,3568,10067,7173,9464,6528,8260,8610,5481,6029,1899,2345,1209,1644,328,924,152,141,3417,3031,8974,6412,8612,5917,7608,7887,5059,5602,1772,2193,1136,1563,291,855,50150,44315,7849,7176,9456,8135,12475,81,93
2021-10-03T23:59:59+02:00,202,192,3989,3560,10041,7159,9451,6518,8246,8597,5479,6022,1897,2342,1208,1643,327,924,152,141,3402,3022,8945,6403,8601,5909,7599,7873,5054,5597,1771,2190,1136,1562,290,855,50065,44246,7847,7173,9456,8131,12430,81,93
2021-10-02T23:59:59+02:00,202,192,3987,3559,10040,7157,9447,6517,8244,8596,5477,6020,1896,2341,1208,1643,327,924,152,140,3399,3021,8941,6402,8599,5909,7595,7872,5053,5593,1770,2189,1136,1562,290,855,50056,44234,7845,7172,9456,8129,12421,81,93
2021-10-01T23:59:59+02:00,200,191,3977,3553,10019,7148,9431,6506,8232,8582,5472,6010,1892,2337,1208,1643,327,923,150,139,3382,3013,8922,6391,8583,5897,7587,7861,5046,5586,1768,2189,1136,1562,290,855,49975,44162,7842,7169,9456,8125,12379,81,93
2021-09-30T23:59:59+02:00,199,190,3944,3531,9966,7122,9392,6476,8204,8554,5455,5997,1889,2334,1206,1643,327,922,148,138,3361,2991,8874,6362,8548,5875,7571,7827,5030,5572,1766,2183,1136,1562,290,854,49787,44024,7834,7144,9456,8122,12272,81,93
2021-09-29T23:59:59+02:00,198,188,3926,3518,9921,7107,9375,6454,8189,8526,5446,5991,1887,2331,1205,1641,327,921,148,137,3343,2982,8837,6354,8531,5853,7559,7806,5019,5559,1766,2181,1136,1561,290,854,49661,43926,7824,7139,9456,8118,12201,81,93
2021-09-28T23:59:59+02:00,196,187,3915,3509,9880,7087,9344,6441,8160,8490,5436,5974,1887,2324,1205,1640,327,919,145,136,3328,2968,8809,6333,8510,5838,7531,7779,5011,5547,1766,2175,1136,1560,290,853,49527,43820,7816,7133,9456,8117,12110,81,93
2021-09-27T23:59:59+02:00,194,187,3893,3493,9842,7057,9318,6417,8140,8460,5422,5962,1884,2312,1204,1639,326,918,145,135,3305,2955,8764,6305,8480,5810,7506,7749,4999,5539,1763,2166,1136,1558,290,852,49400,43685,7807,7130,9456,8113,11992,81,93
2021-09-26T23:59:59+02:00,192,187,3885,3484,9822,7046,9306,6408,8127,8449,5417,5956,1878,2311,1202,1638,326,918,144,134,3296,2949,8743,6301,8470,5798,7492,7743,4992,5529,1759,2165,1136,1557,290,851,49328,43625,7806,7126,9455,8109,11949,81,93
2021-09-25T23:59:59+02:00,192,186,3881,3482,9813,7042,9302,6404,8120,8448,5413,5956,1878,2310,1202,1637,326,918,144,133,3289,2946,8736,6298,8466,5793,7487,7738,4990,5527,1759,2164,1135,1554,290,851,49310,43605,7804,7122,9455,8106,11927,81,93
2021-09-24T23:59:59+02:00,191,184,3865,3473,9781,7029,9284,6393,8098,8429,5405,5944,1876,2308,1202,1636,326,918,143,133,3277,2936,8709,6284,8453,5782,7465,7723,4983,5518,1758,2160,1135,1554,290,851,49219,43543,7802,7116,9455,8106,11848,81,93
2021-09-23T23:59:59+02:00,189,182,3829,3456,9715,6998,9228,6349,8057,8380,5387,5924,1871,2301,1199,1633,326,918,143,131,3252,2922,8649,6253,8400,5745,7423,7676,4965,5500,1750,2156,1134,1552,290,851,49064,43433,7793,7108,9455,8102,11604,81,93
2021-09-22T23:59:59+02:00,185,182,3802,3441,9682,6978,9199,6329,8024,8366,5369,5913,1869,2297,1198,1633,326,918,141,128,3227,2914,8618,6231,8374,5731,7392,7656,4949,5493,1747,2149,1132,1552,290,850,48928,43309,7788,7105,9453,8096,11513,81,93
2021-09-21T23:59:59+02:00,184,180,3783,3427,9653,6957,9151,6306,7992,8339,5354,5902,1868,2297,1198,1633,326,918,139,128,3202,2900,8578,6205,8327,5715,7358,7623,4932,5473,1746,2147,1131,1551,290,850,48806,43151,7780,7097,9452,8096,11397,81,93
2021-09-20T23:59:59+02:00,182,180,3752,3411,9615,6940,9114,6282,7959,8307,5347,5886,1864,2294,1198,1633,326,916,139,126,3178,2876,8536,6184,8286,5691,7325,7591,4924,5453,1743,2145,1130,1550,289,850,48669,43007,7777,7092,9452,8090,11269,81,93
2021-09-19T23:59:59+02:00,182,179,3736,3403,9583,6932,9099,6275,7953,8297,5340,5879,1861,2291,1197,1631,326,915,137,126,3170,2868,8508,6174,8266,5683,7310,7576,4917,5445,1742,2141,1129,1549,289,849,48603,42939,7770,7086,9452,8084,11210,81,93
2021-09-18T23:59:59+02:00,182,179,3732,3402,9578,6930,9094,6272,7947,8295,5338,5878,1861,2291,1197,1631,326,915,136,126,3162,2862,8500,6173,8255,5680,7303,7574,4913,5440,1742,2141,1129,1548,289,849,48591,42896,7769,7085,9451,8084,11192,81,93
2021-09-17T23:59:59+02:00,182,178,3713,3394,9541,6917,9065,6258,7926,8283,5327,5869,1860,2286,1195,1631,326,915,136,126,3148,2853,8460,6159,8227,5669,7280,7564,4905,5431,1742,2140,1128,1548,289,849,48500,42825,7762,7073,9448,8081,11107,81,93
2021-09-16T23:59:59+02:00,181,178,3682,3368,9484,6892,9017,6229,7888,8245,5307,5856,1857,2281,1194,1631,326,914,136,125,3133,2837,8419,6137,8193,5642,7258,7539,4890,5424,1740,2139,1128,1548,288,847,48283,42704,7737,7063,9446,8072,11014,81,93
2021-09-15T23:59:59+02:00,179,178,3657,3355,9448,6874,8983,6204,7858,8227,5300,5836,1854,2276,1192,1631,325,913,133,125,3116,2833,8390,6120,8162,5615,7222,7520,4872,5407,1737,2136,1128,1545,286,844,48129,42567,7731,7055,9446,8068,10928,81,93
2021-09-14T23:59:59+02:00,177,177,3634,3336,9403,6850,8939,6175,7828,8195,5288,5817,1852,2273,1191,1630,324,913,133,123,3096,2816,8350,6092,8123,5597,7195,7495,4858,5389,1736,2136,1127,1542,286,843,47960,42431,7720,7046,9446,8065,10818,81,93
2021-09-13T23:59:59+02:00,175,177,3615,3322,9362,6832,8909,6150,7810,8163,5271,5800,1850,2269,1191,1630,324,912,131,121,3079,2808,8318,6077,8106,5583,7185,7473,4849,5383,1735,2132,1127,1540,286,843,47792,42326,7700,7040,9446,8064,10764,81,93
2021-09-12T23:59:59+02:00,175,176,3595,3320,9339,6822,8899,6139,7800,8148,5264,5792,1849,2268,1190,1627,324,911,130,120,3062,2800,8295,6062,8097,5572,7167,7457,4845,5374,1731,2131,1127,1540,286,842,47711,42242,7699,7035,9445,8056,10722,81,93
2021-09-11T23:59:59+02:00,175,176,3592,3317,9332,6818,8896,6136,7799,8146,5261,5790,1848,2267,1189,1627,324,911,129,120,3060,2799,8288,6059,8095,5568,7166,7452,4844,5372,1731,2131,1127,1540,286,842,47693,42227,7698,7035,9444,8056,10706,81,93
2021-09-10T23:59:59+02:00,174,173,3561,3311,9305,6796,8876,6123,7776,8124,5247,5770,1844,2264,1188,1627,324,911,128,117,3043,2790,8258,6034,8075,5552,7145,7431,4828,5353,1730,2130,1126,1537,286,842,47602,42150,7695,7029,9444,8054,10585,81,93
2021-09-09T23:59:59+02:00,172,172,3545,3293,9257,6767,8840,6100,7754,8083,5228,5759,1843,2261,1188,1627,324,911,126,116,3031,2781,8220,6007,8047,5531,7121,7400,4813,5338,1729,2126,1126,1537,286,842,47433,42036,7687,7017,9444,8045,10490,81,92
2021-09-08T23:59:59+02:00,171,170,3525,3283,9222,6757,8817,6071,7736,8052,5213,5741,1839,2259,1187,1625,324,910,124,114,3015,2767,8176,5990,8014,5507,7093,7362,4802,5315,1728,2124,1125,1537,286,842,47329,41903,7679,7008,9441,8041,10378,81,92
2021-09-07T23:59:59+02:00,170,168,3504,3278,9200,6733,8788,6051,7716,8033,5197,5730,1839,2257,1186,1624,324,907,122,113,2997,2758,8150,5967,7988,5483,7076,7337,4787,5303,1725,2120,1124,1536,286,842,47196,41775,7677,6998,9441,8035,10313,81,92
2021-09-06T23:59:59+02:00,170,168,3484,3266,9168,6712,8761,6039,7696,8005,5190,5718,1834,2248,1184,1624,323,907,122,113,2978,2744,8125,5954,7964,5473,7058,7308,4781,5288,1720,2118,1124,1536,286,842,47056,41668,7674,6994,9440,8034,10244,81,92
2021-09-05T23:59:59+02:00,170,167,3472,3261,9158,6703,8749,6029,7694,7995,5184,5708,1833,2246,1184,1624,323,906,122,112,2968,2742,8110,5939,7952,5461,7051,7300,4771,5281,1718,2117,1124,1535,286,842,47001,41610,7672,6986,9439,8033,10208,81,92
2021-09-04T23:59:59+02:00,170,165,3466,3259,9155,6698,8743,6028,7691,7994,5184,5707,1833,2246,1184,1624,323,906,121,112,2963,2738,8105,5932,7947,5461,7046,7298,4770,5280,1716,2116,1123,1535,286,842,46986,41588,7672,6983,9439,8032,10193,81,92
2021-09-03T23:59:59+02:00,168,164,3452,3240,9122,6687,8722,6011,7673,7978,5171,5692,1830,2243,1184,1623,323,904,120,109,2946,2722,8077,5918,7925,5441,7025,7275,4757,5260,1712,2114,1123,1533,286,840,46901,41496,7661,6961,9439,8031,10098,81,92
2021-09-02T23:59:59+02:00,168,161,3430,3222,9071,6663,8681,5991,7652,7953,5158,5674,1825,2238,1182,1622,323,903,119,108,2928,2708,8029,5900,7888,5420,6999,7248,4748,5239,1708,2109,1121,1532,286,837,46766,41383,7652,6950,9437,8026,9971,81,91
2021-09-01T23:59:59+02:00,166,161,3412,3211,9033,6649,8653,5978,7632,7936,5146,5666,1824,2236,1181,1619,323,903,116,106,2909,2700,7985,5877,7852,5401,6971,7225,4736,5225,1704,2107,1120,1529,286,837,46653,41232,7640,6927,9437,8024,9903,81,91
2021-08-31T23:59:59+02:00,164,160,3397,3201,8990,6627,8632,5967,7615,7915,5138,5657,1821,2234,1180,1618,323,902,115,105,2892,2688,7941,5856,7830,5382,6947,7197,4724,5206,1700,2105,1119,1529,286,837,46551,41111,7634,6918,9437,8009,9816,81,91
2021-08-30T23:59:59+02:00,163,160,3367,3180,8950,6598,8589,5946,7576,7879,5123,5640,1816,2232,1179,1618,323,902,115,104,2860,2675,7893,5832,7793,5365,6911,7173,4712,5187,1696,2103,1118,1529,286,836,46383,40981,7633,6908,9435,8007,9682,81,91
2021-08-29T23:59:59+02:00,162,160,3356,3162,8923,6590,8568,5936,7567,7869,5116,5630,1814,2229,1179,1618,322,902,115,101,2841,2651,7856,5824,7772,5345,6897,7159,4702,5182,1694,2102,1116,1528,285,836,46313,40877,7628,6897,9434,8002,9616,81,91
2021-08-28T23:59:59+02:00,161,160,3350,3161,8920,6587,8562,5935,7560,7867,5116,5628,1814,2228,1179,1617,322,902,115,100,2836,2646,7850,5818,7767,5342,6891,7155,4699,5181,1694,2102,1116,1527,285,836,46297,40851,7627,6896,9434,8001,9597,81,91
2021-08-27T23:59:59+02:00,160,160,3338,3157,8901,6577,8537,5926,7542,7858,5105,5620,1814,2228,1179,1616,322,902,115,99,2818,2639,7830,5809,7745,5327,6880,7148,4690,5173,1694,2102,1115,1525,285,836,46234,40784,7626,6894,9433,8000,9532,81,91
2021-08-26T23:59:59+02:00,160,159,3310,3143,8861,6553,8502,5913,7518,7836,5090,5609,1813,2225,1179,1615,322,901,111,96,2793,2616,7787,5780,7694,5298,6843,7118,4665,5158,1689,2096,1115,1524,285,836,46096,40587,7619,6874,9432,7978,9435,81,91
2021-08-25T23:59:59+02:00,156,157,3291,3133,8822,6535,8469,5897,7492,7813,5076,5587,1811,2221,1179,1613,322,901,108,93,2756,2595,7736,5744,7647,5262,6806,7080,4649,5128,1688,2091,1114,1523,285,836,45979,40347,7612,6865,9431,7970,9322,81,91
2021-08-24T23:59:59+02:00,156,156,3286,3124,8801,6519,8450,5880,7476,7791,5066,5575,1809,2220,1178,1611,322,899,107,93,2735,2574,7702,5711,7613,5241,6778,7053,4633,5110,1688,2089,1114,1523,285,835,45903,40175,7607,6856,9431,7965,9245,81,91
2021-08-23T23:59:59+02:00,154,151,3259,3107,8757,6497,8408,5859,7445,7762,5052,5561,1809,2218,1176,1609,322,898,106,92,2704,2554,7658,5670,7572,5223,6743,7022,4618,5094,1684,2089,1114,1521,284,835,45756,40011,7598,6841,9428,7959,9119,81,91
2021-08-22T23:59:59+02:00,154,151,3245,3099,8743,6480,8395,5852,7425,7751,5046,5555,1808,2217,1175,1609,322,898,105,92,2688,2538,7626,5647,7551,5209,6723,7001,4615,5084,1680,2084,1113,1521,283,834,45684,39875,7591,6831,9428,7956,9075,81,91
2021-08-21T23:59:59+02:00,153,151,3238,3092,8733,6471,8385,5850,7420,7746,5044,5549,1807,2217,1175,1608,322,898,100,90,2678,2530,7608,5637,7531,5199,6712,6994,4607,5075,1679,2082,1112,1521,283,834,45633,39796,7588,6804,9428,7955,9058,81,91
2021-08-20T23:59:59+02:00,152,149,3228,3081,8708,6454,8352,5830,7401,7722,5032,5537,1804,2214,1175,1607,322,896,98,88,2649,2515,7561,5604,7495,5167,6674,6955,4591,5054,1673,2078,1111,1518,283,832,45553,39620,7579,6765,9427,7945,8951,81,91
2021-08-19T23:59:59+02:00,151,146,3209,3067,8665,6430,8315,5811,7381,7696,5019,5519,1798,2211,1174,1605,322,895,95,83,2604,2495,7480,5553,7434,5130,6626,6897,4561,5021,1668,2074,1111,1517,283,832,45426,39286,7567,6732,9424,7933,8837,81,91
2021-08-18T23:59:59+02:00,150,144,3198,3058,8642,6413,8286,5795,7348,7678,5005,5510,1793,2209,1174,1605,321,894,93,81,2577,2474,7415,5519,7376,5095,6584,6863,4536,4998,1663,2070,1109,1517,283,831,45314,39041,7562,6679,9423,7923,8760,81,91
2021-08-17T23:59:59+02:00,150,144,3182,3048,8618,6388,8258,5781,7335,7655,4994,5497,1790,2207,1173,1604,320,894,89,78,2549,2454,7360,5470,7332,5058,6553,6824,4517,4976,1654,2064,1108,1513,282,831,45197,38768,7555,6638,9422,7917,8699,81,91
2021-08-16T23:59:59+02:00,148,143,3172,3035,8597,6372,8239,5775,7322,7639,4981,5484,1789,2206,1173,1603,320,894,82,76,2520,2424,7282,5425,7263,5025,6504,6781,4486,4950,1652,2060,1106,1512,282,831,45104,38392,7550,6623,9422,7904,8648,81,91
2021-08-15T23:59:59+02:00,147,142,3163,3020,8567,6362,8222,5765,7304,7624,4975,5473,1787,2203,1173,1602,320,894,74,73,2482,2387,7217,5391,7226,4997,6458,6751,4473,4937,1648,2055,1105,1510,282,831,45007,38088,7543,6602,9421,7899,8604,81,91
2021-08-14T23:59:59+02:00,145,142,3158,3014,8556,6359,8215,5764,7304,7621,4971,5471,1785,2202,1173,1601,320,894,74,72,2473,2378,7191,5378,7214,4986,6451,6737,4454,4928,1644,2052,1105,1508,282,830,44989,37991,7542,6589,9421,7896,8575,81,91
2021-08-13T23:59:59+02:00,144,141,3141,3011,8533,6351,8206,5751,7288,7609,4962,5462,1785,2198,1172,1600,320,894,74,70,2439,2358,7141,5347,7177,4957,6411,6708,4443,4913,1643,2048,1104,1508,282,830,44916,37754,7541,6574,9421,7895,8519,81,91
2021-08-12T23:59:59+02:00,142,136,3122,3003,8504,6330,8173,5731,7264,7585,4948,5446,1782,2196,1169,1598,320,894,73,69,2397,2322,7049,5295,7123,4918,6360,6658,4418,4882,1639,2045,1101,1507,282,830,44808,37429,7533,6539,9419,7870,8410,80,91
2021-08-11T23:59:59+02:00,140,133,3104,2987,8467,6304,8149,5718,7242,7564,4937,5433,1781,2194,1169,1597,320,894,71,67,2369,2290,6975,5236,7045,4876,6300,6594,4397,4844,1635,2036,1101,1505,282,828,44680,37003,7522,6507,9414,7863,8342,80,91
2021-08-10T23:59:59+02:00,140,131,3085,2976,8436,6292,8123,5697,7212,7548,4919,5424,1777,2194,1169,1595,320,893,70,63,2298,2233,6855,5173,6958,4804,6205,6529,4350,4820,1625,2028,1099,1503,282,826,44570,36386,7511,6481,9411,7848,8262,80,91
2021-08-09T23:59:59+02:00,137,131,3065,2967,8406,6270,8099,5688,7185,7529,4909,5411,1776,2193,1169,1595,320,892,66,62,2236,2174,6744,5092,6858,4762,6133,6473,4318,4786,1619,2018,1098,1502,282,826,44482,35879,7505,6426,9410,7825,8165,80,91
2021-08-08T23:59:59+02:00,137,130,3053,2960,8388,6261,8081,5676,7175,7520,4902,5407,1772,2193,1169,1595,320,891,66,61,2211,2146,6678,5060,6814,4735,6092,6450,4306,4769,1609,2014,1097,1500,282,825,44421,35640,7503,6382,9407,7815,8117,80,91
2021-08-07T23:59:59+02:00,136,129,3045,2953,8369,6249,8067,5668,7168,7509,4897,5402,1770,2193,1168,1595,320,891,63,54,2175,2122,6601,5012,6757,4703,6057,6414,4289,4755,1605,2013,1097,1497,282,825,44362,35318,7498,6354,9406,7806,8079,80,91
2021-08-06T23:59:59+02:00,136,128,3033,2942,8341,6238,8035,5644,7149,7487,4886,5388,1765,2191,1168,1594,320,891,57,51,2134,2082,6492,4940,6678,4667,6013,6375,4270,4734,1602,2010,1096,1494,282,825,44300,34957,7480,6326,9406,7789,7965,80,89
2021-08-05T23:59:59+02:00,135,127,3009,2926,8317,6216,7996,5624,7125,7463,4867,5365,1761,2188,1166,1590,320,890,53,47,2092,2033,6358,4832,6564,4610,5941,6310,4231,4692,1595,2002,1093,1492,282,825,44168,34455,7470,6235,9405,7732,7850,80,89
2021-08-04T23:59:59+02:00,132,123,2972,2905,8249,6182,7958,5599,7095,7432,4851,5349,1757,2184,1163,1589,320,890,53,42,2036,1996,6232,4758,6443,4556,5871,6242,4203,4653,1585,1996,1088,1489,282,824,43958,33944,7456,6187,9405,7697,7725,80,89
2021-08-03T23:59:59+02:00,130,122,2955,2885,8222,6167,7922,5582,7073,7407,4838,5335,1753,2183,1162,1586,320,890,50,42,1999,1966,6136,4692,6337,4502,5803,6184,4159,4610,1580,1989,1087,1487,282,824,43815,33458,7451,6142,9403,7672,7653,80,87
2021-08-02T23:59:59+02:00,130,122,2930,2859,8188,6143,7896,5568,7048,7390,4821,5326,1750,2179,1161,1586,319,890,49,41,1970,1929,6004,4597,6221,4437,5732,6131,4113,4576,1573,1973,1086,1484,281,823,43670,32873,7443,6100,9402,7653,7579,80,85
2021-08-01T23:59:59+02:00,130,121,2913,2843,8159,6121,7882,5551,7037,7382,4816,5318,1749,2178,1159,1586,319,890,46,40,1946,1908,5926,4552,6156,4390,5687,6108,4097,4557,1571,1970,1084,1481,281,823,43576,32570,7431,6070,9402,7630,7530,80,84
2021-07-31T23:59:59+02:00,128,120,2906,2836,8146,6114,7873,5547,7030,7373,4815,5315,1748,2178,1159,1586,319,890,43,30,1906,1864,5825,4486,6088,4341,5634,6069,4068,4533,1565,1967,1084,1480,281,823,43536,32072,7429,6057,9402,7624,7501,80,84
2021-07-30T23:59:59+02:00,125,118,2898,2826,8119,6097,7860,5530,7009,7359,4807,5307,1747,2176,1159,1585,319,890,39,29,1886,1841,5744,4442,6026,4286,5575,6021,4040,4514,1561,1965,1083,1477,281,823,43451,31703,7416,6030,9400,7613,7446,80,84
2021-07-29T23:59:59+02:00,122,116,2864,2810,8061,6055,7818,5486,6978,7318,4784,5287,1745,2171,1157,1584,319,890,34,25,1846,1813,5615,4336,5891,4210,5481,5934,3992,4461,1554,1955,1080,1475,281,823,43246,31114,7401,5970,9394,7572,7298,80,84
2021-07-28T23:59:59+02:00,119,114,2842,2795,8032,6028,7791,5458,6956,7295,4771,5271,1740,2169,1156,1582,318,889,33,22,1809,1768,5513,4260,5774,4139,5395,5860,3955,4427,1541,1947,1078,1473,281,822,43068,30545,7390,5911,9390,7528,7250,80,84
2021-07-27T23:59:59+02:00,115,113,2826,2776,7991,6011,7758,5439,6936,7277,4759,5259,1740,2167,1155,1581,317,889,31,22,1762,1739,5373,4172,5647,4056,5305,5792,3915,4376,1532,1936,1076,1470,280,822,42948,29945,7374,5830,9389,7484,7169,80,84
2021-07-26T23:59:59+02:00,113,111,2800,2757,7956,5987,7724,5422,6914,7256,4754,5247,1738,2167,1153,1581,317,889,31,22,1717,1681,5232,4105,5545,3989,5232,5722,3857,4342,1529,1924,1075,1464,280,821,42804,29362,7351,5762,9386,7437,7111,80,84
2021-07-25T23:59:59+02:00,107,109,2785,2743,7920,5965,7697,5414,6893,7237,4744,5241,1736,2164,1152,1580,317,888,28,19,1693,1656,5170,4057,5485,3958,5182,5687,3823,4318,1524,1919,1074,1463,280,821,42661,29064,7343,5728,9383,7399,7063,80,84
2021-07-24T23:59:59+02:00,107,107,2772,2729,7895,5952,7672,5399,6879,7224,4734,5236,1735,2161,1152,1580,317,888,27,18,1672,1634,5122,4035,5411,3910,5140,5663,3803,4310,1522,1917,1073,1461,280,820,42577,28862,7320,5635,9382,7398,7014,80,84
2021-07-23T23:59:59+02:00,105,105,2748,2706,7839,5931,7644,5375,6840,7198,4715,5225,1733,2157,1150,1580,317,888,23,15,1614,1603,4971,3928,5273,3841,5065,5592,3750,4279,1520,1908,1072,1456,279,820,42407,28198,7312,5606,9380,7377,6901,80,84
2021-07-22T23:59:59+02:00,104,102,2715,2676,7769,5881,7590,5337,6792,7149,4680,5201,1726,2150,1149,1579,317,887,22,15,1562,1564,4798,3849,5118,3758,4903,5508,3670,4226,1507,1898,1067,1454,279,819,42092,27529,7286,5455,9370,7307,6787,80,84
2021-07-21T23:59:59+02:00,103,99,2687,2662,7705,5850,7539,5299,6732,7109,4657,5177,1719,2144,1148,1576,317,885,22,13,1524,1516,4674,3767,4983,3691,4803,5401,3595,4186,1494,1886,1064,1453,279,816,41841,27035,7247,5245,9364,7248,6675,80,83
2021-07-20T23:59:59+02:00,103,99,2667,2635,7649,5818,7502,5269,6693,7069,4633,5158,1715,2140,1148,1575,317,884,21,13,1491,1482,4540,3697,4893,3637,4702,5321,3543,4153,1490,1876,1063,1452,279,815,41589,26533,7238,5164,9361,7190,6599,80,83
2021-07-19T23:59:59+02:00,102,99,2645,2610,7592,5777,7457,5247,6650,7037,4615,5142,1709,2133,1146,1572,317,883,20,10,1467,1455,4462,3647,4809,3600,4628,5260,3508,4124,1484,1870,1058,1449,277,814,41303,26206,7224,5037,9359,7149,6556,80,83
2021-07-18T23:59:59+02:00,102,97,2616,2586,7523,5743,7422,5218,6607,6999,4598,5132,1703,2125,1144,1572,316,882,18,10,1446,1430,4415,3606,4771,3569,4579,5235,3474,4112,1478,1860,1057,1449,277,812,41000,25999,7209,4958,9354,7123,6520,80,82
2021-07-17T23:59:59+02:00,97,94,2604,2572,7506,5729,7405,5201,6589,6984,4576,5121,1699,2124,1144,1571,316,880,18,10,1432,1416,4376,3572,4719,3546,4539,5203,3444,4100,1473,1857,1057,1447,277,812,40893,25816,7200,4900,9350,7115,6465,80,82
2021-07-16T23:59:59+02:00,97,91,2566,2550,7441,5693,7347,5159,6543,6941,4549,5093,1692,2118,1143,1570,316,880,17,9,1389,1388,4274,3515,4629,3504,4451,5145,3382,4054,1460,1849,1052,1445,277,811,40701,25463,7179,4865,9342,7048,6253,80,82
2021-07-15T23:59:59+02:00,94,87,2516,2524,7370,5658,7289,5119,6496,6886,4531,5067,1688,2113,1141,1567,315,880,15,9,1331,1353,4075,3401,4442,3400,4306,5045,3321,3987,1449,1841,1047,1440,276,811,40378,24751,7159,4626,9335,6980,6148,78,82
2021-07-14T23:59:59+02:00,93,84,2482,2508,7297,5628,7217,5085,6441,6838,4508,5045,1681,2106,1139,1565,315,879,14,9,1283,1313,3944,3307,4332,3331,4193,4978,3274,3942,1437,1831,1045,1436,276,811,40058,24224,7138,4520,9333,6904,6050,78,82
2021-07-13T23:59:59+02:00,89,81,2452,2482,7244,5599,7153,5044,6402,6787,4489,5027,1671,2099,1137,1565,315,879,12,7,1251,1273,3827,3208,4210,3261,4104,4888,3220,3884,1409,1824,1043,1430,274,809,39743,23716,7129,4372,9331,6797,5974,78,82
2021-07-12T23:59:59+02:00,84,81,2425,2458,7172,5555,7083,4998,6351,6746,4460,5001,1666,2096,1134,1565,315,879,11,7,1218,1249,3714,3116,4090,3188,4002,4807,3166,3837,1395,1814,1039,1422,274,809,39395,23236,7115,4237,9326,6710,5887,77,81
2021-07-11T23:59:59+02:00,77,78,2411,2442,7133,5528,7054,4973,6321,6728,4451,4994,1663,2092,1132,1565,314,879,11,7,1204,1230,3660,3068,4029,3151,3946,4778,3140,3823,1386,1802,1037,1418,274,809,39271,23037,7096,4196,9320,6648,5799,76,81
2021-07-10T23:59:59+02:00,76,77,2383,2407,7051,5488,6988,4934,6270,6693,4428,4982,1659,2089,1132,1562,314,878,11,7,1181,1209,3602,3025,3981,3121,3907,4746,3122,3809,1380,1795,1037,1416,274,809,39018,22846,7070,4195,9307,6632,5657,76,81
2021-07-09T23:59:59+02:00,75,74,2357,2389,6984,5452,6943,4910,6220,6660,4409,4959,1657,2083,1132,1561,314,878,7,3,1156,1192,3550,2976,3928,3077,3850,4703,3094,3778,1378,1779,1035,1415,274,809,38792,22592,7042,4161,9296,6576,5559,76,81
2021-07-08T23:59:59+02:00,70,71,2306,2342,6891,5384,6843,4857,6155,6594,4371,4924,1650,2073,1130,1558,314,878,6,3,1082,1137,3381,2883,3733,2997,3666,4604,3024,3715,1363,1762,1033,1406,273,808,38455,22079,6965,3868,9264,6435,5351,76,81
2021-07-07T23:59:59+02:00,70,70,2230,2289,6778,5310,6741,4804,6081,6536,4336,4875,1643,2064,1127,1554,313,878,6,3,1027,1098,3228,2799,3551,2911,3506,4497,2971,3654,1346,1732,1026,1397,273,806,37956,21503,6922,3622,9239,6353,5192,76,81
2021-07-06T23:59:59+02:00,67,69,2183,2248,6670,5253,6651,4758,6025,6468,4296,4840,1636,2058,1124,1549,313,878,6,3,990,1054,3112,2695,3463,2852,3432,4404,2916,3593,1320,1701,1022,1388,273,806,37500,20988,6869,3513,9222,6261,5090,76,81
2021-07-05T23:59:59+02:00,65,69,2112,2201,6531,5182,6533,4721,5954,6408,4258,4803,1630,2049,1122,1547,313,876,6,3,945,1016,3001,2622,3383,2806,3355,4334,2872,3535,1299,1683,1016,1378,273,803,37008,20595,6819,3435,9195,6175,4934,75,79
2021-07-04T23:59:59+02:00,65,68,2073,2154,6442,5132,6495,4690,5911,6388,4240,4780,1627,2046,1122,1545,313,875,6,3,906,989,2933,2566,3346,2778,3319,4300,2845,3511,1284,1663,1014,1376,272,803,36792,20438,6781,3377,9171,6098,4800,75,79
2021-07-03T23:59:59+02:00,61,53,1972,2069,6224,4967,6340,4599,5823,6299,4189,4745,1623,2042,1121,1541,313,875,6,3,867,960,2861,2519,3288,2748,3277,4251,2814,3479,1277,1658,1013,1372,271,801,35930,20238,6745,3374,9163,6072,4576,75,79
2021-07-02T23:59:59+02:00,52,46,1930,2028,6143,4919,6295,4570,5801,6269,4174,4726,1622,2036,1119,1540,312,875,6,3,843,931,2787,2467,3218,2701,3232,4200,2782,3441,1258,1639,1009,1366,271,799,35634,19914,6709,3347,9157,5970,4507,74,79
2021-07-01T23:59:59+02:00,48,39,1877,1986,6035,4846,6212,4521,5720,6202,4147,4695,1619,2030,1118,1539,312,874,6,3,765,877,2584,2376,3026,2608,3049,4080,2681,3348,1234,1615,999,1350,271,797,35205,19084,6659,3117,9140,5863,4356,74,79
2021-06-30T23:59:59+02:00,48,38,1828,1926,5906,4760,6109,4467,5657,6154,4133,4670,1615,2022,1116,1536,312,874,6,2,728,841,2470,2299,2911,2549,2938,3985,2612,3268,1210,1588,990,1340,270,796,34754,18591,6595,2991,9124,5727,4223,73,79
2021-06-29T23:59:59+02:00,46,36,1763,1842,5788,4667,6008,4406,5600,6094,4105,4641,1607,2016,1115,1535,312,872,5,2,693,790,2384,2209,2835,2484,2830,3865,2554,3215,1196,1554,978,1330,269,793,34183,18074,6559,2913,9116,5606,4102,72,79
2021-06-28T23:59:59+02:00,44,34,1725,1781,5665,4596,5935,4354,5554,6055,4075,4616,1605,2007,1114,1534,312,872,5,2,679,758,2275,2134,2754,2419,2750,3777,2502,3167,1179,1536,971,1324,269,791,33744,17713,6502,2759,9106,5499,4016,72,79
2021-06-27T23:59:59+02:00,44,33,1692,1754,5612,4558,5891,4320,5504,6040,4064,4604,1602,2003,1114,1533,312,872,5,2,659,739,2219,2091,2708,2388,2701,3732,2470,3145,1170,1522,969,1315,269,791,33549,17542,6468,2696,9084,5408,3937,72,79
2021-06-26T23:59:59+02:00,37,28,1658,1724,5537,4510,5797,4274,5463,6008,4045,4588,1601,2001,1114,1531,312,872,5,2,651,728,2186,2063,2672,2364,2681,3706,2444,3126,1153,1512,968,1313,269,791,33172,17300,6382,2691,9084,5390,3937,72,78
2021-06-25T23:59:59+02:00,31,22,1621,1682,5426,4438,5741,4244,5422,5984,4023,4577,1598,2000,1112,1530,311,872,4,2,643,704,2129,2031,2602,2295,2578,3572,2397,3022,1142,1490,965,1310,268,790,32734,16812,6353,2661,9083,5209,3932,72,78
2021-06-24T23:59:59+02:00,24,17,1568,1630,5242,4321,5610,4188,5317,5938,3983,4550,1594,1996,1112,1529,310,871,4,2,602,682,2009,1956,2415,2224,2404,3487,2288,2927,1112,1466,955,1304,267,786,32067,16283,6291,2306,9073,5123,3818,72,78
2021-06-23T23:59:59+02:00,23,17,1533,1581,5150,4257,5530,4131,5268,5894,3960,4513,1584,1990,1109,1526,309,871,4,2,571,657,1933,1891,2300,2171,2282,3391,2184,2837,1085,1444,950,1296,266,785,31599,15691,6237,2222,9067,4978,3781,72,78
2021-06-22T23:59:59+02:00,22,17,1501,1563,5074,4188,5442,4082,5221,5848,3934,4489,1579,1984,1108,1525,309,871,4,2,553,633,1863,1837,2209,2115,2198,3283,2079,2748,1070,1422,939,1284,266,781,31167,15243,6192,2079,9062,4810,3755,72,77
2021-06-21T23:59:59+02:00,21,17,1467,1519,4944,4096,5359,4037,5151,5788,3905,4465,1574,1971,1106,1520,308,869,4,2,537,614,1820,1789,2168,2073,2143,3195,2010,2666,1051,1392,915,1261,266,778,30599,14924,6151,1977,9060,4660,3712,72,77
2021-06-20T23:59:59+02:00,20,15,1436,1486,4864,4022,5304,4017,5116,5767,3881,4454,1571,1970,1105,1520,307,869,4,2,519,597,1788,1758,2142,2049,2112,3166,1966,2628,1042,1376,912,1254,266,777,30286,14731,6113,1937,9046,4595,3674,72,76
2021-06-19T23:59:59+02:00,19,15,1417,1464,4818,3988,5278,3989,5085,5741,3859,4441,1564,1968,1105,1519,307,869,4,2,510,590,1766,1734,2120,2021,2098,3140,1940,2587,1032,1369,908,1253,264,776,30093,14546,6044,1904,9044,4587,3650,72,75
2021-06-18T23:59:59+02:00,14,11,1391,1446,4739,3943,5223,3945,5036,5703,3833,4429,1561,1965,1103,1517,307,869,4,2,495,580,1745,1718,2092,1990,2051,3090,1889,2531,1019,1353,906,1249,263,774,29741,14236,5996,1901,9042,4534,3637,72,75
2021-06-17T23:59:59+02:00,11,10,1354,1406,4564,3860,5030,3867,4854,5611,3777,4384,1554,1962,1103,1516,306,869,4,2,456,558,1640,1680,1907,1927,1886,2990,1785,2447,997,1334,894,1237,261,772,29109,13756,5930,1788,9034,4442,3331,71,75
2021-06-16T23:59:59+02:00,11,9,1323,1373,4458,3775,4928,3813,4751,5547,3730,4359,1547,1958,1101,1512,306,868,4,2,437,536,1575,1640,1845,1893,1803,2905,1726,2369,979,1308,884,1221,260,769,28610,13331,5814,1716,9018,4361,3275,71,75
2021-06-15T23:59:59+02:00,11,9,1289,1342,4316,3684,4852,3745,4675,5475,3688,4325,1537,1950,1096,1509,306,866,4,2,423,514,1513,1583,1791,1847,1733,2848,1652,2301,961,1282,879,1210,258,768,28033,12977,5775,1631,9002,4285,3192,71,75
2021-06-14T23:59:59+02:00,11,7,1262,1301,4219,3623,4770,3689,4591,5399,3632,4295,1532,1942,1095,1503,304,865,4,2,414,501,1464,1547,1740,1811,1679,2780,1593,2247,952,1259,874,1203,257,767,27542,12717,5677,1553,8998,4198,3133,71,74
2021-06-13T23:59:59+02:00,11,7,1245,1283,4168,3585,4720,3647,4539,5354,3612,4279,1531,1936,1095,1501,303,864,4,2,406,493,1429,1530,1699,1786,1635,2743,1558,2204,934,1240,870,1193,256,765,27277,12527,5641,1529,8993,4119,3071,71,74
2021-06-12T23:59:59+02:00,11,6,1231,1257,4137,3565,4688,3623,4521,5336,3599,4268,1529,1932,1094,1500,303,863,4,2,402,490,1416,1510,1672,1760,1614,2721,1531,2183,926,1230,860,1190,256,764,27080,12376,5630,1528,8992,4057,3058,71,73
2021-06-11T23:59:59+02:00,10,6,1214,1242,4096,3518,4615,3596,4476,5296,3569,4256,1528,1930,1093,1497,303,862,4,2,392,477,1393,1468,1641,1737,1570,2676,1484,2141,915,1215,856,1184,256,763,26771,12124,5597,1519,8988,3976,3035,71,73
2021-06-10T23:59:59+02:00,10,5,1150,1185,3971,3428,4478,3511,4376,5230,3514,4219,1524,1922,1091,1496,303,862,4,2,371,459,1328,1427,1565,1678,1502,2604,1394,2042,890,1182,852,1175,255,760,26149,11682,5451,1506,8969,3811,2956,71,72
2021-06-09T23:59:59+02:00,9,3,1098,1147,3819,3317,4334,3448,4287,5151,3464,4176,1518,1916,1089,1493,303,862,3,2,352,439,1264,1383,1500,1642,1446,2523,1313,1975,859,1128,845,1161,254,758,25623,11374,5265,1443,8960,3668,2812,71,72
2021-06-08T23:59:59+02:00,8,3,1040,1103,3671,3216,4213,3366,4174,5066,3411,4146,1512,1911,1087,1490,302,860,3,1,335,419,1213,1341,1442,1604,1384,2463,1266,1901,834,1093,834,1144,250,755,25032,11121,5119,1393,8948,3524,2682,71,70
2021-06-07T23:59:59+02:00,7,3,1012,1074,3558,3136,4075,3329,4050,4997,3354,4118,1499,1906,1086,1488,302,858,2,0,326,411,1167,1300,1382,1581,1335,2411,1199,1848,819,1073,820,1127,248,750,24623,10945,4932,1357,8942,3390,2536,71,69
2021-06-06T23:59:59+02:00,7,3,988,1062,3495,3096,3996,3278,3975,4964,3320,4103,1497,1901,1083,1487,301,858,2,0,318,401,1151,1271,1348,1548,1313,2352,1169,1789,807,1058,812,1119,248,746,24403,10829,4787,1302,8928,3279,2462,71,68
2021-06-05T23:59:59+02:00,7,3,975,1044,3415,3029,3941,3247,3938,4940,3309,4099,1496,1899,1083,1486,301,857,2,0,311,391,1130,1248,1328,1532,1286,2322,1136,1769,795,1035,810,1115,248,746,24099,10655,4780,1299,8924,3235,2422,70,67
2021-06-04T23:59:59+02:00,5,3,947,1024,3365,2971,3864,3206,3873,4883,3280,4077,1492,1895,1081,1486,301,857,2,0,300,382,1108,1217,1300,1515,1258,2278,1106,1740,779,1012,804,1110,248,743,23764,10509,4734,1293,8920,3172,2330,70,67
2021-06-03T23:59:59+02:00,5,3,902,990,3204,2869,3670,3097,3695,4765,3188,4002,1482,1883,1077,1481,301,857,1,0,289,372,1071,1176,1240,1455,1185,2188,1041,1681,740,972,796,1097,248,742,23061,10279,4497,1274,8901,3004,2125,70,65
2021-06-02T23:59:59+02:00,5,3,875,978,3127,2798,3612,3054,3631,4700,3146,3974,1480,1878,1077,1480,301,857,1,0,277,363,1041,1152,1195,1435,1141,2142,988,1636,726,940,793,1092,248,741,22691,10057,4477,1260,8901,2965,2006,70,65
2021-06-01T23:59:59+02:00,5,3,826,940,2960,2676,3429,2956,3461,4594,3085,3912,1470,1871,1074,1474,301,857,0,0,264,347,955,1086,1098,1376,1056,2030,938,1556,694,887,785,1082,247,734,22060,9757,4256,1225,8888,2756,1756,70,64
2021-05-31T23:59:59+02:00,5,2,787,911,2831,2589,3282,2859,3351,4499,3032,3859,1465,1858,1072,1469,301,857,0,0,248,330,914,1043,1028,1323,1007,1951,900,1497,673,862,778,1076,246,734,21643,9579,4009,1210,8865,2617,1553,70,62
2021-05-30T23:59:59+02:00,5,2,776,899,2771,2541,3213,2819,3292,4455,3010,3838,1461,1852,1072,1469,301,856,0,0,238,312,870,996,971,1281,960,1889,874,1438,660,846,774,1067,246,733,21486,9473,3947,1200,8852,2442,1380,70,62
2021-05-29T23:59:59+02:00,5,2,773,895,2752,2524,3192,2805,3273,4439,3002,3829,1459,1851,1072,1469,301,856,0,0,235,301,865,981,952,1252,944,1840,860,1405,647,824,771,1062,245,733,21357,9379,3945,1198,8849,2300,1379,69,61
2021-05-28T23:59:59+02:00,5,2,764,883,2712,2482,3142,2776,3246,4414,2992,3813,1459,1848,1070,1464,301,856,0,0,231,292,852,961,940,1228,928,1797,831,1365,628,794,766,1054,244,731,21097,9194,3933,1193,8846,2212,1375,69,60
2021-05-27T23:59:59+02:00,5,2,719,858,2577,2414,3005,2704,3101,4331,2909,3762,1450,1837,1069,1462,300,854,0,0,216,273,789,908,858,1171,839,1697,765,1281,603,761,757,1035,243,729,20591,8980,3794,1157,8812,1944,1162,69,58
2021-05-26T23:59:59+02:00,5,2,684,824,2466,2338,2840,2637,2975,4263,2859,3713,1439,1825,1068,1454,298,849,0,0,206,252,746,868,808,1134,796,1627,725,1223,587,735,739,1002,242,726,20162,8752,3541,1144,8784,1802,1030,69,58
2021-05-25T23:59:59+02:00,5,2,661,804,2373,2276,2736,2592,2873,4179,2811,3676,1427,1817,1065,1450,297,847,0,0,194,239,721,838,772,1096,757,1567,672,1160,567,715,719,972,241,724,19784,8525,3361,1107,8740,1662,972,68,54
2021-05-24T23:59:59+02:00,5,2,646,777,2312,2233,2662,2556,2801,4122,2754,3632,1414,1810,1059,1449,297,846,0,0,189,231,696,818,743,1064,721,1510,646,1108,548,701,712,968,241,722,19578,8426,3178,1093,8705,1541,871,67,52
2021-05-23T23:59:59+02:00,5,2,642,776,2294,2217,2650,2541,2790,4106,2742,3616,1411,1808,1059,1447,297,846,0,0,187,229,689,810,733,1057,704,1498,636,1100,545,694,707,962,240,719,19451,8343,3175,1086,8705,1528,869,67,48
2021-05-22T23:59:59+02:00,5,2,635,763,2268,2194,2612,2519,2767,4073,2707,3587,1404,1804,1058,1445,297,845,0,0,185,221,680,806,727,1045,692,1490,630,1094,535,685,701,951,239,719,19192,8278,3174,1086,8703,1490,859,67,47
2021-05-21T23:59:59+02:00,5,2,620,746,2177,2156,2523,2465,2697,4023,2663,3541,1397,1791,1056,1444,296,844,0,0,183,218,673,795,716,1036,680,1477,615,1074,522,659,693,943,239,717,18687,8185,3147,1085,8680,1428,854,67,47
2021-05-20T23:59:59+02:00,5,2,584,720,2053,2079,2387,2386,2563,3922,2584,3456,1381,1775,1054,1438,296,842,0,0,174,207,639,754,682,996,646,1421,589,1009,501,629,687,934,239,716,18016,8055,3020,1073,8603,1217,780,67,45
2021-05-19T23:59:59+02:00,4,2,547,686,1935,1992,2238,2314,2420,3821,2483,3359,1363,1757,1046,1435,294,842,0,0,160,200,608,730,648,962,612,1366,564,949,487,606,677,910,238,714,17238,7896,2948,1055,8561,1115,656,67,44
2021-05-18T23:59:59+02:00,4,1,518,664,1853,1907,2131,2256,2304,3702,2387,3268,1352,1736,1039,1428,294,838,0,0,153,191,586,701,622,932,595,1288,544,886,469,578,668,894,237,711,16702,7768,2774,1016,8502,1005,550,67,44
2021-05-17T23:59:59+02:00,4,0,496,650,1792,1867,2076,2205,2225,3587,2324,3193,1332,1716,1032,1421,293,836,0,0,147,183,568,687,613,892,581,1226,527,830,450,547,666,886,237,710,16389,7688,2610,985,8432,901,451,66,44
2021-05-16T23:59:59+02:00,3,0,491,649,1765,1839,2033,2174,2185,3537,2270,3132,1317,1707,1030,1416,293,835,0,0,143,182,558,667,597,875,565,1178,510,791,424,517,664,883,237,709,16199,7629,2539,954,8388,814,369,66,43
2021-05-15T23:59:59+02:00,3,0,486,644,1735,1820,2014,2152,2164,3513,2245,3091,1309,1706,1029,1414,292,835,0,0,141,179,555,665,596,870,558,1173,504,781,421,515,662,881,237,708,15985,7596,2538,953,8379,801,363,66,42
2021-05-14T23:59:59+02:00,3,0,469,627,1703,1782,1969,2111,2082,3443,2204,3050,1301,1696,1027,1414,290,835,0,0,138,172,548,649,576,846,537,1139,489,765,405,499,657,875,237,706,15609,7534,2495,937,8357,692,336,66,42
2021-05-13T23:59:59+02:00,2,0,440,605,1627,1729,1853,2056,1960,3356,2135,2958,1277,1677,1020,1412,288,831,0,0,133,169,531,642,566,829,526,1122,475,752,388,471,645,849,237,701,15167,7444,2227,897,8302,652,302,65,41
2021-05-12T23:59:59+02:00,2,0,432,600,1606,1717,1835,2045,1936,3332,2119,2943,1275,1672,1016,1410,288,831,0,0,133,167,527,642,565,822,523,1117,471,745,382,459,644,843,237,701,15028,7399,2201,888,8294,649,300,63,41
2021-05-11T23:59:59+02:00,2,0,413,579,1523,1675,1724,2003,1823,3237,2010,2875,1260,1648,1012,1400,288,831,0,0,126,158,509,608,544,794,501,1084,442,723,359,431,635,837,237,701,14611,7296,2017,858,8177,550,234,63,41
2021-05-10T23:59:59+02:00,2,0,396,561,1477,1640,1671,1968,1745,3171,1951,2807,1253,1634,1008,1394,288,828,0,0,126,154,503,601,532,771,492,1058,436,702,350,418,633,833,237,700,14325,7243,1931,848,8052,495,208,62,39
2021-05-09T23:59:59+02:00,2,0,389,549,1432,1612,1636,1948,1698,3132,1890,2767,1240,1622,1005,1389,288,827,0,0,121,151,496,591,522,763,483,1048,425,689,340,407,628,828,237,699,14082,7206,1872,837,7997,442,187,62,38
2021-05-08T23:59:59+02:00,2,0,384,544,1417,1591,1600,1927,1675,3106,1858,2744,1233,1615,1002,1388,287,827,0,0,120,151,493,591,519,762,481,1042,425,683,339,405,624,820,237,699,13861,7188,1865,831,7993,431,185,62,36
2021-05-07T23:59:59+02:00,2,0,372,536,1388,1560,1546,1908,1616,3044,1809,2692,1226,1607,1001,1382,287,824,0,0,116,147,482,577,506,734,469,1007,408,657,337,384,609,808,236,697,13583,7135,1836,806,7927,326,147,62,35
2021-05-06T23:59:59+02:00,2,0,347,522,1290,1517,1435,1849,1472,2927,1677,2599,1195,1576,998,1371,287,821,0,0,114,143,466,558,495,715,454,982,394,636,328,369,595,795,236,694,13081,7071,1645,786,7701,237,119,59,32
2021-05-05T23:59:59+02:00,2,0,332,507,1249,1485,1389,1808,1405,2856,1597,2512,1176,1551,992,1358,287,816,0,0,113,139,455,547,490,702,446,972,388,618,311,357,578,778,236,693,12647,6999,1580,766,7635,188,111,59,29
2021-05-04T23:59:59+02:00,2,0,323,495,1196,1450,1351,1781,1358,2808,1541,2451,1160,1522,986,1347,285,812,0,0,108,136,446,534,486,695,434,950,377,601,299,341,567,758,236,693,12309,6919,1518,738,7585,147,99,57,27
2021-05-03T23:59:59+02:00,2,0,317,489,1159,1428,1314,1760,1325,2772,1498,2413,1142,1496,980,1340,284,808,0,0,100,132,434,524,476,688,427,943,366,592,288,333,549,741,234,691,12054,6832,1493,729,7540,128,71,57,25
2021-05-02T23:59:59+02:00,2,0,313,488,1143,1413,1283,1742,1298,2753,1487,2391,1133,1482,977,1339,284,805,0,0,97,130,426,516,470,682,422,936,362,589,284,325,529,730,234,691,11922,6788,1477,708,7505,112,54,56,23
2021-05-01T23:59:59+02:00,2,0,309,483,1133,1405,1272,1729,1283,2741,1468,2374,1127,1476,974,1336,284,804,0,0,97,129,426,515,466,682,420,933,362,587,282,325,529,730,234,691,11783,6777,1476,708,7504,109,53,56,21
2021-04-30T23:59:59+02:00,2,0,304,474,1122,1381,1246,1708,1253,2678,1414,2324,1114,1457,969,1333,284,801,0,0,95,127,423,510,463,675,418,907,357,577,277,318,527,725,234,690,11476,6759,1471,698,7500,82,23,56,20
2021-04-29T23:59:59+02:00,2,0,288,460,1067,1350,1196,1668,1203,2621,1322,2259,1070,1414,964,1325,283,799,0,0,95,125,418,508,458,670,409,895,348,569,267,308,516,715,233,687,10994,6699,1433,678,7435,58,21,54,20
2021-04-28T23:59:59+02:00,2,0,276,454,1053,1332,1166,1654,1169,2579,1255,2206,1038,1361,956,1323,283,798,0,0,91,123,412,504,453,660,403,886,343,556,251,291,506,703,232,686,10707,6625,1382,644,7379,43,20,53,19
2021-04-27T23:59:59+02:00,2,0,272,444,1031,1316,1144,1642,1144,2556,1230,2181,1011,1326,950,1319,283,795,0,0,89,120,408,499,450,652,401,881,335,550,247,283,492,684,231,685,10510,6570,1354,616,7341,36,19,48,16
2021-04-26T23:59:59+02:00,2,0,269,438,1022,1307,1134,1626,1113,2539,1181,2134,991,1305,944,1312,282,794,0,0,89,120,404,491,449,649,397,876,334,544,241,275,482,675,231,685,10332,6531,1339,591,7275,34,19,46,16
2021-04-25T23:59:59+02:00,2,0,268,436,1012,1293,1113,1617,1095,2521,1150,2106,970,1282,941,1304,282,794,0,0,88,118,402,481,446,648,396,871,333,543,240,271,477,667,231,684,10199,6509,1312,575,7226,26,19,42,16
2021-04-24T23:59:59+02:00,2,0,263,431,997,1280,1101,1600,1079,2501,1124,2089,961,1258,938,1300,282,794,0,0,88,118,402,481,444,648,396,868,332,540,239,270,476,664,231,684,10028,6502,1312,567,7203,25,19,40,16
2021-04-23T23:59:59+02:00,2,0,261,421,986,1263,1090,1589,1061,2481,1070,2047,940,1233,936,1293,282,791,0,0,87,117,402,480,443,647,395,866,329,537,235,264,471,658,231,684,9870,6479,1299,554,7107,25,19,39,15
2021-04-22T23:59:59+02:00,2,0,257,410,962,1239,1065,1568,1026,2439,1020,1985,912,1193,929,1280,282,788,0,0,87,114,400,473,437,640,390,857,326,531,229,258,462,648,230,682,9589,6420,1249,539,7037,18,19,39,14
2021-04-21T23:59:59+02:00,2,0,253,405,937,1221,1039,1549,992,2404,975,1937,879,1143,920,1266,282,785,0,0,86,112,397,472,435,636,386,851,321,522,226,253,452,633,229,679,9295,6367,1224,518,6978,17,19,39,14
2021-04-20T23:59:59+02:00,2,0,246,400,917,1193,1020,1527,966,2354,936,1883,833,1080,908,1248,280,782,0,0,86,111,395,470,432,630,379,846,318,516,220,244,441,614,228,679,9009,6302,1156,503,6910,16,19,39,14
2021-04-19T23:59:59+02:00,2,0,243,390,896,1181,1006,1507,950,2322,909,1847,800,1048,904,1241,280,778,0,0,85,110,392,468,427,625,375,836,313,506,220,239,429,595,226,674,8823,6236,1140,483,6839,13,18,38,14
2021-04-18T23:59:59+02:00,2,0,242,386,888,1170,991,1498,927,2301,890,1827,773,1009,902,1236,279,776,0,0,84,108,388,466,427,625,374,832,313,503,219,235,423,591,226,674,8696,6216,1111,471,6779,13,18,38,13
2021-04-17T23:59:59+02:00,2,0,241,383,886,1167,984,1494,918,2293,885,1820,757,983,900,1230,279,776,0,0,84,105,386,462,425,625,371,827,312,498,216,229,417,584,226,673,8625,6173,1109,467,6752,12,18,38,13
2021-04-16T23:59:59+02:00,2,0,240,382,876,1162,971,1474,902,2270,856,1780,718,926,889,1220,277,772,0,0,80,101,383,455,422,623,361,814,307,486,201,214,412,576,223,670,8428,6102,1093,426,6680,11,18,38,11
2021-04-15T23:59:59+02:00,2,0,237,375,851,1144,954,1459,874,2223,812,1740,684,878,879,1200,277,768,0,0,78,100,379,447,416,614,353,805,300,483,193,208,395,553,221,665,8196,6013,1081,397,6557,10,18,36,10
2021-04-14T23:59:59+02:00,2,0,235,367,840,1134,944,1445,860,2187,795,1712,644,836,850,1152,277,764,0,0,75,95,371,444,408,604,349,795,289,475,183,191,378,533,219,659,7970,5904,1064,362,6483,10,18,34,10
2021-04-13T23:59:59+02:00,2,0,229,363,830,1128,933,1434,848,2160,764,1682,596,783,828,1119,276,761,0,0,72,91,361,435,390,597,337,783,283,471,180,187,365,520,218,656,7801,5813,1016,332,6390,8,18,31,10
2021-04-12T23:59:59+02:00,2,0,227,361,825,1122,923,1419,821,2139,745,1660,565,756,817,1102,275,759,0,0,71,87,347,429,385,591,331,775,275,465,173,181,357,508,217,650,7699,5730,994,306,6296,8,18,27,9
2021-04-11T23:59:59+02:00,1,0,223,358,817,1110,914,1413,806,2122,733,1641,549,732,808,1079,274,756,0,0,70,85,341,428,381,589,329,771,274,460,168,173,349,505,215,647,7631,5679,973,296,6201,7,18,25,9
2021-04-10T23:59:59+02:00,1,0,223,356,816,1106,909,1411,795,2114,723,1631,542,717,801,1066,273,755,0,0,66,77,314,411,362,574,316,756,259,452,161,165,344,490,214,645,7573,5497,966,290,6169,7,17,23,9
2021-04-09T23:59:59+02:00,1,0,223,353,807,1102,893,1387,786,2031,707,1546,506,655,780,1043,271,751,0,0,57,73,299,399,345,560,300,741,249,439,151,159,323,468,211,637,7448,5302,941,282,5918,7,13,20,9
2021-04-08T23:59:59+02:00,1,0,220,350,801,1095,881,1379,772,2010,686,1525,464,591,749,1020,269,748,0,0,55,70,287,379,329,546,285,727,233,420,142,143,307,450,209,620,7328,5100,900,267,5794,7,12,20,9
2021-04-07T23:59:59+02:00,1,0,214,346,791,1084,868,1362,750,1980,665,1491,426,550,721,982,266,744,0,0,52,67,267,365,319,540,277,714,225,408,128,133,288,430,203,611,7180,4930,867,256,5645,7,12,19,8
2021-04-06T23:59:59+02:00,1,0,211,344,781,1078,853,1343,732,1956,635,1465,404,513,695,948,265,743,0,0,50,65,266,359,314,538,266,710,220,401,123,129,278,409,199,601,7084,4855,838,233,5490,6,12,17,8
2021-04-05T23:59:59+02:00,1,0,211,343,777,1071,845,1331,723,1938,628,1448,385,492,678,923,265,742,0,0,49,64,265,355,313,534,262,704,216,400,122,125,265,389,195,594,7041,4792,824,218,5375,6,12,17,8
2021-04-04T23:59:59+02:00,1,0,210,338,773,1061,839,1320,714,1921,621,1429,372,479,675,919,265,742,0,0,49,63,264,353,312,534,262,704,215,400,120,124,257,375,192,592,7014,4757,818,218,5288,6,10,17,8
2021-04-03T23:59:59+02:00,1,0,210,338,771,1061,837,1318,714,1916,614,1427,365,473,672,912,265,741,0,0,49,63,264,353,312,534,262,703,215,398,120,124,257,372,192,590,6981,4749,818,218,5275,6,10,17,8
2021-04-02T23:59:59+02:00,1,0,210,336,770,1059,835,1316,709,1908,608,1416,356,463,659,902,265,740,0,0,49,61,260,351,309,532,260,695,210,390,118,123,250,353,189,577,6930,4669,812,215,5249,6,10,15,8
2021-04-01T23:59:59+02:00,1,0,207,331,765,1045,823,1303,704,1888,593,1397,341,439,627,869,264,734,0,0,47,60,251,345,305,529,259,688,208,385,110,120,232,327,186,556,6839,4556,769,208,5157,5,10,14,8
2021-03-31T23:59:59+02:00,1,0,203,328,757,1036,813,1289,694,1841,583,1358,332,427,605,823,260,731,0,0,47,60,250,344,300,526,256,686,202,381,105,117,217,300,184,534,6768,4466,723,201,5023,5,8,14,8
2021-03-30T23:59:59+02:00,1,0,200,322,751,1027,807,1266,681,1801,573,1314,320,409,577,787,259,731,0,0,47,59,248,340,296,523,255,681,198,376,102,115,209,282,180,519,6686,4389,684,196,4888,5,8,13,8
2021-03-29T23:59:59+02:00,1,0,196,316,745,1009,802,1253,671,1770,564,1275,316,395,546,749,257,724,0,0,47,57,246,337,295,521,254,677,196,369,98,113,199,269,173,508,6575,4326,662,189,4783,3,8,13,8
2021-03-28T23:59:59+02:00,1,0,190,300,734,998,793,1245,666,1748,561,1258,314,381,518,725,254,722,0,0,47,56,244,337,292,515,251,674,195,366,95,111,192,260,170,506,6529,4282,627,185,4678,3,8,13,8
2021-03-27T23:59:59+01:00,1,0,190,297,729,992,788,1241,660,1736,559,1249,310,372,512,715,254,721,0,0,46,56,244,337,291,515,248,668,192,362,93,110,188,253,165,496,6488,4241,619,179,4641,3,8,13,8
2021-03-26T23:59:59+01:00,1,0,186,295,717,979,779,1225,648,1718,550,1226,303,361,508,700,252,717,0,0,45,56,244,337,290,513,248,667,185,350,88,103,176,237,157,484,6423,4159,600,178,4559,3,6,13,8
2021-03-25T23:59:59+01:00,1,0,182,293,707,965,757,1197,631,1681,539,1187,295,348,490,675,251,712,0,0,45,55,241,332,287,512,241,664,184,348,81,102,159,218,152,458,6339,4062,586,169,4399,3,6,13,8
2021-03-24T23:59:59+01:00,1,0,180,284,697,952,748,1181,620,1644,524,1155,284,334,472,651,248,709,0,0,45,55,239,330,285,510,239,664,180,345,79,99,146,212,146,424,6257,3988,560,162,4275,2,6,13,8
2021-03-23T23:59:59+01:00,1,0,177,280,689,937,733,1164,608,1621,509,1116,278,324,454,635,243,706,0,0,44,55,237,329,282,507,234,659,178,341,75,95,139,204,136,397,6197,3905,545,157,4138,2,6,13,8
2021-03-22T23:59:59+01:00,1,0,173,270,669,916,711,1141,594,1586,494,1092,273,314,442,619,242,700,0,0,44,55,235,327,278,505,232,652,177,339,75,92,133,195,121,367,6120,3822,523,154,3994,1,6,13,8
2021-03-21T23:59:59+01:00,1,0,168,267,658,904,700,1135,586,1560,487,1060,267,306,428,611,240,695,0,0,44,55,232,327,276,503,231,651,175,337,74,89,131,194,117,364,6076,3801,506,150,3887,1,4,12,7
2021-03-20T23:59:59+01:00,1,0,166,266,649,899,695,1131,578,1555,484,1058,262,297,415,597,238,693,0,0,44,55,232,327,274,503,230,649,175,333,73,88,128,190,113,357,6038,3774,499,148,3839,1,4,11,7
2021-03-19T23:59:59+01:00,1,0,156,255,642,878,684,1124,573,1537,473,1045,244,276,397,571,233,685,0,0,42,55,231,326,273,503,228,642,174,329,70,86,120,179,108,336,5957,3706,455,147,3749,1,3,11,7
2021-03-18T23:59:59+01:00,1,0,151,249,622,860,666,1089,554,1484,459,999,229,260,384,548,230,667,0,0,42,55,229,323,271,495,228,636,171,322,70,83,112,171,103,323,5868,3643,420,138,3540,1,3,11,7
2021-03-17T23:59:59+01:00,0,0,144,243,609,841,653,1082,549,1471,453,980,217,247,365,532,226,661,0,0,42,54,229,319,270,493,226,634,171,321,70,83,107,165,97,309,5771,3599,392,136,3476,1,3,10,7
2021-03-16T23:59:59+01:00,0,0,140,234,592,826,634,1071,537,1429,442,955,209,233,344,497,222,649,0,0,42,53,229,316,270,487,224,633,170,320,66,83,102,159,94,291,5678,3552,359,132,3336,1,2,10,7
2021-03-15T23:59:59+01:00,0,0,134,227,576,811,623,1049,526,1397,427,918,202,225,331,472,219,642,0,0,41,53,228,313,269,484,223,632,168,319,65,81,96,153,92,277,5585,3508,330,130,3217,1,1,9,7
2021-03-14T23:59:59+01:00,0,0,129,215,561,792,608,1028,517,1353,415,872,193,213,318,461,213,638,0,0,41,53,228,310,267,483,222,627,167,314,64,81,95,149,90,274,5514,3491,317,119,3043,1,0,8,7
2021-03-13T23:59:59+01:00,0,0,126,203,533,763,579,1002,492,1328,394,853,178,203,311,448,211,635,0,0,41,53,228,310,266,483,221,627,167,313,64,81,92,145,78,259,5317,3452,313,119,2955,1,0,8,7
2021-03-12T23:59:59+01:00,0,0,115,194,503,737,559,973,469,1289,373,819,162,191,287,418,208,615,0,0,41,53,228,309,265,483,221,627,167,312,58,79,89,139,73,252,5082,3418,307,119,2834,1,0,8,6
2021-03-11T23:59:59+01:00,0,0,107,185,468,690,519,936,429,1216,351,767,149,168,257,376,204,593,0,0,41,52,226,307,260,479,219,623,164,309,58,77,85,133,71,239,4829,3388,296,97,2574,1,0,8,5
2021-03-10T23:59:59+01:00,0,0,104,175,444,666,500,917,412,1177,334,728,133,152,240,345,198,559,0,0,40,52,224,302,256,473,216,617,164,307,55,75,81,130,68,229,4648,3343,285,85,2431,1,0,8,5
2021-03-09T23:59:59+01:00,0,0,104,170,430,636,469,887,397,1133,322,696,127,144,229,326,192,547,0,0,40,52,223,299,253,465,214,613,160,303,54,73,79,127,62,220,4564,3301,266,75,2246,1,0,8,4
2021-03-08T23:59:59+01:00,0,0,101,162,414,618,451,870,387,1081,313,658,123,135,214,306,186,535,0,0,40,52,223,295,250,460,209,609,154,299,52,72,74,124,61,219,4482,3273,250,58,2084,1,0,8,3
2021-03-07T23:59:59+01:00,0,0,98,158,409,606,441,853,376,1066,310,652,121,135,207,292,184,533,0,0,40,51,222,294,250,458,207,608,154,299,52,72,72,121,60,218,4434,3262,239,54,2025,0,0,8,3
2021-03-06T23:59:59+01:00,0,0,96,151,407,597,433,829,366,1015,299,620,119,134,201,284,181,528,0,0,40,51,222,294,249,457,207,607,154,299,52,72,70,121,59,213,4395,3257,239,48,1878,0,0,8,3
2021-03-05T23:59:59+01:00,0,0,94,146,402,584,429,821,364,997,289,597,113,124,190,264,172,515,0,0,40,51,221,292,248,456,206,604,153,297,52,72,68,120,58,205,4312,3241,230,39,1803,0,0,8,3
2021-03-04T23:59:59+01:00,0,0,91,130,391,548,411,787,347,953,277,567,104,122,171,237,165,488,0,0,40,51,219,285,246,450,204,591,150,296,51,72,68,120,58,204,4203,3201,213,38,1613,0,0,8,3
2021-03-03T23:59:59+01:00,0,0,84,119,381,532,403,769,342,932,268,549,102,119,160,230,159,454,0,0,40,50,219,285,245,448,200,583,150,290,51,72,67,118,58,204,4133,3176,207,35,1496,0,0,8,3
2021-03-02T23:59:59+01:00,0,0,81,116,370,517,386,751,335,913,261,527,99,114,150,220,149,425,0,0,39,50,219,285,245,442,195,576,147,286,51,72,67,116,58,203,4042,3146,201,34,1398,0,0,8,3
2021-03-01T23:59:59+01:00,0,0,80,114,364,503,379,729,324,888,255,499,97,113,143,209,131,390,0,0,39,49,217,284,243,433,193,568,147,283,51,72,66,115,57,203,3955,3113,195,34,1290,0,0,8,3
2021-02-28T23:59:59+01:00,0,0,80,112,357,493,375,721,322,864,250,481,92,105,140,205,127,386,0,0,39,49,216,284,242,432,192,568,147,283,51,72,65,115,57,203,3931,3110,192,33,1206,0,0,8,2
2021-02-27T23:59:59+01:00,0,0,77,103,351,487,369,714,316,853,247,472,90,103,139,200,120,375,0,0,39,49,216,283,241,431,191,567,145,282,51,72,65,115,57,203,3897,3108,186,27,1148,0,0,8,2
2021-02-26T23:59:59+01:00,0,0,74,98,343,462,343,680,295,822,236,451,87,99,131,189,116,355,0,0,38,48,215,282,241,429,190,564,141,280,51,72,65,114,57,201,3839,3089,184,27,965,0,0,8,1
2021-02-25T23:59:59+01:00,0,0,66,87,329,440,331,652,287,795,223,428,82,99,123,182,112,343,0,0,38,48,213,278,236,426,187,556,136,279,51,70,63,112,56,201,3785,3059,176,19,814,0,0,8,0
2021-02-24T23:59:59+01:00,0,0,62,80,322,426,323,637,282,778,220,420,81,99,118,177,105,330,0,0,35,48,210,275,233,413,185,548,134,274,49,69,59,112,56,201,3743,3014,171,13,739,0,0,8,0
2021-02-23T23:59:59+01:00,0,0,59,71,309,408,313,619,276,760,213,412,77,97,113,172,102,308,0,0,33,48,209,273,230,406,184,542,129,271,48,69,59,108,56,199,3690,2980,166,9,640,0,0,8,0
2021-02-22T23:59:59+01:00,0,0,57,69,303,396,308,610,274,751,211,407,75,94,105,164,100,296,0,0,33,46,206,271,228,391,177,532,126,268,47,69,58,108,56,199,3644,2933,158,4,599,0,0,7,0
2021-02-21T23:59:59+01:00,0,0,56,68,296,389,305,600,269,742,206,403,74,92,104,162,98,294,0,0,33,45,204,269,227,388,176,523,125,267,47,69,58,108,56,197,3634,2908,155,4,547,0,0,6,0
2021-02-20T23:59:59+01:00,0,0,55,68,294,388,304,597,268,735,206,398,72,92,101,158,86,279,0,0,33,43,204,269,227,388,175,523,123,266,47,69,57,108,56,195,3597,2899,154,4,525,0,0,6,0
2021-02-19T23:59:59+01:00,0,0,54,68,291,382,297,574,257,709,204,386,68,89,97,150,81,271,0,0,33,42,204,269,226,387,175,522,123,266,47,69,56,107,54,193,3561,2889,153,4,435,0,0,5,0
2021-02-18T23:59:59+01:00,0,0,51,66,273,358,289,551,249,688,189,361,67,85,95,145,79,262,0,0,32,41,199,260,223,380,171,507,123,256,47,67,56,105,51,188,3531,2821,144,4,300,0,0,5,0
2021-02-17T23:59:59+01:00,0,0,51,64,266,352,287,535,241,675,186,341,65,82,91,142,76,250,0,0,30,40,195,254,216,366,167,490,120,245,43,65,56,103,50,185,3478,2736,142,3,245,0,0,5,0
2021-02-16T23:59:59+01:00,0,0,50,59,252,338,283,524,235,659,181,333,63,81,88,140,70,242,0,0,27,40,186,244,208,346,161,478,116,233,43,60,46,88,41,175,3439,2602,139,3,179,0,0,5,0
2021-02-15T23:59:59+01:00,0,0,50,58,248,335,276,512,232,654,177,327,61,81,83,136,69,241,0,0,26,39,177,236,203,338,155,467,112,226,40,57,46,82,37,166,3411,2516,138,3,147,0,0,5,0
2021-02-14T23:59:59+01:00,0,0,47,57,245,331,273,505,229,648,177,322,60,78,80,135,68,238,0,0,24,39,175,231,200,333,154,454,111,223,40,57,45,80,36,159,3398,2469,126,3,123,0,0,5,0
2021-02-13T23:59:59+01:00,0,0,46,57,245,331,271,505,229,647,177,322,60,78,79,135,68,237,0,0,24,39,173,230,197,333,153,452,110,220,39,57,44,79,33,155,3394,2447,126,1,121,0,0,5,0
2021-02-12T23:59:59+01:00,0,0,45,55,243,327,268,496,225,636,174,319,60,77,77,135,68,236,0,0,24,39,172,226,196,332,152,450,108,219,37,56,44,75,29,147,3385,2415,126,1,82,0,0,5,0
2021-02-11T23:59:59+01:00,0,0,44,54,234,304,261,479,218,612,162,309,58,76,76,133,68,230,0,0,24,36,157,204,189,302,143,404,103,200,33,55,39,65,27,133,3347,2213,102,1,18,0,0,5,0
2021-02-10T23:59:59+01:00,0,0,44,53,231,296,259,472,213,604,160,304,55,76,75,133,67,228,0,0,22,33,144,180,174,263,124,355,96,178,29,52,38,62,24,121,3314,1982,92,1,8,0,0,5,0
2021-02-09T23:59:59+01:00,0,0,42,52,230,293,257,462,208,596,156,300,55,76,75,131,67,228,0,0,22,31,126,154,159,240,111,312,91,153,24,47,37,49,21,109,3290,1762,77,1,4,0,0,5,0
2021-02-08T23:59:59+01:00,0,0,42,52,227,291,251,447,204,584,152,295,52,76,74,130,67,228,0,0,20,30,109,130,137,200,91,274,86,143,17,45,30,40,20,96,3247,1537,61,1,4,0,0,4,0
2021-02-07T23:59:59+01:00,0,0,42,51,224,290,249,446,203,581,151,295,52,76,73,129,67,228,0,0,19,24,104,120,127,188,86,254,82,133,16,43,28,33,19,88,3239,1430,57,1,0,0,0,3,0
2021-02-06T23:59:59+01:00,0,0,42,51,224,290,249,445,203,581,150,294,51,76,72,129,66,223,0,0,15,20,103,119,126,184,84,247,82,131,15,42,28,30,16,88,3235,1392,50,1,0,0,0,3,0
2021-02-05T23:59:59+01:00,0,0,41,50,223,290,249,444,202,579,148,293,51,76,72,128,65,213,0,0,13,16,94,111,122,179,83,243,81,123,14,42,28,26,14,85,3220,1332,41,0,0,0,0,3,0
2021-02-04T23:59:59+01:00,0,0,41,50,220,286,244,440,197,573,146,290,51,74,71,126,65,212,0,0,12,11,65,79,99,133,71,207,64,103,14,37,25,22,11,74,3181,1071,41,0,0,0,0,3,0
2021-02-03T23:59:59+01:00,0,0,40,49,219,283,243,428,195,566,145,287,51,73,70,124,65,212,0,0,9,6,49,60,75,110,54,159,55,74,11,17,19,15,6,58,3149,810,38,0,0,0,0,2,0
2021-02-02T23:59:59+01:00,0,0,39,49,218,280,239,422,194,560,141,286,50,73,68,121,63,209,0,0,7,4,33,42,59,80,42,102,45,52,9,14,13,9,2,41,3110,576,37,0,0,0,0,2,0
2021-02-01T23:59:59+01:00,0,0,38,47,216,280,234,415,190,555,138,279,50,72,65,120,63,209,0,0,5,2,26,23,33,47,28,63,28,28,7,9,9,5,2,23,3068,350,37,0,0,0,0,1,0
2021-01-31T23:59:59+01:00,0,0,38,47,215,279,232,409,188,547,137,279,50,72,64,119,63,207,0,0,5,2,24,18,24,37,22,51,21,24,7,6,8,5,2,19,3043,285,35,0,0,0,0,1,0
2021-01-30T23:59:59+01:00,0,0,38,47,215,279,232,408,187,547,137,279,50,72,63,119,63,204,0,0,5,2,23,17,22,37,20,47,20,23,7,5,8,4,2,18,3038,269,34,0,0,0,0,1,0
2021-01-29T23:59:59+01:00,0,0,37,47,215,277,231,407,186,546,135,277,50,72,62,118,61,203,0,0,5,1,17,11,16,30,17,41,16,21,6,4,7,4,2,17,3026,222,30,0,0,0,0,0,0
2021-01-28T23:59:59+01:00,0,0,37,46,205,274,230,402,184,537,133,273,50,72,61,117,59,202,0,0,5,1,6,3,9,17,10,23,9,9,3,2,5,1,0,16,2992,122,22,0,0,0,0,0,0
2021-01-27T23:59:59+01:00,0,0,36,45,201,267,226,392,182,524,130,264,47,70,61,115,58,200,0,0,2,1,4,3,8,15,9,19,8,9,3,2,4,1,0,13,2926,103,18,0,0,0,0,0,0
2021-01-26T23:59:59+01:00,0,0,32,45,198,254,220,379,178,506,126,257,46,65,55,107,50,191,0,0,2,1,3,3,8,15,9,19,8,9,3,2,4,1,0,10,2820,99,14,0,0,0,0,0,0
2021-01-25T23:59:59+01:00,0,0,32,44,189,250,217,368,175,497,123,247,44,63,54,104,44,188,0,0,2,1,2,3,6,13,8,16,8,9,3,2,3,0,0,8,2756,86,5,0,0,0,0,0,0
2021-01-24T23:59:59+01:00,0,0,31,43,187,247,215,367,174,495,123,246,44,63,52,100,43,187,0,0,2,1,1,3,5,13,8,16,8,9,3,2,3,0,0,8,2735,84,3,0,0,0,0,0,0
2021-01-23T23:59:59+01:00,0,0,31,43,186,247,213,367,174,494,123,246,44,63,52,99,42,185,0,0,2,1,1,3,5,12,8,15,7,9,3,2,3,0,0,8,2726,81,3,0,0,0,0,0,0
2021-01-22T23:59:59+01:00,0,0,30,42,185,243,212,367,174,492,122,246,44,63,52,99,39,179,0,0,2,0,1,3,4,12,8,15,7,9,3,2,3,0,0,8,2706,79,3,0,0,0,0,0,0
2021-01-21T23:59:59+01:00,0,0,26,40,176,230,206,351,170,471,120,233,43,63,49,91,38,176,0,0,2,0,1,3,1,7,7,10,5,5,3,2,2,0,0,7,2593,57,3,0,0,0,0,0,0
2021-01-20T23:59:59+01:00,0,0,25,38,158,204,189,308,142,415,110,212,38,59,47,86,33,159,0,0,2,0,1,3,1,7,7,9,5,4,3,2,2,0,0,7,2322,55,2,0,0,0,0,0,0
2021-01-19T23:59:59+01:00,0,0,25,35,132,176,173,274,133,371,106,191,28,53,38,71,30,145,0,0,1,0,1,3,1,5,4,7,3,3,2,0,2,0,0,4,2068,37,2,0,0,0,0,0,0
2021-01-18T23:59:59+01:00,0,0,21,34,119,155,151,233,116,322,99,167,25,50,34,58,27,125,0,0,1,0,1,1,0,2,3,5,2,3,1,0,1,0,0,4,1816,25,2,0,0,0,0,0,0
2021-01-17T23:59:59+01:00,0,0,19,25,114,141,143,219,107,295,95,156,24,45,33,52,26,112,0,0,1,0,0,0,0,1,1,4,2,2,1,0,1,0,0,1,1678,14,2,0,0,0,0,0,0
2021-01-16T23:59:59+01:00,0,0,16,22,111,139,141,214,104,285,94,149,21,44,32,46,20,109,0,0,0,0,0,0,0,0,0,0,0,0,0,0,0,0,0,0,1617,0,0,0,0,0,0,0,0
2021-01-15T23:59:59+01:00,0,0,13,18,105,130,136,208,101,276,94,139,20,44,32,41,19,106,0,0,0,0,0,0,0,0,0,0,0,0,0,0,0,0,0,0,1547,0,0,0,0,0,0,0,0
2021-01-14T23:59:59+01:00,0,0,11,13,81,98,117,170,85,234,81,123,16,39,29,33,17,91,0,0,0,0,0,0,0,0,0,0,0,0,0,0,0,0,0,0,1289,0,0,0,0,0,0,0,0
2021-01-13T23:59:59+01:00,0,0,9,12,67,87,102,141,78,191,76,98,16,25,23,24,15,71,0,0,0,0,0,0,0,0,0,0,0,0,0,0,0,0,0,0,1078,0,0,0,0,0,0,0,0
2021-01-12T23:59:59+01:00,0,0,7,8,54,68,84,110,70,136,64,76,12,19,18,20,7,55,0,0,0,0,0,0,0,0,0,0,0,0,0,0,0,0,0,0,844,0,0,0,0,0,0,0,0
2021-01-11T23:59:59+01:00,0,0,5,6,47,52,70,84,55,108,49,55,11,14,9,11,4,29,0,0,0,0,0,0,0,0,0,0,0,0,0,0,0,0,0,0,634,0,0,0,0,0,0,0,0
2021-01-10T23:59:59+01:00,0,0,5,6,43,41,52,68,41,86,40,47,10,9,8,10,4,23,0,0,0,0,0,0,0,0,0,0,0,0,0,0,0,0,0,0,509,0,0,0,0,0,0,0,0
2021-01-09T23:59:59+01:00,0,0,5,5,39,40,47,65,38,78,37,43,10,9,8,8,4,22,0,0,0,0,0,0,0,0,0,0,0,0,0,0,0,0,0,0,472,0,0,0,0,0,0,0,0
2021-01-08T23:59:59+01:00,0,0,5,5,31,31,40,57,29,65,31,38,7,6,6,7,3,20,0,0,0,0,0,0,0,0,0,0,0,0,0,0,0,0,0,0,392,0,0,0,0,0,0,0,0
2021-01-07T23:59:59+01:00,0,0,5,2,13,3,12,19,12,29,8,18,6,3,5,2,1,18,0,0,0,0,0,0,0,0,0,0,0,0,0,0,0,0,0,0,159,0,0,0,0,0,0,0,0
2021-01-06T23:59:59+01:00,0,0,5,1,6,3,7,16,9,23,7,10,4,3,4,2,1,16,0,0,0,0,0,0,0,0,0,0,0,0,0,0,0,0,0,0,120,0,0,0,0,0,0,0,0
2021-01-05T23:59:59+01:00,0,0,3,1,3,3,7,15,9,21,7,9,4,2,4,2,0,15,0,0,0,0,0,0,0,0,0,0,0,0,0,0,0,0,0,0,108,0,0,0,0,0,0,0,0
2021-01-04T23:59:59+01:00,0,0,2,1,3,3,7,14,8,17,7,9,3,2,3,1,0,10,0,0,0,0,0,0,0,0,0,0,0,0,0,0,0,0,0,0,92,0,0,0,0,0,0,0,0
2021-01-03T23:59:59+01:00,0,0,2,1,1,3,6,14,8,17,7,9,3,2,3,1,0,10,0,0,0,0,0,0,0,0,0,0,0,0,0,0,0,0,0,0,89,0,0,0,0,0,0,0,0
2021-01-02T23:59:59+01:00,0,0,2,1,1,3,6,14,7,17,6,9,3,2,3,1,0,10,0,0,0,0,0,0,0,0,0,0,0,0,0,0,0,0,0,0,87,0,0,0,0,0,0,0,0
2021-01-01T23:59:59+01:00,0,0,2,0,1,3,5,14,7,17,6,9,3,2,3,1,0,10,0,0,0,0,0,0,0,0,0,0,0,0,0,0,0,0,0,0,85,0,0,0,0,0,0,0,0
2020-12-31T23:59:59+01:00,0,0,2,0,1,3,5,13,7,17,6,9,3,2,3,1,0,10,0,0,0,0,0,0,0,0,0,0,0,0,0,0,0,0,0,0,84,0,0,0,0,0,0,0,0
2020-12-30T23:59:59+01:00,0,0,2,0,1,3,5,13,7,16,6,9,3,2,3,1,0,10,0,0,0,0,0,0,0,0,0,0,0,0,0,0,0,0,0,0,83,0,0,0,0,0,0,0,0
2020-12-29T23:59:59+01:00,0,0,1,0,1,3,4,8,4,13,4,7,2,1,3,0,0,8,0,0,0,0,0,0,0,0,0,0,0,0,0,0,0,0,0,0,60,0,0,0,0,0,0,0,0
2020-12-28T23:59:59+01:00,0,0,1,0,1,1,1,1,2,6,3,4,2,0,2,0,0,4,0,0,0,0,0,0,0,0,0,0,0,0,0,0,0,0,0,0,29,0,0,0,0,0,0,0,0
2020-12-27T23:59:59+01:00,0,0,1,0,0,0,0,1,1,6,1,2,1,0,1,0,0,2,0,0,0,0,0,0,0,0,0,0,0,0,0,0,0,0,0,0,16,0,0,0,0,0,0,0,0
