Datum,<15_m,<15_w,15-24_1_m,15-24_1_w,25-34_1_m,25-34_1_w,35-44_1_m,35-44_1_w,45-54_1_m,45-54_1_w,55-64_1_m,55-64_1_w,65-74_1_m,65-74_1_w,75-84_1_m,75-84_1_w,>84_1_m,>84_1_w,<24_2_m,<24_2_w,25-34_2_m,25-34_2_w,35-44_2_m,35-44_2_w,45-54_2_m,45-54_2_w,55-64_2_m,55-64_2_w,65-74_2_m,65-74_2_w,75-84_2_m,75-84_2_w,>84_2_m,>84_2_w,bp_1,bp_2,mo_1,mo_2,az_1,az_2,ja,unb_1,unb_2
2021-10-05T23:59:59+02:00,181,179,3804,3281,9523,6778,9103,6249,7904,8327,5282,5876,1807,2252,1143,1595,308,907,3236,2800,8456,6047,8278,5652,7280,7622,4885,5464,1681,2113,1067,1505,273,836,47705,42174,7460,6783,9064,7794,11704,37,36
2021-10-04T23:59:59+02:00,181,178,3790,3274,9503,6767,9073,6237,7890,8318,5277,5868,1805,2252,1142,1591,308,905,3226,2793,8433,6032,8247,5640,7262,7599,4878,5452,1680,2111,1067,1504,272,836,47615,42059,7454,6779,9064,7794,11660,37,36
2021-10-03T23:59:59+02:00,181,178,3771,3265,9484,6754,9060,6228,7877,8307,5275,5861,1803,2250,1141,1590,308,905,3210,2788,8409,6022,8236,5631,7255,7588,4873,5447,1678,2109,1067,1503,272,836,47538,41996,7450,6777,9064,7791,11620,37,36
2021-10-02T23:59:59+02:00,181,178,3768,3264,9482,6753,9057,6227,7874,8307,5273,5859,1802,2249,1141,1590,308,905,3207,2788,8406,6022,8234,5631,7252,7587,4872,5443,1677,2108,1067,1503,272,836,47528,41987,7448,6777,9064,7789,11612,37,36
2021-10-01T23:59:59+02:00,180,177,3757,3260,9461,6747,9046,6220,7862,8298,5270,5850,1799,2247,1141,1590,308,905,3194,2778,8387,6013,8219,5623,7245,7577,4867,5436,1675,2108,1066,1503,272,836,47467,41919,7445,6774,9064,7785,11576,37,36
2021-09-30T23:59:59+02:00,179,176,3728,3243,9415,6730,9015,6198,7840,8275,5254,5836,1796,2244,1140,1590,308,904,3173,2757,8345,5988,8190,5605,7233,7548,4854,5422,1674,2103,1066,1503,272,835,47314,41796,7439,6753,9064,7782,11488,37,36
2021-09-29T23:59:59+02:00,177,174,3710,3233,9371,6717,8998,6175,7828,8248,5245,5830,1794,2241,1139,1588,308,903,3156,2748,8313,5982,8174,5584,7222,7527,4844,5410,1674,2101,1066,1503,272,835,47188,41710,7434,6746,9064,7778,11427,37,36
2021-09-28T23:59:59+02:00,175,174,3695,3220,9333,6698,8967,6164,7804,8218,5236,5814,1793,2234,1139,1588,308,901,3138,2736,8287,5959,8152,5574,7198,7501,4835,5398,1674,2096,1066,1502,272,834,47060,41610,7431,6741,9064,7777,11340,37,36
2021-09-27T23:59:59+02:00,173,174,3678,3207,9303,6671,8945,6137,7787,8189,5223,5802,1791,2223,1138,1588,308,900,3117,2728,8250,5932,8126,5547,7176,7473,4823,5389,1671,2088,1066,1501,272,833,46941,41481,7421,6738,9064,7773,11245,37,36
2021-09-26T23:59:59+02:00,171,174,3667,3198,9284,6662,8934,6129,7775,8177,5219,5797,1787,2222,1137,1587,308,900,3107,2723,8229,5928,8116,5536,7162,7466,4815,5379,1668,2088,1066,1500,272,832,46879,41424,7417,6735,9063,7769,11203,37,36
2021-09-25T23:59:59+02:00,170,173,3661,3197,9275,6658,8930,6126,7770,8176,5217,5797,1787,2221,1137,1586,308,900,3101,2721,8222,5924,8112,5534,7159,7462,4814,5377,1667,2087,1065,1497,272,832,46862,41407,7415,6732,9063,7767,11183,37,36
2021-09-24T23:59:59+02:00,169,172,3643,3192,9244,6645,8915,6115,7749,8156,5210,5785,1786,2219,1137,1585,308,900,3088,2711,8196,5910,8101,5522,7138,7447,4807,5368,1667,2083,1065,1497,272,832,46782,41347,7414,6726,9063,7767,11105,37,36
2021-09-23T23:59:59+02:00,167,171,3611,3178,9185,6614,8865,6069,7708,8108,5191,5765,1781,2213,1135,1581,308,900,3067,2698,8145,5884,8055,5486,7096,7401,4788,5350,1659,2079,1064,1495,272,832,46629,41244,7405,6718,9063,7763,10886,37,36
2021-09-22T23:59:59+02:00,164,171,3590,3170,9160,6593,8839,6051,7675,8094,5175,5755,1779,2210,1134,1581,308,900,3045,2692,8121,5863,8031,5471,7068,7381,4773,5344,1657,2072,1062,1495,272,831,46508,41128,7400,6715,9061,7757,10812,37,36
2021-09-21T23:59:59+02:00,163,168,3572,3155,9133,6571,8793,6030,7643,8069,5163,5746,1778,2210,1134,1581,308,900,3022,2679,8085,5838,7987,5455,7032,7349,4758,5325,1655,2071,1061,1494,272,831,46389,40976,7393,6708,9061,7757,10706,37,36
2021-09-20T23:59:59+02:00,162,168,3545,3144,9094,6558,8761,6011,7610,8038,5156,5731,1774,2208,1134,1581,307,898,3001,2654,8042,5821,7949,5432,6998,7322,4750,5305,1652,2069,1060,1493,271,831,46269,40837,7392,6703,9061,7752,10588,37,36
2021-09-19T23:59:59+02:00,161,167,3529,3137,9066,6551,8748,6004,7604,8028,5148,5724,1773,2206,1133,1579,307,897,2994,2647,8015,5811,7930,5425,6984,7307,4742,5297,1652,2065,1059,1492,271,830,46212,40773,7387,6697,9061,7747,10532,37,36
2021-09-18T23:59:59+02:00,161,167,3525,3137,9060,6549,8744,6002,7601,8026,5146,5723,1773,2206,1133,1579,307,897,2986,2646,8006,5809,7919,5423,6978,7305,4738,5293,1652,2065,1059,1491,271,830,46202,40736,7386,6696,9060,7747,10518,37,36
2021-09-17T23:59:59+02:00,161,166,3507,3128,9023,6533,8717,5989,7582,8015,5137,5714,1772,2201,1131,1579,307,897,2972,2639,7965,5794,7892,5412,6956,7295,4731,5284,1652,2063,1058,1491,271,830,46113,40660,7378,6686,9058,7744,10440,37,36
2021-09-16T23:59:59+02:00,161,166,3483,3110,8967,6509,8675,5962,7546,7982,5118,5704,1771,2197,1131,1579,307,896,2961,2626,7926,5769,7859,5389,6935,7270,4718,5279,1650,2062,1058,1491,270,829,45929,40546,7354,6678,9057,7737,10353,37,36
2021-09-15T23:59:59+02:00,159,166,3461,3100,8934,6492,8648,5938,7520,7964,5112,5687,1768,2194,1128,1579,306,895,2943,2622,7900,5757,7832,5362,6902,7251,4703,5263,1648,2059,1058,1488,268,826,45795,40416,7350,6671,9057,7736,10277,37,36
2021-09-14T23:59:59+02:00,159,165,3442,3082,8890,6474,8604,5912,7493,7933,5101,5670,1766,2191,1127,1579,305,895,2922,2607,7857,5733,7792,5344,6877,7226,4688,5247,1647,2059,1057,1485,268,825,45647,40286,7342,6662,9057,7733,10169,37,36
2021-09-13T23:59:59+02:00,158,164,3430,3068,8850,6455,8574,5892,7476,7903,5089,5654,1764,2187,1127,1579,305,894,2908,2598,7825,5717,7776,5333,6868,7204,4680,5242,1646,2056,1057,1484,268,825,45496,40191,7323,6657,9057,7731,10120,37,36
2021-09-12T23:59:59+02:00,158,163,3415,3066,8827,6446,8564,5883,7466,7887,5083,5647,1763,2186,1126,1576,305,893,2896,2590,7801,5702,7767,5323,6853,7188,4677,5235,1642,2055,1057,1484,268,824,45421,40115,7322,6652,9057,7724,10080,37,36
2021-09-11T23:59:59+02:00,158,163,3413,3064,8819,6442,8560,5881,7465,7886,5081,5645,1762,2185,1125,1576,305,893,2894,2589,7793,5699,7763,5320,6852,7184,4677,5233,1642,2055,1057,1484,268,824,45405,40100,7320,6651,9056,7724,10066,37,36
2021-09-10T23:59:59+02:00,157,159,3386,3058,8793,6423,8543,5868,7441,7867,5071,5625,1759,2182,1124,1576,305,893,2880,2585,7768,5676,7746,5307,6829,7166,4663,5215,1641,2054,1057,1483,268,824,45327,40043,7317,6647,9056,7723,9953,37,36
2021-09-09T23:59:59+02:00,155,156,3369,3042,8748,6395,8508,5844,7420,7829,5055,5614,1756,2180,1124,1576,305,893,2866,2574,7734,5649,7721,5287,6807,7137,4650,5200,1640,2050,1057,1483,268,824,45164,39934,7309,6636,9056,7715,9862,37,35
2021-09-08T23:59:59+02:00,154,154,3350,3030,8715,6385,8483,5815,7402,7800,5041,5598,1753,2178,1123,1575,305,892,2849,2563,7692,5633,7686,5263,6780,7101,4638,5178,1639,2049,1056,1483,267,824,45066,39808,7302,6627,9055,7711,9751,37,35
2021-09-07T23:59:59+02:00,153,153,3329,3026,8697,6359,8454,5795,7381,7782,5026,5587,1753,2176,1122,1574,305,889,2832,2553,7664,5609,7661,5240,6762,7076,4625,5166,1636,2045,1055,1482,267,824,44940,39680,7299,6617,9055,7707,9686,37,35
2021-09-06T23:59:59+02:00,153,153,3309,3017,8667,6340,8431,5784,7364,7759,5018,5574,1749,2168,1120,1574,304,889,2813,2542,7638,5595,7637,5230,6746,7050,4618,5152,1630,2043,1055,1482,267,824,44818,39573,7297,6614,9054,7706,9622,37,35
2021-09-05T23:59:59+02:00,153,153,3295,3013,8659,6332,8420,5775,7362,7749,5011,5564,1746,2167,1120,1574,304,888,2802,2540,7623,5583,7626,5216,6739,7044,4608,5146,1627,2042,1055,1481,267,824,44770,39520,7295,6605,9053,7705,9585,37,35
2021-09-04T23:59:59+02:00,153,152,3291,3012,8657,6326,8413,5775,7359,7748,5011,5563,1745,2167,1120,1574,304,888,2799,2537,7619,5575,7619,5216,6734,7042,4607,5145,1624,2041,1054,1481,267,824,44757,39500,7295,6602,9053,7703,9571,37,35
2021-09-03T23:59:59+02:00,151,151,3277,2994,8624,6318,8394,5758,7341,7733,4999,5548,1743,2165,1120,1572,304,886,2781,2522,7590,5561,7598,5198,6715,7020,4594,5125,1621,2040,1054,1479,267,822,44677,39414,7286,6579,9053,7702,9479,37,35
2021-09-02T23:59:59+02:00,151,149,3256,2977,8575,6294,8353,5740,7320,7708,4987,5530,1738,2160,1118,1571,303,885,2764,2509,7542,5541,7564,5181,6690,6994,4585,5104,1617,2035,1052,1477,267,819,44551,39306,7277,6569,9051,7699,9351,37,35
2021-09-01T23:59:59+02:00,149,149,3239,2967,8536,6280,8326,5727,7300,7692,4977,5523,1737,2157,1117,1568,303,885,2748,2501,7496,5519,7531,5164,6662,6972,4574,5091,1614,2033,1051,1474,267,819,44444,39163,7264,6548,9051,7697,9286,37,35
2021-08-31T23:59:59+02:00,147,149,3223,2959,8493,6259,8305,5716,7283,7671,4971,5514,1734,2155,1116,1567,302,884,2733,2490,7452,5499,7509,5146,6639,6944,4562,5072,1610,2031,1050,1474,266,819,44348,39048,7259,6539,9051,7684,9200,37,35
2021-08-30T23:59:59+02:00,146,149,3198,2941,8454,6233,8261,5693,7247,7642,4959,5500,1730,2153,1115,1567,302,884,2703,2476,7407,5476,7472,5127,6607,6924,4552,5055,1606,2029,1049,1474,266,818,44195,38922,7258,6529,9050,7683,9080,37,35
2021-08-29T23:59:59+02:00,145,149,3186,2926,8430,6226,8242,5684,7239,7632,4951,5491,1729,2150,1115,1567,301,884,2680,2456,7374,5468,7453,5110,6594,6910,4541,5050,1604,2028,1048,1473,265,818,44128,38821,7253,6518,9050,7678,9022,37,35
2021-08-28T23:59:59+02:00,144,149,3182,2925,8427,6223,8237,5683,7232,7630,4951,5490,1729,2149,1115,1566,301,884,2675,2452,7369,5463,7447,5108,6589,6906,4538,5049,1604,2028,1048,1472,265,818,44116,38797,7253,6518,9050,7678,9004,37,35
2021-08-27T23:59:59+02:00,142,149,3172,2922,8409,6213,8215,5675,7213,7620,4939,5482,1729,2149,1115,1565,301,884,2662,2448,7351,5455,7426,5095,6574,6898,4528,5041,1604,2028,1047,1470,265,818,44054,38736,7252,6517,9050,7677,8942,37,35
2021-08-26T23:59:59+02:00,142,148,3148,2910,8372,6192,8182,5663,7190,7598,4925,5471,1727,2146,1115,1564,301,883,2639,2427,7313,5427,7378,5067,6539,6871,4503,5026,1599,2022,1047,1469,265,818,43925,38552,7246,6498,9050,7657,8854,37,35
2021-08-25T23:59:59+02:00,138,146,3127,2901,8335,6175,8148,5649,7165,7574,4913,5449,1725,2143,1115,1562,301,883,2604,2409,7261,5388,7329,5032,6502,6832,4486,4999,1598,2017,1046,1468,265,818,43816,38319,7242,6490,9050,7650,8739,37,35
2021-08-24T23:59:59+02:00,138,145,3122,2892,8316,6160,8130,5631,7149,7552,4903,5438,1722,2142,1114,1560,301,881,2584,2390,7229,5359,7297,5009,6476,6805,4470,4981,1598,2015,1045,1468,265,817,43743,38159,7238,6481,9050,7646,8663,37,35
2021-08-23T23:59:59+02:00,137,138,3097,2874,8270,6138,8088,5611,7120,7523,4889,5425,1722,2141,1112,1559,301,880,2557,2371,7183,5322,7257,4992,6441,6773,4455,4965,1594,2015,1045,1467,264,817,43608,38005,7228,6469,9047,7640,8537,37,35
2021-08-22T23:59:59+02:00,136,138,3086,2865,8254,6121,8073,5604,7101,7512,4883,5419,1721,2140,1111,1559,301,880,2543,2356,7152,5300,7233,4979,6422,6754,4451,4956,1591,2010,1044,1467,263,816,43536,37878,7221,6458,9047,7637,8493,37,35
2021-08-21T23:59:59+02:00,135,138,3077,2862,8244,6113,8062,5602,7096,7507,4881,5413,1720,2140,1111,1558,301,880,2534,2348,7135,5287,7213,4969,6410,6747,4443,4949,1590,2008,1043,1467,263,816,43491,37803,7218,6431,9047,7635,8476,37,35
2021-08-20T23:59:59+02:00,134,137,3067,2854,8219,6099,8033,5583,7077,7487,4869,5401,1718,2138,1111,1557,301,878,2505,2336,7091,5255,7179,4940,6375,6711,4427,4929,1584,2004,1042,1464,263,814,43425,37639,7209,6395,9046,7626,8373,37,35
2021-08-19T23:59:59+02:00,133,135,3048,2842,8177,6075,7994,5564,7057,7460,4856,5385,1712,2135,1110,1555,301,877,2461,2318,7011,5205,7120,4904,6328,6653,4397,4898,1580,2000,1042,1463,263,814,43300,37316,7197,6365,9044,7615,8260,37,35
2021-08-18T23:59:59+02:00,132,133,3035,2835,8154,6058,7964,5551,7025,7442,4844,5376,1707,2133,1110,1555,300,876,2435,2301,6948,5172,7065,4871,6286,6622,4374,4875,1575,1996,1040,1462,263,813,43192,37088,7192,6313,9044,7607,8185,37,35
2021-08-17T23:59:59+02:00,132,133,3018,2825,8131,6033,7936,5538,7012,7421,4833,5365,1704,2131,1109,1554,299,876,2408,2283,6891,5126,7022,4838,6259,6582,4356,4856,1567,1991,1039,1458,262,813,43075,36826,7186,6279,9043,7601,8127,37,35
2021-08-16T23:59:59+02:00,130,132,3007,2815,8110,6017,7916,5532,7000,7406,4820,5352,1703,2130,1108,1554,299,876,2378,2256,6819,5086,6954,4803,6212,6540,4325,4829,1565,1989,1036,1457,262,813,42987,36465,7181,6265,9043,7589,8076,37,35
2021-08-15T23:59:59+02:00,130,131,2999,2803,8084,6007,7900,5521,6982,7393,4815,5344,1701,2127,1108,1553,299,876,2348,2220,6761,5056,6917,4777,6173,6512,4313,4817,1561,1983,1035,1455,262,813,42900,36195,7175,6244,9042,7585,8036,37,35
2021-08-14T23:59:59+02:00,129,131,2993,2797,8073,6003,7891,5520,6981,7391,4811,5342,1699,2126,1108,1552,299,876,2339,2212,6736,5044,6904,4767,6165,6499,4294,4808,1558,1980,1035,1453,262,812,42880,36101,7174,6232,9042,7584,8006,37,35
2021-08-13T23:59:59+02:00,128,130,2979,2794,8052,5994,7882,5508,6967,7381,4803,5335,1699,2122,1107,1551,299,876,2303,2190,6689,5015,6866,4740,6125,6472,4283,4794,1557,1976,1034,1453,262,812,42818,35868,7173,6218,9042,7583,7953,37,35
2021-08-12T23:59:59+02:00,126,125,2961,2786,8021,5973,7852,5490,6945,7358,4790,5321,1697,2120,1104,1550,299,876,2267,2157,6602,4968,6814,4703,6079,6423,4257,4764,1554,1973,1031,1452,262,812,42717,35562,7167,6191,9041,7562,7846,36,35
2021-08-11T23:59:59+02:00,124,122,2946,2771,7981,5948,7832,5480,6924,7337,4779,5307,1695,2118,1104,1549,298,876,2241,2127,6521,4913,6739,4663,6022,6361,4236,4725,1549,1965,1031,1450,262,810,42595,35151,7156,6160,9036,7555,7781,36,35
2021-08-10T23:59:59+02:00,124,121,2928,2761,7950,5935,7806,5461,6896,7321,4761,5299,1692,2118,1104,1547,298,875,2170,2074,6409,4856,6653,4595,5933,6295,4189,4701,1540,1957,1029,1448,262,809,42490,34563,7146,6137,9034,7541,7703,36,35
2021-08-09T23:59:59+02:00,121,121,2910,2754,7920,5914,7784,5451,6872,7302,4752,5288,1691,2117,1104,1547,298,874,2109,2017,6310,4785,6558,4553,5863,6240,4161,4668,1534,1947,1028,1447,262,809,42409,34088,7139,6087,9034,7518,7613,36,35
2021-08-08T23:59:59+02:00,121,120,2896,2748,7905,5905,7769,5440,6863,7294,4746,5284,1688,2117,1104,1547,298,874,2083,1991,6250,4749,6517,4527,5825,6218,4148,4651,1524,1943,1027,1445,262,809,42357,33857,7137,6044,9031,7510,7569,36,35
2021-08-07T23:59:59+02:00,120,119,2890,2741,7886,5892,7755,5433,6857,7284,4741,5279,1686,2117,1103,1547,298,874,2052,1970,6174,4701,6462,4494,5793,6181,4131,4637,1520,1942,1027,1442,262,809,42301,33550,7132,6016,9031,7500,7533,36,35
2021-08-06T23:59:59+02:00,120,118,2879,2733,7858,5881,7725,5411,6837,7263,4730,5265,1681,2115,1103,1546,298,874,2015,1936,6078,4628,6390,4459,5753,6143,4111,4616,1517,1939,1026,1439,262,809,42239,33211,7115,5988,9031,7485,7427,36,35
2021-08-05T23:59:59+02:00,119,117,2854,2717,7834,5861,7688,5392,6815,7242,4711,5241,1677,2112,1101,1542,298,873,1974,1888,5951,4522,6281,4400,5684,6079,4074,4574,1510,1931,1023,1437,262,809,42111,32728,7107,5901,9030,7428,7318,36,35
2021-08-04T23:59:59+02:00,116,113,2812,2697,7767,5830,7651,5367,6787,7209,4693,5226,1673,2108,1099,1541,298,873,1913,1856,5831,4456,6159,4347,5617,6013,4046,4536,1500,1926,1019,1434,262,808,41905,32244,7094,5853,9030,7395,7194,36,35
2021-08-03T23:59:59+02:00,114,112,2797,2679,7741,5818,7615,5352,6765,7184,4681,5212,1669,2107,1098,1538,298,873,1880,1826,5738,4394,6053,4296,5549,5955,4006,4495,1495,1919,1018,1432,262,808,41773,31776,7089,5810,9029,7371,7124,36,35
2021-08-02T23:59:59+02:00,114,112,2774,2656,7710,5796,7591,5341,6744,7168,4665,5202,1667,2103,1097,1538,297,873,1858,1792,5617,4304,5942,4236,5482,5903,3961,4462,1490,1906,1017,1429,261,807,41640,31224,7082,5774,9029,7353,7058,36,35
2021-08-01T23:59:59+02:00,114,111,2759,2641,7681,5775,7578,5325,6732,7160,4660,5195,1666,2102,1095,1538,297,873,1839,1773,5542,4261,5882,4193,5438,5881,3946,4442,1488,1903,1015,1426,261,807,41551,30939,7070,5746,9029,7332,7011,36,35
2021-07-31T23:59:59+02:00,112,110,2751,2634,7667,5768,7570,5321,6726,7151,4659,5194,1665,2102,1095,1538,297,873,1803,1734,5445,4197,5817,4148,5386,5843,3920,4418,1483,1900,1015,1425,261,807,41513,30468,7068,5734,9029,7328,6982,36,35
2021-07-30T23:59:59+02:00,110,108,2741,2626,7643,5752,7558,5304,6709,7137,4652,5186,1664,2101,1095,1537,297,873,1781,1712,5365,4160,5755,4096,5329,5796,3894,4399,1479,1898,1014,1422,261,807,41436,30116,7056,5709,9029,7317,6928,36,35
2021-07-29T23:59:59+02:00,108,106,2707,2609,7593,5710,7518,5262,6680,7097,4627,5166,1663,2096,1093,1536,297,873,1743,1683,5247,4063,5626,4024,5241,5710,3846,4348,1472,1889,1011,1420,260,807,41234,29554,7041,5656,9023,7278,6793,36,35
2021-07-28T23:59:59+02:00,106,104,2689,2595,7563,5683,7492,5236,6657,7075,4613,5153,1659,2094,1092,1534,296,872,1706,1639,5152,3994,5510,3956,5154,5639,3808,4316,1460,1882,1009,1418,260,806,41063,29002,7031,5598,9019,7239,6750,36,35
2021-07-27T23:59:59+02:00,102,102,2673,2576,7526,5668,7461,5218,6638,7057,4602,5141,1659,2093,1092,1533,295,872,1662,1611,5019,3916,5386,3875,5063,5571,3769,4264,1453,1871,1008,1415,259,806,40950,28428,7015,5517,9018,7196,6675,36,35
2021-07-26T23:59:59+02:00,101,100,2651,2563,7492,5643,7429,5200,6615,7036,4596,5130,1657,2093,1090,1533,295,872,1618,1558,4883,3848,5283,3809,4989,5502,3708,4230,1450,1858,1007,1410,259,805,40812,27860,6994,5447,9015,7147,6620,36,35
2021-07-25T23:59:59+02:00,95,98,2636,2549,7456,5624,7403,5192,6596,7018,4587,5126,1655,2090,1089,1531,295,871,1595,1533,4824,3801,5225,3778,4941,5467,3676,4206,1446,1854,1006,1410,259,805,40680,27576,6986,5415,9013,7114,6571,36,35
2021-07-24T23:59:59+02:00,95,96,2623,2540,7429,5614,7379,5176,6583,7005,4577,5122,1654,2087,1089,1531,295,871,1576,1512,4778,3782,5154,3731,4899,5443,3656,4198,1445,1852,1005,1408,259,804,40606,27384,6965,5328,9012,7114,6520,36,35
2021-07-23T23:59:59+02:00,93,94,2599,2519,7382,5593,7356,5152,6547,6981,4557,5111,1652,2083,1087,1531,295,871,1518,1483,4640,3678,5024,3661,4826,5373,3604,4168,1443,1843,1004,1403,258,804,40441,26738,6958,5301,9010,7093,6426,36,35
2021-07-22T23:59:59+02:00,93,91,2568,2493,7308,5549,7304,5114,6501,6933,4522,5087,1646,2076,1086,1530,295,869,1464,1444,4476,3604,4872,3580,4674,5293,3523,4114,1430,1834,999,1401,258,803,40141,26086,6935,5162,8999,7026,6314,36,35
2021-07-21T23:59:59+02:00,92,88,2541,2477,7244,5518,7253,5074,6443,6892,4502,5064,1639,2070,1086,1527,295,867,1428,1401,4355,3522,4738,3516,4572,5188,3453,4072,1419,1822,997,1400,258,801,39897,25616,6895,4958,8993,6966,6206,36,34
2021-07-20T23:59:59+02:00,92,88,2521,2456,7193,5485,7217,5046,6406,6853,4476,5046,1635,2066,1086,1526,295,867,1395,1370,4239,3456,4651,3463,4473,5109,3400,4041,1414,1813,996,1399,258,800,39661,25137,6886,4884,8991,6913,6131,36,34
2021-07-19T23:59:59+02:00,91,88,2500,2433,7140,5449,7172,5026,6363,6821,4457,5030,1629,2061,1085,1523,295,866,1372,1344,4165,3409,4566,3429,4398,5048,3364,4013,1408,1807,992,1396,256,799,39387,24822,6875,4761,8989,6873,6089,36,34
2021-07-18T23:59:59+02:00,91,86,2473,2408,7078,5415,7138,4998,6327,6784,4439,5020,1622,2056,1084,1523,294,865,1354,1320,4118,3369,4528,3400,4350,5026,3330,4000,1402,1798,991,1396,256,797,39109,24623,6860,4683,8983,6847,6057,36,33
2021-07-17T23:59:59+02:00,88,84,2461,2394,7059,5402,7120,4982,6308,6770,4418,5009,1618,2055,1084,1522,294,863,1342,1307,4083,3337,4477,3378,4309,4996,3300,3988,1396,1795,991,1394,256,797,39004,24455,6851,4627,8982,6838,6000,36,33
2021-07-16T23:59:59+02:00,88,81,2425,2373,7001,5368,7061,4944,6265,6727,4391,4981,1612,2049,1083,1521,294,863,1299,1282,3987,3283,4385,3337,4228,4941,3238,3941,1383,1786,986,1392,256,796,38826,24110,6828,4597,8974,6773,5799,36,33
2021-07-15T23:59:59+02:00,86,77,2381,2346,6932,5332,7004,4906,6219,6674,4373,4955,1609,2044,1081,1518,292,863,1247,1249,3793,3175,4198,3237,4085,4845,3173,3875,1375,1778,982,1388,254,796,38509,23425,6811,4359,8968,6710,5698,36,33
2021-07-14T23:59:59+02:00,85,74,2346,2330,6868,5302,6934,4872,6165,6628,4351,4932,1601,2038,1079,1516,292,863,1202,1208,3671,3086,4094,3170,3975,4779,3126,3832,1363,1768,981,1385,254,796,38205,22923,6792,4257,8966,6639,5602,36,33
2021-07-13T23:59:59+02:00,81,71,2312,2303,6815,5272,6870,4834,6124,6579,4329,4915,1591,2033,1077,1516,292,863,1170,1169,3565,2998,3971,3099,3887,4689,3074,3774,1335,1761,978,1380,252,794,37886,22424,6785,4123,8963,6539,5528,35,33
2021-07-12T23:59:59+02:00,76,71,2287,2280,6751,5231,6803,4792,6074,6538,4302,4890,1586,2030,1074,1516,292,863,1138,1147,3458,2913,3858,3031,3785,4611,3022,3729,1322,1751,973,1372,252,794,37560,21969,6771,3994,8960,6455,5444,35,32
2021-07-11T23:59:59+02:00,70,69,2274,2268,6719,5207,6775,4770,6046,6520,4292,4882,1583,2025,1072,1516,291,863,1126,1130,3413,2869,3800,2995,3732,4583,3000,3715,1312,1738,970,1368,252,794,37451,21783,6751,3957,8956,6395,5362,35,32
2021-07-10T23:59:59+02:00,69,68,2249,2236,6642,5166,6711,4733,5998,6484,4268,4871,1580,2022,1072,1513,291,862,1107,1110,3359,2829,3752,2966,3695,4553,2983,3703,1306,1731,970,1366,252,794,37207,21602,6726,3956,8942,6381,5231,35,32
2021-07-09T23:59:59+02:00,68,65,2222,2216,6576,5133,6666,4711,5951,6452,4250,4849,1578,2016,1072,1512,291,862,1083,1093,3311,2781,3701,2926,3646,4516,2956,3675,1303,1715,968,1365,252,794,36987,21373,6699,3923,8930,6327,5138,35,32
2021-07-08T23:59:59+02:00,63,62,2174,2175,6489,5066,6569,4660,5886,6387,4213,4815,1571,2007,1070,1508,291,862,1010,1042,3145,2690,3507,2847,3469,4422,2885,3613,1288,1700,965,1356,251,793,36666,20875,6626,3633,8898,6191,4936,35,32
2021-07-07T23:59:59+02:00,63,61,2102,2129,6382,4993,6465,4609,5814,6331,4182,4767,1565,1998,1067,1503,291,862,955,1007,2995,2606,3331,2763,3310,4318,2830,3549,1273,1670,956,1346,251,790,36188,20306,6587,3392,8877,6109,4780,35,32
2021-07-06T23:59:59+02:00,60,61,2055,2092,6275,4943,6375,4563,5761,6264,4142,4732,1558,1993,1064,1498,291,862,918,967,2880,2502,3243,2703,3237,4228,2778,3492,1247,1639,952,1338,251,790,35744,19800,6539,3278,8861,6026,4684,35,32
2021-07-05T23:59:59+02:00,57,61,1991,2052,6143,4874,6260,4525,5692,6206,4103,4695,1553,1986,1062,1496,291,860,876,931,2775,2431,3160,2658,3162,4160,2734,3438,1226,1622,946,1328,251,786,35260,19414,6498,3202,8837,5942,4541,35,31
2021-07-04T23:59:59+02:00,57,60,1949,2010,6062,4835,6222,4496,5650,6185,4086,4673,1550,1984,1062,1494,291,859,836,906,2713,2385,3123,2633,3130,4125,2713,3417,1212,1603,944,1327,250,786,35050,19269,6460,3145,8814,5869,4427,35,31
2021-07-03T23:59:59+02:00,54,48,1852,1932,5847,4672,6070,4411,5566,6098,4039,4640,1548,1980,1061,1490,291,859,798,878,2645,2337,3068,2605,3091,4078,2683,3386,1207,1598,943,1323,250,784,34223,19079,6426,3142,8806,5844,4214,35,31
2021-07-02T23:59:59+02:00,45,41,1815,1897,5774,4631,6026,4383,5546,6072,4024,4622,1547,1974,1059,1489,290,859,776,852,2573,2285,2999,2560,3046,4027,2652,3349,1187,1581,939,1317,250,782,33951,18766,6392,3113,8801,5742,4154,35,31
2021-07-01T23:59:59+02:00,41,34,1767,1861,5670,4558,5945,4332,5467,6005,3996,4592,1544,1968,1058,1488,290,858,702,807,2382,2206,2812,2470,2863,3909,2552,3258,1164,1557,928,1302,250,780,33535,17968,6344,2903,8786,5640,4010,35,31
2021-06-30T23:59:59+02:00,41,32,1717,1809,5551,4479,5845,4283,5407,5958,3982,4567,1540,1960,1056,1485,290,858,668,772,2275,2133,2697,2415,2754,3818,2485,3180,1140,1530,920,1292,249,779,33106,17493,6285,2780,8771,5505,3890,35,31
2021-06-29T23:59:59+02:00,39,30,1657,1729,5440,4398,5744,4224,5356,5899,3953,4537,1532,1955,1055,1484,290,857,637,722,2191,2053,2622,2351,2652,3700,2428,3129,1127,1497,907,1282,249,776,32572,16997,6251,2710,8763,5388,3774,34,31
2021-06-28T23:59:59+02:00,38,29,1622,1674,5320,4336,5679,4173,5308,5858,3924,4512,1529,1946,1054,1482,290,857,624,698,2092,1985,2546,2292,2580,3617,2377,3082,1113,1479,900,1276,249,774,32158,16666,6190,2567,8753,5289,3698,34,31
2021-06-27T23:59:59+02:00,38,28,1593,1646,5269,4298,5636,4142,5262,5844,3912,4500,1526,1942,1054,1481,290,857,608,683,2041,1944,2504,2268,2535,3580,2346,3063,1106,1468,899,1267,249,774,31969,16519,6158,2513,8730,5207,3628,34,31
2021-06-26T23:59:59+02:00,31,24,1565,1620,5199,4250,5544,4099,5221,5811,3893,4485,1526,1940,1054,1479,290,857,601,672,2008,1917,2469,2247,2516,3557,2323,3045,1088,1458,898,1265,249,774,31612,16291,6075,2508,8730,5189,3628,34,31
2021-06-25T23:59:59+02:00,25,18,1526,1582,5096,4176,5489,4072,5185,5787,3869,4475,1523,1938,1052,1478,289,857,592,649,1956,1890,2403,2178,2417,3425,2281,2943,1077,1436,895,1261,248,773,31189,15825,6046,2481,8729,5009,3625,34,31
2021-06-24T23:59:59+02:00,19,15,1476,1530,4914,4066,5358,4017,5083,5744,3829,4448,1519,1934,1052,1477,288,857,557,628,1852,1817,2229,2106,2249,3342,2177,2850,1045,1414,887,1255,247,770,30549,15314,5987,2167,8719,4927,3515,34,31
2021-06-23T23:59:59+02:00,18,15,1443,1486,4828,4011,5278,3961,5034,5699,3807,4413,1510,1928,1049,1474,287,857,526,607,1779,1754,2118,2053,2131,3252,2075,2762,1021,1392,883,1247,245,769,30110,14748,5934,2088,8715,4785,3479,34,31
2021-06-22T23:59:59+02:00,18,15,1415,1468,4755,3947,5193,3913,4989,5654,3781,4390,1505,1922,1048,1472,287,857,510,586,1716,1708,2030,2000,2046,3144,1975,2673,1007,1370,873,1235,245,764,29698,14324,5891,1964,8710,4615,3453,34,30
2021-06-21T23:59:59+02:00,17,15,1385,1428,4637,3857,5112,3869,4921,5594,3751,4369,1502,1909,1046,1467,286,855,494,570,1677,1665,1994,1957,1996,3062,1910,2589,987,1340,851,1215,245,761,29157,14022,5851,1867,8708,4474,3416,34,30
2021-06-20T23:59:59+02:00,16,13,1358,1395,4562,3789,5061,3850,4886,5573,3728,4357,1499,1908,1045,1467,285,855,478,553,1647,1636,1970,1933,1965,3035,1870,2552,979,1325,849,1209,245,760,28861,13843,5814,1829,8695,4412,3382,34,29
2021-06-19T23:59:59+02:00,15,13,1346,1376,4520,3756,5036,3825,4856,5549,3710,4344,1494,1906,1045,1466,284,855,472,549,1628,1615,1951,1907,1950,3011,1845,2515,971,1318,845,1208,243,759,28680,13669,5750,1798,8695,4405,3368,34,29
2021-06-18T23:59:59+02:00,10,9,1323,1359,4448,3714,4986,3782,4805,5513,3685,4332,1490,1903,1043,1464,284,855,456,540,1608,1598,1923,1876,1904,2964,1795,2460,958,1303,843,1204,242,757,28345,13364,5703,1794,8694,4359,3356,34,29
2021-06-17T23:59:59+02:00,7,8,1284,1321,4284,3637,4799,3702,4633,5426,3630,4287,1484,1900,1043,1463,283,855,417,519,1507,1565,1743,1815,1744,2868,1695,2379,937,1285,832,1193,240,755,27734,12896,5650,1689,8687,4275,3064,32,29
2021-06-16T23:59:59+02:00,7,7,1255,1290,4180,3553,4702,3649,4531,5364,3585,4260,1478,1896,1042,1459,283,854,400,497,1444,1527,1683,1782,1662,2782,1636,2303,921,1259,822,1178,240,752,27247,12479,5539,1618,8675,4200,3013,32,29
2021-06-15T23:59:59+02:00,7,7,1220,1257,4042,3470,4631,3590,4454,5293,3542,4228,1468,1889,1037,1457,283,853,387,477,1390,1476,1633,1738,1596,2726,1568,2234,904,1231,817,1167,239,751,26692,12149,5502,1534,8660,4130,2936,32,29
2021-06-14T23:59:59+02:00,7,5,1191,1220,3951,3415,4547,3536,4371,5222,3488,4197,1464,1880,1036,1452,281,851,378,466,1344,1442,1582,1703,1545,2664,1512,2182,894,1208,813,1160,238,748,26221,11896,5408,1464,8656,4045,2882,31,29
2021-06-13T23:59:59+02:00,7,5,1175,1204,3904,3374,4499,3494,4321,5179,3467,4181,1463,1874,1036,1451,281,850,371,458,1311,1424,1545,1678,1506,2627,1478,2143,876,1188,810,1150,238,746,25966,11715,5372,1441,8650,3971,2824,31,29
2021-06-12T23:59:59+02:00,7,4,1160,1176,3875,3353,4469,3471,4303,5163,3452,4171,1461,1871,1035,1450,281,849,366,457,1298,1405,1523,1654,1486,2606,1453,2123,868,1178,800,1147,238,745,25774,11576,5361,1441,8648,3912,2812,31,28
2021-06-11T23:59:59+02:00,6,4,1143,1162,3836,3306,4398,3444,4262,5124,3422,4159,1460,1869,1034,1447,281,848,356,443,1276,1365,1495,1634,1443,2564,1407,2082,858,1164,797,1141,238,744,25471,11335,5332,1433,8644,3834,2794,31,28
2021-06-10T23:59:59+02:00,6,3,1077,1109,3713,3224,4261,3363,4164,5058,3368,4122,1455,1862,1032,1446,281,848,335,426,1211,1325,1428,1576,1378,2494,1321,1983,831,1132,793,1131,237,741,24865,10911,5193,1420,8625,3672,2719,31,27
2021-06-09T23:59:59+02:00,6,1,1028,1072,3569,3118,4123,3302,4074,4982,3321,4079,1451,1856,1030,1443,281,848,317,406,1150,1282,1363,1541,1321,2415,1241,1916,805,1079,786,1117,236,739,24368,10610,5010,1360,8617,3532,2582,31,27
2021-06-08T23:59:59+02:00,5,1,975,1035,3433,3024,4002,3222,3967,4899,3271,4048,1444,1852,1028,1440,280,846,302,386,1104,1243,1307,1508,1265,2359,1195,1843,786,1044,775,1101,232,736,23803,10374,4868,1310,8606,3394,2469,31,26
2021-06-07T23:59:59+02:00,4,1,948,1008,3323,2943,3865,3189,3844,4831,3218,4022,1429,1847,1027,1438,280,845,296,380,1061,1203,1250,1488,1217,2308,1127,1789,773,1025,762,1085,231,732,23408,10206,4684,1274,8599,3267,2332,31,26
2021-06-06T23:59:59+02:00,4,1,925,997,3264,2909,3787,3142,3776,4802,3187,4006,1427,1841,1024,1437,279,845,288,369,1047,1176,1220,1460,1195,2251,1100,1729,760,1010,755,1077,231,729,23195,10096,4550,1220,8588,3157,2269,31,26
2021-06-05T23:59:59+02:00,4,1,914,979,3196,2849,3732,3113,3741,4778,3177,4002,1426,1839,1024,1437,279,844,282,358,1029,1156,1201,1445,1171,2223,1068,1709,747,987,753,1074,231,729,22917,9935,4544,1216,8584,3116,2233,31,25
2021-06-04T23:59:59+02:00,2,1,887,959,3150,2795,3659,3076,3679,4725,3151,3982,1422,1835,1022,1437,279,844,271,350,1006,1126,1180,1431,1148,2187,1040,1681,732,966,747,1069,231,727,22601,9802,4498,1211,8580,3057,2156,31,25
2021-06-03T23:59:59+02:00,2,1,843,924,2991,2702,3476,2971,3504,4611,3059,3907,1413,1825,1018,1432,279,844,260,340,975,1086,1126,1379,1084,2105,978,1622,694,928,739,1056,231,726,21913,9588,4259,1193,8563,2895,1976,31,25
2021-06-02T23:59:59+02:00,2,1,818,913,2923,2638,3422,2931,3443,4552,3018,3881,1411,1820,1018,1431,279,844,247,332,951,1064,1088,1362,1043,2065,929,1577,681,897,736,1051,231,725,21559,9377,4240,1179,8563,2859,1879,31,25
2021-06-01T23:59:59+02:00,2,1,771,880,2770,2525,3242,2837,3276,4446,2959,3820,1400,1813,1015,1426,279,844,236,318,871,1006,1000,1306,961,1957,880,1500,652,844,730,1042,231,719,20948,9096,4030,1144,8552,2666,1647,31,25
2021-05-31T23:59:59+02:00,2,1,734,852,2646,2437,3103,2742,3169,4358,2906,3768,1395,1801,1014,1422,279,843,223,302,833,964,934,1256,916,1882,840,1441,633,820,724,1037,229,716,20539,8926,3797,1128,8533,2531,1457,31,25
2021-05-30T23:59:59+02:00,2,1,724,840,2589,2392,3040,2705,3120,4320,2889,3747,1391,1795,1014,1421,279,842,213,285,792,923,884,1216,878,1823,818,1387,619,804,720,1028,229,715,20394,8829,3735,1120,8521,2362,1308,31,25
2021-05-29T23:59:59+02:00,2,1,722,838,2570,2376,3017,2693,3101,4304,2881,3738,1390,1794,1014,1421,279,842,209,274,786,910,864,1189,862,1777,804,1355,606,785,718,1023,228,715,20270,8738,3733,1119,8518,2224,1307,31,25
2021-05-28T23:59:59+02:00,2,1,714,826,2532,2335,2972,2666,3078,4281,2871,3723,1390,1791,1012,1416,279,842,205,265,774,893,853,1165,847,1736,773,1315,589,757,714,1015,227,713,20023,8563,3724,1115,8516,2138,1303,31,25
2021-05-27T23:59:59+02:00,2,1,668,803,2406,2274,2839,2596,2935,4206,2787,3674,1381,1779,1011,1414,278,840,190,249,711,840,771,1110,762,1644,709,1233,566,725,705,999,226,711,19535,8361,3591,1077,8483,1880,1102,31,24
2021-05-26T23:59:59+02:00,2,1,634,770,2296,2203,2677,2531,2811,4142,2736,3624,1371,1768,1009,1407,276,835,181,228,669,800,725,1076,720,1576,670,1175,551,699,688,966,225,708,19119,8141,3346,1067,8456,1742,972,31,24
2021-05-25T23:59:59+02:00,2,1,612,752,2204,2141,2577,2488,2713,4061,2689,3588,1360,1760,1006,1403,276,833,172,215,646,771,691,1041,683,1518,622,1115,534,681,670,939,224,706,18754,7935,3168,1032,8414,1607,919,30,21
2021-05-24T23:59:59+02:00,2,1,597,730,2146,2099,2502,2456,2645,4007,2633,3547,1347,1752,1000,1402,276,832,167,207,624,753,664,1009,650,1462,596,1063,517,667,663,935,224,706,18569,7846,2986,1021,8380,1486,819,30,20
2021-05-23T23:59:59+02:00,2,1,593,729,2128,2085,2489,2442,2635,3993,2622,3534,1344,1750,1000,1400,276,832,166,206,619,745,656,1003,636,1449,589,1056,514,660,659,929,223,703,18451,7770,2983,1016,8380,1475,818,30,19
2021-05-22T23:59:59+02:00,2,1,586,716,2103,2063,2453,2421,2615,3962,2591,3506,1336,1746,1000,1398,276,831,164,199,610,742,651,993,624,1443,584,1050,504,652,653,916,223,703,18208,7708,2982,1016,8378,1441,809,30,19
2021-05-21T23:59:59+02:00,2,1,573,700,2014,2026,2367,2368,2546,3915,2551,3460,1329,1733,998,1396,276,830,164,196,604,733,641,984,612,1431,569,1030,493,627,646,910,223,701,17721,7626,2955,1015,8360,1380,806,30,19
2021-05-20T23:59:59+02:00,2,1,541,679,1888,1955,2236,2290,2417,3817,2472,3378,1314,1717,996,1391,276,828,155,185,571,695,609,945,582,1373,545,968,469,598,640,901,223,700,17078,7506,2831,1004,8286,1167,737,30,19
2021-05-19T23:59:59+02:00,2,1,505,644,1777,1871,2088,2217,2277,3719,2368,3283,1297,1698,989,1388,274,828,141,178,546,671,576,909,551,1321,519,908,455,578,630,878,222,698,16314,7358,2762,988,8244,1066,617,30,19
2021-05-18T23:59:59+02:00,2,0,477,623,1700,1795,1986,2161,2168,3600,2277,3193,1286,1679,982,1381,274,824,134,169,522,642,553,877,535,1244,500,847,439,553,623,864,221,695,15804,7242,2597,950,8188,954,514,30,19
2021-05-17T23:59:59+02:00,2,0,457,609,1643,1759,1933,2110,2093,3489,2221,3118,1268,1659,975,1374,274,822,128,161,505,628,545,839,524,1183,486,794,422,524,621,856,221,693,15505,7171,2447,920,8122,855,419,30,19
2021-05-16T23:59:59+02:00,2,0,452,608,1617,1732,1897,2083,2054,3440,2168,3062,1254,1650,973,1370,274,821,124,159,496,608,534,823,511,1137,469,757,396,495,619,851,221,692,15334,7120,2379,892,8081,768,342,30,19
2021-05-15T23:59:59+02:00,2,0,447,603,1591,1714,1878,2063,2032,3416,2144,3025,1246,1649,972,1368,273,821,123,156,492,607,533,820,506,1133,463,748,393,493,616,849,221,692,15132,7090,2378,891,8073,757,337,28,19
2021-05-14T23:59:59+02:00,2,0,430,590,1560,1681,1835,2021,1953,3348,2101,2981,1238,1639,970,1368,271,821,121,151,487,591,514,795,487,1101,449,732,377,477,611,844,221,690,14766,7031,2338,875,8051,653,315,28,19
2021-05-13T23:59:59+02:00,1,0,406,570,1501,1629,1731,1969,1836,3262,2038,2890,1214,1622,963,1366,269,817,116,148,475,584,505,779,481,1087,436,720,361,453,601,819,221,686,14334,6954,2112,837,7995,618,286,28,19
2021-05-12T23:59:59+02:00,1,0,399,565,1481,1620,1716,1960,1811,3239,2023,2876,1212,1616,959,1364,269,817,116,146,472,584,504,773,478,1082,434,714,356,441,600,813,221,685,14205,6912,2088,828,7988,617,284,27,19
2021-05-11T23:59:59+02:00,1,0,381,546,1410,1583,1615,1919,1703,3146,1921,2804,1198,1592,954,1355,269,817,109,137,457,552,483,745,459,1049,406,693,337,413,591,807,221,685,13808,6817,1923,799,7877,522,222,27,19
2021-05-10T23:59:59+02:00,1,0,366,531,1365,1551,1560,1886,1631,3081,1863,2737,1191,1578,950,1349,269,814,109,134,451,547,474,724,451,1027,402,672,328,401,589,802,221,684,13537,6772,1839,791,7755,472,197,27,18
2021-05-09T23:59:59+02:00,1,0,360,520,1320,1526,1527,1866,1587,3045,1803,2697,1179,1566,948,1345,269,813,105,131,444,537,464,716,441,1017,393,661,318,390,584,798,221,683,13303,6737,1783,780,7706,421,177,27,17
2021-05-08T23:59:59+02:00,1,0,354,516,1306,1505,1498,1846,1565,3021,1773,2676,1172,1558,945,1344,268,813,104,131,443,537,462,715,440,1012,393,655,317,389,580,790,221,683,13096,6723,1777,774,7703,409,176,27,17
2021-05-07T23:59:59+02:00,1,0,343,509,1278,1477,1444,1827,1502,2962,1725,2627,1166,1550,944,1339,268,810,101,128,431,523,449,690,428,977,377,631,314,370,567,777,221,681,12828,6675,1748,751,7638,308,140,27,15
2021-05-06T23:59:59+02:00,1,0,320,496,1184,1434,1332,1771,1362,2850,1594,2534,1135,1519,943,1328,268,808,98,123,418,507,438,672,415,954,364,612,304,353,555,765,221,679,12341,6615,1562,734,7420,223,114,25,14
2021-05-05T23:59:59+02:00,1,0,306,481,1144,1403,1287,1731,1296,2782,1516,2455,1118,1496,937,1313,268,803,97,119,407,496,434,660,407,944,359,595,288,342,537,746,221,678,11927,6544,1499,715,7355,174,106,25,12
2021-05-04T23:59:59+02:00,1,0,297,471,1098,1371,1248,1705,1252,2736,1465,2395,1102,1466,932,1303,267,799,93,116,398,484,431,653,396,925,352,578,275,327,526,726,221,678,11607,6470,1438,688,7313,136,94,25,11
2021-05-03T23:59:59+02:00,1,0,291,464,1067,1347,1213,1687,1222,2702,1425,2356,1086,1439,926,1297,266,794,86,111,386,478,422,645,389,917,344,570,263,319,510,710,220,676,11365,6395,1415,681,7273,114,64,25,10
2021-05-02T23:59:59+02:00,1,0,286,463,1053,1333,1180,1670,1197,2684,1413,2334,1077,1425,924,1296,266,791,84,110,379,472,418,640,384,910,341,567,258,311,492,700,220,676,11236,6357,1400,664,7239,100,47,24,9
2021-05-01T23:59:59+02:00,1,0,282,458,1044,1325,1168,1657,1183,2672,1396,2317,1071,1420,921,1294,266,790,84,109,379,471,417,640,382,906,341,566,256,311,492,700,220,676,11104,6349,1399,664,7238,97,46,24,9
2021-04-30T23:59:59+02:00,1,0,278,449,1033,1301,1148,1638,1155,2613,1343,2263,1058,1405,916,1290,266,787,82,107,378,466,413,633,380,881,337,556,251,305,490,695,220,675,10814,6335,1394,655,7235,70,16,24,8
2021-04-29T23:59:59+02:00,1,0,263,435,980,1270,1109,1599,1108,2558,1251,2193,1016,1362,911,1281,265,785,82,104,373,464,409,628,372,869,328,547,243,296,479,685,219,671,10348,6277,1355,634,7174,47,15,23,8
2021-04-28T23:59:59+02:00,1,0,252,430,964,1252,1082,1585,1074,2517,1188,2140,985,1310,903,1279,265,783,78,102,367,460,405,619,369,861,324,534,229,281,469,674,219,670,10065,6213,1306,602,7122,33,14,23,8
2021-04-27T23:59:59+02:00,1,0,248,420,945,1236,1063,1573,1048,2494,1166,2113,961,1276,897,1275,265,780,76,99,362,456,403,614,367,857,319,529,226,273,459,655,218,669,9873,6164,1279,577,7087,27,14,19,8
2021-04-26T23:59:59+02:00,1,0,245,414,937,1227,1053,1558,1021,2477,1118,2065,942,1258,890,1268,264,779,76,99,358,450,403,611,363,854,318,524,221,265,449,646,218,669,9702,6131,1264,553,7022,25,14,19,8
2021-04-25T23:59:59+02:00,1,0,245,412,928,1214,1037,1551,1004,2460,1090,2037,920,1235,887,1261,264,779,75,98,357,443,400,610,361,850,317,524,220,260,444,638,218,668,9576,6115,1240,537,6975,17,14,19,7
2021-04-24T23:59:59+02:00,1,0,241,406,915,1202,1024,1536,991,2442,1062,2021,910,1212,884,1258,264,779,75,98,357,443,399,610,361,848,316,521,219,259,443,635,218,668,9414,6109,1240,529,6953,17,14,19,7
2021-04-23T23:59:59+02:00,1,0,239,396,904,1188,1016,1525,975,2425,1009,1978,890,1189,881,1251,264,776,74,96,357,443,399,609,360,846,313,519,215,253,440,630,218,668,9266,6090,1228,517,6861,17,14,19,7
2021-04-22T23:59:59+02:00,1,0,236,386,881,1165,992,1503,946,2384,966,1918,860,1151,872,1239,264,773,74,95,355,437,394,602,356,837,311,513,210,247,431,620,217,666,9004,6037,1179,502,6794,10,14,19,7
2021-04-21T23:59:59+02:00,1,0,231,381,859,1146,966,1488,911,2349,922,1872,828,1101,864,1225,264,769,73,93,353,436,392,599,352,832,307,505,209,242,422,605,216,663,8717,5989,1155,483,6738,10,14,19,7
2021-04-20T23:59:59+02:00,1,0,224,376,842,1120,948,1468,888,2300,882,1820,783,1038,852,1208,263,767,73,93,351,435,389,595,346,827,305,499,205,234,410,586,215,663,8444,5932,1087,468,6676,9,14,19,7
2021-04-19T23:59:59+02:00,1,0,221,366,825,1108,935,1448,873,2269,854,1786,757,1007,848,1201,262,764,72,92,350,432,383,590,343,817,301,489,205,229,400,569,213,658,8269,5873,1071,446,6610,7,13,18,7
2021-04-18T23:59:59+02:00,1,0,220,362,817,1098,923,1440,853,2249,836,1769,732,969,846,1195,261,761,71,90,347,432,383,590,342,814,301,486,204,225,394,566,213,658,8151,5854,1045,437,6552,7,13,18,7
2021-04-17T23:59:59+02:00,1,0,219,359,814,1095,916,1439,846,2244,832,1763,716,945,844,1189,261,761,71,87,345,428,381,590,339,810,300,482,202,220,388,559,213,657,8087,5812,1044,435,6528,7,13,18,7
2021-04-16T23:59:59+02:00,1,0,218,358,804,1090,903,1421,830,2222,802,1726,675,889,834,1179,260,758,67,85,343,421,378,588,331,797,294,469,190,204,385,550,210,654,7899,5744,1029,397,6454,6,13,17,6
2021-04-15T23:59:59+02:00,1,0,217,351,781,1073,885,1407,806,2176,763,1689,644,844,826,1160,260,754,65,84,340,414,373,583,324,791,287,466,182,198,369,530,208,649,7682,5666,1020,371,6341,5,13,16,6
2021-04-14T23:59:59+02:00,1,0,216,344,770,1064,876,1394,791,2141,747,1661,608,804,798,1114,260,750,62,80,335,411,369,578,322,782,279,458,172,182,354,507,206,644,7470,5575,1005,339,6266,5,13,14,6
2021-04-13T23:59:59+02:00,1,0,212,339,760,1059,866,1383,782,2116,720,1636,562,753,777,1080,259,746,60,78,328,406,360,574,315,775,274,453,169,178,341,494,205,641,7321,5516,958,309,6172,3,13,13,6
2021-04-12T23:59:59+02:00,1,0,210,338,756,1054,859,1370,756,2096,704,1619,532,726,766,1063,259,744,59,74,316,397,356,568,311,768,267,447,162,173,333,482,204,635,7231,5439,936,283,6084,3,13,11,6
2021-04-11T23:59:59+02:00,0,0,207,336,748,1044,852,1364,744,2080,695,1603,517,703,758,1040,258,741,58,72,311,395,353,566,309,765,266,442,157,166,326,479,202,633,7174,5395,917,273,5995,3,13,10,6
2021-04-10T23:59:59+02:00,0,0,207,334,748,1041,849,1362,736,2072,686,1596,511,689,751,1026,257,741,54,65,285,379,333,550,297,751,251,434,149,159,322,465,201,631,7122,5223,910,265,5968,3,12,10,6
2021-04-09T23:59:59+02:00,0,0,207,331,744,1038,837,1339,728,1990,670,1512,475,629,731,1006,254,737,45,62,272,367,317,538,281,737,240,421,140,154,300,444,197,622,7011,5034,887,257,5719,3,9,9,6
2021-04-08T23:59:59+02:00,0,0,205,328,739,1031,826,1330,714,1970,652,1493,431,571,704,983,252,734,43,60,264,351,303,527,267,723,225,405,130,138,285,427,195,605,6901,4852,848,246,5602,3,8,9,6
2021-04-07T23:59:59+02:00,0,0,200,324,729,1024,813,1315,698,1943,634,1460,394,529,674,944,249,730,40,57,245,338,293,520,260,709,217,393,115,128,267,407,190,596,6771,4683,815,237,5454,3,8,9,5
2021-04-06T23:59:59+02:00,0,0,198,322,721,1019,799,1299,679,1920,606,1435,374,493,650,913,248,728,38,56,244,334,289,518,250,705,212,388,110,123,259,387,186,586,6683,4613,788,217,5306,3,8,9,5
2021-04-05T23:59:59+02:00,0,0,198,321,718,1013,793,1288,671,1904,600,1420,357,471,633,890,248,727,38,55,244,330,288,513,246,699,208,387,110,119,245,367,183,580,6644,4554,777,202,5199,3,7,9,5
2021-04-04T23:59:59+02:00,0,0,197,318,715,1005,788,1277,662,1886,593,1401,347,460,630,886,248,727,37,54,244,330,287,513,246,699,207,387,108,119,238,355,180,578,6621,4524,773,201,5114,3,7,9,5
2021-04-03T23:59:59+02:00,0,0,197,318,713,1005,786,1275,661,1882,586,1399,339,454,627,879,248,726,37,54,244,330,287,513,246,698,207,385,108,119,237,353,180,576,6588,4516,773,201,5100,3,7,9,5
2021-04-02T23:59:59+02:00,0,0,197,316,713,1004,785,1272,657,1875,582,1390,330,445,617,869,248,725,37,53,241,330,285,511,244,690,202,380,106,118,231,334,179,563,6543,4447,768,198,5077,3,7,9,5
2021-04-01T23:59:59+02:00,0,0,194,313,708,990,773,1259,652,1855,566,1371,318,421,587,836,247,719,35,52,232,324,283,508,243,683,200,376,99,115,217,308,175,542,6456,4341,726,190,4985,3,7,9,5
2021-03-31T23:59:59+02:00,0,0,190,310,700,983,764,1245,642,1811,556,1332,309,410,567,790,246,716,35,52,231,323,279,506,240,681,194,372,94,112,203,282,173,521,6389,4255,685,183,4853,3,6,9,5
2021-03-30T23:59:59+02:00,0,0,187,304,695,972,759,1225,630,1772,547,1288,299,394,541,754,245,716,35,51,229,319,275,503,239,676,191,367,91,110,194,264,170,507,6313,4180,651,178,4718,3,6,9,5
2021-03-29T23:59:59+02:00,0,0,183,299,689,955,754,1213,621,1741,538,1250,295,380,512,717,243,709,35,50,227,318,274,501,238,671,189,360,88,109,185,252,166,495,6207,4121,629,173,4615,3,6,9,5
2021-03-28T23:59:59+02:00,0,0,176,283,681,947,747,1204,617,1719,535,1235,293,366,485,693,241,707,35,49,225,318,271,495,234,668,188,357,85,107,178,242,163,494,6164,4078,595,167,4519,3,6,9,5
2021-03-27T23:59:59+01:00,0,0,176,280,676,941,742,1200,611,1708,533,1227,288,358,479,683,241,706,35,49,225,318,271,495,233,662,185,353,84,106,174,235,159,484,6125,4043,587,161,4483,3,6,9,5
2021-03-26T23:59:59+01:00,0,0,172,277,665,929,734,1185,600,1691,525,1203,281,347,475,669,239,703,35,49,225,318,270,493,233,661,178,340,80,98,160,219,151,472,6061,3958,569,161,4407,3,4,9,5
2021-03-25T23:59:59+01:00,0,0,168,275,657,916,713,1161,584,1656,515,1163,274,335,459,645,238,699,35,49,221,313,268,492,227,658,178,339,73,98,144,202,148,448,5989,3872,553,154,4254,3,4,9,5
2021-03-24T23:59:59+01:00,0,0,166,266,646,903,705,1146,575,1618,503,1133,265,322,442,620,235,696,35,49,220,311,265,490,225,658,174,337,71,95,132,195,140,414,5916,3798,530,147,4129,2,4,9,5
2021-03-23T23:59:59+01:00,0,0,163,263,638,890,692,1134,564,1596,491,1095,259,310,424,604,230,692,34,49,218,310,263,488,220,653,172,333,68,92,125,188,131,389,5864,3723,513,142,4000,2,4,9,5
2021-03-22T23:59:59+01:00,0,0,159,255,619,869,673,1115,553,1564,478,1072,255,300,412,589,229,686,34,49,217,308,261,486,219,646,171,331,68,88,119,180,116,359,5808,3643,489,139,3860,2,4,9,5
2021-03-21T23:59:59+01:00,0,0,155,253,611,862,669,1111,549,1540,472,1039,250,293,399,583,227,682,34,49,214,308,260,484,218,645,169,329,67,85,117,179,112,356,5789,3622,476,135,3756,2,3,7,4
2021-03-20T23:59:59+01:00,0,0,153,253,603,858,664,1107,544,1536,469,1037,247,286,387,569,225,680,34,49,214,308,259,484,217,643,169,325,66,84,114,175,108,350,5756,3597,471,133,3714,2,3,7,4
2021-03-19T23:59:59+01:00,0,0,143,241,598,840,653,1101,540,1519,457,1024,233,264,372,543,219,671,32,49,213,307,258,484,215,635,168,322,64,82,107,165,103,329,5679,3532,432,132,3626,2,2,7,4
2021-03-18T23:59:59+01:00,0,0,138,235,581,824,635,1067,522,1469,443,978,217,250,359,522,216,654,32,49,212,304,256,476,215,630,166,315,64,79,98,157,98,314,5597,3470,400,123,3425,2,2,7,4
2021-03-17T23:59:59+01:00,0,0,133,229,569,805,622,1060,517,1456,434,960,205,237,341,504,213,648,32,48,212,302,255,474,215,629,166,314,64,79,94,152,93,303,5502,3435,373,123,3363,2,2,5,4
2021-03-16T23:59:59+01:00,0,0,129,222,554,790,605,1049,505,1416,422,935,198,222,321,470,209,636,32,47,212,299,255,468,213,628,165,313,60,79,89,147,91,283,5412,3388,339,119,3230,2,1,5,4
2021-03-15T23:59:59+01:00,0,0,123,215,539,775,596,1026,496,1384,406,898,192,214,307,446,208,630,31,47,211,296,255,465,212,627,163,313,59,77,83,142,89,268,5323,3345,309,118,3115,2,0,5,4
2021-03-14T23:59:59+01:00,0,0,118,202,527,758,582,1005,487,1342,393,855,183,203,297,435,201,626,31,47,211,294,254,464,211,622,162,308,58,77,82,139,87,265,5259,3330,295,107,2947,2,0,5,4
2021-03-13T23:59:59+01:00,0,0,114,190,499,732,552,978,462,1318,372,837,167,195,289,423,200,623,31,47,211,294,254,464,210,622,162,307,58,77,79,135,76,250,5066,3293,289,107,2866,2,0,5,4
2021-03-12T23:59:59+01:00,0,0,103,183,472,708,533,950,441,1279,350,806,151,183,265,396,199,603,31,47,211,293,254,463,210,622,162,306,54,76,76,129,74,244,4845,3266,283,107,2751,2,0,5,3
2021-03-11T23:59:59+01:00,0,0,95,176,440,662,496,914,404,1205,329,753,137,161,243,353,194,581,31,46,210,290,249,459,208,618,159,304,54,74,72,123,72,232,4609,3236,275,87,2496,2,0,5,2
2021-03-10T23:59:59+01:00,0,0,92,166,417,640,479,896,389,1167,313,716,122,145,227,323,189,550,31,46,208,285,245,454,205,612,159,302,51,73,68,121,69,221,4439,3194,265,75,2360,2,0,5,2
2021-03-09T23:59:59+01:00,0,0,92,161,406,613,449,867,374,1123,304,685,117,137,215,305,183,538,31,46,207,282,242,446,203,608,155,298,51,71,66,119,62,212,4356,3152,249,65,2184,2,0,5,2
2021-03-08T23:59:59+01:00,0,0,89,154,391,596,431,850,365,1071,297,648,112,128,201,285,179,525,31,46,207,278,239,441,198,604,149,294,49,70,61,116,61,211,4278,3124,233,49,2027,1,0,5,1
2021-03-07T23:59:59+01:00,0,0,85,150,386,584,423,834,355,1057,295,642,110,128,194,272,177,524,31,46,206,277,239,439,197,603,149,294,49,70,59,115,60,210,4233,3115,223,47,1972,0,0,5,1
2021-03-06T23:59:59+01:00,0,0,84,143,384,577,416,811,347,1006,286,611,109,127,188,264,175,519,31,46,206,277,238,438,197,602,149,294,49,70,57,115,59,205,4201,3110,223,41,1832,0,0,5,1
2021-03-05T23:59:59+01:00,0,0,83,138,379,565,411,803,346,990,277,587,103,117,174,244,166,506,31,46,205,275,237,437,196,600,148,292,49,70,55,114,59,197,4115,3095,214,33,1762,0,0,5,1
2021-03-04T23:59:59+01:00,0,0,80,124,368,529,393,769,328,944,267,560,93,116,155,219,160,482,31,46,203,269,235,431,194,588,145,291,47,70,55,114,59,196,4016,3056,197,32,1573,0,0,5,1
2021-03-03T23:59:59+01:00,0,0,73,114,359,511,384,751,324,923,258,542,91,113,145,211,152,447,31,45,203,269,234,429,191,579,145,285,47,70,54,113,59,196,3944,3033,191,29,1458,0,0,5,1
2021-03-02T23:59:59+01:00,0,0,70,111,348,496,368,734,316,904,252,520,89,110,137,203,143,420,30,45,203,269,234,423,186,572,143,282,47,70,54,111,59,195,3864,3004,185,29,1360,0,0,5,1
2021-03-01T23:59:59+01:00,0,0,69,109,342,482,361,713,308,880,246,492,88,108,130,193,126,385,30,44,202,268,232,414,184,564,143,279,47,70,54,110,58,195,3779,2974,181,29,1255,0,0,5,1
2021-02-28T23:59:59+01:00,0,0,69,107,335,473,358,705,306,856,241,474,84,100,128,189,122,381,30,44,201,267,231,414,184,564,143,279,47,70,54,110,58,194,3755,2970,176,29,1177,0,0,5,1
2021-02-27T23:59:59+01:00,0,0,66,98,329,467,353,699,300,845,238,465,82,98,127,183,115,370,30,44,201,266,231,413,183,563,142,278,47,70,54,110,58,194,3722,2969,170,24,1120,0,0,5,1
2021-02-26T23:59:59+01:00,0,0,64,93,321,443,327,665,280,814,228,444,80,94,119,173,111,351,30,43,201,265,231,411,182,560,139,276,47,70,54,110,58,192,3667,2954,169,24,942,0,0,5,0
2021-02-25T23:59:59+01:00,0,0,57,82,308,422,316,635,274,787,216,422,75,94,110,166,107,337,30,43,199,262,227,408,180,552,134,275,47,68,52,108,56,192,3615,2926,163,16,794,0,0,5,0
2021-02-24T23:59:59+01:00,0,0,53,75,301,409,308,620,269,771,213,414,74,94,106,162,101,327,29,43,197,261,224,395,178,544,132,270,45,67,50,108,56,192,3581,2888,158,10,719,0,0,5,0
2021-02-23T23:59:59+01:00,0,0,49,66,288,389,299,601,263,753,208,406,70,92,100,158,99,303,28,43,196,259,222,390,177,538,128,267,45,67,50,104,56,190,3527,2859,153,7,621,0,0,5,0
2021-02-22T23:59:59+01:00,0,0,47,63,283,377,295,591,261,744,206,402,67,89,92,151,97,289,28,41,193,257,219,377,169,528,125,264,45,67,49,104,55,190,3481,2811,145,4,582,0,0,4,0
2021-02-21T23:59:59+01:00,0,0,46,62,278,371,292,581,256,736,201,398,66,87,91,149,95,287,28,40,192,255,218,374,169,519,125,263,45,67,49,103,54,189,3471,2788,142,4,535,0,0,3,0
2021-02-20T23:59:59+01:00,0,0,45,62,276,370,292,578,255,730,201,392,65,87,88,145,84,272,28,40,192,255,218,374,169,519,123,262,45,67,48,103,54,187,3436,2782,141,4,514,0,0,3,0
2021-02-19T23:59:59+01:00,0,0,44,62,273,365,286,556,244,704,199,380,62,85,85,137,82,265,28,39,192,255,217,373,169,518,123,262,45,67,47,102,53,185,3407,2773,140,4,427,0,0,2,0
2021-02-18T23:59:59+01:00,0,0,42,59,255,341,278,535,236,683,185,355,61,81,83,132,81,255,27,38,188,247,214,367,165,503,122,252,45,65,46,100,49,181,3379,2706,131,4,294,0,0,2,0
2021-02-17T23:59:59+01:00,0,0,42,57,248,336,276,520,230,670,182,335,59,79,79,130,78,245,25,37,184,241,207,353,161,487,119,241,41,63,46,98,48,178,3331,2623,131,3,240,0,0,2,0
2021-02-16T23:59:59+01:00,0,0,41,52,235,321,272,509,224,656,177,328,57,78,76,128,71,236,22,37,175,232,199,334,155,475,115,229,41,59,37,84,42,169,3292,2498,128,3,175,0,0,2,0
2021-02-15T23:59:59+01:00,0,0,40,52,230,318,265,496,221,651,173,322,55,78,71,124,70,235,21,35,168,225,194,326,149,464,111,222,38,56,37,78,39,161,3265,2417,127,3,143,0,0,2,0
2021-02-14T23:59:59+01:00,0,0,37,52,227,314,263,489,218,645,173,318,55,76,68,124,69,231,20,35,166,221,190,321,148,452,110,220,38,56,36,77,37,154,3254,2373,116,3,122,0,0,2,0
2021-02-13T23:59:59+01:00,0,0,36,52,227,314,261,489,218,644,173,318,55,76,67,124,69,230,20,35,165,220,187,321,147,450,109,217,37,56,35,76,35,150,3250,2353,116,1,120,0,0,2,0
2021-02-12T23:59:59+01:00,0,0,35,50,225,309,258,480,214,633,170,315,55,75,66,124,69,229,20,35,164,217,186,320,146,448,107,216,35,55,35,72,32,141,3241,2322,116,1,81,0,0,2,0
2021-02-11T23:59:59+01:00,0,0,34,49,217,288,251,463,207,609,158,304,53,74,65,122,69,224,20,33,148,197,179,289,137,402,102,197,31,54,32,62,30,127,3204,2125,94,1,18,0,0,2,0
2021-02-10T23:59:59+01:00,0,0,34,48,214,280,249,456,203,600,156,299,50,74,64,122,68,222,18,30,137,173,165,251,117,353,95,175,27,52,31,60,27,116,3172,1901,84,1,8,0,0,2,0
2021-02-09T23:59:59+01:00,0,0,33,47,213,277,247,446,198,592,152,296,50,74,64,120,68,222,18,28,121,146,149,231,104,311,90,150,22,47,30,48,23,104,3150,1688,69,1,4,0,0,2,0
2021-02-08T23:59:59+01:00,0,0,33,47,212,275,241,431,195,579,148,291,48,74,64,119,68,222,16,27,104,123,127,192,85,272,85,140,15,45,24,41,22,89,3111,1467,53,1,4,0,0,2,0
2021-02-07T23:59:59+01:00,0,0,33,46,209,274,239,430,195,576,148,291,48,74,63,118,68,222,15,21,99,114,120,181,80,253,81,131,15,44,23,35,22,84,3103,1375,50,1,0,0,0,2,0
2021-02-06T23:59:59+01:00,0,0,33,46,209,274,239,429,195,576,148,290,47,74,62,118,67,217,12,17,98,113,119,177,78,246,81,129,14,43,23,32,20,83,3100,1339,43,1,0,0,0,2,0
2021-02-05T23:59:59+01:00,0,0,32,45,209,274,239,428,194,574,146,289,47,74,62,118,67,207,10,14,89,105,115,173,77,242,80,121,13,41,23,28,18,80,3087,1280,35,0,0,0,0,2,0
2021-02-04T23:59:59+01:00,0,0,32,45,206,271,234,424,189,568,144,286,47,72,62,116,67,206,9,10,61,73,92,128,66,204,63,102,12,36,20,24,16,71,3050,1027,35,0,0,0,0,2,0
2021-02-03T23:59:59+01:00,0,0,32,44,206,270,233,412,187,562,143,283,47,71,61,115,67,205,6,5,45,55,71,105,50,156,53,74,9,17,16,18,11,54,3022,775,32,0,0,0,0,2,0
2021-02-02T23:59:59+01:00,0,0,31,44,205,268,229,406,186,556,140,282,46,71,59,112,65,202,4,3,29,39,55,75,39,100,42,51,7,14,11,13,7,36,2984,545,32,0,0,0,0,2,0
2021-02-01T23:59:59+01:00,0,0,30,42,203,268,225,401,183,550,137,275,46,70,58,111,65,202,4,1,23,21,29,44,26,61,25,28,4,9,8,9,6,21,2948,330,32,0,0,0,0,1,0
2021-01-31T23:59:59+01:00,0,0,30,42,202,266,223,396,181,542,136,275,46,70,57,111,64,201,4,1,21,16,20,36,20,49,19,24,4,6,6,8,5,19,2923,267,31,0,0,0,0,1,0
2021-01-30T23:59:59+01:00,0,0,30,42,202,266,223,395,180,542,136,275,46,70,56,111,64,198,4,1,20,15,18,36,18,45,18,23,4,5,6,7,5,18,2918,251,30,0,0,0,0,1,0
2021-01-29T23:59:59+01:00,0,0,30,42,202,264,222,394,179,541,134,273,46,70,55,110,63,197,4,0,17,9,13,29,16,39,14,21,4,4,5,7,5,17,2908,210,26,0,0,0,0,0,0
2021-01-28T23:59:59+01:00,0,0,30,41,194,261,221,389,178,532,131,269,46,70,53,109,59,195,4,0,5,3,7,16,9,21,8,9,2,2,3,3,1,17,2872,113,18,0,0,0,0,0,0
2021-01-27T23:59:59+01:00,0,0,29,40,191,255,217,379,176,519,128,260,43,68,53,108,58,193,1,0,3,3,6,14,8,18,7,9,2,2,2,3,1,13,2809,94,14,0,0,0,0,0,0
2021-01-26T23:59:59+01:00,0,0,26,40,188,243,211,366,172,501,125,252,43,64,47,100,53,185,1,0,2,3,6,14,8,18,7,9,2,2,2,3,1,10,2710,90,11,0,0,0,0,0,0
2021-01-25T23:59:59+01:00,0,0,26,39,179,240,208,356,169,492,122,242,42,62,46,97,48,183,1,0,1,3,4,12,7,15,7,9,2,2,2,1,1,8,2650,77,4,0,0,0,0,0,0
2021-01-24T23:59:59+01:00,0,0,25,38,177,237,205,355,168,490,122,241,42,62,44,94,47,182,1,0,1,3,3,12,7,15,7,9,2,2,2,1,1,8,2628,76,3,0,0,0,0,0,0
2021-01-23T23:59:59+01:00,0,0,25,38,177,237,203,355,168,489,122,241,42,62,44,93,47,180,1,0,1,3,3,11,7,15,6,9,2,2,2,1,1,8,2622,74,3,0,0,0,0,0,0
2021-01-22T23:59:59+01:00,0,0,24,37,176,233,202,355,168,488,121,241,42,62,44,93,45,173,1,0,1,3,3,11,7,15,6,9,2,2,2,1,1,8,2603,74,3,0,0,0,0,0,0
2021-01-21T23:59:59+01:00,0,0,21,36,167,224,196,338,164,466,119,228,41,62,40,85,44,170,1,0,1,3,1,6,6,10,4,5,2,2,2,0,1,7,2495,53,3,0,0,0,0,0,0
2021-01-20T23:59:59+01:00,0,0,20,34,154,198,180,297,135,410,109,207,36,59,37,81,40,156,1,0,1,3,1,6,6,9,4,4,2,2,2,0,1,7,2237,51,2,0,0,0,0,0,0
2021-01-19T23:59:59+01:00,0,0,20,31,129,169,163,265,126,367,105,186,26,53,30,67,35,142,1,0,1,3,1,5,4,7,2,3,1,0,2,0,0,4,1988,35,2,0,0,0,0,0,0
2021-01-18T23:59:59+01:00,0,0,17,31,114,148,140,224,109,319,98,162,23,50,27,55,31,120,1,0,1,1,0,2,3,5,1,3,0,0,1,0,0,4,1737,23,2,0,0,0,0,0,0
2021-01-17T23:59:59+01:00,0,0,16,21,109,133,132,211,100,294,94,153,23,45,27,50,29,108,1,0,0,0,0,1,1,4,1,2,0,0,1,0,0,1,1607,12,2,0,0,0,0,0,0
2021-01-16T23:59:59+01:00,0,0,14,18,106,131,130,206,97,284,93,147,20,44,26,44,25,104,0,0,0,0,0,0,0,0,0,0,0,0,0,0,0,0,1550,0,0,0,0,0,0,0,0
2021-01-15T23:59:59+01:00,0,0,11,16,100,122,126,201,95,275,93,137,19,43,26,40,23,101,0,0,0,0,0,0,0,0,0,0,0,0,0,0,0,0,1485,0,0,0,0,0,0,0,0
2021-01-14T23:59:59+01:00,0,0,9,12,76,90,107,165,79,231,81,122,14,38,23,33,22,88,0,0,0,0,0,0,0,0,0,0,0,0,0,0,0,0,1236,0,0,0,0,0,0,0,0
2021-01-13T23:59:59+01:00,0,0,7,11,62,80,94,136,73,187,75,97,14,24,19,25,20,68,0,0,0,0,0,0,0,0,0,0,0,0,0,0,0,0,1031,0,0,0,0,0,0,0,0
2021-01-12T23:59:59+01:00,0,0,5,8,50,62,76,106,66,132,62,75,10,19,15,21,12,51,0,0,0,0,0,0,0,0,0,0,0,0,0,0,0,0,803,0,0,0,0,0,0,0,0
2021-01-11T23:59:59+01:00,0,0,4,6,44,49,63,81,51,104,47,55,9,15,8,12,9,28,0,0,0,0,0,0,0,0,0,0,0,0,0,0,0,0,609,0,0,0,0,0,0,0,0
2021-01-10T23:59:59+01:00,0,0,4,6,40,38,48,67,38,83,39,47,7,10,6,11,8,24,0,0,0,0,0,0,0,0,0,0,0,0,0,0,0,0,491,0,0,0,0,0,0,0,0
2021-01-09T23:59:59+01:00,0,0,4,5,37,37,43,64,35,75,36,43,7,9,6,10,8,23,0,0,0,0,0,0,0,0,0,0,0,0,0,0,0,0,455,0,0,0,0,0,0,0,0
2021-01-08T23:59:59+01:00,0,0,4,5,30,28,37,56,27,62,30,38,6,6,4,9,7,21,0,0,0,0,0,0,0,0,0,0,0,0,0,0,0,0,380,0,0,0,0,0,0,0,0
2021-01-07T23:59:59+01:00,0,0,4,2,11,3,10,18,11,26,8,18,5,3,3,4,3,20,0,0,0,0,0,0,0,0,0,0,0,0,0,0,0,0,152,0,0,0,0,0,0,0,0
2021-01-06T23:59:59+01:00,0,0,4,0,4,3,5,15,8,20,7,10,3,3,2,4,3,17,0,0,0,0,0,0,0,0,0,0,0,0,0,0,0,0,111,0,0,0,0,0,0,0,0
2021-01-05T23:59:59+01:00,0,0,2,0,2,3,5,14,8,18,7,9,3,2,2,4,2,16,0,0,0,0,0,0,0,0,0,0,0,0,0,0,0,0,100,0,0,0,0,0,0,0,0
2021-01-04T23:59:59+01:00,0,0,1,0,2,3,5,13,7,16,7,9,2,2,2,2,2,10,0,0,0,0,0,0,0,0,0,0,0,0,0,0,0,0,85,0,0,0,0,0,0,0,0
2021-01-03T23:59:59+01:00,0,0,1,0,1,3,4,13,7,16,7,9,2,2,2,2,2,10,0,0,0,0,0,0,0,0,0,0,0,0,0,0,0,0,83,0,0,0,0,0,0,0,0
2021-01-02T23:59:59+01:00,0,0,1,0,1,3,4,13,6,16,6,9,2,2,2,2,2,10,0,0,0,0,0,0,0,0,0,0,0,0,0,0,0,0,81,0,0,0,0,0,0,0,0
2021-01-01T23:59:59+01:00,0,0,1,0,1,3,4,13,6,16,6,9,2,2,2,2,2,10,0,0,0,0,0,0,0,0,0,0,0,0,0,0,0,0,81,0,0,0,0,0,0,0,0
2020-12-31T23:59:59+01:00,0,0,1,0,1,3,4,12,6,16,6,9,2,2,2,2,2,10,0,0,0,0,0,0,0,0,0,0,0,0,0,0,0,0,80,0,0,0,0,0,0,0,0
2020-12-30T23:59:59+01:00,0,0,1,0,1,3,4,12,6,15,6,9,2,2,2,2,2,10,0,0,0,0,0,0,0,0,0,0,0,0,0,0,0,0,79,0,0,0,0,0,0,0,0
2020-12-29T23:59:59+01:00,0,0,1,0,1,3,3,8,4,12,4,7,1,1,2,1,0,8,0,0,0,0,0,0,0,0,0,0,0,0,0,0,0,0,57,0,0,0,0,0,0,0,0
2020-12-28T23:59:59+01:00,0,0,1,0,1,1,1,1,2,6,3,4,1,0,1,0,0,4,0,0,0,0,0,0,0,0,0,0,0,0,0,0,0,0,27,0,0,0,0,0,0,0,0
2020-12-27T23:59:59+01:00,0,0,1,0,0,0,0,1,1,6,1,2,0,0,1,0,0,2,0,0,0,0,0,0,0,0,0,0,0,0,0,0,0,0,15,0,0,0,0,0,0,0,0
