Datum,<15_m,<15_w,15-24_1_m,15-24_1_w,25-34_1_m,25-34_1_w,35-44_1_m,35-44_1_w,45-54_1_m,45-54_1_w,55-64_1_m,55-64_1_w,65-74_1_m,65-74_1_w,75-84_1_m,75-84_1_w,>84_1_m,>84_1_w,<24_2_m,<24_2_w,25-34_2_m,25-34_2_w,35-44_2_m,35-44_2_w,45-54_2_m,45-54_2_w,55-64_2_m,55-64_2_w,65-74_2_m,65-74_2_w,75-84_2_m,75-84_2_w,>84_2_m,>84_2_w,bp_1,bp_2,mo_1,mo_2,az_1,az_2,ja,unb_1,unb_2
2021-08-03T23:59:59+02:00,90,105,2543,2381,7287,5265,7317,5044,6612,7105,4954,5330,2538,2683,3124,3200,2720,5151,1700,1595,5319,3897,5734,4021,5408,5873,4104,4533,1920,2232,2281,2489,1961,3825,50411,37363,7637,6019,9228,7043,6897,22,17
2021-08-02T23:59:59+02:00,90,105,2525,2365,7251,5244,7295,5036,6596,7093,4938,5321,2537,2679,3123,3199,2720,5151,1682,1572,5241,3850,5640,3965,5353,5831,4059,4503,1914,2220,2280,2484,1960,3824,50290,36951,7630,5986,9228,7025,6844,22,17
2021-08-01T23:59:59+02:00,89,103,2514,2357,7222,5227,7283,5023,6587,7084,4933,5315,2535,2679,3121,3199,2720,5151,1670,1562,5193,3824,5588,3925,5315,5812,4043,4488,1912,2218,2278,2481,1960,3824,50216,36754,7618,5960,9227,7000,6805,22,17
2021-07-31T23:59:59+02:00,87,102,2508,2351,7210,5220,7276,5018,6583,7075,4932,5315,2533,2679,3121,3199,2720,5151,1637,1527,5106,3766,5534,3885,5266,5779,4018,4463,1909,2216,2278,2480,1960,3824,50184,36340,7614,5948,9227,6996,6779,22,17
2021-07-30T23:59:59+02:00,86,99,2497,2345,7193,5209,7263,4999,6564,7063,4925,5308,2532,2678,3121,3198,2720,5151,1619,1512,5030,3726,5472,3833,5208,5732,3993,4446,1907,2214,2277,2477,1960,3824,50118,36003,7608,5927,9227,6988,6722,22,17
2021-07-29T23:59:59+02:00,85,98,2466,2331,7142,5169,7224,4956,6539,7026,4903,5286,2531,2674,3119,3197,2720,5151,1580,1484,4914,3634,5348,3766,5125,5647,3948,4394,1901,2206,2274,2475,1959,3824,49934,35466,7595,5875,9223,6952,6588,22,17
2021-07-28T23:59:59+02:00,84,96,2448,2319,7105,5132,7195,4933,6516,7004,4888,5277,2528,2673,3117,3194,2719,5150,1544,1443,4814,3564,5238,3705,5034,5574,3914,4362,1889,2198,2272,2473,1959,3823,49754,34925,7585,5824,9221,6914,6541,22,17
2021-07-27T23:59:59+02:00,81,94,2437,2305,7062,5113,7159,4918,6498,6986,4878,5266,2527,2672,3117,3193,2719,5150,1502,1416,4686,3489,5115,3635,4948,5507,3875,4314,1883,2185,2271,2470,1958,3823,49635,34379,7570,5743,9220,6880,6473,22,17
2021-07-26T23:59:59+02:00,81,92,2414,2291,7033,5096,7128,4903,6475,6967,4874,5256,2526,2672,3116,3193,2719,5150,1468,1363,4555,3431,5012,3577,4876,5436,3824,4280,1880,2171,2270,2464,1958,3822,49519,33851,7551,5680,9218,6833,6421,22,17
2021-07-25T23:59:59+02:00,79,89,2399,2274,7000,5076,7095,4890,6455,6947,4865,5252,2524,2669,3115,3192,2719,5149,1449,1341,4504,3394,4960,3547,4830,5398,3795,4258,1877,2167,2269,2464,1958,3822,49381,33605,7542,5649,9215,6801,6374,22,17
2021-07-24T23:59:59+02:00,79,89,2385,2268,6971,5064,7072,4879,6441,6933,4858,5248,2523,2666,3115,3192,2719,5149,1429,1324,4460,3374,4887,3504,4792,5376,3775,4250,1876,2165,2268,2462,1958,3821,49314,33420,7520,5569,9215,6801,6325,22,17
2021-07-23T23:59:59+02:00,78,87,2358,2246,6924,5041,7042,4857,6412,6909,4839,5241,2521,2664,3113,3192,2719,5149,1378,1294,4334,3283,4756,3429,4719,5309,3728,4218,1875,2157,2267,2457,1957,3821,49158,32818,7515,5542,9215,6781,6227,22,17
2021-07-22T23:59:59+02:00,76,85,2325,2222,6847,5007,6996,4822,6365,6867,4808,5219,2515,2661,3111,3191,2719,5147,1321,1259,4183,3217,4615,3358,4577,5235,3649,4171,1863,2148,2263,2455,1957,3820,48870,32220,7499,5415,9209,6715,6126,22,17
2021-07-21T23:59:59+02:00,75,80,2298,2206,6790,4980,6942,4784,6307,6831,4791,5196,2508,2657,3110,3188,2719,5145,1293,1222,4070,3138,4481,3299,4472,5134,3582,4131,1852,2137,2260,2455,1957,3818,48646,31785,7453,5217,9203,6655,6025,22,17
2021-07-20T23:59:59+02:00,74,79,2282,2189,6739,4954,6908,4758,6272,6794,4762,5181,2505,2653,3110,3188,2719,5145,1259,1197,3961,3076,4397,3252,4385,5056,3529,4101,1850,2128,2258,2454,1957,3817,48429,31344,7443,5148,9202,6607,5958,22,17
2021-07-19T23:59:59+02:00,73,79,2261,2167,6691,4922,6861,4738,6239,6763,4742,5166,2501,2649,3109,3184,2719,5144,1240,1177,3892,3032,4319,3219,4308,4993,3495,4078,1846,2123,2254,2451,1956,3817,48177,31057,7433,5039,9201,6564,5916,22,17
2021-07-18T23:59:59+02:00,73,77,2238,2144,6629,4887,6822,4710,6204,6728,4727,5156,2494,2644,3107,3184,2718,5143,1224,1158,3850,2993,4281,3190,4259,4973,3460,4065,1841,2113,2253,2451,1956,3815,47903,30865,7419,4969,9197,6540,5884,22,16
2021-07-17T23:59:59+02:00,71,73,2224,2131,6612,4874,6803,4695,6185,6713,4709,5147,2490,2643,3107,3183,2718,5142,1215,1146,3818,2960,4240,3171,4222,4941,3433,4053,1836,2110,2253,2449,1956,3815,47799,30714,7414,4917,9197,6535,5828,22,16
2021-07-16T23:59:59+02:00,71,70,2186,2107,6554,4843,6745,4661,6142,6672,4679,5118,2484,2639,3105,3182,2718,5142,1177,1125,3721,2914,4148,3129,4138,4885,3372,4008,1823,2100,2247,2447,1956,3814,47625,30383,7389,4890,9190,6471,5632,22,16
2021-07-15T23:59:59+02:00,69,65,2146,2082,6484,4810,6689,4622,6095,6622,4662,5091,2481,2636,3103,3179,2718,5142,1131,1095,3530,2810,3971,3026,3996,4788,3311,3946,1814,2091,2245,2442,1956,3814,47314,29714,7377,4681,9185,6405,5535,22,16
2021-07-14T23:59:59+02:00,68,63,2115,2066,6417,4776,6615,4590,6042,6579,4641,5071,2474,2630,3100,3177,2718,5142,1083,1061,3417,2727,3871,2965,3893,4718,3268,3902,1802,2083,2244,2439,1956,3814,47015,29253,7365,4588,9183,6335,5434,22,16
2021-07-13T23:59:59+02:00,65,59,2090,2041,6367,4748,6555,4555,6004,6533,4621,5054,2465,2625,3098,3177,2718,5142,1054,1032,3325,2652,3752,2899,3805,4632,3214,3842,1774,2076,2241,2434,1955,3812,46721,28786,7361,4461,9182,6247,5367,21,16
2021-07-12T23:59:59+02:00,61,58,2066,2021,6300,4707,6487,4513,5957,6497,4596,5028,2460,2622,3095,3176,2718,5142,1024,1012,3229,2579,3643,2839,3704,4554,3167,3796,1763,2065,2237,2424,1955,3812,46402,28357,7353,4346,9178,6173,5284,21,16
2021-07-11T23:59:59+02:00,57,58,2057,2010,6266,4690,6459,4494,5927,6480,4587,5021,2457,2617,3093,3176,2717,5142,1015,997,3193,2540,3586,2811,3652,4527,3145,3783,1754,2053,2234,2420,1955,3812,46303,28191,7333,4316,9176,6117,5208,21,16
2021-07-10T23:59:59+02:00,56,57,2036,1982,6189,4651,6401,4462,5881,6444,4564,5010,2454,2614,3093,3173,2717,5141,1000,980,3142,2503,3542,2782,3615,4498,3129,3771,1748,2047,2234,2418,1955,3812,46075,28027,7315,4315,9161,6104,5084,21,16
2021-07-09T23:59:59+02:00,55,55,2014,1963,6120,4613,6354,4438,5833,6411,4547,4989,2452,2610,3092,3172,2717,5141,981,965,3090,2460,3492,2750,3566,4463,3105,3745,1746,2033,2232,2417,1955,3812,45856,27829,7284,4287,9156,6053,4987,21,16
2021-07-08T23:59:59+02:00,51,52,1963,1918,6029,4555,6256,4384,5767,6348,4513,4956,2445,2601,3089,3168,2717,5141,913,914,2930,2378,3305,2677,3395,4371,3033,3678,1730,2017,2230,2408,1954,3811,45544,27353,7213,4012,9123,5935,4779,21,16
2021-07-07T23:59:59+02:00,51,51,1899,1878,5916,4482,6155,4334,5696,6291,4481,4910,2439,2592,3084,3164,2717,5141,865,886,2786,2306,3138,2605,3240,4266,2978,3615,1712,1991,2222,2400,1954,3809,45068,26828,7172,3777,9106,5858,4639,21,16
2021-07-06T23:59:59+02:00,49,51,1856,1845,5812,4431,6066,4294,5644,6223,4438,4875,2433,2586,3081,3160,2717,5141,829,853,2676,2210,3049,2549,3167,4176,2922,3561,1687,1960,2219,2394,1954,3809,44640,26347,7134,3678,9093,5778,4538,21,16
2021-07-05T23:59:59+02:00,47,51,1788,1804,5674,4359,5954,4259,5577,6168,4397,4838,2429,2579,3079,3159,2717,5139,788,819,2575,2137,2973,2502,3092,4106,2875,3506,1669,1941,2212,2385,1953,3806,44175,25979,7097,3611,9071,5698,4375,21,16
2021-07-04T23:59:59+02:00,47,50,1749,1769,5597,4324,5910,4231,5538,6148,4379,4819,2427,2577,3079,3157,2717,5138,750,794,2517,2091,2937,2479,3062,4073,2852,3484,1655,1920,2210,2384,1952,3806,43986,25847,7064,3555,9045,5624,4261,21,16
2021-07-03T23:59:59+02:00,45,39,1655,1699,5396,4172,5766,4144,5454,6059,4331,4783,2425,2574,3079,3153,2717,5138,712,771,2455,2047,2887,2458,3024,4028,2822,3456,1649,1913,2209,2380,1952,3804,43190,25679,7036,3553,9038,5596,4059,21,16
2021-07-02T23:59:59+02:00,39,34,1623,1662,5327,4133,5723,4111,5433,6034,4319,4766,2424,2568,3078,3152,2716,5138,693,746,2389,2001,2818,2418,2981,3981,2793,3417,1632,1896,2205,2374,1952,3802,42941,25403,7007,3527,9033,5498,3990,21,16
2021-07-01T23:59:59+02:00,34,30,1579,1630,5230,4073,5640,4066,5359,5965,4293,4739,2421,2564,3077,3151,2716,5137,626,709,2208,1933,2634,2337,2813,3871,2697,3332,1609,1873,2196,2362,1951,3800,42564,24674,6952,3325,9019,5404,3859,21,16
2021-06-30T23:59:59+02:00,34,28,1536,1588,5128,3994,5545,4025,5303,5919,4281,4715,2417,2557,3075,3148,2716,5137,593,677,2113,1871,2525,2289,2705,3786,2637,3258,1590,1845,2188,2350,1950,3799,42174,24232,6900,3214,9003,5282,3756,21,16
2021-06-29T23:59:59+02:00,33,25,1484,1516,5034,3913,5456,3972,5250,5861,4255,4687,2413,2553,3074,3148,2716,5136,567,638,2038,1798,2449,2226,2606,3671,2577,3209,1576,1812,2176,2337,1949,3796,41689,23760,6872,3141,8996,5176,3653,21,16
2021-06-28T23:59:59+02:00,32,24,1456,1462,4926,3861,5395,3924,5205,5822,4227,4661,2409,2545,3073,3146,2716,5136,554,617,1945,1737,2373,2171,2536,3591,2532,3162,1558,1794,2169,2331,1949,3793,41325,23453,6815,3006,8986,5082,3574,21,16
2021-06-27T23:59:59+02:00,32,23,1427,1437,4882,3824,5350,3896,5167,5804,4217,4653,2407,2541,3073,3145,2716,5136,536,602,1895,1694,2338,2152,2494,3553,2502,3145,1551,1782,2168,2322,1949,3793,41157,23314,6779,2952,8970,5007,3504,21,16
2021-06-26T23:59:59+02:00,24,18,1396,1410,4817,3779,5261,3852,5129,5772,4196,4639,2407,2539,3073,3143,2716,5136,530,593,1863,1674,2304,2134,2473,3533,2482,3127,1531,1772,2167,2320,1949,3793,40811,23109,6701,2949,8970,4983,3504,19,16
2021-06-25T23:59:59+02:00,19,11,1366,1375,4715,3711,5210,3828,5094,5747,4171,4628,2404,2537,3071,3142,2716,5136,521,571,1819,1653,2247,2069,2381,3395,2439,3030,1523,1751,2164,2316,1947,3792,40417,22678,6671,2924,8969,4807,3502,19,16
2021-06-24T23:59:59+02:00,13,10,1324,1330,4542,3604,5089,3779,5005,5707,4130,4600,2400,2534,3071,3141,2715,5136,485,548,1711,1590,2084,2005,2223,3316,2332,2936,1492,1729,2156,2311,1946,3789,39823,22189,6623,2626,8963,4726,3395,19,16
2021-06-23T23:59:59+02:00,13,10,1297,1299,4462,3558,5010,3732,4955,5664,4106,4565,2390,2529,3068,3139,2714,5136,452,531,1648,1537,1986,1960,2108,3223,2236,2847,1471,1706,2150,2305,1945,3787,39425,21669,6578,2554,8957,4587,3361,19,16
2021-06-22T23:59:59+02:00,13,10,1271,1282,4392,3502,4933,3689,4911,5621,4081,4540,2386,2523,3068,3138,2713,5136,438,514,1592,1502,1906,1908,2030,3114,2139,2762,1459,1682,2141,2293,1945,3783,39048,21267,6537,2440,8954,4440,3337,19,16
2021-06-21T23:59:59+02:00,13,10,1244,1244,4286,3422,4856,3648,4849,5560,4056,4522,2382,2510,3067,3133,2712,5134,423,500,1559,1470,1872,1868,1982,3037,2080,2687,1438,1647,2120,2271,1945,3779,38557,20997,6498,2350,8952,4299,3304,19,16
2021-06-20T23:59:59+02:00,13,8,1222,1217,4223,3366,4816,3631,4814,5540,4034,4511,2381,2508,3066,3133,2711,5134,407,486,1526,1445,1851,1846,1951,3013,2034,2649,1431,1634,2118,2265,1945,3778,38304,20829,6470,2314,8941,4236,3271,19,16
2021-06-19T23:59:59+02:00,12,8,1212,1198,4184,3337,4796,3608,4786,5518,4017,4502,2378,2506,3066,3132,2710,5134,402,482,1509,1429,1833,1821,1938,2990,2011,2618,1423,1626,2115,2264,1943,3777,38148,20680,6413,2286,8941,4228,3255,19,16
2021-06-18T23:59:59+02:00,8,5,1195,1178,4120,3300,4747,3572,4737,5481,3993,4490,2375,2502,3065,3130,2710,5134,392,473,1488,1412,1808,1789,1894,2942,1961,2563,1410,1615,2115,2259,1942,3774,37844,20391,6367,2283,8941,4187,3242,19,16
2021-06-17T23:59:59+02:00,7,5,1156,1152,3966,3232,4568,3501,4571,5395,3934,4447,2369,2499,3065,3129,2709,5134,360,456,1392,1380,1637,1729,1738,2850,1865,2485,1387,1595,2104,2248,1940,3772,37284,19946,6309,2180,8934,4110,2963,17,16
2021-06-16T23:59:59+02:00,7,5,1134,1121,3867,3151,4479,3454,4467,5332,3892,4418,2361,2495,3064,3126,2708,5133,345,436,1334,1344,1580,1698,1659,2770,1805,2418,1374,1569,2093,2235,1940,3768,36830,19564,6195,2113,8925,4036,2913,17,16
2021-06-15T23:59:59+02:00,7,5,1100,1089,3735,3075,4415,3402,4394,5259,3853,4388,2353,2488,3059,3124,2708,5132,336,413,1285,1300,1534,1658,1595,2712,1739,2350,1357,1541,2088,2221,1939,3767,36317,19254,6161,2032,8913,3964,2839,17,16
2021-06-14T23:59:59+02:00,7,4,1076,1059,3650,3027,4330,3347,4317,5189,3801,4355,2349,2478,3059,3120,2707,5131,329,400,1248,1270,1494,1633,1557,2668,1685,2300,1346,1516,2083,2214,1938,3765,35877,19021,6074,1999,8908,3888,2788,17,16
2021-06-13T23:59:59+02:00,7,4,1061,1045,3602,2988,4274,3308,4268,5152,3784,4341,2348,2472,3058,3119,2707,5129,324,393,1216,1254,1461,1613,1513,2634,1651,2262,1332,1497,2077,2203,1938,3763,35628,18850,6039,1978,8904,3814,2735,17,16
2021-06-12T23:59:59+02:00,7,3,1045,1024,3576,2963,4246,3289,4253,5138,3768,4331,2345,2469,3057,3118,2707,5128,320,392,1210,1237,1442,1595,1489,2614,1609,2243,1323,1487,2066,2201,1938,3763,35446,18707,6028,1978,8904,3761,2726,17,16
2021-06-11T23:59:59+02:00,6,3,1030,1014,3539,2921,4172,3264,4216,5105,3743,4319,2344,2465,3056,3115,2707,5127,311,380,1189,1205,1418,1578,1446,2566,1556,2199,1313,1472,2064,2196,1938,3762,35171,18467,6001,1972,8901,3688,2706,17,16
2021-06-10T23:59:59+02:00,6,3,974,974,3431,2846,4043,3189,4121,5038,3688,4285,2341,2457,3054,3113,2706,5127,297,368,1132,1172,1358,1521,1383,2496,1477,2097,1283,1441,2060,2186,1938,3759,34620,18064,5878,1965,8884,3535,2638,17,16
2021-06-09T23:59:59+02:00,6,1,925,946,3307,2755,3907,3132,4030,4961,3647,4246,2337,2451,3051,3110,2706,5127,279,354,1073,1141,1295,1496,1324,2420,1405,2029,1260,1384,2053,2173,1937,3756,34147,17759,5714,1915,8881,3416,2519,17,16
2021-06-08T23:59:59+02:00,5,1,877,909,3181,2671,3787,3050,3932,4880,3592,4219,2330,2446,3048,3107,2705,5125,266,336,1031,1102,1245,1465,1272,2365,1362,1958,1239,1352,2042,2156,1934,3752,33612,17537,5580,1870,8871,3288,2410,17,15
2021-06-07T23:59:59+02:00,4,1,850,884,3081,2601,3660,3016,3812,4810,3543,4192,2316,2442,3047,3105,2705,5123,257,329,987,1066,1194,1443,1227,2313,1295,1908,1225,1332,2028,2140,1933,3744,33245,17374,5411,1835,8866,3166,2270,17,15
2021-06-06T23:59:59+02:00,4,1,831,875,3026,2563,3580,2975,3743,4781,3512,4179,2313,2436,3045,3104,2703,5122,250,317,973,1042,1165,1418,1206,2258,1266,1851,1209,1317,2022,2133,1931,3741,33040,17274,5283,1788,8861,3055,2203,17,15
2021-06-05T23:59:59+02:00,4,1,819,859,2957,2507,3536,2949,3706,4760,3499,4176,2313,2434,3045,3103,2703,5121,246,310,957,1023,1146,1401,1183,2232,1233,1830,1192,1294,2019,2129,1931,3741,32782,17123,5278,1785,8855,3008,2169,17,15
2021-06-04T23:59:59+02:00,2,1,798,843,2912,2461,3463,2910,3643,4710,3473,4161,2309,2431,3042,3103,2703,5121,237,304,939,1000,1128,1389,1153,2202,1206,1800,1177,1272,2012,2124,1931,3739,32474,16983,5235,1780,8853,2955,2112,17,15
2021-06-03T23:59:59+02:00,2,1,754,813,2766,2373,3289,2810,3472,4598,3385,4090,2301,2421,3038,3098,2703,5121,226,292,912,970,1077,1341,1092,2115,1148,1738,1141,1230,2003,2110,1931,3737,31821,16775,5008,1766,8840,2792,1939,17,15
2021-06-02T23:59:59+02:00,2,1,728,807,2698,2303,3231,2764,3416,4540,3344,4065,2299,2417,3038,3097,2703,5121,214,288,894,946,1034,1316,1050,2077,1098,1691,1127,1194,2001,2107,1931,3737,31482,16571,4992,1753,8839,2759,1826,17,15
2021-06-01T23:59:59+02:00,2,1,683,778,2550,2201,3046,2671,3245,4432,3282,4005,2288,2409,3035,3091,2703,5121,201,275,821,905,942,1261,971,1967,1045,1618,1095,1138,1992,2095,1929,3732,30887,16299,4782,1716,8830,2570,1595,17,15
2021-05-31T23:59:59+02:00,2,1,651,757,2434,2127,2916,2591,3141,4338,3229,3958,2283,2396,3033,3088,2703,5120,188,263,779,869,882,1225,929,1891,1007,1560,1075,1110,1986,2090,1927,3730,30517,16136,4558,1702,8814,2439,1422,17,15
2021-05-30T23:59:59+02:00,2,1,641,747,2385,2083,2846,2559,3088,4297,3210,3936,2280,2392,3033,3087,2702,5118,178,247,745,837,834,1184,888,1830,985,1508,1063,1094,1980,2082,1927,3728,30372,16042,4497,1692,8805,2287,1274,17,15
2021-05-29T23:59:59+02:00,2,1,639,745,2371,2068,2823,2548,3072,4279,3200,3927,2279,2391,3033,3087,2702,5118,175,239,739,828,816,1160,873,1779,972,1472,1049,1075,1979,2076,1926,3728,30253,15954,4495,1692,8803,2151,1273,17,15
2021-05-28T23:59:59+02:00,2,1,632,735,2344,2033,2780,2522,3047,4262,3189,3911,2279,2387,3031,3082,2702,5118,172,232,729,817,806,1141,863,1741,939,1433,1030,1046,1977,2068,1925,3726,30036,15791,4486,1690,8800,2076,1269,17,15
2021-05-27T23:59:59+02:00,2,1,590,717,2221,1985,2649,2453,2916,4188,3107,3859,2270,2373,3030,3080,2702,5115,159,217,668,769,731,1086,786,1644,874,1348,1008,1015,1963,2048,1924,3724,29575,15586,4359,1650,8772,1829,1076,17,14
2021-05-26T23:59:59+02:00,2,1,564,694,2126,1921,2490,2397,2792,4127,3053,3808,2259,2362,3025,3073,2699,5109,155,203,631,730,685,1051,743,1575,829,1293,993,986,1944,2015,1919,3718,29193,15363,4134,1640,8747,1697,945,17,14
2021-05-25T23:59:59+02:00,2,1,542,680,2047,1869,2390,2356,2686,4046,3004,3774,2246,2353,3022,3068,2698,5105,147,195,612,701,654,1018,699,1517,782,1232,972,965,1918,1981,1918,3714,28854,15151,3959,1604,8708,1564,881,17,13
2021-05-24T23:59:59+02:00,2,1,530,662,1997,1833,2321,2325,2622,3995,2953,3735,2234,2345,3016,3067,2695,5104,143,187,593,683,627,988,663,1458,760,1179,951,950,1912,1979,1913,3713,28684,15057,3804,1592,8675,1442,782,17,13
2021-05-23T23:59:59+02:00,2,1,527,661,1984,1823,2309,2312,2612,3982,2942,3720,2230,2342,3016,3065,2695,5104,142,186,589,677,621,984,647,1446,749,1172,946,944,1908,1975,1911,3709,28578,14981,3801,1586,8674,1433,780,17,13
2021-05-22T23:59:59+02:00,2,1,522,652,1962,1808,2279,2297,2588,3953,2915,3695,2223,2338,3015,3062,2695,5103,139,178,582,672,617,975,636,1442,745,1163,934,938,1901,1960,1911,3709,28368,14917,3800,1586,8672,1399,771,17,13
2021-05-21T23:59:59+02:00,2,1,510,637,1885,1778,2198,2256,2527,3904,2874,3650,2216,2325,3012,3061,2695,5102,139,175,577,665,605,966,624,1430,725,1143,919,913,1889,1955,1911,3708,27932,14824,3773,1585,8657,1338,768,17,13
2021-05-20T23:59:59+02:00,2,1,474,618,1756,1711,2071,2186,2408,3812,2793,3563,2197,2312,3004,3053,2693,5099,132,167,549,630,572,927,596,1374,694,1080,895,881,1877,1942,1909,3705,27291,14695,3660,1570,8588,1136,696,17,13
2021-05-19T23:59:59+02:00,2,1,435,583,1652,1639,1936,2122,2276,3715,2693,3472,2179,2296,2997,3048,2687,5098,119,159,522,610,540,893,567,1324,667,1020,876,861,1857,1912,1902,3700,26578,14524,3592,1550,8550,1040,578,17,13
2021-05-18T23:59:59+02:00,2,0,414,562,1578,1582,1842,2064,2165,3595,2601,3377,2167,2277,2989,3040,2686,5094,112,153,498,590,519,861,550,1248,649,958,861,834,1846,1893,1898,3693,26093,14397,3426,1511,8496,935,479,17,13
2021-05-17T23:59:59+02:00,2,0,395,550,1525,1549,1795,2020,2102,3498,2556,3308,2148,2258,2978,3032,2684,5089,107,146,478,576,511,826,537,1185,638,903,843,801,1841,1882,1897,3688,25807,14312,3313,1477,8437,838,387,17,12
2021-05-16T23:59:59+02:00,2,0,391,549,1499,1521,1765,1998,2062,3447,2500,3253,2134,2250,2975,3028,2684,5088,104,144,470,557,503,810,524,1136,619,861,815,772,1836,1878,1897,3687,25635,14256,3247,1443,8402,751,314,17,12
2021-05-15T23:59:59+02:00,2,0,386,545,1473,1504,1748,1978,2044,3425,2477,3219,2127,2250,2974,3026,2683,5088,104,141,468,556,503,809,519,1132,612,852,811,770,1832,1875,1897,3687,25445,14224,3247,1443,8398,743,309,16,12
2021-05-14T23:59:59+02:00,2,0,375,534,1444,1474,1707,1937,1967,3351,2429,3176,2118,2240,2971,3026,2681,5088,102,138,466,540,485,785,501,1102,599,836,798,756,1825,1867,1897,3686,25086,14168,3206,1428,8376,642,293,16,12
2021-05-13T23:59:59+02:00,2,0,355,517,1389,1427,1610,1895,1854,3266,2360,3090,2092,2223,2962,3022,2679,5082,97,135,454,532,475,770,495,1088,589,823,773,730,1810,1844,1896,3680,24667,14086,2997,1382,8325,602,266,16,12
2021-05-12T23:59:59+02:00,1,0,348,514,1371,1419,1594,1886,1834,3242,2346,3076,2089,2216,2956,3019,2679,5081,97,133,452,532,474,764,491,1084,586,817,765,716,1806,1837,1894,3680,24541,14034,2976,1374,8320,601,263,15,12
2021-05-11T23:59:59+02:00,1,0,331,494,1306,1387,1498,1851,1730,3144,2247,3003,2072,2189,2947,3008,2675,5080,91,123,438,506,454,738,472,1053,554,796,741,685,1794,1827,1892,3676,24147,13921,2814,1338,8214,513,210,15,12
2021-05-10T23:59:59+02:00,1,0,317,478,1268,1358,1450,1822,1666,3089,2190,2933,2060,2174,2938,2999,2674,5076,91,120,432,499,445,718,465,1030,550,773,730,669,1788,1820,1890,3672,23883,13860,2741,1332,8102,460,183,15,11
2021-05-09T23:59:59+02:00,1,0,312,468,1229,1340,1428,1806,1620,3053,2127,2889,2050,2161,2935,2993,2674,5071,88,117,424,491,438,711,456,1021,540,760,718,659,1782,1816,1889,3669,23661,13818,2690,1326,8055,414,161,15,11
2021-05-08T23:59:59+02:00,1,0,306,466,1220,1321,1402,1790,1592,3030,2079,2874,2043,2153,2933,2992,2672,5070,87,117,423,491,436,710,455,1016,540,754,715,658,1776,1805,1889,3669,23454,13801,2687,1318,8051,402,160,15,11
2021-05-07T23:59:59+02:00,1,0,296,459,1196,1296,1357,1770,1534,2967,2027,2826,2034,2143,2932,2987,2670,5065,84,114,412,478,426,684,442,981,518,728,709,634,1758,1791,1889,3665,23188,13735,2659,1294,7990,298,126,15,10
2021-05-06T23:59:59+02:00,1,0,279,447,1109,1260,1242,1708,1397,2855,1896,2736,1998,2113,2928,2974,2669,5061,82,108,399,464,415,669,430,960,499,709,697,617,1744,1775,1885,3658,22705,13664,2473,1274,7786,215,98,14,9
2021-05-05T23:59:59+02:00,1,0,264,434,1071,1236,1200,1673,1330,2790,1812,2656,1975,2080,2914,2959,2669,5050,82,104,391,455,410,657,423,949,493,691,677,605,1720,1755,1885,3655,22264,13583,2413,1252,7728,167,91,14,8
2021-05-04T23:59:59+02:00,1,0,256,424,1036,1214,1162,1652,1288,2743,1757,2594,1956,2047,2904,2945,2659,5037,78,101,384,445,407,652,414,930,485,672,660,585,1704,1729,1881,3655,21934,13488,2351,1221,7682,129,85,14,7
2021-05-03T23:59:59+02:00,1,0,252,416,1005,1191,1125,1636,1259,2710,1712,2559,1939,2018,2891,2936,2657,5031,74,95,372,440,399,644,410,922,478,665,645,575,1681,1702,1879,3651,21688,13393,2328,1212,7634,108,59,14,6
2021-05-02T23:59:59+02:00,1,0,246,414,991,1180,1097,1620,1235,2697,1697,2538,1932,2004,2886,2933,2655,5028,72,95,366,438,396,639,407,916,475,659,637,564,1661,1690,1879,3650,21564,13355,2313,1190,7599,95,44,14,6
2021-05-01T23:59:59+02:00,1,0,243,411,983,1172,1087,1611,1224,2685,1682,2519,1924,1998,2882,2929,2655,5028,72,95,366,437,395,639,406,912,475,658,635,564,1661,1690,1879,3650,21441,13348,2313,1190,7599,92,44,14,6
2021-04-30T23:59:59+02:00,1,0,241,405,973,1153,1066,1592,1187,2622,1625,2460,1910,1981,2876,2924,2654,5024,71,93,365,432,392,633,405,888,470,647,628,558,1658,1684,1879,3648,21137,13333,2308,1178,7595,68,13,14,5
2021-04-29T23:59:59+02:00,1,0,228,390,926,1130,1029,1556,1140,2569,1535,2389,1861,1936,2867,2913,2650,5012,71,92,359,431,387,628,399,877,460,636,615,547,1643,1672,1873,3642,20665,13262,2272,1151,7536,47,12,14,5
2021-04-28T23:59:59+02:00,1,0,217,387,913,1116,1000,1545,1106,2531,1469,2334,1823,1874,2855,2908,2648,5009,68,91,352,428,384,618,396,867,454,623,598,529,1627,1655,1873,3640,20364,13186,2230,1111,7482,34,11,14,5
2021-04-27T23:59:59+02:00,1,0,216,381,899,1103,986,1533,1082,2506,1447,2306,1792,1831,2849,2901,2646,5005,66,88,350,425,382,613,394,863,448,618,591,518,1615,1632,1869,3637,20166,13125,2205,1083,7448,29,11,13,5
2021-04-26T23:59:59+02:00,1,0,213,375,890,1094,976,1523,1056,2489,1395,2258,1774,1810,2839,2890,2643,4999,66,87,346,421,382,612,390,860,444,612,582,506,1600,1617,1867,3633,19980,13080,2190,1045,7385,27,11,13,5
2021-04-25T23:59:59+02:00,1,0,213,374,882,1085,965,1515,1039,2470,1362,2224,1750,1787,2831,2883,2643,4998,65,86,345,416,379,611,388,856,442,611,580,500,1595,1608,1867,3631,19848,13062,2166,1027,7335,19,11,13,4
2021-04-24T23:59:59+02:00,1,0,209,370,871,1078,952,1501,1025,2451,1331,2201,1740,1763,2828,2878,2643,4998,65,86,345,416,378,611,388,854,441,608,579,497,1594,1605,1867,3631,19682,13055,2166,1018,7317,19,11,13,4
2021-04-23T23:59:59+02:00,1,0,205,364,860,1067,945,1491,1007,2435,1273,2156,1718,1737,2822,2872,2643,4995,64,84,345,416,378,610,387,851,438,604,572,489,1585,1597,1867,3626,19530,13030,2155,991,7225,19,11,13,4
2021-04-22T23:59:59+02:00,1,0,204,356,836,1048,921,1469,977,2393,1220,2093,1674,1690,2811,2852,2641,4986,64,83,343,412,372,604,384,841,433,599,562,481,1566,1584,1862,3621,19237,12960,2100,966,7149,12,11,13,4
2021-04-21T23:59:59+02:00,1,0,199,349,818,1034,897,1452,939,2357,1169,2046,1629,1628,2791,2831,2634,4978,62,81,340,410,371,601,381,836,430,592,557,475,1554,1562,1851,3616,18900,12890,2069,944,7093,12,11,13,4
2021-04-20T23:59:59+02:00,1,0,193,344,802,1010,880,1433,918,2305,1130,1995,1574,1561,2764,2806,2628,4963,61,81,338,409,367,597,377,830,430,585,551,467,1532,1531,1847,3612,18589,12810,1997,921,7027,11,11,13,4
2021-04-19T23:59:59+02:00,1,0,191,336,788,999,867,1416,901,2274,1107,1962,1538,1516,2751,2792,2626,4958,61,80,337,407,362,592,373,821,425,575,547,461,1504,1505,1841,3599,18387,12717,1981,893,6960,8,10,12,4
2021-04-18T23:59:59+02:00,1,0,190,333,780,990,855,1405,882,2257,1086,1942,1502,1478,2742,2786,2620,4952,60,78,336,406,362,592,372,816,423,573,544,455,1494,1499,1838,3597,18260,12688,1950,877,6889,8,10,12,4
2021-04-17T23:59:59+02:00,1,0,188,329,777,987,850,1403,873,2253,1081,1934,1482,1453,2737,2778,2620,4952,60,75,334,401,361,592,370,812,423,570,540,449,1486,1491,1838,3596,18183,12643,1949,875,6863,8,10,12,4
2021-04-16T23:59:59+02:00,1,0,187,328,769,981,838,1387,860,2232,1045,1895,1428,1386,2726,2763,2616,4945,55,73,331,394,360,590,366,800,416,556,515,420,1474,1470,1827,3583,17963,12538,1934,811,6786,7,10,11,4
2021-04-15T23:59:59+02:00,1,0,186,323,747,965,821,1376,835,2188,1004,1857,1380,1332,2697,2736,2601,4929,53,73,326,388,355,589,358,795,406,553,500,412,1443,1438,1815,3568,17692,12427,1919,764,6660,6,10,10,4
2021-04-14T23:59:59+02:00,1,0,185,317,738,958,814,1363,824,2156,987,1828,1324,1289,2650,2671,2588,4913,51,69,322,385,351,585,355,787,397,541,485,396,1410,1407,1808,3550,17420,12296,1900,722,6576,6,10,9,4
2021-04-13T23:59:59+02:00,1,0,181,312,729,954,804,1353,813,2131,956,1800,1262,1218,2598,2613,2580,4898,49,69,319,382,343,580,348,779,389,533,472,388,1384,1385,1800,3539,17181,12201,1849,677,6463,5,10,8,4
2021-04-12T23:59:59+02:00,1,0,181,311,725,950,797,1341,789,2109,941,1779,1218,1183,2579,2583,2576,4884,48,65,309,375,338,574,343,771,383,527,457,377,1368,1372,1797,3531,17050,12117,1828,635,6356,5,10,7,4
2021-04-11T23:59:59+02:00,0,0,179,310,719,942,790,1336,778,2093,925,1762,1197,1154,2559,2561,2571,4877,47,63,304,373,336,572,342,767,378,519,452,368,1353,1367,1793,3524,16981,12065,1804,609,6252,4,10,7,4
2021-04-10T23:59:59+02:00,0,0,179,308,719,940,788,1335,771,2085,918,1756,1183,1140,2547,2546,2571,4877,42,58,281,361,321,557,328,755,363,509,439,361,1341,1348,1788,3518,16928,11889,1795,593,6223,4,10,7,4
2021-04-09T23:59:59+02:00,0,0,179,304,714,936,778,1312,763,2002,899,1674,1133,1072,2508,2519,2568,4869,35,56,266,347,303,546,310,741,350,493,422,353,1301,1319,1776,3504,16775,11667,1760,563,5976,4,8,5,4
2021-04-08T23:59:59+02:00,0,0,178,301,710,929,771,1306,750,1985,877,1654,1067,992,2451,2482,2556,4859,35,54,259,333,290,538,294,725,325,475,396,330,1252,1281,1752,3470,16612,11383,1699,530,5839,4,7,5,4
2021-04-07T23:59:59+02:00,0,0,172,298,702,923,763,1292,734,1957,859,1625,1016,935,2400,2425,2547,4843,33,51,241,317,280,532,285,712,311,462,368,311,1206,1244,1733,3432,16422,11117,1658,499,5690,4,7,5,4
2021-04-06T23:59:59+02:00,0,0,168,297,695,919,750,1277,715,1934,832,1600,983,889,2360,2376,2539,4833,31,50,240,314,278,529,275,709,301,457,357,297,1178,1214,1713,3410,16305,10985,1625,466,5513,4,7,5,4
2021-04-05T23:59:59+02:00,0,0,168,297,694,913,746,1268,706,1918,823,1585,956,864,2334,2333,2534,4825,31,50,240,310,277,525,272,702,296,455,355,290,1145,1189,1705,3391,16245,10892,1609,437,5382,4,7,5,4
2021-04-04T23:59:59+02:00,0,0,167,294,691,907,741,1257,697,1902,816,1564,945,850,2329,2327,2534,4824,31,50,240,310,276,525,272,702,295,455,353,290,1128,1176,1701,3387,16218,10850,1607,437,5293,4,7,4,4
2021-04-03T23:59:59+02:00,0,0,167,294,691,907,739,1255,696,1897,809,1561,932,841,2323,2316,2531,4823,31,50,240,310,276,525,272,701,295,453,353,290,1128,1171,1701,3384,16174,10839,1607,437,5273,4,7,4,4
2021-04-02T23:59:59+02:00,0,0,167,293,691,906,738,1252,693,1890,801,1550,920,830,2302,2295,2529,4820,31,50,237,310,274,523,269,694,287,448,349,289,1106,1143,1690,3357,16106,10722,1595,430,5246,4,7,4,4
2021-04-01T23:59:59+02:00,0,0,164,290,685,895,725,1239,687,1870,784,1529,892,797,2264,2247,2523,4801,30,49,229,307,272,519,266,687,281,443,337,281,1068,1105,1657,3314,15979,10522,1534,416,5145,4,7,4,4
2021-03-31T23:59:59+02:00,0,0,161,287,678,888,715,1223,679,1824,770,1486,877,779,2223,2189,2502,4782,30,49,228,306,267,517,262,685,272,433,323,275,1005,1052,1633,3282,15864,10315,1475,398,4991,4,6,4,4
2021-03-30T23:59:59+02:00,0,0,157,280,672,879,711,1202,670,1785,761,1443,858,761,2178,2125,2488,4760,30,48,225,303,264,514,260,679,267,425,312,269,972,1023,1611,3246,15726,10159,1431,380,4838,4,6,4,4
2021-03-29T23:59:59+02:00,0,0,154,274,667,866,705,1190,660,1753,748,1404,839,744,2108,2059,2467,4730,30,48,224,302,263,512,256,673,259,414,305,264,947,1002,1598,3219,15524,10036,1387,370,4721,4,6,4,4
2021-03-28T23:59:59+02:00,0,0,146,257,657,859,699,1181,655,1733,743,1388,832,723,2065,2019,2462,4718,30,47,221,302,259,506,252,670,257,411,303,262,936,992,1592,3211,15451,9979,1336,362,4613,4,6,4,4
2021-03-27T23:59:59+01:00,0,0,146,254,653,852,695,1177,649,1721,741,1381,824,709,2055,2006,2462,4717,30,47,221,302,259,506,251,664,254,406,301,261,929,982,1575,3187,15402,9913,1327,352,4575,4,6,4,4
2021-03-26T23:59:59+01:00,0,0,144,252,643,840,690,1162,640,1703,733,1351,805,691,2030,1981,2452,4707,30,47,221,302,258,504,251,664,248,394,296,254,898,950,1542,3138,15296,9737,1291,352,4496,4,4,4,4
2021-03-25T23:59:59+01:00,0,0,141,251,633,830,672,1141,625,1669,715,1308,786,671,1988,1939,2436,4689,30,47,218,297,257,503,244,661,246,392,288,250,859,918,1480,3059,15186,9502,1237,338,4327,3,4,4,4
2021-03-24T23:59:59+01:00,0,0,138,243,619,817,668,1128,616,1632,701,1274,763,654,1947,1895,2419,4665,30,47,216,295,256,501,242,661,240,389,281,244,816,894,1430,2967,15053,9280,1203,322,4178,2,3,4,4
2021-03-23T23:59:59+01:00,0,0,136,241,612,810,654,1116,606,1610,688,1236,745,640,1906,1864,2404,4647,29,46,214,294,254,497,235,656,237,382,271,240,792,871,1352,2869,14961,9019,1174,311,4033,2,3,4,4
2021-03-22T23:59:59+01:00,0,0,133,236,594,793,635,1098,595,1578,673,1210,736,627,1876,1840,2393,4631,29,45,213,292,252,495,234,648,236,378,268,235,767,849,1260,2764,14881,8757,1143,299,3876,2,3,4,4
2021-03-21T23:59:59+01:00,0,0,131,234,590,787,631,1095,590,1554,662,1175,730,617,1852,1833,2387,4615,29,45,212,292,251,493,233,647,235,376,266,232,761,846,1251,2755,14848,8724,1122,290,3760,2,3,4,4
2021-03-20T23:59:59+01:00,0,0,129,234,585,784,628,1092,587,1550,660,1173,726,608,1829,1811,2380,4603,29,45,212,292,251,493,232,645,232,370,264,230,752,840,1233,2742,14787,8672,1112,280,3725,2,3,4,4
2021-03-19T23:59:59+01:00,0,0,120,222,579,770,622,1086,584,1532,643,1159,692,566,1773,1770,2351,4582,28,45,212,291,250,493,231,638,229,367,262,224,726,821,1198,2689,14623,8528,1039,265,3630,2,3,4,4
2021-03-18T23:59:59+01:00,0,0,117,217,562,760,602,1054,565,1482,614,1111,656,541,1724,1722,2324,4539,28,45,210,289,248,486,231,632,225,358,260,216,709,809,1166,2647,14433,8401,977,246,3415,2,3,4,4
2021-03-17T23:59:59+01:00,0,0,112,211,551,747,590,1049,555,1468,599,1090,634,519,1681,1687,2303,4500,28,44,210,288,247,483,230,631,224,355,259,214,697,797,1131,2601,14234,8285,931,240,3361,2,3,4,4
2021-03-16T23:59:59+01:00,0,0,107,205,540,735,577,1037,543,1429,583,1062,616,495,1628,1635,2282,4464,28,43,210,286,247,478,229,629,222,354,255,214,682,778,1101,2546,14058,8151,878,237,3226,2,2,4,4
2021-03-15T23:59:59+01:00,0,0,103,198,526,720,566,1012,532,1394,568,1025,599,477,1587,1599,2260,4440,27,43,209,283,247,475,227,627,220,354,247,210,664,766,1076,2510,13907,8050,823,223,3098,2,0,4,4
2021-03-14T23:59:59+01:00,0,0,99,186,517,705,555,990,524,1350,551,980,581,462,1560,1578,2244,4415,27,43,209,281,246,474,226,622,219,349,245,206,660,759,1068,2495,13802,8023,788,194,2925,2,0,4,4
2021-03-13T23:59:59+01:00,0,0,95,175,491,684,526,964,497,1328,529,959,555,454,1534,1553,2236,4407,27,43,209,281,246,474,225,622,219,348,244,206,655,750,1039,2466,13579,7947,774,193,2839,2,0,4,4
2021-03-12T23:59:59+01:00,0,0,86,169,465,656,505,937,475,1293,504,924,525,434,1479,1506,2214,4368,27,43,209,280,246,473,225,622,219,347,240,204,642,738,1014,2439,13279,7859,745,193,2713,2,0,4,3
2021-03-11T23:59:59+01:00,0,0,80,158,434,619,471,905,437,1214,466,861,494,401,1402,1440,2166,4309,27,42,208,277,241,469,223,618,215,344,236,202,626,718,989,2398,12901,7775,692,142,2445,2,0,4,3
2021-03-10T23:59:59+01:00,0,0,78,152,410,595,453,887,419,1178,439,818,465,376,1325,1376,2127,4252,27,42,206,272,237,464,220,612,215,342,231,199,607,710,966,2359,12564,7666,659,125,2305,2,0,4,3
2021-03-09T23:59:59+01:00,0,0,77,149,401,575,429,858,405,1129,421,787,444,359,1276,1343,2086,4208,27,42,205,269,235,456,217,608,211,338,229,198,596,703,948,2328,12345,7585,633,106,2134,2,0,4,3
2021-03-08T23:59:59+01:00,0,0,74,144,387,557,411,840,393,1077,410,745,428,345,1222,1308,2062,4170,27,42,205,268,232,451,213,603,207,334,227,197,584,698,938,2317,12161,7534,596,90,1978,1,0,4,3
2021-03-07T23:59:59+01:00,0,0,71,140,384,547,403,824,381,1063,403,739,425,340,1210,1290,2053,4161,27,42,205,267,232,449,211,602,207,333,226,196,580,695,930,2310,12095,7505,570,88,1927,0,0,4,3
2021-03-06T23:59:59+01:00,0,0,71,134,381,543,396,803,374,1009,395,705,423,339,1203,1279,2038,4146,27,42,205,267,231,448,211,601,207,333,226,196,577,695,928,2297,12038,7497,570,75,1787,0,0,4,3
2021-03-05T23:59:59+01:00,0,0,71,129,377,537,392,797,371,993,384,679,412,326,1163,1237,1994,4087,27,42,204,266,230,447,210,599,206,331,224,195,572,694,920,2276,11824,7474,548,49,1726,0,0,4,3
2021-03-04T23:59:59+01:00,0,0,71,118,368,504,378,764,351,952,370,649,395,324,1111,1186,1910,3992,27,42,202,261,228,440,208,588,203,330,223,194,570,691,917,2273,11522,7427,516,48,1552,0,0,4,3
2021-03-03T23:59:59+01:00,0,0,67,111,359,488,371,748,346,930,356,629,385,316,1067,1153,1841,3871,27,42,202,260,227,438,205,578,203,323,222,191,565,688,910,2267,11251,7383,489,43,1441,0,0,4,3
2021-03-02T23:59:59+01:00,0,0,64,105,349,475,358,730,335,909,348,601,372,309,1032,1123,1743,3750,26,42,202,260,227,431,200,571,201,320,220,191,563,680,903,2254,10927,7324,465,43,1347,0,0,4,3
2021-03-01T23:59:59+01:00,0,0,63,103,343,462,351,711,324,884,341,567,367,305,1006,1091,1625,3596,26,41,201,259,225,422,198,563,201,316,219,191,560,674,894,2246,10587,7268,444,43,1241,0,0,4,3
2021-02-28T23:59:59+01:00,0,0,63,101,336,453,348,703,322,860,337,547,362,293,998,1087,1615,3584,26,41,200,258,224,422,198,563,201,316,218,191,559,670,891,2243,10543,7253,433,43,1164,0,0,4,3
2021-02-27T23:59:59+01:00,0,0,60,92,332,444,344,701,316,848,333,537,358,289,989,1076,1593,3563,26,41,200,257,224,421,197,562,200,315,218,191,559,670,891,2243,10474,7252,421,38,1109,0,0,4,3
2021-02-26T23:59:59+01:00,0,0,58,89,325,420,319,670,297,817,320,516,354,285,964,1056,1552,3501,26,40,200,256,224,419,195,559,197,313,218,191,559,670,890,2240,10315,7234,418,38,934,0,0,4,2
2021-02-25T23:59:59+01:00,0,0,51,78,312,401,309,640,290,789,305,490,345,275,947,1037,1515,3456,26,40,199,254,220,416,192,551,192,312,213,188,548,662,879,2234,10167,7173,404,28,790,0,0,4,2
2021-02-24T23:59:59+01:00,0,0,47,73,303,389,302,627,285,774,301,480,338,274,927,1025,1468,3397,25,40,197,252,217,403,190,543,189,307,211,185,542,656,877,2221,10019,7108,390,20,720,0,0,4,2
2021-02-23T23:59:59+01:00,0,0,44,64,290,374,293,608,279,755,291,470,331,272,899,1006,1427,3324,24,40,196,250,215,398,189,537,185,304,210,184,540,646,871,2202,9844,7047,371,16,628,0,0,4,2
2021-02-22T23:59:59+01:00,0,0,41,61,283,362,289,598,276,744,287,466,324,265,878,991,1397,3288,24,38,192,247,212,385,181,527,180,301,207,182,528,638,864,2185,9725,6957,355,5,585,0,0,4,2
2021-02-21T23:59:59+01:00,0,0,40,60,278,355,287,589,272,736,281,462,321,263,873,986,1390,3279,24,37,191,245,212,383,181,518,180,299,207,182,524,637,856,2172,9699,6913,347,5,537,0,0,4,2
2021-02-20T23:59:59+01:00,0,0,39,60,275,354,287,586,271,730,278,454,320,263,860,975,1358,3248,24,37,191,245,212,383,181,518,179,298,207,182,523,637,854,2171,9615,6907,336,5,515,0,0,4,2
2021-02-19T23:59:59+01:00,0,0,38,60,271,349,281,563,261,704,273,441,316,258,837,958,1324,3218,24,36,191,245,211,382,181,517,178,298,206,181,518,636,849,2154,9509,6872,321,5,427,0,0,3,2
2021-02-18T23:59:59+01:00,0,0,38,56,253,328,272,542,252,683,256,413,313,249,825,939,1298,3186,24,35,187,238,209,376,177,501,176,287,203,176,503,622,812,2087,9418,6678,295,5,293,0,0,3,2
2021-02-17T23:59:59+01:00,0,0,38,54,246,322,269,529,247,670,253,391,308,244,805,928,1269,3139,22,33,184,233,201,362,173,484,171,275,195,172,492,607,793,2048,9285,6508,285,4,241,0,0,3,2
2021-02-16T23:59:59+01:00,0,0,37,49,235,311,266,518,241,655,246,384,303,242,794,917,1244,3107,20,33,175,225,193,343,167,472,167,261,192,165,459,576,758,1980,9191,6248,277,4,178,0,0,3,2
2021-02-15T23:59:59+01:00,0,0,36,48,229,308,259,505,237,649,243,376,300,241,776,909,1232,3088,19,31,169,218,188,335,162,462,161,254,182,159,429,547,722,1909,9129,6009,263,4,141,0,0,3,2
2021-02-14T23:59:59+01:00,0,0,34,48,227,305,257,499,235,643,243,372,300,237,769,903,1223,3069,18,31,167,215,184,330,161,450,159,251,181,156,421,538,704,1866,9107,5893,230,4,123,0,0,3,2
2021-02-13T23:59:59+01:00,0,0,33,48,227,305,256,499,235,642,243,372,300,237,767,902,1222,3069,18,31,165,214,181,330,160,448,158,248,179,153,416,535,696,1851,9101,5846,230,1,122,0,0,3,2
2021-02-12T23:59:59+01:00,0,0,32,46,224,300,253,490,231,631,240,366,299,236,761,901,1219,3059,18,31,163,211,180,329,158,446,156,247,177,149,413,519,665,1785,9073,5710,230,1,79,0,0,3,2
2021-02-11T23:59:59+01:00,0,0,31,45,216,281,246,474,224,607,227,352,295,235,753,884,1194,3026,18,30,146,192,172,298,148,400,150,225,160,133,367,471,602,1617,9001,5188,163,1,18,0,0,3,2
2021-02-10T23:59:59+01:00,0,0,31,45,212,274,243,467,220,598,224,345,291,235,741,881,1186,3016,17,27,133,169,158,260,129,351,139,200,144,124,340,440,541,1492,8947,4717,146,1,7,0,0,3,0
2021-02-09T23:59:59+01:00,0,0,30,43,211,271,241,454,216,591,220,342,287,231,737,874,1177,3003,17,26,118,141,145,237,111,309,125,173,126,115,308,384,486,1334,8893,4203,122,1,3,0,0,3,0
2021-02-08T23:59:59+01:00,0,0,30,43,210,269,235,440,213,579,217,337,282,231,729,869,1171,2996,15,24,102,120,124,194,92,268,117,161,103,106,269,332,424,1199,8828,3693,107,1,3,0,0,3,0
2021-02-07T23:59:59+01:00,0,0,30,42,208,267,233,439,213,576,217,336,282,231,727,865,1166,2993,14,18,98,114,117,183,87,250,112,151,96,101,262,319,408,1149,8806,3519,104,1,0,0,0,3,0
2021-02-06T23:59:59+01:00,0,0,30,42,208,267,233,438,213,576,217,335,281,231,726,865,1165,2981,11,14,97,112,116,179,85,243,112,149,95,100,262,315,397,1134,8803,3458,90,1,0,0,0,3,0
2021-02-05T23:59:59+01:00,0,0,29,41,208,267,233,437,211,573,215,334,280,231,724,865,1153,2954,10,10,89,104,112,176,84,239,106,137,92,98,253,310,373,1105,8783,3333,55,0,0,0,0,3,0
2021-02-04T23:59:59+01:00,0,0,29,41,206,266,229,432,206,567,213,330,277,228,718,859,1144,2943,9,7,61,72,88,132,72,201,86,118,88,84,221,274,329,978,8716,2846,55,0,0,0,0,3,0
2021-02-03T23:59:59+01:00,0,0,29,40,206,264,228,420,203,561,212,327,275,226,708,856,1137,2928,6,4,45,54,69,108,54,156,73,89,63,59,166,200,248,715,8653,2130,50,0,0,0,0,3,0
2021-02-02T23:59:59+01:00,0,0,28,40,205,262,225,414,202,556,209,326,272,225,700,846,1130,2903,3,3,29,38,54,77,42,100,54,66,54,48,119,134,165,473,8575,1473,49,0,0,0,0,3,0
2021-02-01T23:59:59+01:00,0,0,27,38,203,262,222,409,199,550,205,319,271,222,693,843,1125,2891,3,1,22,21,27,45,28,62,30,35,38,30,72,86,95,284,8511,887,49,0,0,0,0,3,0
2021-01-31T23:59:59+01:00,0,0,27,38,203,260,220,405,197,542,204,317,270,222,689,839,1119,2876,3,1,20,16,18,37,21,49,22,31,35,24,57,74,92,254,8460,760,48,0,0,0,0,3,0
2021-01-30T23:59:59+01:00,0,0,27,38,203,260,220,405,196,542,204,317,270,222,688,839,1118,2874,3,1,19,15,16,37,19,45,20,30,34,23,57,71,90,248,8456,733,47,0,0,0,0,3,0
2021-01-29T23:59:59+01:00,0,0,27,38,203,257,219,404,195,541,202,315,270,222,683,836,1112,2866,3,0,16,10,11,31,18,40,16,27,34,22,54,70,88,242,8428,685,43,0,0,0,0,2,0
2021-01-28T23:59:59+01:00,0,0,27,37,196,254,219,398,194,532,199,310,269,222,671,828,1089,2846,3,0,3,3,6,18,10,22,7,13,26,15,37,47,58,171,8338,440,34,0,0,0,0,2,0
2021-01-27T23:59:59+01:00,0,0,26,35,191,249,214,389,192,518,196,300,261,217,657,811,1065,2808,1,0,2,3,5,14,9,20,6,12,25,14,31,41,49,130,8176,362,29,0,0,0,0,2,0
2021-01-26T23:59:59+01:00,0,0,23,35,188,238,208,376,187,500,193,291,255,212,635,794,1037,2757,1,0,1,3,5,14,9,20,6,12,24,11,30,37,48,113,7980,334,24,0,0,0,0,2,0
2021-01-25T23:59:59+01:00,0,0,23,34,180,236,205,366,182,490,188,280,245,207,612,774,1011,2712,1,0,1,3,4,12,8,17,6,11,21,10,26,36,40,102,7812,298,6,0,0,0,0,2,0
2021-01-24T23:59:59+01:00,0,0,22,33,178,233,202,365,181,488,187,278,245,205,608,769,1008,2707,1,0,1,3,3,12,8,17,6,11,21,10,26,36,39,100,7776,294,5,0,0,0,0,2,0
2021-01-23T23:59:59+01:00,0,0,22,33,178,233,200,365,181,487,187,278,245,205,607,769,1000,2694,1,0,1,3,3,11,8,17,5,11,21,10,26,36,39,100,7751,292,5,0,0,0,0,2,0
2021-01-22T23:59:59+01:00,0,0,21,32,176,229,199,365,181,486,186,278,245,203,605,767,972,2652,1,0,1,3,3,11,8,17,5,11,21,10,26,36,39,100,7664,292,5,0,0,0,0,2,0
2021-01-21T23:59:59+01:00,0,0,20,32,166,221,192,347,176,464,184,261,233,198,580,742,935,2599,1,0,1,3,1,6,7,12,3,7,20,8,22,26,34,83,7414,234,5,0,0,0,0,2,0
2021-01-20T23:59:59+01:00,0,0,19,30,151,195,176,305,147,408,170,237,215,186,538,696,867,2399,1,0,1,3,1,6,7,11,3,6,19,7,21,23,30,77,6797,216,4,0,0,0,0,2,0
2021-01-19T23:59:59+01:00,0,0,19,28,128,164,160,271,134,367,155,214,180,165,475,605,769,2125,1,0,1,3,1,6,5,7,1,4,11,3,10,15,21,55,6011,144,3,0,0,0,0,2,0
2021-01-18T23:59:59+01:00,0,0,16,27,113,147,138,227,116,319,138,187,142,150,385,500,633,1782,1,0,1,1,0,3,4,5,0,4,2,1,4,6,10,28,5068,70,3,0,0,0,0,2,0
2021-01-17T23:59:59+01:00,0,0,15,17,109,133,130,214,108,295,131,175,133,136,370,470,583,1680,1,0,0,0,0,1,2,4,0,2,1,1,3,1,2,5,4740,23,3,0,0,0,0,2,0
2021-01-16T23:59:59+01:00,0,0,13,13,105,130,128,209,105,285,129,169,130,132,365,462,566,1652,0,0,0,0,0,0,0,0,0,0,0,0,0,0,0,0,4634,0,0,0,0,0,0,2,0
2021-01-15T23:59:59+01:00,0,0,11,11,100,121,124,204,103,276,127,157,126,129,358,447,536,1608,0,0,0,0,0,0,0,0,0,0,0,0,0,0,0,0,4476,0,0,0,0,0,0,2,0
2021-01-14T23:59:59+01:00,0,0,9,7,75,88,104,167,85,231,110,140,114,108,306,397,471,1392,0,0,0,0,0,0,0,0,0,0,0,0,0,0,0,0,3833,0,0,0,0,0,0,2,0
2021-01-13T23:59:59+01:00,0,0,7,6,63,78,93,140,75,190,100,115,86,79,236,282,373,1062,0,0,0,0,0,0,0,0,0,0,0,0,0,0,0,0,3009,0,0,0,0,0,0,2,0
2021-01-12T23:59:59+01:00,0,0,5,5,53,60,76,110,67,133,78,91,70,63,166,202,270,742,0,0,0,0,0,0,0,0,0,0,0,0,0,0,0,0,2213,0,0,0,0,0,0,0,0
2021-01-11T23:59:59+01:00,0,0,4,3,45,48,63,80,53,107,56,64,50,42,96,123,141,417,0,0,0,0,0,0,0,0,0,0,0,0,0,0,0,0,1410,0,0,0,0,0,0,0,0
2021-01-10T23:59:59+01:00,0,0,3,3,41,36,46,67,38,85,46,55,45,32,79,109,132,363,0,0,0,0,0,0,0,0,0,0,0,0,0,0,0,0,1191,0,0,0,0,0,0,0,0
2021-01-09T23:59:59+01:00,0,0,3,2,38,35,41,64,35,75,40,50,44,32,79,107,129,361,0,0,0,0,0,0,0,0,0,0,0,0,0,0,0,0,1144,0,0,0,0,0,0,0,0
2021-01-08T23:59:59+01:00,0,0,3,2,31,27,34,57,29,62,35,44,42,29,74,104,126,350,0,0,0,0,0,0,0,0,0,0,0,0,0,0,0,0,1056,0,0,0,0,0,0,0,0
2021-01-07T23:59:59+01:00,0,0,3,2,9,3,9,20,12,28,11,22,35,20,52,69,87,248,0,0,0,0,0,0,0,0,0,0,0,0,0,0,0,0,631,0,0,0,0,0,0,0,0
2021-01-06T23:59:59+01:00,0,0,3,0,2,3,5,15,9,22,7,13,31,18,44,58,73,197,0,0,0,0,0,0,0,0,0,0,0,0,0,0,0,0,501,0,0,0,0,0,0,0,0
2021-01-05T23:59:59+01:00,0,0,2,0,1,3,5,14,9,20,7,12,30,17,43,57,70,189,0,0,0,0,0,0,0,0,0,0,0,0,0,0,0,0,480,0,0,0,0,0,0,0,0
2021-01-04T23:59:59+01:00,0,0,1,0,1,3,5,13,8,18,6,11,26,14,34,48,54,143,0,0,0,0,0,0,0,0,0,0,0,0,0,0,0,0,385,0,0,0,0,0,0,0,0
2021-01-03T23:59:59+01:00,0,0,1,0,1,3,4,13,8,18,6,11,26,14,34,48,54,142,0,0,0,0,0,0,0,0,0,0,0,0,0,0,0,0,383,0,0,0,0,0,0,0,0
2021-01-02T23:59:59+01:00,0,0,1,0,1,3,4,13,7,18,5,11,26,14,34,48,54,142,0,0,0,0,0,0,0,0,0,0,0,0,0,0,0,0,381,0,0,0,0,0,0,0,0
2021-01-01T23:59:59+01:00,0,0,1,0,1,3,4,13,7,18,5,11,26,14,34,48,54,142,0,0,0,0,0,0,0,0,0,0,0,0,0,0,0,0,381,0,0,0,0,0,0,0,0
2020-12-31T23:59:59+01:00,0,0,1,0,1,3,4,12,7,18,5,11,26,14,34,48,54,142,0,0,0,0,0,0,0,0,0,0,0,0,0,0,0,0,380,0,0,0,0,0,0,0,0
2020-12-30T23:59:59+01:00,0,0,1,0,1,3,4,12,7,17,5,11,26,14,34,48,54,142,0,0,0,0,0,0,0,0,0,0,0,0,0,0,0,0,379,0,0,0,0,0,0,0,0
2020-12-29T23:59:59+01:00,0,0,1,0,1,3,3,8,5,12,3,8,19,10,25,40,39,115,0,0,0,0,0,0,0,0,0,0,0,0,0,0,0,0,292,0,0,0,0,0,0,0,0
2020-12-28T23:59:59+01:00,0,0,1,0,1,1,1,2,3,6,2,5,11,3,8,15,24,58,0,0,0,0,0,0,0,0,0,0,0,0,0,0,0,0,141,0,0,0,0,0,0,0,0
2020-12-27T23:59:59+01:00,0,0,1,0,0,0,0,1,2,6,0,2,2,1,5,4,5,20,0,0,0,0,0,0,0,0,0,0,0,0,0,0,0,0,49,0,0,0,0,0,0,0,0
