Datum,<15_1_m,<15_1_w,15-24_1_m,15-24_1_w,25-34_1_m,25-34_1_w,35-44_1_m,35-44_1_w,45-54_1_m,45-54_1_w,55-64_1_m,55-64_1_w,65-74_1_m,65-74_1_w,75-84_1_m,75-84_1_w,>84_1_m,>84_1_w,<15_2_m,<15_2_w,15-24_2_m,15-24_2_w,25-34_2_m,25-34_2_w,35-44_2_m,35-44_2_w,45-54_2_m,45-54_2_w,55-64_2_m,55-64_2_w,65-74_2_m,65-74_2_w,75-84_2_m,75-84_2_w,>84_2_m,>84_2_w,bp_1,bp_2,mo_1,mo_2,az_1,az_2,ja,unb_1,unb_2
2021-11-08T23:59:59+01:00,230,218,4544,3746,11133,7544,10571,6959,8996,9227,5734,6302,1898,2375,1192,1648,325,926,173,162,3764,3194,9562,6674,9152,6163,7931,8220,5218,5754,1774,2219,1120,1564,287,856,54602,46319,7900,7204,9271,7991,13604,54,53
2021-11-07T23:59:59+01:00,229,217,4520,3731,11083,7521,10520,6945,8961,9207,5721,6290,1896,2372,1191,1647,324,926,173,161,3755,3183,9543,6668,9136,6155,7924,8211,5215,5751,1773,2218,1119,1563,287,856,54376,46262,7889,7195,9271,7991,13574,54,53
2021-11-06T23:59:59+01:00,229,217,4508,3722,11049,7509,10482,6926,8937,9191,5709,6280,1894,2370,1191,1647,324,926,173,161,3754,3178,9537,6666,9133,6151,7921,8206,5212,5749,1771,2218,1119,1563,287,856,54196,46233,7886,7195,9271,7991,13567,54,53
2021-11-05T23:59:59+01:00,228,217,4473,3706,10994,7489,10413,6899,8878,9157,5694,6267,1894,2367,1191,1646,324,926,172,161,3741,3172,9524,6655,9119,6146,7906,8195,5208,5744,1770,2217,1119,1563,287,856,53881,46165,7883,7193,9271,7991,13537,54,53
2021-11-04T23:59:59+01:00,226,215,4422,3681,10888,7433,10303,6850,8792,9108,5668,6246,1890,2360,1190,1645,324,925,171,159,3722,3161,9491,6633,9079,6124,7882,8166,5193,5735,1770,2214,1118,1563,287,856,53404,46044,7869,7189,9271,7991,13431,54,53
2021-11-03T23:59:59+01:00,226,213,4391,3661,10802,7401,10221,6826,8728,9066,5645,6224,1887,2358,1190,1644,324,925,170,156,3706,3157,9465,6619,9050,6118,7862,8151,5188,5732,1768,2208,1118,1563,287,855,53019,45944,7863,7182,9271,7991,13387,54,53
2021-11-02T23:59:59+01:00,226,212,4346,3646,10720,7373,10140,6796,8658,9038,5617,6206,1884,2355,1190,1643,324,925,170,155,3697,3145,9444,6600,9021,6106,7844,8126,5180,5722,1765,2206,1118,1562,287,854,52663,45851,7853,7174,9271,7988,13319,54,53
2021-11-01T23:59:59+01:00,225,212,4313,3632,10651,7347,10045,6765,8599,9013,5593,6187,1882,2349,1190,1641,324,924,170,155,3678,3136,9415,6578,8988,6089,7822,8113,5167,5711,1764,2206,1118,1562,287,854,52345,45750,7847,7169,9271,7988,13236,54,53
2021-10-31T23:59:59+01:00,223,212,4300,3631,10635,7340,10033,6760,8593,9007,5592,6185,1882,2349,1190,1641,324,924,169,155,3674,3135,9408,6576,8982,6087,7820,8110,5165,5709,1763,2206,1118,1562,287,854,52300,45742,7845,7168,9271,7988,13212,54,53
2021-10-30T23:59:59+02:00,222,211,4295,3629,10614,7336,10020,6757,8584,8999,5582,6181,1881,2348,1190,1641,324,924,169,155,3672,3135,9398,6573,8977,6087,7817,8109,5159,5706,1763,2206,1118,1562,287,854,52240,45732,7845,7168,9271,7988,13189,54,53
2021-10-29T23:59:59+02:00,221,211,4254,3618,10547,7312,9946,6730,8538,8958,5565,6171,1881,2345,1190,1641,323,923,168,155,3651,3128,9368,6569,8949,6082,7798,8094,5154,5701,1761,2206,1118,1562,287,853,51963,45672,7837,7165,9271,7988,13109,54,53
2021-10-28T23:59:59+02:00,221,209,4213,3602,10443,7280,9843,6695,8477,8902,5538,6143,1879,2338,1188,1641,323,923,168,154,3624,3117,9319,6542,8896,6056,7771,8068,5139,5692,1760,2203,1118,1562,286,853,51607,45555,7825,7153,9271,7988,12960,54,53
2021-10-27T23:59:59+02:00,221,208,4187,3593,10384,7260,9792,6660,8423,8873,5521,6126,1876,2335,1188,1640,323,923,166,154,3608,3108,9287,6519,8871,6042,7751,8053,5132,5679,1757,2202,1117,1559,286,852,51359,45445,7815,7145,9271,7987,12893,54,53
2021-10-26T23:59:59+02:00,220,206,4152,3578,10335,7231,9735,6634,8382,8827,5504,6113,1873,2332,1187,1639,323,922,165,153,3593,3099,9246,6500,8839,6028,7731,8031,5121,5672,1755,2202,1115,1555,286,851,51106,45324,7807,7144,9271,7987,12814,54,53
2021-10-25T23:59:59+02:00,218,206,4147,3573,10319,7224,9715,6621,8368,8810,5502,6108,1871,2331,1187,1639,323,922,165,153,3591,3098,9235,6488,8822,6019,7720,8016,5117,5670,1754,2202,1114,1555,286,851,51041,45284,7806,7142,9271,7987,12770,54,53
2021-10-24T23:59:59+02:00,215,205,4136,3563,10278,7207,9686,6602,8352,8788,5497,6100,1870,2330,1186,1639,323,922,164,152,3582,3094,9212,6482,8804,6008,7709,8004,5113,5666,1754,2202,1114,1554,286,851,50905,45228,7800,7138,9271,7985,12727,54,53
2021-10-23T23:59:59+02:00,213,205,4132,3560,10257,7205,9674,6596,8348,8781,5496,6096,1870,2330,1186,1639,323,922,164,152,3580,3092,9206,6481,8798,6005,7704,8003,5112,5665,1754,2202,1114,1554,286,851,50852,45213,7799,7137,9271,7985,12715,54,53
2021-10-22T23:59:59+02:00,212,204,4109,3550,10222,7189,9648,6583,8322,8747,5484,6076,1870,2329,1186,1639,323,922,162,151,3572,3090,9186,6470,8778,5997,7692,7992,5104,5653,1754,2198,1114,1553,286,851,50688,45147,7794,7132,9271,7985,12666,54,53
2021-10-21T23:59:59+02:00,207,202,4089,3538,10155,7168,9606,6548,8291,8701,5476,6053,1870,2325,1185,1638,323,922,160,151,3544,3074,9141,6457,8750,5979,7666,7968,5088,5639,1753,2195,1112,1552,286,851,50456,44991,7781,7124,9271,7985,12592,54,53
2021-10-20T23:59:59+02:00,207,202,4078,3527,10139,7155,9577,6535,8266,8683,5470,6040,1868,2322,1185,1638,323,922,159,150,3533,3063,9113,6444,8724,5966,7649,7955,5080,5629,1750,2193,1112,1550,286,849,50328,44868,7779,7116,9271,7984,12563,53,53
2021-10-19T23:59:59+02:00,204,201,4071,3521,10125,7149,9553,6525,8250,8671,5463,6034,1867,2321,1185,1638,323,921,155,149,3523,3049,9097,6431,8711,5955,7637,7942,5067,5619,1749,2188,1111,1549,286,849,50241,44753,7772,7112,9271,7984,12542,53,53
2021-10-18T23:59:59+02:00,204,199,4059,3514,10113,7141,9536,6517,8240,8660,5458,6021,1866,2319,1184,1637,323,921,155,149,3514,3037,9081,6419,8697,5948,7629,7933,5066,5606,1746,2186,1111,1549,286,847,50151,44665,7768,7106,9271,7984,12525,53,53
2021-10-17T23:59:59+02:00,204,197,4053,3510,10104,7133,9523,6514,8233,8657,5456,6017,1865,2319,1184,1636,322,920,155,146,3503,3029,9072,6415,8689,5943,7619,7925,5064,5602,1745,2182,1109,1549,286,847,50104,44602,7762,7103,9271,7983,12512,53,53
2021-10-16T23:59:59+02:00,204,197,4051,3508,10099,7131,9521,6512,8232,8654,5455,6015,1864,2319,1183,1635,322,920,155,145,3502,3028,9068,6413,8689,5942,7616,7924,5064,5602,1745,2182,1109,1549,286,847,50086,44595,7761,7103,9271,7982,12506,53,53
2021-10-15T23:59:59+02:00,202,197,4039,3503,10082,7122,9507,6507,8224,8640,5448,6008,1863,2319,1183,1635,322,920,155,143,3492,3025,9056,6403,8677,5936,7609,7918,5057,5598,1745,2182,1109,1548,286,847,50003,44534,7758,7101,9271,7982,12488,53,53
2021-10-14T23:59:59+02:00,201,197,4028,3495,10056,7106,9485,6490,8203,8619,5440,5999,1863,2316,1183,1634,322,920,154,140,3469,3018,9025,6379,8644,5911,7586,7905,5047,5588,1744,2178,1106,1548,286,847,49892,44383,7750,7086,9271,7980,12443,53,53
2021-10-13T23:59:59+02:00,199,197,4016,3491,10040,7095,9468,6480,8190,8604,5432,5992,1861,2315,1183,1632,322,920,152,140,3455,3012,9000,6364,8627,5900,7568,7895,5038,5581,1744,2178,1105,1547,286,847,49805,44282,7746,7080,9271,7980,12414,53,53
2021-10-12T23:59:59+02:00,197,195,4009,3486,10024,7087,9449,6469,8179,8587,5420,5983,1860,2313,1182,1631,322,920,151,138,3448,3002,8978,6348,8603,5884,7553,7883,5024,5571,1740,2173,1105,1546,286,847,49708,44149,7740,7077,9271,7979,12392,53,53
2021-10-11T23:59:59+02:00,197,193,3998,3479,9999,7081,9428,6456,8171,8570,5414,5974,1859,2312,1182,1631,322,920,149,138,3435,2992,8940,6337,8578,5864,7535,7865,5017,5562,1739,2172,1105,1546,286,847,49623,44021,7731,7066,9271,7978,12359,53,53
2021-10-10T23:59:59+02:00,196,191,3986,3477,9990,7071,9422,6446,8163,8561,5412,5966,1859,2312,1181,1631,322,920,148,138,3424,2989,8922,6331,8567,5857,7523,7861,5012,5555,1737,2171,1105,1545,286,847,49564,43947,7723,7063,9271,7978,12346,53,53
2021-10-09T23:59:59+02:00,196,191,3984,3476,9987,7070,9409,6441,8160,8559,5409,5966,1859,2311,1181,1631,322,920,148,137,3420,2986,8920,6328,8558,5851,7519,7860,5008,5554,1737,2171,1105,1545,286,847,49546,43928,7723,7060,9271,7977,12330,53,53
2021-10-08T23:59:59+02:00,194,190,3973,3467,9967,7061,9397,6430,8147,8542,5404,5963,1857,2310,1181,1631,322,920,148,137,3413,2979,8900,6320,8544,5842,7514,7845,4998,5552,1735,2169,1104,1544,286,847,49461,43853,7719,7059,9271,7977,12302,53,53
2021-10-07T23:59:59+02:00,193,189,3956,3455,9940,7047,9359,6421,8126,8520,5399,5958,1856,2305,1181,1631,322,920,148,137,3389,2955,8859,6301,8518,5830,7491,7815,4980,5541,1732,2163,1104,1543,286,847,49326,43670,7712,7041,9271,7977,12264,53,53
2021-10-06T23:59:59+02:00,191,188,3948,3450,9914,7030,9345,6414,8120,8512,5392,5950,1854,2302,1181,1629,322,919,147,137,3375,2943,8837,6289,8501,5818,7483,7801,4977,5531,1730,2160,1104,1542,286,847,49237,43572,7710,7035,9271,7975,12238,53,53
2021-10-05T23:59:59+02:00,191,187,3935,3440,9899,7014,9326,6402,8101,8489,5384,5943,1853,2300,1181,1628,322,918,146,137,3360,2931,8814,6278,8477,5805,7462,7775,4967,5523,1728,2156,1103,1540,286,847,49132,43446,7708,7027,9271,7975,12197,53,53
2021-10-04T23:59:59+02:00,191,186,3917,3432,9876,6999,9289,6385,8084,8476,5376,5935,1850,2300,1180,1623,322,916,146,137,3346,2923,8791,6259,8443,5789,7441,7748,4956,5508,1727,2154,1103,1539,285,847,49019,43310,7699,7023,9271,7975,12143,53,53
2021-10-03T23:59:59+02:00,191,186,3902,3428,9851,6985,9277,6376,8070,8464,5374,5928,1848,2298,1179,1622,321,916,146,137,3331,2915,8763,6249,8432,5781,7432,7735,4951,5503,1726,2151,1103,1538,284,847,48945,43243,7697,7020,9271,7972,12098,53,53
2021-10-02T23:59:59+02:00,191,186,3900,3427,9850,6983,9274,6375,8068,8464,5372,5926,1847,2297,1179,1622,321,916,146,137,3328,2915,8759,6248,8430,5781,7428,7734,4950,5499,1725,2150,1103,1538,284,847,48938,43232,7695,7020,9271,7970,12089,53,53
2021-10-01T23:59:59+02:00,190,185,3891,3424,9829,6976,9260,6366,8056,8452,5367,5916,1844,2294,1179,1622,321,915,144,136,3312,2908,8740,6239,8415,5769,7420,7723,4943,5492,1723,2150,1103,1538,284,847,48871,43164,7692,7017,9271,7966,12048,53,53
2021-09-30T23:59:59+02:00,189,184,3859,3406,9779,6953,9225,6340,8027,8426,5350,5902,1841,2291,1177,1622,321,914,142,135,3292,2887,8692,6212,8383,5748,7403,7691,4928,5478,1721,2144,1103,1538,284,846,48696,43033,7685,6992,9271,7963,11946,53,53
2021-09-29T23:59:59+02:00,188,182,3844,3395,9735,6939,9208,6320,8014,8398,5341,5896,1839,2288,1176,1620,321,913,142,135,3279,2878,8658,6205,8367,5726,7393,7669,4917,5465,1721,2142,1103,1537,284,846,48576,42942,7677,6987,9271,7959,11882,53,53
2021-09-28T23:59:59+02:00,186,182,3834,3387,9696,6920,9178,6308,7988,8364,5333,5879,1838,2281,1176,1619,321,911,139,134,3263,2866,8631,6184,8346,5712,7367,7642,4909,5453,1721,2136,1103,1536,284,845,48450,42837,7672,6982,9271,7958,11795,53,53
2021-09-27T23:59:59+02:00,185,182,3817,3373,9661,6893,9153,6284,7970,8334,5319,5867,1835,2270,1175,1618,320,910,139,133,3245,2855,8590,6158,8317,5685,7344,7613,4897,5445,1718,2127,1103,1534,284,844,48330,42709,7663,6979,9271,7954,11689,53,53
2021-09-26T23:59:59+02:00,183,182,3809,3364,9644,6883,9141,6276,7957,8322,5314,5861,1829,2269,1173,1617,320,910,138,132,3236,2849,8570,6154,8307,5674,7330,7606,4890,5435,1714,2127,1103,1533,284,843,48260,42651,7662,6975,9271,7950,11648,53,53
2021-09-25T23:59:59+02:00,183,181,3805,3363,9635,6879,9137,6272,7950,8321,5311,5861,1829,2268,1173,1616,320,910,138,131,3230,2846,8563,6151,8303,5670,7326,7601,4888,5433,1714,2126,1102,1530,284,843,48244,42632,7660,6972,9271,7948,11626,53,53
2021-09-24T23:59:59+02:00,182,179,3789,3356,9604,6866,9122,6262,7928,8302,5303,5849,1827,2266,1173,1615,320,910,137,131,3218,2838,8537,6137,8290,5659,7304,7587,4881,5424,1713,2122,1102,1530,284,843,48158,42572,7659,6966,9271,7948,11549,53,53
2021-09-23T23:59:59+02:00,180,178,3754,3341,9538,6836,9067,6218,7888,8253,5285,5829,1822,2259,1170,1612,320,910,137,130,3193,2825,8478,6107,8238,5623,7265,7540,4863,5406,1705,2118,1101,1528,284,843,48007,42465,7650,6958,9271,7944,11312,53,53
2021-09-22T23:59:59+02:00,177,178,3729,3326,9509,6815,9038,6198,7856,8239,5268,5818,1820,2255,1169,1612,320,910,135,127,3168,2817,8449,6084,8213,5609,7235,7520,4848,5399,1702,2111,1099,1528,284,842,47876,42343,7646,6955,9269,7938,11225,53,53
2021-09-21T23:59:59+02:00,176,176,3713,3313,9484,6794,8992,6175,7825,8212,5253,5807,1819,2255,1169,1612,320,910,134,127,3147,2803,8413,6058,8168,5594,7201,7487,4831,5379,1701,2110,1098,1527,284,842,47754,42190,7639,6947,9269,7938,11118,53,53
2021-09-20T23:59:59+02:00,174,176,3683,3300,9447,6778,8956,6152,7792,8180,5246,5792,1815,2253,1169,1612,320,908,134,125,3123,2780,8372,6038,8128,5570,7168,7457,4823,5359,1698,2108,1097,1526,283,842,47628,42052,7636,6942,9269,7933,10990,53,53
2021-09-19T23:59:59+02:00,174,175,3665,3293,9415,6771,8941,6146,7785,8170,5239,5785,1813,2250,1168,1610,320,907,132,125,3114,2772,8344,6028,8108,5563,7152,7442,4816,5351,1697,2104,1096,1525,283,841,47565,41984,7629,6936,9269,7927,10932,53,53
2021-09-18T23:59:59+02:00,174,175,3661,3292,9410,6769,8936,6143,7779,8168,5237,5784,1813,2250,1168,1610,320,907,132,125,3106,2769,8336,6027,8097,5560,7145,7440,4812,5346,1697,2104,1096,1524,283,841,47553,41945,7628,6935,9268,7927,10914,53,53
2021-09-17T23:59:59+02:00,174,174,3641,3284,9373,6756,8907,6129,7759,8157,5227,5775,1812,2245,1166,1610,320,907,132,125,3092,2761,8296,6013,8069,5549,7123,7431,4805,5337,1697,2103,1095,1524,283,841,47462,41876,7622,6923,9265,7924,10831,53,53
2021-09-16T23:59:59+02:00,174,174,3615,3258,9316,6732,8861,6101,7722,8121,5208,5762,1810,2240,1165,1610,320,906,132,124,3079,2746,8256,5991,8037,5525,7102,7407,4791,5330,1695,2102,1095,1524,282,839,47253,41760,7597,6913,9263,7915,10744,53,53
2021-09-15T23:59:59+02:00,172,174,3590,3246,9280,6714,8828,6076,7693,8103,5201,5742,1807,2236,1162,1610,319,905,129,124,3062,2742,8227,5974,8007,5498,7068,7388,4773,5313,1692,2099,1095,1521,280,836,47104,41624,7591,6906,9263,7911,10659,53,53
2021-09-14T23:59:59+02:00,171,173,3568,3227,9236,6692,8785,6049,7665,8071,5189,5723,1805,2233,1161,1609,318,905,129,122,3041,2725,8187,5947,7969,5480,7041,7363,4759,5295,1691,2099,1094,1518,280,835,46945,41490,7580,6897,9263,7908,10549,53,53
2021-09-13T23:59:59+02:00,169,173,3549,3213,9195,6674,8755,6025,7647,8039,5172,5706,1803,2229,1161,1609,318,904,127,120,3025,2717,8154,5932,7952,5466,7031,7341,4750,5289,1690,2095,1094,1516,280,835,46777,41385,7561,6891,9263,7907,10495,53,53
2021-09-12T23:59:59+02:00,169,172,3531,3211,9172,6665,8745,6015,7637,8024,5165,5698,1802,2228,1160,1606,318,903,126,119,3009,2709,8131,5918,7943,5455,7013,7325,4746,5280,1686,2094,1094,1516,280,834,46699,41303,7560,6886,9263,7899,10453,53,53
2021-09-11T23:59:59+02:00,169,172,3528,3208,9165,6661,8742,6013,7636,8022,5162,5696,1801,2227,1159,1606,318,903,125,119,3007,2708,8123,5915,7941,5452,7012,7320,4745,5278,1686,2094,1094,1516,280,834,46681,41288,7559,6886,9262,7899,10438,53,53
2021-09-10T23:59:59+02:00,168,168,3499,3202,9139,6640,8724,6000,7613,8000,5148,5676,1797,2224,1158,1606,318,903,124,116,2992,2703,8096,5891,7922,5437,6992,7300,4729,5259,1685,2093,1093,1514,280,834,46594,41221,7556,6881,9262,7898,10320,53,53
2021-09-09T23:59:59+02:00,166,167,3484,3183,9092,6613,8688,5977,7591,7960,5130,5665,1796,2221,1158,1606,318,903,122,115,2981,2693,8060,5864,7895,5416,6968,7270,4714,5244,1684,2089,1093,1514,280,834,46429,41108,7548,6869,9262,7890,10227,53,53
2021-09-08T23:59:59+02:00,165,166,3465,3173,9059,6604,8665,5948,7573,7930,5114,5648,1792,2219,1157,1604,318,902,120,113,2965,2681,8018,5846,7862,5392,6940,7233,4702,5222,1683,2088,1092,1514,280,834,46328,40978,7540,6860,9260,7886,10118,53,53
2021-09-07T23:59:59+02:00,164,164,3444,3168,9039,6580,8636,5929,7553,7911,5098,5637,1792,2217,1156,1603,318,899,118,112,2947,2673,7992,5822,7837,5369,6923,7208,4687,5210,1680,2084,1091,1513,280,834,46198,40853,7538,6850,9260,7880,10053,53,53
2021-09-06T23:59:59+02:00,164,164,3424,3158,9008,6560,8610,5918,7534,7884,5090,5625,1787,2208,1154,1603,317,899,118,112,2928,2659,7967,5809,7814,5359,6906,7179,4680,5196,1675,2082,1091,1513,280,834,46066,40747,7536,6847,9259,7879,9985,53,53
2021-09-05T23:59:59+02:00,164,163,3413,3153,8999,6551,8599,5908,7532,7874,5084,5615,1786,2207,1154,1603,317,898,118,111,2919,2657,7952,5795,7802,5347,6899,7171,4670,5190,1673,2081,1091,1512,280,834,46015,40690,7534,6839,9258,7878,9951,53,53
2021-09-04T23:59:59+02:00,164,162,3408,3151,8996,6546,8593,5907,7529,7873,5084,5614,1786,2207,1154,1603,317,898,117,111,2915,2653,7947,5788,7797,5347,6894,7169,4669,5189,1671,2080,1090,1512,280,834,46002,40669,7534,6836,9258,7877,9936,53,53
2021-09-03T23:59:59+02:00,162,161,3394,3134,8963,6536,8574,5889,7511,7857,5071,5599,1783,2204,1154,1602,317,896,116,108,2898,2637,7919,5774,7776,5328,6874,7147,4656,5169,1667,2078,1090,1510,280,832,45920,40581,7523,6814,9258,7876,9842,53,53
2021-09-02T23:59:59+02:00,162,159,3372,3116,8913,6513,8533,5869,7490,7832,5058,5581,1778,2199,1152,1601,317,895,115,107,2880,2623,7871,5756,7740,5308,6849,7120,4647,5148,1663,2073,1088,1509,280,829,45788,40470,7514,6804,9256,7871,9715,53,52
2021-09-01T23:59:59+02:00,160,159,3355,3105,8875,6499,8508,5856,7471,7815,5046,5573,1777,2197,1151,1598,317,895,112,105,2862,2615,7827,5733,7707,5291,6821,7097,4635,5134,1659,2071,1087,1506,280,829,45679,40324,7502,6781,9256,7869,9648,53,52
2021-08-31T23:59:59+02:00,158,158,3341,3096,8832,6477,8488,5847,7454,7794,5039,5564,1774,2195,1150,1597,317,894,111,105,2845,2604,7783,5713,7685,5273,6797,7069,4624,5115,1655,2069,1086,1506,280,829,45581,40207,7497,6772,9256,7854,9564,53,52
2021-08-30T23:59:59+02:00,157,158,3310,3078,8793,6450,8446,5826,7417,7761,5026,5547,1769,2193,1149,1597,317,894,111,104,2814,2591,7736,5689,7649,5256,6763,7046,4613,5096,1651,2067,1085,1506,280,828,45421,40080,7496,6762,9255,7852,9436,53,52
2021-08-29T23:59:59+02:00,156,158,3300,3061,8766,6442,8425,5817,7409,7751,5019,5538,1768,2190,1149,1597,316,894,111,101,2795,2568,7700,5681,7628,5237,6750,7032,4603,5091,1649,2066,1084,1505,279,828,45353,39978,7491,6751,9255,7847,9373,53,52
2021-08-28T23:59:59+02:00,155,158,3295,3060,8763,6440,8419,5816,7402,7749,5019,5536,1768,2189,1149,1596,316,894,111,100,2790,2563,7695,5676,7623,5234,6744,7028,4600,5090,1649,2066,1084,1504,279,828,45338,39952,7490,6750,9255,7847,9355,53,52
2021-08-27T23:59:59+02:00,154,158,3283,3056,8744,6431,8394,5809,7384,7740,5008,5528,1768,2189,1149,1595,316,894,111,99,2773,2557,7676,5669,7602,5221,6732,7021,4591,5082,1649,2066,1083,1502,279,828,45275,39889,7489,6749,9254,7846,9293,53,52
2021-08-26T23:59:59+02:00,154,157,3255,3043,8703,6407,8359,5796,7362,7718,4993,5517,1767,2186,1149,1594,316,893,108,96,2749,2535,7634,5640,7552,5193,6697,6992,4566,5067,1644,2060,1083,1501,279,828,45137,39693,7482,6732,9253,7826,9199,53,52
2021-08-25T23:59:59+02:00,150,155,3237,3034,8665,6390,8327,5780,7338,7695,4980,5495,1765,2183,1149,1592,316,893,105,93,2713,2515,7584,5604,7506,5157,6660,6954,4550,5040,1643,2055,1082,1500,279,828,45027,39457,7476,6724,9252,7819,9087,53,52
2021-08-24T23:59:59+02:00,150,154,3232,3025,8645,6374,8309,5763,7322,7673,4971,5483,1763,2182,1148,1590,316,891,104,93,2693,2496,7550,5571,7472,5136,6632,6927,4534,5023,1643,2053,1081,1500,279,827,44953,39288,7472,6715,9252,7815,9010,53,52
2021-08-23T23:59:59+02:00,149,149,3205,3008,8601,6353,8267,5742,7291,7644,4957,5469,1763,2180,1146,1588,316,890,103,92,2664,2477,7505,5531,7431,5118,6597,6896,4519,5007,1639,2053,1081,1498,278,827,44809,39129,7463,6700,9249,7809,8885,53,52
2021-08-22T23:59:59+02:00,149,149,3192,3001,8587,6336,8253,5735,7271,7633,4951,5463,1762,2179,1145,1588,316,890,102,92,2648,2461,7473,5508,7410,5104,6577,6875,4516,4997,1636,2048,1080,1498,277,826,44739,38994,7456,6690,9249,7806,8841,53,52
2021-08-21T23:59:59+02:00,148,149,3184,2996,8576,6327,8243,5733,7266,7628,4949,5457,1761,2179,1145,1587,316,890,97,90,2639,2453,7455,5498,7390,5094,6566,6868,4508,4988,1635,2046,1079,1498,277,826,44690,38916,7453,6663,9249,7805,8824,53,52
2021-08-20T23:59:59+02:00,147,147,3174,2988,8551,6311,8210,5713,7247,7607,4937,5445,1758,2176,1145,1586,316,888,95,88,2610,2439,7408,5465,7354,5063,6528,6831,4492,4968,1629,2042,1078,1495,277,824,44615,38742,7444,6625,9248,7795,8719,53,52
2021-08-19T23:59:59+02:00,146,144,3155,2974,8509,6287,8174,5694,7227,7581,4924,5427,1752,2173,1144,1584,316,887,92,83,2564,2419,7329,5415,7294,5027,6481,6772,4462,4935,1624,2038,1078,1494,277,824,44488,38409,7432,6594,9245,7784,8607,53,52
2021-08-18T23:59:59+02:00,145,142,3144,2965,8486,6270,8146,5680,7194,7563,4910,5418,1747,2171,1144,1584,315,886,90,81,2536,2399,7263,5381,7237,4993,6440,6738,4437,4912,1619,2034,1076,1494,277,823,44378,38165,7427,6542,9244,7774,8533,53,52
2021-08-17T23:59:59+02:00,145,142,3128,2956,8462,6245,8119,5667,7181,7540,4899,5406,1744,2169,1143,1583,314,886,86,78,2508,2379,7208,5333,7195,4957,6410,6699,4418,4891,1610,2028,1075,1490,276,823,44264,37898,7420,6501,9243,7768,8473,53,52
2021-08-16T23:59:59+02:00,143,141,3118,2944,8442,6229,8100,5661,7168,7524,4886,5393,1743,2168,1143,1583,314,886,79,76,2479,2349,7132,5289,7125,4924,6361,6657,4388,4864,1608,2025,1073,1489,276,823,44174,37527,7415,6486,9243,7755,8423,53,52
2021-08-15T23:59:59+02:00,142,140,3109,2930,8414,6220,8083,5651,7150,7509,4880,5383,1741,2165,1143,1582,314,886,71,73,2442,2313,7067,5256,7088,4896,6315,6627,4375,4851,1604,2019,1072,1487,276,823,44082,37227,7408,6465,9242,7750,8379,53,52
2021-08-14T23:59:59+02:00,140,140,3104,2924,8404,6217,8076,5650,7150,7506,4876,5381,1739,2164,1143,1581,314,886,71,72,2433,2305,7040,5243,7076,4886,6308,6613,4356,4842,1600,2016,1072,1485,276,822,44064,37131,7408,6452,9242,7748,8350,53,52
2021-08-13T23:59:59+02:00,140,139,3089,2921,8382,6209,8067,5637,7136,7495,4868,5372,1739,2160,1142,1580,314,886,71,70,2399,2285,6991,5212,7039,4858,6268,6584,4346,4827,1599,2012,1071,1485,276,822,43998,36896,7407,6438,9242,7747,8295,53,52
2021-08-12T23:59:59+02:00,138,134,3071,2913,8352,6188,8034,5617,7113,7471,4854,5357,1736,2158,1139,1578,314,886,70,69,2357,2249,6898,5161,6985,4819,6218,6535,4321,4797,1595,2009,1068,1484,276,822,43891,36572,7399,6404,9240,7724,8187,52,52
2021-08-11T23:59:59+02:00,136,131,3053,2898,8315,6162,8012,5605,7091,7450,4843,5344,1735,2156,1139,1577,314,886,68,67,2329,2216,6822,5103,6907,4777,6159,6471,4300,4758,1590,2001,1068,1482,276,820,43767,36151,7388,6373,9235,7717,8120,52,52
2021-08-10T23:59:59+02:00,136,130,3034,2888,8285,6150,7987,5585,7062,7434,4825,5335,1731,2156,1139,1575,314,885,67,63,2257,2160,6705,5041,6820,4705,6067,6406,4253,4734,1580,1993,1066,1480,276,818,43661,35539,7378,6348,9232,7703,8041,52,52
2021-08-09T23:59:59+02:00,133,130,3015,2879,8256,6128,7963,5576,7037,7415,4815,5324,1730,2155,1139,1575,314,884,63,62,2194,2101,6597,4961,6721,4663,5995,6350,4222,4701,1574,1983,1065,1479,276,818,43576,35036,7372,6293,9232,7680,7946,52,52
2021-08-08T23:59:59+02:00,133,129,3003,2872,8238,6119,7946,5564,7027,7407,4808,5320,1726,2155,1139,1575,314,883,63,61,2169,2074,6531,4928,6678,4636,5954,6328,4210,4684,1564,1979,1064,1477,276,817,43516,34799,7370,6249,9229,7670,7899,52,52
2021-08-07T23:59:59+02:00,132,128,2995,2865,8219,6107,7932,5557,7020,7396,4803,5315,1724,2155,1138,1575,314,883,60,54,2134,2051,6455,4880,6621,4605,5919,6292,4194,4670,1560,1978,1064,1474,276,817,43458,34483,7365,6221,9229,7661,7861,52,52
2021-08-06T23:59:59+02:00,132,127,2983,2855,8191,6096,7900,5535,7001,7374,4792,5301,1719,2153,1138,1574,314,883,54,51,2093,2011,6348,4808,6543,4571,5875,6253,4175,4649,1557,1975,1063,1471,276,817,43397,34127,7348,6193,9229,7644,7748,52,50
2021-08-05T23:59:59+02:00,131,126,2959,2839,8168,6075,7862,5515,6977,7351,4773,5278,1715,2150,1136,1570,314,882,50,47,2052,1963,6216,4702,6431,4512,5803,6188,4136,4607,1550,1967,1060,1469,276,817,43267,33632,7339,6102,9228,7587,7636,52,50
2021-08-04T23:59:59+02:00,128,122,2920,2818,8099,6041,7824,5490,6947,7320,4757,5262,1711,2146,1133,1569,314,882,50,42,1997,1926,6091,4632,6310,4458,5733,6120,4108,4568,1540,1961,1055,1466,276,816,43055,33130,7325,6054,9228,7552,7511,52,50
2021-08-03T23:59:59+02:00,126,121,2904,2800,8072,6028,7788,5473,6925,7295,4744,5249,1707,2145,1132,1566,314,882,47,42,1961,1896,5996,4567,6204,4406,5665,6062,4064,4527,1535,1954,1054,1464,276,816,42917,32651,7320,6010,9227,7527,7440,52,49
2021-08-02T23:59:59+02:00,126,121,2879,2774,8039,6004,7762,5459,6901,7278,4727,5240,1705,2141,1131,1566,313,882,46,41,1933,1860,5868,4474,6090,4344,5594,6009,4018,4494,1529,1941,1053,1461,275,815,42774,32082,7313,5969,9226,7508,7366,52,49
2021-08-01T23:59:59+02:00,126,120,2863,2758,8010,5982,7749,5442,6890,7270,4722,5233,1704,2140,1129,1566,313,882,43,40,1910,1840,5790,4429,6026,4299,5550,5985,4002,4475,1527,1938,1051,1458,275,815,42682,31784,7301,5940,9226,7485,7318,52,49
2021-07-31T23:59:59+02:00,124,119,2856,2751,7997,5975,7741,5438,6884,7261,4721,5231,1703,2140,1129,1566,313,882,40,30,1871,1797,5690,4364,5960,4251,5498,5946,3973,4451,1521,1935,1051,1457,275,815,42643,31291,7299,5928,9226,7479,7291,52,49
2021-07-30T23:59:59+02:00,121,117,2849,2743,7970,5959,7729,5422,6864,7247,4714,5223,1702,2138,1129,1565,313,882,36,29,1851,1774,5609,4322,5898,4199,5440,5900,3946,4432,1517,1933,1050,1454,275,815,42561,30928,7287,5903,9225,7468,7239,52,49
2021-07-29T23:59:59+02:00,119,115,2817,2727,7913,5917,7687,5378,6835,7206,4691,5203,1700,2133,1127,1564,313,882,31,25,1811,1746,5480,4219,5765,4123,5349,5814,3898,4380,1510,1923,1047,1452,275,815,42359,30343,7274,5846,9219,7429,7093,52,49
2021-07-28T23:59:59+02:00,116,113,2798,2713,7884,5890,7660,5350,6812,7183,4677,5187,1695,2131,1126,1562,312,881,30,22,1774,1701,5378,4145,5648,4052,5263,5740,3860,4346,1497,1915,1045,1450,275,814,42183,29776,7264,5787,9215,7385,7046,52,49
2021-07-27T23:59:59+02:00,112,112,2783,2694,7844,5875,7629,5333,6793,7165,4665,5175,1695,2129,1125,1561,311,881,28,22,1729,1673,5241,4059,5522,3969,5172,5673,3820,4295,1488,1904,1043,1447,274,814,42068,29184,7248,5706,9214,7341,6970,52,49
2021-07-26T23:59:59+02:00,110,110,2757,2676,7809,5851,7595,5316,6771,7144,4660,5163,1693,2129,1123,1561,311,881,28,22,1684,1616,5102,3993,5419,3902,5099,5603,3762,4261,1485,1892,1042,1441,274,813,41924,28606,7225,5638,9211,7294,6913,52,49
2021-07-25T23:59:59+02:00,104,108,2742,2662,7774,5830,7568,5308,6751,7125,4650,5158,1691,2126,1122,1560,311,880,25,19,1660,1591,5041,3946,5360,3871,5049,5569,3729,4237,1481,1887,1041,1440,274,813,41784,28312,7217,5604,9209,7258,6865,52,49
2021-07-24T23:59:59+02:00,104,106,2729,2650,7748,5817,7543,5294,6736,7112,4640,5153,1690,2123,1122,1560,311,880,24,18,1639,1570,4993,3925,5287,3824,5007,5545,3709,4229,1480,1885,1040,1438,274,812,41703,28113,7194,5513,9208,7257,6816,52,49
2021-07-23T23:59:59+02:00,102,104,2705,2628,7694,5796,7515,5270,6698,7086,4621,5142,1688,2119,1120,1560,311,880,20,15,1580,1540,4841,3819,5150,3756,4932,5474,3656,4198,1478,1876,1039,1433,273,812,41537,27454,7186,5484,9206,7236,6705,52,49
2021-07-22T23:59:59+02:00,101,101,2671,2599,7622,5746,7461,5233,6651,7037,4586,5118,1681,2112,1119,1559,311,879,19,15,1528,1503,4670,3741,4995,3674,4773,5393,3577,4145,1465,1866,1034,1431,273,811,41225,26791,7160,5340,9196,7167,6591,52,49
2021-07-21T23:59:59+02:00,100,98,2642,2584,7558,5716,7411,5194,6591,6997,4563,5094,1674,2106,1118,1556,311,877,19,13,1490,1456,4548,3658,4863,3606,4673,5287,3502,4104,1452,1854,1031,1430,273,808,40977,26306,7122,5130,9190,7107,6480,52,48
2021-07-20T23:59:59+02:00,100,98,2621,2560,7504,5684,7375,5165,6552,6957,4539,5075,1670,2102,1118,1555,311,876,18,13,1457,1423,4419,3589,4773,3553,4572,5207,3451,4070,1448,1844,1030,1429,273,807,40731,25809,7113,5049,9187,7052,6405,52,48
2021-07-19T23:59:59+02:00,99,98,2599,2535,7448,5644,7330,5145,6509,6925,4521,5059,1664,2096,1116,1552,311,875,17,10,1433,1396,4344,3539,4688,3516,4498,5146,3416,4041,1442,1838,1025,1426,271,806,40449,25485,7099,4922,9185,7011,6363,52,48
2021-07-18T23:59:59+02:00,99,96,2571,2512,7380,5609,7295,5116,6467,6886,4504,5049,1658,2089,1115,1552,310,874,15,10,1413,1371,4298,3498,4651,3486,4449,5122,3382,4028,1436,1828,1024,1426,271,804,40152,25281,7083,4844,9180,6985,6328,52,47
2021-07-17T23:59:59+02:00,94,93,2559,2498,7363,5596,7278,5099,6449,6871,4483,5038,1654,2088,1115,1551,310,872,15,10,1399,1358,4261,3466,4600,3463,4409,5090,3352,4016,1431,1825,1024,1424,271,804,40045,25104,7074,4786,9178,6977,6273,52,47
2021-07-16T23:59:59+02:00,94,90,2521,2476,7299,5560,7220,5058,6404,6828,4456,5010,1647,2082,1114,1550,310,872,14,9,1356,1330,4161,3413,4510,3421,4322,5033,3290,3969,1418,1817,1019,1422,271,803,39856,24754,7053,4752,9170,6911,6064,52,47
2021-07-15T23:59:59+02:00,91,86,2472,2450,7228,5524,7162,5020,6357,6773,4438,4984,1643,2077,1112,1547,309,872,12,9,1298,1296,3966,3302,4323,3319,4179,4936,3229,3904,1407,1809,1014,1417,270,803,39534,24052,7034,4518,9163,6846,5961,50,47
2021-07-14T23:59:59+02:00,90,83,2437,2433,7155,5495,7091,4986,6303,6726,4415,4961,1635,2070,1110,1545,309,871,11,9,1251,1256,3835,3208,4215,3251,4068,4871,3182,3860,1395,1799,1013,1413,270,803,39216,23533,7014,4414,9161,6772,5864,50,47
2021-07-13T23:59:59+02:00,86,80,2406,2407,7102,5466,7027,4947,6264,6675,4395,4943,1625,2064,1108,1545,309,871,10,7,1218,1217,3720,3110,4093,3182,3980,4781,3129,3802,1368,1793,1011,1407,268,801,38903,23030,7005,4268,9158,6668,5789,50,47
2021-07-12T23:59:59+02:00,81,80,2380,2384,7031,5422,6958,4902,6213,6634,4367,4917,1620,2061,1105,1545,309,871,9,7,1186,1194,3608,3019,3975,3109,3879,4702,3076,3757,1354,1783,1007,1399,268,801,38561,22559,6991,4136,9154,6582,5702,49,46
2021-07-11T23:59:59+02:00,74,77,2366,2369,6993,5396,6930,4878,6184,6616,4358,4910,1617,2057,1103,1545,308,871,9,7,1172,1176,3555,2972,3917,3072,3824,4673,3053,3743,1345,1771,1004,1395,268,801,38440,22364,6972,4096,9149,6521,5616,49,46
2021-07-10T23:59:59+02:00,73,76,2337,2334,6912,5357,6865,4840,6134,6581,4335,4899,1613,2054,1103,1542,308,870,9,7,1149,1155,3499,2930,3869,3042,3786,4641,3035,3731,1339,1764,1004,1393,268,801,38189,22174,6946,4095,9136,6507,5478,49,46
2021-07-09T23:59:59+02:00,72,73,2311,2316,6844,5322,6820,4817,6084,6548,4317,4877,1611,2048,1103,1541,308,870,5,3,1124,1138,3448,2882,3817,3000,3731,4601,3007,3702,1337,1748,1002,1392,268,801,37965,21926,6919,4062,9125,6454,5381,49,46
2021-07-08T23:59:59+02:00,67,70,2260,2271,6752,5255,6719,4764,6019,6482,4279,4842,1604,2038,1101,1538,308,870,4,3,1050,1084,3280,2790,3621,2919,3549,4504,2937,3639,1322,1732,1000,1383,267,800,37631,21415,6842,3771,9093,6315,5174,49,46
2021-07-07T23:59:59+02:00,67,69,2183,2220,6639,5181,6617,4710,5946,6424,4245,4793,1597,2029,1098,1534,307,870,4,3,995,1047,3128,2707,3441,2833,3390,4398,2884,3577,1306,1702,993,1374,267,798,37134,20845,6800,3525,9068,6235,5017,49,46
2021-07-06T23:59:59+02:00,64,68,2137,2180,6532,5124,6527,4664,5889,6356,4205,4759,1590,2023,1095,1529,307,870,4,3,959,1004,3012,2603,3352,2774,3316,4306,2830,3517,1280,1671,989,1365,267,798,36680,20332,6747,3415,9052,6145,4918,49,46
2021-07-05T23:59:59+02:00,62,68,2067,2135,6395,5054,6409,4627,5818,6299,4167,4722,1584,2016,1093,1527,307,868,4,3,915,967,2902,2530,3272,2728,3241,4238,2786,3461,1259,1653,983,1355,267,795,36191,19943,6698,3337,9026,6061,4765,49,45
2021-07-04T23:59:59+02:00,62,67,2028,2091,6308,5006,6371,4597,5775,6279,4149,4699,1581,2014,1093,1525,307,867,4,3,877,942,2836,2475,3235,2701,3208,4203,2762,3439,1245,1634,981,1354,266,795,35978,19791,6660,3279,9001,5989,4638,49,45
2021-07-03T23:59:59+02:00,58,52,1928,2007,6091,4841,6215,4509,5688,6190,4099,4664,1577,2010,1092,1521,307,867,4,3,838,912,2765,2428,3177,2672,3167,4153,2732,3408,1239,1629,980,1350,265,793,35123,19594,6625,3276,8993,5964,4415,49,45
2021-07-02T23:59:59+02:00,49,45,1889,1967,6011,4795,6171,4481,5666,6161,4084,4646,1576,2004,1090,1520,306,867,4,3,814,885,2692,2376,3107,2624,3122,4103,2701,3371,1220,1610,976,1344,265,791,34833,19274,6590,3249,8988,5862,4349,49,45
2021-07-01T23:59:59+02:00,45,38,1838,1926,5901,4722,6088,4432,5585,6094,4057,4615,1573,1998,1089,1519,306,866,4,3,736,832,2491,2286,2916,2533,2941,3984,2600,3278,1198,1586,966,1328,265,789,34408,18459,6541,3020,8971,5756,4198,49,45
2021-06-30T23:59:59+02:00,45,37,1789,1866,5774,4637,5985,4378,5523,6045,4043,4590,1569,1990,1087,1516,306,866,4,2,700,795,2377,2211,2802,2474,2831,3891,2534,3199,1174,1560,958,1318,264,788,33959,17973,6477,2894,8955,5624,4068,49,45
2021-06-29T23:59:59+02:00,43,35,1725,1786,5658,4547,5885,4317,5468,5986,4015,4561,1561,1985,1086,1515,306,864,3,2,666,746,2291,2123,2725,2408,2725,3772,2476,3147,1161,1526,946,1308,263,785,33400,17461,6442,2818,8947,5507,3949,48,45
2021-06-28T23:59:59+02:00,41,33,1688,1726,5539,4476,5815,4265,5422,5947,3985,4536,1559,1976,1085,1514,306,864,3,2,652,716,2184,2051,2644,2347,2646,3685,2424,3098,1144,1508,939,1302,263,783,32969,17108,6385,2667,8938,5401,3864,48,45
2021-06-27T23:59:59+02:00,41,32,1656,1699,5485,4437,5771,4232,5372,5932,3974,4524,1556,1972,1085,1513,306,864,3,2,633,698,2128,2008,2599,2317,2598,3642,2393,3077,1136,1494,937,1293,263,783,32775,16944,6351,2605,8916,5312,3786,48,45
2021-06-26T23:59:59+02:00,34,27,1623,1670,5413,4390,5679,4188,5331,5900,3955,4508,1556,1970,1085,1511,306,864,3,2,625,687,2095,1981,2564,2295,2579,3616,2370,3059,1119,1484,936,1291,263,783,32406,16710,6268,2600,8916,5294,3786,48,45
2021-06-25T23:59:59+02:00,28,21,1586,1631,5304,4320,5624,4160,5290,5877,3932,4498,1553,1969,1083,1510,305,864,2,2,617,664,2041,1950,2496,2227,2479,3482,2325,2957,1108,1462,933,1288,262,782,31977,16233,6239,2570,8915,5115,3784,48,45
2021-06-24T23:59:59+02:00,21,16,1533,1578,5120,4205,5495,4104,5187,5832,3892,4471,1549,1965,1083,1509,304,863,2,2,575,642,1926,1879,2313,2157,2309,3398,2218,2862,1078,1439,924,1282,261,778,31316,15713,6177,2228,8905,5032,3673,48,45
2021-06-23T23:59:59+02:00,20,16,1499,1529,5029,4143,5416,4047,5138,5788,3870,4435,1540,1959,1080,1506,303,863,2,2,544,619,1850,1815,2202,2104,2188,3303,2115,2773,1052,1417,920,1274,260,777,30857,15130,6124,2146,8899,4888,3637,48,45
2021-06-22T23:59:59+02:00,20,16,1467,1512,4952,4074,5329,3998,5092,5742,3843,4412,1535,1953,1079,1505,303,863,2,2,526,597,1782,1765,2112,2049,2103,3195,2011,2685,1037,1395,910,1262,260,773,30429,14694,6079,2008,8894,4721,3611,48,44
2021-06-21T23:59:59+02:00,19,16,1434,1469,4824,3982,5245,3954,5022,5682,3814,4389,1531,1940,1077,1500,302,861,2,2,510,580,1742,1719,2072,2007,2050,3109,1944,2602,1019,1366,887,1241,260,770,29866,14384,6038,1908,8892,4578,3571,48,44
2021-06-20T23:59:59+02:00,18,14,1405,1436,4744,3910,5192,3934,4987,5661,3790,4379,1528,1939,1076,1500,301,861,2,2,494,563,1710,1689,2048,1983,2021,3081,1901,2565,1011,1350,885,1234,260,769,29555,14197,6001,1870,8878,4514,3537,48,43
2021-06-19T23:59:59+02:00,17,14,1387,1416,4699,3876,5167,3907,4956,5635,3770,4367,1521,1937,1076,1499,301,861,2,2,485,558,1689,1665,2029,1957,2007,3055,1876,2526,1001,1343,881,1233,258,768,29363,14016,5933,1838,8878,4507,3518,48,42
2021-06-18T23:59:59+02:00,12,10,1361,1398,4622,3833,5115,3864,4907,5596,3744,4355,1518,1934,1074,1497,301,861,2,2,470,548,1668,1650,2001,1926,1961,3006,1826,2473,988,1328,879,1229,257,766,29017,13709,5885,1836,8877,4459,3505,48,42
2021-06-17T23:59:59+02:00,9,9,1323,1360,4449,3753,4923,3786,4729,5508,3688,4310,1512,1931,1074,1496,300,861,2,2,432,527,1564,1613,1818,1863,1802,2909,1723,2391,967,1310,868,1217,255,764,28388,13240,5827,1725,8870,4370,3206,47,42
2021-06-16T23:59:59+02:00,9,8,1292,1329,4344,3667,4822,3731,4626,5445,3641,4284,1505,1927,1072,1492,300,860,2,2,414,506,1501,1573,1755,1829,1720,2825,1665,2314,950,1284,858,1201,254,761,27892,12820,5711,1654,8854,4292,3152,47,42
2021-06-15T23:59:59+02:00,9,8,1259,1298,4204,3576,4745,3667,4550,5375,3599,4250,1495,1919,1067,1489,300,858,2,2,401,485,1442,1521,1701,1783,1651,2768,1596,2246,933,1258,853,1190,252,760,27319,12477,5673,1571,8840,4221,3072,47,42
2021-06-14T23:59:59+02:00,9,6,1232,1257,4110,3518,4663,3610,4467,5300,3544,4220,1490,1911,1066,1483,298,857,2,2,393,472,1396,1485,1651,1748,1599,2701,1540,2194,924,1235,849,1183,251,759,26835,12225,5575,1496,8836,4135,3016,46,41
2021-06-13T23:59:59+02:00,9,6,1215,1239,4060,3480,4612,3568,4416,5255,3524,4204,1489,1905,1066,1481,297,856,2,2,385,464,1361,1468,1610,1723,1556,2664,1507,2153,906,1216,845,1173,250,757,26571,12039,5539,1472,8831,4056,2955,46,41
2021-06-12T23:59:59+02:00,9,5,1201,1213,4029,3460,4582,3544,4398,5237,3511,4194,1487,1901,1065,1480,297,855,2,2,381,462,1348,1448,1586,1699,1535,2642,1480,2134,898,1206,835,1170,250,756,26376,11894,5528,1472,8830,3995,2943,46,40
2021-06-11T23:59:59+02:00,8,5,1184,1198,3988,3414,4509,3517,4357,5199,3480,4182,1486,1899,1064,1477,297,854,2,2,371,449,1325,1407,1557,1677,1492,2600,1433,2093,887,1191,832,1164,250,755,26069,11647,5497,1463,8826,3916,2924,46,40
2021-06-10T23:59:59+02:00,8,4,1120,1142,3864,3326,4372,3433,4257,5133,3427,4145,1481,1891,1062,1476,297,854,2,2,350,432,1260,1367,1484,1618,1425,2528,1348,1997,861,1160,828,1155,249,752,25453,11218,5354,1450,8806,3752,2847,46,39
2021-06-09T23:59:59+02:00,7,2,1068,1104,3715,3217,4231,3370,4168,5055,3380,4103,1475,1885,1060,1473,297,854,1,2,332,412,1197,1323,1421,1582,1371,2448,1268,1931,833,1105,821,1141,248,750,24938,10915,5169,1390,8797,3610,2707,46,39
2021-06-08T23:59:59+02:00,6,2,1009,1061,3570,3120,4111,3289,4057,4971,3327,4072,1469,1881,1058,1470,296,852,1,1,315,392,1147,1285,1364,1547,1312,2389,1221,1859,810,1070,810,1125,244,747,24351,10669,5023,1340,8785,3468,2587,46,38
2021-06-07T23:59:59+02:00,5,2,981,1033,3457,3040,3973,3253,3934,4903,3274,4046,1455,1876,1057,1468,296,850,1,0,308,386,1102,1245,1306,1524,1263,2339,1155,1806,796,1050,796,1108,242,742,23950,10499,4836,1305,8779,3336,2444,46,38
2021-06-06T23:59:59+02:00,5,2,957,1022,3394,3002,3893,3202,3861,4873,3242,4030,1453,1871,1054,1467,295,850,1,0,300,376,1087,1217,1273,1492,1243,2282,1125,1747,784,1035,788,1100,242,738,23734,10387,4693,1250,8766,3226,2374,46,38
2021-06-05T23:59:59+02:00,5,2,944,1004,3318,2939,3837,3172,3824,4848,3232,4026,1452,1869,1054,1466,295,849,1,0,293,366,1067,1194,1254,1476,1216,2253,1094,1727,772,1012,786,1096,242,738,23439,10219,4686,1247,8762,3182,2334,46,37
2021-06-04T23:59:59+02:00,3,2,917,984,3270,2883,3761,3133,3759,4792,3204,4005,1448,1865,1052,1466,295,849,1,0,283,358,1045,1165,1229,1460,1190,2212,1063,1699,756,990,780,1091,242,735,23112,10083,4640,1242,8758,3120,2245,46,37
2021-06-03T23:59:59+02:00,3,2,872,950,3109,2784,3571,3027,3584,4677,3114,3930,1438,1854,1048,1461,295,849,0,0,272,348,1011,1123,1173,1403,1121,2126,1001,1641,717,952,772,1078,242,734,22414,9861,4404,1223,8741,2953,2053,46,37
2021-06-02T23:59:59+02:00,3,2,844,938,3036,2716,3514,2985,3522,4615,3072,3903,1436,1849,1048,1460,295,849,0,0,259,339,983,1100,1129,1384,1079,2085,947,1597,703,920,769,1073,242,733,22051,9644,4384,1209,8741,2915,1942,46,37
2021-06-01T23:59:59+02:00,3,2,798,902,2872,2597,3332,2889,3353,4508,3011,3842,1426,1842,1045,1454,295,849,0,0,247,324,899,1037,1035,1325,996,1977,897,1518,675,867,762,1064,241,726,21426,9358,4167,1175,8728,2708,1700,46,36
2021-05-31T23:59:59+02:00,3,2,760,874,2748,2510,3189,2792,3247,4417,2958,3789,1421,1829,1043,1449,295,849,0,0,233,308,858,994,969,1275,949,1900,859,1459,655,843,756,1059,240,726,21016,9187,3924,1160,8708,2571,1504,46,36
2021-05-30T23:59:59+02:00,3,2,749,862,2690,2465,3123,2754,3195,4376,2939,3768,1417,1823,1043,1449,295,848,0,0,223,291,815,950,917,1236,908,1840,835,1404,642,827,752,1050,240,725,20866,9089,3862,1150,8697,2400,1346,46,36
2021-05-29T23:59:59+02:00,3,2,746,859,2671,2449,3101,2740,3177,4360,2931,3759,1415,1822,1043,1449,295,848,0,0,220,280,810,937,899,1207,892,1792,822,1371,629,806,750,1045,239,725,20740,8997,3860,1149,8694,2261,1345,45,36
2021-05-28T23:59:59+02:00,3,2,737,847,2632,2409,3052,2711,3152,4337,2921,3744,1415,1819,1041,1444,295,848,0,0,216,271,798,917,888,1182,876,1750,794,1331,611,776,745,1037,238,723,20485,8816,3850,1144,8691,2173,1341,45,36
2021-05-27T23:59:59+02:00,3,2,691,824,2500,2342,2916,2639,3009,4257,2838,3694,1406,1808,1040,1442,294,846,0,0,201,254,736,865,805,1128,789,1656,728,1248,587,743,736,1020,237,721,19986,8606,3712,1108,8657,1913,1136,45,35
2021-05-26T23:59:59+02:00,3,2,656,789,2389,2267,2751,2572,2885,4191,2788,3644,1396,1797,1039,1434,292,841,0,0,192,234,694,826,756,1092,746,1588,688,1191,572,718,718,987,236,718,19559,8383,3461,1097,8629,1773,1006,45,35
2021-05-25T23:59:59+02:00,3,2,633,769,2296,2205,2648,2526,2783,4108,2741,3607,1384,1789,1036,1430,291,839,0,0,180,221,670,796,721,1056,709,1530,638,1129,553,698,698,958,235,716,19182,8164,3281,1062,8586,1635,949,44,32
2021-05-24T23:59:59+02:00,3,2,618,745,2236,2163,2573,2492,2711,4051,2685,3565,1371,1782,1030,1429,291,838,0,0,175,213,647,778,694,1024,674,1473,614,1078,535,685,691,954,235,714,18982,8070,3098,1051,8551,1514,851,44,31
2021-05-23T23:59:59+02:00,3,2,614,744,2218,2149,2561,2477,2701,4035,2673,3552,1368,1780,1030,1427,291,838,0,0,173,212,641,770,685,1018,658,1461,604,1071,532,678,686,949,234,711,18860,7990,3095,1045,8551,1502,850,44,29
2021-05-22T23:59:59+02:00,3,2,607,731,2194,2127,2525,2456,2679,4002,2640,3524,1361,1776,1030,1425,291,837,0,0,171,204,633,767,680,1007,646,1454,599,1065,522,670,680,938,234,711,18612,7929,3094,1045,8549,1466,841,44,29
2021-05-21T23:59:59+02:00,3,2,593,715,2106,2090,2438,2402,2610,3953,2596,3478,1354,1763,1028,1424,290,836,0,0,170,201,627,757,670,998,634,1442,584,1045,510,645,673,931,234,709,18117,7843,3067,1044,8526,1404,838,44,29
2021-05-20T23:59:59+02:00,3,2,557,692,1981,2013,2303,2324,2477,3853,2517,3394,1339,1747,1026,1418,290,834,0,0,161,190,594,717,637,959,602,1386,559,982,489,615,667,922,234,708,17456,7721,2941,1033,8450,1193,764,44,27
2021-05-19T23:59:59+02:00,2,2,521,658,1864,1927,2155,2252,2335,3752,2416,3298,1322,1729,1019,1415,288,834,0,0,147,183,565,693,603,925,569,1333,534,922,475,593,657,898,233,706,16687,7566,2870,1015,8408,1092,640,44,27
2021-05-18T23:59:59+02:00,2,1,492,636,1784,1846,2053,2194,2221,3633,2321,3207,1311,1709,1012,1408,288,830,0,0,140,174,542,664,579,895,553,1255,515,860,457,567,648,885,232,703,16160,7445,2701,977,8351,981,535,44,27
2021-05-17T23:59:59+02:00,2,0,472,622,1724,1808,1999,2143,2143,3520,2260,3132,1292,1689,1005,1401,287,828,0,0,134,166,525,650,570,856,541,1195,499,805,439,536,646,877,232,702,15853,7370,2540,947,8281,877,439,44,27
2021-05-16T23:59:59+02:00,2,0,468,621,1697,1780,1958,2113,2102,3470,2205,3073,1277,1680,1003,1396,287,827,0,0,130,165,515,631,557,841,526,1148,482,768,414,506,644,874,232,701,15668,7317,2470,918,8237,791,359,44,27
2021-05-15T23:59:59+02:00,2,0,463,616,1667,1762,1939,2092,2081,3445,2181,3034,1269,1679,1002,1394,286,827,0,0,129,162,512,630,556,838,521,1143,476,758,411,504,642,872,232,701,15459,7289,2469,917,8228,779,354,42,26
2021-05-14T23:59:59+02:00,2,0,446,601,1638,1726,1895,2051,2000,3376,2139,2993,1261,1669,1000,1394,284,827,0,0,126,156,507,615,537,814,502,1111,462,742,395,488,637,867,232,699,15090,7231,2426,901,8207,674,331,42,26
2021-05-13T23:59:59+02:00,1,0,419,579,1567,1674,1781,1997,1882,3290,2072,2903,1237,1651,993,1392,282,823,0,0,120,153,492,608,527,798,495,1095,448,729,378,460,626,841,232,694,14657,7146,2167,861,8153,635,298,42,26
2021-05-12T23:59:59+02:00,1,0,411,574,1546,1663,1763,1988,1858,3267,2057,2888,1235,1646,989,1390,282,823,0,0,120,151,489,608,526,792,492,1090,445,722,372,448,625,835,232,694,14524,7103,2141,852,8145,633,296,41,26
2021-05-11T23:59:59+02:00,1,0,393,553,1466,1624,1653,1947,1745,3172,1949,2820,1220,1622,985,1380,282,823,0,0,113,142,472,576,505,764,472,1058,416,701,349,421,616,829,232,694,14114,7006,1962,823,8030,536,231,41,26
2021-05-10T23:59:59+02:00,1,0,377,538,1422,1592,1600,1913,1672,3107,1892,2753,1213,1608,981,1374,282,820,0,0,113,139,467,571,496,741,464,1033,410,681,340,409,614,825,232,693,13842,6960,1880,815,7906,484,205,41,24
2021-05-09T23:59:59+02:00,1,0,370,527,1378,1566,1565,1893,1627,3070,1832,2713,1200,1596,978,1369,282,819,0,0,108,136,460,562,486,733,455,1023,400,670,330,398,609,820,232,692,13604,6923,1822,804,7854,433,185,41,23
2021-05-08T23:59:59+02:00,1,0,365,522,1364,1545,1532,1874,1604,3045,1800,2691,1193,1589,975,1368,281,819,0,0,107,136,459,562,483,732,454,1018,400,664,329,396,605,812,232,692,13390,6907,1817,798,7851,422,183,41,23
2021-05-07T23:59:59+02:00,1,0,353,514,1335,1515,1478,1855,1544,2984,1752,2641,1186,1581,974,1362,281,816,0,0,103,132,448,548,470,704,442,983,384,640,327,376,590,800,231,690,13116,6856,1788,773,7785,318,146,41,22
2021-05-06T23:59:59+02:00,1,0,329,500,1237,1472,1368,1797,1402,2869,1621,2549,1155,1550,971,1351,281,813,0,0,100,128,434,530,459,685,429,960,371,620,318,361,577,787,231,687,12623,6796,1599,755,7561,231,118,39,21
2021-05-05T23:59:59+02:00,1,0,314,485,1197,1441,1323,1756,1335,2801,1543,2465,1137,1525,965,1338,281,808,0,0,99,124,424,520,454,673,421,950,366,602,301,350,560,770,231,686,12200,6727,1535,736,7496,182,110,39,19
2021-05-04T23:59:59+02:00,1,0,305,474,1148,1407,1284,1729,1289,2755,1491,2407,1121,1496,960,1327,279,804,0,0,95,121,415,507,451,666,410,930,357,585,289,334,549,750,231,686,11874,6651,1473,710,7450,142,98,39,17
2021-05-03T23:59:59+02:00,1,0,299,468,1112,1383,1248,1709,1259,2720,1448,2368,1105,1470,954,1320,278,800,0,0,87,117,403,500,442,659,403,924,348,577,278,326,531,733,229,684,11625,6571,1448,702,7406,123,70,39,15
2021-05-02T23:59:59+02:00,1,0,295,467,1096,1368,1216,1692,1232,2702,1437,2346,1096,1456,951,1319,278,797,0,0,85,116,396,492,437,654,398,917,345,575,274,318,512,722,229,684,11493,6532,1432,683,7372,109,53,38,14
2021-05-01T23:59:59+02:00,1,0,291,462,1087,1360,1206,1679,1217,2690,1420,2329,1090,1451,948,1316,278,796,0,0,85,115,396,491,433,654,396,913,345,574,272,318,512,722,229,684,11360,6523,1431,683,7371,106,52,38,12
2021-04-30T23:59:59+02:00,1,0,286,453,1076,1336,1184,1659,1187,2628,1366,2279,1077,1434,943,1313,278,793,0,0,83,113,394,486,429,647,394,888,341,564,267,311,510,717,229,683,11061,6507,1426,674,7367,79,22,38,11
2021-04-29T23:59:59+02:00,1,0,270,439,1021,1306,1137,1619,1140,2572,1276,2215,1034,1392,938,1305,277,791,0,0,83,111,389,484,424,642,385,876,333,555,257,301,499,707,228,680,10588,6447,1388,654,7304,55,21,37,11
2021-04-28T23:59:59+02:00,1,0,259,433,1006,1288,1109,1605,1108,2532,1209,2162,1002,1339,930,1303,277,790,0,0,79,109,383,481,419,633,380,868,330,543,242,286,489,695,227,679,10304,6381,1339,620,7250,41,20,37,11
2021-04-27T23:59:59+02:00,1,0,255,423,985,1272,1089,1593,1084,2509,1185,2138,977,1305,924,1299,277,787,0,0,77,106,378,476,417,626,378,864,323,537,239,278,476,676,226,678,10114,6328,1311,593,7213,34,19,33,10
2021-04-26T23:59:59+02:00,1,0,252,417,978,1263,1080,1578,1056,2492,1136,2091,958,1285,918,1292,276,786,0,0,77,106,374,468,417,623,374,861,322,532,233,270,467,667,226,678,9942,6294,1296,568,7148,32,19,33,10
2021-04-25T23:59:59+02:00,1,0,251,415,969,1250,1064,1571,1039,2475,1106,2063,937,1262,915,1285,276,786,0,0,76,105,372,460,414,622,373,856,321,531,232,266,462,659,226,677,9816,6275,1271,552,7100,24,19,32,10
2021-04-24T23:59:59+02:00,1,0,247,410,954,1237,1052,1556,1023,2456,1081,2046,928,1238,912,1281,276,786,0,0,76,105,372,460,412,622,373,854,320,528,231,265,461,656,226,677,9649,6269,1271,544,7078,23,19,30,10
2021-04-23T23:59:59+02:00,1,0,245,400,943,1220,1044,1546,1006,2437,1028,2003,907,1214,910,1274,276,783,0,0,75,104,372,459,411,621,372,852,317,525,227,259,456,650,226,677,9498,6246,1258,531,6984,23,19,29,9
2021-04-22T23:59:59+02:00,1,0,241,390,919,1196,1020,1526,977,2397,981,1942,879,1174,903,1261,276,780,0,0,75,103,370,453,406,614,368,843,315,520,221,253,447,640,225,675,9227,6192,1210,517,6918,16,19,29,9
2021-04-21T23:59:59+02:00,1,0,237,385,893,1177,994,1509,943,2362,936,1894,847,1124,895,1247,276,777,0,0,74,101,367,452,404,611,364,837,310,511,218,248,437,625,224,672,8937,6140,1185,496,6860,15,19,27,9
2021-04-20T23:59:59+02:00,1,0,230,380,874,1150,976,1489,918,2312,896,1842,803,1061,883,1230,274,774,0,0,74,101,365,451,401,606,358,832,307,505,214,239,426,606,223,672,8657,6080,1117,482,6797,14,19,27,9
2021-04-19T23:59:59+02:00,1,0,227,370,854,1138,963,1469,902,2281,869,1808,774,1032,879,1223,274,770,0,0,73,100,364,449,396,601,355,822,303,495,214,234,414,588,221,667,8479,6018,1102,462,6729,12,18,26,9
2021-04-18T23:59:59+02:00,1,0,226,366,846,1128,950,1461,881,2261,850,1789,748,993,877,1218,273,768,0,0,72,98,361,448,396,601,354,819,303,492,213,230,408,584,221,667,8360,5999,1074,451,6669,12,18,26,9
2021-04-17T23:59:59+02:00,1,0,225,363,844,1125,944,1458,874,2255,846,1783,733,968,875,1212,273,768,0,0,72,95,359,444,394,601,351,815,302,487,210,224,402,577,221,666,8295,5956,1073,447,6645,12,18,26,9
2021-04-16T23:59:59+02:00,1,0,224,362,834,1120,931,1438,858,2234,817,1746,695,911,865,1202,271,764,0,0,68,93,357,437,391,599,342,802,297,475,196,208,398,569,218,663,8103,5888,1057,408,6575,11,18,26,8
2021-04-15T23:59:59+02:00,1,0,222,355,810,1102,914,1423,832,2189,778,1708,662,864,856,1183,271,760,0,0,66,92,354,430,386,593,335,794,290,472,188,202,382,546,216,658,7884,5806,1045,380,6456,10,18,25,8
2021-04-14T23:59:59+02:00,1,0,220,348,801,1092,904,1410,818,2154,761,1681,624,824,827,1135,271,756,0,0,63,88,347,427,382,588,333,784,280,464,178,186,365,525,214,653,7664,5713,1029,345,6385,10,18,23,8
2021-04-13T23:59:59+02:00,1,0,215,344,791,1087,895,1399,809,2129,734,1653,577,771,805,1102,270,753,0,0,61,85,342,421,372,584,326,777,276,460,175,182,352,512,213,650,7507,5653,984,317,6294,8,18,20,8
2021-04-12T23:59:59+02:00,1,0,213,343,786,1081,886,1385,783,2109,717,1634,547,744,794,1085,269,751,0,0,60,81,329,415,368,578,322,770,270,454,168,177,344,500,212,644,7413,5578,963,292,6201,8,18,17,8
2021-04-11T23:59:59+02:00,0,0,209,341,778,1070,878,1380,770,2092,707,1618,533,720,786,1063,268,748,0,0,59,79,324,413,364,576,320,766,269,449,162,169,337,497,210,641,7352,5530,943,282,6112,7,18,16,8
2021-04-10T23:59:59+02:00,0,0,209,339,778,1067,873,1378,760,2084,697,1610,526,705,779,1050,267,748,0,0,55,72,298,396,345,561,307,751,255,441,155,162,332,482,209,639,7299,5353,936,276,6081,7,17,14,8
2021-04-09T23:59:59+02:00,0,0,209,336,772,1064,860,1355,752,2002,681,1526,490,644,759,1028,265,744,0,0,46,68,283,384,328,547,291,736,245,428,145,157,310,461,206,631,7182,5160,911,268,5834,7,13,13,8
2021-04-08T23:59:59+02:00,0,0,207,333,766,1057,848,1347,738,1982,661,1506,448,582,728,1005,263,741,0,0,44,65,272,366,313,535,276,721,229,410,136,141,295,443,204,614,7062,4964,871,256,5715,7,12,13,8
2021-04-07T23:59:59+02:00,0,0,202,329,757,1051,835,1332,717,1954,642,1473,411,541,700,967,260,737,0,0,41,62,253,352,303,530,268,707,221,398,122,131,276,423,198,605,6926,4794,839,246,5568,7,12,13,7
2021-04-06T23:59:59+02:00,0,0,200,327,747,1046,820,1315,700,1930,615,1448,390,505,675,936,259,736,0,0,39,60,252,347,298,528,257,703,216,392,117,127,268,403,194,595,6835,4722,813,225,5419,6,12,12,7
2021-04-05T23:59:59+02:00,0,0,200,326,743,1039,813,1304,691,1913,608,1432,371,484,658,912,259,735,0,0,39,59,251,343,297,524,253,697,212,391,116,123,255,383,190,589,6795,4661,800,210,5305,6,12,12,7
2021-04-04T23:59:59+02:00,0,0,199,323,739,1029,807,1293,682,1896,601,1413,360,471,655,908,259,735,0,0,39,58,250,342,296,524,253,697,211,391,114,123,249,369,187,587,6770,4630,795,210,5219,6,10,12,7
2021-04-03T23:59:59+02:00,0,0,199,323,738,1029,805,1291,682,1892,594,1411,353,465,652,901,259,734,0,0,39,58,250,342,296,524,253,696,211,389,114,123,249,366,187,585,6739,4622,795,210,5206,6,10,12,7
2021-04-02T23:59:59+02:00,0,0,199,321,738,1027,803,1289,678,1885,590,1401,344,455,639,891,259,733,0,0,39,57,247,340,293,522,251,688,206,383,112,122,243,347,184,572,6689,4547,790,207,5183,6,10,11,7
2021-04-01T23:59:59+02:00,0,0,196,318,733,1013,791,1276,673,1865,575,1382,329,431,608,858,258,727,0,0,37,56,238,334,291,519,250,681,204,379,104,119,226,322,181,551,6600,4439,747,200,5091,5,10,11,7
2021-03-31T23:59:59+02:00,0,0,192,315,725,1005,782,1262,663,1819,565,1343,320,420,586,812,254,724,0,0,37,56,237,333,286,516,247,679,198,375,99,116,211,295,179,529,6531,4349,703,193,4957,5,8,11,7
2021-03-30T23:59:59+02:00,0,0,189,309,720,996,776,1240,651,1780,555,1299,309,403,560,776,253,724,0,0,37,55,235,329,282,513,246,674,194,370,96,114,203,277,175,514,6454,4272,665,188,4823,5,8,11,7
2021-03-29T23:59:59+02:00,0,0,185,304,715,978,771,1227,642,1749,546,1261,305,389,529,738,251,717,0,0,37,53,233,327,281,511,245,670,192,363,92,112,194,264,168,503,6345,4210,643,182,4719,3,8,11,7
2021-03-28T23:59:59+02:00,0,0,178,288,705,968,762,1220,637,1727,543,1244,303,375,501,714,248,715,0,0,37,52,231,327,278,505,242,667,191,360,89,110,187,255,165,501,6300,4166,608,178,4615,3,8,11,7
2021-03-27T23:59:59+01:00,0,0,178,285,700,962,757,1216,631,1716,541,1235,299,366,495,704,248,714,0,0,37,52,231,327,278,505,239,661,188,356,88,109,183,248,160,491,6259,4128,600,172,4579,3,8,11,7
2021-03-26T23:59:59+01:00,0,0,174,283,689,950,748,1201,619,1698,533,1212,292,355,491,689,246,710,0,0,37,52,231,327,277,503,239,660,181,344,83,102,171,232,153,479,6195,4048,581,171,4500,3,6,11,7
2021-03-25T23:59:59+01:00,0,0,170,281,681,936,727,1175,602,1661,522,1173,284,343,474,665,245,706,0,0,37,51,227,322,275,502,232,657,181,343,76,102,154,214,148,455,6118,3957,567,163,4342,3,6,11,7
2021-03-24T23:59:59+01:00,0,0,168,273,670,923,719,1159,593,1624,508,1142,274,330,456,641,242,703,0,0,37,51,225,320,272,500,230,657,177,340,74,99,141,208,142,421,6043,3883,542,156,4218,2,6,11,7
2021-03-23T23:59:59+01:00,0,0,165,270,662,909,706,1145,582,1601,495,1104,268,318,438,625,237,699,0,0,36,51,223,319,269,497,225,652,175,336,72,95,133,200,132,395,5990,3802,526,151,4084,2,6,11,7
2021-03-22T23:59:59+01:00,0,0,161,261,643,891,688,1126,571,1569,481,1080,263,309,426,609,236,693,0,0,36,51,221,317,266,495,223,645,174,334,72,92,127,191,117,365,5934,3720,504,148,3941,1,6,11,7
2021-03-21T23:59:59+01:00,0,0,157,259,635,883,682,1122,567,1545,475,1048,257,301,413,601,234,688,0,0,36,51,218,317,264,493,222,644,172,332,71,89,125,190,113,362,5911,3699,489,144,3836,1,4,10,6
2021-03-20T23:59:59+01:00,0,0,155,259,627,878,677,1119,561,1540,472,1047,253,293,400,587,232,686,0,0,36,51,218,317,263,493,221,642,172,328,70,88,122,186,109,356,5876,3674,482,142,3792,1,4,10,6
2021-03-19T23:59:59+01:00,0,0,145,249,620,860,666,1112,556,1522,461,1034,236,271,383,562,227,678,0,0,34,51,217,316,262,493,219,635,171,324,68,86,114,175,104,335,5798,3607,440,141,3704,1,3,10,6
2021-03-18T23:59:59+01:00,0,0,140,243,602,844,648,1079,538,1471,447,988,221,256,370,539,224,660,0,0,34,51,216,313,260,485,219,630,168,317,68,83,106,167,100,322,5714,3547,406,132,3499,1,3,10,6
2021-03-17T23:59:59+01:00,0,0,134,237,589,825,635,1072,533,1458,439,969,209,243,352,522,220,654,0,0,34,50,216,311,259,483,218,629,168,316,68,83,101,161,94,308,5619,3507,378,130,3435,1,3,8,6
2021-03-16T23:59:59+01:00,0,0,130,228,572,810,616,1061,521,1417,428,944,201,229,331,488,216,642,0,0,34,49,216,308,259,477,216,628,167,315,64,83,97,155,91,290,5526,3461,346,126,3296,1,2,8,6
2021-03-15T23:59:59+01:00,0,0,124,221,557,795,606,1040,512,1385,414,907,195,221,318,463,213,636,0,0,33,49,215,305,259,474,215,627,165,314,63,81,91,149,89,276,5438,3418,317,124,3179,1,1,8,6
2021-03-14T23:59:59+01:00,0,0,119,209,543,776,591,1019,503,1342,402,862,185,209,307,452,207,632,0,0,33,49,215,302,258,473,214,622,164,309,62,81,90,146,87,273,5371,3402,304,114,3007,1,0,7,6
2021-03-13T23:59:59+01:00,0,0,116,197,515,747,562,993,478,1317,382,843,170,200,300,439,206,629,0,0,33,49,215,302,258,473,213,622,164,308,62,81,87,142,75,258,5176,3364,300,114,2921,1,0,7,6
2021-03-12T23:59:59+01:00,0,0,105,189,485,721,542,963,457,1278,361,811,154,188,276,410,203,609,0,0,33,49,215,301,258,473,213,622,164,307,57,79,84,136,70,251,4946,3332,294,114,2802,1,0,7,5
2021-03-11T23:59:59+01:00,0,0,97,180,451,674,504,927,417,1204,339,759,141,166,249,369,199,587,0,0,33,48,214,299,253,469,211,618,161,305,57,77,80,130,68,238,4699,3303,284,93,2546,1,0,7,4
2021-03-10T23:59:59+01:00,0,0,94,170,427,650,485,908,400,1166,322,721,126,151,232,338,193,554,0,0,32,48,212,294,249,464,208,612,161,303,54,75,76,127,65,228,4521,3259,273,81,2405,1,0,7,4
2021-03-09T23:59:59+01:00,0,0,94,165,415,620,454,878,385,1122,310,689,120,143,222,320,187,542,0,0,32,48,211,291,246,456,206,608,157,299,53,73,74,124,59,220,4438,3218,257,71,2220,1,0,7,3
2021-03-08T23:59:59+01:00,0,0,91,157,399,603,436,861,376,1071,301,651,116,134,208,300,181,530,0,0,32,48,211,287,243,451,201,604,151,295,51,72,69,121,58,219,4359,3190,241,54,2059,1,0,7,2
2021-03-07T23:59:59+01:00,0,0,88,153,394,591,427,846,365,1056,298,645,114,134,201,286,179,528,0,0,32,48,210,286,243,449,200,603,151,295,51,72,67,119,57,218,4312,3181,231,51,2001,0,0,7,2
2021-03-06T23:59:59+01:00,0,0,87,146,392,583,420,822,355,1004,289,613,113,133,195,278,176,523,0,0,32,48,210,286,242,448,200,602,151,295,51,72,65,119,56,213,4276,3176,231,45,1858,0,0,7,2
2021-03-05T23:59:59+01:00,0,0,86,141,387,570,415,814,354,987,280,590,107,124,184,258,168,510,0,0,32,48,209,284,241,447,199,600,150,293,51,72,63,118,55,205,4196,3161,222,36,1786,0,0,7,2
2021-03-04T23:59:59+01:00,0,0,83,125,376,534,397,780,337,943,270,561,98,123,165,232,161,485,0,0,32,48,207,278,239,441,197,587,147,292,50,72,63,118,55,204,4093,3122,206,35,1597,0,0,7,2
2021-03-03T23:59:59+01:00,0,0,76,114,366,518,388,762,332,922,261,543,96,120,154,225,155,451,0,0,32,47,207,278,238,439,194,579,147,286,50,72,62,116,55,204,4023,3098,200,32,1480,0,0,7,2
2021-03-02T23:59:59+01:00,0,0,73,111,355,503,371,744,325,903,255,521,95,115,144,215,145,423,0,0,31,47,207,278,238,433,189,572,145,283,50,72,62,114,55,203,3935,3069,194,32,1382,0,0,7,2
2021-03-01T23:59:59+01:00,0,0,72,109,349,490,364,722,314,878,249,494,93,114,137,204,127,388,0,0,31,46,206,277,236,424,187,565,145,280,50,72,61,113,54,203,3848,3038,189,32,1275,0,0,7,2
2021-02-28T23:59:59+01:00,0,0,72,107,342,481,361,714,312,854,244,476,88,106,135,201,123,384,0,0,31,46,205,277,235,423,186,565,145,280,50,72,61,113,54,203,3824,3036,186,31,1195,0,0,7,1
2021-02-27T23:59:59+01:00,0,0,69,98,336,475,356,707,306,843,241,467,86,104,134,196,116,374,0,0,31,46,205,276,235,422,185,564,143,279,50,72,61,113,54,203,3792,3034,180,26,1137,0,0,7,1
2021-02-26T23:59:59+01:00,0,0,67,93,328,451,330,672,285,812,231,446,83,100,126,185,112,354,0,0,31,45,205,275,235,420,184,561,139,277,50,72,61,113,54,201,3735,3018,178,26,956,0,0,7,0
2021-02-25T23:59:59+01:00,0,0,59,82,315,429,320,644,277,786,219,423,78,100,118,178,109,342,0,0,31,45,203,271,230,417,182,554,134,276,50,70,59,111,53,201,3685,2989,171,18,806,0,0,7,0
2021-02-24T23:59:59+01:00,0,0,55,75,308,416,312,629,272,770,216,415,77,100,113,173,102,329,0,0,30,45,201,269,227,404,180,546,132,271,48,69,56,111,53,201,3645,2949,166,12,731,0,0,7,0
2021-02-23T23:59:59+01:00,0,0,52,66,295,398,302,611,266,752,210,407,73,98,108,168,99,307,0,0,29,45,200,267,224,398,179,540,128,268,47,69,56,107,53,199,3592,2918,161,8,633,0,0,7,0
2021-02-22T23:59:59+01:00,0,0,50,64,289,386,298,602,264,743,208,402,71,95,100,160,97,295,0,0,29,43,197,265,221,384,172,530,125,265,46,69,55,107,53,199,3547,2871,153,4,592,0,0,6,0
2021-02-21T23:59:59+01:00,0,0,49,63,283,379,295,592,259,735,203,398,70,93,99,158,95,293,0,0,29,42,196,263,220,381,172,521,125,264,46,69,55,107,53,197,3537,2849,150,4,542,0,0,5,0
2021-02-20T23:59:59+01:00,0,0,48,63,281,378,294,589,258,729,203,393,69,93,96,154,83,278,0,0,29,41,196,263,220,381,172,521,123,263,46,69,54,107,53,195,3501,2842,149,4,521,0,0,5,0
2021-02-19T23:59:59+01:00,0,0,47,63,278,373,288,566,247,703,201,381,66,90,92,146,78,270,0,0,29,40,196,263,219,380,172,520,123,263,46,69,53,106,52,193,3467,2833,148,4,432,0,0,4,0
2021-02-18T23:59:59+01:00,0,0,44,61,260,349,280,543,239,682,186,357,65,86,90,141,76,261,0,0,28,39,191,254,216,373,167,505,123,253,46,67,53,104,49,188,3438,2764,139,4,297,0,0,4,0
2021-02-17T23:59:59+01:00,0,0,44,59,253,343,278,528,232,669,183,337,63,83,86,138,73,249,0,0,26,38,187,248,209,359,163,489,120,242,42,65,53,102,48,185,3387,2681,137,3,242,0,0,4,0
2021-02-16T23:59:59+01:00,0,0,43,54,239,329,274,517,226,653,178,330,61,82,83,136,67,242,0,0,23,38,178,239,201,339,157,477,116,230,42,60,43,88,40,175,3350,2550,134,3,176,0,0,4,0
2021-02-15T23:59:59+01:00,0,0,42,54,234,326,267,505,223,648,174,324,59,82,78,132,66,241,0,0,22,37,170,232,196,331,151,466,112,223,39,57,43,82,36,166,3323,2466,133,3,145,0,0,4,0
2021-02-14T23:59:59+01:00,0,0,39,54,231,322,265,498,220,642,174,319,58,79,75,132,65,238,0,0,20,37,168,227,193,326,150,454,111,220,39,57,42,80,35,159,3312,2420,122,3,122,0,0,4,0
2021-02-13T23:59:59+01:00,0,0,38,54,231,322,263,498,220,641,174,319,58,79,74,132,65,237,0,0,20,37,167,226,190,326,149,452,110,217,38,57,41,79,32,155,3308,2399,122,1,120,0,0,4,0
2021-02-12T23:59:59+01:00,0,0,37,52,229,318,260,489,216,630,171,316,58,78,72,132,65,236,0,0,20,37,166,222,189,325,148,450,108,216,36,56,41,75,28,147,3299,2367,122,1,81,0,0,4,0
2021-02-11T23:59:59+01:00,0,0,36,51,221,296,253,472,209,606,159,305,57,77,71,130,65,230,0,0,20,34,151,201,182,295,139,405,103,197,32,55,37,65,26,133,3262,2168,99,1,18,0,0,4,0
2021-02-10T23:59:59+01:00,0,0,36,50,218,288,251,465,205,598,157,300,54,77,70,130,64,228,0,0,18,31,138,177,168,256,120,356,96,175,28,52,36,62,23,121,3230,1938,89,1,8,0,0,4,0
2021-02-09T23:59:59+01:00,0,0,34,49,217,285,249,455,200,590,153,297,54,77,70,128,64,228,0,0,18,29,119,151,152,234,107,314,91,150,23,47,35,49,20,109,3207,1719,74,1,4,0,0,4,0
2021-02-08T23:59:59+01:00,0,0,34,49,216,283,243,440,197,579,149,292,51,77,69,127,64,228,0,0,16,28,103,128,130,195,87,275,86,140,16,45,29,40,19,96,3168,1498,58,1,4,0,0,3,0
2021-02-07T23:59:59+01:00,0,0,34,48,213,282,241,439,196,576,148,292,51,77,68,127,64,228,0,0,15,22,98,118,122,184,82,255,82,130,15,44,27,33,18,88,3160,1395,55,1,0,0,0,2,0
2021-02-06T23:59:59+01:00,0,0,34,48,213,282,241,438,196,576,147,291,50,77,67,127,63,223,0,0,12,18,97,117,121,180,80,248,82,128,14,43,27,30,16,88,3156,1359,48,1,0,0,0,2,0
2021-02-05T23:59:59+01:00,0,0,33,47,213,282,241,437,195,575,145,290,50,77,67,127,62,213,0,0,10,15,88,109,117,175,79,244,81,120,13,42,27,26,14,85,3144,1300,39,0,0,0,0,2,0
2021-02-04T23:59:59+01:00,0,0,33,47,210,278,236,433,190,569,143,287,50,75,67,125,62,212,0,0,9,11,60,77,95,130,68,207,64,101,13,37,24,22,11,74,3106,1045,39,0,0,0,0,2,0
2021-02-03T23:59:59+01:00,0,0,33,46,210,277,235,421,188,563,142,284,50,74,66,123,62,212,0,0,6,6,44,58,74,107,53,158,55,73,10,17,18,15,6,58,3078,789,36,0,0,0,0,2,0
2021-02-02T23:59:59+01:00,0,0,32,46,209,274,231,415,187,557,139,283,49,74,64,120,60,209,0,0,4,4,28,41,58,77,41,102,44,51,8,14,12,9,2,41,3039,557,36,0,0,0,0,2,0
2021-02-01T23:59:59+01:00,0,0,31,44,207,274,226,408,184,552,136,276,49,73,62,119,60,209,0,0,4,2,22,22,32,46,27,63,27,28,6,9,8,5,2,23,2999,338,36,0,0,0,0,1,0
2021-01-31T23:59:59+01:00,0,0,31,44,206,273,224,402,182,544,135,276,49,73,61,118,60,207,0,0,4,2,20,17,23,36,21,51,21,24,6,6,7,5,2,19,2974,274,34,0,0,0,0,1,0
2021-01-30T23:59:59+01:00,0,0,31,44,206,273,224,401,181,544,135,276,49,73,60,118,60,204,0,0,4,2,19,16,21,36,19,47,20,23,6,5,7,4,2,18,2969,258,33,0,0,0,0,1,0
2021-01-29T23:59:59+01:00,0,0,31,44,206,271,223,400,180,543,133,274,49,73,59,117,59,203,0,0,4,1,16,10,15,29,16,41,16,21,5,4,6,4,2,17,2959,214,29,0,0,0,0,0,0
2021-01-28T23:59:59+01:00,0,0,31,43,197,268,222,395,179,534,131,270,49,73,58,116,57,202,0,0,4,1,5,3,8,16,9,23,9,9,2,2,4,1,0,16,2927,115,21,0,0,0,0,0,0
2021-01-27T23:59:59+01:00,0,0,30,42,194,261,218,385,177,521,128,261,46,71,58,114,56,200,0,0,1,1,3,3,7,14,8,19,8,9,2,2,3,1,0,13,2862,96,17,0,0,0,0,0,0
2021-01-26T23:59:59+01:00,0,0,27,42,191,249,212,372,173,503,125,254,45,66,52,107,49,191,0,0,1,1,2,3,7,14,8,19,8,9,2,2,3,1,0,10,2761,92,13,0,0,0,0,0,0
2021-01-25T23:59:59+01:00,0,0,27,41,182,246,209,362,170,494,122,244,43,64,51,104,43,188,0,0,1,1,1,3,5,12,7,16,8,9,2,2,2,0,0,8,2699,79,5,0,0,0,0,0,0
2021-01-24T23:59:59+01:00,0,0,26,40,180,243,207,361,169,492,122,243,43,64,49,100,42,187,0,0,1,1,1,3,4,12,7,16,8,9,2,2,2,0,0,8,2678,78,3,0,0,0,0,0,0
2021-01-23T23:59:59+01:00,0,0,26,40,180,243,205,361,169,491,122,243,43,64,49,99,41,185,0,0,1,1,1,3,4,11,7,15,7,9,2,2,2,0,0,8,2671,75,3,0,0,0,0,0,0
2021-01-22T23:59:59+01:00,0,0,25,39,179,239,204,361,169,490,121,243,43,64,49,99,38,179,0,0,1,0,1,3,4,11,7,15,7,9,2,2,2,0,0,8,2652,74,3,0,0,0,0,0,0
2021-01-21T23:59:59+01:00,0,0,21,37,170,227,198,345,165,469,119,230,42,64,45,91,37,176,0,0,1,0,1,3,1,6,6,10,5,5,2,2,2,0,0,7,2539,53,3,0,0,0,0,0,0
2021-01-20T23:59:59+01:00,0,0,20,35,153,201,182,302,137,413,109,209,37,60,43,86,32,159,0,0,1,0,1,3,1,6,6,9,5,4,2,2,2,0,0,7,2270,51,2,0,0,0,0,0,0
2021-01-19T23:59:59+01:00,0,0,20,32,127,173,165,268,128,370,105,188,27,54,35,71,29,145,0,0,1,0,1,3,1,5,4,7,3,3,1,0,2,0,0,4,2017,36,2,0,0,0,0,0,0
2021-01-18T23:59:59+01:00,0,0,17,32,113,152,142,228,111,322,98,164,24,51,32,58,26,125,0,0,1,0,1,1,0,2,3,5,2,3,0,0,1,0,0,4,1770,24,2,0,0,0,0,0,0
2021-01-17T23:59:59+01:00,0,0,16,23,108,138,134,214,102,297,94,153,23,46,31,52,25,112,0,0,1,0,0,0,0,1,1,4,2,2,0,0,1,0,0,1,1635,13,2,0,0,0,0,0,0
2021-01-16T23:59:59+01:00,0,0,14,20,105,136,132,209,99,287,93,146,20,45,30,46,20,109,0,0,0,0,0,0,0,0,0,0,0,0,0,0,0,0,0,0,1576,0,0,0,0,0,0,0,0
2021-01-15T23:59:59+01:00,0,0,11,17,99,127,128,203,97,278,93,136,19,44,30,41,19,106,0,0,0,0,0,0,0,0,0,0,0,0,0,0,0,0,0,0,1509,0,0,0,0,0,0,0,0
2021-01-14T23:59:59+01:00,0,0,9,13,75,95,110,167,81,234,81,121,15,39,27,33,17,91,0,0,0,0,0,0,0,0,0,0,0,0,0,0,0,0,0,0,1257,0,0,0,0,0,0,0,0
2021-01-13T23:59:59+01:00,0,0,7,12,61,84,97,138,75,190,76,96,15,25,21,24,15,71,0,0,0,0,0,0,0,0,0,0,0,0,0,0,0,0,0,0,1048,0,0,0,0,0,0,0,0
2021-01-12T23:59:59+01:00,0,0,5,8,49,67,79,108,67,135,63,74,11,19,16,20,7,55,0,0,0,0,0,0,0,0,0,0,0,0,0,0,0,0,0,0,818,0,0,0,0,0,0,0,0
2021-01-11T23:59:59+01:00,0,0,4,6,43,51,67,83,53,107,48,55,10,14,8,11,4,29,0,0,0,0,0,0,0,0,0,0,0,0,0,0,0,0,0,0,618,0,0,0,0,0,0,0,0
2021-01-10T23:59:59+01:00,0,0,4,6,39,40,50,67,39,86,40,47,9,9,7,10,4,23,0,0,0,0,0,0,0,0,0,0,0,0,0,0,0,0,0,0,496,0,0,0,0,0,0,0,0
2021-01-09T23:59:59+01:00,0,0,4,5,36,39,45,64,36,78,37,43,9,9,7,8,4,22,0,0,0,0,0,0,0,0,0,0,0,0,0,0,0,0,0,0,460,0,0,0,0,0,0,0,0
2021-01-08T23:59:59+01:00,0,0,4,5,29,30,38,56,27,65,31,38,6,6,5,7,3,20,0,0,0,0,0,0,0,0,0,0,0,0,0,0,0,0,0,0,381,0,0,0,0,0,0,0,0
2021-01-07T23:59:59+01:00,0,0,4,2,11,3,11,18,11,29,8,18,5,3,4,2,1,18,0,0,0,0,0,0,0,0,0,0,0,0,0,0,0,0,0,0,151,0,0,0,0,0,0,0,0
2021-01-06T23:59:59+01:00,0,0,4,1,4,3,6,15,8,23,7,10,3,3,3,2,1,16,0,0,0,0,0,0,0,0,0,0,0,0,0,0,0,0,0,0,112,0,0,0,0,0,0,0,0
2021-01-05T23:59:59+01:00,0,0,2,1,2,3,6,14,8,21,7,9,3,2,3,2,0,15,0,0,0,0,0,0,0,0,0,0,0,0,0,0,0,0,0,0,101,0,0,0,0,0,0,0,0
2021-01-04T23:59:59+01:00,0,0,1,1,2,3,6,13,7,17,7,9,2,2,2,1,0,10,0,0,0,0,0,0,0,0,0,0,0,0,0,0,0,0,0,0,85,0,0,0,0,0,0,0,0
2021-01-03T23:59:59+01:00,0,0,1,1,1,3,5,13,7,17,7,9,2,2,2,1,0,10,0,0,0,0,0,0,0,0,0,0,0,0,0,0,0,0,0,0,83,0,0,0,0,0,0,0,0
2021-01-02T23:59:59+01:00,0,0,1,1,1,3,5,13,6,17,6,9,2,2,2,1,0,10,0,0,0,0,0,0,0,0,0,0,0,0,0,0,0,0,0,0,81,0,0,0,0,0,0,0,0
2021-01-01T23:59:59+01:00,0,0,1,0,1,3,5,13,6,17,6,9,2,2,2,1,0,10,0,0,0,0,0,0,0,0,0,0,0,0,0,0,0,0,0,0,80,0,0,0,0,0,0,0,0
2020-12-31T23:59:59+01:00,0,0,1,0,1,3,5,12,6,17,6,9,2,2,2,1,0,10,0,0,0,0,0,0,0,0,0,0,0,0,0,0,0,0,0,0,79,0,0,0,0,0,0,0,0
2020-12-30T23:59:59+01:00,0,0,1,0,1,3,5,12,6,16,6,9,2,2,2,1,0,10,0,0,0,0,0,0,0,0,0,0,0,0,0,0,0,0,0,0,78,0,0,0,0,0,0,0,0
2020-12-29T23:59:59+01:00,0,0,1,0,1,3,4,8,4,13,4,7,1,1,2,0,0,8,0,0,0,0,0,0,0,0,0,0,0,0,0,0,0,0,0,0,58,0,0,0,0,0,0,0,0
2020-12-28T23:59:59+01:00,0,0,1,0,1,1,1,1,2,6,3,4,1,0,2,0,0,4,0,0,0,0,0,0,0,0,0,0,0,0,0,0,0,0,0,0,28,0,0,0,0,0,0,0,0
2020-12-27T23:59:59+01:00,0,0,1,0,0,0,0,1,1,6,1,2,0,0,1,0,0,2,0,0,0,0,0,0,0,0,0,0,0,0,0,0,0,0,0,0,15,0,0,0,0,0,0,0,0
