Datum,<24_1_m,<24_1_w,25-34_1_m,25-34_1_w,35-44_1_m,35-44_1_w,45-54_1_m,45-54_1_w,55-64_1_m,55-64_1_w,65-74_1_m,65-74_1_w,75-84_1_m,75-84_1_w,>84_1_m,>84_1_w,<24_2_m,<24_2_w,25-34_2_m,25-34_2_w,35-44_2_m,35-44_2_w,45-54_2_m,45-54_2_w,55-64_2_m,55-64_2_w,65-74_2_m,65-74_2_w,75-84_2_m,75-84_2_w,>84_2_m,>84_2_w,bp_1,bp_2,mo_1,mo_2,az_1,az_2,ja
2021-05-07T23:59:59+02:00,306,468,999,1135,1183,1737,1269,2726,1545,2443,1229,1611,1682,2050,1275,2905,86,128,370,433,381,682,360,872,377,596,401,446,978,1209,770,1916,16333,9006,1726,755,6610,241,80
2021-05-06T23:59:59+02:00,295,458,946,1097,1102,1687,1170,2624,1459,2377,1210,1585,1681,2042,1275,2903,84,127,358,423,374,667,348,858,362,581,395,437,969,1199,770,1915,15956,8968,1615,742,6469,177,57
2021-05-05T23:59:59+02:00,284,451,918,1079,1068,1657,1108,2570,1405,2319,1197,1562,1676,2033,1275,2900,84,122,355,417,370,661,346,851,356,570,384,424,956,1187,770,1915,15616,8920,1589,726,6430,146,53
2021-05-04T23:59:59+02:00,277,444,895,1065,1035,1638,1067,2528,1365,2272,1185,1536,1672,2027,1275,2899,83,120,349,407,368,657,339,837,351,554,376,410,948,1168,770,1915,15362,8861,1555,706,6399,113,49
2021-05-03T23:59:59+02:00,277,437,873,1049,1005,1627,1039,2497,1336,2238,1174,1510,1667,2023,1274,2898,82,117,343,404,363,648,338,833,344,546,366,399,939,1157,769,1913,15168,8804,1537,700,6362,93,41
2021-05-02T23:59:59+02:00,274,435,857,1039,986,1616,1021,2485,1328,2216,1167,1502,1666,2022,1274,2897,80,117,338,401,362,645,336,827,342,541,358,392,925,1149,769,1913,15080,8778,1524,684,6338,83,27
2021-05-01T23:59:59+02:00,271,432,851,1032,977,1608,1011,2473,1318,2202,1163,1497,1665,2020,1274,2897,80,117,338,400,361,645,336,824,342,540,357,392,925,1149,769,1913,14986,8772,1524,684,6338,82,27
2021-04-30T23:59:59+02:00,267,425,843,1018,957,1592,978,2408,1278,2160,1155,1483,1662,2018,1274,2894,79,115,337,398,358,637,335,799,338,535,353,387,924,1144,769,1912,14737,8761,1521,675,6336,59,2
2021-04-29T23:59:59+02:00,255,418,811,997,926,1561,937,2357,1203,2096,1125,1451,1660,2013,1274,2894,79,114,333,396,354,633,331,787,333,526,345,378,916,1137,769,1910,14381,8721,1491,656,6288,39,2
2021-04-28T23:59:59+02:00,244,415,799,986,899,1549,905,2322,1150,2035,1104,1411,1655,2012,1274,2894,75,114,327,391,349,626,330,780,331,517,332,366,907,1127,769,1910,14130,8668,1456,632,6250,26,2
2021-04-27T23:59:59+02:00,241,407,789,975,886,1540,885,2304,1130,2011,1084,1380,1650,2009,1274,2893,74,111,325,388,348,623,328,775,326,511,328,358,899,1115,769,1909,13981,8630,1435,611,6224,21,2
2021-04-26T23:59:59+02:00,239,402,782,968,876,1534,864,2284,1088,1971,1071,1360,1643,2006,1273,2892,74,111,323,386,347,622,326,773,324,507,322,348,895,1108,769,1909,13836,8604,1424,596,6175,19,2
2021-04-25T23:59:59+02:00,239,400,775,961,863,1525,852,2271,1060,1943,1057,1342,1640,2000,1273,2891,74,111,323,382,345,621,326,771,323,507,320,345,893,1101,769,1908,13734,8597,1403,585,6136,12,2
2021-04-24T23:59:59+02:00,234,397,768,958,851,1515,842,2255,1038,1929,1051,1322,1638,1998,1273,2891,74,111,323,382,345,621,325,771,323,504,319,344,893,1100,769,1908,13614,8594,1403,581,6124,12,2
2021-04-23T23:59:59+02:00,231,391,759,949,847,1509,825,2242,979,1892,1042,1302,1635,1993,1273,2888,74,111,323,382,345,620,324,769,322,503,313,337,891,1096,769,1908,13502,8580,1393,570,6041,12,2
2021-04-22T23:59:59+02:00,230,384,739,931,832,1491,794,2202,942,1846,1020,1265,1628,1983,1273,2885,74,108,321,380,343,614,321,764,321,499,310,332,884,1087,768,1907,13291,8541,1348,562,5984,5,2
2021-04-21T23:59:59+02:00,224,380,724,918,813,1479,766,2171,897,1805,995,1219,1624,1971,1273,2884,72,106,319,379,342,611,320,760,318,493,309,328,877,1072,766,1903,13056,8499,1327,545,5938,5,2
2021-04-20T23:59:59+02:00,221,376,712,901,801,1461,746,2123,871,1764,964,1161,1612,1958,1272,2883,72,106,318,379,339,609,318,756,318,489,307,321,868,1052,765,1903,12847,8456,1265,533,5890,5,2
2021-04-19T23:59:59+02:00,219,368,702,891,788,1446,736,2099,852,1736,943,1128,1608,1955,1272,2881,72,105,316,376,336,604,317,750,316,481,307,317,855,1036,764,1897,12709,8406,1253,514,5838,3,2
2021-04-18T23:59:59+02:00,218,366,694,888,773,1437,723,2087,836,1720,923,1098,1606,1951,1271,2880,71,103,315,375,336,604,316,747,316,480,306,312,849,1033,763,1897,12621,8389,1236,505,5790,3,2
2021-04-17T23:59:59+02:00,217,362,688,885,769,1437,719,2081,833,1713,911,1081,1604,1947,1271,2880,70,100,314,373,336,604,315,743,316,477,305,308,845,1026,763,1897,12564,8360,1236,503,5774,3,2
2021-04-16T23:59:59+02:00,217,359,683,883,756,1423,712,2064,802,1674,880,1032,1598,1938,1270,2878,66,98,311,367,335,602,311,735,311,462,293,288,842,1016,759,1892,12402,8295,1223,464,5720,3,2
2021-04-15T23:59:59+02:00,215,356,668,866,744,1411,691,2026,764,1635,854,995,1589,1919,1269,2873,65,98,308,361,330,601,305,731,304,459,287,281,823,996,757,1885,12217,8224,1212,438,5620,3,2
2021-04-14T23:59:59+02:00,212,350,660,860,736,1399,684,1996,751,1612,821,961,1565,1880,1266,2869,62,93,305,359,327,597,303,726,297,450,281,271,805,980,756,1879,12036,8151,1196,411,5562,3,2
2021-04-13T23:59:59+02:00,209,345,653,856,727,1390,676,1976,725,1586,789,912,1548,1853,1264,2865,60,92,302,355,319,592,299,720,292,444,277,266,794,970,751,1876,11909,8094,1155,387,5482,2,2
2021-04-12T23:59:59+02:00,208,344,650,853,719,1379,661,1960,711,1570,761,880,1538,1841,1264,2861,59,89,293,349,315,586,294,715,287,440,268,258,788,961,751,1870,11827,8032,1138,361,5406,2,2
2021-04-11T23:59:59+02:00,204,343,644,849,713,1375,654,1948,701,1556,743,858,1531,1824,1264,2858,57,87,288,347,314,584,292,714,285,433,264,253,780,957,750,1869,11787,7995,1121,348,5328,2,2
2021-04-10T23:59:59+02:00,204,343,644,848,711,1373,650,1941,696,1551,737,842,1526,1815,1264,2858,52,79,264,335,301,572,281,702,269,425,255,245,775,945,748,1867,11750,7845,1114,339,5309,2,2
2021-04-09T23:59:59+02:00,204,339,642,846,703,1347,641,1861,681,1472,711,791,1507,1796,1264,2853,43,74,251,322,283,558,265,690,257,413,244,240,756,922,745,1863,11648,7666,1094,329,5086,2,2
2021-04-08T23:59:59+02:00,203,335,638,842,697,1340,631,1842,664,1453,673,739,1481,1778,1263,2851,41,71,242,306,269,551,249,675,240,398,232,222,742,905,740,1846,11551,7486,1059,310,4990,2,2
2021-04-07T23:59:59+02:00,197,332,632,835,690,1329,618,1818,653,1425,639,699,1456,1738,1260,2845,39,67,225,292,260,544,243,664,231,384,217,212,714,883,737,1833,11425,7317,1030,295,4881,2,2
2021-04-06T23:59:59+02:00,194,332,626,832,679,1315,602,1794,631,1404,619,663,1438,1709,1259,2844,38,66,224,290,257,542,234,661,226,379,213,207,699,860,735,1825,11353,7246,1008,278,4750,2,1
2021-04-05T23:59:59+02:00,194,332,626,825,673,1307,596,1778,624,1392,599,640,1428,1687,1259,2842,38,66,223,287,255,537,230,655,225,377,213,201,680,839,735,1820,11326,7187,995,261,4648,2,1
2021-04-04T23:59:59+02:00,194,330,626,820,669,1298,591,1760,620,1375,590,628,1427,1685,1259,2841,38,66,222,287,255,537,230,655,224,377,212,201,670,825,735,1817,11316,7157,994,261,4570,2,1
2021-04-03T23:59:59+02:00,194,330,626,820,668,1296,591,1757,615,1373,578,622,1426,1678,1258,2840,38,66,222,287,255,537,230,655,224,376,212,201,670,822,735,1815,11288,7151,994,261,4557,2,1
2021-04-02T23:59:59+02:00,194,330,626,818,667,1293,588,1750,610,1365,570,613,1418,1668,1257,2839,38,66,221,286,254,535,229,649,220,371,208,199,656,799,732,1802,11245,7077,988,255,4539,2,1
2021-04-01T23:59:59+02:00,190,324,623,811,657,1280,583,1730,597,1346,551,589,1398,1640,1256,2827,37,65,213,283,253,531,226,641,216,366,200,197,636,772,725,1778,11163,6959,950,247,4453,2,1
2021-03-31T23:59:59+02:00,187,322,617,804,649,1265,575,1685,589,1310,540,578,1379,1597,1250,2820,37,65,211,282,252,529,225,635,210,364,194,193,610,738,721,1752,11096,6847,911,238,4323,2,1
2021-03-30T23:59:59+02:00,185,316,612,797,646,1237,570,1650,579,1273,530,563,1353,1558,1247,2813,37,63,209,280,250,527,222,630,208,357,189,189,599,716,710,1737,11014,6761,883,228,4193,2,1
2021-03-29T23:59:59+02:00,183,311,606,782,642,1227,562,1622,571,1235,517,545,1324,1518,1240,2799,37,63,208,279,249,525,222,624,205,349,186,186,585,700,706,1727,10889,6697,857,220,4099,2,1
2021-03-28T23:59:59+02:00,175,295,600,774,638,1220,558,1604,569,1219,512,528,1300,1492,1237,2792,37,62,205,279,245,519,220,620,205,347,184,185,577,693,705,1723,10840,6657,825,215,4009,2,1
2021-03-27T23:59:59+01:00,174,293,597,770,635,1215,554,1595,568,1211,508,520,1296,1485,1237,2791,37,61,205,279,245,519,220,614,203,343,181,183,571,684,698,1713,10808,6614,821,208,3980,2,1
2021-03-26T23:59:59+01:00,172,291,590,760,631,1205,546,1576,563,1191,498,507,1288,1469,1229,2786,37,61,205,279,245,517,220,614,196,332,179,178,550,660,689,1696,10739,6516,801,208,3920,2,1
2021-03-25T23:59:59+01:00,170,290,581,749,619,1186,530,1542,554,1157,487,492,1263,1448,1224,2779,37,61,201,273,245,517,215,611,194,329,172,177,526,636,669,1663,10665,6396,779,196,3784,2,1
2021-03-24T23:59:59+01:00,167,279,574,738,614,1171,526,1513,547,1125,479,479,1242,1418,1218,2770,36,61,201,272,245,516,215,610,190,326,169,171,504,619,656,1619,10591,6289,752,188,3675,2,0
2021-03-23T23:59:59+01:00,165,277,568,729,600,1160,520,1493,536,1092,471,464,1222,1401,1209,2763,35,60,200,270,242,515,211,605,187,321,164,168,485,608,632,1578,10533,6165,734,182,3560,2,0
2021-03-22T23:59:59+01:00,159,271,550,715,589,1141,511,1469,525,1068,468,454,1211,1385,1206,2755,35,59,200,268,241,514,210,599,187,318,162,163,472,590,595,1539,10488,6038,712,179,3433,2,0
2021-03-21T23:59:59+01:00,157,270,546,708,586,1136,508,1444,517,1036,462,447,1195,1380,1203,2748,35,59,200,267,240,513,209,598,186,316,161,161,467,588,589,1535,10465,6015,699,174,3332,2,0
2021-03-20T23:59:59+01:00,156,270,543,706,585,1135,505,1442,517,1032,457,440,1183,1365,1198,2743,35,59,200,267,239,513,209,596,186,311,158,160,463,582,584,1526,10430,5982,695,171,3304,2,0
2021-03-19T23:59:59+01:00,148,259,537,695,579,1127,504,1429,504,1014,439,408,1153,1336,1190,2737,35,59,200,266,238,513,208,589,184,307,158,157,454,559,576,1501,10333,5903,649,166,3227,2,0
2021-03-18T23:59:59+01:00,145,256,522,689,557,1094,490,1382,483,971,419,391,1128,1308,1182,2717,35,59,197,264,237,504,208,583,182,305,156,155,441,548,569,1475,10219,5827,613,155,3050,2,0
2021-03-17T23:59:59+01:00,139,249,513,678,547,1090,484,1370,472,956,404,376,1104,1287,1176,2704,35,58,197,264,236,501,208,583,182,304,156,153,433,542,555,1451,10105,5767,584,153,3007,2,0
2021-03-16T23:59:59+01:00,133,245,503,666,534,1077,472,1334,460,929,396,359,1074,1247,1172,2691,35,57,197,263,236,495,208,582,180,304,153,153,428,529,543,1425,9998,5699,552,151,2886,2,0
2021-03-15T23:59:59+01:00,131,239,490,652,524,1051,462,1298,451,896,384,345,1054,1218,1166,2680,34,57,197,260,235,492,208,581,178,304,151,150,419,522,536,1401,9890,5639,512,148,2780,2,0
2021-03-14T23:59:59+01:00,126,225,478,635,516,1028,456,1251,442,858,371,337,1034,1201,1162,2669,34,57,197,258,233,491,207,577,177,299,150,147,417,518,532,1396,9816,5621,489,131,2623,2,0
2021-03-13T23:59:59+01:00,121,211,452,617,491,1004,435,1229,419,842,355,330,1021,1187,1161,2665,34,57,196,258,233,491,207,577,176,298,149,147,412,510,515,1378,9633,5570,481,130,2558,2,0
2021-03-12T23:59:59+01:00,111,200,428,593,470,974,417,1198,397,809,337,316,984,1149,1152,2644,34,57,196,258,233,490,207,577,176,298,146,145,405,500,506,1368,9390,5525,470,130,2450,2,0
2021-03-11T23:59:59+01:00,103,188,398,558,436,934,386,1131,374,750,320,287,943,1104,1128,2610,34,57,195,255,227,486,204,572,174,294,144,144,396,490,494,1348,9111,5476,442,97,2222,2,0
2021-03-10T23:59:59+01:00,98,180,381,538,420,914,372,1095,356,713,304,273,900,1065,1117,2568,34,57,192,252,225,479,202,567,174,291,142,142,383,484,485,1325,8897,5407,423,86,2098,2,0
2021-03-09T23:59:59+01:00,97,175,368,518,402,884,358,1051,345,679,295,263,869,1041,1096,2549,34,57,191,248,224,473,200,564,171,289,142,141,375,478,480,1310,8765,5362,407,74,1934,2,0
2021-03-08T23:59:59+01:00,94,169,355,505,386,863,349,1005,339,642,285,255,843,1009,1085,2536,34,57,191,246,220,467,196,557,167,287,140,141,369,475,475,1302,8655,5327,385,57,1794,1,0
2021-03-07T23:59:59+01:00,91,162,352,497,377,845,339,992,338,637,282,252,835,997,1081,2529,34,57,191,245,220,465,195,556,167,287,140,141,365,472,471,1300,8602,5311,367,55,1749,0,0
2021-03-06T23:59:59+01:00,91,157,347,494,370,822,335,943,329,607,281,250,828,987,1076,2523,34,57,191,245,219,464,195,555,167,287,140,141,364,472,470,1294,8566,5306,367,49,1619,0,0
2021-03-05T23:59:59+01:00,89,152,343,489,368,817,333,929,318,584,276,239,798,953,1064,2497,34,57,190,244,218,463,194,554,166,285,139,140,361,471,467,1283,8438,5290,351,36,1567,0,0
2021-03-04T23:59:59+01:00,89,143,330,456,358,786,317,882,308,563,265,237,763,912,1030,2458,34,57,188,239,217,456,192,544,163,283,138,139,360,469,465,1280,8267,5248,332,35,1404,0,0
2021-03-03T23:59:59+01:00,86,138,321,444,354,773,312,865,299,543,259,228,732,886,1006,2398,34,56,188,239,216,453,190,535,163,277,138,136,359,466,462,1277,8118,5218,317,30,1311,0,0
2021-03-02T23:59:59+01:00,82,135,313,434,344,759,304,847,293,518,249,224,709,865,960,2337,33,56,188,239,216,445,186,530,161,275,137,136,358,461,462,1269,7932,5180,302,30,1238,0,0
2021-03-01T23:59:59+01:00,80,132,309,422,337,744,297,820,287,490,248,218,690,839,903,2263,33,55,187,238,213,437,185,523,160,271,137,136,357,457,458,1264,7745,5138,288,30,1143,0,0
2021-02-28T23:59:59+01:00,80,130,304,415,334,734,297,797,282,471,244,213,685,835,896,2256,33,55,185,237,213,437,185,523,160,271,136,136,357,454,458,1263,7715,5130,279,30,1075,0,0
2021-02-27T23:59:59+01:00,77,121,300,406,330,733,293,784,279,461,240,211,678,823,886,2239,33,55,185,236,213,436,184,522,159,270,136,136,357,454,458,1263,7662,5129,270,25,1023,0,0
2021-02-26T23:59:59+01:00,75,116,294,387,303,701,275,758,270,441,238,209,661,799,876,2208,33,55,185,235,213,434,183,520,157,268,136,136,357,454,458,1261,7573,5116,268,25,862,0,0
2021-02-25T23:59:59+01:00,68,103,282,371,297,670,267,732,259,420,230,206,650,782,860,2180,33,55,184,233,210,431,179,512,153,267,135,133,349,449,454,1257,7478,5073,257,17,733,0,0
2021-02-24T23:59:59+01:00,63,97,277,361,292,656,264,722,255,411,227,206,634,771,837,2147,32,55,183,231,207,418,178,504,151,262,134,131,345,448,453,1250,7386,5024,250,12,673,0,0
2021-02-23T23:59:59+01:00,58,87,268,352,282,636,258,707,250,403,223,204,623,755,821,2108,31,55,182,228,205,413,176,499,149,258,134,129,342,442,451,1242,7291,4981,241,9,591,0,0
2021-02-22T23:59:59+01:00,54,84,263,338,280,628,256,696,247,401,216,200,609,743,807,2081,31,53,178,225,199,399,170,490,144,255,132,128,336,439,448,1235,7208,4912,231,3,551,0,0
2021-02-21T23:59:59+01:00,50,82,262,332,278,618,251,687,242,398,215,199,605,739,802,2076,31,52,177,223,199,397,169,480,144,253,132,128,332,439,446,1227,7191,4878,226,3,505,0,0
2021-02-20T23:59:59+01:00,49,82,260,331,278,614,250,680,239,393,214,199,595,729,783,2055,31,52,177,223,199,397,169,480,143,252,132,128,331,439,445,1226,7132,4873,220,3,485,0,0
2021-02-19T23:59:59+01:00,48,82,254,326,273,587,243,660,235,382,211,195,584,717,768,2042,31,51,177,223,198,396,169,479,142,252,132,127,326,438,441,1219,7076,4850,214,3,399,0,0
2021-02-18T23:59:59+01:00,46,76,236,310,265,566,234,642,221,356,208,189,577,709,754,2026,31,50,175,217,197,387,165,465,141,245,130,123,313,430,427,1181,7024,4725,197,3,274,0,0
2021-02-17T23:59:59+01:00,46,74,231,305,263,552,229,629,219,339,204,186,562,703,740,1998,29,48,172,212,190,373,160,450,137,236,125,119,307,420,415,1161,6935,4599,192,3,231,0,0
2021-02-16T23:59:59+01:00,43,68,223,294,260,539,224,616,213,334,200,186,551,697,728,1980,27,48,163,203,181,354,156,437,133,225,124,114,287,396,398,1127,6872,4418,190,3,170,0,0
2021-02-15T23:59:59+01:00,42,67,217,291,252,527,222,610,210,326,199,185,541,693,724,1967,27,46,158,198,177,348,152,429,129,220,112,110,272,382,379,1081,6830,4265,184,3,135,0,0
2021-02-14T23:59:59+01:00,40,67,214,288,249,520,220,607,210,323,199,181,535,691,720,1956,26,45,157,196,173,343,152,416,128,218,112,107,265,376,370,1060,6814,4188,163,3,117,0,0
2021-02-13T23:59:59+01:00,39,67,214,288,248,520,220,606,210,323,199,181,534,690,720,1956,26,45,155,195,170,343,151,413,126,216,112,107,263,374,366,1055,6810,4163,163,1,116,0,0
2021-02-12T23:59:59+01:00,38,65,212,284,245,509,216,596,207,318,198,179,529,689,718,1950,26,44,153,193,169,342,148,411,126,214,111,104,262,364,348,1019,6787,4080,163,1,76,0,0
2021-02-11T23:59:59+01:00,37,63,204,266,238,491,207,572,196,304,196,178,523,676,703,1929,25,42,137,176,162,308,138,368,122,196,102,94,237,336,316,930,6725,3731,114,1,16,0,0
2021-02-10T23:59:59+01:00,37,63,199,261,236,485,205,564,193,299,194,178,519,673,698,1921,23,41,126,156,151,270,122,324,113,173,91,89,218,315,284,863,6685,3394,105,1,7,0,0
2021-02-09T23:59:59+01:00,36,61,197,258,235,472,201,559,189,297,192,174,518,667,695,1913,23,39,110,130,137,248,109,281,103,150,77,81,196,268,256,781,6645,3020,87,1,3,0,0
2021-02-08T23:59:59+01:00,36,61,196,254,228,457,199,548,186,292,189,174,512,664,692,1910,21,37,92,112,117,199,94,249,93,138,67,77,172,233,224,700,6594,2651,70,1,3,0,0
2021-02-07T23:59:59+01:00,36,60,193,252,228,455,199,546,186,292,189,174,511,661,692,1909,20,32,88,105,110,186,88,233,90,128,62,74,165,221,217,672,6583,2514,67,1,0,0,0
2021-02-06T23:59:59+01:00,36,60,193,252,228,454,199,545,185,292,189,174,511,661,691,1903,15,25,88,104,109,180,86,229,90,124,61,74,165,217,212,662,6580,2463,60,1,0,0,0
2021-02-05T23:59:59+01:00,36,60,193,252,228,453,198,543,183,291,189,174,511,661,685,1884,12,20,81,98,106,175,84,227,85,113,59,73,160,214,200,650,6566,2378,40,0,0,0,0
2021-02-04T23:59:59+01:00,35,60,193,250,223,449,194,537,181,288,189,171,509,656,682,1877,9,11,55,70,82,132,73,194,63,93,54,66,142,189,174,579,6519,2003,40,0,0,0,0
2021-02-03T23:59:59+01:00,35,57,193,248,222,437,190,531,181,285,189,169,503,655,677,1866,6,6,39,54,66,108,56,150,48,71,40,42,113,133,136,428,6468,1508,35,0,0,0,0
2021-02-02T23:59:59+01:00,34,57,192,245,219,431,188,526,179,282,187,168,497,649,672,1853,4,5,26,36,50,76,43,95,37,54,32,27,82,98,95,279,6408,1049,35,0,0,0,0
2021-02-01T23:59:59+01:00,33,54,190,245,215,426,185,520,175,274,187,165,492,646,669,1845,2,2,20,19,25,40,26,62,22,32,19,18,52,70,53,171,6350,640,35,0,0,0,0
2021-01-31T23:59:59+01:00,33,54,190,243,213,422,183,511,174,272,186,165,487,643,667,1836,2,2,18,14,16,35,18,48,15,27,18,14,42,62,52,150,6308,538,34,0,0,0,0
2021-01-30T23:59:59+01:00,33,54,190,243,213,422,182,511,174,272,186,165,486,643,667,1834,2,2,17,13,14,35,16,44,13,26,18,13,42,60,50,146,6305,515,33,0,0,0,0
2021-01-29T23:59:59+01:00,33,54,190,240,211,421,182,510,173,270,186,165,481,641,661,1830,2,0,15,9,8,29,16,39,10,22,18,13,40,59,50,143,6282,476,29,0,0,0,0
2021-01-28T23:59:59+01:00,33,53,186,238,211,414,181,502,171,267,185,164,469,637,651,1818,2,0,2,3,3,18,10,19,5,11,15,9,26,38,33,105,6221,299,21,0,0,0,0
2021-01-27T23:59:59+01:00,32,51,182,233,206,406,178,491,168,258,178,160,459,626,636,1795,0,0,1,3,3,15,9,18,4,11,14,8,21,32,27,81,6098,247,18,0,0,0,0
2021-01-26T23:59:59+01:00,29,51,178,221,199,392,175,473,165,251,177,156,444,611,618,1763,0,0,1,3,3,15,9,18,4,11,14,7,19,26,27,72,5946,229,14,0,0,0,0
2021-01-25T23:59:59+01:00,29,50,172,219,196,383,172,462,160,244,169,153,428,601,604,1734,0,0,1,3,2,13,8,15,4,10,14,6,15,25,23,67,5828,206,4,0,0,0,0
2021-01-24T23:59:59+01:00,28,49,171,216,194,382,171,460,160,244,169,153,425,598,603,1731,0,0,1,3,2,13,8,15,4,10,14,6,15,25,22,66,5806,204,3,0,0,0,0
2021-01-23T23:59:59+01:00,28,49,171,216,192,382,171,460,160,244,169,153,425,598,598,1726,0,0,1,3,2,13,8,15,4,10,14,6,15,25,22,66,5794,204,3,0,0,0,0
2021-01-22T23:59:59+01:00,28,48,169,212,191,382,171,459,160,244,169,152,424,596,583,1699,0,0,1,3,2,13,8,15,4,10,14,6,15,25,22,66,5739,204,3,0,0,0,0
2021-01-21T23:59:59+01:00,28,47,160,204,185,364,165,439,159,232,161,148,403,574,562,1673,0,0,1,3,0,7,7,11,3,5,13,6,13,19,20,53,5554,161,3,0,0,0,0
2021-01-20T23:59:59+01:00,27,46,145,181,172,321,141,388,147,210,150,137,373,541,516,1540,0,0,1,3,0,7,7,11,3,4,13,5,13,18,16,51,5079,152,3,0,0,0,0
2021-01-19T23:59:59+01:00,25,45,125,151,154,289,131,346,135,190,123,118,323,474,462,1367,0,0,1,3,0,6,5,7,1,3,7,2,6,14,9,34,4495,98,2,0,0,0,0
2021-01-18T23:59:59+01:00,22,41,106,139,130,240,119,301,118,164,99,108,269,396,376,1144,0,0,1,1,0,3,4,5,0,3,0,1,1,4,5,19,3807,47,2,0,0,0,0
2021-01-17T23:59:59+01:00,21,30,102,126,121,224,112,274,112,155,92,97,257,371,344,1084,0,0,0,0,0,1,2,4,0,1,0,1,1,2,1,4,3551,17,2,0,0,0,0
2021-01-16T23:59:59+01:00,17,24,99,124,119,217,109,265,109,148,91,97,255,363,335,1066,0,0,0,0,0,0,0,0,0,0,0,0,0,0,0,1,3468,1,0,0,0,0,0
2021-01-15T23:59:59+01:00,13,22,95,116,117,209,106,259,108,135,87,95,250,354,318,1042,0,0,0,0,0,0,0,0,0,0,0,0,0,0,0,1,3354,1,0,0,0,0,0
2021-01-14T23:59:59+01:00,10,13,69,86,99,170,89,219,90,117,75,82,216,319,277,898,0,0,0,0,0,0,0,0,0,0,0,0,0,0,0,0,2851,0,0,0,0,0,0
2021-01-13T23:59:59+01:00,7,10,58,76,90,143,79,180,79,95,59,59,169,215,235,699,0,0,0,0,0,0,0,0,0,0,0,0,0,0,0,0,2271,0,0,0,0,0,0
2021-01-12T23:59:59+01:00,6,10,49,58,73,110,68,130,64,74,44,40,125,159,170,482,0,0,0,0,0,0,0,0,0,0,0,0,0,0,0,0,1677,0,0,0,0,0,0
2021-01-11T23:59:59+01:00,3,8,44,45,61,81,52,103,49,56,28,24,70,110,93,269,0,0,0,0,0,0,0,0,0,0,0,0,0,0,0,0,1107,0,0,0,0,0,0
2021-01-10T23:59:59+01:00,2,7,38,33,45,65,36,81,39,47,25,19,58,99,90,229,0,0,0,0,0,0,0,0,0,0,0,0,0,0,0,0,921,0,0,0,0,0,0
2021-01-09T23:59:59+01:00,2,6,35,31,39,63,34,72,34,44,25,19,58,98,88,228,0,0,0,0,0,0,0,0,0,0,0,0,0,0,0,0,882,0,0,0,0,0,0
2021-01-08T23:59:59+01:00,2,4,28,25,32,57,27,61,31,38,24,18,55,95,86,222,0,0,0,0,0,0,0,0,0,0,0,0,0,0,0,0,810,0,0,0,0,0,0
2021-01-07T23:59:59+01:00,2,2,8,3,5,20,12,28,11,19,21,12,41,61,57,163,0,0,0,0,0,0,0,0,0,0,0,0,0,0,0,0,465,0,0,0,0,0,0
2021-01-06T23:59:59+01:00,2,0,2,3,3,17,9,19,6,14,18,11,35,50,49,132,0,0,0,0,0,0,0,0,0,0,0,0,0,0,0,0,370,0,0,0,0,0,0
2021-01-05T23:59:59+01:00,1,0,1,3,3,15,9,18,6,13,18,10,34,49,46,125,0,0,0,0,0,0,0,0,0,0,0,0,0,0,0,0,351,0,0,0,0,0,0
2021-01-04T23:59:59+01:00,0,0,1,3,3,14,8,16,6,12,17,8,24,38,35,101,0,0,0,0,0,0,0,0,0,0,0,0,0,0,0,0,286,0,0,0,0,0,0
2021-01-03T23:59:59+01:00,0,0,1,3,3,14,8,16,6,12,17,8,24,38,35,100,0,0,0,0,0,0,0,0,0,0,0,0,0,0,0,0,285,0,0,0,0,0,0
2021-01-02T23:59:59+01:00,0,0,1,3,3,14,8,16,6,12,17,8,24,38,35,100,0,0,0,0,0,0,0,0,0,0,0,0,0,0,0,0,285,0,0,0,0,0,0
2021-01-01T23:59:59+01:00,0,0,1,3,3,14,8,16,6,12,17,8,24,38,35,100,0,0,0,0,0,0,0,0,0,0,0,0,0,0,0,0,285,0,0,0,0,0,0
2020-12-31T23:59:59+01:00,0,0,1,3,3,14,8,16,6,12,17,8,24,38,35,100,0,0,0,0,0,0,0,0,0,0,0,0,0,0,0,0,285,0,0,0,0,0,0
2020-12-30T23:59:59+01:00,0,0,1,3,3,14,8,16,6,12,17,8,24,38,35,100,0,0,0,0,0,0,0,0,0,0,0,0,0,0,0,0,285,0,0,0,0,0,0
2020-12-29T23:59:59+01:00,0,0,1,3,2,10,6,11,4,10,11,5,18,32,25,80,0,0,0,0,0,0,0,0,0,0,0,0,0,0,0,0,218,0,0,0,0,0,0
2020-12-28T23:59:59+01:00,0,0,1,1,1,2,4,6,3,5,7,2,4,12,14,40,0,0,0,0,0,0,0,0,0,0,0,0,0,0,0,0,102,0,0,0,0,0,0
2020-12-27T23:59:59+01:00,0,0,0,0,0,1,2,6,0,2,0,1,3,4,2,13,0,0,0,0,0,0,0,0,0,0,0,0,0,0,0,0,34,0,0,0,0,0,0
