Datum,<15_m,<15_w,15-24_1_m,15-24_1_w,25-34_1_m,25-34_1_w,35-44_1_m,35-44_1_w,45-54_1_m,45-54_1_w,55-64_1_m,55-64_1_w,65-74_1_m,65-74_1_w,75-84_1_m,75-84_1_w,>84_1_m,>84_1_w,<24_2_m,<24_2_w,25-34_2_m,25-34_2_w,35-44_2_m,35-44_2_w,45-54_2_m,45-54_2_w,55-64_2_m,55-64_2_w,65-74_2_m,65-74_2_w,75-84_2_m,75-84_2_w,>84_2_m,>84_2_w,bp_1,bp_2,mo_1,mo_2,az_1,az_2,ja,unb_1,unb_2
2021-09-11T23:59:59+02:00,202,202,3805,3321,9466,6722,8968,6107,7833,8227,5738,6083,2870,2970,3309,3348,2754,5205,3088,2744,8255,5877,8089,5485,7142,7468,5137,5557,2293,2557,2483,2649,1992,3872,58705,49256,8599,7489,9802,7786,11158,48,44
2021-09-10T23:59:59+02:00,201,198,3766,3306,9422,6688,8938,6090,7807,8207,5727,6061,2868,2967,3309,3348,2754,5205,3066,2733,8210,5845,8062,5472,7119,7448,5122,5538,2292,2556,2483,2649,1992,3872,58593,49176,8592,7483,9801,7786,11010,48,44
2021-09-09T23:59:59+02:00,197,196,3738,3278,9360,6652,8890,6065,7784,8164,5713,6052,2865,2965,3309,3348,2754,5205,3049,2716,8167,5808,8026,5449,7095,7420,5108,5527,2290,2553,2483,2648,1992,3872,58392,49051,8581,7470,9801,7779,10895,48,44
2021-09-08T23:59:59+02:00,195,194,3698,3264,9309,6640,8858,6036,7765,8131,5698,6035,2862,2963,3308,3347,2754,5205,3016,2705,8110,5787,7985,5423,7064,7386,5093,5506,2288,2552,2482,2648,1992,3872,58256,48898,8575,7459,9800,7775,10765,48,44
2021-09-07T23:59:59+02:00,193,193,3664,3253,9276,6611,8831,6014,7742,8110,5679,6020,2861,2961,3307,3346,2754,5202,2994,2694,8067,5758,7959,5394,7044,7359,5079,5493,2286,2548,2480,2647,1992,3872,58097,48750,8569,7447,9800,7770,10685,48,44
2021-09-06T23:59:59+02:00,193,192,3631,3239,9234,6584,8800,5998,7720,8084,5672,6008,2858,2954,3305,3346,2754,5202,2971,2680,8032,5741,7930,5384,7026,7334,5073,5481,2282,2546,2479,2647,1992,3872,57934,48635,8568,7442,9799,7770,10607,48,44
2021-09-05T23:59:59+02:00,191,191,3615,3234,9216,6574,8785,5988,7717,8072,5665,6001,2857,2953,3305,3346,2754,5201,2961,2674,8008,5724,7917,5367,7018,7327,5063,5476,2280,2545,2479,2646,1992,3872,57870,48566,8567,7433,9798,7769,10564,48,44
2021-09-04T23:59:59+02:00,191,190,3612,3230,9213,6566,8780,5988,7713,8070,5665,6000,2857,2953,3305,3346,2754,5201,2960,2669,8002,5717,7912,5366,7013,7324,5062,5475,2276,2544,2479,2646,1992,3872,57853,48545,8567,7429,9798,7768,10550,48,44
2021-09-03T23:59:59+02:00,189,189,3583,3200,9162,6548,8746,5962,7691,8053,5651,5983,2855,2951,3305,3344,2754,5199,2938,2648,7958,5694,7883,5345,6990,7299,5048,5454,2272,2542,2479,2644,1992,3870,57720,48432,8552,7408,9798,7767,10428,48,44
2021-09-02T23:59:59+02:00,188,187,3549,3182,9103,6519,8697,5943,7666,8027,5638,5963,2851,2948,3303,3343,2754,5198,2917,2628,7894,5667,7843,5326,6963,7271,5036,5432,2268,2539,2477,2643,1992,3867,57558,48286,8543,7395,9796,7764,10294,48,44
2021-09-01T23:59:59+02:00,185,186,3524,3166,9049,6499,8663,5927,7643,8011,5627,5956,2850,2945,3302,3340,2754,5198,2898,2618,7841,5635,7800,5303,6929,7251,5026,5421,2264,2536,2476,2639,1992,3867,57414,48111,8524,7370,9796,7761,10223,48,44
2021-08-31T23:59:59+02:00,181,186,3494,3150,8993,6474,8635,5917,7624,7987,5620,5947,2846,2943,3301,3338,2754,5196,2877,2599,7793,5607,7771,5286,6904,7222,5015,5402,2260,2532,2475,2639,1992,3867,57277,47971,8517,7361,9796,7749,10127,48,44
2021-08-30T23:59:59+02:00,180,186,3444,3129,8944,6440,8587,5888,7586,7955,5608,5932,2841,2940,3300,3337,2754,5196,2842,2583,7738,5585,7728,5264,6873,7201,5006,5385,2255,2528,2473,2639,1992,3866,57072,47825,8513,7353,9795,7748,9997,48,44
2021-08-29T23:59:59+02:00,177,185,3429,3113,8915,6422,8563,5875,7578,7945,5600,5923,2840,2937,3300,3337,2753,5196,2822,2560,7697,5569,7702,5244,6860,7184,4995,5379,2253,2527,2472,2637,1991,3866,56989,47710,8507,7340,9795,7743,9926,48,44
2021-08-28T23:59:59+02:00,176,185,3423,3112,8910,6420,8557,5872,7571,7944,5600,5922,2840,2936,3300,3337,2753,5196,2815,2554,7688,5566,7694,5239,6854,7180,4993,5378,2253,2527,2472,2637,1991,3866,56974,47681,8507,7337,9795,7742,9907,48,44
2021-08-27T23:59:59+02:00,174,184,3407,3104,8879,6404,8526,5862,7550,7933,5592,5914,2840,2936,3300,3337,2753,5196,2799,2546,7663,5556,7674,5225,6837,7172,4985,5371,2253,2527,2471,2635,1991,3866,56884,47617,8506,7336,9795,7742,9834,48,44
2021-08-26T23:59:59+02:00,174,182,3359,3084,8810,6378,8481,5845,7527,7911,5577,5902,2837,2933,3300,3336,2753,5195,2763,2520,7607,5520,7612,5191,6800,7147,4954,5355,2248,2522,2470,2634,1991,3866,56706,47402,8499,7316,9795,7719,9709,48,44
2021-08-25T23:59:59+02:00,171,180,3329,3071,8765,6348,8445,5828,7494,7886,5565,5880,2833,2928,3300,3333,2752,5195,2715,2492,7537,5475,7559,5154,6757,7105,4937,5327,2246,2517,2469,2631,1990,3866,56570,47124,8494,7308,9794,7713,9570,48,44
2021-08-24T23:59:59+02:00,170,178,3317,3057,8738,6328,8425,5808,7475,7864,5557,5869,2831,2927,3299,3330,2752,5194,2688,2466,7493,5443,7524,5128,6725,7073,4920,5308,2245,2515,2468,2630,1990,3866,56477,46932,8488,7291,9794,7709,9485,48,44
2021-08-23T23:59:59+02:00,168,170,3267,3034,8685,6301,8386,5787,7443,7832,5543,5854,2829,2926,3298,3329,2752,5193,2657,2446,7433,5401,7481,5110,6685,7041,4904,5291,2241,2513,2467,2629,1989,3866,56296,46747,8478,7276,9791,7705,9354,48,44
2021-08-22T23:59:59+02:00,167,170,3255,3024,8668,6281,8372,5778,7425,7821,5537,5847,2826,2923,3298,3329,2752,5193,2639,2434,7400,5375,7458,5093,6661,7024,4900,5281,2236,2508,2467,2629,1988,3865,56217,46607,8472,7266,9790,7702,9308,48,44
2021-08-21T23:59:59+02:00,165,169,3240,3018,8654,6270,8361,5772,7419,7814,5532,5840,2825,2923,3298,3328,2752,5193,2628,2427,7376,5356,7438,5081,6648,7017,4891,5274,2235,2506,2466,2628,1988,3865,56150,46512,8466,7240,9790,7700,9288,48,44
2021-08-20T23:59:59+02:00,164,166,3223,3006,8619,6246,8329,5753,7397,7791,5521,5826,2824,2920,3298,3327,2752,5191,2592,2412,7321,5313,7397,5051,6607,6977,4874,5251,2231,2501,2466,2625,1988,3863,56066,46328,8453,7196,9789,7688,9165,48,44
2021-08-19T23:59:59+02:00,164,163,3197,2987,8557,6215,8286,5727,7373,7764,5507,5811,2818,2917,3297,3325,2752,5190,2542,2387,7233,5259,7330,5012,6557,6917,4844,5218,2227,2497,2465,2624,1988,3863,55909,45977,8438,7166,9787,7679,9035,48,44
2021-08-18T23:59:59+02:00,163,161,3174,2976,8522,6191,8253,5709,7338,7748,5495,5804,2813,2914,3296,3325,2751,5189,2506,2367,7156,5224,7266,4977,6511,6887,4818,5190,2223,2493,2462,2624,1988,3862,55766,45715,8431,7102,9786,7670,8957,48,44
2021-08-17T23:59:59+02:00,163,160,3155,2959,8490,6167,8222,5694,7327,7727,5483,5793,2810,2912,3295,3324,2750,5189,2474,2342,7089,5173,7215,4940,6482,6846,4798,5168,2215,2487,2461,2620,1987,3862,55640,45421,8421,7060,9785,7663,8891,48,44
2021-08-16T23:59:59+02:00,160,158,3142,2945,8459,6151,8202,5685,7312,7710,5470,5780,2810,2912,3294,3323,2750,5189,2439,2303,7008,5129,7143,4902,6428,6803,4767,5143,2213,2485,2458,2617,1987,3862,55539,45025,8416,7046,9785,7652,8828,48,44
2021-08-15T23:59:59+02:00,160,157,3135,2933,8427,6138,8183,5673,7294,7698,5464,5773,2808,2909,3294,3322,2750,5189,2408,2256,6948,5091,7098,4866,6391,6770,4754,5130,2209,2480,2457,2615,1987,3862,55442,44716,8411,7024,9784,7648,8786,48,44
2021-08-14T23:59:59+02:00,159,157,3130,2927,8416,6133,8174,5672,7294,7695,5460,5771,2806,2908,3294,3321,2750,5189,2399,2245,6919,5077,7083,4855,6382,6753,4734,5120,2206,2477,2457,2613,1987,3861,55421,44604,8410,7011,9784,7646,8757,48,44
2021-08-13T23:59:59+02:00,157,156,3108,2916,8389,6116,8160,5658,7279,7685,5448,5763,2805,2903,3293,3320,2750,5189,2359,2218,6867,5035,7038,4819,6345,6727,4717,5105,2205,2471,2454,2613,1987,3861,55328,44341,8408,6988,9784,7645,8691,48,44
2021-08-12T23:59:59+02:00,154,150,3091,2903,8351,6092,8124,5637,7258,7660,5434,5748,2803,2901,3291,3320,2750,5189,2321,2182,6773,4977,6979,4778,6298,6674,4690,5072,2201,2468,2449,2612,1987,3861,55199,43989,8403,6961,9783,7624,8586,48,44
2021-08-11T23:59:59+02:00,151,147,3072,2889,8307,6066,8094,5622,7235,7643,5422,5731,2801,2898,3291,3319,2750,5189,2288,2152,6679,4918,6891,4729,6242,6612,4665,5028,2193,2458,2448,2610,1987,3860,55054,43540,8394,6921,9780,7613,8514,48,44
2021-08-10T23:59:59+02:00,150,146,3054,2874,8260,6046,8063,5603,7203,7626,5407,5724,2798,2898,3291,3317,2750,5188,2213,2091,6551,4848,6793,4659,6150,6541,4620,5005,2187,2449,2445,2609,1987,3859,54924,42902,8383,6898,9778,7597,8428,48,44
2021-08-09T23:59:59+02:00,149,145,3036,2869,8221,6023,8033,5592,7179,7607,5396,5712,2797,2897,3291,3317,2750,5187,2155,2038,6446,4775,6689,4612,6082,6487,4592,4969,2180,2440,2444,2607,1987,3859,54831,42421,8373,6842,9778,7576,8334,48,44
2021-08-08T23:59:59+02:00,149,143,3019,2858,8196,6006,8012,5577,7167,7596,5389,5707,2794,2897,3291,3317,2750,5187,2126,2009,6372,4726,6629,4580,6041,6462,4577,4953,2169,2435,2442,2605,1987,3859,54752,42147,8372,6793,9775,7569,8271,48,44
2021-08-07T23:59:59+02:00,148,142,3010,2851,8166,5990,7994,5570,7159,7587,5385,5702,2792,2897,3291,3317,2750,5187,2086,1985,6289,4671,6568,4545,6005,6421,4558,4937,2165,2434,2442,2602,1987,3859,54683,41803,8368,6763,9775,7560,8227,48,44
2021-08-06T23:59:59+02:00,147,141,2995,2840,8135,5974,7962,5548,7137,7564,5373,5689,2788,2895,3291,3316,2750,5187,2046,1939,6182,4593,6494,4503,5961,6376,4538,4917,2163,2431,2441,2599,1987,3858,54619,41433,8347,6729,9775,7548,8106,48,44
2021-08-05T23:59:59+02:00,145,140,2962,2823,8101,5949,7920,5521,7114,7543,5353,5663,2783,2892,3288,3312,2750,5186,1996,1884,6042,4485,6377,4437,5890,6311,4501,4872,2154,2423,2438,2596,1986,3858,54462,40916,8337,6630,9772,7490,7987,48,44
2021-08-04T23:59:59+02:00,140,135,2892,2792,8009,5909,7867,5491,7078,7505,5335,5648,2777,2888,3286,3311,2750,5186,1912,1850,5901,4406,6239,4381,5819,6245,4471,4830,2143,2417,2433,2593,1986,3857,54214,40418,8318,6571,9771,7453,7803,48,44
2021-08-03T23:59:59+02:00,137,135,2869,2769,7976,5891,7826,5468,7053,7480,5323,5635,2773,2886,3285,3308,2750,5186,1879,1820,5799,4335,6136,4328,5747,6185,4430,4789,2138,2411,2432,2591,1986,3857,54046,39937,8313,6526,9769,7429,7728,48,44
2021-08-02T23:59:59+02:00,137,135,2845,2742,7930,5859,7797,5457,7027,7466,5304,5626,2770,2880,3284,3307,2749,5186,1851,1789,5669,4241,6023,4262,5676,6134,4381,4754,2133,2398,2430,2585,1985,3856,53878,39367,8304,6484,9769,7406,7655,48,44
2021-08-01T23:59:59+02:00,136,132,2828,2726,7891,5834,7782,5442,7015,7457,5298,5619,2767,2879,3282,3307,2749,5186,1831,1769,5587,4197,5959,4214,5631,6111,4362,4734,2130,2394,2428,2582,1985,3856,53774,39075,8288,6451,9767,7380,7604,48,44
2021-07-31T23:59:59+02:00,134,131,2821,2718,7870,5825,7773,5437,7011,7445,5296,5618,2765,2879,3282,3307,2749,5186,1792,1725,5486,4135,5894,4167,5578,6075,4334,4709,2127,2391,2428,2581,1985,3856,53729,38603,8283,6433,9766,7376,7572,48,44
2021-07-30T23:59:59+02:00,130,128,2809,2708,7842,5808,7758,5415,6991,7432,5289,5610,2764,2878,3282,3306,2749,5186,1771,1706,5400,4092,5824,4109,5519,6024,4308,4692,2122,2389,2427,2578,1985,3856,53641,38237,8272,6401,9766,7365,7509,48,44
2021-07-29T23:59:59+02:00,128,127,2774,2688,7784,5757,7717,5372,6961,7392,5265,5588,2763,2873,3280,3305,2749,5186,1730,1675,5272,3991,5691,4038,5428,5931,4261,4636,2114,2379,2424,2576,1984,3856,53426,37649,8255,6343,9761,7328,7365,48,44
2021-07-28T23:59:59+02:00,125,125,2752,2673,7744,5718,7681,5344,6933,7370,5250,5576,2760,2871,3278,3302,2748,5185,1692,1630,5170,3910,5573,3970,5334,5854,4225,4601,2102,2371,2422,2574,1984,3854,53221,37070,8242,6283,9757,7289,7313,48,44
2021-07-27T23:59:59+02:00,122,123,2734,2654,7697,5694,7644,5326,6912,7346,5237,5561,2758,2869,3278,3301,2747,5185,1649,1599,5028,3821,5446,3892,5244,5781,4180,4548,2095,2358,2421,2571,1983,3854,53079,36474,8219,6199,9756,7247,7232,48,44
2021-07-26T23:59:59+02:00,121,120,2707,2635,7663,5670,7608,5306,6885,7327,5232,5548,2754,2869,3277,3300,2747,5185,1611,1542,4885,3758,5334,3827,5170,5705,4125,4511,2091,2344,2420,2565,1983,3853,52924,35903,8195,6124,9753,7198,7175,48,44
2021-07-25T23:59:59+02:00,117,117,2690,2611,7624,5644,7573,5293,6864,7305,5222,5543,2752,2866,3276,3299,2747,5184,1591,1514,4828,3712,5277,3797,5122,5665,4094,4487,2087,2339,2419,2565,1983,3853,52757,35619,8185,6091,9750,7166,7126,48,44
2021-07-24T23:59:59+02:00,117,116,2674,2600,7591,5627,7546,5280,6846,7290,5213,5537,2751,2863,3276,3299,2747,5184,1571,1495,4781,3690,5202,3751,5080,5637,4073,4477,2086,2337,2418,2563,1983,3852,52665,35420,8163,6003,9749,7166,7070,48,44
2021-07-23T23:59:59+02:00,114,114,2642,2573,7535,5596,7513,5256,6812,7265,5191,5524,2749,2860,3274,3299,2747,5184,1514,1461,4638,3586,5063,3673,5004,5566,4025,4444,2085,2329,2417,2558,1982,3852,52471,34764,8157,5975,9747,7145,6960,48,44
2021-07-22T23:59:59+02:00,112,111,2607,2543,7443,5550,7459,5216,6760,7219,5157,5500,2742,2853,3272,3298,2747,5182,1454,1420,4470,3511,4909,3600,4854,5484,3935,4389,2072,2319,2412,2556,1982,3851,52130,34115,8136,5821,9735,7073,6850,48,44
2021-07-21T23:59:59+02:00,111,107,2574,2524,7371,5512,7398,5174,6698,7179,5136,5474,2735,2847,3270,3295,2747,5180,1424,1373,4347,3424,4767,3534,4743,5374,3862,4343,2059,2307,2409,2555,1982,3849,51856,33628,8083,5604,9729,7012,6740,48,44
2021-07-20T23:59:59+02:00,110,106,2551,2495,7310,5477,7361,5140,6659,7135,5105,5455,2732,2842,3268,3295,2747,5180,1389,1339,4226,3355,4677,3481,4649,5294,3806,4312,2055,2297,2408,2554,1982,3848,51580,33147,8072,5524,9727,6962,6662,48,44
2021-07-19T23:59:59+02:00,109,105,2523,2466,7253,5432,7311,5117,6619,7102,5084,5438,2727,2837,3267,3291,2747,5179,1367,1315,4149,3309,4594,3446,4570,5229,3770,4286,2051,2291,2404,2551,1981,3848,51281,32839,8057,5406,9726,6917,6615,48,44
2021-07-18T23:59:59+02:00,109,103,2492,2435,7176,5380,7267,5084,6581,7059,5065,5428,2720,2831,3265,3291,2746,5178,1349,1294,4102,3266,4554,3415,4520,5208,3733,4271,2045,2281,2403,2551,1981,3846,50939,32633,8040,5331,9722,6890,6579,48,42
2021-07-17T23:59:59+02:00,107,99,2474,2419,7156,5365,7248,5065,6561,7042,5044,5417,2716,2830,3265,3290,2746,5177,1336,1281,4068,3232,4509,3394,4479,5175,3703,4259,2039,2278,2403,2549,1981,3846,50818,32471,8030,5274,9721,6880,6520,48,42
2021-07-16T23:59:59+02:00,107,96,2432,2391,7092,5330,7186,5029,6515,6999,5012,5389,2709,2824,3263,3289,2746,5177,1296,1257,3964,3181,4416,3352,4390,5115,3642,4211,2025,2267,2397,2547,1981,3845,50631,32120,7999,5245,9707,6810,6312,48,42
2021-07-15T23:59:59+02:00,104,91,2389,2360,7014,5290,7121,4986,6465,6944,4995,5362,2706,2818,3260,3284,2746,5177,1243,1224,3761,3065,4230,3247,4236,5015,3576,4148,2016,2258,2392,2541,1981,3845,50281,31409,7980,5009,9701,6742,6208,48,42
2021-07-14T23:59:59+02:00,101,89,2348,2341,6940,5254,7045,4949,6408,6899,4973,5337,2697,2812,3257,3282,2746,5177,1194,1182,3642,2976,4127,3183,4130,4944,3530,4103,2003,2249,2391,2538,1981,3845,49948,30924,7963,4909,9697,6667,6101,48,42
2021-07-13T23:59:59+02:00,98,84,2317,2310,6881,5218,6980,4909,6366,6850,4950,5319,2687,2805,3255,3282,2746,5177,1160,1149,3539,2894,3998,3116,4042,4855,3475,4040,1975,2241,2388,2533,1979,3843,49613,30437,7953,4772,9696,6571,6022,47,42
2021-07-12T23:59:59+02:00,90,82,2287,2284,6810,5172,6909,4863,6314,6809,4922,5291,2682,2802,3252,3281,2746,5177,1129,1127,3440,2817,3884,3050,3937,4773,3422,3992,1964,2230,2383,2523,1979,3843,49256,29986,7939,4652,9692,6488,5934,47,41
2021-07-11T23:59:59+02:00,85,80,2275,2268,6772,5154,6879,4840,6282,6790,4913,5282,2679,2797,3250,3281,2745,5177,1120,1111,3397,2775,3823,3018,3883,4745,3400,3977,1955,2218,2380,2519,1979,3843,49138,29803,7916,4619,9689,6432,5852,47,41
2021-07-10T23:59:59+02:00,83,79,2251,2233,6690,5103,6815,4804,6232,6753,4887,5270,2676,2794,3250,3278,2745,5176,1102,1091,3339,2730,3776,2988,3845,4713,3384,3965,1948,2211,2380,2517,1979,3843,48877,29621,7894,4617,9673,6416,5715,47,41
2021-07-09T23:59:59+02:00,82,77,2227,2210,6614,5060,6764,4778,6182,6717,4867,5249,2674,2789,3249,3277,2745,5176,1079,1074,3279,2683,3725,2951,3793,4677,3354,3936,1944,2196,2378,2516,1979,3843,48644,29402,7858,4585,9664,6359,5604,47,41
2021-07-08T23:59:59+02:00,77,74,2168,2161,6511,4993,6654,4719,6115,6650,4831,5215,2666,2780,3246,3273,2745,5176,1002,1019,3109,2590,3529,2876,3615,4577,3278,3868,1927,2180,2376,2507,1978,3842,48299,28903,7779,4294,9629,6225,5375,47,41
2021-07-07T23:59:59+02:00,77,73,2093,2114,6386,4915,6546,4659,6039,6591,4795,5166,2660,2769,3241,3268,2745,5176,950,982,2955,2507,3355,2797,3456,4469,3220,3803,1907,2150,2368,2498,1978,3840,47782,28346,7729,4046,9608,6141,5217,47,41
2021-07-06T23:59:59+02:00,74,73,2046,2075,6273,4859,6452,4615,5983,6521,4750,5130,2653,2763,3237,3263,2745,5176,912,943,2839,2408,3263,2734,3378,4374,3159,3746,1880,2119,2363,2491,1978,3840,47323,27833,7678,3937,9592,6051,5112,46,41
2021-07-05T23:59:59+02:00,72,73,1971,2025,6127,4779,6337,4573,5912,6463,4708,5090,2649,2756,3235,3261,2745,5174,864,900,2730,2330,3185,2684,3298,4300,3111,3689,1858,2100,2356,2482,1977,3837,46832,27449,7632,3860,9566,5966,4928,46,41
2021-07-04T23:59:59+02:00,72,72,1924,1988,6032,4732,6289,4541,5869,6442,4690,5067,2646,2754,3235,3259,2745,5173,825,876,2665,2274,3148,2658,3266,4266,3086,3666,1842,2075,2353,2481,1976,3837,46610,27306,7589,3801,9537,5886,4800,45,41
2021-07-03T23:59:59+02:00,67,58,1819,1908,5819,4572,6138,4452,5781,6350,4639,5030,2644,2751,3235,3255,2745,5173,783,850,2599,2226,3098,2634,3227,4219,3055,3636,1836,2068,2352,2477,1976,3835,45760,27127,7555,3799,9529,5857,4585,45,41
2021-07-02T23:59:59+02:00,61,50,1778,1864,5739,4526,6090,4413,5758,6322,4626,5012,2643,2745,3234,3254,2744,5173,761,823,2525,2177,3025,2591,3183,4169,3024,3596,1818,2050,2348,2471,1976,3833,45473,26831,7516,3772,9524,5756,4505,45,41
2021-07-01T23:59:59+02:00,52,41,1729,1822,5629,4452,5999,4363,5681,6251,4598,4982,2639,2739,3233,3253,2744,5172,692,782,2325,2101,2833,2501,3005,4054,2924,3508,1786,2026,2339,2458,1975,3831,45041,26044,7455,3567,9508,5646,4358,45,41
2021-06-30T23:59:59+02:00,52,38,1678,1766,5506,4357,5897,4310,5622,6202,4585,4958,2635,2731,3231,3250,2744,5172,656,743,2221,2034,2720,2446,2894,3966,2861,3432,1766,1992,2330,2446,1974,3830,44596,25569,7388,3450,9491,5519,4237,45,41
2021-06-29T23:59:59+02:00,51,34,1620,1683,5392,4264,5797,4255,5565,6141,4556,4928,2629,2726,3230,3249,2743,5171,626,703,2138,1951,2639,2378,2793,3847,2799,3380,1749,1958,2317,2432,1973,3827,44052,25069,7354,3374,9483,5405,4116,45,41
2021-06-28T23:59:59+02:00,49,32,1585,1624,5273,4196,5726,4200,5519,6098,4528,4903,2625,2718,3229,3247,2743,5171,610,676,2041,1887,2560,2324,2720,3765,2753,3332,1730,1939,2309,2426,1973,3824,43637,24747,7290,3233,9471,5308,4028,45,41
2021-06-27T23:59:59+02:00,48,31,1553,1596,5223,4153,5678,4167,5475,6079,4517,4891,2622,2714,3229,3246,2743,5171,590,658,1990,1840,2522,2304,2674,3726,2723,3315,1718,1923,2308,2416,1973,3824,43443,24597,7253,3178,9448,5220,3952,45,41
2021-06-26T23:59:59+02:00,36,26,1520,1566,5150,4106,5580,4122,5434,6044,4496,4878,2622,2712,3229,3244,2743,5171,584,648,1957,1818,2485,2284,2651,3703,2701,3293,1696,1913,2307,2414,1973,3824,43068,24369,7166,3174,9448,5196,3952,44,41
2021-06-25T23:59:59+02:00,29,18,1484,1523,5034,4026,5523,4093,5398,6017,4470,4866,2618,2709,3227,3243,2743,5170,574,623,1910,1798,2421,2217,2554,3562,2655,3191,1688,1891,2303,2410,1971,3823,42618,23904,7129,3148,9447,5016,3950,44,41
2021-06-24T23:59:59+02:00,21,13,1432,1469,4843,3906,5394,4041,5301,5973,4426,4835,2613,2706,3227,3242,2742,5170,534,600,1798,1729,2249,2150,2392,3478,2542,3096,1654,1868,2293,2404,1970,3820,41953,23379,7074,2839,9436,4931,3838,44,41
2021-06-23T23:59:59+02:00,21,13,1400,1434,4758,3847,5309,3989,5245,5927,4401,4800,2603,2699,3223,3238,2741,5169,500,581,1732,1670,2148,2102,2273,3386,2438,2999,1629,1844,2287,2397,1969,3818,41514,22823,7015,2763,9431,4787,3802,44,41
2021-06-22T23:59:59+02:00,20,13,1373,1413,4680,3781,5226,3941,5199,5880,4372,4774,2599,2693,3223,3237,2740,5169,484,562,1674,1629,2064,2046,2192,3273,2331,2900,1615,1820,2277,2385,1968,3814,41095,22384,6968,2643,9427,4625,3776,44,40
2021-06-21T23:59:59+02:00,19,13,1344,1370,4564,3693,5144,3895,5133,5819,4345,4754,2595,2679,3222,3232,2739,5167,468,546,1638,1593,2029,2005,2141,3190,2263,2819,1590,1784,2254,2362,1968,3810,40563,22081,6923,2546,9424,4480,3742,44,40
2021-06-20T23:59:59+02:00,18,11,1320,1339,4490,3628,5098,3877,5098,5799,4322,4742,2591,2677,3221,3232,2738,5167,452,531,1604,1564,2003,1981,2106,3163,2213,2778,1583,1769,2252,2356,1968,3809,40281,21890,6892,2509,9411,4415,3703,44,39
2021-06-19T23:59:59+02:00,17,11,1309,1320,4447,3596,5077,3849,5066,5774,4304,4732,2587,2675,3221,3231,2737,5167,447,527,1587,1547,1987,1954,2093,3139,2188,2741,1575,1760,2248,2353,1966,3808,40111,21731,6828,2480,9411,4405,3682,44,39
2021-06-18T23:59:59+02:00,12,8,1290,1298,4376,3552,5026,3809,5016,5733,4280,4720,2583,2671,3220,3229,2737,5167,434,517,1566,1530,1960,1923,2047,3090,2131,2679,1561,1743,2248,2348,1965,3805,39778,21415,6781,2477,9410,4358,3668,44,39
2021-06-17T23:59:59+02:00,10,7,1244,1262,4215,3481,4839,3735,4841,5640,4216,4671,2577,2668,3220,3228,2736,5167,400,500,1467,1497,1783,1861,1883,2995,2025,2597,1537,1720,2237,2336,1963,3803,39167,20940,6719,2371,9400,4277,3379,42,39
2021-06-16T23:59:59+02:00,10,7,1219,1228,4108,3396,4740,3680,4734,5569,4170,4640,2569,2664,3219,3224,2735,5166,384,479,1408,1461,1719,1830,1801,2915,1961,2524,1521,1692,2223,2323,1963,3799,38675,20535,6591,2303,9390,4198,3324,42,39
2021-06-15T23:59:59+02:00,10,7,1184,1193,3971,3310,4669,3622,4658,5493,4127,4607,2559,2657,3214,3222,2735,5165,374,455,1358,1414,1672,1788,1731,2858,1889,2451,1503,1661,2217,2309,1962,3798,38120,20206,6551,2215,9377,4126,3244,42,39
2021-06-14T23:59:59+02:00,10,5,1157,1158,3879,3255,4585,3566,4579,5422,4075,4573,2555,2647,3213,3218,2734,5164,364,442,1319,1379,1624,1756,1683,2799,1828,2397,1490,1635,2212,2302,1961,3796,37656,19954,6461,2143,9371,4046,3189,41,39
2021-06-13T23:59:59+02:00,10,5,1142,1144,3828,3212,4527,3521,4529,5383,4055,4558,2554,2641,3212,3217,2734,5162,358,435,1286,1361,1589,1731,1640,2763,1788,2352,1474,1614,2206,2291,1961,3794,37394,19764,6424,2120,9365,3969,3129,41,39
2021-06-12T23:59:59+02:00,10,4,1125,1122,3800,3186,4499,3499,4510,5368,4039,4548,2551,2638,3211,3216,2734,5161,354,433,1278,1344,1564,1705,1611,2743,1743,2330,1464,1602,2194,2287,1961,3793,37205,19592,6412,2120,9365,3910,3115,41,39
2021-06-11T23:59:59+02:00,8,4,1107,1109,3760,3140,4424,3471,4471,5331,4012,4537,2550,2634,3210,3213,2734,5160,343,421,1256,1310,1536,1685,1565,2693,1685,2282,1453,1586,2192,2282,1961,3792,36909,19334,6385,2112,9361,3833,3090,41,39
2021-06-10T23:59:59+02:00,7,4,1047,1064,3636,3056,4292,3389,4367,5261,3955,4502,2546,2626,3208,3211,2733,5160,327,409,1194,1274,1469,1623,1500,2621,1593,2176,1419,1551,2187,2272,1960,3789,36318,18894,6243,2105,9343,3677,3008,41,38
2021-06-09T23:59:59+02:00,7,2,997,1029,3507,2958,4150,3328,4276,5182,3910,4460,2542,2620,3205,3207,2733,5160,309,392,1131,1238,1400,1595,1438,2539,1515,2100,1392,1491,2179,2258,1959,3786,35827,18566,6072,2051,9339,3545,2874,41,38
2021-06-08T23:59:59+02:00,6,2,948,988,3377,2869,4028,3239,4174,5095,3853,4431,2534,2615,3202,3204,2732,5158,294,369,1087,1198,1344,1561,1382,2479,1464,2026,1367,1454,2168,2240,1955,3781,35266,18318,5935,2002,9328,3405,2749,41,37
2021-06-07T23:59:59+02:00,5,2,920,962,3272,2792,3895,3198,4049,5021,3801,4403,2520,2609,3201,3202,2732,5156,285,362,1041,1159,1288,1539,1336,2424,1392,1972,1352,1432,2152,2223,1954,3772,34879,18140,5754,1966,9319,3273,2601,41,37
2021-06-06T23:59:59+02:00,5,2,901,952,3213,2751,3805,3146,3974,4990,3766,4387,2516,2603,3199,3201,2730,5155,278,349,1026,1133,1256,1505,1311,2367,1360,1912,1336,1415,2145,2216,1952,3769,34663,18034,5616,1917,9310,3159,2511,41,37
2021-06-05T23:59:59+02:00,5,2,886,933,3141,2690,3756,3115,3938,4964,3753,4382,2515,2601,3199,3200,2730,5154,273,342,1010,1111,1233,1485,1286,2336,1324,1890,1316,1389,2142,2212,1952,3769,34379,17862,5609,1914,9304,3108,2470,41,36
2021-06-04T23:59:59+02:00,3,2,862,917,3086,2638,3679,3074,3866,4907,3723,4362,2511,2598,3196,3200,2730,5154,262,335,987,1078,1210,1471,1251,2297,1287,1853,1297,1364,2132,2207,1952,3767,34053,17694,5561,1909,9301,3048,2381,41,36
2021-06-03T23:59:59+02:00,3,2,816,885,2929,2537,3491,2967,3686,4784,3627,4289,2503,2588,3191,3194,2730,5154,250,321,954,1042,1151,1416,1182,2201,1224,1788,1256,1318,2121,2193,1952,3765,33364,17465,5325,1888,9285,2882,2172,41,36
2021-06-02T23:59:59+02:00,3,2,785,876,2854,2455,3423,2911,3617,4719,3584,4263,2501,2583,3191,3193,2730,5154,234,316,933,1010,1096,1384,1131,2156,1171,1735,1241,1280,2117,2190,1952,3765,32998,17247,5307,1873,9284,2843,2013,41,36
2021-06-01T23:59:59+02:00,3,2,739,848,2689,2338,3229,2809,3439,4601,3520,4199,2490,2575,3188,3187,2730,5154,221,303,854,959,993,1319,1040,2038,1116,1658,1206,1220,2108,2178,1950,3760,32388,16963,5084,1833,9272,2646,1732,41,36
2021-05-31T23:59:59+02:00,3,2,704,822,2558,2253,3091,2710,3323,4496,3459,4148,2483,2562,3186,3182,2730,5153,206,287,805,914,923,1265,987,1951,1073,1598,1183,1189,2102,2173,1948,3758,31992,16783,4851,1818,9253,2510,1494,41,36
2021-05-30T23:59:59+02:00,3,2,693,808,2501,2203,3014,2671,3263,4448,3439,4124,2479,2557,3185,3181,2729,5151,196,267,764,875,866,1219,940,1883,1050,1545,1165,1173,2096,2163,1948,3756,31840,16684,4786,1804,9242,2353,1303,41,36
2021-05-29T23:59:59+02:00,3,1,691,806,2486,2186,2991,2659,3246,4430,3429,4115,2478,2556,3185,3181,2729,5151,193,257,758,865,847,1194,921,1829,1031,1507,1150,1152,2095,2155,1947,3756,31715,16578,4784,1803,9240,2210,1302,41,36
2021-05-28T23:59:59+02:00,3,1,683,796,2453,2150,2943,2632,3221,4409,3417,4098,2477,2552,3183,3175,2729,5151,190,249,747,855,837,1173,910,1787,996,1463,1127,1121,2092,2147,1946,3754,31476,16393,4773,1801,9235,2133,1298,41,36
2021-05-27T23:59:59+02:00,3,1,637,775,2324,2095,2808,2559,3083,4330,3332,4044,2469,2538,3182,3173,2729,5148,175,232,684,803,761,1117,827,1689,927,1376,1104,1088,2078,2126,1945,3752,30981,16170,4641,1760,9202,1878,1100,41,35
2021-05-26T23:59:59+02:00,3,1,606,750,2220,2030,2646,2499,2955,4266,3277,3990,2458,2526,3177,3166,2726,5142,168,214,646,764,715,1081,778,1620,881,1318,1085,1058,2059,2092,1940,3745,30577,15935,4402,1745,9173,1738,968,41,35
2021-05-25T23:59:59+02:00,3,1,583,734,2134,1971,2544,2457,2847,4183,3225,3952,2444,2517,3174,3161,2725,5138,158,205,625,735,680,1046,731,1559,829,1255,1060,1034,2028,2057,1939,3740,30214,15694,4220,1706,9131,1601,903,40,32
2021-05-24T23:59:59+02:00,3,1,570,711,2079,1930,2469,2427,2776,4129,3171,3908,2432,2509,3168,3160,2722,5137,153,197,606,717,653,1014,693,1497,804,1198,1036,1016,2022,2053,1934,3739,30028,15583,4044,1693,9095,1475,804,39,31
2021-05-23T23:59:59+02:00,3,1,567,709,2065,1918,2456,2413,2765,4116,3160,3894,2427,2506,3168,3158,2722,5137,152,196,602,711,645,1008,675,1484,791,1189,1030,1010,2017,2048,1932,3735,29915,15495,4041,1686,9094,1465,802,39,31
2021-05-22T23:59:59+02:00,3,1,562,699,2042,1899,2422,2396,2740,4086,3130,3865,2418,2501,3166,3155,2722,5136,149,188,595,706,641,998,661,1478,785,1180,1017,1002,2009,2033,1932,3735,29680,15424,4040,1686,9092,1427,792,39,31
2021-05-21T23:59:59+02:00,3,1,550,681,1957,1869,2330,2349,2673,4035,3086,3816,2411,2487,3163,3153,2722,5134,149,185,589,699,629,988,647,1466,764,1159,1000,973,1996,2027,1932,3734,29197,15320,4012,1684,9075,1364,789,39,31
2021-05-20T23:59:59+02:00,3,1,512,659,1824,1797,2197,2274,2548,3938,2999,3728,2390,2472,3154,3145,2720,5131,141,176,561,664,596,949,619,1407,732,1096,973,937,1984,2012,1930,3731,28511,15179,3894,1668,9001,1157,717,39,31
2021-05-19T23:59:59+02:00,3,1,472,624,1717,1723,2060,2206,2409,3840,2895,3628,2369,2452,3147,3138,2714,5130,128,168,534,643,564,915,591,1356,704,1035,951,916,1964,1979,1923,3727,27760,15000,3823,1645,8957,1060,599,39,31
2021-05-18T23:59:59+02:00,3,0,447,601,1639,1662,1962,2145,2294,3717,2795,3527,2356,2431,3139,3130,2713,5126,120,161,510,623,541,882,573,1280,686,972,933,889,1950,1957,1919,3720,27238,14859,3650,1604,8900,954,499,39,31
2021-05-17T23:59:59+02:00,3,0,426,589,1582,1627,1904,2092,2216,3606,2740,3454,2336,2411,3128,3122,2711,5121,115,153,488,609,530,847,560,1216,673,917,911,852,1945,1946,1918,3715,26925,14766,3497,1565,8833,855,406,39,29
2021-05-16T23:59:59+02:00,3,0,422,588,1553,1599,1873,2068,2172,3553,2679,3395,2322,2402,3125,3118,2711,5120,112,151,480,590,521,831,546,1166,653,875,883,821,1938,1941,1918,3714,26737,14704,3428,1528,8792,767,333,39,29
2021-05-15T23:59:59+02:00,3,0,417,583,1526,1582,1854,2048,2152,3529,2652,3357,2315,2402,3124,3115,2710,5120,111,148,478,589,521,830,541,1162,645,867,879,818,1932,1937,1918,3714,26533,14668,3428,1527,8784,759,328,37,29
2021-05-14T23:59:59+02:00,3,0,404,569,1495,1552,1813,2004,2072,3455,2598,3309,2305,2390,3121,3115,2708,5120,109,144,475,573,501,805,521,1131,631,851,864,803,1924,1928,1918,3713,26150,14605,3386,1511,8760,657,307,37,29
2021-05-13T23:59:59+02:00,2,0,381,553,1435,1503,1709,1959,1956,3367,2526,3216,2278,2372,3112,3109,2706,5114,104,141,463,565,491,790,515,1116,618,838,835,770,1907,1902,1917,3707,25698,14513,3167,1457,8706,617,280,37,27
2021-05-12T23:59:59+02:00,1,0,374,548,1417,1495,1691,1950,1936,3342,2511,3198,2275,2365,3106,3106,2706,5113,104,139,460,565,490,783,511,1111,614,832,827,754,1903,1893,1915,3707,25562,14455,3144,1447,8700,616,277,36,27
2021-05-11T23:59:59+02:00,1,0,353,528,1349,1458,1593,1910,1824,3244,2406,3120,2258,2337,3097,3095,2701,5112,98,129,445,537,470,753,491,1079,579,810,798,720,1890,1882,1913,3703,25143,14329,2973,1403,8586,528,220,36,27
2021-05-10T23:59:59+02:00,1,0,338,509,1310,1429,1540,1880,1756,3182,2344,3048,2243,2322,3088,3086,2700,5108,98,126,439,530,461,732,484,1055,574,787,782,701,1884,1875,1911,3698,24860,14260,2897,1394,8464,474,192,36,26
2021-05-09T23:59:59+02:00,1,0,332,499,1269,1409,1513,1863,1709,3145,2275,2995,2232,2308,3085,3080,2700,5103,95,123,430,521,453,726,474,1045,563,773,767,691,1875,1870,1910,3695,24616,14211,2842,1386,8413,425,169,36,25
2021-05-08T23:59:59+02:00,1,0,326,496,1258,1390,1480,1840,1678,3118,2224,2974,2225,2300,3082,3079,2698,5102,94,123,429,520,451,725,473,1040,563,767,761,690,1870,1859,1910,3695,24372,14190,2838,1378,8409,412,168,36,25
2021-05-07T23:59:59+02:00,1,0,315,489,1230,1363,1428,1820,1618,3054,2169,2925,2216,2289,3081,3074,2696,5097,91,120,417,507,441,698,460,1005,540,742,755,665,1849,1844,1910,3691,24087,14118,2809,1353,8343,308,134,36,22
2021-05-06T23:59:59+02:00,1,0,297,474,1142,1325,1311,1758,1477,2940,2025,2832,2176,2253,3077,3061,2695,5093,88,114,404,493,429,681,447,982,522,719,740,646,1831,1828,1906,3684,23572,14034,2616,1328,8130,223,106,34,21
2021-05-05T23:59:59+02:00,1,0,282,460,1101,1299,1264,1721,1409,2874,1933,2748,2151,2219,3062,3046,2695,5082,88,110,396,483,424,669,439,970,515,701,718,633,1805,1806,1906,3681,23107,13947,2556,1302,8064,174,99,34,19
2021-05-04T23:59:59+02:00,1,0,274,449,1064,1275,1225,1700,1363,2826,1869,2681,2131,2184,3052,3032,2685,5069,84,106,389,472,421,664,429,950,505,681,700,610,1785,1779,1902,3681,22756,13841,2493,1269,8011,133,93,34,18
2021-05-03T23:59:59+02:00,1,0,267,441,1033,1252,1188,1683,1334,2791,1821,2643,2113,2153,3038,3023,2683,5063,78,100,377,466,413,656,425,942,497,674,681,598,1758,1750,1900,3677,22497,13735,2468,1258,7961,112,64,34,17
2021-05-02T23:59:59+02:00,1,0,261,439,1019,1240,1160,1667,1308,2778,1806,2620,2105,2138,3033,3020,2681,5060,76,99,371,462,408,651,420,936,493,669,673,585,1733,1735,1900,3676,22371,13686,2451,1230,7921,98,50,34,16
2021-05-01T23:59:59+02:00,1,0,257,434,1011,1231,1147,1656,1292,2764,1788,2601,2096,2131,3029,3016,2681,5059,76,98,371,461,406,651,418,932,493,668,671,585,1733,1735,1900,3676,22226,13678,2450,1230,7921,95,48,34,16
2021-04-30T23:59:59+02:00,1,0,254,428,1000,1209,1125,1636,1254,2699,1720,2538,2082,2113,3022,3011,2680,5055,75,96,370,455,403,645,417,907,488,656,664,579,1730,1729,1900,3674,21894,13662,2445,1218,7917,70,16,34,15
2021-04-29T23:59:59+02:00,1,0,240,413,951,1185,1086,1598,1202,2641,1624,2461,2031,2063,3012,2999,2675,5043,75,95,364,454,398,640,410,896,477,646,647,567,1714,1716,1894,3668,21385,13582,2407,1191,7857,48,15,33,15
2021-04-28T23:59:59+02:00,1,0,229,410,935,1170,1056,1586,1166,2600,1555,2405,1984,2000,2999,2994,2673,5040,72,94,357,451,395,631,406,886,470,631,629,548,1695,1695,1894,3666,21065,13502,2359,1141,7799,35,14,33,15
2021-04-27T23:59:59+02:00,1,0,226,402,921,1156,1039,1573,1142,2574,1532,2376,1949,1953,2992,2987,2671,5036,70,91,355,448,393,626,404,882,464,626,621,535,1683,1672,1890,3663,20855,13439,2327,1112,7764,30,14,29,15
2021-04-26T23:59:59+02:00,1,0,223,395,911,1147,1028,1560,1114,2555,1477,2326,1929,1930,2982,2976,2668,5030,70,91,351,444,393,624,398,879,460,620,611,522,1668,1657,1888,3658,20654,13389,2311,1073,7696,28,14,29,15
2021-04-25T23:59:59+02:00,1,0,223,394,903,1137,1015,1552,1097,2536,1444,2291,1900,1906,2974,2969,2668,5029,69,90,350,438,390,622,395,875,458,619,608,515,1662,1647,1888,3656,20516,13367,2283,1053,7644,20,14,29,13
2021-04-24T23:59:59+02:00,1,0,219,390,892,1127,1002,1538,1083,2517,1407,2267,1890,1881,2971,2963,2668,5029,69,90,350,438,389,622,395,873,457,616,605,512,1661,1644,1888,3656,20337,13360,2283,1042,7624,20,14,29,13
2021-04-23T23:59:59+02:00,1,0,215,383,881,1114,995,1527,1063,2496,1349,2218,1864,1853,2964,2957,2668,5026,68,88,350,438,389,621,394,869,454,612,598,504,1651,1634,1888,3651,20169,13331,2271,1014,7524,20,14,29,13
2021-04-22T23:59:59+02:00,1,0,213,375,855,1092,971,1504,1031,2452,1292,2153,1817,1800,2950,2937,2666,5017,68,87,348,433,383,613,391,859,449,606,584,496,1632,1619,1883,3646,19853,13254,2215,986,7443,13,14,29,13
2021-04-21T23:59:59+02:00,1,0,207,368,836,1077,946,1485,990,2415,1240,2100,1765,1729,2928,2915,2659,5008,66,85,345,431,381,610,388,854,446,599,579,490,1618,1597,1872,3641,19490,13182,2179,963,7380,13,14,29,13
2021-04-20T23:59:59+02:00,1,0,201,363,818,1053,926,1464,967,2361,1196,2043,1701,1660,2898,2888,2653,4990,65,85,343,430,377,606,383,848,445,592,572,481,1595,1565,1868,3637,19147,13097,2106,939,7306,12,14,29,13
2021-04-19T23:59:59+02:00,1,0,199,353,803,1042,912,1445,950,2328,1170,2007,1656,1613,2885,2873,2651,4985,65,84,342,428,372,600,379,839,440,581,568,475,1567,1538,1862,3624,18925,13001,2087,911,7235,9,13,28,13
2021-04-18T23:59:59+02:00,1,0,197,350,796,1033,900,1434,928,2305,1146,1986,1615,1571,2876,2865,2644,4979,64,82,341,427,372,600,378,834,439,578,565,469,1557,1532,1859,3622,18777,12971,2054,895,7161,9,13,28,13
2021-04-17T23:59:59+02:00,1,0,195,346,793,1030,893,1432,919,2300,1139,1978,1595,1540,2871,2856,2644,4979,64,79,339,422,371,600,376,830,438,575,560,463,1546,1524,1859,3619,18691,12919,2053,893,7132,9,13,28,13
2021-04-16T23:59:59+02:00,1,0,194,345,784,1023,879,1415,905,2277,1101,1937,1538,1472,2857,2841,2640,4972,59,77,336,415,370,598,371,818,431,561,533,432,1533,1502,1848,3606,18456,12811,2036,826,7052,8,13,27,12
2021-04-15T23:59:59+02:00,1,0,193,340,762,1006,861,1403,879,2232,1057,1894,1484,1413,2828,2813,2625,4956,57,76,331,409,365,597,363,811,421,558,518,424,1499,1468,1835,3591,18170,12693,2019,777,6917,7,13,26,12
2021-04-14T23:59:59+02:00,1,0,192,334,753,998,854,1390,864,2198,1037,1863,1424,1365,2777,2747,2612,4940,54,72,326,405,361,592,360,802,410,544,502,404,1463,1436,1828,3572,17885,12550,1995,729,6826,7,13,23,11
2021-04-13T23:59:59+02:00,1,0,188,328,744,994,843,1378,854,2173,1003,1834,1357,1292,2723,2688,2604,4925,52,72,321,401,352,584,353,794,401,536,489,396,1436,1413,1819,3561,17632,12448,1942,681,6711,5,13,22,11
2021-04-12T23:59:59+02:00,1,0,188,327,738,989,835,1366,826,2150,987,1813,1304,1254,2703,2658,2600,4911,51,68,311,393,347,578,348,786,395,529,470,386,1417,1397,1816,3553,17491,12351,1916,639,6597,5,13,20,11
2021-04-11T23:59:59+02:00,0,0,186,325,732,978,827,1361,812,2131,970,1795,1279,1222,2681,2636,2595,4904,50,66,306,391,345,576,347,782,390,521,464,377,1402,1392,1811,3546,17412,12298,1888,613,6487,4,12,19,11
2021-04-10T23:59:59+02:00,0,0,186,323,732,975,824,1360,805,2123,962,1788,1265,1206,2668,2619,2594,4904,45,61,283,377,329,560,333,770,375,511,449,370,1390,1372,1806,3540,17352,12115,1879,597,6455,4,11,19,11
2021-04-09T23:59:59+02:00,0,0,186,319,727,972,814,1337,796,2039,942,1705,1209,1132,2624,2590,2591,4896,38,59,269,363,310,547,313,756,361,494,431,360,1346,1342,1793,3526,17185,11874,1839,567,6202,4,9,17,10
2021-04-08T23:59:59+02:00,0,0,184,315,723,965,803,1325,780,2021,917,1683,1133,1048,2564,2550,2578,4886,37,57,261,349,297,539,297,740,335,476,404,337,1296,1303,1769,3492,17005,11583,1766,534,6050,4,8,17,10
2021-04-07T23:59:59+02:00,0,0,178,312,714,959,795,1310,763,1992,894,1651,1078,985,2508,2489,2569,4871,35,54,243,332,287,533,288,727,320,463,374,317,1249,1264,1750,3454,16807,11309,1718,503,5884,4,8,17,10
2021-04-06T23:59:59+02:00,0,0,174,311,707,954,779,1295,743,1970,865,1625,1044,938,2467,2439,2561,4861,33,53,241,329,283,530,278,723,310,458,363,303,1218,1234,1730,3432,16683,11172,1683,468,5702,4,8,17,10
2021-04-05T23:59:59+02:00,0,0,174,311,706,948,773,1285,734,1954,854,1610,1015,911,2440,2396,2556,4852,33,53,241,325,282,526,274,716,304,456,361,296,1182,1208,1722,3413,16615,11074,1666,438,5568,4,8,17,10
2021-04-04T23:59:59+02:00,0,0,173,308,703,941,767,1273,723,1937,845,1588,999,895,2432,2390,2556,4851,33,53,241,325,281,526,274,716,303,456,359,296,1164,1194,1718,3409,16580,11029,1660,438,5472,4,8,16,10
2021-04-03T23:59:59+02:00,0,0,173,308,703,941,765,1271,722,1932,837,1584,986,884,2425,2379,2553,4850,33,53,241,325,281,526,274,715,303,454,359,296,1164,1189,1718,3406,16531,11018,1660,438,5451,4,8,16,10
2021-04-02T23:59:59+02:00,0,0,173,307,703,940,764,1268,718,1925,829,1573,973,871,2402,2356,2551,4847,33,53,238,325,279,524,271,708,296,449,354,294,1142,1161,1706,3379,16455,10898,1648,431,5423,4,8,16,10
2021-04-01T23:59:59+02:00,0,0,170,304,697,929,751,1254,712,1905,811,1552,941,835,2360,2306,2545,4828,32,52,230,322,277,520,268,701,290,444,342,286,1102,1120,1673,3336,16318,10693,1584,417,5319,4,8,16,10
2021-03-31T23:59:59+02:00,0,0,167,301,690,922,741,1238,703,1859,796,1509,923,815,2313,2240,2524,4809,32,52,229,321,272,518,263,699,280,433,327,280,1036,1067,1649,3304,16196,10480,1514,398,5161,4,7,16,10
2021-03-30T23:59:59+02:00,0,0,163,294,684,913,737,1217,692,1820,784,1463,900,796,2262,2174,2510,4787,32,51,226,318,269,515,260,693,274,425,316,274,1002,1038,1627,3268,16044,10321,1466,380,5005,4,7,16,10
2021-03-29T23:59:59+02:00,0,0,160,288,678,900,731,1205,682,1788,771,1424,881,777,2186,2105,2489,4757,32,50,225,316,268,513,256,685,266,414,309,267,974,1016,1614,3241,15831,10188,1422,370,4886,4,7,16,10
2021-03-28T23:59:59+02:00,0,0,152,270,668,893,724,1196,677,1767,766,1406,873,755,2137,2060,2484,4745,32,49,222,316,264,507,252,682,264,411,307,265,963,1005,1608,3233,15747,10130,1367,362,4775,4,7,16,10
2021-03-27T23:59:59+01:00,0,0,152,267,664,886,720,1192,671,1756,763,1399,862,740,2125,2044,2484,4742,32,49,222,316,264,507,251,675,261,406,305,264,956,995,1590,3209,15690,10063,1357,351,4733,4,7,16,10
2021-03-26T23:59:59+01:00,0,0,150,265,654,874,714,1176,661,1737,754,1367,843,720,2099,2018,2474,4732,32,49,222,316,263,505,251,674,255,394,299,256,924,963,1557,3158,15582,9880,1319,351,4647,4,5,16,10
2021-03-25T23:59:59+01:00,0,0,147,264,644,862,693,1155,643,1699,735,1324,823,700,2055,1974,2458,4714,32,48,219,311,262,504,245,671,253,392,291,252,885,932,1495,3079,15465,9644,1265,337,4468,3,5,15,10
2021-03-24T23:59:59+01:00,0,0,144,255,629,849,686,1141,634,1660,720,1290,798,680,2011,1930,2441,4690,32,48,217,308,260,502,243,671,247,389,284,246,839,907,1444,2986,15323,9414,1230,321,4312,2,4,15,10
2021-03-23T23:59:59+01:00,0,0,141,253,622,839,672,1128,624,1637,706,1250,780,666,1970,1899,2425,4671,31,47,215,307,258,498,236,666,244,382,274,242,813,883,1366,2887,15227,9149,1200,310,4161,2,4,15,10
2021-03-22T23:59:59+01:00,0,0,138,248,604,820,655,1109,613,1603,689,1224,769,652,1938,1874,2414,4655,31,46,214,305,256,496,235,658,243,378,270,238,786,861,1274,2781,15141,8883,1168,298,4000,2,4,13,10
2021-03-21T23:59:59+01:00,0,0,135,246,600,813,651,1106,608,1579,677,1189,762,641,1914,1867,2407,4639,31,46,213,305,255,494,234,657,241,376,268,234,780,858,1265,2772,15107,8849,1147,289,3879,2,4,12,9
2021-03-20T23:59:59+01:00,0,0,133,246,594,810,647,1102,604,1575,675,1187,755,632,1890,1843,2400,4627,31,46,213,305,254,494,233,655,238,370,266,232,770,852,1247,2758,15041,8794,1137,279,3839,2,4,12,9
2021-03-19T23:59:59+01:00,0,0,124,234,587,796,638,1095,600,1557,658,1173,719,587,1830,1801,2370,4606,30,46,213,304,253,494,231,648,235,367,264,226,744,833,1209,2705,14865,8646,1061,264,3742,2,4,11,9
2021-03-18T23:59:59+01:00,0,0,121,229,568,786,618,1063,581,1507,628,1125,683,562,1778,1752,2342,4563,30,46,212,302,251,486,231,643,231,358,262,218,726,821,1176,2661,14670,8514,996,245,3526,2,4,11,9
2021-03-17T23:59:59+01:00,0,0,115,223,557,771,606,1058,571,1494,613,1102,659,537,1733,1717,2321,4524,30,45,212,301,250,483,230,642,230,355,261,216,714,808,1141,2614,14466,8396,945,239,3470,2,4,10,9
2021-03-16T23:59:59+01:00,0,0,110,217,545,759,592,1044,559,1451,596,1074,640,513,1678,1661,2299,4487,30,44,212,299,250,477,229,640,228,354,257,216,697,789,1111,2558,14286,8259,889,236,3325,2,2,10,9
2021-03-15T23:59:59+01:00,0,0,106,210,530,742,580,1020,547,1417,581,1035,620,494,1632,1622,2277,4462,29,44,211,296,250,474,227,638,226,354,248,211,677,777,1086,2522,14123,8153,834,222,3187,2,0,10,9
2021-03-14T23:59:59+01:00,0,0,102,198,521,727,569,998,539,1372,564,990,602,478,1603,1601,2261,4437,29,44,211,294,249,473,226,633,225,349,246,207,673,770,1078,2507,14016,8126,799,193,3011,2,0,10,9
2021-03-13T23:59:59+01:00,0,0,98,188,495,706,540,972,511,1348,541,969,574,469,1576,1574,2253,4429,29,44,211,294,249,473,225,633,225,348,245,207,667,760,1047,2476,13789,8044,785,192,2917,2,0,10,9
2021-03-12T23:59:59+01:00,0,0,89,182,469,677,520,945,487,1313,514,932,542,447,1518,1527,2230,4390,29,44,211,293,249,472,225,633,225,347,241,205,651,748,1021,2449,13476,7952,755,192,2786,2,0,10,8
2021-03-11T23:59:59+01:00,0,0,83,171,437,640,485,912,447,1234,476,868,508,414,1438,1459,2182,4331,29,43,210,290,244,468,223,629,221,344,236,203,635,725,996,2408,13086,7864,702,141,2512,2,0,10,8
2021-03-10T23:59:59+01:00,0,0,81,165,413,615,466,895,428,1198,448,823,477,388,1359,1393,2143,4275,29,43,208,285,240,464,220,623,221,342,231,200,616,717,973,2368,12740,7754,669,124,2369,2,0,10,8
2021-03-09T23:59:59+01:00,0,0,81,161,402,594,439,866,413,1148,430,791,455,369,1307,1360,2101,4230,29,43,207,282,238,456,217,619,217,337,229,199,604,710,954,2337,12511,7670,642,105,2192,2,0,10,8
2021-03-08T23:59:59+01:00,0,0,78,156,389,576,418,848,401,1095,418,749,439,353,1249,1324,2077,4192,29,43,207,281,235,450,213,614,212,333,227,198,591,705,944,2326,12320,7617,605,89,2031,1,0,10,7
2021-03-07T23:59:59+01:00,0,0,75,152,386,566,410,832,389,1081,411,743,436,348,1236,1304,2068,4183,29,43,206,280,235,448,211,613,212,332,226,197,587,702,936,2319,12253,7587,578,87,1979,0,0,10,7
2021-03-06T23:59:59+01:00,0,0,75,145,383,561,403,810,379,1024,403,709,433,347,1229,1293,2053,4168,29,43,206,280,234,447,211,612,212,332,226,197,584,702,934,2305,12194,7578,578,74,1830,0,0,10,7
2021-03-05T23:59:59+01:00,0,0,75,140,379,555,399,803,376,1007,391,683,421,333,1188,1251,2009,4107,29,43,205,279,233,446,210,610,211,329,224,196,579,701,926,2284,11975,7554,556,48,1766,0,0,10,7
2021-03-04T23:59:59+01:00,0,0,74,127,370,522,385,770,356,965,377,653,403,331,1136,1201,1925,4011,28,43,203,272,231,440,208,599,208,328,223,195,577,698,923,2281,11672,7506,522,47,1589,0,0,10,5
2021-03-03T23:59:59+01:00,0,0,68,116,361,506,377,753,351,943,363,633,393,323,1091,1167,1855,3889,28,43,203,271,230,438,205,589,208,322,222,192,572,695,916,2275,11396,7462,495,42,1472,0,0,9,5
2021-03-02T23:59:59+01:00,0,0,65,109,351,493,362,734,340,922,355,605,380,316,1055,1136,1757,3768,27,43,203,271,230,431,200,582,206,319,220,192,570,687,909,2262,11070,7403,471,42,1374,0,0,9,5
2021-03-01T23:59:59+01:00,0,0,64,107,345,479,355,714,329,897,348,571,374,313,1027,1104,1639,3613,27,42,202,270,228,422,198,574,206,315,219,192,567,679,900,2254,10726,7345,450,42,1266,0,0,9,5
2021-02-28T23:59:59+01:00,0,0,64,105,338,470,352,706,327,873,342,551,369,301,1018,1100,1629,3601,27,42,201,269,227,422,198,574,206,315,218,192,566,675,897,2251,10680,7330,439,42,1188,0,0,9,5
2021-02-27T23:59:59+01:00,0,0,61,96,334,461,348,702,321,860,338,541,365,297,1008,1089,1606,3579,27,42,201,268,227,421,197,573,205,314,218,192,566,675,897,2251,10608,7329,426,37,1131,0,0,9,5
2021-02-26T23:59:59+01:00,0,0,59,93,327,438,322,670,299,829,325,520,361,293,983,1069,1562,3517,27,41,201,267,227,419,195,570,202,312,218,192,566,675,896,2248,10444,7311,423,37,953,0,0,9,4
2021-02-25T23:59:59+01:00,0,0,52,80,315,417,311,640,293,801,311,493,351,283,964,1050,1524,3470,27,41,200,264,223,416,192,562,197,311,213,189,555,667,885,2242,10290,7249,409,27,802,0,0,9,4
2021-02-24T23:59:59+01:00,0,0,48,75,306,405,303,627,288,786,307,483,345,282,944,1038,1477,3411,26,41,198,262,220,403,190,554,194,306,211,186,549,661,883,2229,10142,7184,394,19,732,0,0,9,4
2021-02-23T23:59:59+01:00,0,0,45,66,293,389,295,608,282,767,297,473,338,280,913,1019,1436,3338,25,41,197,260,218,398,189,548,190,303,210,185,547,650,877,2209,9963,7121,375,15,640,0,0,9,4
2021-02-22T23:59:59+01:00,0,0,42,63,286,377,291,597,278,756,293,469,329,272,890,1004,1406,3302,25,39,193,257,215,385,181,538,184,300,207,182,535,642,870,2192,9838,7028,358,5,597,0,0,8,4
2021-02-21T23:59:59+01:00,0,0,41,62,281,369,289,588,274,748,286,465,326,269,885,999,1399,3292,25,38,191,255,214,383,181,529,184,299,207,182,531,641,862,2179,9811,6982,350,5,547,0,0,7,4
2021-02-20T23:59:59+01:00,0,0,40,62,278,368,289,585,273,742,283,457,325,269,871,987,1365,3259,25,38,191,255,214,383,181,529,183,298,207,182,530,641,860,2178,9721,6976,339,5,525,0,0,7,4
2021-02-19T23:59:59+01:00,0,0,39,62,274,363,283,563,263,716,278,443,321,264,845,970,1330,3229,25,37,191,255,213,382,181,527,182,298,206,181,525,640,855,2161,9611,6940,324,5,436,0,0,6,4
2021-02-18T23:59:59+01:00,0,0,39,58,256,342,275,542,254,695,261,415,317,255,833,949,1304,3197,24,36,187,248,211,376,177,512,180,287,203,176,510,626,818,2094,9517,6745,298,5,302,0,0,6,4
2021-02-17T23:59:59+01:00,0,0,39,56,249,336,271,528,249,682,258,393,312,250,813,938,1275,3150,22,34,184,243,203,361,173,495,175,275,195,172,499,611,799,2055,9384,6574,288,4,246,0,0,6,4
2021-02-16T23:59:59+01:00,0,0,38,51,237,324,268,517,243,667,251,385,307,248,801,926,1249,3118,20,34,175,235,196,342,166,483,171,261,192,165,465,580,764,1987,9286,6312,280,4,181,0,0,6,4
2021-02-15T23:59:59+01:00,0,0,37,50,231,321,261,504,239,661,247,377,303,247,782,917,1237,3099,19,32,168,228,191,334,161,472,165,254,182,159,435,551,728,1916,9220,6071,266,4,144,0,0,6,4
2021-02-14T23:59:59+01:00,0,0,35,50,228,318,259,498,237,655,247,373,303,243,775,911,1228,3080,18,32,166,225,187,329,160,460,163,251,181,156,426,542,710,1872,9197,5953,233,4,126,0,0,6,4
2021-02-13T23:59:59+01:00,0,0,34,50,228,318,257,498,237,654,247,373,303,243,773,910,1227,3079,18,32,164,224,184,329,159,458,162,248,179,153,421,539,702,1856,9190,5905,233,1,124,0,0,6,4
2021-02-12T23:59:59+01:00,0,0,33,48,225,312,254,489,233,643,244,366,302,242,767,909,1224,3069,18,32,162,221,183,328,157,456,160,247,177,149,417,523,671,1790,9161,5768,233,1,80,0,0,6,4
2021-02-11T23:59:59+01:00,0,0,32,47,217,293,247,473,226,619,231,353,298,241,759,892,1199,3036,18,31,146,200,175,297,146,409,154,224,160,133,370,474,608,1622,9090,5238,166,1,18,0,0,6,4
2021-02-10T23:59:59+01:00,0,0,31,47,214,285,244,466,222,610,228,347,293,241,747,889,1191,3026,17,28,133,176,159,260,127,358,143,200,144,125,343,443,546,1496,9034,4760,148,1,7,0,0,6,2
2021-02-09T23:59:59+01:00,0,0,30,46,213,282,242,453,217,602,224,344,289,237,743,882,1182,3013,17,26,118,146,146,237,110,315,129,173,126,116,309,386,491,1338,8979,4239,124,1,3,0,0,6,2
2021-02-08T23:59:59+01:00,0,0,30,46,212,280,236,439,214,590,221,339,284,237,735,875,1176,3006,15,24,102,124,125,193,91,274,121,161,103,107,270,334,429,1202,8912,3726,109,1,3,0,0,6,2
2021-02-07T23:59:59+01:00,0,0,30,45,210,279,234,438,214,587,221,338,284,237,733,871,1171,3003,14,18,98,116,118,182,86,256,115,151,96,102,263,321,413,1152,8891,3549,106,1,0,0,0,6,2
2021-02-06T23:59:59+01:00,0,0,30,45,210,279,234,437,214,587,221,337,283,237,732,871,1170,2991,11,14,97,114,117,178,84,249,115,149,95,101,263,317,402,1137,8888,3488,92,1,0,0,0,6,2
2021-02-05T23:59:59+01:00,0,0,29,44,210,279,234,436,212,584,219,336,282,237,730,871,1158,2964,10,10,89,106,113,175,83,244,109,137,92,99,254,310,377,1108,8868,3359,57,0,0,0,0,6,2
2021-02-04T23:59:59+01:00,0,0,29,44,207,274,230,432,207,578,217,332,279,233,724,864,1149,2950,9,7,62,73,90,131,71,205,89,118,88,85,222,274,333,982,8793,2870,57,0,0,0,0,4,2
2021-02-03T23:59:59+01:00,0,0,29,43,207,272,229,420,204,572,216,329,276,230,714,861,1141,2933,6,4,45,55,71,107,53,159,76,88,63,60,166,200,252,719,8727,2149,50,0,0,0,0,4,2
2021-02-02T23:59:59+01:00,0,0,28,43,206,270,225,414,203,567,213,328,273,229,706,850,1134,2908,3,3,29,38,56,77,41,103,57,65,54,49,119,134,168,475,8647,1488,49,0,0,0,0,4,2
2021-02-01T23:59:59+01:00,0,0,27,41,204,270,222,409,200,561,208,320,271,226,699,847,1129,2896,3,1,22,20,29,45,28,64,33,34,38,31,72,86,97,286,8580,898,49,0,0,0,0,4,2
2021-01-31T23:59:59+01:00,0,0,27,41,203,268,220,405,198,553,207,319,270,226,695,843,1123,2881,3,1,20,15,19,37,21,51,25,30,35,25,57,74,94,256,8528,770,48,0,0,0,0,4,2
2021-01-30T23:59:59+01:00,0,0,27,41,203,268,220,404,197,553,207,319,270,226,694,843,1122,2879,3,1,19,14,17,37,19,47,23,29,34,24,57,71,92,250,8523,743,47,0,0,0,0,4,2
2021-01-29T23:59:59+01:00,0,0,27,41,203,265,219,403,196,552,205,317,270,226,689,840,1116,2871,3,0,16,9,12,31,18,42,19,26,34,23,54,70,90,244,8495,695,43,0,0,0,0,3,2
2021-01-28T23:59:59+01:00,0,0,27,40,196,262,219,397,195,543,202,312,269,226,677,832,1093,2851,3,0,3,3,7,18,10,23,9,12,26,16,37,47,60,173,8405,449,34,0,0,0,0,3,1
2021-01-27T23:59:59+01:00,0,0,26,38,191,257,214,388,193,530,199,302,261,221,663,815,1069,2813,1,0,2,3,6,14,9,20,8,11,25,15,31,41,50,132,8243,369,29,0,0,0,0,3,1
2021-01-26T23:59:59+01:00,0,0,23,38,188,246,208,375,188,512,196,293,255,216,641,798,1041,2762,1,0,1,3,6,14,9,20,8,11,24,12,30,37,49,115,8047,341,24,0,0,0,0,3,1
2021-01-25T23:59:59+01:00,0,0,23,37,179,243,205,365,183,502,191,282,245,211,618,778,1015,2717,1,0,1,3,4,12,8,17,8,10,21,10,26,36,41,104,7877,303,6,0,0,0,0,3,1
2021-01-24T23:59:59+01:00,0,0,22,36,177,240,202,364,182,500,190,280,245,209,614,773,1012,2712,1,0,1,3,3,12,8,17,8,10,21,10,26,36,40,102,7841,299,5,0,0,0,0,3,1
2021-01-23T23:59:59+01:00,0,0,22,36,177,240,200,364,182,499,190,280,245,209,613,773,1004,2699,1,0,1,3,3,11,8,17,7,10,21,10,26,36,40,102,7816,297,5,0,0,0,0,3,1
2021-01-22T23:59:59+01:00,0,0,21,35,175,236,199,364,182,498,189,280,245,207,611,771,976,2657,1,0,1,3,3,11,8,17,7,10,21,10,26,36,40,102,7729,297,5,0,0,0,0,3,1
2021-01-21T23:59:59+01:00,0,0,20,35,166,226,192,346,177,474,187,263,233,202,586,745,940,2603,1,0,1,3,1,6,7,11,5,6,20,8,22,26,35,85,7474,238,5,0,0,0,0,3,1
2021-01-20T23:59:59+01:00,0,0,19,33,151,200,174,305,147,416,173,240,215,191,543,699,871,2402,1,0,1,3,1,6,7,10,5,5,19,7,21,23,31,79,6849,220,4,0,0,0,0,3,1
2021-01-19T23:59:59+01:00,0,0,19,30,128,168,159,271,134,373,157,217,180,170,479,608,773,2128,1,0,1,3,1,6,5,7,3,3,11,3,10,15,22,57,6056,148,3,0,0,0,0,3,1
2021-01-18T23:59:59+01:00,0,0,16,29,113,150,137,227,116,324,140,190,142,155,388,503,638,1787,1,0,1,1,0,3,4,5,2,3,2,1,4,6,10,28,5113,71,3,0,0,0,0,3,1
2021-01-17T23:59:59+01:00,0,0,15,19,109,136,129,214,108,300,132,178,133,140,372,473,588,1684,1,0,0,0,0,1,2,4,2,2,1,1,3,1,2,5,4781,24,3,0,0,0,0,3,1
2021-01-16T23:59:59+01:00,0,0,13,15,105,133,127,209,105,290,130,172,130,136,367,465,571,1656,0,0,0,0,0,0,0,0,1,0,0,0,0,0,0,0,4675,0,0,0,0,0,0,3,1
2021-01-15T23:59:59+01:00,0,0,11,13,100,124,123,204,103,280,128,160,126,133,359,449,540,1612,0,0,0,0,0,0,0,0,1,0,0,0,0,0,0,0,4513,0,0,0,0,0,0,3,1
2021-01-14T23:59:59+01:00,0,0,9,9,75,91,104,167,85,235,112,143,114,111,306,399,475,1396,0,0,0,0,0,0,0,0,1,0,0,0,0,0,0,0,3868,0,0,0,0,0,0,3,1
2021-01-13T23:59:59+01:00,0,0,7,8,62,81,93,140,75,193,102,117,86,82,236,283,377,1066,0,0,0,0,0,0,0,0,1,0,0,0,0,0,0,0,3039,0,0,0,0,0,0,3,1
2021-01-12T23:59:59+01:00,0,0,5,6,53,61,76,110,67,136,80,93,70,66,166,203,274,747,0,0,0,0,0,0,0,0,1,0,0,0,0,0,0,0,2240,0,0,0,0,0,0,1,1
2021-01-11T23:59:59+01:00,0,0,4,4,45,48,63,81,53,109,58,65,50,45,96,123,145,421,0,0,0,0,0,0,0,0,1,0,0,0,0,0,0,0,1432,0,0,0,0,0,0,1,1
2021-01-10T23:59:59+01:00,0,0,3,4,41,36,47,67,39,87,48,56,45,35,79,109,136,367,0,0,0,0,0,0,0,0,1,0,0,0,0,0,0,0,1212,0,0,0,0,0,0,1,1
2021-01-09T23:59:59+01:00,0,0,3,3,38,35,42,64,36,77,42,51,44,35,79,107,133,365,0,0,0,0,0,0,0,0,1,0,0,0,0,0,0,0,1165,0,0,0,0,0,0,1,1
2021-01-08T23:59:59+01:00,0,0,3,2,31,27,35,57,29,64,37,45,42,32,74,104,129,354,0,0,0,0,0,0,0,0,1,0,0,0,0,0,0,0,1074,0,0,0,0,0,0,1,1
2021-01-07T23:59:59+01:00,0,0,3,2,9,3,10,20,12,28,13,22,35,23,52,69,89,251,0,0,0,0,0,0,0,0,1,0,0,0,0,0,0,0,644,0,0,0,0,0,0,0,1
2021-01-06T23:59:59+01:00,0,0,3,0,2,3,5,15,9,21,9,13,31,21,44,58,74,200,0,0,0,0,0,0,0,0,1,0,0,0,0,0,0,0,511,0,0,0,0,0,0,0,1
2021-01-05T23:59:59+01:00,0,0,2,0,1,3,5,14,9,19,9,12,30,20,43,57,71,192,0,0,0,0,0,0,0,0,1,0,0,0,0,0,0,0,490,0,0,0,0,0,0,0,1
2021-01-04T23:59:59+01:00,0,0,1,0,1,3,5,13,8,17,8,11,26,16,34,48,55,146,0,0,0,0,0,0,0,0,1,0,0,0,0,0,0,0,394,0,0,0,0,0,0,0,1
2021-01-03T23:59:59+01:00,0,0,1,0,1,3,4,13,8,17,7,11,26,16,34,48,55,145,0,0,0,0,0,0,0,0,1,0,0,0,0,0,0,0,391,0,0,0,0,0,0,0,1
2021-01-02T23:59:59+01:00,0,0,1,0,1,3,4,13,7,17,6,11,26,16,34,48,55,145,0,0,0,0,0,0,0,0,1,0,0,0,0,0,0,0,389,0,0,0,0,0,0,0,1
2021-01-01T23:59:59+01:00,0,0,1,0,1,3,4,13,7,17,6,11,26,16,34,48,55,145,0,0,0,0,0,0,0,0,1,0,0,0,0,0,0,0,389,0,0,0,0,0,0,0,1
2020-12-31T23:59:59+01:00,0,0,1,0,1,3,4,12,7,17,6,11,26,16,34,48,55,145,0,0,0,0,0,0,0,0,1,0,0,0,0,0,0,0,388,0,0,0,0,0,0,0,1
2020-12-30T23:59:59+01:00,0,0,1,0,1,3,4,12,7,16,6,11,26,16,34,48,55,145,0,0,0,0,0,0,0,0,1,0,0,0,0,0,0,0,387,0,0,0,0,0,0,0,1
2020-12-29T23:59:59+01:00,0,0,1,0,1,3,3,8,5,12,4,8,19,10,25,40,40,118,0,0,0,0,0,0,0,0,1,0,0,0,0,0,0,0,298,0,0,0,0,0,0,0,1
2020-12-28T23:59:59+01:00,0,0,1,0,1,1,1,2,3,6,3,4,11,3,8,15,24,58,0,0,0,0,0,0,0,0,1,0,0,0,0,0,0,0,142,0,0,0,0,0,0,0,1
2020-12-27T23:59:59+01:00,0,0,1,0,0,0,0,1,2,6,1,2,2,1,5,4,5,20,0,0,0,0,0,0,0,0,0,0,0,0,0,0,0,0,50,0,0,0,0,0,0,0,0
