Datum,<24_1_m,<24_1_w,25-34_1_m,25-34_1_w,35-44_1_m,35-44_1_w,45-54_1_m,45-54_1_w,55-64_1_m,55-64_1_w,65-74_1_m,65-74_1_w,75-84_1_m,75-84_1_w,>84_1_m,>84_1_w,<24_2_m,<24_2_w,25-34_2_m,25-34_2_w,35-44_2_m,35-44_2_w,45-54_2_m,45-54_2_w,55-64_2_m,55-64_2_w,65-74_2_m,65-74_2_w,75-84_2_m,75-84_2_w,>84_2_m,>84_2_w,bp_1,bp_2,mo_1,mo_2,az_1,az_2,ja
2021-06-07T23:59:59+02:00,969,1045,2838,2332,3332,2934,3323,4499,2807,3694,1470,1884,1779,2173,1295,2961,272,359,887,929,1021,1415,970,2076,1011,1661,759,1048,1149,1466,786,1969,25842,12053,4415,1219,7632,2885,1733
2021-06-06T23:59:59+02:00,947,1030,2783,2306,3256,2906,3275,4476,2783,3683,1470,1881,1777,2172,1295,2961,267,349,876,911,998,1398,960,2033,990,1607,748,1035,1144,1461,786,1968,25659,11976,4298,1176,7627,2787,1704
2021-06-05T23:59:59+02:00,933,1011,2733,2265,3211,2886,3251,4458,2775,3681,1470,1880,1777,2172,1295,2960,263,343,869,898,986,1386,943,2013,965,1592,738,1016,1144,1458,786,1968,25433,11859,4294,1173,7626,2756,1692
2021-06-04T23:59:59+02:00,911,994,2698,2223,3140,2852,3209,4408,2751,3670,1466,1877,1775,2172,1295,2960,256,338,853,880,973,1376,932,1994,943,1569,731,996,1138,1453,786,1966,25143,11756,4257,1168,7624,2708,1664
2021-06-03T23:59:59+02:00,863,957,2556,2146,2979,2772,3061,4296,2683,3613,1460,1868,1771,2169,1295,2960,242,331,827,860,941,1335,878,1926,906,1522,705,959,1133,1443,786,1965,24520,11590,4060,1156,7610,2579,1546
2021-06-02T23:59:59+02:00,839,952,2509,2095,2946,2749,3006,4253,2659,3594,1458,1865,1771,2168,1295,2960,235,326,816,851,921,1324,848,1904,870,1485,697,931,1130,1440,786,1965,24235,11420,4042,1146,7610,2555,1519
2021-06-01T23:59:59+02:00,789,905,2372,2005,2794,2662,2868,4166,2610,3538,1449,1855,1768,2164,1295,2960,223,308,748,814,850,1275,794,1813,824,1413,675,886,1125,1430,786,1961,23670,11181,3850,1112,7599,2376,1367
2021-05-31T23:59:59+02:00,743,877,2262,1955,2695,2592,2785,4094,2565,3496,1447,1847,1766,2162,1295,2960,209,298,722,796,809,1253,765,1753,789,1368,659,862,1119,1426,785,1960,23336,11043,3632,1099,7580,2263,1279
2021-05-30T23:59:59+02:00,730,868,2225,1923,2655,2572,2755,4063,2553,3474,1445,1845,1766,2162,1295,2959,203,285,697,774,781,1220,748,1701,776,1324,649,849,1116,1421,785,1958,23204,10966,3578,1091,7574,2121,1219
2021-05-29T23:59:59+02:00,725,864,2207,1909,2634,2565,2741,4048,2544,3467,1444,1844,1766,2162,1295,2959,200,278,689,766,765,1197,738,1651,763,1297,642,834,1115,1417,784,1958,23091,10905,3577,1091,7572,1989,1219
2021-05-28T23:59:59+02:00,720,852,2178,1879,2597,2545,2718,4026,2532,3455,1444,1842,1764,2157,1295,2959,198,274,683,756,758,1176,726,1621,736,1260,628,809,1113,1410,783,1956,22895,10769,3566,1089,7570,1921,1217
2021-05-27T23:59:59+02:00,665,829,2047,1828,2478,2484,2586,3955,2464,3411,1438,1834,1763,2154,1295,2957,186,255,621,713,689,1112,654,1538,679,1185,613,781,1106,1396,783,1954,22464,10604,3437,1052,7545,1693,1024
2021-05-26T23:59:59+02:00,637,795,1960,1762,2331,2425,2493,3894,2419,3373,1428,1827,1761,2147,1293,2952,180,239,586,679,641,1076,617,1471,640,1133,601,755,1095,1368,782,1952,22101,10408,3252,1043,7525,1572,900
2021-05-25T23:59:59+02:00,609,777,1878,1719,2235,2386,2399,3815,2379,3346,1420,1819,1759,2145,1292,2950,170,227,567,658,608,1042,585,1410,607,1078,584,735,1080,1350,781,1950,21793,10238,3083,1012,7494,1451,839
2021-05-24T23:59:59+02:00,591,758,1829,1679,2167,2354,2340,3768,2336,3310,1411,1815,1755,2144,1292,2949,168,218,546,642,581,1010,561,1365,587,1034,570,721,1076,1348,781,1950,21639,10175,2934,1004,7463,1345,742
2021-05-23T23:59:59+02:00,587,757,1818,1670,2157,2340,2335,3758,2326,3295,1410,1813,1755,2143,1292,2949,166,216,543,641,573,1005,550,1356,579,1028,569,715,1073,1345,780,1948,21549,10119,2933,1000,7462,1335,741
2021-05-22T23:59:59+02:00,579,749,1798,1654,2133,2329,2315,3732,2306,3271,1403,1806,1755,2142,1292,2948,164,211,536,636,569,999,541,1351,576,1021,559,706,1069,1336,780,1948,21366,10072,2932,1000,7460,1305,732
2021-05-21T23:59:59+02:00,567,733,1720,1624,2061,2285,2265,3692,2275,3232,1397,1800,1754,2141,1292,2948,164,208,532,630,558,991,529,1339,562,1006,551,683,1063,1332,780,1947,20984,10005,2906,1000,7442,1248,729
2021-05-20T23:59:59+02:00,529,703,1593,1561,1938,2215,2145,3603,2207,3156,1382,1789,1751,2136,1292,2946,156,198,497,595,537,954,501,1284,539,952,535,658,1056,1326,780,1946,20391,9911,2802,992,7365,1056,661
2021-05-19T23:59:59+02:00,494,661,1498,1506,1806,2152,2027,3506,2125,3077,1368,1776,1745,2133,1290,2946,142,186,474,575,509,923,473,1231,517,898,524,644,1047,1305,779,1943,19755,9784,2745,977,7333,966,546
2021-05-18T23:59:59+02:00,462,639,1422,1455,1727,2095,1929,3389,2045,2994,1358,1760,1740,2126,1290,2943,125,178,454,555,492,890,456,1156,497,836,512,625,1043,1293,778,1940,19321,9686,2596,943,7287,866,438
2021-05-17T23:59:59+02:00,437,625,1380,1419,1682,2047,1871,3303,2011,2931,1339,1744,1737,2120,1290,2942,119,171,440,543,485,851,449,1096,492,789,498,596,1041,1285,778,1940,19067,9630,2495,920,7236,778,348
2021-05-16T23:59:59+02:00,432,624,1353,1393,1650,2027,1833,3252,1966,2887,1324,1735,1735,2116,1290,2942,115,169,433,524,474,832,438,1050,477,751,477,577,1039,1281,778,1939,18919,9590,2431,893,7203,699,273
2021-05-15T23:59:59+02:00,425,617,1331,1376,1636,2008,1818,3230,1941,2861,1320,1733,1735,2115,1289,2942,115,167,431,524,474,831,436,1045,471,744,474,574,1037,1280,778,1939,18745,9566,2431,893,7199,693,269
2021-05-14T23:59:59+02:00,414,604,1304,1344,1596,1969,1747,3168,1902,2826,1315,1728,1734,2115,1287,2942,113,164,429,508,454,807,422,1016,460,726,464,564,1035,1276,778,1938,18433,9527,2392,879,7180,593,256
2021-05-13T23:59:59+02:00,394,581,1248,1308,1501,1922,1646,3089,1845,2748,1293,1718,1728,2114,1285,2939,110,161,420,503,446,794,417,1002,449,713,448,541,1027,1258,778,1934,18065,9461,2192,847,7136,562,231
2021-05-12T23:59:59+02:00,387,575,1233,1303,1489,1914,1629,3068,1835,2735,1291,1713,1723,2113,1285,2939,109,160,420,503,445,789,412,997,447,707,442,530,1026,1253,778,1934,17964,9420,2173,841,7132,562,228
2021-05-11T23:59:59+02:00,370,553,1165,1274,1393,1878,1530,2977,1759,2674,1281,1691,1718,2105,1285,2939,104,150,406,476,423,767,400,967,425,688,429,507,1019,1249,778,1934,17611,9347,2023,816,7042,479,179
2021-05-10T23:59:59+02:00,356,537,1133,1251,1342,1848,1468,2921,1714,2618,1275,1680,1715,2099,1285,2936,102,147,400,468,414,745,394,948,420,663,423,496,1018,1246,778,1934,17382,9306,1955,809,6948,427,153
2021-05-09T23:59:59+02:00,350,523,1095,1238,1320,1830,1421,2888,1669,2584,1268,1669,1713,2094,1285,2935,97,144,396,461,406,737,387,937,411,656,414,485,1015,1244,778,1933,17189,9278,1909,803,6909,385,134
2021-05-08T23:59:59+02:00,343,521,1089,1217,1295,1820,1408,2870,1649,2571,1262,1665,1712,2093,1284,2935,97,144,395,461,404,736,386,931,411,652,413,484,1011,1236,778,1933,17046,9265,1906,797,6907,375,134
2021-05-07T23:59:59+02:00,335,513,1071,1193,1252,1799,1353,2819,1611,2526,1256,1658,1711,2088,1284,2932,94,140,383,448,395,709,375,901,396,628,407,461,1002,1226,778,1932,16824,9217,1880,776,6848,275,106
2021-05-06T23:59:59+02:00,319,501,987,1153,1141,1743,1221,2706,1504,2453,1233,1632,1710,2080,1284,2930,91,135,370,435,388,689,363,884,380,610,401,451,992,1216,778,1930,16400,9173,1714,762,6659,197,80
2021-05-05T23:59:59+02:00,308,487,955,1130,1103,1710,1157,2644,1447,2388,1219,1609,1705,2069,1284,2926,91,130,366,429,383,677,360,877,372,594,388,438,978,1203,778,1929,16040,9118,1661,744,6618,156,74
2021-05-04T23:59:59+02:00,299,476,924,1111,1069,1687,1111,2598,1406,2337,1206,1581,1701,2062,1283,2924,89,128,360,419,381,671,352,862,364,578,379,423,970,1184,778,1929,15765,9054,1604,721,6585,121,69
2021-05-03T23:59:59+02:00,296,466,897,1093,1036,1675,1081,2566,1375,2302,1195,1554,1696,2056,1282,2922,84,122,350,415,373,661,350,857,355,570,369,412,961,1173,777,1927,15560,8989,1584,715,6547,101,47
2021-05-02T23:59:59+02:00,293,464,881,1082,1017,1662,1061,2554,1366,2279,1188,1544,1695,2055,1282,2920,82,122,345,412,371,657,347,851,353,564,361,404,946,1165,777,1927,15462,8960,1571,699,6522,89,32
2021-05-01T23:59:59+02:00,290,461,875,1075,1008,1653,1051,2542,1355,2265,1184,1537,1694,2053,1282,2920,82,122,345,411,370,656,346,848,352,563,360,404,946,1165,777,1927,15363,8953,1571,699,6522,86,32
2021-04-30T23:59:59+02:00,286,454,866,1060,988,1636,1018,2475,1315,2222,1175,1522,1691,2051,1282,2917,81,120,344,408,367,648,345,822,347,558,356,399,944,1160,777,1926,15108,8941,1568,690,6520,63,4
2021-04-29T23:59:59+02:00,274,447,831,1037,956,1605,976,2419,1239,2157,1145,1489,1689,2045,1282,2916,81,119,340,406,363,644,340,810,341,549,348,390,936,1153,777,1924,14737,8901,1536,670,6470,42,4
2021-04-28T23:59:59+02:00,263,444,819,1023,929,1593,942,2384,1186,2096,1123,1448,1684,2043,1282,2916,77,119,334,401,359,637,338,802,339,539,335,378,927,1143,777,1923,14480,8846,1499,645,6431,28,4
2021-04-27T23:59:59+02:00,260,435,809,1011,914,1584,922,2363,1166,2068,1103,1414,1679,2040,1282,2914,76,116,332,398,358,632,336,797,334,533,331,369,918,1130,776,1922,14317,8803,1478,623,6403,23,4
2021-04-26T23:59:59+02:00,258,430,802,1003,904,1578,900,2341,1121,2026,1090,1394,1672,2037,1281,2913,76,116,330,396,357,631,334,795,331,529,325,359,913,1123,776,1922,14163,8776,1466,607,6354,21,4
2021-04-25T23:59:59+02:00,258,427,795,996,892,1568,886,2327,1093,1998,1076,1376,1669,2031,1281,2912,75,116,330,392,354,629,334,793,330,528,323,356,911,1116,776,1921,14055,8766,1445,595,6315,14,4
2021-04-24T23:59:59+02:00,253,423,788,993,879,1558,876,2310,1070,1984,1070,1356,1667,2029,1281,2912,75,116,330,392,354,629,333,793,330,525,322,355,911,1115,776,1921,13930,8763,1445,591,6303,14,4
2021-04-23T23:59:59+02:00,250,417,778,984,875,1551,859,2297,1012,1945,1061,1335,1664,2024,1281,2909,75,115,330,392,354,628,332,791,328,524,316,347,909,1111,776,1921,13814,8746,1435,580,6218,14,4
2021-04-22T23:59:59+02:00,249,409,758,966,860,1533,825,2253,976,1895,1039,1298,1657,2013,1281,2906,75,112,328,390,351,621,329,784,327,520,313,342,901,1101,775,1920,13592,8702,1389,571,6159,7,4
2021-04-21T23:59:59+02:00,243,404,743,953,838,1517,796,2221,930,1851,1015,1252,1652,2001,1281,2905,73,110,326,388,350,618,327,780,324,513,312,338,893,1086,773,1916,13341,8657,1368,554,6113,7,4
2021-04-20T23:59:59+02:00,238,398,730,933,824,1497,776,2170,903,1806,981,1192,1640,1988,1280,2904,73,110,324,388,347,615,325,775,324,509,310,331,883,1066,772,1916,13111,8610,1305,542,6062,7,4
2021-04-19T23:59:59+02:00,236,389,720,922,811,1481,764,2144,883,1778,958,1155,1636,1984,1280,2901,73,109,322,385,344,610,324,767,321,501,310,326,869,1049,771,1910,12960,8555,1292,523,6008,5,3
2021-04-18T23:59:59+02:00,234,385,710,917,796,1472,750,2131,866,1760,938,1124,1633,1979,1278,2899,72,107,321,384,344,610,323,763,321,499,309,321,863,1046,770,1910,12863,8536,1266,514,5959,5,3
2021-04-17T23:59:59+02:00,232,381,704,914,792,1472,746,2125,863,1753,926,1107,1631,1975,1278,2899,71,104,320,382,344,610,322,759,321,496,308,317,859,1039,770,1910,12806,8507,1265,512,5943,5,3
2021-04-16T23:59:59+02:00,231,378,699,912,778,1457,736,2106,832,1714,895,1055,1625,1966,1277,2897,67,102,317,377,343,608,318,751,316,481,296,297,856,1028,766,1904,12636,8441,1252,472,5886,5,3
2021-04-15T23:59:59+02:00,228,374,684,894,763,1445,714,2068,793,1672,869,1018,1615,1947,1276,2891,66,102,314,371,338,607,311,746,309,478,290,290,836,1008,764,1897,12441,8367,1241,446,5784,5,3
2021-04-14T23:59:59+02:00,225,368,676,888,755,1431,707,2039,778,1647,836,981,1591,1905,1273,2886,63,97,311,369,335,603,309,740,302,468,284,278,818,991,763,1891,12248,8290,1226,418,5725,5,3
2021-04-13T23:59:59+02:00,221,363,669,884,746,1420,699,2017,750,1619,802,930,1574,1878,1271,2881,61,96,308,365,327,598,305,734,297,462,280,273,807,981,758,1888,12111,8233,1182,394,5644,4,3
2021-04-12T23:59:59+02:00,220,362,666,880,738,1409,684,2000,735,1602,773,898,1563,1865,1271,2877,60,92,299,359,323,592,300,729,292,457,271,265,802,972,758,1882,12022,8170,1165,368,5567,4,3
2021-04-11T23:59:59+02:00,216,361,660,876,732,1404,677,1988,724,1586,755,874,1556,1848,1271,2873,58,90,294,357,322,590,298,727,289,450,267,260,794,968,756,1881,11978,8130,1147,355,5487,4,3
2021-04-10T23:59:59+02:00,216,361,660,875,730,1402,672,1981,719,1581,748,858,1550,1838,1271,2873,53,82,271,344,309,577,288,715,273,441,258,252,789,955,754,1879,11937,7977,1141,345,5467,4,3
2021-04-09T23:59:59+02:00,216,357,657,873,722,1375,663,1902,704,1501,721,807,1530,1819,1271,2868,44,77,257,330,291,563,272,703,263,428,247,247,769,932,751,1875,11832,7795,1121,335,5243,4,2
2021-04-08T23:59:59+02:00,215,353,652,869,716,1368,653,1883,686,1481,682,753,1503,1800,1270,2866,42,74,248,315,276,556,257,688,245,412,234,228,755,914,746,1858,11730,7610,1085,316,5145,4,2
2021-04-07T23:59:59+02:00,209,350,646,862,709,1357,639,1858,673,1453,648,711,1478,1760,1267,2859,40,70,231,301,267,549,251,677,236,398,220,218,726,892,743,1845,11602,7439,1052,301,5032,4,2
2021-04-06T23:59:59+02:00,206,349,640,858,697,1343,623,1834,650,1432,627,673,1460,1731,1265,2858,39,69,230,299,264,547,242,674,230,392,216,212,710,866,741,1837,11524,7362,1028,282,4899,4,2
2021-04-05T23:59:59+02:00,206,349,640,851,691,1334,617,1818,642,1419,606,649,1450,1709,1265,2857,39,69,229,296,263,542,238,667,229,390,216,206,691,845,741,1831,11491,7303,1017,264,4797,4,2
2021-04-04T23:59:59+02:00,205,347,640,846,685,1323,611,1800,638,1402,597,637,1449,1707,1265,2856,39,69,228,296,263,542,238,667,228,390,215,206,681,831,741,1828,11476,7273,1016,264,4718,4,2
2021-04-03T23:59:59+02:00,205,347,640,846,684,1321,611,1797,632,1400,585,630,1448,1699,1264,2855,39,69,228,296,263,542,238,667,228,388,215,206,681,827,741,1826,11446,7265,1016,264,4704,4,2
2021-04-02T23:59:59+02:00,205,346,640,844,683,1318,608,1790,627,1392,576,621,1440,1689,1263,2854,39,69,225,295,262,540,237,661,223,383,211,204,667,804,738,1813,11402,7188,1010,258,4685,4,2
2021-04-01T23:59:59+02:00,201,340,637,836,672,1305,602,1770,614,1372,555,596,1419,1661,1262,2842,38,68,217,292,261,536,234,652,219,378,203,202,647,777,731,1789,11316,7069,970,250,4596,4,2
2021-03-31T23:59:59+02:00,198,338,631,829,664,1290,594,1725,605,1336,544,585,1398,1618,1256,2834,38,68,215,291,260,534,233,646,212,376,197,198,620,743,727,1763,11247,6955,930,241,4466,4,2
2021-03-30T23:59:59+02:00,196,332,626,822,661,1262,588,1690,596,1298,534,570,1371,1579,1253,2827,38,66,213,289,258,532,230,641,210,369,192,194,608,721,716,1748,11165,6868,901,231,4335,4,2
2021-03-29T23:59:59+02:00,192,326,620,806,657,1252,579,1660,588,1260,521,551,1339,1539,1246,2813,38,66,212,288,257,530,230,635,207,361,188,191,593,705,712,1738,11036,6803,874,223,4235,3,2
2021-03-28T23:59:59+02:00,184,310,614,798,653,1245,575,1642,586,1243,516,534,1314,1513,1243,2806,38,65,209,288,253,524,228,631,207,359,186,190,585,698,711,1734,10986,6763,841,218,4145,3,2
2021-03-27T23:59:59+01:00,183,308,611,794,650,1240,571,1633,584,1235,512,526,1310,1506,1243,2805,38,64,209,288,253,524,228,625,205,355,183,188,579,689,704,1724,10953,6720,837,211,4116,3,2
2021-03-26T23:59:59+01:00,181,306,604,784,646,1230,563,1614,579,1215,502,513,1302,1490,1235,2800,38,64,209,288,253,522,228,625,198,344,181,183,559,665,695,1707,10884,6623,817,211,4055,3,2
2021-03-25T23:59:59+01:00,177,305,595,773,634,1211,547,1578,569,1181,491,497,1276,1468,1230,2793,38,64,205,282,253,522,222,622,196,342,174,182,535,641,675,1674,10807,6501,793,199,3916,3,2
2021-03-24T23:59:59+01:00,174,294,586,764,629,1196,543,1548,561,1149,483,484,1255,1437,1224,2784,37,64,205,281,253,521,222,621,192,339,171,176,513,625,662,1628,10731,6393,766,191,3804,3,1
2021-03-23T23:59:59+01:00,172,292,580,755,615,1185,537,1528,550,1116,475,470,1235,1419,1214,2777,36,63,204,279,250,520,218,616,189,334,166,173,493,614,638,1586,10672,6267,748,185,3688,3,1
2021-03-22T23:59:59+01:00,166,285,562,741,602,1165,528,1504,539,1092,472,459,1224,1403,1211,2769,36,62,203,277,248,519,217,610,189,331,164,168,479,596,601,1547,10626,6139,726,181,3557,3,1
2021-03-21T23:59:59+01:00,164,284,556,734,599,1160,524,1478,531,1060,465,451,1208,1398,1208,2761,36,62,202,276,247,518,216,609,188,329,163,165,474,594,595,1543,10602,6114,713,176,3450,3,0
2021-03-20T23:59:59+01:00,162,284,552,732,598,1158,521,1476,531,1056,459,444,1196,1383,1203,2756,36,62,202,276,246,518,216,607,188,324,160,164,470,588,590,1534,10564,6081,709,173,3421,3,0
2021-03-19T23:59:59+01:00,154,273,547,720,592,1149,520,1463,518,1038,441,412,1165,1354,1195,2750,36,62,202,275,245,518,215,599,186,321,160,161,459,565,582,1509,10466,6000,663,168,3341,2,0
2021-03-18T23:59:59+01:00,151,269,532,713,570,1116,506,1415,497,994,421,395,1140,1325,1187,2730,36,62,199,273,244,508,215,593,184,319,158,158,446,554,575,1483,10352,5922,627,157,3156,2,0
2021-03-17T23:59:59+01:00,145,261,521,702,560,1112,499,1402,486,978,407,381,1115,1304,1181,2717,36,61,199,273,243,505,215,593,184,317,158,156,438,548,561,1458,10235,5860,596,155,3112,2,0
2021-03-16T23:59:59+01:00,139,255,511,690,547,1099,487,1365,474,951,399,364,1083,1261,1177,2704,36,60,199,272,243,500,215,592,182,317,155,156,433,535,548,1432,10122,5791,564,153,2988,2,0
2021-03-15T23:59:59+01:00,137,249,498,675,536,1073,477,1329,464,918,387,350,1063,1232,1171,2693,35,60,199,269,242,497,215,591,180,317,153,153,424,528,541,1408,10014,5731,524,150,2879,2,0
2021-03-14T23:59:59+01:00,132,235,486,659,527,1050,471,1282,454,879,374,342,1042,1215,1167,2682,35,60,199,267,240,496,214,587,179,312,152,150,421,524,537,1403,9939,5712,501,133,2719,2,0
2021-03-13T23:59:59+01:00,127,221,461,639,502,1026,450,1259,432,862,358,335,1029,1200,1166,2678,35,60,199,267,240,496,214,587,178,311,151,150,416,516,520,1386,9754,5662,492,132,2652,2,0
2021-03-12T23:59:59+01:00,117,210,435,614,482,996,431,1228,410,827,340,321,992,1162,1157,2657,35,60,199,267,240,495,214,587,178,311,148,148,408,506,511,1376,9505,5616,481,132,2543,2,0
2021-03-11T23:59:59+01:00,109,198,403,577,446,957,399,1159,385,766,323,292,952,1118,1133,2623,35,60,198,264,234,491,212,582,176,307,146,147,399,496,499,1356,9223,5568,453,99,2306,2,0
2021-03-10T23:59:59+01:00,104,190,385,558,431,936,384,1122,366,729,307,278,908,1078,1122,2581,35,60,195,259,232,484,210,577,176,304,144,145,386,490,490,1333,9006,5498,434,87,2179,2,0
2021-03-09T23:59:59+01:00,103,184,373,538,412,906,370,1078,354,694,298,268,876,1054,1101,2562,35,60,194,255,231,477,207,573,173,301,144,144,378,484,485,1318,8873,5449,416,75,2013,2,0
2021-03-08T23:59:59+01:00,100,177,360,524,396,883,361,1028,347,656,288,260,849,1022,1090,2547,35,60,194,253,227,471,203,566,169,299,142,144,371,481,479,1310,8761,5412,390,58,1866,1,0
2021-03-07T23:59:59+01:00,97,170,357,516,385,864,351,1015,346,651,285,257,841,1010,1086,2540,35,60,194,252,227,469,202,565,169,299,142,144,367,478,475,1308,8708,5396,372,56,1818,0,0
2021-03-06T23:59:59+01:00,97,165,352,513,379,839,346,965,336,622,284,255,834,1000,1081,2534,35,60,194,252,226,468,202,564,169,299,142,144,366,478,474,1302,8672,5391,372,50,1683,0,0
2021-03-05T23:59:59+01:00,95,159,348,507,377,834,344,949,325,599,279,244,804,966,1069,2509,35,60,193,251,225,467,201,562,168,297,141,143,363,477,471,1291,8544,5374,356,37,1627,0,0
2021-03-04T23:59:59+01:00,95,150,334,473,368,803,327,902,314,578,268,242,769,924,1035,2469,35,60,191,246,224,460,199,552,165,295,140,142,362,475,469,1288,8370,5332,336,36,1462,0,0
2021-03-03T23:59:59+01:00,92,143,325,460,364,790,322,884,305,558,262,233,738,898,1011,2408,35,59,191,246,223,457,197,543,165,288,140,139,361,472,466,1285,8220,5301,321,31,1365,0,0
2021-03-02T23:59:59+01:00,87,138,317,450,354,775,314,866,298,533,252,229,715,877,965,2347,34,59,191,246,223,449,192,539,163,286,139,139,360,466,466,1277,8034,5261,306,31,1287,0,0
2021-03-01T23:59:59+01:00,85,135,313,438,346,758,306,837,292,504,251,223,696,851,908,2273,34,58,190,245,220,440,191,532,161,282,139,139,359,462,462,1272,7848,5218,292,31,1185,0,0
2021-02-28T23:59:59+01:00,85,133,307,429,343,747,306,813,287,485,247,217,691,847,901,2266,34,58,188,244,220,440,191,532,161,282,138,139,359,459,462,1271,7817,5210,283,31,1111,0,0
2021-02-27T23:59:59+01:00,82,123,303,419,337,746,302,801,283,475,243,215,684,835,891,2251,34,58,188,243,220,439,190,531,160,281,138,139,359,459,462,1271,7766,5209,274,26,1055,0,0
2021-02-26T23:59:59+01:00,80,118,297,397,310,712,283,772,274,456,241,213,666,811,881,2220,34,57,188,242,220,437,189,528,158,279,138,139,359,459,462,1269,7676,5194,272,26,885,0,0
2021-02-25T23:59:59+01:00,73,105,285,380,304,681,275,745,262,436,233,210,655,794,865,2190,34,57,187,240,216,434,185,520,154,278,137,136,351,454,458,1265,7579,5150,261,18,753,0,0
2021-02-24T23:59:59+01:00,67,99,280,370,298,667,272,733,258,427,230,210,639,783,842,2155,33,57,186,238,213,421,184,512,152,273,136,134,347,453,457,1258,7485,5101,254,13,689,0,0
2021-02-23T23:59:59+01:00,59,89,271,361,288,647,266,718,253,419,226,208,628,767,825,2116,32,57,185,235,211,416,182,507,150,269,136,132,344,447,455,1250,7389,5057,245,10,603,0,0
2021-02-22T23:59:59+01:00,55,86,265,347,285,639,264,707,250,417,219,204,614,755,811,2089,32,55,181,232,205,402,176,498,145,265,135,131,338,444,452,1243,7306,4988,234,4,562,0,0
2021-02-21T23:59:59+01:00,51,84,264,341,283,629,259,698,245,414,218,203,610,751,806,2084,32,54,180,230,205,400,175,489,145,263,135,131,334,444,450,1235,7289,4955,229,4,515,0,0
2021-02-20T23:59:59+01:00,50,84,262,340,283,625,258,691,242,409,217,203,600,741,787,2064,32,54,180,230,205,400,175,489,144,262,135,131,333,444,449,1234,7230,4950,223,4,495,0,0
2021-02-19T23:59:59+01:00,49,84,256,335,278,598,251,671,238,398,214,199,588,729,772,2051,32,53,180,230,204,399,175,488,143,262,135,130,328,443,445,1227,7173,4927,217,4,409,0,0
2021-02-18T23:59:59+01:00,47,78,238,318,270,576,242,653,224,372,211,193,581,721,758,2035,32,52,178,224,203,390,171,474,142,255,133,126,315,434,431,1189,7121,4801,200,4,282,0,0
2021-02-17T23:59:59+01:00,47,76,233,313,268,560,237,639,222,354,207,189,566,715,744,2007,30,50,175,218,195,374,166,457,137,246,127,122,309,423,419,1169,7030,4668,195,3,236,0,0
2021-02-16T23:59:59+01:00,44,70,225,302,265,546,232,626,216,349,203,189,555,709,732,1989,28,50,166,209,186,355,162,444,133,234,126,117,289,399,402,1135,6967,4486,193,3,174,0,0
2021-02-15T23:59:59+01:00,43,69,219,299,257,533,230,620,213,340,202,188,545,705,727,1976,27,48,161,204,181,349,158,434,129,229,114,113,274,385,383,1089,6923,4329,187,3,138,0,0
2021-02-14T23:59:59+01:00,41,69,216,296,254,526,228,617,213,336,202,184,539,703,723,1965,26,47,159,202,177,344,158,421,128,227,114,110,267,379,374,1068,6906,4251,166,3,120,0,0
2021-02-13T23:59:59+01:00,40,69,216,296,253,526,228,616,213,336,202,184,538,702,723,1965,26,47,157,201,174,344,157,418,126,225,114,110,265,376,369,1063,6902,4224,166,1,119,0,0
2021-02-12T23:59:59+01:00,39,67,214,292,250,515,224,606,210,331,201,182,533,701,721,1959,26,46,155,199,173,343,154,416,126,223,113,107,264,366,351,1026,6879,4140,166,1,79,0,0
2021-02-11T23:59:59+01:00,38,65,206,274,243,497,214,582,198,316,199,181,527,688,706,1938,25,44,139,181,166,309,144,373,122,204,104,97,238,338,319,936,6816,3787,117,1,17,0,0
2021-02-10T23:59:59+01:00,38,65,201,268,241,489,212,574,195,310,197,181,523,685,701,1930,23,43,127,161,154,270,127,330,112,179,92,91,219,317,287,868,6774,3440,107,1,7,0,0
2021-02-09T23:59:59+01:00,37,63,199,265,240,476,208,569,191,308,195,177,522,678,698,1922,23,41,111,135,139,248,114,285,102,156,78,83,197,270,259,786,6733,3063,89,1,3,0,0
2021-02-08T23:59:59+01:00,37,63,198,261,233,461,205,558,187,303,192,177,516,675,695,1919,21,38,93,116,119,199,98,252,92,143,67,79,173,234,226,704,6680,2686,72,1,3,0,0
2021-02-07T23:59:59+01:00,37,62,195,259,233,459,205,556,187,303,192,177,515,672,695,1918,20,32,89,109,112,186,92,236,89,132,62,76,166,222,219,676,6669,2547,69,1,0,0,0
2021-02-06T23:59:59+01:00,37,62,195,259,233,458,205,555,186,303,192,177,515,672,694,1912,15,25,89,108,111,180,90,232,89,128,61,76,166,218,214,666,6666,2496,62,1,0,0,0
2021-02-05T23:59:59+01:00,37,61,195,259,233,457,204,552,184,302,192,177,515,672,688,1893,12,20,82,102,108,176,88,230,84,117,59,75,161,214,201,653,6650,2408,42,0,0,0,0
2021-02-04T23:59:59+01:00,36,61,195,257,228,453,200,546,182,299,192,174,513,667,685,1886,9,11,57,72,84,134,77,196,63,96,54,68,143,189,174,582,6603,2028,42,0,0,0,0
2021-02-03T23:59:59+01:00,36,58,195,255,227,441,196,540,182,296,192,172,506,666,680,1875,6,6,41,56,68,110,60,150,48,73,40,44,114,134,136,429,6551,1529,37,0,0,0,0
2021-02-02T23:59:59+01:00,35,58,194,252,224,435,194,535,180,293,190,171,500,659,675,1862,4,5,27,37,52,78,47,96,37,56,32,29,82,98,95,278,6489,1064,37,0,0,0,0
2021-02-01T23:59:59+01:00,34,55,192,252,220,430,191,529,176,285,190,168,495,656,672,1854,2,2,21,19,26,41,29,62,21,32,19,20,52,70,53,170,6431,647,37,0,0,0,0
2021-01-31T23:59:59+01:00,34,55,192,250,218,426,189,521,175,283,189,168,490,653,670,1845,2,2,19,14,17,36,21,48,15,27,18,16,42,62,52,149,6390,545,36,0,0,0,0
2021-01-30T23:59:59+01:00,34,55,192,250,218,426,188,520,175,283,189,168,489,653,670,1843,2,2,18,13,15,36,19,44,13,26,18,15,42,60,50,145,6386,522,35,0,0,0,0
2021-01-29T23:59:59+01:00,34,55,192,247,216,425,188,519,174,281,189,168,484,651,664,1839,2,0,16,9,9,30,19,39,10,22,18,15,40,59,50,142,6363,482,31,0,0,0,0
2021-01-28T23:59:59+01:00,34,54,188,245,216,418,187,511,172,278,188,167,472,647,654,1827,2,0,3,3,4,19,11,19,5,11,15,10,26,38,33,104,6302,303,23,0,0,0,0
2021-01-27T23:59:59+01:00,33,52,184,239,210,408,184,498,168,269,181,163,462,634,639,1804,0,0,2,3,4,16,10,18,4,11,14,9,21,32,27,80,6171,251,20,0,0,0,0
2021-01-26T23:59:59+01:00,30,52,180,227,203,394,181,480,165,261,180,159,447,619,621,1772,0,0,1,3,4,16,10,18,4,11,14,8,19,26,27,71,6018,232,16,0,0,0,0
2021-01-25T23:59:59+01:00,30,51,174,225,200,385,178,467,160,253,172,156,431,609,607,1743,0,0,1,3,3,14,9,15,4,10,14,7,15,25,23,66,5898,209,5,0,0,0,0
2021-01-24T23:59:59+01:00,29,50,172,222,198,384,177,465,160,253,172,156,428,606,605,1740,0,0,1,3,3,14,9,15,4,10,14,7,15,25,22,65,5874,207,4,0,0,0,0
2021-01-23T23:59:59+01:00,29,50,172,222,196,384,177,465,160,253,172,156,428,606,600,1735,0,0,1,3,3,13,8,15,4,10,14,7,15,25,22,65,5862,205,4,0,0,0,0
2021-01-22T23:59:59+01:00,29,49,170,218,195,384,177,464,160,253,172,155,427,604,585,1708,0,0,1,3,3,13,8,15,4,10,14,7,15,25,22,65,5807,205,4,0,0,0,0
2021-01-21T23:59:59+01:00,28,48,161,209,189,367,171,444,159,240,164,151,406,582,564,1682,0,0,1,3,1,7,7,11,3,5,13,7,13,19,20,52,5619,162,4,0,0,0,0
2021-01-20T23:59:59+01:00,27,47,146,186,174,323,146,393,146,216,151,139,376,549,518,1549,0,0,1,3,1,7,7,11,3,4,13,6,13,18,16,50,5134,153,3,0,0,0,0
2021-01-19T23:59:59+01:00,25,46,126,156,156,291,136,349,134,195,124,120,326,481,464,1375,0,0,1,3,1,6,5,7,1,3,7,2,6,14,9,34,4546,99,2,0,0,0,0
2021-01-18T23:59:59+01:00,22,41,107,143,132,241,123,304,117,168,99,110,272,403,378,1152,0,0,1,1,0,3,4,5,0,3,0,1,1,4,5,19,3852,47,2,0,0,0,0
2021-01-17T23:59:59+01:00,21,30,103,130,123,225,116,277,111,158,92,99,260,378,346,1092,0,0,0,0,0,1,2,4,0,1,0,1,1,2,1,4,3595,17,2,0,0,0,0
2021-01-16T23:59:59+01:00,17,24,100,128,121,218,113,268,108,151,91,99,258,370,337,1074,0,0,0,0,0,0,0,0,0,0,0,0,0,0,0,1,3512,1,0,0,0,0,0
2021-01-15T23:59:59+01:00,13,22,96,120,119,211,110,262,107,138,87,97,253,360,319,1049,0,0,0,0,0,0,0,0,0,0,0,0,0,0,0,1,3395,1,0,0,0,0,0
2021-01-14T23:59:59+01:00,10,13,70,89,101,172,93,221,90,119,75,84,219,325,278,905,0,0,0,0,0,0,0,0,0,0,0,0,0,0,0,0,2889,0,0,0,0,0,0
2021-01-13T23:59:59+01:00,7,10,59,79,92,145,83,180,79,96,59,61,172,221,236,704,0,0,0,0,0,0,0,0,0,0,0,0,0,0,0,0,2304,0,0,0,0,0,0
2021-01-12T23:59:59+01:00,6,10,50,60,75,112,72,131,64,75,44,42,126,161,170,483,0,0,0,0,0,0,0,0,0,0,0,0,0,0,0,0,1698,0,0,0,0,0,0
2021-01-11T23:59:59+01:00,3,8,44,46,62,82,55,103,48,56,28,26,71,112,93,270,0,0,0,0,0,0,0,0,0,0,0,0,0,0,0,0,1120,0,0,0,0,0,0
2021-01-10T23:59:59+01:00,2,7,38,34,46,66,39,81,38,47,25,21,59,101,90,230,0,0,0,0,0,0,0,0,0,0,0,0,0,0,0,0,934,0,0,0,0,0,0
2021-01-09T23:59:59+01:00,2,6,35,32,40,64,37,72,33,44,25,21,59,100,88,229,0,0,0,0,0,0,0,0,0,0,0,0,0,0,0,0,895,0,0,0,0,0,0
2021-01-08T23:59:59+01:00,2,4,28,26,33,58,30,61,30,38,24,20,56,97,86,223,0,0,0,0,0,0,0,0,0,0,0,0,0,0,0,0,823,0,0,0,0,0,0
2021-01-07T23:59:59+01:00,2,2,9,3,6,21,13,28,11,19,21,13,42,63,57,164,0,0,0,0,0,0,0,0,0,0,0,0,0,0,0,0,474,0,0,0,0,0,0
2021-01-06T23:59:59+01:00,2,0,3,3,4,18,10,19,6,14,18,12,35,50,49,132,0,0,0,0,0,0,0,0,0,0,0,0,0,0,0,0,375,0,0,0,0,0,0
2021-01-05T23:59:59+01:00,1,0,1,3,4,16,10,18,6,13,18,11,34,49,46,125,0,0,0,0,0,0,0,0,0,0,0,0,0,0,0,0,355,0,0,0,0,0,0
2021-01-04T23:59:59+01:00,0,0,1,3,4,15,9,16,6,12,17,9,24,38,35,101,0,0,0,0,0,0,0,0,0,0,0,0,0,0,0,0,290,0,0,0,0,0,0
2021-01-03T23:59:59+01:00,0,0,1,3,4,15,9,16,6,12,17,9,24,38,35,100,0,0,0,0,0,0,0,0,0,0,0,0,0,0,0,0,289,0,0,0,0,0,0
2021-01-02T23:59:59+01:00,0,0,1,3,4,15,8,16,6,12,17,9,24,38,35,100,0,0,0,0,0,0,0,0,0,0,0,0,0,0,0,0,288,0,0,0,0,0,0
2021-01-01T23:59:59+01:00,0,0,1,3,4,15,8,16,6,12,17,9,24,38,35,100,0,0,0,0,0,0,0,0,0,0,0,0,0,0,0,0,288,0,0,0,0,0,0
2020-12-31T23:59:59+01:00,0,0,1,3,4,14,8,16,6,12,17,9,24,38,35,100,0,0,0,0,0,0,0,0,0,0,0,0,0,0,0,0,287,0,0,0,0,0,0
2020-12-30T23:59:59+01:00,0,0,1,3,4,14,8,16,6,12,17,9,24,38,35,100,0,0,0,0,0,0,0,0,0,0,0,0,0,0,0,0,287,0,0,0,0,0,0
2020-12-29T23:59:59+01:00,0,0,1,3,3,10,6,11,4,10,11,5,18,32,25,80,0,0,0,0,0,0,0,0,0,0,0,0,0,0,0,0,219,0,0,0,0,0,0
2020-12-28T23:59:59+01:00,0,0,1,1,1,2,4,6,3,5,7,2,4,12,14,40,0,0,0,0,0,0,0,0,0,0,0,0,0,0,0,0,102,0,0,0,0,0,0
2020-12-27T23:59:59+01:00,0,0,0,0,0,1,2,6,0,2,0,1,3,4,2,13,0,0,0,0,0,0,0,0,0,0,0,0,0,0,0,0,34,0,0,0,0,0,0
