Datum,<15_1_m,<15_1_w,15-24_1_m,15-24_1_w,25-34_1_m,25-34_1_w,35-44_1_m,35-44_1_w,45-54_1_m,45-54_1_w,55-64_1_m,55-64_1_w,65-74_1_m,65-74_1_w,75-84_1_m,75-84_1_w,>84_1_m,>84_1_w,<15_2_m,<15_2_w,15-24_2_m,15-24_2_w,25-34_2_m,25-34_2_w,35-44_2_m,35-44_2_w,45-54_2_m,45-54_2_w,55-64_2_m,55-64_2_w,65-74_2_m,65-74_2_w,75-84_2_m,75-84_2_w,>84_2_m,>84_2_w,bp_1,bp_2,mo_1,mo_2,az_1,az_2,ja,unb_1,unb_2
2021-12-02T23:59:59+01:00,362,369,5397,4299,13005,8525,12228,7855,10305,10270,6352,6941,2081,2571,1260,1698,335,940,216,193,4372,3576,10861,7389,10390,6801,8883,8914,5647,6154,1917,2350,1181,1605,297,866,64390,52803,8470,7635,9592,8288,14519,82,87
2021-12-01T23:59:59+01:00,355,362,5387,4293,12992,8520,12210,7843,10291,10253,6341,6925,2079,2567,1259,1695,335,940,214,193,4351,3568,10801,7358,10329,6775,8832,8891,5632,6138,1913,2344,1180,1604,297,866,64256,52491,8460,7624,9592,8287,14517,82,87
2021-11-30T23:59:59+01:00,346,353,5376,4284,12969,8511,12190,7832,10275,10242,6332,6915,2075,2564,1258,1694,335,940,213,191,4320,3553,10759,7341,10278,6758,8799,8869,5615,6125,1912,2341,1179,1603,297,864,64113,52237,8453,7615,9592,8287,14511,82,87
2021-11-29T23:59:59+01:00,332,344,5358,4278,12947,8502,12167,7819,10266,10224,6325,6905,2075,2555,1258,1693,334,940,213,191,4302,3543,10709,7325,10225,6736,8761,8833,5596,6105,1909,2337,1178,1599,297,862,63954,51957,8448,7604,9592,8287,14506,82,87
2021-11-28T23:59:59+01:00,326,339,5344,4270,12924,8491,12154,7805,10252,10206,6320,6892,2072,2552,1258,1692,334,939,211,190,4286,3535,10683,7306,10185,6725,8735,8817,5588,6091,1905,2336,1178,1599,297,862,63816,51777,8440,7597,9592,8287,14500,82,87
2021-11-27T23:59:59+01:00,320,328,5342,4266,12917,8483,12142,7797,10245,10194,6319,6889,2072,2551,1258,1692,334,939,211,189,4279,3530,10673,7300,10157,6717,8724,8809,5585,6089,1905,2336,1178,1599,297,862,63742,51697,8434,7588,9591,8287,14499,82,87
2021-11-26T23:59:59+01:00,309,318,5330,4252,12889,8469,12121,7783,10222,10175,6310,6876,2071,2548,1258,1691,334,937,210,188,4255,3518,10629,7283,10127,6698,8692,8791,5577,6078,1904,2332,1178,1599,297,861,63565,51493,8426,7579,9591,8287,14489,82,87
2021-11-25T23:59:59+01:00,298,313,5307,4235,12847,8448,12086,7756,10192,10148,6298,6856,2063,2542,1255,1687,334,937,208,183,4213,3495,10567,7256,10058,6658,8628,8762,5559,6066,1900,2327,1178,1598,297,861,63290,51115,8419,7561,9591,8287,14479,82,87
2021-11-24T23:59:59+01:00,294,308,5282,4230,12811,8434,12064,7736,10164,10128,6279,6838,2062,2532,1253,1684,334,937,207,181,4195,3487,10509,7229,10005,6640,8591,8739,5544,6051,1898,2326,1178,1598,297,861,63069,50847,8411,7556,9591,8287,14474,82,87
2021-11-23T23:59:59+01:00,287,299,5259,4219,12769,8415,12019,7708,10126,10092,6265,6820,2056,2527,1251,1683,334,936,207,181,4176,3479,10457,7210,9966,6617,8550,8716,5530,6033,1892,2323,1178,1597,297,860,62797,50598,8389,7548,9591,8287,14462,82,87
2021-11-22T23:59:59+01:00,279,288,5240,4207,12715,8393,11976,7689,10093,10062,6252,6799,2053,2516,1250,1682,334,936,206,181,4156,3469,10418,7196,9919,6600,8512,8683,5521,6020,1889,2320,1177,1596,297,860,62511,50361,8379,7542,9591,8285,14456,82,87
2021-11-21T23:59:59+01:00,277,279,5221,4201,12671,8377,11932,7666,10069,10035,6239,6787,2050,2512,1247,1682,334,936,202,181,4144,3460,10395,7187,9887,6581,8485,8668,5511,6011,1888,2317,1177,1595,297,859,62285,50203,8369,7537,9591,8285,14443,82,87
2021-11-20T23:59:59+01:00,274,277,5178,4192,12638,8364,11911,7660,10045,10014,6222,6776,2047,2511,1246,1681,334,936,201,181,4138,3454,10377,7178,9870,6578,8475,8656,5500,6005,1884,2314,1177,1595,297,859,62100,50111,8356,7533,9591,8285,14432,82,87
2021-11-19T23:59:59+01:00,265,268,5136,4156,12581,8346,11865,7637,10005,9978,6212,6762,2043,2501,1246,1681,334,936,200,181,4111,3442,10317,7162,9831,6563,8453,8635,5486,5999,1884,2310,1177,1595,297,859,61765,49891,8346,7525,9591,8285,14423,82,87
2021-11-18T23:59:59+01:00,263,260,5094,4131,12497,8310,11798,7601,9953,9930,6189,6733,2039,2494,1243,1678,334,934,196,180,4085,3429,10263,7145,9768,6547,8415,8611,5468,5987,1881,2306,1175,1594,297,859,61324,49617,8329,7516,9591,8285,14410,82,87
2021-11-17T23:59:59+01:00,262,259,5058,4104,12421,8269,11727,7567,9896,9878,6163,6707,2034,2488,1241,1676,334,932,196,180,4057,3421,10226,7123,9715,6518,8380,8575,5447,5973,1880,2304,1173,1591,297,859,60883,49349,8321,7508,9591,8285,14394,82,87
2021-11-16T23:59:59+01:00,261,255,5028,4084,12329,8229,11645,7526,9843,9828,6133,6687,2029,2475,1241,1673,333,932,195,180,4044,3417,10200,7108,9685,6508,8353,8548,5437,5961,1879,2303,1173,1590,297,858,60437,49194,8302,7503,9591,8285,14374,82,87
2021-11-15T23:59:59+01:00,259,254,4995,4063,12243,8192,11563,7488,9778,9770,6103,6655,2022,2467,1241,1671,333,931,193,180,4023,3405,10184,7098,9650,6494,8341,8531,5429,5945,1876,2301,1172,1590,297,856,59962,49049,8293,7498,9591,8285,14352,82,87
2021-11-14T23:59:59+01:00,258,249,4953,4040,12179,8160,11495,7461,9717,9734,6081,6633,2018,2465,1239,1670,333,931,192,179,4011,3394,10146,7082,9635,6485,8330,8515,5423,5938,1876,2301,1170,1589,297,856,59584,48929,8283,7493,9591,8285,14328,82,87
2021-11-13T23:59:59+01:00,256,248,4934,4026,12126,8135,11448,7442,9678,9708,6068,6621,2016,2464,1239,1669,333,931,190,179,4005,3389,10134,7074,9629,6482,8323,8512,5420,5936,1875,2300,1170,1589,297,856,59346,48893,8265,7489,9591,8285,14309,82,87
2021-11-12T23:59:59+01:00,252,243,4893,4008,12053,8095,11382,7410,9621,9669,6048,6596,2014,2457,1238,1669,333,931,188,179,3987,3378,10109,7061,9611,6469,8304,8501,5410,5931,1875,2297,1170,1589,297,856,58948,48770,8255,7486,9591,8285,14286,82,87
2021-11-11T23:59:59+01:00,250,241,4840,3990,11947,8044,11262,7368,9548,9605,6008,6556,2008,2449,1238,1668,333,930,187,178,3964,3367,10075,7044,9582,6442,8274,8480,5406,5919,1875,2296,1168,1588,297,856,58376,48598,8232,7477,9591,8285,14252,82,87
2021-11-10T23:59:59+01:00,244,239,4788,3972,11814,7985,11161,7320,9470,9552,5976,6529,2003,2443,1237,1665,333,928,185,177,3951,3355,10050,7033,9556,6428,8246,8466,5395,5914,1873,2293,1167,1585,297,856,57805,48470,8212,7472,9590,8285,14213,82,87
2021-11-09T23:59:59+01:00,244,237,4741,3946,11713,7951,11084,7283,9414,9524,5948,6500,2002,2441,1237,1665,333,928,184,174,3936,3349,10018,7025,9532,6417,8228,8443,5385,5900,1873,2290,1165,1584,297,856,57391,48348,8197,7465,9590,8284,14170,82,87
2021-11-08T23:59:59+01:00,242,233,4688,3922,11595,7921,10975,7244,9339,9466,5917,6470,1998,2438,1236,1661,333,927,183,172,3915,3342,9986,7009,9503,6401,8211,8431,5379,5892,1871,2285,1164,1583,297,856,56871,48237,8183,7453,9589,8284,14116,82,87
2021-11-07T23:59:59+01:00,241,232,4661,3908,11533,7890,10910,7227,9294,9442,5900,6454,1996,2434,1235,1660,332,927,182,171,3904,3331,9968,7001,9485,6393,8202,8421,5374,5888,1870,2284,1163,1582,297,856,56585,48171,8170,7443,9589,8284,14084,82,87
2021-11-06T23:59:59+01:00,241,231,4651,3901,11501,7878,10868,7210,9270,9427,5888,6443,1993,2432,1235,1660,332,927,182,171,3903,3327,9963,6998,9481,6389,8197,8415,5370,5886,1868,2284,1163,1582,297,856,56403,48138,8167,7443,9589,8284,14077,82,87
2021-11-05T23:59:59+01:00,240,230,4618,3881,11440,7851,10796,7177,9203,9385,5873,6426,1992,2428,1234,1659,332,927,181,171,3888,3321,9949,6985,9465,6383,8177,8403,5366,5880,1867,2283,1163,1582,297,856,56044,48058,8163,7441,9589,8284,14043,82,87
2021-11-04T23:59:59+01:00,238,228,4562,3855,11332,7793,10683,7127,9103,9335,5844,6402,1988,2422,1233,1658,332,926,180,169,3867,3310,9918,6960,9424,6359,8152,8373,5350,5865,1867,2278,1162,1582,297,856,55534,47926,8147,7438,9589,8284,13929,82,87
2021-11-03T23:59:59+01:00,237,224,4538,3833,11236,7751,10590,7096,9032,9290,5820,6380,1985,2421,1233,1657,332,925,179,166,3850,3306,9887,6942,9391,6353,8131,8357,5344,5861,1864,2271,1162,1582,297,855,55114,47817,8139,7431,9589,8284,13874,82,87
2021-11-02T23:59:59+01:00,237,223,4506,3820,11162,7721,10510,7064,8963,9258,5793,6362,1982,2418,1233,1656,332,925,178,166,3842,3294,9862,6922,9364,6342,8113,8330,5335,5851,1861,2269,1162,1580,297,853,54772,47717,8130,7424,9589,8282,13804,82,87
2021-11-01T23:59:59+01:00,236,223,4472,3804,11093,7693,10415,7034,8899,9231,5768,6340,1979,2411,1233,1654,332,924,178,166,3823,3284,9830,6900,9329,6323,8091,8317,5323,5840,1860,2269,1162,1580,297,853,54439,47612,8123,7417,9589,8282,13719,82,87
2021-10-31T23:59:59+01:00,234,223,4462,3802,11077,7686,10405,7030,8892,9224,5767,6337,1979,2411,1233,1654,332,924,177,166,3817,3284,9823,6898,9324,6321,8089,8314,5321,5837,1859,2269,1162,1580,297,853,54399,47603,8118,7416,9589,8282,13695,82,87
2021-10-30T23:59:59+02:00,233,223,4457,3800,11060,7682,10390,7027,8883,9216,5758,6333,1978,2410,1233,1654,332,924,177,166,3815,3284,9816,6895,9319,6321,8085,8313,5316,5834,1859,2269,1162,1580,297,853,54339,47594,8118,7415,9589,8282,13674,82,87
2021-10-29T23:59:59+02:00,232,223,4410,3787,10980,7657,10313,6997,8836,9176,5739,6320,1978,2406,1233,1654,331,923,176,166,3794,3278,9782,6889,9292,6314,8067,8301,5309,5827,1857,2269,1162,1580,297,852,54034,47532,8109,7412,9589,8282,13588,82,87
2021-10-28T23:59:59+02:00,231,221,4370,3771,10878,7628,10207,6961,8775,9122,5714,6294,1976,2399,1231,1654,331,923,176,165,3775,3267,9735,6864,9240,6287,8036,8274,5295,5817,1856,2265,1162,1580,296,852,53676,47414,8093,7399,9589,8282,13443,82,87
2021-10-27T23:59:59+02:00,231,220,4347,3763,10820,7606,10156,6924,8720,9089,5695,6275,1973,2396,1231,1653,331,923,175,165,3758,3257,9703,6843,9217,6273,8018,8257,5286,5805,1853,2264,1161,1577,296,851,53416,47301,8081,7389,9589,8281,13380,82,87
2021-10-26T23:59:59+02:00,230,219,4312,3746,10776,7576,10106,6895,8678,9042,5674,6260,1971,2393,1230,1652,331,922,173,165,3743,3249,9666,6822,9187,6258,7997,8235,5275,5798,1851,2264,1159,1573,296,850,53156,47175,8072,7388,9589,8281,13304,82,87
2021-10-25T23:59:59+02:00,229,219,4307,3741,10760,7570,10084,6880,8663,9022,5671,6253,1969,2392,1230,1652,331,922,173,165,3741,3248,9656,6812,9169,6248,7986,8220,5271,5795,1850,2264,1158,1573,296,850,53085,47137,8071,7386,9589,8281,13257,82,87
2021-10-24T23:59:59+02:00,226,218,4297,3729,10719,7553,10054,6860,8644,8999,5665,6244,1967,2392,1229,1652,331,922,172,165,3733,3243,9634,6805,9151,6236,7976,8206,5266,5791,1850,2263,1158,1572,296,850,52942,47081,8065,7382,9588,8279,13210,82,87
2021-10-23T23:59:59+02:00,223,218,4292,3725,10698,7551,10043,6852,8639,8989,5663,6239,1967,2392,1229,1652,331,922,172,165,3731,3241,9626,6804,9145,6232,7970,8203,5264,5790,1850,2263,1158,1572,296,850,52883,47064,8064,7380,9588,8279,13194,82,87
2021-10-22T23:59:59+02:00,222,217,4273,3713,10663,7535,10015,6837,8614,8955,5652,6218,1967,2391,1229,1652,331,922,171,164,3723,3239,9605,6792,9124,6221,7959,8190,5256,5780,1849,2259,1158,1571,296,850,52715,46991,8060,7376,9588,8279,13144,82,87
2021-10-21T23:59:59+02:00,216,215,4253,3700,10600,7514,9970,6800,8583,8909,5643,6192,1966,2389,1228,1651,331,922,170,164,3693,3225,9557,6777,9096,6202,7933,8165,5241,5765,1847,2256,1157,1570,296,850,52476,46831,8048,7367,9588,8279,13069,82,87
2021-10-20T23:59:59+02:00,216,215,4244,3690,10581,7501,9940,6784,8556,8889,5634,6179,1963,2386,1228,1651,331,922,169,163,3682,3210,9529,6763,9071,6188,7917,8152,5233,5755,1844,2255,1157,1568,296,848,52337,46706,8045,7360,9588,8278,13038,81,87
2021-10-19T23:59:59+02:00,213,214,4232,3684,10563,7494,9913,6772,8541,8876,5626,6173,1962,2385,1228,1651,331,921,163,161,3671,3194,9509,6747,9056,6173,7905,8139,5220,5745,1844,2250,1156,1567,296,848,52237,46574,8036,7355,9588,8278,13015,81,87
2021-10-18T23:59:59+02:00,213,211,4216,3677,10549,7486,9895,6764,8530,8865,5621,6160,1961,2382,1226,1650,331,921,163,161,3659,3180,9490,6732,9040,6167,7896,8131,5219,5733,1840,2246,1156,1567,296,846,52140,46481,8032,7345,9588,8277,12993,81,87
2021-10-17T23:59:59+02:00,213,209,4205,3673,10539,7479,9882,6760,8522,8862,5620,6156,1960,2382,1226,1650,331,920,163,158,3647,3172,9479,6727,9032,6161,7885,8122,5217,5728,1839,2242,1154,1567,296,846,52090,46412,8027,7341,9588,8276,12978,81,87
2021-10-16T23:59:59+02:00,213,209,4203,3671,10533,7476,9880,6759,8519,8857,5618,6154,1959,2381,1225,1649,331,920,163,157,3646,3171,9475,6725,9032,6161,7882,8121,5216,5728,1839,2242,1154,1567,296,846,52067,46405,8024,7341,9588,8275,12972,81,87
2021-10-15T23:59:59+02:00,211,209,4191,3664,10518,7468,9867,6753,8510,8842,5610,6147,1958,2381,1225,1649,331,920,163,155,3635,3167,9464,6714,9020,6153,7875,8115,5209,5724,1839,2242,1154,1566,296,846,51979,46338,8020,7338,9588,8275,12956,81,87
2021-10-14T23:59:59+02:00,210,209,4178,3657,10490,7451,9839,6735,8488,8822,5601,6137,1957,2377,1225,1648,331,920,162,152,3609,3158,9433,6688,8988,6129,7851,8102,5198,5713,1838,2237,1151,1566,296,846,51856,46179,8011,7324,9588,8273,12909,81,87
2021-10-13T23:59:59+02:00,208,209,4164,3650,10472,7437,9821,6726,8473,8806,5593,6130,1956,2376,1225,1646,331,920,159,152,3594,3149,9404,6675,8972,6117,7834,8091,5189,5706,1838,2237,1150,1564,296,846,51762,46076,8007,7317,9588,8273,12875,81,87
2021-10-12T23:59:59+02:00,206,208,4158,3645,10454,7430,9802,6716,8460,8788,5579,6120,1955,2374,1224,1645,331,920,158,150,3587,3137,9381,6657,8947,6102,7817,8079,5174,5696,1833,2232,1150,1563,296,846,51660,45936,8002,7313,9588,8272,12852,81,87
2021-10-11T23:59:59+02:00,206,206,4145,3638,10428,7421,9778,6700,8451,8769,5573,6109,1954,2372,1224,1645,331,920,156,150,3575,3126,9341,6643,8916,6083,7799,8059,5166,5686,1832,2231,1150,1563,296,846,51565,45799,7992,7302,9588,8271,12811,81,87
2021-10-10T23:59:59+02:00,205,204,4134,3635,10420,7408,9771,6689,8442,8758,5570,6100,1953,2372,1222,1645,331,920,155,150,3564,3123,9323,6635,8905,6076,7787,8053,5160,5679,1830,2230,1150,1562,296,846,51502,45725,7982,7300,9588,8270,12793,81,87
2021-10-09T23:59:59+02:00,205,204,4133,3634,10417,7407,9758,6684,8439,8756,5568,6100,1953,2371,1222,1645,331,920,155,148,3561,3120,9321,6633,8896,6070,7783,8052,5155,5678,1830,2230,1150,1562,296,846,51486,45707,7982,7297,9588,8268,12777,81,87
2021-10-08T23:59:59+02:00,203,203,4124,3625,10396,7398,9745,6672,8425,8739,5561,6093,1952,2370,1222,1645,331,920,155,148,3553,3112,9301,6626,8879,6061,7777,8036,5145,5675,1827,2227,1149,1561,296,846,51396,45628,7978,7294,9588,8268,12746,81,87
2021-10-07T23:59:59+02:00,202,202,4107,3613,10371,7382,9705,6661,8405,8718,5556,6087,1951,2365,1222,1645,331,920,155,147,3528,3089,9258,6609,8853,6050,7754,8006,5127,5664,1824,2221,1149,1560,296,846,51261,45445,7971,7277,9588,8268,12705,81,87
2021-10-06T23:59:59+02:00,200,201,4098,3604,10343,7365,9689,6654,8395,8710,5549,6079,1949,2361,1222,1643,331,919,154,147,3512,3077,9233,6598,8834,6039,7745,7993,5125,5654,1822,2218,1149,1559,296,845,51162,45341,7967,7272,9588,8267,12676,81,87
2021-10-05T23:59:59+02:00,199,200,4081,3595,10327,7349,9669,6642,8375,8686,5541,6072,1948,2359,1222,1642,331,919,153,147,3495,3066,9212,6585,8810,6025,7722,7968,5114,5645,1820,2214,1148,1557,296,844,51051,45207,7963,7265,9588,8267,12635,81,87
2021-10-04T23:59:59+02:00,199,199,4056,3586,10301,7334,9634,6625,8357,8672,5533,6063,1946,2359,1221,1637,331,917,152,147,3480,3057,9185,6566,8775,6008,7700,7939,5104,5630,1819,2212,1147,1555,295,844,50933,45066,7954,7261,9588,8267,12572,81,87
2021-10-03T23:59:59+02:00,199,198,4042,3581,10276,7319,9622,6614,8343,8659,5531,6056,1944,2356,1220,1636,330,917,152,147,3466,3051,9157,6555,8762,5999,7691,7926,5099,5625,1818,2208,1147,1554,294,844,50856,45001,7953,7258,9588,8263,12523,81,87
2021-10-02T23:59:59+02:00,199,198,4040,3580,10275,7317,9618,6613,8341,8658,5529,6054,1943,2355,1220,1636,330,917,152,147,3463,3050,9153,6554,8760,5999,7687,7925,5098,5621,1817,2207,1147,1554,294,844,50847,44990,7951,7257,9588,8261,12514,81,87
2021-10-01T23:59:59+02:00,197,197,4030,3576,10256,7309,9602,6602,8331,8644,5525,6045,1939,2351,1220,1636,330,916,150,146,3445,3042,9134,6542,8743,5987,7678,7914,5092,5614,1815,2207,1147,1554,294,844,50776,44916,7948,7253,9588,8257,12471,81,87
2021-09-30T23:59:59+02:00,197,196,3997,3560,10208,7286,9562,6573,8303,8616,5508,6031,1936,2348,1219,1636,330,915,148,145,3421,3020,9086,6513,8706,5965,7662,7880,5076,5600,1813,2201,1147,1554,294,843,50602,44773,7940,7227,9588,8254,12364,81,87
2021-09-29T23:59:59+02:00,197,194,3978,3547,10163,7270,9544,6552,8289,8587,5499,6025,1934,2345,1218,1634,330,914,148,144,3401,3010,9051,6504,8689,5944,7649,7860,5064,5587,1813,2199,1147,1553,294,843,50473,44675,7931,7220,9588,8250,12294,81,87
2021-09-28T23:59:59+02:00,195,194,3966,3538,10120,7250,9513,6538,8261,8551,5490,6008,1934,2338,1218,1633,330,912,145,143,3384,2996,9022,6484,8667,5928,7621,7833,5056,5574,1813,2193,1147,1552,294,842,50338,44565,7923,7214,9588,8248,12203,81,87
2021-09-27T23:59:59+02:00,193,194,3945,3521,10084,7219,9489,6513,8240,8521,5476,5996,1931,2326,1217,1633,329,911,145,141,3364,2982,8977,6456,8636,5900,7596,7803,5044,5566,1810,2184,1146,1551,294,841,50209,44427,7914,7211,9588,8244,12088,81,87
2021-09-26T23:59:59+02:00,191,194,3937,3512,10063,7209,9478,6504,8227,8509,5471,5990,1926,2325,1215,1632,329,911,144,140,3355,2976,8956,6451,8627,5889,7584,7796,5037,5556,1807,2183,1146,1550,294,840,50136,44368,7913,7207,9587,8240,12047,81,87
2021-09-25T23:59:59+02:00,191,193,3931,3511,10054,7205,9474,6501,8221,8508,5467,5990,1926,2324,1215,1631,329,911,144,139,3348,2973,8949,6447,8623,5887,7580,7791,5035,5555,1807,2182,1145,1547,294,840,50117,44348,7911,7205,9587,8237,12027,81,87
2021-09-24T23:59:59+02:00,190,191,3918,3504,10020,7192,9458,6490,8197,8489,5459,5978,1924,2322,1215,1630,329,911,143,139,3335,2962,8921,6433,8609,5876,7557,7776,5028,5546,1806,2178,1145,1547,294,840,50032,44282,7909,7200,9587,8237,11946,81,87
2021-09-23T23:59:59+02:00,188,188,3880,3484,9951,7160,9402,6446,8158,8439,5441,5958,1918,2315,1213,1627,329,911,143,138,3306,2945,8861,6401,8555,5840,7518,7729,5010,5529,1799,2174,1144,1545,294,840,49871,44174,7900,7191,9587,8233,11698,81,87
2021-09-22T23:59:59+02:00,185,188,3856,3468,9918,7142,9375,6423,8123,8423,5422,5948,1916,2311,1212,1627,329,911,141,135,3284,2938,8829,6381,8529,5825,7487,7708,4993,5523,1794,2167,1142,1545,294,839,49736,44052,7895,7188,9585,8227,11606,81,87
2021-09-21T23:59:59+02:00,184,187,3837,3455,9891,7120,9327,6401,8089,8395,5407,5937,1915,2311,1212,1627,329,911,140,135,3260,2924,8791,6354,8482,5809,7451,7674,4977,5503,1793,2166,1141,1544,294,839,49612,43893,7886,7180,9585,8227,11493,81,87
2021-09-20T23:59:59+02:00,182,187,3810,3441,9852,7102,9287,6379,8055,8363,5399,5921,1911,2308,1212,1627,329,909,140,134,3239,2900,8749,6334,8440,5785,7416,7641,4969,5483,1790,2164,1140,1543,293,839,49474,43749,7883,7175,9585,8221,11366,81,87
2021-09-19T23:59:59+02:00,182,187,3794,3432,9819,7095,9270,6372,8049,8353,5392,5914,1909,2305,1210,1625,329,908,138,134,3230,2891,8720,6323,8417,5777,7401,7626,4962,5475,1789,2160,1139,1542,293,838,49410,43678,7877,7169,9585,8216,11302,81,87
2021-09-18T23:59:59+02:00,182,186,3791,3432,9814,7093,9263,6369,8043,8351,5390,5913,1909,2305,1210,1625,329,908,138,134,3223,2887,8711,6321,8404,5774,7394,7624,4958,5470,1789,2160,1139,1541,293,838,49398,43636,7876,7168,9584,8216,11283,81,87
2021-09-17T23:59:59+02:00,182,185,3774,3423,9774,7081,9235,6356,8021,8338,5379,5904,1908,2300,1208,1625,329,908,138,134,3209,2878,8669,6309,8376,5763,7371,7614,4949,5461,1789,2159,1138,1541,293,838,49305,43564,7869,7156,9582,8213,11198,81,87
2021-09-16T23:59:59+02:00,182,185,3749,3399,9716,7054,9189,6330,7984,8300,5359,5890,1906,2295,1207,1625,329,907,138,133,3194,2867,8627,6288,8343,5740,7349,7588,4934,5452,1787,2158,1138,1541,292,836,49092,43443,7844,7146,9580,8205,11111,81,87
2021-09-15T23:59:59+02:00,180,184,3728,3388,9677,7035,9155,6305,7954,8282,5352,5870,1903,2291,1204,1624,328,905,136,133,3178,2862,8593,6267,8310,5712,7313,7568,4916,5435,1784,2154,1138,1538,290,833,48939,43295,7837,7138,9580,8201,11023,81,87
2021-09-14T23:59:59+02:00,179,183,3702,3369,9634,7009,9110,6275,7924,8250,5340,5852,1900,2288,1204,1622,327,905,136,132,3156,2847,8553,6239,8271,5694,7287,7544,4902,5418,1783,2154,1137,1535,290,832,48766,43162,7825,7129,9580,8198,10914,81,87
2021-09-13T23:59:59+02:00,176,183,3684,3355,9595,6990,9079,6251,7906,8214,5324,5836,1898,2284,1204,1622,327,904,134,130,3137,2838,8523,6221,8254,5681,7277,7522,4894,5412,1782,2150,1137,1533,290,832,48597,43055,7805,7123,9580,8197,10860,81,87
2021-09-12T23:59:59+02:00,176,182,3668,3354,9572,6977,9069,6241,7897,8199,5317,5829,1897,2282,1203,1619,327,903,133,129,3122,2829,8499,6208,8245,5670,7261,7506,4890,5404,1778,2149,1137,1533,290,831,48516,42973,7804,7118,9580,8189,10821,81,87
2021-09-11T23:59:59+02:00,176,182,3665,3351,9565,6973,9066,6237,7896,8197,5314,5827,1896,2281,1202,1619,327,903,132,129,3120,2828,8492,6205,8243,5666,7260,7502,4889,5402,1778,2149,1137,1533,290,831,48497,42959,7803,7118,9579,8189,10805,81,87
2021-09-10T23:59:59+02:00,175,179,3636,3344,9537,6951,9040,6224,7872,8175,5302,5806,1892,2278,1202,1619,327,903,131,126,3103,2822,8464,6179,8217,5651,7238,7482,4875,5383,1777,2148,1137,1531,290,831,48402,42885,7799,7112,9579,8188,10683,81,87
2021-09-09T23:59:59+02:00,173,178,3618,3329,9484,6924,9001,6200,7849,8136,5285,5795,1890,2275,1202,1619,327,903,129,125,3092,2813,8427,6153,8190,5630,7212,7450,4861,5368,1776,2144,1137,1531,290,831,48231,42773,7791,7100,9578,8179,10586,81,86
2021-09-08T23:59:59+02:00,172,176,3598,3320,9450,6914,8977,6171,7831,8105,5270,5778,1886,2273,1201,1617,327,902,127,123,3074,2801,8383,6135,8156,5606,7184,7411,4851,5344,1775,2142,1136,1531,290,831,48126,42636,7784,7091,9577,8175,10475,81,86
2021-09-07T23:59:59+02:00,171,174,3573,3311,9423,6891,8949,6151,7809,8086,5254,5766,1886,2271,1200,1616,327,898,125,122,3055,2793,8356,6111,8132,5582,7166,7387,4836,5331,1772,2138,1135,1530,290,831,47979,42507,7782,7081,9577,8169,10409,81,86
2021-09-06T23:59:59+02:00,171,174,3556,3301,9392,6873,8920,6136,7790,8058,5247,5754,1883,2262,1197,1616,326,898,125,122,3037,2780,8329,6097,8106,5570,7148,7359,4829,5316,1768,2136,1135,1530,290,831,47844,42397,7780,7076,9576,8168,10340,81,86
2021-09-05T23:59:59+02:00,171,173,3545,3296,9381,6865,8906,6126,7788,8048,5240,5744,1882,2260,1197,1616,326,897,125,121,3027,2778,8313,6082,8096,5558,7141,7351,4819,5309,1766,2135,1135,1529,290,831,47789,42338,7776,7069,9574,8167,10305,81,86
2021-09-04T23:59:59+02:00,171,172,3539,3293,9377,6860,8899,6125,7784,8047,5240,5743,1882,2260,1197,1616,326,897,124,121,3023,2774,8308,6076,8090,5558,7134,7349,4818,5308,1764,2134,1134,1529,290,831,47773,42317,7776,7066,9574,8166,10288,81,86
2021-09-03T23:59:59+02:00,169,171,3523,3276,9346,6851,8878,6108,7765,8031,5227,5728,1878,2257,1197,1615,326,895,123,118,3008,2758,8281,6062,8065,5538,7113,7326,4805,5288,1759,2132,1134,1527,290,829,47690,42225,7765,7044,9574,8165,10192,81,86
2021-09-02T23:59:59+02:00,169,169,3496,3258,9298,6827,8838,6089,7743,8006,5214,5710,1873,2251,1195,1614,326,894,122,116,2989,2745,8235,6043,8027,5518,7088,7297,4796,5267,1754,2127,1132,1526,290,826,47556,42112,7756,7032,9572,8161,10063,81,85
2021-09-01T23:59:59+02:00,167,169,3478,3247,9260,6813,8808,6076,7722,7989,5205,5702,1871,2249,1194,1611,326,894,119,114,2970,2737,8188,6021,7990,5498,7057,7277,4785,5253,1750,2125,1131,1523,290,826,47444,41959,7743,7010,9572,8158,9994,81,85
2021-08-31T23:59:59+02:00,165,168,3465,3237,9222,6790,8789,6066,7702,7968,5197,5692,1867,2247,1193,1610,326,893,118,112,2952,2725,8143,5999,7970,5479,7030,7249,4773,5234,1746,2123,1130,1523,290,826,47343,41832,7737,7000,9572,8142,9910,81,85
2021-08-30T23:59:59+02:00,164,168,3436,3217,9184,6762,8746,6044,7663,7933,5183,5675,1862,2245,1192,1610,326,893,118,111,2921,2712,8097,5975,7932,5460,6994,7226,4761,5215,1742,2119,1129,1523,289,825,47178,41697,7736,6990,9570,8140,9779,81,85
2021-08-29T23:59:59+02:00,163,168,3422,3202,9155,6753,8725,6035,7653,7923,5175,5665,1860,2242,1192,1610,325,893,118,108,2901,2689,8058,5966,7911,5441,6980,7212,4751,5210,1740,2118,1127,1522,288,825,47106,41592,7730,6979,9569,8135,9712,81,85
2021-08-28T23:59:59+02:00,162,168,3416,3201,9152,6751,8717,6034,7646,7921,5175,5663,1860,2241,1192,1609,325,893,118,107,2896,2684,8053,5962,7904,5437,6974,7208,4748,5209,1740,2118,1127,1521,288,825,47090,41566,7729,6978,9569,8135,9692,81,85
2021-08-27T23:59:59+02:00,161,168,3403,3197,9131,6741,8691,6025,7628,7912,5163,5655,1860,2241,1192,1608,325,893,118,106,2877,2678,8032,5954,7881,5422,6961,7201,4739,5202,1740,2118,1126,1519,288,825,47027,41502,7728,6976,9568,8134,9622,81,85
2021-08-26T23:59:59+02:00,161,166,3373,3185,9087,6718,8655,6011,7603,7890,5148,5642,1857,2238,1192,1607,325,892,115,103,2851,2657,7986,5923,7827,5392,6921,7172,4713,5187,1735,2112,1126,1518,288,825,46882,41297,7721,6958,9567,8112,9520,81,85
2021-08-25T23:59:59+02:00,157,164,3356,3175,9049,6699,8619,5993,7579,7867,5134,5620,1855,2234,1192,1605,325,892,112,100,2814,2635,7935,5886,7778,5353,6884,7133,4697,5158,1734,2106,1125,1517,288,825,46765,41049,7714,6950,9566,8104,9406,81,85
2021-08-24T23:59:59+02:00,157,163,3350,3166,9031,6682,8600,5975,7564,7844,5124,5609,1852,2233,1191,1602,325,890,111,100,2793,2613,7903,5851,7744,5330,6857,7105,4680,5141,1733,2104,1125,1516,288,824,46691,40874,7709,6941,9566,8099,9326,81,85
2021-08-23T23:59:59+02:00,156,158,3323,3147,8989,6661,8557,5954,7535,7815,5112,5595,1851,2231,1189,1599,325,889,110,99,2763,2590,7858,5810,7703,5313,6824,7073,4666,5125,1729,2104,1125,1514,287,824,46544,40706,7700,6927,9563,8093,9203,81,85
2021-08-22T23:59:59+02:00,156,158,3310,3139,8975,6644,8544,5947,7516,7803,5105,5589,1850,2230,1188,1599,325,889,109,99,2747,2575,7827,5787,7683,5300,6804,7052,4662,5115,1724,2099,1124,1514,286,824,46473,40574,7693,6917,9563,8090,9158,81,85
2021-08-21T23:59:59+02:00,155,158,3301,3131,8962,6635,8534,5945,7510,7799,5103,5583,1849,2230,1188,1598,325,889,104,97,2737,2567,7808,5778,7664,5290,6792,7045,4654,5105,1723,2097,1123,1514,286,824,46418,40497,7690,6889,9563,8089,9139,81,85
2021-08-20T23:59:59+02:00,154,156,3290,3122,8935,6617,8499,5925,7491,7776,5091,5571,1847,2227,1188,1597,325,887,102,95,2706,2551,7760,5744,7624,5258,6754,7006,4638,5084,1718,2093,1122,1511,286,822,46339,40316,7681,6849,9562,8079,9029,81,85
2021-08-19T23:59:59+02:00,153,153,3271,3109,8891,6592,8465,5906,7469,7748,5078,5552,1841,2224,1187,1595,325,886,97,90,2663,2530,7681,5696,7564,5221,6707,6948,4609,5051,1713,2089,1122,1510,286,822,46208,39984,7668,6817,9560,8070,8916,81,85
2021-08-18T23:59:59+02:00,152,151,3260,3099,8870,6573,8433,5893,7435,7730,5065,5543,1836,2222,1187,1595,324,885,95,88,2635,2510,7617,5659,7503,5185,6663,6915,4584,5027,1708,2084,1120,1510,286,822,46096,39735,7663,6763,9559,8058,8838,81,85
2021-08-17T23:59:59+02:00,151,151,3243,3088,8846,6546,8408,5877,7424,7706,5054,5530,1833,2220,1186,1594,323,885,91,85,2605,2493,7554,5609,7462,5147,6633,6875,4564,5006,1699,2079,1119,1506,285,822,45974,39458,7656,6722,9558,8050,8778,81,85
2021-08-16T23:59:59+02:00,149,150,3231,3076,8822,6531,8387,5870,7409,7690,5041,5517,1832,2219,1186,1594,323,885,84,83,2576,2463,7473,5565,7389,5113,6581,6832,4531,4981,1697,2075,1117,1505,285,822,45879,39076,7651,6706,9558,8038,8722,81,85
2021-08-15T23:59:59+02:00,148,149,3223,3063,8794,6521,8369,5860,7390,7676,5036,5505,1830,2216,1186,1593,323,885,76,80,2538,2428,7407,5531,7353,5085,6539,6802,4517,4968,1692,2070,1116,1503,285,822,45785,38775,7644,6686,9557,8032,8679,81,85
2021-08-14T23:59:59+02:00,147,149,3216,3058,8783,6518,8363,5859,7389,7672,5033,5503,1828,2215,1186,1592,323,885,76,78,2526,2419,7380,5518,7341,5074,6532,6787,4499,4958,1687,2067,1116,1501,285,821,45766,38670,7644,6672,9557,8031,8649,81,85
2021-08-13T23:59:59+02:00,147,148,3200,3054,8761,6510,8354,5846,7376,7659,5024,5494,1828,2211,1185,1591,323,885,76,76,2489,2399,7330,5487,7305,5048,6492,6756,4488,4943,1686,2063,1114,1501,285,821,45697,38431,7643,6657,9557,8030,8593,81,85
2021-08-12T23:59:59+02:00,145,143,3182,3046,8733,6492,8323,5827,7353,7637,5008,5479,1825,2210,1182,1589,323,885,75,75,2444,2363,7237,5438,7251,5008,6442,6707,4462,4913,1681,2060,1111,1500,284,821,45592,38097,7635,6623,9555,8004,8492,80,85
2021-08-11T23:59:59+02:00,143,141,3164,3029,8696,6464,8299,5814,7331,7617,4998,5464,1823,2208,1181,1588,323,885,73,73,2412,2330,7157,5376,7171,4963,6383,6642,4440,4874,1676,2051,1109,1498,284,819,45464,37654,7624,6587,9550,7997,8420,80,85
2021-08-10T23:59:59+02:00,143,140,3145,3017,8665,6452,8270,5794,7301,7601,4980,5455,1819,2208,1181,1586,323,884,72,69,2336,2272,7029,5313,7081,4891,6286,6576,4394,4849,1665,2043,1106,1495,284,818,45352,37018,7616,6560,9547,7982,8337,80,85
2021-08-09T23:59:59+02:00,140,140,3124,3007,8634,6429,8243,5783,7274,7582,4971,5441,1818,2207,1181,1586,323,883,68,68,2272,2207,6913,5231,6980,4846,6214,6518,4365,4813,1659,2033,1105,1494,284,818,45262,36506,7610,6498,9546,7959,8233,80,85
2021-08-08T23:59:59+02:00,140,139,3111,2999,8615,6421,8226,5770,7262,7573,4964,5437,1814,2207,1181,1586,323,883,68,67,2248,2179,6846,5197,6934,4819,6175,6495,4354,4796,1649,2029,1104,1492,284,818,45200,36271,7608,6452,9543,7948,8183,80,85
2021-08-07T23:59:59+02:00,139,138,3105,2992,8596,6408,8210,5759,7253,7563,4958,5432,1812,2207,1180,1586,323,883,65,60,2212,2157,6769,5146,6876,4785,6139,6457,4338,4782,1644,2027,1104,1489,284,818,45139,35945,7603,6424,9543,7940,8140,80,85
2021-08-06T23:59:59+02:00,139,137,3092,2981,8569,6396,8177,5735,7234,7538,4946,5418,1808,2205,1180,1585,323,883,59,56,2172,2116,6659,5073,6795,4749,6094,6417,4316,4761,1641,2024,1103,1486,284,818,45075,35572,7584,6397,9543,7924,8024,80,84
2021-08-05T23:59:59+02:00,138,135,3069,2965,8544,6371,8133,5716,7209,7512,4927,5395,1804,2202,1178,1581,323,882,55,52,2130,2065,6525,4960,6676,4693,6022,6350,4276,4720,1634,2017,1100,1484,284,818,44936,35069,7575,6301,9542,7865,7904,80,84
2021-08-04T23:59:59+02:00,135,131,3028,2943,8475,6333,8093,5688,7178,7483,4911,5379,1800,2197,1175,1580,323,882,55,46,2070,2027,6394,4888,6553,4637,5949,6282,4246,4681,1624,2010,1095,1481,284,817,44715,34544,7560,6250,9542,7832,7775,80,84
2021-08-03T23:59:59+02:00,133,130,3010,2923,8445,6316,8059,5669,7155,7457,4898,5366,1796,2196,1174,1577,323,882,52,46,2035,1998,6298,4821,6446,4582,5877,6223,4205,4637,1618,2003,1094,1479,284,817,44564,34054,7555,6204,9541,7807,7702,80,83
2021-08-02T23:59:59+02:00,133,130,2987,2897,8409,6292,8035,5656,7131,7441,4881,5356,1792,2192,1173,1577,322,882,51,45,2007,1962,6160,4727,6329,4517,5804,6168,4158,4603,1611,1988,1093,1476,283,816,44416,33461,7548,6161,9540,7783,7632,80,81
2021-08-01T23:59:59+02:00,133,129,2971,2881,8380,6269,8021,5639,7119,7433,4876,5347,1791,2191,1171,1577,322,882,49,44,1984,1940,6081,4675,6264,4468,5760,6143,4143,4582,1609,1985,1091,1473,283,816,44319,33146,7536,6132,9540,7759,7584,80,80
2021-07-31T23:59:59+02:00,131,128,2964,2874,8366,6263,8011,5635,7112,7424,4875,5344,1790,2191,1171,1577,322,882,46,33,1942,1898,5978,4608,6196,4419,5707,6105,4114,4559,1604,1982,1091,1472,283,816,44278,32648,7534,6119,9540,7752,7555,80,80
2021-07-30T23:59:59+02:00,127,126,2956,2865,8337,6247,7996,5619,7091,7408,4868,5337,1789,2189,1171,1576,322,882,42,32,1922,1873,5893,4562,6128,4364,5650,6055,4088,4540,1600,1980,1090,1469,283,816,44191,32267,7520,6092,9539,7741,7499,80,80
2021-07-29T23:59:59+02:00,125,124,2923,2847,8280,6208,7955,5573,7061,7367,4843,5317,1787,2184,1169,1575,322,882,37,28,1878,1843,5759,4455,5989,4287,5557,5969,4038,4489,1593,1970,1087,1467,283,816,43991,31662,7504,6033,9533,7702,7349,80,80
2021-07-28T23:59:59+02:00,122,121,2902,2833,8250,6180,7930,5547,7039,7343,4830,5301,1783,2182,1168,1573,321,881,36,25,1840,1798,5650,4378,5873,4214,5474,5895,4002,4456,1581,1962,1086,1465,283,815,43814,31091,7494,5975,9529,7655,7302,80,80
2021-07-27T23:59:59+02:00,118,120,2886,2814,8209,6163,7895,5527,7021,7326,4818,5289,1783,2180,1168,1572,320,881,34,25,1792,1766,5505,4287,5745,4132,5377,5827,3962,4405,1573,1951,1085,1462,282,814,43696,30474,7478,5894,9527,7610,7221,80,80
2021-07-26T23:59:59+02:00,116,118,2860,2798,8174,6139,7861,5510,7000,7305,4811,5278,1781,2179,1166,1572,320,881,34,25,1747,1709,5358,4219,5643,4063,5301,5756,3905,4371,1570,1939,1084,1457,281,813,43554,29886,7454,5821,9524,7559,7164,80,80
2021-07-25T23:59:59+02:00,110,116,2843,2785,8139,6118,7834,5502,6979,7287,4801,5272,1779,2176,1165,1571,320,880,31,22,1720,1683,5298,4172,5584,4031,5251,5719,3872,4347,1565,1934,1083,1456,281,812,43411,29587,7447,5786,9522,7520,7116,80,80
2021-07-24T23:59:59+02:00,110,114,2831,2771,8114,6105,7810,5488,6965,7274,4791,5267,1777,2173,1165,1571,320,880,30,22,1701,1660,5246,4149,5509,3982,5208,5694,3850,4339,1563,1932,1081,1453,281,811,43329,29375,7424,5692,9521,7519,7067,80,80
2021-07-23T23:59:59+02:00,108,112,2806,2750,8058,6083,7781,5464,6927,7248,4772,5253,1775,2169,1163,1571,320,880,26,19,1640,1624,5096,4039,5372,3914,5134,5623,3797,4308,1560,1922,1079,1448,280,811,43156,28701,7416,5663,9519,7498,6954,80,80
2021-07-22T23:59:59+02:00,106,109,2772,2721,7987,6034,7726,5427,6877,7199,4738,5229,1767,2162,1162,1570,320,879,25,18,1589,1586,4921,3958,5215,3833,4973,5541,3717,4254,1546,1911,1074,1446,279,810,42838,28029,7390,5511,9509,7427,6840,80,80
2021-07-21T23:59:59+02:00,105,106,2743,2708,7920,6002,7673,5389,6817,7159,4715,5205,1759,2155,1161,1567,320,877,25,16,1551,1538,4796,3872,5076,3767,4870,5435,3644,4212,1533,1899,1071,1445,279,808,42583,27531,7348,5295,9502,7368,6728,80,79
2021-07-20T23:59:59+02:00,105,106,2722,2683,7865,5970,7638,5360,6777,7118,4694,5185,1755,2151,1161,1566,320,876,24,16,1517,1503,4663,3795,4984,3713,4766,5355,3594,4180,1528,1889,1069,1444,279,807,42335,27016,7340,5216,9499,7309,6652,80,79
2021-07-19T23:59:59+02:00,104,106,2698,2658,7806,5928,7588,5341,6732,7085,4677,5168,1749,2144,1159,1562,319,875,23,13,1493,1477,4581,3742,4897,3674,4694,5293,3558,4151,1522,1881,1065,1441,277,806,42043,26684,7325,5086,9496,7268,6605,80,79
2021-07-18T23:59:59+02:00,104,103,2672,2633,7737,5896,7554,5314,6692,7048,4660,5158,1743,2137,1156,1562,318,874,21,13,1472,1452,4535,3703,4858,3640,4644,5265,3524,4138,1516,1872,1064,1441,277,804,41745,26470,7312,5006,9491,7241,6571,80,78
2021-07-17T23:59:59+02:00,99,99,2659,2616,7720,5883,7537,5296,6674,7032,4638,5146,1739,2136,1156,1561,318,872,21,13,1457,1438,4495,3672,4806,3614,4606,5233,3495,4126,1511,1869,1064,1439,277,804,41633,26289,7302,4948,9488,7233,6514,80,78
2021-07-16T23:59:59+02:00,99,96,2620,2593,7657,5847,7474,5256,6627,6989,4610,5119,1733,2130,1154,1560,318,872,20,12,1414,1408,4393,3613,4711,3569,4515,5176,3432,4081,1498,1861,1059,1437,277,803,41441,25926,7279,4911,9480,7166,6300,80,78
2021-07-15T23:59:59+02:00,96,92,2571,2567,7583,5813,7418,5216,6579,6935,4592,5091,1729,2125,1152,1557,317,872,18,12,1355,1374,4182,3497,4522,3463,4369,5077,3370,4015,1487,1851,1054,1432,276,803,41116,25191,7260,4677,9473,7098,6192,79,78
2021-07-14T23:59:59+02:00,95,89,2537,2550,7508,5783,7345,5181,6525,6886,4566,5069,1723,2118,1150,1555,317,872,17,12,1307,1332,4044,3403,4410,3392,4256,5005,3321,3970,1476,1840,1051,1428,276,803,40794,24651,7238,4568,9471,7020,6091,79,78
2021-07-13T23:59:59+02:00,91,86,2502,2521,7455,5750,7280,5137,6485,6834,4546,5051,1713,2112,1148,1555,317,872,16,10,1271,1289,3921,3300,4282,3320,4163,4916,3261,3910,1449,1832,1048,1421,275,801,40467,24130,7229,4410,9469,6907,6008,79,78
2021-07-12T23:59:59+02:00,86,86,2476,2493,7378,5708,7208,5091,6432,6792,4516,5025,1708,2109,1145,1555,317,872,15,10,1238,1263,3807,3210,4158,3247,4060,4834,3207,3864,1436,1822,1044,1413,275,801,40105,23640,7214,4279,9465,6819,5923,78,77
2021-07-11T23:59:59+02:00,80,83,2461,2477,7339,5681,7178,5065,6404,6774,4508,5018,1705,2105,1143,1555,316,872,15,10,1225,1244,3754,3162,4099,3210,4006,4804,3181,3850,1425,1809,1042,1409,274,801,39982,23443,7194,4237,9460,6756,5836,76,77
2021-07-10T23:59:59+02:00,79,82,2432,2442,7254,5641,7111,5026,6352,6739,4484,5006,1701,2101,1143,1552,316,871,15,10,1199,1225,3693,3119,4050,3180,3967,4772,3163,3836,1417,1802,1042,1407,274,801,39725,23248,7167,4236,9448,6741,5690,76,77
2021-07-09T23:59:59+02:00,78,79,2406,2423,7182,5603,7066,4999,6305,6708,4467,4983,1699,2095,1143,1551,316,871,11,6,1174,1207,3639,3068,3997,3134,3910,4731,3136,3806,1415,1786,1040,1406,274,801,39494,22990,7138,4200,9438,6685,5593,76,77
2021-07-08T23:59:59+02:00,73,76,2356,2377,7086,5537,6963,4947,6240,6643,4428,4949,1692,2084,1141,1548,315,871,9,6,1101,1152,3467,2978,3795,3054,3727,4634,3060,3744,1398,1769,1037,1397,273,800,39150,22464,7060,3907,9407,6539,5390,76,77
2021-07-07T23:59:59+02:00,73,75,2280,2325,6968,5461,6860,4890,6167,6585,4394,4901,1685,2075,1139,1544,314,871,9,6,1042,1110,3297,2886,3608,2962,3565,4526,3007,3680,1381,1738,1030,1389,273,798,38650,21857,7015,3649,9381,6453,5228,76,77
2021-07-06T23:59:59+02:00,70,74,2229,2285,6859,5405,6771,4846,6111,6515,4355,4866,1676,2069,1136,1540,314,871,9,6,1002,1066,3179,2781,3518,2899,3490,4434,2954,3618,1355,1706,1025,1381,273,798,38196,21335,6960,3543,9364,6357,5123,76,76
2021-07-05T23:59:59+02:00,68,74,2160,2235,6715,5330,6650,4807,6040,6456,4317,4827,1670,2061,1134,1538,314,869,9,6,958,1028,3067,2707,3437,2854,3412,4360,2909,3561,1335,1688,1019,1371,273,796,37694,20942,6908,3467,9337,6267,4963,75,75
2021-07-04T23:59:59+02:00,68,72,2119,2188,6625,5279,6610,4777,5997,6434,4300,4804,1667,2058,1134,1536,314,868,8,6,918,1001,2999,2648,3398,2824,3378,4327,2883,3536,1321,1668,1017,1369,272,796,37477,20781,6867,3409,9312,6189,4827,75,75
2021-07-03T23:59:59+02:00,64,58,2017,2102,6402,5113,6456,4687,5909,6345,4247,4771,1662,2052,1133,1532,314,868,8,6,881,970,2921,2597,3338,2792,3337,4279,2851,3505,1315,1663,1016,1365,272,794,36608,20573,6831,3404,9305,6165,4601,75,75
2021-07-02T23:59:59+02:00,55,50,1972,2059,6318,5063,6412,4657,5886,6317,4230,4752,1660,2046,1131,1531,313,868,8,6,858,942,2849,2543,3267,2745,3289,4227,2821,3466,1297,1644,1010,1359,272,791,36297,20245,6796,3378,9299,6062,4532,74,75
2021-07-01T23:59:59+02:00,51,43,1914,2018,6205,4986,6326,4607,5804,6248,4202,4721,1657,2040,1130,1530,311,867,8,6,777,888,2645,2454,3072,2656,3104,4105,2720,3372,1271,1620,1000,1344,272,789,35851,19408,6742,3148,9282,5955,4381,74,75
2021-06-30T23:59:59+02:00,51,42,1864,1961,6072,4897,6220,4555,5742,6202,4187,4695,1653,2031,1128,1527,311,867,8,5,740,852,2529,2372,2954,2597,2991,4009,2648,3293,1243,1592,992,1334,271,788,35397,18905,6677,3018,9266,5816,4246,73,75
2021-06-29T23:59:59+02:00,49,41,1794,1877,5942,4804,6122,4494,5681,6140,4159,4663,1646,2026,1126,1526,311,866,7,5,705,805,2431,2283,2875,2531,2882,3889,2591,3238,1226,1557,980,1323,271,785,34811,18382,6641,2937,9257,5692,4121,72,75
2021-06-28T23:59:59+02:00,47,39,1757,1817,5814,4731,6048,4440,5637,6100,4130,4637,1644,2016,1125,1525,311,866,7,5,687,773,2319,2201,2793,2466,2801,3800,2544,3191,1207,1540,973,1317,271,783,34365,18011,6581,2779,9247,5585,4037,72,75
2021-06-27T23:59:59+02:00,47,38,1727,1788,5763,4688,6008,4404,5589,6085,4120,4624,1642,2012,1125,1524,311,866,7,5,669,752,2263,2156,2750,2434,2752,3756,2513,3170,1196,1527,971,1308,271,783,34165,17839,6548,2718,9225,5487,3965,72,75
2021-06-26T23:59:59+02:00,40,32,1693,1758,5689,4640,5916,4357,5548,6052,4101,4608,1641,2010,1125,1522,311,866,7,5,661,740,2224,2126,2711,2408,2732,3730,2487,3151,1179,1517,970,1305,271,783,33791,17585,6459,2713,9225,5467,3964,72,74
2021-06-25T23:59:59+02:00,34,26,1654,1716,5575,4565,5858,4328,5507,6027,4077,4597,1638,2009,1123,1521,310,866,6,5,653,718,2168,2090,2643,2337,2622,3597,2442,3048,1169,1494,967,1302,270,782,33343,17097,6429,2682,9224,5284,3958,72,74
2021-06-24T23:59:59+02:00,27,21,1601,1663,5391,4451,5726,4271,5403,5981,4036,4571,1634,2004,1123,1520,309,866,6,5,613,695,2046,2014,2450,2262,2446,3511,2334,2954,1137,1469,958,1295,269,779,32677,16557,6366,2318,9214,5201,3844,72,74
2021-06-23T23:59:59+02:00,26,21,1566,1617,5289,4389,5641,4213,5353,5936,4014,4534,1625,1998,1121,1517,308,866,6,5,581,671,1973,1943,2334,2207,2325,3415,2230,2863,1110,1446,951,1285,268,778,32198,15956,6312,2233,9208,5053,3808,72,74
2021-06-22T23:59:59+02:00,26,21,1535,1599,5207,4314,5552,4162,5302,5888,3988,4510,1619,1992,1120,1515,308,866,6,5,563,647,1899,1887,2242,2149,2240,3307,2128,2773,1092,1424,941,1273,267,773,31747,15498,6265,2090,9203,4883,3782,72,73
2021-06-21T23:59:59+02:00,25,21,1501,1555,5074,4222,5465,4117,5228,5826,3958,4485,1614,1979,1119,1510,307,864,6,5,544,627,1858,1842,2201,2105,2185,3217,2057,2691,1074,1394,917,1251,267,769,31174,15178,6221,1988,9195,4731,3738,72,73
2021-06-20T23:59:59+02:00,24,19,1470,1521,4996,4146,5413,4094,5192,5805,3934,4474,1611,1978,1118,1510,306,864,6,5,527,610,1824,1811,2175,2081,2153,3189,2014,2652,1062,1378,914,1242,267,768,30859,14980,6181,1948,9181,4662,3702,72,72
2021-06-19T23:59:59+02:00,23,19,1452,1501,4949,4112,5387,4065,5163,5779,3913,4463,1604,1976,1118,1509,306,864,6,5,518,604,1802,1783,2153,2052,2139,3164,1988,2613,1053,1370,910,1241,265,767,30667,14791,6112,1915,9181,4655,3680,72,71
2021-06-18T23:59:59+02:00,18,15,1424,1480,4865,4064,5331,4020,5115,5741,3888,4451,1601,1973,1115,1507,306,864,6,5,503,593,1781,1765,2125,2018,2089,3114,1933,2556,1039,1354,908,1236,264,765,30301,14466,6064,1912,9179,4600,3667,72,71
2021-06-17T23:59:59+02:00,15,14,1384,1437,4686,3976,5133,3940,4935,5648,3830,4406,1594,1970,1115,1506,305,864,6,5,463,570,1677,1726,1936,1954,1925,3011,1827,2470,1014,1336,895,1225,262,763,29649,13976,5997,1798,9171,4505,3358,71,71
2021-06-16T23:59:59+02:00,14,13,1352,1403,4578,3888,5029,3882,4830,5585,3783,4380,1587,1966,1114,1502,305,863,6,5,443,546,1612,1682,1871,1918,1836,2923,1765,2388,997,1309,885,1210,262,759,29141,13533,5876,1725,9157,4416,3298,71,71
2021-06-15T23:59:59+02:00,14,13,1316,1369,4437,3792,4951,3813,4752,5514,3742,4347,1576,1959,1109,1499,305,862,6,5,428,522,1552,1626,1814,1872,1763,2867,1689,2319,979,1283,878,1198,261,758,28548,13175,5842,1636,9142,4338,3215,71,71
2021-06-14T23:59:59+02:00,14,11,1289,1325,4331,3729,4865,3759,4668,5437,3687,4319,1572,1950,1107,1494,303,861,6,5,419,509,1499,1588,1761,1836,1707,2799,1630,2266,969,1259,873,1191,260,757,28046,12910,5742,1554,9138,4251,3154,71,70
2021-06-13T23:59:59+02:00,13,11,1271,1306,4282,3691,4815,3717,4617,5393,3668,4303,1571,1944,1107,1492,303,860,6,5,411,501,1463,1570,1722,1812,1665,2762,1595,2224,951,1239,870,1179,260,755,27782,12726,5706,1529,9133,4169,3093,71,70
2021-06-12T23:59:59+02:00,13,10,1258,1280,4246,3671,4783,3691,4598,5376,3655,4292,1569,1940,1105,1491,303,859,6,5,408,498,1450,1549,1695,1786,1643,2741,1566,2203,943,1230,859,1176,260,754,27577,12574,5696,1528,9132,4107,3080,71,69
2021-06-11T23:59:59+02:00,12,10,1239,1265,4205,3622,4707,3667,4552,5338,3625,4280,1568,1938,1104,1488,303,858,6,5,397,484,1425,1507,1663,1765,1600,2695,1517,2161,932,1215,855,1171,260,752,27264,12317,5664,1520,9127,4025,3057,71,69
2021-06-10T23:59:59+02:00,12,8,1177,1208,4070,3534,4569,3584,4451,5268,3573,4242,1563,1930,1102,1487,303,858,6,5,377,463,1356,1460,1587,1706,1529,2619,1427,2059,903,1181,851,1162,258,749,26631,11854,5517,1507,9106,3850,2981,71,68
2021-06-09T23:59:59+02:00,11,6,1126,1170,3914,3423,4428,3518,4361,5186,3525,4200,1556,1923,1100,1484,303,858,5,5,358,443,1293,1416,1522,1670,1472,2538,1348,1993,872,1129,842,1148,257,747,26100,11545,5328,1444,9096,3708,2840,71,68
2021-06-08T23:59:59+02:00,10,6,1068,1125,3762,3322,4302,3434,4248,5102,3473,4170,1550,1918,1097,1481,301,856,5,4,341,421,1243,1375,1464,1632,1411,2478,1299,1918,848,1092,831,1131,253,744,25494,11285,5181,1392,9085,3565,2714,70,66
2021-06-07T23:59:59+02:00,9,6,1039,1095,3647,3234,4163,3396,4123,5031,3416,4143,1537,1912,1096,1479,301,855,2,1,332,412,1196,1332,1402,1609,1359,2426,1229,1866,834,1073,818,1115,251,740,25073,11098,4990,1356,9079,3432,2568,70,65
2021-06-06T23:59:59+02:00,9,6,1016,1082,3584,3195,4081,3344,4045,4998,3383,4128,1535,1907,1093,1478,300,855,2,1,324,400,1176,1302,1367,1575,1334,2364,1201,1805,822,1057,810,1106,251,737,24856,10971,4841,1303,9065,3318,2489,70,64
2021-06-05T23:59:59+02:00,9,6,1001,1064,3495,3124,4026,3312,4010,4975,3372,4124,1533,1903,1093,1477,300,854,2,1,315,389,1154,1277,1346,1559,1309,2334,1166,1785,810,1034,808,1102,251,737,24534,10794,4834,1300,9061,3268,2451,69,63
2021-06-04T23:59:59+02:00,7,6,975,1044,3445,3066,3949,3270,3944,4919,3343,4102,1529,1899,1090,1477,300,854,2,1,304,381,1131,1245,1319,1541,1280,2289,1137,1756,793,1013,802,1097,251,734,24199,10644,4785,1294,9057,3205,2362,69,63
2021-06-03T23:59:59+02:00,7,6,930,1010,3279,2967,3752,3161,3766,4801,3249,4029,1520,1887,1086,1472,300,854,1,1,293,370,1091,1202,1259,1482,1208,2202,1070,1693,754,971,792,1083,251,733,23489,10406,4548,1273,9039,3034,2157,69,61
2021-06-02T23:59:59+02:00,7,6,902,996,3201,2891,3693,3115,3702,4738,3207,4001,1517,1881,1085,1471,300,854,1,1,282,360,1060,1178,1212,1461,1162,2159,1016,1646,738,937,788,1077,251,732,23104,10173,4528,1259,9039,2993,2039,69,61
2021-06-01T23:59:59+02:00,7,6,851,956,3025,2766,3504,3016,3535,4634,3145,3940,1507,1872,1082,1466,300,853,0,1,269,344,972,1116,1113,1403,1078,2050,966,1565,704,886,782,1068,250,726,22461,9877,4297,1225,9026,2786,1791,69,59
2021-05-31T23:59:59+02:00,7,5,812,927,2898,2679,3353,2918,3425,4540,3091,3886,1501,1859,1079,1462,300,853,0,1,254,325,931,1071,1043,1349,1030,1971,926,1506,685,861,775,1063,249,726,22036,9694,4051,1210,9004,2648,1588,69,58
2021-05-30T23:59:59+02:00,7,5,801,916,2835,2630,3283,2878,3367,4495,3068,3865,1497,1852,1079,1462,300,852,0,1,244,308,886,1022,987,1307,983,1909,898,1448,672,845,772,1054,249,725,21872,9585,3987,1201,8992,2473,1415,69,58
2021-05-29T23:59:59+02:00,7,5,798,913,2814,2613,3260,2862,3348,4480,3060,3856,1495,1851,1079,1462,300,852,0,1,241,297,881,1008,968,1278,967,1859,884,1415,659,823,768,1049,248,725,21739,9489,3985,1199,8989,2331,1414,68,58
2021-05-28T23:59:59+02:00,7,5,787,899,2775,2568,3209,2830,3320,4456,3050,3840,1495,1848,1077,1456,300,852,0,1,236,287,867,988,956,1253,952,1815,852,1375,640,794,765,1041,247,723,21471,9303,3970,1194,8987,2241,1409,68,57
2021-05-27T23:59:59+02:00,7,5,738,873,2639,2499,3063,2758,3173,4372,2966,3788,1486,1838,1075,1454,299,850,0,0,221,269,806,934,870,1193,862,1715,781,1290,614,761,755,1025,246,721,20951,9083,3826,1157,8953,1973,1192,68,54
2021-05-26T23:59:59+02:00,7,5,702,836,2527,2416,2898,2689,3045,4302,2916,3739,1474,1828,1074,1447,297,845,0,0,211,251,761,889,820,1154,818,1642,739,1229,598,736,737,993,244,718,20510,8848,3571,1144,8925,1826,1058,68,54
2021-05-25T23:59:59+02:00,7,5,677,815,2430,2353,2791,2642,2941,4217,2868,3700,1462,1820,1071,1443,297,843,0,0,198,238,731,856,785,1116,779,1581,686,1167,577,714,715,966,243,716,20125,8621,3387,1107,8880,1681,995,67,49
2021-05-24T23:59:59+02:00,7,5,660,791,2369,2307,2715,2608,2867,4157,2814,3657,1449,1813,1065,1442,297,841,0,0,192,230,704,835,756,1083,742,1523,661,1114,560,701,708,961,243,714,19916,8520,3205,1093,8845,1560,891,67,47
2021-05-23T23:59:59+02:00,7,5,657,790,2349,2290,2700,2593,2855,4141,2801,3641,1446,1811,1065,1440,297,841,0,0,190,228,696,827,745,1076,726,1513,647,1104,556,694,705,955,242,711,19784,8432,3200,1086,8845,1548,889,67,43
2021-05-22T23:59:59+02:00,7,5,650,777,2318,2266,2659,2569,2831,4109,2766,3612,1440,1807,1065,1438,297,840,0,0,188,220,686,821,738,1064,711,1504,640,1097,546,684,699,943,241,711,19518,8363,3199,1086,8842,1503,878,67,42
2021-05-21T23:59:59+02:00,7,5,636,762,2230,2227,2570,2517,2756,4060,2723,3566,1434,1794,1063,1437,297,839,0,0,186,217,679,811,726,1054,697,1490,624,1077,532,658,692,935,241,709,19016,8266,3174,1085,8821,1441,872,67,42
2021-05-20T23:59:59+02:00,7,5,600,735,2105,2150,2430,2437,2621,3957,2643,3482,1419,1778,1061,1430,297,838,0,0,176,206,646,767,690,1013,665,1432,600,1014,513,629,685,926,240,708,18334,8137,3049,1073,8742,1227,799,67,39
2021-05-19T23:59:59+02:00,6,5,561,697,1988,2058,2281,2361,2478,3856,2540,3384,1399,1760,1053,1427,295,838,0,0,162,198,614,743,658,978,628,1378,574,956,497,606,674,903,239,706,17543,7973,2970,1054,8699,1123,676,67,39
2021-05-18T23:59:59+02:00,6,4,529,676,1902,1972,2174,2300,2358,3736,2444,3292,1387,1740,1045,1420,295,834,0,0,155,189,592,713,629,944,610,1300,554,892,476,576,666,890,238,702,17001,7839,2791,1014,8638,1012,566,67,39
2021-05-17T23:59:59+02:00,4,1,504,661,1841,1931,2115,2247,2276,3618,2381,3217,1368,1721,1038,1413,295,832,0,0,149,181,572,698,620,905,596,1236,535,834,459,544,663,882,238,701,16677,7758,2623,980,8567,906,465,66,39
2021-05-16T23:59:59+02:00,3,1,498,660,1811,1902,2070,2215,2232,3566,2324,3156,1353,1712,1036,1407,295,831,0,0,144,180,561,678,604,887,578,1189,519,796,434,513,661,879,238,700,16479,7704,2552,950,8518,818,377,66,37
2021-05-15T23:59:59+02:00,3,1,493,655,1780,1881,2050,2190,2212,3542,2298,3116,1345,1710,1035,1404,294,831,0,0,142,177,558,677,603,882,572,1184,513,785,430,511,659,877,238,700,16257,7670,2550,949,8509,805,372,66,37
2021-05-14T23:59:59+02:00,3,1,476,640,1750,1840,2005,2147,2121,3472,2255,3075,1337,1700,1033,1404,292,831,0,0,138,171,552,660,583,859,551,1148,496,769,414,496,654,871,237,698,15870,7604,2506,934,8487,696,345,66,37
2021-05-13T23:59:59+02:00,2,1,447,615,1671,1788,1886,2092,2001,3385,2187,2982,1312,1681,1025,1401,290,827,0,0,132,168,537,652,573,842,539,1127,479,755,395,468,640,846,237,693,15426,7511,2231,889,8433,654,309,65,36
2021-05-12T23:59:59+02:00,2,1,438,609,1651,1773,1868,2081,1975,3359,2171,2966,1309,1676,1021,1399,290,826,0,0,132,166,533,652,572,835,536,1121,477,748,389,456,638,840,237,693,15276,7466,2205,880,8425,651,307,63,36
2021-05-11T23:59:59+02:00,2,1,416,586,1566,1732,1755,2038,1861,3265,2062,2897,1295,1651,1017,1390,290,826,0,0,126,156,513,615,551,808,516,1087,446,726,367,428,628,834,237,693,14850,7361,2019,852,8308,548,240,63,36
2021-05-10T23:59:59+02:00,2,1,398,568,1517,1698,1700,2003,1783,3199,2003,2830,1287,1637,1011,1383,290,823,0,0,126,153,507,608,539,784,507,1061,440,705,359,415,626,831,237,692,14557,7310,1933,844,8182,491,214,62,34
2021-05-09T23:59:59+02:00,2,1,391,556,1469,1672,1662,1983,1736,3159,1939,2789,1273,1624,1009,1378,290,821,0,0,121,150,500,599,527,775,497,1050,430,693,349,403,621,826,237,691,14307,7271,1877,833,8124,441,189,62,33
2021-05-08T23:59:59+02:00,2,1,386,550,1455,1649,1624,1961,1711,3133,1906,2768,1266,1617,1006,1377,289,821,0,0,120,150,497,599,524,774,495,1045,430,687,348,401,617,817,237,691,14082,7252,1869,828,8120,430,187,62,31
2021-05-07T23:59:59+02:00,2,1,373,542,1424,1617,1571,1940,1650,3066,1857,2717,1258,1609,1004,1372,289,817,0,0,116,146,486,585,513,747,483,1010,413,661,345,380,602,805,237,689,13790,7199,1839,803,8053,326,151,62,30
2021-05-06T23:59:59+02:00,2,1,348,528,1326,1569,1455,1878,1505,2949,1716,2620,1226,1578,1001,1361,289,814,0,0,114,141,470,567,501,728,471,985,396,641,336,365,588,791,237,686,13266,7134,1649,783,7822,238,120,60,27
2021-05-05T23:59:59+02:00,2,1,333,513,1284,1537,1408,1835,1437,2878,1633,2534,1207,1554,994,1348,289,809,0,0,113,137,459,556,496,715,463,975,390,623,318,353,570,774,237,685,12824,7060,1584,763,7755,188,112,60,24
2021-05-04T23:59:59+02:00,2,1,324,500,1229,1499,1370,1805,1386,2829,1576,2473,1188,1525,988,1335,288,804,0,0,109,133,449,542,492,708,450,955,378,606,306,337,560,753,237,685,12476,6979,1521,736,7699,146,98,56,23
2021-05-03T23:59:59+02:00,2,1,317,492,1188,1475,1330,1784,1352,2791,1533,2433,1169,1499,982,1329,286,800,0,0,101,129,438,533,481,700,443,947,368,597,294,329,544,736,236,683,12206,6892,1496,727,7649,126,72,56,22
2021-05-02T23:59:59+02:00,2,1,313,491,1172,1459,1297,1764,1322,2771,1520,2408,1160,1485,979,1328,286,797,0,0,98,128,431,525,475,694,437,940,365,594,290,321,525,726,236,683,12062,6849,1480,708,7610,110,56,55,20
2021-05-01T23:59:59+02:00,2,1,309,485,1162,1451,1286,1751,1307,2759,1501,2391,1154,1479,976,1324,286,796,0,0,97,127,431,524,472,694,435,937,365,592,288,321,525,726,236,683,11922,6837,1479,708,7608,107,55,55,19
2021-04-30T23:59:59+02:00,2,1,304,476,1151,1425,1261,1731,1276,2693,1446,2340,1141,1461,971,1321,286,793,0,0,96,125,428,519,469,687,433,911,360,582,283,314,522,721,236,682,11611,6819,1474,697,7603,81,25,55,18
2021-04-29T23:59:59+02:00,2,0,288,461,1094,1390,1207,1690,1225,2634,1354,2271,1098,1418,966,1313,285,791,0,0,96,123,423,517,464,682,425,899,351,574,274,304,511,711,235,678,11117,6759,1433,677,7534,58,23,52,18
2021-04-28T23:59:59+02:00,2,0,276,455,1077,1371,1176,1675,1190,2594,1283,2217,1065,1365,956,1311,285,789,0,0,92,120,418,513,458,672,417,890,346,561,259,286,500,698,234,677,10818,6682,1382,641,7474,43,22,52,17
2021-04-27T23:59:59+02:00,2,0,272,445,1056,1353,1156,1663,1163,2571,1258,2188,1039,1328,950,1305,285,786,0,0,90,117,413,507,455,664,414,884,338,555,254,278,490,679,233,676,10617,6627,1353,612,7433,36,21,47,14
2021-04-26T23:59:59+02:00,2,0,269,439,1048,1343,1145,1647,1131,2553,1210,2139,1021,1308,944,1298,284,785,0,0,90,117,409,500,455,660,410,880,336,549,247,270,480,670,233,676,10438,6588,1338,588,7367,33,21,45,14
2021-04-25T23:59:59+02:00,2,0,268,437,1038,1328,1126,1638,1111,2535,1181,2111,999,1286,941,1291,284,785,0,0,89,115,407,490,452,660,409,875,335,548,246,266,475,661,233,675,10306,6566,1313,572,7317,25,21,41,14
2021-04-24T23:59:59+02:00,2,0,262,432,1024,1314,1113,1622,1095,2516,1153,2093,990,1262,938,1288,284,785,0,0,89,115,407,490,450,660,409,872,334,545,245,265,474,658,233,675,10133,6559,1313,564,7294,24,21,39,14
2021-04-23T23:59:59+02:00,2,0,260,422,1013,1298,1101,1612,1077,2494,1097,2050,968,1237,936,1281,284,782,0,0,88,114,407,489,448,659,408,870,331,542,241,260,469,653,233,675,9970,6536,1299,552,7199,24,21,38,13
2021-04-22T23:59:59+02:00,2,0,256,411,989,1274,1079,1590,1040,2451,1047,1987,939,1195,928,1268,284,778,0,0,88,113,404,484,442,652,403,861,328,536,235,255,460,643,232,673,9686,6479,1250,538,7125,17,21,37,12
2021-04-21T23:59:59+02:00,2,0,251,407,965,1253,1054,1571,1004,2416,1001,1941,903,1145,918,1253,283,775,0,0,87,111,402,483,440,648,399,854,323,527,232,249,449,628,231,670,9383,6423,1227,517,7064,17,21,37,12
2021-04-20T23:59:59+02:00,2,0,244,401,946,1224,1035,1548,979,2363,961,1886,856,1081,904,1237,281,773,0,0,86,111,400,480,437,642,393,847,319,521,226,241,437,609,230,670,9095,6358,1157,500,6993,16,21,37,11
2021-04-19T23:59:59+02:00,2,0,241,390,925,1211,1022,1528,963,2330,931,1847,830,1051,900,1230,281,770,0,0,85,110,399,478,432,636,389,837,314,511,226,236,427,590,228,665,8911,6295,1139,480,6923,13,20,36,11
2021-04-18T23:59:59+02:00,2,0,240,386,915,1200,1007,1519,942,2312,908,1826,804,1012,898,1225,280,768,0,0,84,108,394,476,432,635,388,834,314,508,225,232,421,587,228,665,8781,6274,1110,468,6865,13,20,36,11
2021-04-17T23:59:59+02:00,2,0,239,381,913,1197,1000,1515,933,2304,903,1820,787,986,895,1219,280,768,0,0,84,105,391,472,430,635,385,829,314,503,223,228,415,580,228,664,8708,6230,1108,467,6837,12,20,36,11
2021-04-16T23:59:59+02:00,2,0,238,380,900,1193,987,1495,918,2281,873,1780,748,930,887,1209,279,765,0,0,80,102,388,464,427,633,374,816,309,491,209,213,411,571,225,661,8515,6156,1093,428,6764,11,20,36,10
2021-04-15T23:59:59+02:00,2,0,236,373,874,1175,970,1479,891,2233,828,1741,714,883,875,1190,279,761,0,0,78,100,385,456,421,624,366,808,302,488,201,207,393,547,222,655,8281,6064,1081,398,6642,10,20,34,10
2021-04-14T23:59:59+02:00,2,0,234,365,862,1163,958,1464,876,2198,810,1711,674,839,844,1145,279,757,0,0,75,95,379,451,413,613,361,798,291,480,191,190,376,527,220,650,8047,5952,1062,365,6567,10,20,32,10
2021-04-13T23:59:59+02:00,2,0,230,361,850,1157,949,1453,863,2172,781,1682,619,784,823,1113,278,753,0,0,71,90,369,442,394,602,345,784,285,476,188,186,363,514,219,647,7879,5847,1013,336,6469,8,20,30,10
2021-04-12T23:59:59+02:00,2,0,228,360,845,1151,939,1437,836,2150,763,1660,588,756,812,1096,278,751,0,0,70,86,355,434,389,595,340,776,277,470,181,180,355,504,218,640,7776,5763,992,310,6374,8,20,26,9
2021-04-11T23:59:59+02:00,1,0,224,358,835,1139,930,1430,821,2134,750,1641,570,731,805,1075,277,748,0,0,69,84,349,432,383,593,336,772,274,464,176,172,347,501,216,639,7713,5707,971,299,6273,7,20,24,9
2021-04-10T23:59:59+02:00,1,0,224,356,834,1135,925,1428,809,2124,740,1632,563,715,797,1061,276,748,0,0,65,76,323,415,361,578,323,757,260,455,169,164,341,486,215,637,7651,5522,965,293,6239,7,19,23,9
2021-04-09T23:59:59+02:00,1,0,224,353,824,1131,908,1403,799,2042,724,1547,526,653,776,1038,274,743,0,0,56,71,304,403,344,565,306,742,248,442,160,158,321,465,211,629,7524,5323,940,284,5985,7,15,20,9
2021-04-08T23:59:59+02:00,1,0,220,350,817,1124,896,1395,785,2021,700,1527,482,588,745,1016,272,739,0,0,54,68,292,385,328,552,292,727,234,423,151,142,305,447,209,611,7401,5121,898,271,5857,7,14,20,9
2021-04-07T23:59:59+02:00,1,0,214,346,806,1113,879,1377,764,1991,679,1494,444,546,717,978,269,735,0,0,52,65,272,369,318,546,284,714,225,410,137,132,285,427,203,601,7251,4950,864,256,5704,7,14,19,8
2021-04-06T23:59:59+02:00,1,0,211,344,798,1107,865,1358,745,1966,651,1469,418,507,692,946,268,732,0,0,50,63,271,364,314,544,275,709,221,403,132,128,276,407,198,591,7153,4876,836,237,5549,6,14,17,8
2021-04-05T23:59:59+02:00,1,0,211,343,793,1100,857,1346,736,1948,644,1453,398,486,675,921,268,731,0,0,50,62,270,360,313,540,271,703,217,402,131,125,263,385,193,583,7108,4811,824,222,5433,6,14,17,8
2021-04-04T23:59:59+02:00,1,0,210,339,789,1090,851,1336,726,1931,637,1434,386,474,672,916,268,731,0,0,50,61,269,359,312,540,271,703,216,402,129,124,254,372,190,581,7082,4777,819,222,5346,6,12,17,8
2021-04-03T23:59:59+02:00,1,0,210,339,787,1090,849,1334,726,1926,630,1431,378,468,669,907,268,730,0,0,50,61,269,359,312,540,271,702,216,400,129,124,254,370,190,579,7046,4770,819,222,5332,6,12,17,8
2021-04-02T23:59:59+02:00,1,0,210,337,786,1087,847,1332,721,1916,622,1420,368,459,656,896,267,729,0,0,50,60,266,357,308,538,268,694,211,391,127,123,247,351,189,566,6991,4691,812,219,5304,6,12,15,8
2021-04-01T23:59:59+02:00,1,0,207,334,780,1073,835,1318,715,1896,608,1401,353,435,623,863,266,723,0,0,48,59,258,350,304,534,266,686,209,386,119,121,231,326,186,545,6900,4581,768,212,5212,5,10,15,8
2021-03-31T23:59:59+02:00,1,0,203,332,772,1064,825,1304,705,1847,598,1360,342,422,599,817,263,720,0,0,48,59,257,349,299,531,262,684,203,382,114,118,217,299,184,524,6825,4493,721,204,5076,5,8,15,8
2021-03-30T23:59:59+02:00,1,0,200,326,766,1054,819,1281,692,1806,588,1316,329,406,574,780,261,720,0,0,48,58,254,345,294,528,261,679,200,376,111,116,207,280,180,510,6744,4411,683,199,4940,5,8,13,8
2021-03-29T23:59:59+02:00,1,0,196,321,761,1037,814,1267,682,1775,578,1278,325,392,547,742,259,713,0,0,48,56,251,343,293,526,260,675,197,369,107,114,197,268,174,498,6638,4347,662,193,4834,3,8,13,8
2021-03-28T23:59:59+02:00,1,0,190,304,751,1026,805,1259,677,1753,575,1260,323,377,520,715,257,711,0,0,48,55,248,342,290,520,256,672,196,366,104,112,190,259,171,497,6592,4303,628,187,4725,3,8,13,8
2021-03-27T23:59:59+01:00,1,0,190,301,745,1020,800,1255,671,1741,573,1251,319,368,513,705,257,710,0,0,48,55,248,342,290,520,252,666,193,362,102,111,186,252,167,487,6549,4265,620,180,4687,3,8,13,8
2021-03-26T23:59:59+01:00,1,0,186,299,733,1005,791,1237,658,1723,564,1228,311,357,509,691,255,706,0,0,46,55,247,342,289,518,252,665,187,350,97,104,175,235,160,476,6480,4184,602,179,4603,3,6,13,8
2021-03-25T23:59:59+01:00,1,0,182,297,724,990,769,1208,641,1686,553,1188,303,344,492,666,253,702,0,0,46,54,244,337,285,517,245,662,187,349,91,103,158,213,154,451,6398,4086,588,170,4440,3,6,13,8
2021-03-24T23:59:59+01:00,1,0,179,290,714,976,759,1192,630,1650,537,1155,292,330,472,642,250,699,0,0,46,54,242,335,283,515,243,662,183,345,89,100,143,207,148,418,6315,4010,563,163,4312,2,6,13,8
2021-03-23T23:59:59+01:00,1,0,175,285,706,960,744,1175,618,1626,522,1117,286,319,453,626,245,696,0,0,45,54,240,333,280,512,238,657,181,341,85,95,137,200,138,392,6251,3928,545,158,4177,2,6,13,8
2021-03-22T23:59:59+01:00,1,0,171,274,686,937,722,1151,605,1591,507,1093,281,309,441,610,244,689,0,0,45,54,238,330,276,510,235,650,180,339,85,92,130,192,121,363,6170,3842,523,155,4033,1,6,13,8
2021-03-21T23:59:59+01:00,1,0,165,270,674,924,708,1142,593,1562,499,1061,274,301,426,604,242,687,0,0,45,54,235,330,274,508,234,649,178,337,84,89,128,191,116,360,6113,3819,505,151,3925,1,4,12,7
2021-03-20T23:59:59+01:00,1,0,163,269,665,919,703,1138,586,1556,496,1058,270,295,412,590,240,685,0,0,45,54,235,330,273,508,233,647,178,333,83,88,124,185,112,353,6075,3790,501,149,3876,1,4,11,7
2021-03-19T23:59:59+01:00,1,0,153,258,660,899,692,1131,580,1537,484,1045,255,274,396,566,234,677,0,0,43,54,234,329,272,507,231,640,177,329,80,85,116,175,108,334,5997,3725,461,147,3785,1,3,11,7
2021-03-18T23:59:59+01:00,1,0,148,251,640,881,674,1096,561,1484,466,998,240,258,382,543,231,659,0,0,43,54,232,325,270,499,231,634,175,322,80,82,108,167,104,320,5906,3661,424,138,3573,1,3,11,7
2021-03-17T23:59:59+01:00,0,0,142,245,627,861,661,1089,556,1471,459,980,226,245,364,527,228,653,0,0,43,53,232,321,269,496,229,632,175,321,80,82,103,162,96,309,5811,3617,396,137,3507,1,3,10,7
2021-03-16T23:59:59+01:00,0,0,138,236,611,846,643,1078,544,1429,449,955,218,230,343,493,224,641,0,0,43,52,232,318,269,490,227,631,174,320,75,82,98,157,94,291,5717,3571,365,133,3369,1,2,10,7
2021-03-15T23:59:59+01:00,0,0,133,229,595,826,632,1056,533,1397,432,919,211,222,330,469,220,634,0,0,42,52,231,315,267,487,226,630,172,319,74,80,92,151,92,279,5622,3528,336,131,3247,1,1,9,7
2021-03-14T23:59:59+01:00,0,0,128,218,578,808,616,1035,524,1354,420,873,202,210,319,457,214,630,0,0,42,52,231,312,265,486,225,625,171,314,73,80,90,147,90,276,5551,3511,324,119,3073,1,0,8,7
2021-03-13T23:59:59+01:00,0,0,125,205,548,779,583,1009,499,1329,399,853,187,200,311,444,211,626,0,0,42,52,231,312,265,486,224,625,171,313,73,80,87,143,77,261,5347,3472,320,119,2981,1,0,8,7
2021-03-12T23:59:59+01:00,0,0,114,196,515,752,563,981,477,1291,375,819,171,189,286,413,209,606,0,0,42,52,231,311,264,486,224,625,171,312,67,79,83,137,74,254,5108,3440,313,119,2861,1,0,8,6
2021-03-11T23:59:59+01:00,0,0,106,186,481,706,523,943,438,1215,352,767,158,167,258,372,204,584,0,0,42,51,230,308,260,482,222,621,168,309,67,77,78,131,72,241,4859,3409,301,97,2596,1,0,8,5
2021-03-10T23:59:59+01:00,0,0,104,176,456,679,503,924,421,1176,335,727,142,151,241,341,199,551,0,0,41,51,228,303,256,476,219,615,168,307,64,76,74,129,70,232,4681,3368,287,85,2450,1,0,8,5
2021-03-09T23:59:59+01:00,0,0,104,171,442,648,473,894,406,1132,323,694,136,143,229,323,193,538,0,0,41,51,227,300,253,468,217,611,164,303,63,74,72,127,63,223,4594,3326,270,75,2263,1,0,8,4
2021-03-08T23:59:59+01:00,0,0,101,162,425,630,455,877,395,1080,313,654,132,135,214,302,188,525,0,0,41,51,227,296,250,463,212,606,157,299,60,73,67,124,62,222,4509,3296,254,57,2098,1,0,8,3
2021-03-07T23:59:59+01:00,0,0,98,158,419,617,444,861,385,1065,309,648,130,135,207,289,186,524,0,0,41,50,226,295,250,461,210,605,157,299,60,73,65,122,61,221,4462,3285,244,54,2037,0,0,8,3
2021-03-06T23:59:59+01:00,0,0,97,152,416,607,437,837,374,1014,299,616,128,134,201,281,184,519,0,0,41,50,226,295,249,460,210,604,157,299,60,73,63,122,60,216,4424,3280,244,48,1891,0,0,8,3
2021-03-05T23:59:59+01:00,0,0,95,146,410,594,433,829,372,996,290,593,122,124,189,260,176,507,0,0,41,50,225,292,248,459,209,601,156,297,60,73,61,121,59,208,4341,3263,235,39,1815,0,0,8,3
2021-03-04T23:59:59+01:00,0,0,92,132,399,555,414,795,355,951,279,565,113,122,170,231,169,482,0,0,41,49,223,285,246,453,207,588,153,296,58,73,61,121,59,207,4234,3221,217,38,1624,0,0,8,3
2021-03-03T23:59:59+01:00,0,0,85,122,389,539,404,777,348,930,270,546,111,119,157,224,163,449,0,0,41,48,223,285,245,451,203,580,153,290,58,73,60,119,59,207,4160,3196,211,35,1506,0,0,8,3
2021-03-02T23:59:59+01:00,0,0,82,119,376,522,387,759,340,911,263,524,108,113,148,215,152,420,0,0,40,48,223,285,245,445,198,573,151,287,58,73,60,116,59,205,4067,3166,204,34,1406,0,0,8,3
2021-03-01T23:59:59+01:00,0,0,81,117,370,508,379,737,329,886,257,496,107,112,141,205,131,386,0,0,40,47,221,284,242,437,196,565,151,284,58,73,60,115,58,205,3977,3134,199,34,1299,0,0,8,3
2021-02-28T23:59:59+01:00,0,0,81,115,362,498,374,729,326,862,252,478,102,104,139,202,126,382,0,0,40,47,220,284,241,436,195,565,151,284,58,73,59,115,58,204,3952,3130,194,33,1216,0,0,8,2
2021-02-27T23:59:59+01:00,0,0,78,106,356,491,369,720,319,851,249,469,100,102,137,196,119,370,0,0,40,47,220,283,241,435,194,564,149,283,58,73,59,115,58,204,3916,3128,187,28,1155,0,0,8,2
2021-02-26T23:59:59+01:00,0,0,75,100,348,466,343,685,297,820,238,448,97,98,129,186,116,352,0,0,40,46,219,282,241,433,193,561,145,281,58,73,59,114,58,202,3859,3110,185,28,971,0,0,8,1
2021-02-25T23:59:59+01:00,0,0,66,89,334,444,331,656,289,792,227,425,92,98,121,179,113,340,0,0,40,46,217,278,236,430,191,553,140,280,58,71,57,112,57,202,3806,3079,177,20,818,0,0,8,1
2021-02-24T23:59:59+01:00,0,0,61,82,327,430,323,639,284,775,224,417,91,98,116,175,104,329,0,0,37,46,215,275,233,417,189,544,138,275,55,70,54,112,57,202,3763,3034,172,14,741,0,0,8,1
2021-02-23T23:59:59+01:00,0,0,59,73,312,410,313,621,278,757,218,409,86,96,111,171,102,308,0,0,35,46,214,273,230,410,188,538,133,272,54,70,54,108,57,200,3712,3000,167,10,640,0,0,8,1
2021-02-22T23:59:59+01:00,0,0,57,71,306,398,308,612,276,748,216,405,84,93,102,163,100,297,0,0,35,44,211,271,228,396,181,527,129,269,53,70,53,108,57,200,3666,2953,160,4,599,0,0,7,1
2021-02-21T23:59:59+01:00,0,0,56,70,299,392,305,602,271,739,211,402,83,91,101,161,98,295,0,0,35,43,209,269,227,393,180,518,128,268,53,70,53,108,57,199,3656,2929,157,4,549,0,0,6,1
2021-02-20T23:59:59+01:00,0,0,55,70,297,391,304,599,270,732,211,397,81,91,98,156,85,280,0,0,35,41,209,269,227,393,179,518,126,267,53,70,52,108,57,197,3617,2920,156,4,527,0,0,6,1
2021-02-19T23:59:59+01:00,0,0,54,70,294,385,297,577,259,706,209,385,77,88,93,148,82,272,0,0,35,40,209,269,226,392,179,517,126,267,53,70,51,107,56,195,3583,2911,154,4,438,0,0,5,1
2021-02-18T23:59:59+01:00,0,0,51,65,276,361,289,554,251,685,194,361,76,84,91,143,80,263,0,0,34,39,203,260,223,386,175,502,126,257,53,68,51,105,53,191,3553,2844,145,4,299,0,0,5,1
2021-02-17T23:59:59+01:00,0,0,51,63,269,355,287,538,243,672,190,341,74,82,86,141,78,253,0,0,32,38,199,253,216,372,171,484,123,246,49,66,51,102,52,187,3503,2755,144,3,243,0,0,5,1
2021-02-16T23:59:59+01:00,0,0,50,58,256,339,283,527,238,656,185,333,72,81,83,139,71,245,0,0,29,38,190,244,209,352,165,472,119,233,49,61,41,86,43,178,3463,2622,141,3,177,0,0,5,1
2021-02-15T23:59:59+01:00,0,0,50,57,251,336,276,515,235,650,181,327,70,81,78,135,70,244,0,0,28,37,181,236,204,344,159,462,115,226,46,58,41,81,39,171,3434,2540,140,3,144,0,0,5,1
2021-02-14T23:59:59+01:00,0,0,48,56,249,332,273,508,232,644,181,322,69,78,75,134,69,240,0,0,26,37,179,232,201,339,158,449,114,223,46,58,40,80,37,164,3421,2494,127,3,122,0,0,5,1
2021-02-13T23:59:59+01:00,0,0,47,56,249,332,271,508,232,643,181,322,69,78,74,134,69,239,0,0,26,37,178,231,198,339,157,448,113,220,45,57,39,79,36,159,3417,2474,127,1,120,0,0,5,1
2021-02-12T23:59:59+01:00,0,0,46,54,246,327,268,499,228,632,178,319,69,77,72,134,69,238,0,0,25,37,177,227,197,338,156,446,110,219,43,56,39,75,32,151,3407,2440,127,1,80,0,0,5,1
2021-02-11T23:59:59+01:00,0,0,45,52,239,304,262,482,221,609,166,309,66,76,70,132,69,232,0,0,25,34,160,204,190,307,147,403,105,200,38,54,34,64,29,134,3367,2231,103,1,18,0,0,5,0
2021-02-10T23:59:59+01:00,0,0,45,51,236,296,260,475,216,601,164,304,63,76,69,132,68,230,0,0,23,31,146,181,174,267,126,354,98,177,34,52,32,61,25,124,3334,1996,93,1,8,0,0,5,0
2021-02-09T23:59:59+01:00,0,0,43,50,235,293,258,465,211,593,161,301,62,76,69,130,68,230,0,0,23,29,128,155,158,243,112,311,92,151,27,47,31,48,22,110,3312,1767,77,1,4,0,0,5,0
2021-02-08T23:59:59+01:00,0,0,43,50,232,291,250,451,207,581,156,296,59,76,69,128,68,229,0,0,20,28,111,132,136,203,92,272,87,141,19,45,25,41,22,95,3266,1542,61,1,4,0,0,4,0
2021-02-07T23:59:59+01:00,0,0,43,49,229,290,248,450,206,578,155,296,59,76,68,127,68,228,0,0,19,22,106,121,126,191,87,252,82,131,19,43,24,33,22,88,3257,1436,57,1,0,0,0,3,0
2021-02-06T23:59:59+01:00,0,0,43,49,229,290,248,449,206,578,154,295,58,76,67,127,67,223,0,0,15,19,105,120,125,187,85,245,82,129,18,42,24,30,19,88,3253,1399,50,1,0,0,0,3,0
2021-02-05T23:59:59+01:00,0,0,42,48,229,290,248,448,205,576,152,294,58,76,67,126,66,213,0,0,13,16,96,112,121,182,84,241,82,121,17,42,24,26,17,85,3239,1341,41,0,0,0,0,3,0
2021-02-04T23:59:59+01:00,0,0,42,48,226,286,243,444,201,570,150,291,58,74,66,124,66,212,0,0,12,12,66,80,98,136,72,206,65,101,16,37,21,22,15,73,3200,1078,41,0,0,0,0,3,0
2021-02-03T23:59:59+01:00,0,0,41,47,226,283,242,432,199,564,149,288,58,73,65,123,66,212,0,0,9,7,51,61,75,111,54,160,55,72,12,17,17,16,10,57,3170,817,38,0,0,0,0,3,0
2021-02-02T23:59:59+01:00,0,0,40,47,225,280,238,426,198,558,145,287,57,73,63,120,64,209,0,0,7,5,34,42,59,81,43,103,45,50,10,14,12,11,5,40,3131,583,37,0,0,0,0,3,0
2021-02-01T23:59:59+01:00,0,0,39,45,223,280,233,420,194,552,142,280,57,72,61,119,64,209,0,0,5,3,26,22,32,48,29,64,27,28,8,9,8,5,2,23,3090,351,37,0,0,0,0,2,0
2021-01-31T23:59:59+01:00,0,0,39,45,222,279,231,414,192,544,141,280,57,72,60,118,64,208,0,0,5,3,23,17,23,38,23,53,21,24,8,6,7,5,2,21,3066,289,35,0,0,0,0,2,0
2021-01-30T23:59:59+01:00,0,0,39,45,222,279,231,413,191,544,141,280,57,72,59,118,64,205,0,0,5,3,21,16,21,38,21,49,20,23,7,5,7,4,2,20,3061,271,34,0,0,0,0,2,0
2021-01-29T23:59:59+01:00,0,0,39,45,222,277,230,412,190,543,139,278,57,72,58,117,63,204,0,0,5,1,16,11,16,30,18,43,16,21,6,4,6,4,2,19,3051,225,30,0,0,0,0,1,0
2021-01-28T23:59:59+01:00,0,0,39,44,212,274,229,407,188,534,137,274,57,72,57,116,61,203,0,0,5,1,6,3,9,17,10,25,9,9,3,2,4,1,0,18,3017,125,22,0,0,0,0,1,0
2021-01-27T23:59:59+01:00,0,0,38,43,208,267,225,397,186,520,134,265,54,70,57,113,60,200,0,0,2,1,4,3,8,15,9,22,8,9,3,2,2,1,0,14,2948,105,18,0,0,0,0,1,0
2021-01-26T23:59:59+01:00,0,0,34,43,205,255,220,384,182,502,130,258,53,65,51,106,52,192,0,0,2,1,3,3,8,15,9,21,8,9,3,2,2,1,0,11,2846,100,14,0,0,0,0,1,0
2021-01-25T23:59:59+01:00,0,0,34,42,195,251,217,373,179,491,126,248,51,63,50,103,46,190,0,0,2,1,2,3,6,13,8,18,8,9,3,2,2,0,0,9,2780,88,4,0,0,0,0,1,0
2021-01-24T23:59:59+01:00,0,0,33,41,192,248,215,372,178,489,126,247,51,63,48,100,45,189,0,0,2,1,1,3,5,13,8,18,8,9,3,2,2,0,0,9,2758,86,3,0,0,0,0,1,0
2021-01-23T23:59:59+01:00,0,0,33,41,192,248,213,372,178,489,126,247,51,62,48,99,45,186,0,0,2,1,1,3,5,12,8,17,7,9,3,2,2,0,0,9,2750,83,3,0,0,0,0,1,0
2021-01-22T23:59:59+01:00,0,0,31,40,191,244,212,372,178,487,124,247,51,62,48,99,43,180,0,0,2,0,1,3,4,12,8,16,7,9,3,2,2,0,0,9,2729,80,3,0,0,0,0,1,0
2021-01-21T23:59:59+01:00,0,0,27,38,180,230,206,356,174,466,122,234,49,62,44,90,42,176,0,0,2,0,1,3,1,7,7,11,5,5,3,2,1,0,0,7,2610,57,3,0,0,0,0,0,0
2021-01-20T23:59:59+01:00,0,0,26,36,162,205,188,312,144,411,112,211,44,59,41,85,36,161,0,0,2,0,1,3,1,7,7,10,5,4,3,2,1,0,0,7,2336,55,2,0,0,0,0,0,0
2021-01-19T23:59:59+01:00,0,0,26,33,136,178,171,276,135,369,107,189,32,52,32,70,32,146,0,0,1,0,1,3,1,5,4,8,3,3,2,0,1,0,0,4,2075,37,2,0,0,0,0,0,0
2021-01-18T23:59:59+01:00,0,0,21,32,122,157,149,235,118,321,100,165,28,49,29,58,30,125,0,0,1,0,1,1,0,2,3,6,2,3,1,0,1,0,0,4,1823,26,2,0,0,0,0,0,0
2021-01-17T23:59:59+01:00,0,0,19,23,116,143,141,222,109,294,95,154,28,44,29,51,28,110,0,0,1,0,0,0,0,1,1,4,2,2,1,0,1,0,0,1,1682,14,2,0,0,0,0,0,0
2021-01-16T23:59:59+01:00,0,0,16,21,113,141,139,217,106,284,94,147,25,43,28,45,22,107,0,0,0,0,0,0,0,0,0,0,0,0,0,0,0,0,0,0,1622,0,0,0,0,0,0,0,0
2021-01-15T23:59:59+01:00,0,0,13,18,107,132,135,211,103,275,94,137,24,43,28,40,21,104,0,0,0,0,0,0,0,0,0,0,0,0,0,0,0,0,0,0,1554,0,0,0,0,0,0,0,0
2021-01-14T23:59:59+01:00,0,0,11,14,83,100,116,172,87,234,81,121,18,38,25,32,20,88,0,0,0,0,0,0,0,0,0,0,0,0,0,0,0,0,0,0,1293,0,0,0,0,0,0,0,0
2021-01-13T23:59:59+01:00,0,0,9,13,69,88,102,143,79,192,75,96,17,24,21,24,18,70,0,0,0,0,0,0,0,0,0,0,0,0,0,0,0,0,0,0,1083,0,0,0,0,0,0,0,0
2021-01-12T23:59:59+01:00,0,0,7,9,56,70,84,114,71,137,63,74,13,19,17,20,9,53,0,0,0,0,0,0,0,0,0,0,0,0,0,0,0,0,0,0,852,0,0,0,0,0,0,0,0
2021-01-11T23:59:59+01:00,0,0,5,7,48,52,70,86,56,109,47,55,12,14,8,9,4,28,0,0,0,0,0,0,0,0,0,0,0,0,0,0,0,0,0,0,635,0,0,0,0,0,0,0,0
2021-01-10T23:59:59+01:00,0,0,5,7,43,41,52,70,42,88,39,47,11,9,7,9,4,24,0,0,0,0,0,0,0,0,0,0,0,0,0,0,0,0,0,0,514,0,0,0,0,0,0,0,0
2021-01-09T23:59:59+01:00,0,0,5,6,38,40,47,67,39,80,37,43,10,9,7,8,4,23,0,0,0,0,0,0,0,0,0,0,0,0,0,0,0,0,0,0,477,0,0,0,0,0,0,0,0
2021-01-08T23:59:59+01:00,0,0,5,5,31,32,41,58,30,67,31,38,7,6,5,7,3,21,0,0,0,0,0,0,0,0,0,0,0,0,0,0,0,0,0,0,398,0,0,0,0,0,0,0,0
2021-01-07T23:59:59+01:00,0,0,5,2,13,3,12,20,12,30,8,18,6,3,4,2,1,19,0,0,0,0,0,0,0,0,0,0,0,0,0,0,0,0,0,0,161,0,0,0,0,0,0,0,0
2021-01-06T23:59:59+01:00,0,0,5,1,6,3,7,17,9,24,7,10,4,3,2,2,1,16,0,0,0,0,0,0,0,0,0,0,0,0,0,0,0,0,0,0,120,0,0,0,0,0,0,0,0
2021-01-05T23:59:59+01:00,0,0,3,1,3,3,7,16,9,22,7,9,4,2,2,2,0,15,0,0,0,0,0,0,0,0,0,0,0,0,0,0,0,0,0,0,108,0,0,0,0,0,0,0,0
2021-01-04T23:59:59+01:00,0,0,2,1,3,3,7,15,8,19,7,9,3,2,2,1,0,10,0,0,0,0,0,0,0,0,0,0,0,0,0,0,0,0,0,0,94,0,0,0,0,0,0,0,0
2021-01-03T23:59:59+01:00,0,0,2,1,1,3,6,15,8,19,7,9,3,2,2,1,0,10,0,0,0,0,0,0,0,0,0,0,0,0,0,0,0,0,0,0,91,0,0,0,0,0,0,0,0
2021-01-02T23:59:59+01:00,0,0,2,1,1,3,6,15,7,19,6,9,3,2,2,1,0,10,0,0,0,0,0,0,0,0,0,0,0,0,0,0,0,0,0,0,89,0,0,0,0,0,0,0,0
2021-01-01T23:59:59+01:00,0,0,2,0,1,3,5,15,7,19,6,9,3,2,2,1,0,10,0,0,0,0,0,0,0,0,0,0,0,0,0,0,0,0,0,0,87,0,0,0,0,0,0,0,0
2020-12-31T23:59:59+01:00,0,0,2,0,1,3,5,14,7,19,6,9,3,2,2,1,0,10,0,0,0,0,0,0,0,0,0,0,0,0,0,0,0,0,0,0,86,0,0,0,0,0,0,0,0
2020-12-30T23:59:59+01:00,0,0,2,0,1,3,5,13,7,17,6,9,3,2,2,1,0,10,0,0,0,0,0,0,0,0,0,0,0,0,0,0,0,0,0,0,83,0,0,0,0,0,0,0,0
2020-12-29T23:59:59+01:00,0,0,1,0,1,3,4,8,4,14,4,7,2,1,2,0,0,8,0,0,0,0,0,0,0,0,0,0,0,0,0,0,0,0,0,0,60,0,0,0,0,0,0,0,0
2020-12-28T23:59:59+01:00,0,0,1,0,1,1,1,1,2,7,3,4,2,0,1,0,0,4,0,0,0,0,0,0,0,0,0,0,0,0,0,0,0,0,0,0,29,0,0,0,0,0,0,0,0
2020-12-27T23:59:59+01:00,0,0,1,0,0,0,0,1,1,7,1,2,1,0,1,0,0,2,0,0,0,0,0,0,0,0,0,0,0,0,0,0,0,0,0,0,17,0,0,0,0,0,0,0,0
