Datum,<24_1_m,<24_1_w,25-34_1_m,25-34_1_w,35-44_1_m,35-44_1_w,45-54_1_m,45-54_1_w,55-64_1_m,55-64_1_w,65-74_1_m,65-74_1_w,75-84_1_m,75-84_1_w,>84_1_m,>84_1_w,<24_2_m,<24_2_w,25-34_2_m,25-34_2_w,35-44_2_m,35-44_2_w,45-54_2_m,45-54_2_w,55-64_2_m,55-64_2_w,65-74_2_m,65-74_2_w,75-84_2_m,75-84_2_w,>84_2_m,>84_2_w,bp_1,bp_2,mo_1,mo_2,az_1,az_2,ja
2021-07-10T23:59:59+02:00,1867,1796,5761,4314,5953,4146,5486,6129,4233,4787,2296,2480,3019,3106,2702,5127,883,860,2875,2302,3204,2577,3245,4256,2830,3579,1599,1913,2167,2358,1939,3792,43792,26597,6933,3977,8749,5783,4260
2021-07-09T23:59:59+02:00,1851,1780,5707,4282,5916,4128,5445,6098,4220,4769,2294,2476,3019,3105,2702,5127,865,847,2838,2265,3165,2551,3203,4223,2809,3555,1598,1900,2165,2357,1939,3792,43604,26426,6905,3950,8746,5738,4196
2021-07-08T23:59:59+02:00,1809,1751,5627,4232,5835,4080,5380,6038,4190,4737,2288,2467,3017,3103,2702,5127,804,811,2712,2194,3021,2488,3091,4139,2756,3495,1585,1886,2163,2348,1938,3792,43329,25988,6838,3782,8725,5668,4023
2021-07-07T23:59:59+02:00,1755,1714,5519,4174,5744,4036,5314,5984,4162,4690,2282,2458,3015,3099,2702,5127,766,785,2587,2131,2872,2424,2955,4046,2709,3432,1571,1862,2156,2341,1938,3790,42884,25513,6804,3581,8712,5602,3907
2021-07-06T23:59:59+02:00,1720,1693,5429,4137,5660,3999,5265,5920,4121,4659,2276,2452,3013,3095,2702,5127,738,768,2487,2046,2791,2371,2890,3963,2661,3379,1553,1835,2153,2336,1938,3790,42486,25069,6771,3492,8700,5532,3843
2021-07-05T23:59:59+02:00,1656,1657,5303,4071,5552,3964,5201,5867,4081,4625,2272,2447,3011,3094,2702,5125,703,743,2394,1978,2719,2329,2825,3894,2619,3327,1538,1821,2147,2327,1937,3787,42042,24724,6735,3438,8681,5460,3702
2021-07-04T23:59:59+02:00,1625,1626,5235,4039,5512,3939,5166,5847,4064,4607,2270,2445,3011,3092,2702,5124,671,721,2340,1937,2686,2308,2795,3862,2599,3307,1525,1803,2145,2326,1936,3787,41866,24600,6705,3384,8658,5393,3607
2021-07-03T23:59:59+02:00,1534,1556,5044,3894,5371,3855,5085,5764,4020,4571,2268,2442,3011,3088,2702,5124,636,700,2281,1896,2637,2289,2758,3819,2571,3282,1521,1797,2144,2322,1936,3786,41117,24440,6677,3382,8651,5373,3416
2021-07-02T23:59:59+02:00,1500,1520,4984,3859,5329,3824,5065,5742,4010,4554,2267,2436,3010,3087,2701,5124,620,679,2224,1853,2571,2250,2717,3773,2547,3244,1504,1781,2140,2316,1936,3784,40890,24182,6650,3356,8646,5280,3357
2021-07-01T23:59:59+02:00,1454,1490,4897,3800,5258,3785,5003,5682,3988,4529,2265,2432,3009,3086,2701,5123,556,643,2049,1787,2403,2174,2563,3671,2455,3162,1482,1762,2131,2304,1935,3782,40531,23476,6600,3158,8635,5193,3267
2021-06-30T23:59:59+02:00,1415,1454,4803,3726,5168,3746,4947,5637,3976,4506,2261,2425,3008,3083,2701,5123,526,616,1958,1730,2300,2131,2461,3588,2399,3091,1465,1739,2124,2292,1934,3781,40162,23053,6548,3052,8621,5085,3179
2021-06-29T23:59:59+02:00,1365,1385,4712,3648,5084,3696,4896,5580,3951,4477,2257,2421,3007,3083,2701,5122,501,584,1887,1665,2232,2072,2368,3481,2342,3043,1455,1708,2112,2280,1933,3778,39694,22614,6520,2990,8615,4985,3086
2021-06-28T23:59:59+02:00,1340,1335,4614,3599,5027,3653,4858,5543,3924,4452,2253,2414,3006,3081,2701,5122,491,567,1801,1611,2156,2019,2303,3404,2299,2996,1440,1692,2105,2274,1933,3776,39355,22320,6469,2862,8604,4895,3023
2021-06-27T23:59:59+02:00,1318,1312,4578,3569,4988,3628,4822,5527,3915,4446,2251,2410,3006,3080,2701,5122,480,554,1754,1577,2122,2002,2265,3369,2269,2982,1433,1682,2104,2265,1933,3776,39207,22197,6439,2811,8588,4823,2968
2021-06-26T23:59:59+02:00,1292,1289,4516,3527,4902,3588,4785,5498,3895,4432,2251,2408,3006,3078,2701,5122,475,547,1726,1558,2093,1986,2251,3351,2251,2965,1416,1672,2103,2263,1933,3776,38897,22017,6365,2809,8588,4803,2968
2021-06-25T23:59:59+02:00,1264,1249,4418,3462,4854,3564,4752,5473,3871,4421,2248,2407,3004,3077,2701,5122,467,529,1685,1538,2043,1923,2169,3225,2212,2873,1408,1654,2100,2259,1931,3775,38520,21630,6339,2790,8588,4632,2967
2021-06-24T23:59:59+02:00,1225,1205,4252,3360,4744,3515,4670,5434,3831,4395,2246,2404,3004,3076,2700,5122,433,510,1582,1477,1887,1862,2020,3152,2109,2782,1380,1634,2092,2254,1930,3772,37965,21172,6293,2506,8583,4556,2869
2021-06-23T23:59:59+02:00,1201,1180,4175,3319,4667,3470,4623,5396,3809,4363,2236,2399,3001,3074,2699,5122,405,493,1521,1428,1793,1820,1910,3064,2023,2700,1362,1612,2087,2248,1929,3770,37594,20694,6254,2434,8578,4426,2835
2021-06-22T23:59:59+02:00,1178,1166,4112,3265,4595,3432,4582,5356,3787,4338,2232,2393,3001,3073,2698,5122,392,476,1468,1395,1716,1772,1832,2960,1935,2622,1352,1588,2078,2236,1929,3766,37243,20316,6224,2325,8575,4286,2812
2021-06-21T23:59:59+02:00,1153,1134,4010,3187,4522,3392,4522,5298,3762,4321,2228,2381,3000,3068,2697,5120,379,462,1436,1364,1683,1732,1787,2883,1882,2549,1334,1557,2059,2215,1929,3763,36777,20065,6187,2239,8573,4150,2781
2021-06-20T23:59:59+02:00,1132,1110,3951,3137,4482,3378,4488,5281,3740,4311,2227,2379,2999,3068,2696,5120,365,450,1406,1342,1665,1712,1759,2857,1843,2518,1327,1544,2057,2209,1929,3762,36551,19919,6159,2207,8562,4091,2749
2021-06-19T23:59:59+02:00,1119,1096,3918,3114,4466,3360,4462,5261,3723,4302,2224,2377,2999,3067,2696,5120,360,447,1390,1329,1649,1692,1748,2834,1821,2491,1321,1536,2054,2208,1927,3761,36416,19782,6105,2180,8562,4085,2741
2021-06-18T23:59:59+02:00,1098,1075,3862,3080,4417,3327,4414,5225,3699,4291,2221,2373,2998,3065,2696,5120,351,438,1373,1312,1624,1664,1707,2788,1777,2444,1311,1526,2054,2203,1926,3758,36127,19521,6061,2178,8562,4047,2730
2021-06-17T23:59:59+02:00,1064,1052,3721,3015,4269,3264,4268,5146,3646,4249,2215,2370,2998,3064,2695,5120,324,422,1289,1283,1484,1608,1572,2700,1690,2372,1290,1508,2043,2192,1924,3756,35597,19100,6015,2094,8556,3974,2505
2021-06-16T23:59:59+02:00,1046,1025,3628,2940,4185,3220,4178,5090,3606,4221,2209,2367,2997,3061,2694,5119,312,404,1236,1250,1434,1580,1496,2622,1633,2307,1278,1484,2032,2179,1924,3751,35173,18740,5918,2030,8549,3905,2461
2021-06-15T23:59:59+02:00,1016,996,3500,2874,4127,3173,4107,5021,3572,4192,2201,2360,2992,3059,2694,5118,304,381,1189,1209,1391,1541,1438,2567,1572,2241,1263,1458,2027,2166,1924,3750,34693,18449,5888,1957,8540,3834,2393
2021-06-14T23:59:59+02:00,995,969,3417,2832,4045,3123,4032,4951,3521,4161,2197,2350,2992,3055,2693,5117,299,367,1155,1181,1352,1518,1400,2524,1524,2194,1253,1434,2022,2159,1923,3748,34273,18232,5805,1926,8536,3759,2346
2021-06-13T23:59:59+02:00,982,958,3374,2798,3997,3088,3987,4919,3504,4147,2196,2344,2991,3054,2693,5115,295,361,1125,1165,1323,1501,1359,2490,1499,2160,1240,1415,2016,2148,1923,3746,34045,18079,5776,1905,8532,3687,2303
2021-06-12T23:59:59+02:00,966,942,3348,2777,3971,3070,3973,4906,3490,4137,2193,2341,2990,3053,2693,5115,291,360,1120,1150,1309,1486,1343,2472,1480,2144,1231,1406,2007,2146,1923,3746,33879,17983,5766,1905,8532,3636,2296
2021-06-11T23:59:59+02:00,953,933,3313,2738,3900,3048,3939,4875,3466,4125,2192,2338,2989,3050,2693,5114,283,349,1102,1118,1287,1470,1304,2429,1432,2102,1222,1391,2005,2141,1923,3745,33620,17763,5743,1899,8529,3565,2280
2021-06-10T23:59:59+02:00,898,893,3215,2670,3779,2979,3856,4813,3419,4092,2189,2330,2987,3048,2692,5114,270,337,1046,1088,1227,1419,1243,2364,1360,2006,1196,1361,2001,2132,1923,3742,33105,17390,5639,1892,8513,3416,2218
2021-06-09T23:59:59+02:00,853,868,3103,2585,3653,2929,3767,4740,3378,4053,2185,2324,2984,3045,2692,5114,254,325,990,1058,1168,1394,1185,2291,1297,1946,1174,1307,1994,2119,1922,3739,32660,17114,5495,1845,8509,3300,2104
2021-06-08T23:59:59+02:00,808,837,2984,2506,3536,2853,3672,4664,3325,4027,2178,2319,2981,3042,2691,5112,241,310,948,1020,1123,1365,1135,2240,1258,1878,1153,1275,1983,2104,1919,3735,32154,16903,5366,1800,8499,3177,2005
2021-06-07T23:59:59+02:00,783,817,2890,2440,3413,2825,3557,4601,3278,4003,2164,2315,2980,3040,2691,5110,235,304,907,988,1076,1345,1091,2191,1197,1830,1140,1256,1971,2088,1918,3727,31814,16753,5203,1766,8494,3060,1879
2021-06-06T23:59:59+02:00,765,810,2838,2409,3339,2789,3493,4576,3253,3991,2161,2309,2978,3039,2689,5109,228,293,896,967,1050,1324,1078,2139,1172,1774,1125,1242,1965,2081,1916,3724,31629,16660,5079,1719,8490,2956,1829
2021-06-05T23:59:59+02:00,754,795,2775,2363,3297,2769,3461,4558,3240,3989,2161,2307,2978,3039,2689,5108,225,286,884,952,1033,1312,1056,2117,1143,1754,1111,1220,1965,2078,1916,3724,31395,16523,5074,1716,8484,2916,1809
2021-06-04T23:59:59+02:00,735,782,2738,2320,3231,2737,3404,4511,3217,3974,2157,2304,2976,3039,2689,5108,219,281,870,931,1019,1305,1039,2095,1123,1730,1096,1199,1958,2073,1916,3722,31108,16410,5033,1711,8482,2866,1776
2021-06-03T23:59:59+02:00,695,753,2599,2241,3068,2653,3241,4406,3135,3906,2149,2294,2972,3035,2689,5108,209,271,845,910,979,1267,983,2019,1073,1676,1061,1159,1950,2059,1916,3720,30500,16228,4812,1697,8468,2716,1636
2021-06-02T23:59:59+02:00,672,748,2549,2188,3030,2627,3192,4361,3103,3884,2147,2291,2972,3034,2689,5108,197,267,833,895,954,1257,949,1993,1031,1635,1049,1127,1948,2056,1916,3720,30206,16039,4796,1684,8467,2687,1594
2021-06-01T23:59:59+02:00,632,723,2416,2089,2867,2546,3039,4269,3049,3823,2137,2283,2969,3029,2689,5108,188,255,765,857,884,1210,884,1896,985,1565,1021,1072,1939,2046,1914,3715,29635,15783,4602,1648,8457,2501,1434
2021-05-31T23:59:59+02:00,601,703,2311,2031,2754,2479,2950,4189,2999,3780,2132,2270,2967,3026,2689,5107,177,244,734,833,842,1186,852,1829,950,1514,1001,1047,1933,2041,1912,3713,29290,15633,4384,1634,8440,2378,1332
2021-05-30T23:59:59+02:00,593,697,2270,1995,2704,2457,2916,4157,2981,3758,2129,2266,2967,3025,2688,5105,170,234,709,808,810,1155,828,1783,932,1463,989,1032,1928,2033,1912,3711,29155,15552,4325,1624,8431,2234,1254
2021-05-29T23:59:59+02:00,591,695,2256,1981,2684,2448,2900,4140,2971,3749,2128,2265,2967,3025,2688,5105,167,226,704,800,792,1132,816,1735,921,1430,979,1015,1927,2028,1911,3711,29044,15482,4323,1624,8428,2101,1253
2021-05-28T23:59:59+02:00,586,686,2232,1949,2645,2423,2875,4124,2962,3734,2128,2261,2965,3020,2688,5105,165,219,695,790,783,1114,807,1700,892,1392,962,988,1925,2020,1910,3709,28845,15335,4314,1622,8427,2028,1249
2021-05-27T23:59:59+02:00,544,670,2112,1904,2521,2360,2747,4053,2883,3684,2119,2249,2964,3018,2688,5102,152,205,638,741,710,1063,732,1605,830,1310,940,957,1911,2002,1909,3707,28414,15143,4190,1585,8403,1786,1057
2021-05-26T23:59:59+02:00,522,648,2020,1841,2368,2306,2624,3996,2831,3633,2108,2239,2960,3011,2685,5096,148,193,601,703,665,1029,694,1537,786,1256,925,931,1892,1969,1904,3701,28048,14932,3974,1576,8381,1657,926
2021-05-25T23:59:59+02:00,501,636,1942,1793,2273,2267,2524,3920,2786,3601,2096,2231,2957,3006,2684,5092,142,186,584,674,635,996,654,1481,744,1197,907,910,1868,1938,1903,3697,27734,14740,3805,1542,8344,1527,864
2021-05-24T23:59:59+02:00,491,622,1892,1759,2204,2237,2464,3872,2739,3563,2085,2224,2951,3005,2682,5091,139,179,565,658,610,969,622,1426,723,1146,888,897,1862,1936,1899,3696,27578,14662,3659,1534,8312,1410,766
2021-05-23T23:59:59+02:00,488,621,1880,1751,2194,2225,2456,3859,2728,3548,2082,2221,2951,3003,2682,5091,138,178,561,655,604,966,607,1417,716,1140,884,891,1858,1932,1897,3692,27482,14600,3656,1528,8311,1401,764
2021-05-22T23:59:59+02:00,483,613,1861,1737,2168,2213,2438,3832,2702,3524,2075,2217,2950,3000,2682,5090,135,171,554,650,600,958,596,1413,712,1132,874,885,1852,1918,1897,3692,27296,14544,3655,1528,8309,1368,755
2021-05-21T23:59:59+02:00,472,601,1788,1710,2095,2172,2386,3788,2664,3485,2068,2205,2947,2999,2682,5089,135,168,550,643,589,950,585,1401,693,1114,861,862,1840,1914,1897,3691,26899,14463,3630,1527,8296,1307,752
2021-05-20T23:59:59+02:00,439,583,1660,1644,1973,2105,2270,3698,2585,3401,2048,2192,2939,2991,2680,5085,128,161,523,609,557,913,560,1346,665,1053,840,833,1829,1902,1895,3688,26279,14347,3520,1514,8228,1109,684
2021-05-19T23:59:59+02:00,405,550,1560,1578,1842,2048,2145,3604,2492,3314,2032,2175,2932,2986,2674,5084,115,153,496,589,525,881,531,1296,639,995,822,816,1809,1872,1888,3683,25613,14182,3456,1494,8194,1015,567
2021-05-18T23:59:59+02:00,385,532,1487,1523,1754,1995,2040,3486,2407,3225,2020,2156,2924,2978,2673,5080,108,147,473,570,504,850,517,1220,621,933,810,789,1799,1853,1884,3676,25155,14060,3301,1458,8143,914,468
2021-05-17T23:59:59+02:00,366,521,1439,1489,1710,1951,1978,3393,2368,3159,2003,2138,2914,2971,2671,5077,103,140,455,556,498,815,508,1158,612,880,794,760,1795,1842,1883,3671,24889,13985,3194,1432,8087,818,378
2021-05-16T23:59:59+02:00,362,520,1415,1464,1679,1930,1940,3343,2318,3109,1989,2131,2911,2967,2671,5076,101,138,447,537,488,799,498,1112,593,841,767,733,1791,1838,1883,3670,24735,13939,3129,1401,8054,732,305
2021-05-15T23:59:59+02:00,358,517,1389,1448,1664,1910,1924,3322,2298,3081,1983,2131,2910,2965,2670,5076,101,135,445,537,488,798,493,1108,587,832,764,731,1787,1835,1883,3670,24561,13909,3129,1401,8050,724,301
2021-05-14T23:59:59+02:00,349,506,1364,1418,1625,1873,1850,3255,2255,3044,1977,2124,2907,2965,2668,5076,99,132,443,522,470,773,475,1077,576,817,751,717,1781,1827,1883,3669,24239,13857,3091,1386,8031,623,285
2021-05-13T23:59:59+02:00,331,492,1312,1377,1530,1833,1737,3172,2188,2962,1954,2107,2898,2961,2666,5070,95,129,433,515,460,759,470,1063,566,805,729,692,1769,1804,1882,3663,23839,13782,2889,1342,7985,587,259
2021-05-12T23:59:59+02:00,324,489,1297,1369,1516,1826,1719,3150,2176,2950,1951,2100,2892,2958,2666,5069,95,127,431,515,459,753,466,1059,564,799,722,680,1765,1797,1880,3663,23725,13734,2869,1334,7981,586,256
2021-05-11T23:59:59+02:00,308,470,1235,1336,1423,1792,1619,3057,2082,2883,1935,2074,2884,2947,2662,5068,89,117,417,490,439,728,448,1027,536,779,703,651,1754,1788,1878,3659,23347,13634,2720,1302,7880,499,203
2021-05-10T23:59:59+02:00,295,456,1199,1310,1375,1764,1557,3002,2033,2820,1924,2059,2875,2938,2661,5064,89,114,411,483,431,708,441,1005,532,756,695,637,1748,1782,1876,3655,23097,13579,2649,1296,7780,447,176
2021-05-09T23:59:59+02:00,291,446,1159,1293,1354,1750,1511,2967,1980,2783,1915,2046,2872,2932,2661,5059,86,112,405,475,424,701,432,998,523,744,687,627,1742,1778,1875,3652,22895,13545,2599,1290,7736,403,155
2021-05-08T23:59:59+02:00,285,444,1152,1276,1333,1738,1493,2949,1953,2771,1909,2039,2870,2931,2659,5058,85,112,404,475,422,700,431,993,523,738,685,626,1736,1768,1875,3652,22741,13529,2596,1282,7733,391,155
2021-05-07T23:59:59+02:00,275,437,1129,1252,1289,1720,1438,2891,1907,2724,1900,2029,2869,2926,2657,5053,82,109,393,462,412,674,418,960,503,712,680,604,1718,1755,1875,3648,22495,13468,2569,1260,7673,288,121
2021-05-06T23:59:59+02:00,260,426,1048,1217,1183,1664,1307,2782,1786,2637,1866,2003,2865,2914,2656,5049,80,103,381,449,401,659,406,939,485,693,668,591,1705,1742,1871,3641,22040,13404,2402,1242,7478,206,93
2021-05-05T23:59:59+02:00,247,414,1014,1193,1147,1629,1242,2718,1714,2565,1844,1972,2851,2899,2656,5037,80,99,377,441,397,647,401,929,480,676,650,579,1684,1724,1871,3638,21628,13337,2346,1220,7427,161,86
2021-05-04T23:59:59+02:00,240,404,980,1171,1111,1608,1200,2674,1665,2506,1825,1941,2841,2885,2646,5024,76,97,370,431,395,643,393,911,472,659,635,560,1668,1699,1867,3638,21312,13249,2285,1190,7385,125,80
2021-05-03T23:59:59+02:00,238,396,953,1151,1077,1593,1170,2642,1626,2471,1809,1913,2828,2876,2644,5018,72,91,359,426,387,635,391,903,466,652,622,551,1648,1675,1865,3634,21081,13162,2263,1183,7341,104,56
2021-05-02T23:59:59+02:00,233,394,940,1141,1053,1578,1151,2630,1611,2450,1802,1899,2823,2873,2642,5015,70,91,354,424,384,630,388,897,463,647,614,543,1630,1664,1865,3633,20966,13130,2248,1163,7311,91,41
2021-05-01T23:59:59+02:00,231,391,933,1133,1044,1570,1139,2617,1598,2432,1795,1893,2821,2869,2642,5015,70,91,354,423,383,630,387,893,463,646,612,543,1630,1664,1865,3633,20853,13123,2248,1163,7311,88,41
2021-04-30T23:59:59+02:00,229,385,923,1114,1024,1554,1111,2556,1546,2380,1783,1876,2815,2864,2641,5011,69,89,353,419,380,624,386,869,458,637,605,537,1627,1658,1865,3631,20578,13108,2243,1151,7307,65,11
2021-04-29T23:59:59+02:00,218,375,883,1095,991,1519,1067,2505,1460,2313,1739,1831,2806,2853,2637,4999,69,88,348,418,376,619,381,858,448,626,595,526,1612,1646,1859,3625,20146,13044,2207,1124,7251,44,10
2021-04-28T23:59:59+02:00,207,374,871,1081,962,1509,1034,2471,1395,2258,1704,1773,2795,2848,2635,4996,66,87,341,415,373,610,378,849,442,615,581,511,1598,1630,1859,3623,19855,12977,2169,1088,7201,31,9
2021-04-27T23:59:59+02:00,206,368,859,1068,949,1497,1010,2447,1376,2231,1676,1729,2789,2842,2633,4992,64,84,339,412,372,605,376,845,436,610,574,501,1586,1607,1855,3620,19666,12918,2144,1060,7169,26,9
2021-04-26T23:59:59+02:00,204,362,850,1061,941,1489,987,2430,1326,2187,1657,1709,2779,2831,2630,4986,64,84,337,409,372,604,372,843,432,604,566,491,1571,1592,1853,3616,19491,12876,2130,1027,7111,24,9
2021-04-25T23:59:59+02:00,204,361,842,1052,930,1482,973,2415,1295,2157,1635,1687,2772,2824,2630,4985,63,83,337,404,369,603,371,840,431,603,564,486,1566,1583,1853,3614,19370,12860,2106,1011,7068,16,9
2021-04-24T23:59:59+02:00,200,357,832,1046,918,1469,962,2399,1268,2137,1626,1664,2769,2820,2630,4985,63,83,337,404,369,603,371,840,430,600,563,483,1565,1581,1853,3614,19220,12856,2106,1003,7054,16,9
2021-04-23T23:59:59+02:00,197,351,822,1036,912,1462,943,2386,1213,2096,1604,1638,2763,2814,2630,4982,62,82,337,404,369,602,370,837,427,596,556,475,1557,1573,1853,3609,19083,12832,2095,977,6964,16,9
2021-04-22T23:59:59+02:00,197,343,800,1018,891,1443,917,2346,1165,2040,1563,1592,2752,2794,2628,4973,62,81,336,400,365,596,367,828,422,591,546,468,1539,1561,1848,3604,18814,12768,2041,953,6896,9,9
2021-04-21T23:59:59+02:00,192,338,782,1005,869,1426,882,2310,1116,1998,1519,1537,2732,2773,2621,4965,60,79,333,398,364,593,364,824,419,584,541,462,1527,1539,1837,3599,18497,12699,2011,931,6843,9,9
2021-04-20T23:59:59+02:00,188,333,767,982,854,1407,864,2261,1083,1951,1468,1474,2705,2750,2615,4950,59,79,331,397,361,590,360,819,419,577,535,454,1505,1509,1834,3595,18212,12622,1942,909,6782,9,9
2021-04-19T23:59:59+02:00,187,325,756,971,842,1390,851,2235,1061,1920,1438,1432,2694,2738,2613,4945,59,78,330,395,357,585,357,810,414,567,531,448,1478,1484,1828,3584,18034,12533,1927,882,6721,7,8
2021-04-18T23:59:59+02:00,186,322,748,964,830,1381,834,2222,1041,1902,1409,1396,2685,2733,2607,4939,58,76,329,394,357,585,356,805,412,565,529,443,1469,1478,1825,3582,17922,12507,1898,866,6659,7,8
2021-04-17T23:59:59+02:00,184,318,745,962,825,1379,827,2218,1036,1896,1394,1373,2680,2726,2607,4939,58,73,327,391,356,585,354,801,412,562,526,437,1461,1471,1825,3581,17852,12466,1897,864,6639,7,8
2021-04-16T23:59:59+02:00,183,317,739,956,813,1363,818,2199,1002,1856,1345,1314,2669,2711,2603,4932,53,71,324,385,355,584,350,789,406,548,503,409,1449,1450,1814,3568,17645,12367,1882,801,6571,6,8
2021-04-15T23:59:59+02:00,182,313,719,941,796,1354,794,2156,961,1819,1300,1267,2641,2684,2588,4916,51,71,320,379,350,583,342,784,396,545,489,402,1418,1419,1802,3553,17389,12259,1868,756,6448,5,8
2021-04-14T23:59:59+02:00,181,307,712,934,789,1341,785,2125,946,1792,1249,1227,2597,2621,2575,4900,49,67,316,376,348,579,339,776,387,534,474,388,1386,1390,1795,3535,17129,12135,1849,715,6373,5,8
2021-04-13T23:59:59+02:00,177,303,704,930,780,1331,776,2100,915,1766,1200,1161,2545,2564,2567,4885,47,67,313,373,340,575,333,768,379,525,461,380,1361,1369,1787,3525,16899,12043,1800,672,6273,4,8
2021-04-12T23:59:59+02:00,177,302,700,926,772,1319,756,2080,901,1747,1159,1127,2526,2534,2563,4871,46,63,303,367,335,569,328,760,374,519,446,370,1345,1356,1784,3517,16776,11960,1780,632,6169,4,8
2021-04-11T23:59:59+02:00,175,301,695,918,765,1314,747,2066,886,1731,1138,1103,2506,2512,2558,4864,45,61,298,365,333,567,327,756,369,512,441,361,1330,1352,1780,3511,16718,11910,1756,606,6068,4,8
2021-04-10T23:59:59+02:00,175,301,695,917,763,1313,741,2057,880,1726,1128,1090,2495,2497,2558,4864,40,56,275,353,317,552,313,745,354,502,429,353,1320,1333,1775,3505,16669,11738,1748,590,6045,3,8
2021-04-09T23:59:59+02:00,175,297,690,915,754,1291,733,1975,864,1644,1085,1027,2458,2473,2555,4856,33,54,261,339,299,541,295,731,341,486,412,345,1280,1304,1763,3491,16530,11518,1720,560,5803,3,6
2021-04-08T23:59:59+02:00,174,294,686,910,748,1285,721,1958,842,1624,1029,958,2404,2438,2543,4846,33,52,254,325,285,533,280,717,316,468,386,323,1231,1269,1739,3458,16381,11242,1666,527,5675,3,5
2021-04-07T23:59:59+02:00,168,291,678,904,742,1273,705,1933,829,1596,982,908,2354,2383,2535,4830,31,49,237,309,275,528,273,705,302,455,359,305,1185,1232,1720,3420,16205,10984,1626,496,5539,3,5
2021-04-06T23:59:59+02:00,164,290,672,900,730,1260,686,1910,805,1572,951,865,2314,2334,2527,4820,30,48,236,306,273,525,263,702,292,450,348,291,1159,1202,1700,3399,16095,10856,1594,463,5367,3,5
2021-04-05T23:59:59+02:00,164,290,671,894,726,1251,677,1894,796,1557,926,843,2288,2294,2522,4812,30,48,235,302,272,521,260,695,287,448,346,284,1128,1178,1692,3380,16037,10766,1580,434,5240,3,5
2021-04-04T23:59:59+02:00,163,287,670,888,721,1240,669,1878,790,1537,918,830,2283,2288,2522,4811,30,48,235,302,271,521,260,695,287,448,344,284,1111,1165,1689,3376,16016,10726,1578,434,5153,3,5
2021-04-03T23:59:59+02:00,163,287,670,888,719,1238,668,1875,783,1534,908,821,2277,2280,2519,4810,30,48,235,302,271,521,260,695,287,447,344,284,1111,1160,1689,3373,15978,10717,1578,434,5135,3,5
2021-04-02T23:59:59+02:00,163,286,670,887,718,1235,665,1867,776,1524,896,812,2257,2259,2517,4807,30,48,232,302,269,519,258,689,279,442,340,283,1090,1132,1678,3346,15912,10603,1566,427,5111,3,5
2021-04-01T23:59:59+02:00,160,283,665,876,707,1222,659,1847,759,1504,869,780,2222,2214,2511,4788,29,47,224,299,267,515,255,682,273,437,329,275,1054,1093,1646,3303,15795,10407,1505,413,5013,3,5
2021-03-31T23:59:59+02:00,157,280,658,870,697,1208,651,1802,747,1465,855,763,2184,2156,2490,4769,29,47,223,298,262,513,252,680,264,428,315,270,991,1040,1623,3271,15683,10204,1450,395,4867,3,4
2021-03-30T23:59:59+02:00,154,273,654,862,694,1188,643,1763,738,1423,837,745,2139,2094,2476,4747,29,46,220,295,260,510,250,674,259,420,305,264,961,1013,1601,3235,15549,10055,1409,377,4718,3,4
2021-03-29T23:59:59+02:00,151,267,649,849,689,1176,634,1732,726,1384,820,728,2072,2031,2455,4717,29,46,219,294,259,508,246,668,251,409,298,259,936,992,1588,3208,15356,9932,1367,367,4602,3,4
2021-03-28T23:59:59+02:00,143,252,639,842,684,1167,629,1713,721,1369,815,709,2033,1992,2450,4705,29,45,216,294,255,502,242,665,250,406,296,257,925,983,1582,3200,15290,9877,1319,359,4499,3,4
2021-03-27T23:59:59+01:00,143,249,635,837,681,1163,623,1701,719,1362,807,696,2024,1981,2450,4704,29,45,216,294,255,502,242,659,248,401,294,256,918,973,1565,3176,15245,9813,1311,349,4463,3,4
2021-03-26T23:59:59+01:00,141,248,627,826,676,1149,614,1684,712,1334,789,678,1999,1956,2440,4695,29,45,216,294,254,500,242,659,243,390,289,249,888,941,1532,3127,15142,9638,1276,349,4391,3,4
2021-03-25T23:59:59+01:00,138,247,618,817,661,1129,599,1651,694,1292,770,658,1957,1916,2424,4677,29,45,213,289,253,499,235,656,241,388,281,245,849,910,1472,3050,15034,9408,1223,335,4230,2,4
2021-03-24T23:59:59+01:00,135,240,606,805,658,1118,590,1614,680,1259,748,642,1917,1873,2407,4653,29,45,212,288,252,497,233,656,235,385,275,239,807,886,1422,2958,14905,9189,1189,319,4089,2,3
2021-03-23T23:59:59+01:00,133,238,600,798,644,1106,580,1592,668,1222,730,628,1880,1842,2392,4635,28,44,210,287,250,493,226,651,232,378,265,235,783,863,1345,2860,14816,8929,1160,308,3948,2,3
2021-03-22T23:59:59+01:00,130,233,582,781,627,1088,571,1561,653,1196,721,615,1850,1818,2381,4619,28,43,209,285,248,492,225,642,231,374,262,230,758,842,1254,2755,14738,8669,1129,296,3794,2,3
2021-03-21T23:59:59+01:00,128,231,578,774,623,1085,568,1537,642,1163,715,605,1826,1812,2375,4603,28,43,208,285,247,490,224,641,230,372,260,227,752,839,1245,2746,14707,8636,1108,287,3681,2,3
2021-03-20T23:59:59+01:00,126,231,573,771,620,1083,565,1535,640,1161,712,597,1807,1790,2368,4591,28,43,208,285,247,490,223,639,227,366,258,225,743,833,1228,2733,14649,8585,1101,277,3649,2,3
2021-03-19T23:59:59+01:00,117,219,568,758,614,1077,563,1518,623,1147,679,555,1751,1750,2339,4570,27,43,208,284,246,490,222,633,224,363,256,220,718,814,1193,2680,14488,8444,1029,262,3556,2,3
2021-03-18T23:59:59+01:00,114,214,551,748,594,1045,546,1468,595,1099,645,530,1702,1704,2312,4528,27,43,206,282,244,483,222,627,221,355,254,212,701,802,1161,2638,14302,8319,968,243,3344,2,3
2021-03-17T23:59:59+01:00,109,208,540,735,584,1041,538,1454,581,1080,624,509,1659,1669,2291,4489,27,42,206,281,243,480,221,626,220,352,253,210,689,790,1126,2592,14108,8203,924,237,3294,2,3
2021-03-16T23:59:59+01:00,104,202,529,724,571,1030,526,1415,565,1051,606,485,1608,1618,2270,4455,27,41,206,279,243,475,221,625,218,351,250,210,674,772,1097,2537,13936,8074,873,234,3162,2,2
2021-03-15T23:59:59+01:00,101,195,514,709,560,1006,515,1380,551,1014,589,468,1568,1584,2248,4431,26,41,205,276,243,472,219,623,216,351,242,206,656,760,1073,2501,13789,7974,819,220,3035,2,0
2021-03-14T23:59:59+01:00,97,183,505,695,549,984,508,1335,538,969,571,453,1542,1563,2233,4406,26,41,205,274,242,471,218,618,215,346,240,202,652,753,1065,2486,13688,7947,785,191,2864,2,0
2021-03-13T23:59:59+01:00,93,172,481,674,519,958,482,1314,516,948,547,445,1517,1540,2225,4398,26,41,205,274,242,471,218,617,215,345,239,202,647,744,1036,2457,13468,7871,771,190,2784,2,0
2021-03-12T23:59:59+01:00,84,166,455,645,498,931,461,1279,491,914,517,427,1464,1493,2203,4359,26,41,205,273,242,470,218,617,215,345,236,200,635,732,1011,2430,13169,7785,742,190,2663,2,0
2021-03-11T23:59:59+01:00,79,155,424,607,463,900,423,1204,457,853,487,395,1389,1428,2155,4300,26,41,204,270,237,466,217,613,211,342,232,198,621,714,987,2389,12797,7708,689,139,2407,2,0
2021-03-10T23:59:59+01:00,77,149,402,583,445,882,407,1168,430,811,458,372,1312,1364,2117,4243,26,41,202,265,233,460,215,607,211,340,229,195,602,706,964,2350,12465,7600,656,124,2270,2,0
2021-03-09T23:59:59+01:00,76,146,393,563,424,853,395,1119,412,780,438,355,1264,1332,2076,4199,26,41,201,262,231,452,212,603,208,336,227,194,591,699,946,2321,12251,7522,630,105,2102,2,0
2021-03-08T23:59:59+01:00,73,141,380,545,407,835,383,1067,401,738,422,341,1210,1297,2052,4161,26,41,201,261,228,447,208,598,204,332,225,194,579,695,936,2310,12067,7473,593,89,1948,1,0
2021-03-07T23:59:59+01:00,70,137,377,535,399,819,371,1052,395,732,419,336,1198,1280,2043,4152,26,41,201,260,228,445,206,597,204,331,224,193,575,692,928,2303,12003,7444,567,87,1897,0,0
2021-03-06T23:59:59+01:00,70,131,374,531,392,798,365,999,388,699,417,335,1191,1269,2028,4137,26,41,201,260,227,444,206,596,204,331,224,193,573,692,926,2290,11948,7436,567,75,1759,0,0
2021-03-05T23:59:59+01:00,70,126,370,525,388,793,363,983,377,673,406,322,1152,1227,1984,4078,26,41,200,259,226,443,205,594,203,329,222,192,568,691,918,2269,11735,7413,545,49,1700,0,0
2021-03-04T23:59:59+01:00,70,115,361,493,374,761,343,942,363,643,390,320,1100,1177,1902,3985,26,41,198,255,224,436,203,583,200,328,221,191,566,688,915,2266,11439,7367,513,48,1528,0,0
2021-03-03T23:59:59+01:00,66,108,352,478,367,745,338,920,349,623,380,312,1057,1144,1833,3864,26,41,198,254,223,434,201,573,200,321,220,188,561,685,908,2261,11170,7325,486,43,1417,0,0
2021-03-02T23:59:59+01:00,63,103,342,466,354,728,327,900,342,595,367,305,1022,1114,1736,3743,25,41,198,254,223,427,196,567,198,318,218,188,559,677,901,2248,10847,7267,462,43,1328,0,0
2021-03-01T23:59:59+01:00,62,101,336,453,347,709,316,875,335,561,362,301,996,1083,1619,3590,25,40,197,254,221,418,194,559,198,314,217,188,557,671,892,2240,10511,7213,441,43,1222,0,0
2021-02-28T23:59:59+01:00,62,99,329,444,344,701,314,851,331,542,357,289,988,1079,1609,3578,25,40,195,253,221,418,194,559,198,314,216,188,557,669,890,2237,10467,7202,430,43,1146,0,0
2021-02-27T23:59:59+01:00,59,90,325,435,340,699,308,840,327,532,353,285,979,1068,1588,3557,25,40,195,252,221,417,193,558,197,313,216,188,557,669,890,2237,10399,7201,418,38,1092,0,0
2021-02-26T23:59:59+01:00,57,87,318,411,315,667,289,810,315,511,349,282,955,1048,1547,3495,25,39,195,251,221,415,191,555,195,311,216,188,557,669,889,2234,10243,7183,415,38,917,0,0
2021-02-25T23:59:59+01:00,50,76,306,393,305,637,282,782,303,485,340,272,938,1029,1510,3450,25,39,194,249,217,412,188,547,190,310,212,185,546,662,878,2228,10096,7124,401,28,777,0,0
2021-02-24T23:59:59+01:00,46,72,297,381,298,624,277,768,299,475,333,271,918,1017,1463,3391,24,39,192,247,214,399,186,539,187,305,210,182,540,656,876,2215,9949,7059,387,20,708,0,0
2021-02-23T23:59:59+01:00,43,63,284,368,289,605,272,751,289,465,327,269,890,999,1423,3318,23,39,191,245,212,394,185,533,183,303,209,181,538,646,870,2196,9780,6999,368,16,619,0,0
2021-02-22T23:59:59+01:00,40,60,277,356,285,595,269,740,285,461,320,262,869,984,1394,3282,23,37,187,242,209,381,177,523,178,300,206,179,526,638,863,2179,9662,6909,352,5,576,0,0
2021-02-21T23:59:59+01:00,39,59,273,349,283,586,265,731,279,457,317,260,864,979,1387,3273,23,36,186,240,209,379,177,514,178,298,206,179,522,637,855,2166,9636,6865,344,5,529,0,0
2021-02-20T23:59:59+01:00,38,59,270,348,283,583,264,725,276,449,316,260,851,968,1355,3242,23,36,186,240,209,379,177,514,177,297,206,179,521,637,853,2165,9552,6859,333,5,507,0,0
2021-02-19T23:59:59+01:00,37,59,266,343,277,560,255,700,271,437,312,255,829,951,1321,3212,23,35,186,240,208,378,177,513,176,297,205,178,516,636,848,2148,9448,6824,318,5,420,0,0
2021-02-18T23:59:59+01:00,37,56,248,323,268,539,246,679,254,410,309,247,818,934,1296,3180,23,34,182,233,206,372,173,497,174,286,202,173,501,622,811,2081,9363,6630,292,5,288,0,0
2021-02-17T23:59:59+01:00,37,54,242,317,265,525,241,666,251,388,305,242,798,923,1267,3133,21,32,179,228,198,358,169,480,169,274,194,168,490,607,792,2042,9231,6460,282,4,237,0,0
2021-02-16T23:59:59+01:00,36,49,231,306,262,514,235,651,245,382,300,240,787,912,1242,3103,19,32,170,220,190,339,163,468,165,260,191,161,457,576,757,1974,9139,6200,274,4,175,0,0
2021-02-15T23:59:59+01:00,35,48,225,303,255,501,231,645,242,374,297,238,769,905,1230,3084,18,30,165,214,185,332,158,459,159,253,181,156,427,547,721,1904,9077,5967,260,4,138,0,0
2021-02-14T23:59:59+01:00,33,48,223,300,253,495,229,640,242,370,297,234,762,899,1221,3065,17,30,163,211,182,327,157,447,157,250,180,153,419,538,703,1861,9055,5852,227,4,121,0,0
2021-02-13T23:59:59+01:00,32,48,223,300,252,495,229,639,242,370,297,234,760,898,1220,3065,17,30,161,210,179,327,156,445,156,246,178,150,414,535,696,1846,9049,5806,227,1,120,0,0
2021-02-12T23:59:59+01:00,31,46,220,295,249,486,225,628,239,365,296,233,755,897,1217,3055,17,30,159,207,178,326,154,443,154,245,176,146,411,519,665,1780,9022,5670,227,1,78,0,0
2021-02-11T23:59:59+01:00,30,45,212,277,242,470,218,604,226,351,292,232,747,880,1192,3022,17,29,142,188,170,295,144,397,148,224,159,130,365,471,602,1612,8951,5149,160,1,17,0,0
2021-02-10T23:59:59+01:00,30,45,208,270,240,463,215,595,223,344,289,232,735,877,1184,3012,16,27,131,167,157,257,125,348,137,200,143,121,339,440,541,1488,8897,4685,145,1,7,0,0
2021-02-09T23:59:59+01:00,29,43,207,267,238,450,211,588,219,341,285,228,731,870,1175,2999,16,26,116,141,144,234,107,305,123,173,125,113,307,384,486,1330,8843,4174,121,1,3,0,0
2021-02-08T23:59:59+01:00,29,43,206,265,232,436,208,577,216,336,280,228,724,865,1169,2992,14,24,100,120,123,191,89,262,115,161,102,104,268,332,424,1196,8780,3666,106,1,3,0,0
2021-02-07T23:59:59+01:00,29,42,204,263,231,435,208,574,216,335,280,228,723,863,1165,2989,13,18,96,114,116,180,84,245,110,152,95,99,261,319,408,1146,8763,3494,103,1,0,0,0
2021-02-06T23:59:59+01:00,29,42,204,263,231,434,208,574,216,334,279,228,723,863,1164,2977,10,14,95,112,115,176,82,238,110,150,94,98,261,315,397,1131,8760,3433,90,1,0,0,0
2021-02-05T23:59:59+01:00,28,41,204,263,231,433,206,571,214,333,278,228,721,863,1152,2950,9,10,87,104,111,173,81,234,104,138,91,96,252,310,373,1102,8740,3308,55,0,0,0,0
2021-02-04T23:59:59+01:00,28,41,202,262,227,428,201,565,212,329,276,225,715,857,1143,2939,8,7,60,72,87,130,69,197,84,119,87,82,220,274,329,975,8674,2824,55,0,0,0,0
2021-02-03T23:59:59+01:00,28,40,202,260,226,416,198,559,211,326,274,223,705,854,1136,2924,5,4,45,54,68,107,52,154,71,90,62,57,165,200,248,712,8611,2113,50,0,0,0,0
2021-02-02T23:59:59+01:00,27,40,201,258,223,410,197,554,208,325,271,222,697,845,1129,2899,3,3,29,39,54,77,40,98,53,66,53,46,118,134,165,470,8534,1462,49,0,0,0,0
2021-02-01T23:59:59+01:00,26,37,199,258,220,405,194,548,204,318,270,219,690,842,1124,2887,3,1,22,21,27,45,26,61,29,35,37,28,71,86,95,283,8469,879,49,0,0,0,0
2021-01-31T23:59:59+01:00,26,37,199,256,218,401,192,540,203,316,269,219,686,838,1118,2872,3,1,20,16,18,37,19,48,21,31,34,22,56,74,92,254,8418,753,48,0,0,0,0
2021-01-30T23:59:59+01:00,26,37,199,256,218,401,191,540,203,316,269,219,685,838,1117,2870,3,1,19,15,16,37,17,44,19,30,33,21,56,71,90,248,8414,726,47,0,0,0,0
2021-01-29T23:59:59+01:00,26,37,199,253,217,400,190,539,202,314,269,219,680,835,1111,2862,3,0,16,10,11,31,16,39,15,27,33,20,53,70,88,242,8386,678,43,0,0,0,0
2021-01-28T23:59:59+01:00,26,36,192,250,217,394,189,530,199,309,268,219,668,827,1088,2842,3,0,3,3,6,18,9,21,7,13,26,14,36,47,58,171,8296,436,34,0,0,0,0
2021-01-27T23:59:59+01:00,25,34,187,245,212,385,187,516,196,299,260,213,654,810,1064,2804,1,0,2,3,5,14,8,19,6,12,25,13,30,41,49,130,8134,358,29,0,0,0,0
2021-01-26T23:59:59+01:00,22,34,184,234,206,372,182,498,193,291,254,208,632,793,1036,2753,1,0,1,3,5,14,8,19,6,12,24,10,29,37,48,113,7939,330,24,0,0,0,0
2021-01-25T23:59:59+01:00,22,33,176,232,203,362,177,488,188,280,244,204,609,773,1010,2708,1,0,1,3,4,12,7,16,6,11,21,9,25,36,40,102,7772,294,6,0,0,0,0
2021-01-24T23:59:59+01:00,21,32,174,229,201,361,176,486,187,278,244,202,605,768,1007,2703,1,0,1,3,3,12,7,16,6,11,21,9,25,36,39,100,7737,290,5,0,0,0,0
2021-01-23T23:59:59+01:00,21,32,174,229,199,361,176,485,187,278,244,202,604,768,1000,2690,1,0,1,3,3,11,7,16,5,11,21,9,25,36,39,100,7713,288,5,0,0,0,0
2021-01-22T23:59:59+01:00,20,31,172,225,198,361,176,484,186,278,244,200,602,766,972,2648,1,0,1,3,3,11,7,16,5,11,21,9,25,36,39,100,7626,288,5,0,0,0,0
2021-01-21T23:59:59+01:00,19,31,163,217,191,344,171,462,184,262,232,195,577,741,935,2595,1,0,1,3,1,6,7,11,3,7,20,7,21,26,34,83,7379,231,5,0,0,0,0
2021-01-20T23:59:59+01:00,18,30,150,194,176,302,142,406,170,238,214,183,535,696,867,2395,1,0,1,3,1,6,7,11,3,6,19,6,20,23,30,77,6770,214,4,0,0,0,0
2021-01-19T23:59:59+01:00,18,28,127,164,160,268,129,365,155,215,179,163,473,605,769,2121,1,0,1,3,1,6,5,7,1,4,11,3,9,15,21,55,5987,143,3,0,0,0,0
2021-01-18T23:59:59+01:00,15,27,112,147,138,224,112,315,138,188,141,148,383,500,633,1778,1,0,1,1,0,3,4,5,0,4,2,1,3,6,10,28,5045,69,3,0,0,0,0
2021-01-17T23:59:59+01:00,14,17,108,133,130,211,104,291,131,177,132,134,368,470,583,1677,1,0,0,0,0,1,2,4,0,2,1,1,2,1,2,5,4719,22,3,0,0,0,0
2021-01-16T23:59:59+01:00,12,13,104,130,128,206,101,281,129,170,129,130,363,462,566,1649,0,0,0,0,0,0,0,0,0,0,0,0,0,0,0,0,4613,0,0,0,0,0,0
2021-01-15T23:59:59+01:00,10,11,99,121,124,201,99,272,127,158,125,127,356,447,536,1605,0,0,0,0,0,0,0,0,0,0,0,0,0,0,0,0,4455,0,0,0,0,0,0
2021-01-14T23:59:59+01:00,8,7,74,88,104,164,81,226,110,141,113,106,304,397,471,1389,0,0,0,0,0,0,0,0,0,0,0,0,0,0,0,0,3812,0,0,0,0,0,0
2021-01-13T23:59:59+01:00,6,6,62,78,93,137,71,187,100,116,85,77,234,282,373,1059,0,0,0,0,0,0,0,0,0,0,0,0,0,0,0,0,2991,0,0,0,0,0,0
2021-01-12T23:59:59+01:00,5,5,52,61,76,108,64,131,78,91,69,61,165,201,270,740,0,0,0,0,0,0,0,0,0,0,0,0,0,0,0,0,2199,0,0,0,0,0,0
2021-01-11T23:59:59+01:00,4,3,44,49,63,78,50,105,56,64,49,40,95,123,141,416,0,0,0,0,0,0,0,0,0,0,0,0,0,0,0,0,1398,0,0,0,0,0,0
2021-01-10T23:59:59+01:00,3,3,40,36,46,65,35,83,46,55,44,30,78,109,132,363,0,0,0,0,0,0,0,0,0,0,0,0,0,0,0,0,1180,0,0,0,0,0,0
2021-01-09T23:59:59+01:00,3,2,37,35,41,62,32,73,40,50,43,30,78,107,129,361,0,0,0,0,0,0,0,0,0,0,0,0,0,0,0,0,1133,0,0,0,0,0,0
2021-01-08T23:59:59+01:00,3,2,30,27,34,56,27,61,35,44,42,28,73,104,126,350,0,0,0,0,0,0,0,0,0,0,0,0,0,0,0,0,1050,0,0,0,0,0,0
2021-01-07T23:59:59+01:00,3,2,9,3,9,20,11,27,11,22,35,19,51,69,87,248,0,0,0,0,0,0,0,0,0,0,0,0,0,0,0,0,627,0,0,0,0,0,0
2021-01-06T23:59:59+01:00,3,0,2,3,5,15,8,21,7,13,31,17,43,58,73,197,0,0,0,0,0,0,0,0,0,0,0,0,0,0,0,0,497,0,0,0,0,0,0
2021-01-05T23:59:59+01:00,2,0,1,3,5,14,8,19,7,12,30,16,42,57,70,189,0,0,0,0,0,0,0,0,0,0,0,0,0,0,0,0,476,0,0,0,0,0,0
2021-01-04T23:59:59+01:00,1,0,1,3,5,13,7,17,6,11,26,13,33,48,54,143,0,0,0,0,0,0,0,0,0,0,0,0,0,0,0,0,381,0,0,0,0,0,0
2021-01-03T23:59:59+01:00,1,0,1,3,4,13,7,17,6,11,26,13,33,48,54,142,0,0,0,0,0,0,0,0,0,0,0,0,0,0,0,0,379,0,0,0,0,0,0
2021-01-02T23:59:59+01:00,1,0,1,3,4,13,7,17,5,11,26,13,33,48,54,142,0,0,0,0,0,0,0,0,0,0,0,0,0,0,0,0,378,0,0,0,0,0,0
2021-01-01T23:59:59+01:00,1,0,1,3,4,13,7,17,5,11,26,13,33,48,54,142,0,0,0,0,0,0,0,0,0,0,0,0,0,0,0,0,378,0,0,0,0,0,0
2020-12-31T23:59:59+01:00,1,0,1,3,4,12,7,17,5,11,26,13,33,48,54,142,0,0,0,0,0,0,0,0,0,0,0,0,0,0,0,0,377,0,0,0,0,0,0
2020-12-30T23:59:59+01:00,1,0,1,3,4,12,7,17,5,11,26,13,33,48,54,142,0,0,0,0,0,0,0,0,0,0,0,0,0,0,0,0,377,0,0,0,0,0,0
2020-12-29T23:59:59+01:00,1,0,1,3,3,8,5,12,3,8,19,10,24,40,39,115,0,0,0,0,0,0,0,0,0,0,0,0,0,0,0,0,291,0,0,0,0,0,0
2020-12-28T23:59:59+01:00,1,0,1,1,1,2,3,6,2,5,11,3,7,15,24,58,0,0,0,0,0,0,0,0,0,0,0,0,0,0,0,0,140,0,0,0,0,0,0
2020-12-27T23:59:59+01:00,1,0,0,0,0,1,2,6,0,2,2,1,4,4,5,20,0,0,0,0,0,0,0,0,0,0,0,0,0,0,0,0,48,0,0,0,0,0,0
