Datum,<15_m,<15_w,15-24_1_m,15-24_1_w,25-34_1_m,25-34_1_w,35-44_1_m,35-44_1_w,45-54_1_m,45-54_1_w,55-64_1_m,55-64_1_w,65-74_1_m,65-74_1_w,75-84_1_m,75-84_1_w,>84_1_m,>84_1_w,<24_2_m,<24_2_w,25-34_2_m,25-34_2_w,35-44_2_m,35-44_2_w,45-54_2_m,45-54_2_w,55-64_2_m,55-64_2_w,65-74_2_m,65-74_2_w,75-84_2_m,75-84_2_w,>84_2_m,>84_2_w,bp_1,bp_2,mo_1,mo_2,az_1,az_2,ja,unb_1,unb_2
2021-07-25T23:59:59+02:00,72,82,2286,2160,6808,4920,6902,4746,6279,6800,4706,5164,2463,2612,3082,3168,2713,5143,1377,1278,4363,3277,4753,3423,4651,5277,3649,4185,1817,2114,2241,2440,1951,3815,48335,32876,7398,5429,9058,6675,5963,21,22
2021-07-24T23:59:59+02:00,72,82,2273,2154,6781,4908,6879,4736,6265,6786,4699,5160,2462,2609,3082,3168,2713,5143,1358,1265,4327,3262,4714,3393,4621,5258,3630,4178,1816,2112,2240,2438,1951,3815,48270,32705,7376,5413,9058,6675,5916,21,22
2021-07-23T23:59:59+02:00,71,80,2251,2137,6744,4888,6854,4719,6241,6766,4685,5154,2460,2607,3082,3168,2713,5143,1311,1236,4213,3175,4598,3328,4553,5198,3585,4148,1815,2104,2240,2433,1950,3815,48131,32131,7371,5388,9058,6657,5851,21,22
2021-07-22T23:59:59+02:00,69,78,2220,2114,6667,4855,6810,4684,6196,6724,4654,5132,2454,2604,3080,3167,2713,5141,1260,1202,4071,3110,4473,3259,4428,5128,3511,4102,1803,2095,2236,2431,1950,3814,47847,31547,7358,5304,9053,6594,5752,21,22
2021-07-21T23:59:59+02:00,68,73,2192,2099,6613,4828,6758,4646,6138,6689,4639,5109,2448,2600,3079,3164,2713,5139,1234,1169,3962,3033,4345,3200,4330,5032,3446,4062,1794,2084,2233,2431,1950,3812,47629,31124,7313,5123,9048,6538,5653,21,22
2021-07-20T23:59:59+02:00,67,72,2177,2084,6564,4804,6724,4620,6103,6653,4610,5094,2445,2596,3079,3164,2713,5139,1202,1144,3853,2974,4265,3156,4244,4957,3392,4032,1792,2075,2231,2430,1950,3811,47419,30698,7304,5055,9047,6493,5586,21,18
2021-07-19T23:59:59+02:00,66,72,2157,2063,6516,4772,6678,4601,6071,6622,4591,5081,2441,2592,3078,3160,2713,5138,1183,1123,3784,2931,4189,3123,4170,4894,3358,4009,1788,2070,2227,2427,1949,3811,47174,30412,7295,4949,9046,6451,5544,21,18
2021-07-18T23:59:59+02:00,66,71,2134,2041,6460,4742,6643,4573,6037,6592,4578,5071,2435,2587,3076,3160,2712,5137,1166,1105,3745,2895,4153,3095,4123,4877,3326,3996,1783,2060,2226,2427,1949,3809,46923,30231,7283,4884,9042,6427,5514,21,17
2021-07-17T23:59:59+02:00,64,67,2121,2031,6443,4729,6624,4559,6018,6577,4560,5062,2431,2586,3076,3159,2712,5136,1157,1094,3713,2864,4112,3077,4087,4845,3299,3984,1778,2057,2226,2425,1949,3809,46822,30082,7278,4833,9042,6422,5460,21,17
2021-07-16T23:59:59+02:00,64,64,2083,2008,6386,4700,6568,4526,5977,6536,4530,5034,2425,2582,3074,3158,2712,5136,1121,1075,3619,2822,4023,3037,4007,4792,3238,3939,1765,2048,2221,2423,1949,3808,46653,29769,7253,4808,9035,6358,5269,21,17
2021-07-15T23:59:59+02:00,62,59,2044,1983,6316,4667,6514,4487,5933,6486,4513,5008,2423,2580,3072,3155,2712,5136,1076,1047,3434,2723,3850,2941,3866,4697,3179,3877,1757,2039,2219,2418,1949,3808,46348,29126,7241,4603,9033,6294,5172,21,17
2021-07-14T23:59:59+02:00,61,57,2013,1968,6249,4634,6441,4455,5882,6445,4492,4989,2416,2574,3070,3153,2712,5136,1030,1015,3324,2645,3754,2882,3766,4629,3137,3835,1745,2032,2218,2415,1949,3808,46051,28681,7229,4511,9031,6226,5079,21,17
2021-07-13T23:59:59+02:00,58,55,1988,1945,6201,4609,6381,4421,5845,6399,4472,4973,2407,2569,3068,3153,2712,5136,1002,986,3237,2573,3638,2818,3679,4547,3085,3774,1717,2025,2216,2411,1948,3806,45768,28233,7224,4383,9030,6145,5014,20,15
2021-07-12T23:59:59+02:00,55,54,1966,1925,6134,4569,6313,4380,5799,6363,4447,4947,2402,2566,3065,3153,2712,5136,974,967,3145,2501,3530,2758,3580,4474,3039,3728,1706,2014,2212,2403,1948,3806,45456,27819,7216,4270,9026,6073,4932,20,15
2021-07-11T23:59:59+02:00,51,54,1957,1914,6102,4553,6286,4361,5769,6346,4438,4940,2399,2561,3063,3153,2711,5136,966,952,3111,2462,3475,2732,3529,4448,3018,3715,1698,2002,2209,2399,1948,3806,45358,27656,7196,4242,9024,6020,4860,20,15
2021-07-10T23:59:59+02:00,50,53,1936,1887,6025,4514,6228,4329,5723,6310,4417,4930,2396,2558,3063,3150,2711,5135,951,937,3061,2426,3431,2704,3492,4418,3002,3703,1692,1996,2209,2398,1948,3806,45133,27495,7178,4241,9010,6009,4737,20,15
2021-07-09T23:59:59+02:00,49,51,1915,1869,5960,4476,6184,4308,5676,6277,4400,4909,2394,2554,3063,3149,2711,5135,932,923,3010,2383,3383,2674,3444,4383,2978,3676,1691,1983,2207,2397,1948,3806,44928,27303,7147,4214,9006,5960,4641,20,15
2021-07-08T23:59:59+02:00,45,48,1871,1827,5868,4419,6087,4256,5610,6216,4368,4876,2387,2545,3060,3145,2711,5135,866,876,2852,2304,3196,2602,3275,4291,2906,3609,1676,1967,2205,2388,1947,3805,44628,26835,7076,3943,8973,5843,4438,20,15
2021-07-07T23:59:59+02:00,45,47,1811,1789,5755,4350,5987,4208,5541,6160,4337,4829,2381,2536,3057,3141,2711,5135,821,849,2714,2233,3032,2535,3124,4191,2853,3546,1658,1941,2197,2380,1947,3803,44166,26325,7035,3718,8956,5769,4303,20,15
2021-07-06T23:59:59+02:00,43,47,1771,1759,5655,4303,5899,4168,5492,6095,4295,4794,2375,2530,3054,3137,2711,5135,787,820,2609,2139,2944,2479,3054,4104,2801,3492,1636,1913,2194,2375,1947,3803,43751,25856,6997,3625,8943,5695,4211,20,15
2021-07-05T23:59:59+02:00,41,47,1705,1719,5522,4234,5790,4134,5425,6042,4254,4760,2371,2525,3052,3136,2711,5133,747,788,2510,2068,2871,2433,2985,4034,2757,3439,1619,1895,2187,2366,1946,3800,43302,25494,6960,3567,8922,5619,4053,20,15
2021-07-04T23:59:59+02:00,41,47,1671,1684,5448,4199,5748,4109,5390,6022,4236,4742,2369,2523,3052,3134,2711,5132,713,763,2453,2022,2836,2411,2955,4001,2735,3419,1606,1876,2185,2365,1945,3800,43121,25365,6929,3512,8899,5549,3945,20,15
2021-07-03T23:59:59+02:00,39,37,1580,1619,5250,4049,5605,4023,5309,5936,4191,4706,2367,2520,3052,3130,2711,5132,676,741,2393,1978,2786,2389,2918,3956,2706,3392,1600,1869,2184,2361,1945,3798,42348,25199,6901,3510,8892,5522,3747,20,15
2021-07-02T23:59:59+02:00,33,32,1550,1586,5185,4011,5562,3991,5289,5912,4181,4689,2366,2514,3051,3129,2710,5132,659,718,2330,1934,2718,2349,2877,3910,2678,3353,1583,1852,2180,2355,1945,3796,42108,24927,6873,3484,8887,5427,3685,20,15
2021-07-01T23:59:59+02:00,29,28,1508,1559,5095,3951,5484,3947,5218,5849,4158,4664,2363,2510,3050,3128,2710,5131,594,682,2152,1869,2540,2270,2713,3805,2583,3268,1560,1830,2171,2343,1944,3794,41739,24206,6821,3283,8876,5335,3575,20,15
2021-06-30T23:59:59+02:00,29,27,1468,1519,4999,3873,5392,3907,5161,5803,4146,4640,2359,2503,3048,3125,2710,5131,562,652,2058,1808,2432,2224,2608,3720,2526,3193,1541,1802,2163,2331,1943,3793,41360,23767,6769,3172,8860,5218,3478,20,15
2021-06-29T23:59:59+02:00,28,24,1416,1450,4906,3793,5306,3856,5109,5745,4121,4612,2355,2499,3047,3125,2710,5130,536,615,1986,1737,2358,2162,2510,3609,2468,3144,1529,1771,2151,2318,1942,3790,40881,23307,6741,3101,8854,5115,3380,20,15
2021-06-28T23:59:59+02:00,27,23,1389,1400,4805,3742,5247,3811,5068,5708,4093,4587,2351,2492,3046,3123,2710,5130,525,595,1899,1678,2282,2107,2442,3532,2424,3097,1513,1754,2144,2312,1942,3787,40530,23003,6687,2971,8844,5023,3312,20,15
2021-06-27T23:59:59+02:00,27,22,1364,1376,4766,3710,5207,3785,5030,5692,4084,4579,2349,2488,3046,3122,2710,5130,511,581,1849,1641,2247,2090,2401,3495,2394,3080,1506,1742,2143,2303,1942,3787,40374,22872,6657,2918,8828,4948,3249,20,15
2021-06-26T23:59:59+02:00,21,17,1340,1353,4702,3667,5119,3743,4993,5661,4064,4565,2349,2486,3046,3120,2710,5130,505,574,1818,1622,2215,2073,2381,3476,2375,3063,1487,1732,2142,2301,1942,3787,40048,22676,6581,2916,8828,4926,3249,18,15
2021-06-25T23:59:59+02:00,17,10,1313,1319,4602,3602,5070,3719,4960,5636,4038,4554,2346,2485,3044,3119,2710,5130,496,553,1774,1601,2160,2010,2291,3342,2334,2969,1479,1713,2139,2297,1940,3786,39666,22259,6554,2892,8826,4754,3247,18,15
2021-06-24T23:59:59+02:00,13,9,1275,1276,4434,3498,4953,3670,4875,5596,3997,4527,2344,2482,3044,3118,2709,5130,460,531,1669,1539,1998,1946,2137,3263,2228,2876,1451,1691,2131,2292,1939,3783,39092,21779,6508,2597,8821,4675,3144,18,15
2021-06-23T23:59:59+02:00,13,9,1248,1247,4357,3457,4876,3625,4826,5556,3974,4492,2334,2477,3041,3116,2708,5130,429,514,1608,1486,1902,1902,2025,3171,2138,2790,1431,1668,2126,2286,1938,3781,38708,21277,6468,2525,8815,4540,3110,18,15
2021-06-22T23:59:59+02:00,13,9,1224,1231,4290,3401,4802,3585,4786,5514,3951,4467,2330,2471,3041,3115,2707,5130,415,497,1554,1452,1824,1852,1947,3065,2043,2709,1419,1644,2117,2274,1938,3777,38349,20885,6431,2415,8811,4394,3087,18,15
2021-06-21T23:59:59+02:00,13,9,1199,1196,4185,3323,4728,3546,4725,5455,3926,4450,2326,2458,3040,3110,2706,5128,401,483,1523,1420,1791,1812,1900,2988,1987,2635,1399,1611,2096,2252,1938,3774,37874,20623,6393,2326,8809,4257,3054,18,15
2021-06-20T23:59:59+02:00,13,7,1177,1174,4126,3273,4688,3528,4690,5437,3904,4439,2325,2456,3039,3110,2705,5128,386,470,1490,1396,1770,1790,1871,2964,1944,2598,1392,1598,2094,2246,1938,3773,37638,20462,6365,2291,8798,4195,3021,18,15
2021-06-19T23:59:59+02:00,12,7,1167,1156,4089,3247,4670,3508,4663,5416,3887,4430,2322,2454,3039,3109,2704,5128,381,466,1474,1381,1753,1768,1859,2941,1921,2567,1384,1590,2091,2245,1936,3772,37491,20316,6309,2263,8798,4187,3009,18,15
2021-06-18T23:59:59+02:00,8,4,1150,1138,4027,3212,4621,3473,4614,5380,3863,4419,2319,2450,3038,3107,2704,5128,371,457,1454,1364,1728,1738,1816,2894,1876,2514,1373,1579,2091,2240,1935,3769,37195,20041,6264,2261,8798,4146,2996,18,15
2021-06-17T23:59:59+02:00,7,4,1113,1114,3879,3146,4455,3407,4454,5300,3807,4376,2313,2447,3038,3106,2703,5128,340,440,1361,1333,1568,1678,1665,2803,1781,2438,1351,1561,2080,2229,1933,3767,36649,19602,6213,2158,8792,4069,2740,16,15
2021-06-16T23:59:59+02:00,7,4,1093,1084,3783,3068,4368,3360,4360,5243,3765,4346,2307,2443,3037,3103,2702,5127,325,422,1305,1299,1513,1647,1587,2724,1722,2371,1338,1535,2069,2216,1933,3762,36210,19225,6108,2091,8784,3997,2693,16,15
2021-06-15T23:59:59+02:00,7,4,1062,1055,3653,2998,4309,3311,4287,5171,3727,4316,2299,2436,3032,3101,2702,5126,317,399,1257,1256,1470,1607,1524,2666,1659,2303,1323,1509,2064,2203,1933,3761,35718,18928,6075,2014,8773,3925,2620,16,15
2021-06-14T23:59:59+02:00,7,4,1039,1026,3569,2953,4227,3259,4211,5101,3675,4284,2295,2426,3032,3097,2701,5125,312,385,1221,1227,1431,1584,1486,2622,1608,2253,1312,1485,2059,2196,1932,3759,35289,18703,5989,1981,8768,3850,2572,16,15
2021-06-13T23:59:59+02:00,7,4,1024,1012,3523,2917,4175,3221,4163,5065,3658,4270,2294,2420,3031,3096,2701,5123,307,378,1189,1212,1400,1564,1444,2588,1579,2218,1299,1466,2053,2185,1932,3757,35047,18542,5957,1960,8764,3777,2522,16,15
2021-06-12T23:59:59+02:00,7,3,1008,992,3497,2892,4147,3202,4148,5051,3642,4260,2291,2417,3030,3095,2701,5122,303,377,1183,1195,1383,1546,1424,2569,1549,2201,1290,1456,2043,2183,1932,3757,34866,18420,5946,1960,8764,3725,2513,16,15
2021-06-11T23:59:59+02:00,6,3,994,982,3460,2851,4074,3177,4111,5020,3617,4248,2290,2414,3029,3092,2701,5121,295,366,1162,1163,1360,1529,1381,2523,1497,2158,1280,1441,2041,2178,1932,3756,34593,18183,5920,1954,8761,3653,2496,16,15
2021-06-10T23:59:59+02:00,6,3,939,942,3354,2778,3948,3107,4020,4952,3566,4214,2287,2406,3027,3090,2700,5121,282,354,1106,1132,1300,1477,1319,2455,1419,2058,1252,1410,2037,2168,1932,3753,34052,17791,5802,1947,8745,3502,2434,16,15
2021-06-09T23:59:59+02:00,6,1,891,917,3234,2689,3816,3053,3930,4876,3524,4175,2283,2400,3024,3087,2700,5121,266,342,1048,1102,1239,1452,1260,2380,1352,1993,1230,1354,2030,2155,1931,3750,33588,17500,5643,1898,8742,3383,2319,16,15
2021-06-08T23:59:59+02:00,5,1,845,883,3111,2609,3698,2972,3832,4798,3470,4149,2276,2395,3021,3084,2699,5119,253,326,1006,1064,1191,1422,1209,2326,1312,1924,1209,1322,2019,2138,1928,3746,33065,17284,5511,1853,8732,3256,2216,16,14
2021-06-07T23:59:59+02:00,4,1,821,860,3014,2541,3572,2939,3714,4733,3422,4123,2262,2391,3020,3082,2699,5117,246,320,962,1031,1142,1401,1165,2275,1248,1875,1195,1302,2006,2122,1927,3738,32705,17125,5345,1818,8727,3135,2087,16,14
2021-06-06T23:59:59+02:00,4,1,803,851,2959,2504,3493,2902,3648,4707,3395,4111,2259,2385,3018,3081,2697,5116,239,308,948,1007,1114,1378,1150,2222,1222,1819,1179,1288,2000,2115,1925,3735,32508,17029,5220,1771,8723,3029,2027,16,14
2021-06-05T23:59:59+02:00,4,1,791,836,2892,2452,3449,2879,3612,4687,3382,4108,2259,2383,3018,3080,2697,5115,235,301,932,990,1095,1364,1128,2198,1190,1799,1162,1265,1998,2111,1925,3735,32257,16881,5215,1768,8717,2984,1999,16,14
2021-06-04T23:59:59+02:00,2,1,771,821,2849,2407,3380,2844,3553,4639,3356,4093,2255,2380,3016,3080,2697,5115,226,296,915,967,1080,1356,1103,2169,1166,1771,1147,1243,1991,2106,1925,3733,31956,16749,5173,1763,8715,2931,1954,16,14
2021-06-03T23:59:59+02:00,2,1,728,791,2705,2322,3207,2750,3382,4528,3270,4023,2247,2370,3012,3075,2697,5115,215,284,890,942,1034,1312,1043,2084,1113,1712,1112,1203,1982,2092,1925,3731,31312,16552,4947,1749,8701,2772,1797,16,14
2021-06-02T23:59:59+02:00,2,1,703,785,2650,2258,3158,2714,3333,4476,3232,3999,2245,2367,3012,3074,2697,5115,204,280,876,922,998,1294,1008,2051,1068,1667,1099,1170,1980,2089,1925,3731,30994,16354,4931,1736,8700,2742,1721,16,14
2021-06-01T23:59:59+02:00,2,1,662,757,2507,2155,2984,2626,3170,4376,3177,3939,2235,2359,3009,3069,2697,5115,195,268,804,881,917,1243,935,1947,1020,1594,1068,1115,1971,2077,1923,3726,30409,16085,4727,1699,8691,2555,1527,16,14
2021-05-31T23:59:59+02:00,2,1,632,737,2393,2091,2860,2551,3072,4287,3126,3893,2230,2346,3007,3066,2697,5114,184,257,764,853,862,1211,897,1874,983,1539,1048,1088,1965,2072,1921,3724,30050,15927,4505,1685,8675,2426,1383,16,14
2021-05-30T23:59:59+02:00,2,1,623,727,2349,2050,2799,2522,3026,4249,3108,3870,2227,2342,3007,3065,2696,5112,175,243,735,824,822,1173,863,1817,960,1487,1036,1072,1960,2064,1921,3722,29907,15838,4445,1675,8666,2274,1264,16,14
2021-05-29T23:59:59+02:00,2,1,621,725,2335,2035,2776,2512,3009,4231,3098,3861,2226,2341,3007,3065,2696,5112,172,235,729,816,804,1150,850,1767,947,1454,1023,1053,1959,2058,1920,3722,29789,15758,4443,1675,8663,2139,1263,16,14
2021-05-28T23:59:59+02:00,2,1,615,715,2309,2001,2734,2487,2985,4214,3087,3845,2226,2337,3005,3060,2696,5112,169,228,720,805,794,1132,841,1731,917,1415,1004,1024,1957,2050,1919,3720,29577,15602,4434,1673,8661,2065,1259,16,14
2021-05-27T23:59:59+02:00,2,1,573,697,2187,1954,2605,2421,2854,4140,3005,3793,2217,2324,3004,3058,2696,5109,156,214,661,758,721,1078,765,1635,853,1331,982,993,1943,2030,1918,3718,29123,15404,4307,1635,8634,1819,1067,16,13
2021-05-26T23:59:59+02:00,2,1,548,674,2093,1891,2448,2366,2731,4079,2951,3742,2206,2313,2999,3051,2693,5103,152,201,624,720,675,1044,726,1566,808,1277,967,965,1924,1997,1913,3712,28745,15187,4085,1625,8609,1690,936,16,13
2021-05-25T23:59:59+02:00,2,1,526,661,2014,1839,2349,2326,2628,3999,2904,3708,2194,2305,2996,3046,2692,5099,146,193,605,691,645,1011,685,1509,765,1217,948,944,1898,1964,1912,3708,28413,14988,3914,1589,8570,1558,873,16,12
2021-05-24T23:59:59+02:00,2,1,516,645,1965,1804,2280,2295,2565,3950,2853,3669,2182,2298,2990,3045,2689,5098,142,185,586,673,619,981,650,1451,744,1166,928,930,1892,1962,1907,3707,28249,14902,3762,1577,8538,1436,774,16,12
2021-05-23T23:59:59+02:00,2,1,513,644,1952,1795,2268,2283,2556,3937,2842,3654,2178,2295,2990,3043,2689,5098,141,184,582,668,613,978,634,1439,735,1160,924,924,1888,1958,1905,3703,28147,14832,3759,1571,8537,1427,772,16,12
2021-05-22T23:59:59+02:00,2,1,508,636,1932,1781,2240,2267,2533,3909,2816,3630,2171,2291,2989,3040,2689,5097,138,176,575,663,609,969,624,1435,731,1151,913,918,1881,1943,1905,3703,27947,14770,3758,1571,8535,1393,763,16,12
2021-05-21T23:59:59+02:00,2,1,496,622,1855,1751,2161,2226,2475,3862,2776,3588,2164,2278,2986,3039,2689,5096,138,173,570,656,598,960,612,1423,712,1132,898,895,1869,1938,1905,3702,27521,14682,3733,1570,8520,1332,760,16,12
2021-05-20T23:59:59+02:00,2,1,461,604,1726,1684,2036,2156,2358,3771,2695,3502,2145,2265,2978,3031,2687,5093,131,165,542,621,566,921,586,1367,681,1070,875,863,1857,1926,1903,3699,26886,14555,3621,1556,8452,1130,691,16,12
2021-05-19T23:59:59+02:00,2,1,425,569,1622,1613,1901,2093,2229,3675,2597,3413,2127,2249,2971,3026,2681,5092,118,157,515,601,534,887,557,1317,655,1012,856,843,1837,1896,1896,3694,26184,14386,3555,1536,8417,1035,573,16,12
2021-05-18T23:59:59+02:00,2,0,404,549,1548,1556,1810,2036,2121,3557,2507,3321,2115,2230,2963,3018,2680,5088,111,151,493,582,513,855,542,1241,637,950,842,817,1826,1877,1892,3687,25711,14263,3392,1498,8364,933,474,16,12
2021-05-17T23:59:59+02:00,2,0,385,537,1498,1523,1765,1992,2059,3463,2466,3253,2096,2212,2952,3010,2678,5084,106,144,474,568,506,821,532,1179,627,897,825,784,1821,1866,1891,3682,25436,14185,3283,1464,8305,837,384,16,12
2021-05-16T23:59:59+02:00,2,0,381,536,1473,1495,1734,1970,2020,3413,2412,3199,2082,2204,2949,3006,2678,5083,103,142,466,549,496,805,520,1130,607,857,797,756,1816,1862,1891,3681,25268,14131,3217,1431,8272,750,311,16,12
2021-05-15T23:59:59+02:00,2,0,376,532,1447,1479,1717,1950,2003,3391,2391,3166,2075,2204,2948,3004,2677,5083,103,139,464,549,496,804,515,1126,601,848,793,754,1812,1859,1891,3681,25082,14100,3217,1431,8268,742,307,15,12
2021-05-14T23:59:59+02:00,2,0,365,521,1419,1449,1678,1912,1928,3319,2348,3126,2068,2196,2945,3004,2675,5083,101,136,462,534,478,780,497,1096,588,832,780,740,1806,1851,1891,3680,24741,14046,3179,1416,8248,641,291,15,12
2021-05-13T23:59:59+02:00,2,0,346,506,1366,1403,1581,1871,1815,3235,2280,3042,2042,2179,2936,3000,2673,5077,97,133,450,527,468,766,491,1082,578,819,756,715,1793,1828,1890,3674,24328,13967,2973,1372,8199,602,265,15,12
2021-05-12T23:59:59+02:00,1,0,339,503,1348,1395,1565,1862,1795,3211,2267,3028,2039,2172,2930,2997,2673,5076,97,131,448,527,467,760,487,1078,576,813,749,702,1789,1821,1888,3674,24203,13918,2952,1364,8194,601,262,14,12
2021-05-11T23:59:59+02:00,1,0,323,483,1283,1363,1470,1828,1692,3116,2171,2958,2023,2146,2922,2986,2669,5075,91,121,434,501,447,734,468,1047,547,793,727,673,1777,1811,1886,3670,23819,13814,2795,1328,8090,513,209,14,12
2021-05-10T23:59:59+02:00,1,0,310,468,1247,1336,1423,1800,1629,3061,2119,2890,2011,2131,2913,2977,2668,5071,91,118,428,494,438,714,461,1024,543,770,717,657,1771,1804,1884,3666,23561,13754,2722,1322,7988,460,182,14,11
2021-05-09T23:59:59+02:00,1,0,305,458,1207,1319,1402,1784,1583,3026,2061,2849,2002,2118,2910,2971,2668,5066,88,115,420,486,431,707,452,1015,534,758,708,647,1765,1800,1883,3663,23348,13716,2672,1316,7942,414,161,14,11
2021-05-08T23:59:59+02:00,1,0,299,456,1198,1300,1379,1768,1559,3004,2024,2836,1995,2110,2908,2970,2666,5065,87,115,419,486,429,706,451,1010,534,752,705,646,1759,1789,1883,3663,23162,13699,2669,1308,7938,402,160,14,11
2021-05-07T23:59:59+02:00,1,0,289,449,1174,1275,1334,1749,1501,2944,1974,2788,1986,2100,2907,2965,2664,5060,84,112,408,473,419,680,438,976,512,726,699,622,1741,1775,1883,3659,22901,13633,2641,1284,7878,299,126,14,10
2021-05-06T23:59:59+02:00,1,0,272,438,1088,1239,1220,1688,1364,2833,1843,2698,1951,2072,2903,2952,2663,5056,82,106,395,459,408,665,426,955,494,707,687,606,1728,1761,1879,3652,22426,13566,2455,1265,7675,216,98,13,9
2021-05-05T23:59:59+02:00,1,0,258,426,1051,1215,1180,1653,1297,2768,1763,2620,1929,2040,2889,2937,2663,5044,82,102,388,450,403,653,419,944,488,689,668,594,1704,1741,1879,3649,21997,13487,2396,1243,7618,168,91,13,8
2021-05-04T23:59:59+02:00,1,0,250,416,1016,1193,1143,1632,1255,2722,1711,2558,1910,2007,2879,2923,2653,5031,78,99,381,440,400,648,410,925,480,670,651,575,1688,1715,1875,3649,21672,13394,2334,1212,7573,129,85,13,7
2021-05-03T23:59:59+02:00,1,0,247,408,986,1171,1107,1616,1225,2689,1669,2523,1893,1979,2866,2914,2651,5025,74,93,369,435,392,640,406,917,473,663,637,565,1667,1689,1873,3645,21432,13303,2311,1203,7527,108,59,13,6
2021-05-02T23:59:59+02:00,1,0,241,406,973,1160,1081,1600,1204,2677,1654,2502,1886,1965,2861,2911,2649,5022,72,93,363,433,389,635,403,911,470,658,629,555,1648,1677,1873,3644,21313,13267,2296,1182,7494,95,44,13,6
2021-05-01T23:59:59+02:00,1,0,238,403,965,1152,1071,1592,1193,2665,1641,2484,1878,1959,2857,2907,2649,5022,72,93,363,432,388,635,402,907,470,657,627,555,1648,1677,1873,3644,21194,13260,2296,1182,7494,92,44,13,6
2021-04-30T23:59:59+02:00,1,0,236,397,955,1133,1050,1575,1158,2602,1587,2426,1864,1942,2851,2902,2648,5018,71,91,362,427,385,629,401,883,465,646,620,549,1645,1671,1873,3642,20898,13245,2291,1170,7490,68,13,13,5
2021-04-29T23:59:59+02:00,1,0,224,384,911,1111,1014,1541,1112,2549,1498,2356,1818,1898,2842,2891,2644,5006,71,90,356,426,381,624,395,872,455,635,608,538,1630,1659,1867,3636,20443,13176,2255,1143,7432,47,12,13,5
2021-04-28T23:59:59+02:00,1,0,213,381,899,1097,985,1530,1078,2512,1433,2301,1781,1837,2831,2886,2642,5003,68,89,349,423,378,614,392,863,449,622,592,520,1615,1643,1867,3634,20146,13102,2214,1105,7379,34,11,13,5
2021-04-27T23:59:59+02:00,1,0,212,375,886,1084,972,1518,1054,2487,1413,2273,1750,1794,2825,2879,2640,4999,66,86,347,420,377,609,390,859,443,617,585,509,1603,1620,1863,3631,19950,13042,2189,1077,7347,29,11,12,5
2021-04-26T23:59:59+02:00,1,0,210,369,877,1076,962,1508,1029,2470,1361,2229,1732,1774,2815,2868,2637,4993,66,85,343,416,377,608,386,856,439,611,576,498,1588,1605,1861,3627,19769,12997,2175,1040,7287,27,11,12,5
2021-04-25T23:59:59+02:00,1,0,210,368,869,1067,951,1501,1013,2452,1329,2196,1708,1751,2808,2861,2637,4992,65,84,342,411,374,607,384,852,437,610,574,492,1583,1596,1861,3625,19642,12979,2151,1022,7238,19,11,12,4
2021-04-24T23:59:59+02:00,1,0,206,364,859,1061,938,1488,1001,2435,1298,2176,1698,1727,2805,2856,2637,4992,65,84,342,411,373,607,384,850,436,607,573,489,1582,1594,1861,3625,19484,12973,2151,1013,7222,19,11,12,4
2021-04-23T23:59:59+02:00,1,0,202,358,849,1050,931,1479,983,2422,1242,2133,1676,1701,2799,2850,2637,4989,64,82,342,411,373,606,383,847,433,603,566,481,1574,1586,1861,3620,19341,12949,2140,986,7130,19,11,12,4
2021-04-22T23:59:59+02:00,1,0,202,350,827,1032,909,1460,954,2380,1192,2074,1634,1655,2788,2830,2635,4980,64,81,341,407,367,600,380,837,428,598,556,474,1556,1573,1856,3615,19064,12882,2085,961,7059,12,11,12,4
2021-04-21T23:59:59+02:00,1,0,197,344,809,1019,885,1443,918,2344,1143,2027,1589,1595,2768,2809,2628,4972,62,79,338,405,366,597,377,832,425,591,551,468,1544,1551,1845,3610,18735,12812,2054,939,7003,12,11,12,4
2021-04-20T23:59:59+02:00,1,0,193,339,793,996,870,1424,898,2293,1110,1977,1535,1532,2741,2785,2622,4957,61,79,336,404,363,594,373,826,425,584,545,460,1522,1520,1842,3606,18442,12734,1983,917,6938,11,11,12,4
2021-04-19T23:59:59+02:00,1,0,191,331,781,984,858,1407,883,2263,1088,1946,1503,1486,2728,2771,2620,4952,61,78,335,402,359,589,370,817,420,574,541,454,1494,1495,1836,3593,18250,12643,1967,890,6873,8,10,11,4
2021-04-18T23:59:59+02:00,1,0,190,328,773,976,846,1398,865,2247,1067,1928,1472,1449,2719,2765,2614,4946,60,76,334,401,359,589,369,812,418,572,539,449,1485,1489,1833,3591,18132,12617,1937,874,6806,8,10,11,4
2021-04-17T23:59:59+02:00,1,0,188,324,770,974,841,1396,858,2243,1062,1921,1453,1424,2714,2757,2614,4946,60,73,332,396,358,589,367,808,418,569,536,443,1477,1481,1833,3590,18057,12573,1936,872,6783,8,10,11,4
2021-04-16T23:59:59+02:00,1,0,187,323,763,968,829,1380,847,2223,1027,1881,1401,1358,2703,2742,2610,4939,55,71,328,390,357,587,363,796,411,555,512,415,1466,1460,1822,3577,17840,12470,1921,809,6711,7,10,10,4
2021-04-15T23:59:59+02:00,1,0,186,319,741,952,812,1369,822,2179,986,1844,1355,1305,2675,2715,2595,4923,53,71,323,384,352,586,355,791,401,552,498,407,1434,1428,1810,3562,17573,12360,1908,762,6585,6,10,9,4
2021-04-14T23:59:59+02:00,1,0,185,313,733,945,805,1356,811,2147,970,1815,1299,1264,2629,2650,2582,4907,51,67,319,381,350,582,352,783,392,541,483,392,1401,1398,1803,3544,17302,12233,1889,721,6505,6,10,8,4
2021-04-13T23:59:59+02:00,1,0,181,308,724,941,795,1346,801,2122,939,1789,1241,1196,2577,2593,2574,4892,49,67,316,378,342,577,345,775,384,533,470,384,1376,1377,1795,3533,17068,12140,1838,676,6398,5,10,7,4
2021-04-12T23:59:59+02:00,1,0,181,307,720,937,787,1334,779,2101,925,1769,1199,1162,2558,2563,2570,4878,48,63,306,371,337,571,340,767,379,527,455,374,1360,1364,1792,3525,16943,12057,1817,635,6292,5,10,6,4
2021-04-11T23:59:59+02:00,0,0,179,306,714,929,780,1329,769,2085,909,1753,1178,1136,2538,2541,2565,4871,47,61,301,369,335,569,339,763,374,519,450,365,1345,1360,1788,3518,16878,12006,1793,609,6190,4,10,6,4
2021-04-10T23:59:59+02:00,0,0,179,304,714,927,778,1328,762,2076,902,1747,1165,1122,2526,2526,2565,4871,42,56,278,357,320,554,325,752,359,509,437,358,1333,1341,1783,3512,16824,11831,1784,593,6162,4,10,6,4
2021-04-09T23:59:59+02:00,0,0,179,300,709,924,769,1306,754,1994,884,1665,1117,1056,2488,2500,2562,4863,35,54,264,344,302,543,307,738,346,493,420,350,1293,1312,1771,3498,16677,11611,1749,563,5920,4,8,5,4
2021-04-08T23:59:59+02:00,0,0,178,297,705,919,763,1300,741,1977,862,1645,1053,978,2431,2464,2550,4853,35,52,257,330,289,535,291,723,321,475,394,327,1244,1276,1747,3465,16517,11331,1690,530,5786,4,7,5,4
2021-04-07T23:59:59+02:00,0,0,172,294,697,913,755,1286,725,1949,847,1616,1003,921,2380,2409,2542,4837,33,49,240,314,279,529,282,710,307,462,366,309,1198,1239,1728,3427,16332,11067,1649,499,5639,4,7,5,4
2021-04-06T23:59:59+02:00,0,0,168,293,691,909,743,1271,706,1926,822,1592,971,877,2340,2360,2534,4827,31,48,239,311,277,526,272,707,297,457,355,295,1170,1209,1708,3406,16220,10936,1616,466,5465,4,7,5,4
2021-04-05T23:59:59+02:00,0,0,168,293,690,903,739,1262,697,1910,813,1577,946,852,2314,2317,2529,4819,31,48,239,307,276,522,269,700,292,455,353,288,1138,1185,1700,3387,16160,10845,1600,437,5336,4,7,5,4
2021-04-04T23:59:59+02:00,0,0,167,290,688,897,734,1251,688,1894,806,1556,936,838,2309,2311,2529,4818,31,48,239,307,275,522,269,700,292,455,351,288,1121,1172,1696,3383,16135,10804,1598,437,5247,4,7,4,4
2021-04-03T23:59:59+02:00,0,0,167,290,688,897,732,1249,687,1889,799,1553,924,829,2303,2301,2526,4817,31,48,239,307,275,522,269,699,292,453,351,288,1121,1167,1696,3380,16093,10793,1598,437,5227,4,7,4,4
2021-04-02T23:59:59+02:00,0,0,167,289,688,896,731,1246,684,1882,791,1542,912,819,2283,2280,2524,4814,31,48,236,307,273,520,266,692,284,448,347,287,1100,1139,1685,3353,16026,10677,1586,430,5201,4,7,4,4
2021-04-01T23:59:59+02:00,0,0,164,286,682,885,718,1233,678,1862,774,1521,884,787,2247,2234,2518,4795,30,47,228,304,271,516,263,685,278,443,336,279,1063,1101,1652,3310,15904,10479,1525,416,5100,4,7,4,4
2021-03-31T23:59:59+02:00,0,0,161,283,675,878,708,1218,670,1816,762,1480,870,769,2207,2176,2497,4776,30,47,227,303,266,514,259,683,269,433,322,273,1000,1048,1628,3278,15789,10272,1468,398,4951,4,6,4,4
2021-03-30T23:59:59+02:00,0,0,157,276,669,869,704,1197,662,1777,753,1437,851,751,2162,2112,2483,4754,30,46,224,300,264,511,257,677,264,425,311,267,968,1019,1606,3242,15651,10118,1424,380,4799,4,6,4,4
2021-03-29T23:59:59+02:00,0,0,154,270,664,856,699,1185,652,1745,740,1398,834,734,2093,2048,2462,4724,30,46,223,299,263,509,253,671,256,414,304,262,943,998,1593,3215,15454,9995,1381,370,4682,4,6,4,4
2021-03-28T23:59:59+02:00,0,0,146,255,654,849,693,1176,647,1725,735,1382,828,715,2053,2008,2457,4712,30,45,220,299,259,503,249,668,254,411,302,260,932,988,1587,3207,15386,9938,1331,362,4576,4,6,4,4
2021-03-27T23:59:59+01:00,0,0,146,252,650,842,689,1172,641,1713,733,1375,820,702,2043,1995,2457,4711,30,45,220,299,259,503,249,662,251,406,300,259,925,978,1570,3183,15337,9873,1322,352,4539,4,6,4,4
2021-03-26T23:59:59+01:00,0,0,144,250,639,831,684,1157,632,1695,725,1346,802,684,2019,1970,2447,4701,30,45,220,299,258,501,249,662,245,394,295,252,895,946,1537,3134,15234,9698,1286,352,4460,4,4,4,4
2021-03-25T23:59:59+01:00,0,0,141,249,629,822,666,1136,617,1661,707,1304,783,664,1976,1928,2431,4683,30,45,217,294,257,500,242,659,243,392,287,248,856,914,1477,3057,15124,9467,1232,338,4293,3,4,4,4
2021-03-24T23:59:59+01:00,0,0,138,242,615,810,662,1124,608,1624,693,1271,760,648,1935,1885,2414,4659,30,45,215,293,256,498,240,659,237,389,280,242,813,890,1427,2965,14993,9246,1198,322,4148,2,3,4,4
2021-03-23T23:59:59+01:00,0,0,136,240,608,803,648,1112,598,1602,681,1233,742,634,1896,1854,2399,4641,29,44,213,292,254,494,233,654,234,382,270,238,789,867,1350,2867,14903,8986,1169,311,4004,2,3,4,4
2021-03-22T23:59:59+01:00,0,0,133,235,590,786,631,1094,588,1570,666,1207,733,621,1866,1830,2388,4625,29,43,212,290,252,493,232,646,233,378,267,233,764,846,1259,2762,14824,8727,1138,299,3849,2,3,4,4
2021-03-21T23:59:59+01:00,0,0,131,233,586,780,627,1091,584,1546,655,1172,727,611,1842,1824,2382,4609,29,43,211,290,251,491,231,645,232,376,265,230,758,843,1250,2753,14792,8694,1117,290,3734,2,3,4,4
2021-03-20T23:59:59+01:00,0,0,129,233,581,777,624,1089,581,1543,653,1170,723,602,1820,1802,2375,4597,29,43,211,290,251,491,230,643,229,370,263,228,749,837,1232,2740,14731,8642,1109,280,3700,2,3,4,4
2021-03-19T23:59:59+01:00,0,0,120,221,576,764,618,1083,578,1525,636,1156,689,561,1764,1762,2346,4576,28,43,211,289,250,491,229,637,226,367,261,222,723,818,1197,2687,14570,8499,1037,265,3605,2,3,4,4
2021-03-18T23:59:59+01:00,0,0,117,216,559,754,598,1051,559,1475,607,1108,655,536,1715,1714,2319,4534,28,43,209,287,248,484,229,631,223,358,259,214,706,806,1165,2645,14382,8373,975,246,3391,2,3,4,4
2021-03-17T23:59:59+01:00,0,0,112,210,548,741,588,1046,550,1461,592,1089,633,515,1672,1679,2298,4495,28,42,209,286,247,481,228,630,222,355,258,212,694,794,1130,2599,14185,8257,931,240,3339,2,3,4,4
2021-03-16T23:59:59+01:00,0,0,107,204,537,730,575,1034,538,1423,576,1061,615,491,1619,1627,2277,4460,28,41,209,284,247,476,227,628,220,354,254,212,679,775,1100,2544,14010,8123,878,237,3206,2,2,4,4
2021-03-15T23:59:59+01:00,0,0,103,197,523,715,564,1009,527,1388,562,1024,598,474,1578,1593,2255,4436,27,41,208,281,247,473,225,626,218,354,246,208,661,763,1076,2508,13861,8023,824,223,3079,2,0,4,4
2021-03-14T23:59:59+01:00,0,0,99,185,514,700,553,987,519,1344,546,979,580,459,1551,1572,2239,4411,27,41,208,279,246,472,224,621,217,349,244,204,657,756,1068,2493,13756,7996,789,194,2907,2,0,4,4
2021-03-13T23:59:59+01:00,0,0,95,174,488,679,524,961,493,1323,524,958,554,451,1526,1548,2231,4403,27,41,208,279,246,472,223,620,217,348,243,204,652,747,1039,2464,13536,7919,775,193,2822,2,0,4,4
2021-03-12T23:59:59+01:00,0,0,86,168,462,651,503,934,471,1288,499,923,524,432,1473,1501,2209,4364,27,41,208,278,246,471,223,620,217,347,240,202,640,735,1014,2437,13237,7833,746,193,2698,2,0,4,3
2021-03-11T23:59:59+01:00,0,0,80,157,431,614,469,902,432,1210,463,862,494,399,1397,1436,2161,4305,27,41,207,275,241,467,222,616,213,344,236,200,625,717,989,2396,12862,7754,693,142,2434,2,0,4,3
2021-03-10T23:59:59+01:00,0,0,78,151,408,590,451,884,415,1175,436,819,465,375,1320,1372,2122,4248,27,41,205,270,237,462,219,610,213,342,231,197,606,709,966,2357,12527,7645,660,125,2295,2,0,4,3
2021-03-09T23:59:59+01:00,0,0,77,148,399,570,429,855,402,1126,418,788,444,358,1272,1339,2081,4204,27,41,204,267,235,454,216,606,210,338,229,196,595,702,948,2326,12310,7565,634,106,2126,2,0,4,3
2021-03-08T23:59:59+01:00,0,0,74,143,386,552,411,837,390,1074,407,746,428,344,1218,1304,2057,4166,27,41,204,266,232,449,212,601,206,334,227,195,583,697,938,2315,12126,7514,597,90,1971,1,0,4,3
2021-03-07T23:59:59+01:00,0,0,71,139,383,542,403,821,378,1060,400,740,425,339,1206,1286,2048,4157,27,41,204,265,232,447,210,600,206,333,226,194,579,694,930,2308,12060,7485,571,88,1920,0,0,4,3
2021-03-06T23:59:59+01:00,0,0,71,133,380,538,396,800,372,1006,392,706,423,338,1199,1275,2033,4142,27,41,204,265,231,446,210,599,206,333,226,194,576,694,928,2295,12004,7477,571,75,1780,0,0,4,3
2021-03-05T23:59:59+01:00,0,0,71,128,376,532,392,794,369,990,381,680,412,325,1160,1233,1989,4083,27,41,203,264,230,445,209,597,205,331,224,193,571,693,920,2274,11791,7454,549,49,1719,0,0,4,3
2021-03-04T23:59:59+01:00,0,0,71,117,367,499,378,761,349,949,367,650,395,323,1108,1182,1907,3990,27,41,201,259,228,438,207,586,202,330,223,192,569,690,917,2271,11493,7407,516,48,1546,0,0,4,3
2021-03-03T23:59:59+01:00,0,0,67,110,358,484,371,745,344,927,353,630,385,315,1064,1149,1838,3869,27,41,201,258,227,436,204,576,202,323,222,189,564,687,910,2265,11223,7363,489,43,1435,0,0,4,3
2021-03-02T23:59:59+01:00,0,0,64,104,348,472,358,727,333,906,346,602,372,308,1029,1119,1741,3748,26,41,201,258,227,429,199,569,200,320,220,189,562,679,903,2252,10900,7304,465,43,1343,0,0,4,3
2021-03-01T23:59:59+01:00,0,0,63,102,342,459,351,709,322,881,339,568,367,304,1003,1088,1624,3595,26,40,200,258,225,420,197,561,200,316,219,189,559,673,894,2244,10564,7249,444,43,1237,0,0,4,3
2021-02-28T23:59:59+01:00,0,0,63,100,335,450,348,701,320,857,335,548,362,292,995,1084,1614,3583,26,40,199,257,224,420,197,561,200,316,218,189,559,670,891,2241,10520,7236,433,43,1160,0,0,4,3
2021-02-27T23:59:59+01:00,0,0,60,91,331,441,344,699,314,845,331,538,358,288,986,1073,1592,3562,26,40,199,256,224,419,196,560,199,315,218,189,559,670,891,2241,10451,7235,421,38,1105,0,0,4,3
2021-02-26T23:59:59+01:00,0,0,58,88,324,417,319,668,295,815,318,517,354,284,961,1053,1551,3500,26,39,199,255,224,417,194,557,196,313,218,189,559,670,890,2238,10293,7217,418,38,930,0,0,4,2
2021-02-25T23:59:59+01:00,0,0,51,77,311,399,309,638,288,787,304,491,345,274,944,1034,1514,3455,26,39,198,253,220,414,191,549,191,312,213,186,548,662,879,2232,10146,7156,404,28,787,0,0,4,2
2021-02-24T23:59:59+01:00,0,0,47,72,302,387,302,625,283,772,300,481,338,273,924,1022,1467,3396,25,39,196,251,217,401,189,541,188,307,211,183,542,656,877,2219,9998,7091,390,20,717,0,0,4,2
2021-02-23T23:59:59+01:00,0,0,44,63,289,373,293,606,277,753,290,471,331,271,896,1003,1426,3323,24,39,195,249,215,396,188,535,184,304,210,182,540,646,871,2200,9823,7030,371,16,627,0,0,4,2
2021-02-22T23:59:59+01:00,0,0,41,60,282,361,289,596,274,742,286,467,324,264,875,988,1397,3287,24,37,191,246,212,383,180,525,179,301,207,180,528,638,864,2183,9705,6940,355,5,584,0,0,4,2
2021-02-21T23:59:59+01:00,0,0,40,59,277,354,287,587,270,734,280,463,321,262,870,983,1390,3278,24,36,190,244,212,381,180,516,179,299,207,180,524,637,856,2170,9679,6896,347,5,536,0,0,4,2
2021-02-20T23:59:59+01:00,0,0,39,59,274,353,287,584,269,728,277,455,320,262,857,972,1358,3247,24,36,190,244,212,381,180,516,178,298,207,180,523,637,854,2169,9595,6890,336,5,514,0,0,4,2
2021-02-19T23:59:59+01:00,0,0,38,59,270,348,281,561,260,703,272,442,316,257,835,955,1324,3217,24,35,190,244,211,380,180,515,177,298,206,179,518,636,849,2152,9491,6855,321,5,427,0,0,3,2
2021-02-18T23:59:59+01:00,0,0,38,56,252,327,272,540,251,682,255,414,313,248,824,938,1298,3185,24,34,186,237,209,374,176,499,175,287,203,174,503,622,812,2085,9404,6661,295,5,293,0,0,3,2
2021-02-17T23:59:59+01:00,0,0,38,54,245,321,269,527,246,669,252,392,308,243,804,927,1269,3138,22,32,183,232,201,360,172,482,170,275,195,169,492,607,793,2046,9271,6491,285,4,241,0,0,3,2
2021-02-16T23:59:59+01:00,0,0,37,49,234,310,266,516,240,654,246,385,303,241,793,916,1244,3106,20,32,174,224,193,341,166,470,166,261,192,162,459,576,758,1978,9178,6231,277,4,178,0,0,3,2
2021-02-15T23:59:59+01:00,0,0,36,48,228,307,259,503,236,648,243,377,300,239,775,908,1232,3087,19,30,169,218,188,334,161,460,160,254,182,157,429,547,722,1907,9115,5996,263,4,141,0,0,3,2
2021-02-14T23:59:59+01:00,0,0,34,48,226,304,257,497,234,642,243,373,300,235,768,902,1223,3068,18,30,167,215,184,329,160,448,158,251,181,154,421,538,704,1864,9093,5880,230,4,123,0,0,3,2
2021-02-13T23:59:59+01:00,0,0,33,48,226,304,256,497,234,641,243,373,300,235,766,901,1222,3068,18,30,165,214,181,329,159,446,157,248,179,151,416,535,696,1849,9087,5833,230,1,122,0,0,3,2
2021-02-12T23:59:59+01:00,0,0,32,46,223,299,253,488,230,630,240,367,299,234,760,900,1219,3058,18,30,163,211,180,328,157,444,155,247,177,147,413,519,665,1783,9059,5697,230,1,79,0,0,3,2
2021-02-11T23:59:59+01:00,0,0,31,45,215,280,246,472,223,606,227,353,295,233,752,883,1194,3025,18,29,146,192,172,297,147,398,149,225,160,131,367,471,602,1615,8987,5175,163,1,18,0,0,3,2
2021-02-10T23:59:59+01:00,0,0,31,45,211,273,243,465,219,597,224,346,291,233,740,880,1186,3015,17,27,133,169,158,259,128,349,138,201,144,122,340,440,541,1490,8933,4706,146,1,7,0,0,3,0
2021-02-09T23:59:59+01:00,0,0,30,43,210,270,241,452,215,590,220,343,287,229,736,873,1177,3002,17,26,118,141,145,236,110,307,124,174,126,114,308,384,486,1332,8879,4193,122,1,3,0,0,3,0
2021-02-08T23:59:59+01:00,0,0,30,43,209,268,235,438,212,578,217,338,282,229,728,868,1171,2995,15,24,102,120,124,193,91,265,116,162,103,105,269,332,424,1197,8814,3683,107,1,3,0,0,3,0
2021-02-07T23:59:59+01:00,0,0,30,42,207,266,233,437,212,575,217,337,282,229,727,865,1166,2992,14,18,98,114,117,182,86,247,111,152,96,100,262,319,408,1147,8794,3509,104,1,0,0,0,3,0
2021-02-06T23:59:59+01:00,0,0,30,42,207,266,233,436,212,575,217,336,281,229,726,865,1165,2980,11,14,97,112,116,178,84,240,111,150,95,99,262,315,397,1132,8791,3448,90,1,0,0,0,3,0
2021-02-05T23:59:59+01:00,0,0,29,41,207,266,233,435,210,572,215,335,280,229,724,865,1153,2953,10,10,89,104,112,175,83,236,105,138,92,97,253,310,373,1103,8771,3323,55,0,0,0,0,3,0
2021-02-04T23:59:59+01:00,0,0,29,41,205,265,229,430,205,566,213,331,277,226,718,859,1144,2942,9,7,61,72,88,131,71,199,85,119,88,83,221,274,329,976,8704,2837,55,0,0,0,0,3,0
2021-02-03T23:59:59+01:00,0,0,29,40,205,263,228,418,202,560,212,328,275,224,708,856,1137,2927,6,4,45,54,69,108,54,154,72,90,63,58,166,200,248,713,8641,2123,50,0,0,0,0,3,0
2021-02-02T23:59:59+01:00,0,0,28,40,204,261,225,412,201,555,209,327,272,223,700,846,1130,2902,3,3,29,38,54,77,41,98,54,66,54,47,119,134,165,471,8563,1467,49,0,0,0,0,3,0
2021-02-01T23:59:59+01:00,0,0,27,38,202,261,222,407,198,549,205,320,271,220,693,843,1125,2890,3,1,22,21,27,45,27,62,30,35,38,29,72,86,95,284,8499,885,49,0,0,0,0,3,0
2021-01-31T23:59:59+01:00,0,0,27,38,202,259,220,403,196,541,204,318,270,220,689,839,1119,2875,3,1,20,16,18,37,20,49,22,31,35,23,57,74,92,254,8448,758,48,0,0,0,0,3,0
2021-01-30T23:59:59+01:00,0,0,27,38,202,259,220,403,195,541,204,318,270,220,688,839,1118,2873,3,1,19,15,16,37,18,45,20,30,34,22,57,71,90,248,8444,731,47,0,0,0,0,3,0
2021-01-29T23:59:59+01:00,0,0,27,38,202,256,219,402,194,540,202,316,270,220,683,836,1112,2865,3,0,16,10,11,31,17,40,16,27,34,21,54,70,88,242,8416,683,43,0,0,0,0,2,0
2021-01-28T23:59:59+01:00,0,0,27,37,195,253,219,396,193,531,199,311,269,220,671,828,1089,2845,3,0,3,3,6,18,9,22,7,13,26,15,37,47,58,171,8326,439,34,0,0,0,0,2,0
2021-01-27T23:59:59+01:00,0,0,26,35,190,248,214,387,191,517,196,301,261,214,657,811,1065,2807,1,0,2,3,5,14,8,20,6,12,25,14,31,41,49,130,8164,361,29,0,0,0,0,2,0
2021-01-26T23:59:59+01:00,0,0,23,35,187,237,208,374,186,499,193,292,255,209,635,794,1037,2756,1,0,1,3,5,14,8,20,6,12,24,11,30,37,48,113,7968,333,24,0,0,0,0,2,0
2021-01-25T23:59:59+01:00,0,0,23,34,179,235,205,364,181,489,188,281,245,205,612,774,1011,2711,1,0,1,3,4,12,7,17,6,11,21,10,26,36,40,102,7801,297,6,0,0,0,0,2,0
2021-01-24T23:59:59+01:00,0,0,22,33,177,232,202,363,180,487,187,279,245,203,608,769,1008,2706,1,0,1,3,3,12,7,17,6,11,21,10,26,36,39,100,7765,293,5,0,0,0,0,2,0
2021-01-23T23:59:59+01:00,0,0,22,33,177,232,200,363,180,486,187,279,245,203,607,769,1000,2693,1,0,1,3,3,11,7,17,5,11,21,10,26,36,39,100,7740,291,5,0,0,0,0,2,0
2021-01-22T23:59:59+01:00,0,0,21,32,175,228,199,363,180,485,186,279,245,201,605,767,972,2651,1,0,1,3,3,11,7,17,5,11,21,10,26,36,39,100,7653,291,5,0,0,0,0,2,0
2021-01-21T23:59:59+01:00,0,0,20,32,166,220,192,346,175,463,184,262,233,196,580,742,935,2598,1,0,1,3,1,6,7,12,3,7,20,8,22,26,34,83,7405,234,5,0,0,0,0,2,0
2021-01-20T23:59:59+01:00,0,0,19,30,151,195,176,304,146,407,170,238,215,184,538,696,867,2398,1,0,1,3,1,6,7,11,3,6,19,7,21,23,30,77,6789,216,4,0,0,0,0,2,0
2021-01-19T23:59:59+01:00,0,0,19,28,128,164,160,270,133,366,155,215,180,164,475,605,769,2124,1,0,1,3,1,6,5,7,1,4,11,3,10,15,21,55,6004,144,3,0,0,0,0,2,0
2021-01-18T23:59:59+01:00,0,0,16,27,113,147,138,226,115,317,138,188,142,149,385,500,633,1781,1,0,1,1,0,3,4,5,0,4,2,1,4,6,10,28,5061,70,3,0,0,0,0,2,0
2021-01-17T23:59:59+01:00,0,0,15,17,109,133,130,213,107,293,131,176,133,135,370,470,583,1679,1,0,0,0,0,1,2,4,0,2,1,1,3,1,2,5,4733,23,3,0,0,0,0,2,0
2021-01-16T23:59:59+01:00,0,0,13,13,105,130,128,208,104,283,129,170,130,131,365,462,566,1651,0,0,0,0,0,0,0,0,0,0,0,0,0,0,0,0,4627,0,0,0,0,0,0,2,0
2021-01-15T23:59:59+01:00,0,0,11,11,100,121,124,203,102,274,127,158,126,128,358,447,536,1607,0,0,0,0,0,0,0,0,0,0,0,0,0,0,0,0,4469,0,0,0,0,0,0,2,0
2021-01-14T23:59:59+01:00,0,0,9,7,75,88,104,166,84,229,110,141,114,107,306,397,471,1391,0,0,0,0,0,0,0,0,0,0,0,0,0,0,0,0,3826,0,0,0,0,0,0,2,0
2021-01-13T23:59:59+01:00,0,0,7,6,63,78,93,139,74,189,100,116,86,78,236,282,373,1061,0,0,0,0,0,0,0,0,0,0,0,0,0,0,0,0,3004,0,0,0,0,0,0,2,0
2021-01-12T23:59:59+01:00,0,0,5,5,53,60,76,110,66,132,78,91,70,62,166,202,270,741,0,0,0,0,0,0,0,0,0,0,0,0,0,0,0,0,2209,0,0,0,0,0,0,0,0
2021-01-11T23:59:59+01:00,0,0,4,3,45,48,63,80,52,106,56,64,50,41,96,123,141,417,0,0,0,0,0,0,0,0,0,0,0,0,0,0,0,0,1407,0,0,0,0,0,0,0,0
2021-01-10T23:59:59+01:00,0,0,3,3,41,36,46,67,37,84,46,55,45,31,79,109,132,363,0,0,0,0,0,0,0,0,0,0,0,0,0,0,0,0,1188,0,0,0,0,0,0,0,0
2021-01-09T23:59:59+01:00,0,0,3,2,38,35,41,64,34,74,40,50,44,31,79,107,129,361,0,0,0,0,0,0,0,0,0,0,0,0,0,0,0,0,1141,0,0,0,0,0,0,0,0
2021-01-08T23:59:59+01:00,0,0,3,2,31,27,34,57,28,62,35,44,42,29,74,104,126,350,0,0,0,0,0,0,0,0,0,0,0,0,0,0,0,0,1055,0,0,0,0,0,0,0,0
2021-01-07T23:59:59+01:00,0,0,3,2,9,3,9,20,11,28,11,22,35,20,52,69,87,248,0,0,0,0,0,0,0,0,0,0,0,0,0,0,0,0,630,0,0,0,0,0,0,0,0
2021-01-06T23:59:59+01:00,0,0,3,0,2,3,5,15,8,22,7,13,31,18,44,58,73,197,0,0,0,0,0,0,0,0,0,0,0,0,0,0,0,0,500,0,0,0,0,0,0,0,0
2021-01-05T23:59:59+01:00,0,0,2,0,1,3,5,14,8,20,7,12,30,17,43,57,70,189,0,0,0,0,0,0,0,0,0,0,0,0,0,0,0,0,479,0,0,0,0,0,0,0,0
2021-01-04T23:59:59+01:00,0,0,1,0,1,3,5,13,7,18,6,11,26,14,34,48,54,143,0,0,0,0,0,0,0,0,0,0,0,0,0,0,0,0,384,0,0,0,0,0,0,0,0
2021-01-03T23:59:59+01:00,0,0,1,0,1,3,4,13,7,18,6,11,26,14,34,48,54,142,0,0,0,0,0,0,0,0,0,0,0,0,0,0,0,0,382,0,0,0,0,0,0,0,0
2021-01-02T23:59:59+01:00,0,0,1,0,1,3,4,13,7,18,5,11,26,14,34,48,54,142,0,0,0,0,0,0,0,0,0,0,0,0,0,0,0,0,381,0,0,0,0,0,0,0,0
2021-01-01T23:59:59+01:00,0,0,1,0,1,3,4,13,7,18,5,11,26,14,34,48,54,142,0,0,0,0,0,0,0,0,0,0,0,0,0,0,0,0,381,0,0,0,0,0,0,0,0
2020-12-31T23:59:59+01:00,0,0,1,0,1,3,4,12,7,18,5,11,26,14,34,48,54,142,0,0,0,0,0,0,0,0,0,0,0,0,0,0,0,0,380,0,0,0,0,0,0,0,0
2020-12-30T23:59:59+01:00,0,0,1,0,1,3,4,12,7,17,5,11,26,14,34,48,54,142,0,0,0,0,0,0,0,0,0,0,0,0,0,0,0,0,379,0,0,0,0,0,0,0,0
2020-12-29T23:59:59+01:00,0,0,1,0,1,3,3,8,5,12,3,8,19,10,25,40,39,115,0,0,0,0,0,0,0,0,0,0,0,0,0,0,0,0,292,0,0,0,0,0,0,0,0
2020-12-28T23:59:59+01:00,0,0,1,0,1,1,1,2,3,6,2,5,11,3,8,15,24,58,0,0,0,0,0,0,0,0,0,0,0,0,0,0,0,0,141,0,0,0,0,0,0,0,0
2020-12-27T23:59:59+01:00,0,0,1,0,0,0,0,1,2,6,0,2,2,1,5,4,5,20,0,0,0,0,0,0,0,0,0,0,0,0,0,0,0,0,49,0,0,0,0,0,0,0,0
