Datum,<15_m,<15_w,15-24_1_m,15-24_1_w,25-34_1_m,25-34_1_w,35-44_1_m,35-44_1_w,45-54_1_m,45-54_1_w,55-64_1_m,55-64_1_w,65-74_1_m,65-74_1_w,75-84_1_m,75-84_1_w,>84_1_m,>84_1_w,<24_2_m,<24_2_w,25-34_2_m,25-34_2_w,35-44_2_m,35-44_2_w,45-54_2_m,45-54_2_w,55-64_2_m,55-64_2_w,65-74_2_m,65-74_2_w,75-84_2_m,75-84_2_w,>84_2_m,>84_2_w,bp_1,bp_2,mo_1,mo_2,az_1,az_2,ja,unb_1,unb_2
2021-08-02T23:59:59+02:00,90,105,2509,2354,7238,5221,7278,5011,6580,7074,4916,5307,2532,2671,3118,3196,2720,5150,1671,1565,5223,3824,5629,3945,5335,5811,4035,4487,1910,2213,2275,2479,1960,3823,50145,36811,7612,5973,9207,7001,6817,21,17
2021-08-01T23:59:59+02:00,89,103,2498,2347,7209,5205,7265,4998,6571,7065,4912,5301,2530,2671,3116,3196,2720,5150,1660,1555,5178,3800,5576,3907,5299,5792,4020,4473,1908,2211,2273,2476,1960,3823,50073,36622,7600,5948,9206,6978,6778,21,17
2021-07-31T23:59:59+02:00,87,102,2492,2341,7197,5198,7258,4993,6567,7056,4911,5301,2528,2671,3116,3196,2720,5150,1627,1521,5095,3747,5523,3867,5252,5760,3996,4448,1905,2209,2273,2475,1960,3823,50041,36221,7596,5936,9206,6976,6752,21,17
2021-07-30T23:59:59+02:00,86,99,2481,2335,7180,5187,7245,4974,6548,7044,4904,5294,2527,2670,3116,3195,2720,5150,1610,1507,5019,3707,5462,3815,5195,5713,3971,4431,1903,2207,2272,2472,1960,3823,49975,35887,7590,5916,9206,6968,6695,21,17
2021-07-29T23:59:59+02:00,85,98,2450,2321,7128,5147,7206,4931,6523,7007,4882,5273,2526,2666,3114,3194,2720,5150,1571,1479,4904,3615,5338,3748,5112,5629,3926,4381,1897,2199,2269,2470,1959,3823,49791,35353,7577,5864,9202,6932,6562,21,17
2021-07-28T23:59:59+02:00,84,96,2432,2309,7091,5110,7177,4908,6500,6985,4867,5264,2523,2665,3112,3191,2719,5149,1535,1438,4804,3545,5228,3687,5021,5557,3892,4349,1885,2191,2267,2468,1959,3822,49611,34813,7567,5813,9200,6894,6515,21,17
2021-07-27T23:59:59+02:00,81,94,2421,2295,7048,5091,7141,4894,6482,6968,4857,5253,2522,2664,3112,3190,2719,5149,1493,1411,4676,3470,5106,3618,4936,5491,3855,4302,1879,2178,2266,2465,1958,3822,49492,34270,7552,5732,9199,6862,6449,21,17
2021-07-26T23:59:59+02:00,81,92,2398,2281,7019,5074,7110,4879,6459,6949,4853,5243,2521,2664,3111,3190,2719,5149,1459,1358,4546,3412,5004,3560,4866,5422,3804,4269,1876,2164,2265,2459,1958,3821,49376,33748,7533,5670,9197,6815,6397,21,17
2021-07-25T23:59:59+02:00,79,89,2384,2264,6986,5054,7077,4866,6439,6929,4844,5239,2519,2661,3110,3189,2719,5148,1440,1337,4495,3375,4952,3530,4820,5384,3775,4247,1873,2160,2264,2459,1958,3821,49239,33503,7524,5639,9194,6783,6350,21,17
2021-07-24T23:59:59+02:00,79,89,2370,2258,6957,5042,7054,4855,6425,6915,4837,5235,2518,2658,3110,3189,2719,5148,1420,1320,4451,3356,4879,3487,4782,5362,3755,4239,1872,2158,2263,2457,1958,3820,49172,33319,7502,5559,9194,6783,6301,21,17
2021-07-23T23:59:59+02:00,78,87,2343,2236,6910,5019,7024,4833,6396,6891,4818,5228,2516,2656,3108,3189,2719,5148,1369,1290,4325,3265,4749,3412,4709,5296,3708,4207,1871,2150,2262,2452,1957,3820,49016,32719,7497,5532,9194,6763,6203,21,17
2021-07-22T23:59:59+02:00,76,85,2310,2212,6833,4985,6978,4798,6349,6849,4787,5206,2510,2653,3106,3188,2719,5146,1314,1255,4175,3199,4608,3342,4567,5222,3629,4160,1859,2141,2258,2450,1957,3819,48728,32123,7481,5407,9188,6697,6102,21,17
2021-07-21T23:59:59+02:00,75,80,2283,2196,6776,4958,6924,4760,6291,6813,4770,5183,2503,2649,3105,3185,2719,5144,1286,1219,4063,3120,4474,3283,4463,5121,3562,4120,1848,2130,2255,2450,1957,3817,48504,31689,7435,5210,9182,6638,6001,21,17
2021-07-20T23:59:59+02:00,74,79,2267,2179,6725,4932,6890,4734,6256,6776,4741,5168,2500,2645,3105,3185,2719,5144,1252,1194,3954,3058,4390,3236,4376,5043,3509,4090,1846,2121,2253,2449,1957,3816,48287,31248,7425,5141,9181,6590,5934,21,17
2021-07-19T23:59:59+02:00,73,79,2246,2157,6677,4900,6843,4714,6223,6745,4721,5153,2496,2641,3104,3181,2719,5143,1233,1174,3885,3014,4312,3203,4299,4980,3475,4067,1842,2116,2249,2446,1956,3816,48035,30961,7415,5032,9180,6547,5892,21,17
2021-07-18T23:59:59+02:00,73,77,2223,2134,6615,4865,6804,4686,6188,6710,4706,5143,2489,2636,3102,3181,2718,5142,1217,1155,3844,2977,4275,3174,4250,4960,3440,4054,1837,2106,2248,2446,1956,3814,47761,30773,7401,4962,9176,6523,5860,21,16
2021-07-17T23:59:59+02:00,71,73,2209,2121,6598,4852,6785,4672,6169,6695,4688,5134,2485,2635,3102,3180,2718,5141,1208,1143,3812,2944,4234,3156,4213,4928,3413,4042,1832,2103,2248,2444,1956,3814,47657,30622,7396,4910,9176,6518,5805,21,16
2021-07-16T23:59:59+02:00,71,70,2171,2097,6540,4821,6727,4638,6126,6654,4658,5105,2479,2631,3100,3179,2718,5141,1170,1122,3715,2898,4142,3115,4130,4875,3352,3997,1819,2093,2242,2442,1956,3813,47483,30296,7371,4883,9169,6454,5609,21,16
2021-07-15T23:59:59+02:00,69,65,2131,2072,6470,4788,6671,4599,6079,6604,4641,5079,2476,2628,3098,3176,2718,5141,1124,1093,3524,2795,3966,3015,3988,4778,3291,3935,1810,2084,2240,2437,1956,3813,47173,29632,7359,4675,9164,6388,5512,21,16
2021-07-14T23:59:59+02:00,68,63,2100,2056,6403,4754,6597,4567,6026,6561,4620,5059,2469,2622,3095,3174,2718,5141,1076,1059,3412,2712,3867,2955,3885,4708,3248,3891,1798,2076,2239,2434,1956,3813,46875,29174,7347,4582,9162,6318,5411,21,16
2021-07-13T23:59:59+02:00,65,59,2075,2031,6353,4726,6537,4532,5988,6515,4600,5043,2460,2617,3093,3174,2718,5141,1047,1030,3320,2637,3748,2890,3798,4622,3194,3831,1770,2069,2236,2429,1955,3811,46581,28710,7343,4455,9161,6230,5344,21,16
2021-07-12T23:59:59+02:00,61,58,2052,2011,6286,4685,6469,4491,5941,6480,4575,5017,2455,2614,3090,3173,2718,5141,1017,1010,3224,2564,3639,2830,3698,4544,3148,3785,1759,2058,2232,2419,1955,3811,46265,28283,7335,4340,9157,6156,5261,21,16
2021-07-11T23:59:59+02:00,57,58,2043,2000,6252,4668,6441,4472,5911,6463,4566,5010,2452,2609,3088,3173,2717,5141,1009,995,3188,2525,3582,2802,3646,4517,3126,3772,1750,2046,2229,2415,1955,3811,46166,28117,7315,4310,9155,6101,5185,21,16
2021-07-10T23:59:59+02:00,56,57,2022,1972,6175,4629,6383,4440,5865,6427,4543,4999,2449,2606,3088,3170,2717,5140,994,978,3137,2488,3538,2773,3609,4488,3110,3760,1744,2040,2229,2414,1955,3811,45938,27953,7297,4309,9140,6089,5061,21,16
2021-07-09T23:59:59+02:00,55,55,2000,1953,6106,4591,6337,4416,5817,6394,4526,4978,2447,2602,3087,3169,2717,5140,975,963,3085,2445,3488,2741,3560,4453,3086,3734,1742,2026,2227,2413,1955,3811,45721,27755,7266,4281,9134,6038,4964,21,16
2021-07-08T23:59:59+02:00,51,52,1951,1908,6015,4533,6240,4363,5751,6331,4492,4945,2440,2593,3084,3165,2717,5140,907,912,2926,2364,3300,2668,3389,4360,3014,3667,1726,2010,2225,2404,1954,3810,45413,27281,7195,4006,9101,5920,4756,21,16
2021-07-07T23:59:59+02:00,51,51,1887,1868,5901,4460,6139,4313,5680,6274,4460,4899,2434,2584,3079,3161,2717,5140,859,884,2784,2292,3134,2597,3233,4256,2960,3604,1708,1984,2217,2396,1954,3808,44937,26760,7154,3772,9083,5844,4616,21,16
2021-07-06T23:59:59+02:00,49,51,1845,1836,5797,4409,6050,4273,5628,6206,4417,4864,2428,2578,3076,3157,2717,5140,824,852,2674,2196,3045,2541,3160,4166,2904,3550,1683,1954,2214,2391,1954,3808,44510,26280,7116,3673,9070,5766,4516,21,16
2021-07-05T23:59:59+02:00,47,51,1777,1796,5659,4338,5938,4238,5561,6152,4376,4827,2424,2572,3074,3156,2717,5138,783,819,2573,2124,2969,2494,3085,4096,2857,3495,1665,1935,2207,2382,1953,3805,44047,25913,7079,3606,9049,5686,4354,21,16
2021-07-04T23:59:59+02:00,47,50,1739,1761,5582,4303,5894,4210,5523,6132,4358,4808,2422,2570,3074,3154,2717,5137,746,794,2515,2078,2933,2471,3055,4063,2834,3473,1652,1914,2205,2381,1952,3805,43858,25781,7046,3550,9024,5613,4241,21,16
2021-07-03T23:59:59+02:00,45,39,1645,1691,5381,4152,5751,4123,5439,6043,4310,4772,2420,2567,3074,3150,2717,5137,708,771,2453,2034,2883,2450,3017,4018,2804,3445,1646,1907,2204,2377,1952,3803,43064,25613,7018,3548,9017,5585,4039,21,16
2021-07-02T23:59:59+02:00,39,34,1613,1654,5312,4114,5708,4090,5418,6018,4299,4755,2419,2561,3073,3149,2716,5137,689,746,2387,1988,2814,2410,2974,3971,2775,3406,1629,1890,2200,2371,1952,3801,42817,25337,6989,3522,9012,5487,3970,21,16
2021-07-01T23:59:59+02:00,34,30,1569,1622,5216,4054,5626,4045,5344,5949,4273,4728,2416,2557,3072,3148,2716,5136,623,709,2206,1921,2631,2329,2806,3861,2679,3321,1606,1867,2191,2359,1951,3799,42440,24611,6935,3320,8998,5393,3840,21,16
2021-06-30T23:59:59+02:00,34,28,1526,1581,5114,3975,5531,4004,5288,5903,4261,4704,2412,2550,3070,3145,2716,5136,590,678,2111,1859,2522,2281,2698,3776,2620,3247,1587,1838,2183,2347,1950,3798,42050,24168,6883,3209,8982,5272,3738,21,16
2021-06-29T23:59:59+02:00,33,25,1474,1510,5020,3894,5442,3951,5235,5845,4235,4676,2408,2546,3069,3145,2716,5135,564,640,2036,1786,2446,2218,2599,3662,2560,3198,1573,1805,2171,2334,1949,3795,41565,23697,6855,3136,8975,5166,3636,21,16
2021-06-28T23:59:59+02:00,32,24,1446,1456,4912,3842,5382,3905,5192,5806,4207,4650,2404,2538,3068,3143,2716,5135,551,619,1943,1725,2370,2163,2528,3582,2515,3151,1555,1787,2164,2328,1949,3792,41203,23390,6801,3001,8965,5072,3557,21,16
2021-06-27T23:59:59+02:00,32,23,1417,1431,4871,3805,5338,3879,5154,5789,4197,4642,2402,2534,3068,3142,2716,5135,534,604,1893,1682,2335,2144,2486,3545,2485,3134,1548,1775,2163,2319,1949,3792,41039,23253,6768,2947,8949,4997,3487,21,16
2021-06-26T23:59:59+02:00,24,18,1387,1404,4806,3760,5250,3837,5116,5757,4176,4628,2402,2532,3068,3140,2716,5135,528,595,1861,1663,2302,2126,2465,3525,2465,3116,1528,1765,2162,2317,1949,3792,40697,23050,6690,2944,8949,4973,3487,19,16
2021-06-25T23:59:59+02:00,19,11,1357,1370,4704,3692,5199,3813,5082,5732,4151,4617,2399,2530,3066,3139,2716,5135,519,573,1817,1642,2245,2061,2373,3388,2422,3020,1520,1744,2159,2313,1947,3791,40304,22621,6661,2919,8948,4797,3485,19,16
2021-06-24T23:59:59+02:00,13,10,1315,1326,4532,3586,5078,3764,4993,5692,4110,4589,2396,2527,3066,3138,2715,5135,483,550,1710,1579,2082,1998,2215,3309,2315,2926,1489,1722,2151,2308,1946,3788,39714,22133,6613,2622,8942,4716,3378,19,16
2021-06-23T23:59:59+02:00,13,10,1288,1296,4452,3541,4999,3717,4944,5650,4086,4554,2386,2522,3063,3136,2714,5135,450,533,1647,1526,1984,1953,2100,3217,2221,2837,1468,1699,2145,2302,1945,3786,39319,21615,6569,2550,8936,4578,3344,19,16
2021-06-22T23:59:59+02:00,13,10,1262,1280,4382,3485,4923,3674,4901,5608,4061,4529,2382,2516,3063,3135,2713,5135,436,516,1591,1491,1904,1902,2022,3109,2124,2752,1456,1675,2136,2290,1945,3782,38947,21214,6528,2437,8933,4431,3320,19,16
2021-06-21T23:59:59+02:00,13,10,1235,1242,4276,3406,4848,3634,4840,5547,4036,4511,2378,2503,3062,3130,2712,5133,421,502,1558,1459,1870,1862,1974,3032,2065,2678,1435,1641,2115,2268,1945,3779,38461,20946,6489,2347,8931,4291,3287,19,16
2021-06-20T23:59:59+02:00,13,8,1213,1216,4213,3351,4808,3617,4805,5527,4014,4500,2377,2501,3061,3130,2711,5133,406,488,1525,1434,1849,1840,1943,3008,2019,2640,1428,1628,2113,2262,1945,3778,38210,20778,6461,2311,8920,4229,3254,19,16
2021-06-19T23:59:59+02:00,12,8,1203,1197,4174,3322,4788,3594,4777,5505,3997,4491,2374,2499,3061,3129,2710,5133,401,484,1508,1418,1831,1815,1930,2985,1996,2609,1420,1620,2110,2261,1943,3777,38054,20629,6404,2283,8920,4221,3238,19,16
2021-06-18T23:59:59+02:00,8,5,1186,1177,4110,3285,4739,3558,4728,5468,3973,4479,2371,2495,3060,3127,2710,5133,391,474,1487,1401,1806,1783,1886,2938,1947,2555,1407,1609,2110,2256,1942,3774,37750,20343,6358,2280,8920,4180,3225,19,16
2021-06-17T23:59:59+02:00,7,5,1147,1151,3958,3217,4560,3487,4562,5382,3914,4436,2365,2492,3060,3126,2709,5133,359,457,1391,1369,1635,1723,1730,2846,1851,2477,1384,1590,2099,2245,1940,3772,37191,19899,6301,2177,8913,4103,2946,17,16
2021-06-16T23:59:59+02:00,7,5,1125,1120,3859,3136,4471,3440,4459,5319,3872,4407,2357,2488,3059,3123,2708,5132,344,437,1333,1334,1578,1692,1651,2766,1791,2410,1371,1564,2088,2232,1940,3768,36738,19517,6187,2110,8904,4030,2896,17,16
2021-06-15T23:59:59+02:00,7,5,1092,1088,3727,3060,4408,3388,4386,5246,3833,4377,2349,2481,3054,3121,2708,5131,335,414,1284,1290,1532,1652,1588,2708,1726,2343,1354,1536,2083,2218,1939,3767,36227,19209,6153,2030,8892,3958,2822,17,16
2021-06-14T23:59:59+02:00,7,4,1069,1058,3643,3012,4324,3333,4309,5176,3781,4344,2345,2471,3054,3117,2707,5130,329,400,1247,1260,1492,1627,1550,2664,1672,2293,1343,1511,2078,2211,1938,3765,35789,18976,6066,1997,8887,3882,2772,17,16
2021-06-13T23:59:59+02:00,7,4,1054,1044,3596,2974,4268,3294,4260,5139,3764,4330,2344,2465,3053,3116,2707,5128,324,393,1215,1244,1459,1607,1506,2630,1640,2255,1329,1492,2072,2200,1938,3763,35542,18807,6031,1976,8883,3808,2719,17,16
2021-06-12T23:59:59+02:00,7,3,1038,1023,3570,2949,4240,3275,4245,5125,3748,4320,2341,2462,3052,3115,2707,5127,320,392,1209,1227,1440,1589,1482,2610,1600,2236,1320,1482,2061,2198,1938,3763,35360,18666,6020,1976,8883,3755,2710,17,16
2021-06-11T23:59:59+02:00,6,3,1023,1013,3533,2907,4166,3250,4208,5092,3723,4308,2340,2458,3051,3112,2707,5126,311,380,1188,1195,1416,1572,1439,2562,1547,2192,1310,1467,2059,2193,1938,3762,35085,18426,5993,1970,8880,3682,2690,17,16
2021-06-10T23:59:59+02:00,6,3,968,973,3425,2833,4038,3177,4114,5025,3668,4274,2337,2450,3049,3110,2706,5126,297,368,1131,1163,1356,1516,1376,2492,1469,2090,1280,1436,2055,2183,1938,3759,34538,18025,5871,1963,8863,3529,2623,17,16
2021-06-09T23:59:59+02:00,6,1,919,945,3301,2742,3903,3122,4023,4948,3627,4235,2333,2444,3046,3107,2706,5126,279,354,1072,1132,1293,1491,1317,2416,1398,2022,1257,1379,2048,2170,1937,3756,34068,17721,5707,1913,8860,3410,2504,17,16
2021-06-08T23:59:59+02:00,5,1,871,908,3175,2658,3783,3040,3925,4868,3573,4209,2326,2439,3043,3104,2705,5124,266,336,1030,1093,1243,1460,1265,2362,1356,1952,1236,1347,2037,2153,1934,3752,33533,17499,5574,1868,8850,3283,2397,17,15
2021-06-07T23:59:59+02:00,4,1,844,883,3075,2588,3656,3006,3805,4798,3524,4182,2312,2435,3042,3102,2705,5122,257,329,986,1057,1192,1438,1220,2310,1290,1902,1222,1327,2023,2137,1933,3744,33166,17337,5405,1833,8845,3161,2257,17,15
2021-06-06T23:59:59+02:00,4,1,826,874,3020,2550,3576,2965,3736,4771,3494,4169,2309,2429,3040,3101,2703,5121,250,317,972,1033,1163,1413,1199,2255,1262,1845,1206,1312,2017,2130,1931,3741,32964,17237,5278,1786,8840,3051,2190,17,15
2021-06-05T23:59:59+02:00,4,1,814,858,2951,2497,3532,2940,3699,4750,3481,4166,2309,2427,3040,3100,2703,5120,246,310,956,1016,1144,1396,1176,2229,1229,1824,1189,1289,2014,2126,1931,3741,32708,17086,5273,1783,8834,3004,2158,17,15
2021-06-04T23:59:59+02:00,2,1,793,842,2906,2451,3459,2901,3636,4701,3455,4151,2305,2424,3037,3100,2703,5120,237,304,938,993,1126,1384,1146,2199,1202,1794,1174,1267,2007,2121,1931,3739,32401,16946,5230,1778,8832,2951,2101,17,15
2021-06-03T23:59:59+02:00,2,1,749,812,2761,2364,3284,2801,3466,4588,3367,4080,2297,2414,3033,3095,2703,5120,226,292,912,964,1075,1336,1086,2112,1145,1732,1138,1225,1998,2107,1931,3737,31750,16741,5003,1764,8819,2788,1929,17,15
2021-06-02T23:59:59+02:00,2,1,723,806,2694,2295,3227,2756,3410,4531,3327,4055,2295,2410,3033,3094,2703,5120,214,288,894,941,1033,1312,1044,2075,1096,1685,1124,1190,1996,2104,1931,3737,31413,16539,4987,1751,8818,2755,1820,17,15
2021-06-01T23:59:59+02:00,2,1,678,777,2546,2193,3042,2664,3241,4424,3265,3995,2284,2402,3030,3088,2703,5120,201,275,820,900,941,1258,966,1965,1044,1612,1092,1134,1987,2092,1929,3732,30820,16268,4777,1714,8809,2566,1591,17,15
2021-05-31T23:59:59+02:00,2,1,646,756,2430,2120,2913,2584,3137,4330,3212,3948,2279,2389,3028,3085,2703,5119,188,263,779,865,881,1222,923,1889,1006,1555,1072,1106,1981,2087,1927,3730,30451,16106,4553,1700,8793,2436,1419,17,15
2021-05-30T23:59:59+02:00,2,1,636,746,2381,2076,2844,2552,3085,4289,3193,3926,2276,2385,3028,3084,2702,5117,178,247,745,833,834,1181,883,1828,984,1503,1060,1090,1975,2079,1927,3728,30306,16012,4492,1690,8784,2284,1273,17,15
2021-05-29T23:59:59+02:00,2,1,634,744,2367,2061,2821,2541,3068,4271,3183,3917,2275,2384,3028,3084,2702,5117,175,239,739,824,816,1157,869,1777,971,1468,1046,1071,1974,2073,1926,3728,30187,15925,4490,1690,8781,2149,1272,17,15
2021-05-28T23:59:59+02:00,2,1,628,734,2340,2026,2778,2515,3043,4254,3172,3901,2275,2380,3026,3079,2702,5117,172,232,729,813,806,1139,859,1739,938,1429,1027,1042,1972,2065,1925,3726,29970,15763,4481,1688,8779,2074,1268,17,15
2021-05-27T23:59:59+02:00,2,1,586,716,2217,1978,2647,2447,2912,4180,3090,3849,2266,2367,3025,3077,2702,5114,159,217,668,765,731,1084,782,1642,873,1344,1005,1011,1958,2045,1924,3724,29511,15558,4354,1648,8751,1827,1075,17,14
2021-05-26T23:59:59+02:00,2,1,560,693,2122,1915,2488,2391,2788,4119,3036,3798,2255,2356,3020,3070,2699,5108,155,203,631,726,685,1050,740,1573,828,1290,990,983,1939,2012,1919,3718,29130,15337,4129,1638,8726,1697,944,17,14
2021-05-25T23:59:59+02:00,2,1,538,679,2043,1863,2388,2350,2682,4038,2987,3764,2242,2347,3017,3065,2698,5104,147,195,612,697,654,1017,697,1516,781,1229,969,962,1913,1978,1918,3714,28791,15127,3954,1602,8687,1564,880,17,13
2021-05-24T23:59:59+02:00,2,1,526,662,1993,1827,2319,2319,2618,3987,2936,3725,2230,2339,3011,3064,2695,5103,143,187,593,679,627,987,661,1457,759,1176,948,947,1907,1976,1913,3713,28622,15033,3799,1590,8654,1442,781,17,13
2021-05-23T23:59:59+02:00,2,1,523,661,1980,1817,2307,2306,2608,3974,2925,3710,2226,2336,3011,3062,2695,5103,142,186,589,673,621,983,645,1445,748,1170,943,941,1903,1972,1911,3709,28516,14958,3796,1584,8653,1433,779,17,13
2021-05-22T23:59:59+02:00,2,1,518,652,1958,1803,2278,2291,2584,3945,2898,3685,2219,2332,3010,3059,2695,5102,139,178,582,668,617,974,635,1441,744,1161,931,935,1896,1957,1911,3709,28308,14895,3795,1584,8651,1399,770,17,13
2021-05-21T23:59:59+02:00,2,1,506,637,1881,1773,2198,2250,2523,3896,2857,3641,2212,2319,3007,3058,2695,5101,139,175,577,661,605,965,623,1429,724,1141,916,910,1884,1952,1911,3708,27874,14802,3768,1583,8636,1338,767,17,13
2021-05-20T23:59:59+02:00,2,1,471,618,1752,1706,2071,2181,2405,3804,2776,3554,2193,2306,2999,3050,2693,5098,132,167,549,626,572,926,596,1373,693,1078,893,878,1872,1939,1909,3705,27235,14674,3656,1568,8567,1136,696,17,13
2021-05-19T23:59:59+02:00,2,1,433,583,1648,1634,1936,2117,2273,3708,2676,3463,2175,2290,2992,3045,2687,5097,119,159,522,606,540,892,567,1323,666,1018,874,858,1852,1909,1902,3700,26524,14503,3588,1548,8530,1040,578,17,13
2021-05-18T23:59:59+02:00,2,0,412,562,1574,1577,1842,2059,2162,3589,2584,3368,2163,2271,2984,3037,2686,5093,112,153,498,586,519,860,550,1247,648,956,859,831,1841,1890,1898,3693,26040,14376,3422,1509,8476,935,479,17,13
2021-05-17T23:59:59+02:00,2,0,393,550,1521,1544,1795,2015,2098,3492,2539,3300,2144,2252,2973,3029,2684,5089,107,146,478,572,511,825,537,1184,637,901,841,798,1836,1879,1897,3688,25756,14291,3309,1475,8417,838,387,17,12
2021-05-16T23:59:59+02:00,2,0,389,549,1495,1516,1765,1993,2058,3441,2483,3245,2130,2244,2970,3025,2684,5088,104,144,470,553,502,809,524,1135,617,859,813,769,1831,1875,1897,3687,25584,14234,3243,1441,8382,751,314,17,12
2021-05-15T23:59:59+02:00,2,0,384,545,1469,1499,1748,1973,2040,3419,2460,3211,2123,2244,2969,3023,2683,5088,104,141,468,553,502,808,519,1131,610,850,809,767,1827,1872,1897,3687,25394,14203,3243,1441,8378,743,309,16,12
2021-05-14T23:59:59+02:00,2,0,373,534,1440,1469,1707,1932,1963,3346,2413,3169,2114,2235,2966,3023,2681,5088,102,138,466,537,484,784,501,1101,597,834,796,753,1821,1864,1897,3686,25040,14148,3202,1426,8356,642,293,16,12
2021-05-13T23:59:59+02:00,2,0,353,517,1385,1422,1610,1890,1850,3261,2344,3083,2088,2218,2957,3019,2679,5082,97,135,454,529,474,769,495,1087,587,821,771,727,1806,1841,1896,3680,24621,14066,2993,1380,8305,602,266,16,12
2021-05-12T23:59:59+02:00,1,0,346,514,1367,1414,1594,1881,1830,3237,2331,3069,2085,2211,2951,3016,2679,5081,97,133,452,529,473,763,491,1083,584,815,764,713,1802,1834,1894,3680,24496,14015,2972,1372,8300,601,263,15,12
2021-05-11T23:59:59+02:00,1,0,329,493,1302,1382,1498,1847,1727,3139,2233,2997,2068,2184,2942,3005,2675,5080,91,123,438,503,453,737,472,1052,552,794,740,682,1790,1824,1892,3676,24104,13902,2812,1336,8194,513,210,15,12
2021-05-10T23:59:59+02:00,1,0,316,478,1264,1353,1450,1818,1663,3084,2177,2928,2056,2169,2933,2996,2674,5076,91,120,432,496,444,717,465,1029,548,771,729,666,1784,1817,1890,3672,23840,13841,2739,1330,8086,460,183,15,11
2021-05-09T23:59:59+02:00,1,0,311,468,1224,1335,1428,1802,1617,3048,2115,2884,2046,2156,2930,2990,2674,5071,88,117,424,488,437,710,456,1020,538,759,717,656,1778,1813,1889,3669,23619,13800,2688,1324,8039,414,161,15,11
2021-05-08T23:59:59+02:00,1,0,305,466,1215,1316,1402,1786,1589,3025,2070,2869,2039,2148,2928,2989,2672,5070,87,117,423,488,435,709,455,1015,538,753,714,655,1772,1802,1889,3669,23415,13783,2685,1316,8035,402,160,15,11
2021-05-07T23:59:59+02:00,1,0,295,459,1191,1291,1357,1766,1531,2963,2018,2821,2030,2138,2927,2984,2670,5065,84,114,412,475,425,683,442,980,516,727,708,631,1754,1788,1889,3665,23150,13717,2657,1292,7974,298,126,15,10
2021-05-06T23:59:59+02:00,1,0,278,447,1104,1255,1242,1705,1394,2851,1888,2731,1994,2109,2923,2971,2669,5061,82,108,399,461,414,668,430,959,497,708,696,614,1740,1772,1885,3658,22670,13646,2471,1272,7770,215,98,14,9
2021-05-05T23:59:59+02:00,1,0,263,434,1066,1231,1200,1670,1327,2786,1805,2651,1971,2076,2909,2956,2669,5050,82,104,391,452,409,656,423,948,491,690,676,602,1716,1752,1885,3655,22230,13565,2411,1250,7712,167,91,14,8
2021-05-04T23:59:59+02:00,1,0,255,424,1031,1209,1162,1649,1285,2740,1750,2589,1952,2043,2899,2942,2659,5037,78,101,384,442,406,651,414,929,483,671,659,582,1700,1726,1881,3655,21900,13470,2349,1219,7667,129,85,14,7
2021-05-03T23:59:59+02:00,1,0,252,416,1000,1186,1125,1633,1255,2707,1706,2554,1935,2014,2886,2933,2657,5031,74,95,372,437,398,643,410,921,476,664,644,572,1677,1699,1879,3651,21655,13375,2326,1210,7620,108,59,14,6
2021-05-02T23:59:59+02:00,1,0,246,414,986,1175,1097,1617,1231,2694,1691,2533,1928,2000,2881,2930,2655,5028,72,95,366,435,395,638,407,915,473,658,636,561,1657,1687,1879,3650,21531,13337,2311,1188,7585,95,44,14,6
2021-05-01T23:59:59+02:00,1,0,243,411,978,1167,1087,1608,1220,2682,1676,2514,1920,1994,2877,2926,2655,5028,72,95,366,434,394,638,406,911,473,657,634,561,1657,1687,1879,3650,21408,13330,2311,1188,7585,92,44,14,6
2021-04-30T23:59:59+02:00,1,0,241,405,968,1148,1066,1589,1183,2619,1619,2455,1906,1977,2871,2921,2654,5024,71,93,365,429,391,632,405,887,468,646,627,555,1654,1681,1879,3648,21104,13315,2306,1176,7581,68,13,14,5
2021-04-29T23:59:59+02:00,1,0,228,390,923,1126,1029,1553,1136,2566,1530,2384,1857,1932,2862,2910,2650,5012,71,92,359,428,386,627,399,876,458,635,614,544,1639,1669,1873,3642,20635,13244,2270,1149,7523,47,12,14,5
2021-04-28T23:59:59+02:00,1,0,217,387,910,1112,1000,1542,1102,2528,1464,2329,1819,1870,2850,2905,2648,5009,68,91,352,425,383,617,396,866,452,622,598,526,1623,1653,1873,3640,20334,13169,2228,1110,7469,34,11,14,5
2021-04-27T23:59:59+02:00,1,0,216,381,896,1099,986,1530,1078,2503,1442,2301,1788,1827,2844,2898,2646,5005,66,88,350,422,381,612,394,862,446,617,591,515,1611,1630,1869,3637,20136,13108,2203,1082,7435,29,11,13,5
2021-04-26T23:59:59+02:00,1,0,213,375,887,1090,976,1520,1052,2486,1390,2254,1770,1806,2834,2887,2643,4999,66,87,346,418,381,611,390,859,442,611,582,503,1596,1615,1867,3633,19951,13063,2188,1044,7373,27,11,13,5
2021-04-25T23:59:59+02:00,1,0,213,374,879,1081,965,1512,1035,2467,1357,2220,1746,1783,2826,2880,2643,4998,65,86,345,413,378,610,388,855,440,610,580,497,1591,1606,1867,3631,19819,13045,2164,1026,7323,19,11,13,4
2021-04-24T23:59:59+02:00,1,0,209,370,869,1074,952,1498,1021,2448,1326,2198,1736,1759,2823,2875,2643,4998,65,86,345,413,377,610,388,853,439,607,579,494,1590,1603,1867,3631,19654,13038,2164,1017,7306,19,11,13,4
2021-04-23T23:59:59+02:00,1,0,205,364,858,1063,945,1489,1003,2432,1268,2153,1714,1733,2817,2869,2643,4995,64,84,345,413,377,609,387,850,436,603,572,486,1581,1595,1867,3626,19503,13013,2153,990,7214,19,11,13,4
2021-04-22T23:59:59+02:00,1,0,204,356,834,1044,921,1467,973,2390,1215,2090,1670,1686,2806,2849,2641,4986,64,83,343,409,371,603,384,840,431,598,562,478,1563,1582,1862,3621,19210,12944,2098,965,7138,12,11,13,4
2021-04-21T23:59:59+02:00,1,0,199,349,816,1030,897,1450,936,2354,1165,2043,1625,1625,2786,2828,2634,4978,62,81,340,407,370,600,381,835,428,591,557,472,1551,1560,1851,3616,18876,12874,2067,943,7082,12,11,13,4
2021-04-20T23:59:59+02:00,1,0,193,344,800,1006,880,1431,915,2303,1127,1992,1570,1558,2759,2803,2628,4963,61,81,338,406,366,596,377,829,428,584,551,464,1529,1529,1847,3612,18567,12794,1995,920,7016,11,11,13,4
2021-04-19T23:59:59+02:00,1,0,191,336,786,995,867,1414,898,2272,1104,1959,1534,1513,2746,2789,2626,4958,61,80,337,404,362,591,373,820,423,574,547,458,1501,1503,1841,3599,18365,12702,1979,892,6949,8,10,12,4
2021-04-18T23:59:59+02:00,1,0,190,333,778,986,855,1403,880,2255,1083,1941,1499,1475,2737,2783,2620,4952,60,78,336,403,362,591,372,815,421,572,544,452,1491,1497,1838,3597,18241,12673,1948,876,6879,8,10,12,4
2021-04-17T23:59:59+02:00,1,0,188,329,775,983,850,1401,872,2251,1078,1933,1479,1450,2732,2775,2620,4952,60,75,334,398,361,591,370,811,421,569,540,446,1483,1489,1838,3596,18165,12628,1947,874,6853,8,10,12,4
2021-04-16T23:59:59+02:00,1,0,187,328,767,977,838,1385,859,2230,1042,1894,1426,1383,2721,2760,2616,4945,55,73,331,391,360,589,366,799,414,555,515,417,1471,1468,1827,3583,17946,12523,1932,810,6776,7,10,11,4
2021-04-15T23:59:59+02:00,1,0,186,323,745,961,821,1374,834,2186,1001,1856,1379,1329,2692,2733,2601,4929,53,73,326,385,355,588,358,794,404,552,500,409,1440,1436,1815,3568,17676,12412,1917,763,6650,6,10,10,4
2021-04-14T23:59:59+02:00,1,0,185,317,736,954,814,1361,823,2154,984,1827,1323,1286,2645,2668,2588,4913,51,69,322,382,351,584,355,786,395,540,485,393,1407,1405,1808,3550,17404,12281,1898,721,6566,6,10,9,4
2021-04-13T23:59:59+02:00,1,0,181,312,727,950,804,1351,812,2129,953,1799,1261,1215,2593,2610,2580,4898,49,69,319,379,343,579,348,778,387,532,472,385,1381,1383,1800,3539,17165,12186,1847,676,6453,5,10,8,4
2021-04-12T23:59:59+02:00,1,0,181,311,723,946,796,1339,788,2107,938,1778,1217,1180,2574,2580,2576,4884,48,65,309,372,338,573,343,770,382,526,457,375,1365,1370,1797,3531,17033,12103,1826,635,6346,5,10,7,4
2021-04-11T23:59:59+02:00,0,0,179,310,717,938,789,1334,777,2091,921,1761,1196,1151,2554,2558,2571,4877,47,63,304,370,336,571,342,766,377,518,452,366,1350,1365,1793,3524,16964,12051,1802,609,6242,4,10,7,4
2021-04-10T23:59:59+02:00,0,0,179,308,717,936,787,1333,770,2083,914,1755,1182,1137,2542,2543,2571,4877,42,58,281,358,321,556,328,754,362,508,439,359,1338,1346,1788,3518,16911,11875,1793,593,6213,4,10,7,4
2021-04-09T23:59:59+02:00,0,0,179,304,712,932,777,1310,762,2000,895,1673,1132,1069,2504,2516,2568,4869,35,56,266,344,303,545,310,740,349,492,422,351,1298,1317,1776,3504,16759,11653,1758,563,5966,4,8,5,4
2021-04-08T23:59:59+02:00,0,0,178,301,708,926,770,1304,749,1983,873,1653,1066,989,2447,2479,2556,4859,35,54,259,330,290,537,294,724,324,474,396,328,1249,1279,1752,3470,16597,11369,1697,530,5829,4,7,5,4
2021-04-07T23:59:59+02:00,0,0,172,298,700,920,762,1290,733,1955,855,1624,1015,932,2396,2423,2547,4843,33,51,241,314,280,531,285,711,310,461,368,309,1203,1242,1733,3432,16408,11103,1656,499,5680,4,7,5,4
2021-04-06T23:59:59+02:00,0,0,168,297,694,916,749,1275,714,1932,828,1599,982,886,2356,2374,2539,4833,31,50,240,311,278,528,275,708,300,456,357,295,1175,1212,1713,3410,16291,10971,1623,466,5504,4,7,5,4
2021-04-05T23:59:59+02:00,0,0,168,297,693,910,745,1266,705,1916,819,1584,955,861,2330,2331,2534,4825,31,50,240,307,277,524,272,701,295,454,355,288,1143,1188,1705,3391,16231,10880,1607,437,5373,4,7,5,4
2021-04-04T23:59:59+02:00,0,0,167,294,690,904,740,1255,696,1900,812,1563,944,847,2325,2325,2534,4824,31,50,240,307,276,524,272,701,294,454,353,288,1126,1175,1701,3387,16204,10838,1605,437,5284,4,7,4,4
2021-04-03T23:59:59+02:00,0,0,167,294,690,904,738,1253,695,1895,805,1560,931,838,2319,2314,2531,4823,31,50,240,307,276,524,272,700,294,452,353,288,1126,1170,1701,3384,16160,10827,1605,437,5264,4,7,4,4
2021-04-02T23:59:59+02:00,0,0,167,293,690,903,737,1250,692,1888,797,1549,919,827,2298,2293,2529,4820,31,50,237,307,274,522,269,693,286,447,349,287,1104,1142,1690,3357,16092,10710,1593,430,5237,4,7,4,4
2021-04-01T23:59:59+02:00,0,0,164,290,684,892,724,1237,686,1868,780,1528,891,794,2261,2245,2523,4801,30,49,229,304,272,518,266,686,280,442,337,279,1066,1104,1657,3314,15966,10510,1532,416,5136,4,7,4,4
2021-03-31T23:59:59+02:00,0,0,161,287,677,885,714,1222,678,1822,767,1485,876,776,2220,2187,2502,4782,30,49,228,303,267,516,262,684,271,432,323,273,1003,1051,1633,3282,15851,10303,1473,398,4984,4,6,4,4
2021-03-30T23:59:59+02:00,0,0,157,280,671,876,710,1201,669,1783,758,1442,857,758,2175,2123,2488,4760,30,48,225,300,264,513,260,678,266,424,312,267,970,1022,1611,3246,15713,10147,1429,380,4831,4,6,4,4
2021-03-29T23:59:59+02:00,0,0,154,274,666,863,705,1189,659,1751,745,1403,839,741,2105,2057,2467,4730,30,48,224,299,263,511,256,672,258,413,305,262,945,1001,1598,3219,15512,10024,1386,370,4714,4,6,4,4
2021-03-28T23:59:59+02:00,0,0,146,257,656,856,699,1180,654,1731,740,1387,832,720,2062,2017,2462,4718,30,47,221,299,259,505,252,669,256,410,303,260,934,991,1592,3211,15439,9967,1335,362,4606,4,6,4,4
2021-03-27T23:59:59+01:00,0,0,146,254,652,849,695,1176,648,1719,738,1380,824,706,2052,2004,2462,4717,30,47,221,299,259,505,251,663,253,405,301,259,927,981,1575,3187,15390,9901,1326,352,4568,4,6,4,4
2021-03-26T23:59:59+01:00,0,0,144,252,642,837,690,1161,639,1701,730,1350,805,688,2027,1979,2452,4707,30,47,221,299,258,503,251,663,247,393,296,252,896,949,1542,3138,15284,9725,1290,352,4489,4,4,4,4
2021-03-25T23:59:59+01:00,0,0,141,251,632,827,672,1140,624,1667,712,1307,786,668,1985,1937,2436,4689,30,47,218,294,257,502,244,660,245,391,288,248,857,917,1480,3059,15174,9490,1236,338,4320,3,4,4,4
2021-03-24T23:59:59+01:00,0,0,138,243,618,815,668,1127,615,1630,698,1273,763,652,1944,1893,2419,4665,30,47,216,293,256,500,242,660,239,388,281,242,814,893,1430,2967,15041,9269,1202,322,4173,2,3,4,4
2021-03-23T23:59:59+01:00,0,0,136,241,611,808,654,1115,605,1608,685,1235,745,638,1903,1862,2404,4647,29,46,214,292,254,496,235,655,236,381,271,238,790,870,1352,2869,14949,9008,1173,311,4028,2,3,4,4
2021-03-22T23:59:59+01:00,0,0,133,236,593,791,635,1097,594,1576,670,1209,736,625,1873,1838,2393,4631,29,45,213,290,252,495,234,647,235,377,268,233,765,848,1260,2764,14869,8747,1142,299,3871,2,3,4,4
2021-03-21T23:59:59+01:00,0,0,131,234,589,785,631,1094,589,1552,659,1174,730,615,1849,1831,2387,4615,29,45,212,290,251,493,233,646,234,375,266,230,759,845,1251,2755,14836,8714,1121,290,3755,2,3,4,4
2021-03-20T23:59:59+01:00,0,0,129,234,584,782,628,1091,586,1548,657,1172,726,606,1826,1809,2380,4603,29,45,212,290,251,493,232,644,231,369,264,228,750,839,1233,2742,14775,8662,1111,280,3720,2,3,4,4
2021-03-19T23:59:59+01:00,0,0,120,222,578,768,622,1085,583,1530,640,1158,692,564,1770,1768,2351,4582,28,45,212,289,250,493,231,637,228,366,262,222,724,820,1198,2689,14611,8518,1038,265,3625,2,3,4,4
2021-03-18T23:59:59+01:00,0,0,117,217,561,758,602,1053,564,1480,611,1110,656,539,1721,1720,2324,4539,28,45,210,287,248,486,231,631,224,357,260,214,707,808,1166,2647,14421,8391,976,246,3410,2,3,4,4
2021-03-17T23:59:59+01:00,0,0,112,211,550,745,590,1048,554,1466,596,1090,634,517,1678,1685,2303,4500,28,44,210,286,247,483,230,630,223,354,259,212,695,796,1131,2601,14222,8275,930,240,3357,2,3,4,4
2021-03-16T23:59:59+01:00,0,0,107,205,539,733,577,1036,542,1428,580,1062,616,493,1625,1633,2282,4464,28,43,210,284,247,478,229,628,221,353,255,212,680,777,1101,2546,14046,8141,877,237,3223,2,2,4,4
2021-03-15T23:59:59+01:00,0,0,103,198,525,718,566,1011,531,1393,566,1025,599,476,1584,1598,2260,4440,27,43,209,281,247,475,227,626,219,353,247,208,662,765,1076,2510,13897,8040,823,223,3095,2,0,4,4
2021-03-14T23:59:59+01:00,0,0,99,186,516,703,555,989,523,1349,550,980,581,461,1557,1577,2244,4415,27,43,209,279,246,474,226,621,218,348,245,204,658,758,1068,2495,13792,8013,788,194,2923,2,0,4,4
2021-03-13T23:59:59+01:00,0,0,95,175,490,682,526,963,497,1327,528,959,555,453,1532,1552,2236,4407,27,43,209,279,246,474,225,621,218,347,244,204,653,749,1039,2466,13570,7937,774,193,2838,2,0,4,4
2021-03-12T23:59:59+01:00,0,0,86,169,464,654,505,936,475,1292,503,924,525,433,1477,1505,2214,4368,27,43,209,278,246,473,225,621,218,346,240,202,641,737,1014,2439,13270,7850,745,193,2712,2,0,4,3
2021-03-11T23:59:59+01:00,0,0,80,158,433,617,471,904,437,1213,465,861,494,400,1400,1439,2166,4309,27,42,208,275,241,469,223,617,214,343,236,200,626,718,989,2398,12892,7768,692,142,2444,2,0,4,3
2021-03-10T23:59:59+01:00,0,0,78,152,409,593,453,886,419,1177,438,818,465,375,1323,1375,2127,4252,27,42,206,270,237,464,220,611,214,341,231,197,607,710,966,2359,12555,7659,659,125,2304,2,0,4,3
2021-03-09T23:59:59+01:00,0,0,77,149,400,573,429,857,405,1128,420,787,444,358,1274,1342,2086,4208,27,42,205,267,235,456,217,607,211,337,229,196,596,703,948,2328,12336,7579,633,106,2133,2,0,4,3
2021-03-08T23:59:59+01:00,0,0,74,144,387,555,411,839,393,1076,409,745,428,344,1220,1307,2062,4170,27,42,205,266,232,451,213,602,207,333,227,195,584,698,938,2317,12152,7528,596,90,1978,1,0,4,3
2021-03-07T23:59:59+01:00,0,0,71,140,384,545,403,823,381,1062,402,739,425,339,1208,1289,2053,4161,27,42,205,265,232,449,211,601,207,332,226,194,580,695,930,2310,12086,7499,570,88,1927,0,0,4,3
2021-03-06T23:59:59+01:00,0,0,71,134,381,541,396,802,374,1008,394,705,423,338,1201,1278,2038,4146,27,42,205,265,231,448,211,600,207,332,226,194,577,695,928,2297,12029,7491,570,75,1787,0,0,4,3
2021-03-05T23:59:59+01:00,0,0,71,129,377,535,392,796,371,992,383,679,412,325,1161,1236,1994,4087,27,42,204,264,230,447,210,598,206,330,224,193,572,694,920,2276,11815,7468,548,49,1726,0,0,4,3
2021-03-04T23:59:59+01:00,0,0,71,118,368,502,378,763,351,951,369,649,395,323,1109,1185,1910,3992,27,42,202,259,228,440,208,587,203,329,223,192,570,691,917,2273,11513,7421,516,48,1552,0,0,4,3
2021-03-03T23:59:59+01:00,0,0,67,111,359,487,371,747,346,929,355,629,385,315,1065,1152,1841,3871,27,42,202,258,227,438,205,577,203,322,222,189,565,688,910,2267,11243,7377,489,43,1441,0,0,4,3
2021-03-02T23:59:59+01:00,0,0,64,105,349,474,358,729,335,908,347,601,372,308,1030,1122,1743,3750,26,42,202,258,227,431,200,570,201,319,220,189,563,680,903,2254,10919,7318,465,43,1347,0,0,4,3
2021-03-01T23:59:59+01:00,0,0,63,103,343,461,351,711,324,883,340,567,367,304,1004,1090,1625,3596,26,41,201,258,225,422,198,562,201,315,219,189,560,674,894,2246,10580,7263,444,43,1241,0,0,4,3
2021-02-28T23:59:59+01:00,0,0,63,101,336,452,348,703,322,859,336,547,362,292,996,1086,1615,3584,26,41,200,257,224,422,198,562,201,315,218,189,559,670,891,2243,10536,7248,433,43,1164,0,0,4,3
2021-02-27T23:59:59+01:00,0,0,60,92,332,443,344,701,316,847,332,537,358,288,987,1075,1593,3563,26,41,200,256,224,421,197,561,200,314,218,189,559,670,891,2243,10467,7247,421,38,1109,0,0,4,3
2021-02-26T23:59:59+01:00,0,0,58,89,325,419,319,670,297,816,319,516,354,284,962,1055,1552,3501,26,40,200,255,224,419,195,558,197,312,218,189,559,670,890,2240,10308,7229,418,38,934,0,0,4,2
2021-02-25T23:59:59+01:00,0,0,51,78,312,400,309,640,290,788,304,490,345,274,945,1036,1515,3456,26,40,199,253,220,416,192,550,192,311,213,186,548,662,879,2234,10160,7168,404,28,790,0,0,4,2
2021-02-24T23:59:59+01:00,0,0,47,73,303,388,302,627,285,773,300,480,338,273,925,1024,1468,3397,25,40,197,251,217,403,190,542,189,306,211,183,542,656,877,2221,10012,7103,390,20,720,0,0,4,2
2021-02-23T23:59:59+01:00,0,0,44,64,290,373,293,608,279,754,290,470,331,271,897,1005,1427,3324,24,40,196,249,215,398,189,536,185,303,210,182,540,646,871,2202,9837,7042,371,16,628,0,0,4,2
2021-02-22T23:59:59+01:00,0,0,41,61,283,361,289,598,276,743,286,466,324,264,876,990,1397,3288,24,38,192,246,212,385,181,526,180,300,207,180,528,638,864,2185,9718,6952,355,5,585,0,0,4,2
2021-02-21T23:59:59+01:00,0,0,40,60,278,354,287,589,272,735,280,462,321,262,871,985,1390,3279,24,37,191,244,212,383,181,517,180,298,207,180,524,637,856,2172,9692,6908,347,5,537,0,0,4,2
2021-02-20T23:59:59+01:00,0,0,39,60,275,353,287,586,271,729,277,454,320,262,858,974,1358,3248,24,37,191,244,212,383,181,517,179,297,207,180,523,637,854,2171,9608,6902,336,5,515,0,0,4,2
2021-02-19T23:59:59+01:00,0,0,38,60,271,348,281,563,261,703,272,441,316,257,836,957,1324,3218,24,36,191,244,211,382,181,516,178,297,206,179,518,636,849,2154,9503,6867,321,5,427,0,0,3,2
2021-02-18T23:59:59+01:00,0,0,38,56,253,327,272,542,252,682,255,413,313,248,825,939,1298,3186,24,35,187,237,209,376,177,500,176,286,203,174,503,622,812,2087,9414,6673,295,5,293,0,0,3,2
2021-02-17T23:59:59+01:00,0,0,38,54,246,321,269,529,247,669,252,391,308,243,805,928,1269,3139,22,33,184,232,201,362,173,483,171,274,195,170,492,607,793,2048,9281,6503,285,4,241,0,0,3,2
2021-02-16T23:59:59+01:00,0,0,37,49,235,310,266,518,241,654,246,384,303,241,794,917,1244,3107,20,33,175,224,193,343,167,471,167,260,192,163,459,576,758,1980,9188,6243,277,4,178,0,0,3,2
2021-02-15T23:59:59+01:00,0,0,36,48,229,307,259,505,237,648,243,376,300,239,776,909,1232,3088,19,31,169,218,188,335,162,461,161,253,182,158,429,547,722,1909,9125,6006,263,4,141,0,0,3,2
2021-02-14T23:59:59+01:00,0,0,34,48,227,304,257,499,235,642,243,372,300,235,769,903,1223,3069,18,31,167,215,184,330,161,449,159,250,181,155,421,538,704,1866,9103,5890,230,4,123,0,0,3,2
2021-02-13T23:59:59+01:00,0,0,33,48,227,304,256,499,235,641,243,372,300,235,767,902,1222,3069,18,31,165,214,181,330,160,447,158,247,179,152,416,535,696,1851,9097,5843,230,1,122,0,0,3,2
2021-02-12T23:59:59+01:00,0,0,32,46,224,299,253,490,231,630,240,366,299,234,761,901,1219,3059,18,31,163,211,180,329,158,445,156,246,177,148,413,519,665,1785,9069,5707,230,1,79,0,0,3,2
2021-02-11T23:59:59+01:00,0,0,31,45,216,280,246,474,224,606,227,352,295,233,753,884,1194,3026,18,30,146,192,172,298,148,399,150,224,160,132,367,471,602,1617,8997,5185,163,1,18,0,0,3,2
2021-02-10T23:59:59+01:00,0,0,31,45,212,273,243,467,220,597,224,345,291,233,741,881,1186,3016,17,27,133,169,158,260,129,350,139,200,144,123,340,440,541,1492,8943,4715,146,1,7,0,0,3,0
2021-02-09T23:59:59+01:00,0,0,30,43,211,270,241,454,216,590,220,342,287,229,737,874,1177,3003,17,26,118,141,145,237,111,308,125,173,126,114,308,384,486,1334,8889,4201,122,1,3,0,0,3,0
2021-02-08T23:59:59+01:00,0,0,30,43,210,268,235,440,213,578,217,337,282,229,729,869,1171,2996,15,24,102,120,124,194,92,267,117,161,103,105,269,332,424,1199,8824,3691,107,1,3,0,0,3,0
2021-02-07T23:59:59+01:00,0,0,30,42,208,266,233,439,213,575,217,336,282,229,727,865,1166,2993,14,18,98,114,117,183,87,249,112,151,96,100,262,319,408,1149,8802,3517,104,1,0,0,0,3,0
2021-02-06T23:59:59+01:00,0,0,30,42,208,266,233,438,213,575,217,335,281,229,726,865,1165,2981,11,14,97,112,116,179,85,242,112,149,95,99,262,315,397,1134,8799,3456,90,1,0,0,0,3,0
2021-02-05T23:59:59+01:00,0,0,29,41,208,266,233,437,211,572,215,334,280,229,724,865,1153,2954,10,10,89,104,112,176,84,238,106,137,92,97,253,310,373,1105,8779,3331,55,0,0,0,0,3,0
2021-02-04T23:59:59+01:00,0,0,29,41,206,265,229,432,206,566,213,330,277,226,718,859,1144,2943,9,7,61,72,88,132,72,200,86,118,88,83,221,274,329,978,8712,2844,55,0,0,0,0,3,0
2021-02-03T23:59:59+01:00,0,0,29,40,206,263,228,420,203,560,212,327,275,224,708,856,1137,2928,6,4,45,54,69,108,54,155,73,89,63,58,166,200,248,715,8649,2128,50,0,0,0,0,3,0
2021-02-02T23:59:59+01:00,0,0,28,40,205,261,225,414,202,555,209,326,272,223,700,846,1130,2903,3,3,29,38,54,77,42,99,54,66,54,47,119,134,165,473,8571,1471,49,0,0,0,0,3,0
2021-02-01T23:59:59+01:00,0,0,27,38,203,261,222,409,199,549,205,319,271,220,693,843,1125,2891,3,1,22,21,27,45,28,62,30,35,38,29,72,86,95,284,8507,886,49,0,0,0,0,3,0
2021-01-31T23:59:59+01:00,0,0,27,38,203,259,220,405,197,541,204,317,270,220,689,839,1119,2876,3,1,20,16,18,37,21,49,22,31,35,23,57,74,92,254,8456,759,48,0,0,0,0,3,0
2021-01-30T23:59:59+01:00,0,0,27,38,203,259,220,405,196,541,204,317,270,220,688,839,1118,2874,3,1,19,15,16,37,19,45,20,30,34,22,57,71,90,248,8452,732,47,0,0,0,0,3,0
2021-01-29T23:59:59+01:00,0,0,27,38,203,256,219,404,195,540,202,315,270,220,683,836,1112,2866,3,0,16,10,11,31,18,40,16,27,34,21,54,70,88,242,8424,684,43,0,0,0,0,2,0
2021-01-28T23:59:59+01:00,0,0,27,37,196,253,219,398,194,531,199,310,269,220,671,828,1089,2846,3,0,3,3,6,18,10,22,7,13,26,15,37,47,58,171,8334,440,34,0,0,0,0,2,0
2021-01-27T23:59:59+01:00,0,0,26,35,191,248,214,389,192,517,196,300,261,215,657,811,1065,2808,1,0,2,3,5,14,9,20,6,12,25,14,31,41,49,130,8172,362,29,0,0,0,0,2,0
2021-01-26T23:59:59+01:00,0,0,23,35,188,237,208,376,187,499,193,291,255,210,635,794,1037,2757,1,0,1,3,5,14,9,20,6,12,24,11,30,37,48,113,7976,334,24,0,0,0,0,2,0
2021-01-25T23:59:59+01:00,0,0,23,34,180,235,205,366,182,489,188,280,245,206,612,774,1011,2712,1,0,1,3,4,12,8,17,6,11,21,10,26,36,40,102,7809,298,6,0,0,0,0,2,0
2021-01-24T23:59:59+01:00,0,0,22,33,178,232,202,365,181,487,187,278,245,204,608,769,1008,2707,1,0,1,3,3,12,8,17,6,11,21,10,26,36,39,100,7773,294,5,0,0,0,0,2,0
2021-01-23T23:59:59+01:00,0,0,22,33,178,232,200,365,181,486,187,278,245,204,607,769,1000,2694,1,0,1,3,3,11,8,17,5,11,21,10,26,36,39,100,7748,292,5,0,0,0,0,2,0
2021-01-22T23:59:59+01:00,0,0,21,32,176,228,199,365,181,485,186,278,245,202,605,767,972,2652,1,0,1,3,3,11,8,17,5,11,21,10,26,36,39,100,7661,292,5,0,0,0,0,2,0
2021-01-21T23:59:59+01:00,0,0,20,32,166,220,192,347,176,463,184,261,233,197,580,742,935,2599,1,0,1,3,1,6,7,12,3,7,20,8,22,26,34,83,7411,234,5,0,0,0,0,2,0
2021-01-20T23:59:59+01:00,0,0,19,30,151,195,176,305,147,407,170,237,215,185,538,696,867,2399,1,0,1,3,1,6,7,11,3,6,19,7,21,23,30,77,6795,216,4,0,0,0,0,2,0
2021-01-19T23:59:59+01:00,0,0,19,28,128,164,160,271,134,366,155,214,180,164,475,605,769,2125,1,0,1,3,1,6,5,7,1,4,11,3,10,15,21,55,6009,144,3,0,0,0,0,2,0
2021-01-18T23:59:59+01:00,0,0,16,27,113,147,138,227,116,318,138,187,142,149,385,500,633,1782,1,0,1,1,0,3,4,5,0,4,2,1,4,6,10,28,5066,70,3,0,0,0,0,2,0
2021-01-17T23:59:59+01:00,0,0,15,17,109,133,130,214,108,294,131,175,133,135,370,470,583,1680,1,0,0,0,0,1,2,4,0,2,1,1,3,1,2,5,4738,23,3,0,0,0,0,2,0
2021-01-16T23:59:59+01:00,0,0,13,13,105,130,128,209,105,284,129,169,130,131,365,462,566,1652,0,0,0,0,0,0,0,0,0,0,0,0,0,0,0,0,4632,0,0,0,0,0,0,2,0
2021-01-15T23:59:59+01:00,0,0,11,11,100,121,124,204,103,275,127,157,126,128,358,447,536,1608,0,0,0,0,0,0,0,0,0,0,0,0,0,0,0,0,4474,0,0,0,0,0,0,2,0
2021-01-14T23:59:59+01:00,0,0,9,7,75,88,104,167,85,230,110,140,114,107,306,397,471,1392,0,0,0,0,0,0,0,0,0,0,0,0,0,0,0,0,3831,0,0,0,0,0,0,2,0
2021-01-13T23:59:59+01:00,0,0,7,6,63,78,93,140,75,189,100,115,86,78,236,282,373,1062,0,0,0,0,0,0,0,0,0,0,0,0,0,0,0,0,3007,0,0,0,0,0,0,2,0
2021-01-12T23:59:59+01:00,0,0,5,5,53,60,76,110,67,132,78,91,70,62,166,202,270,742,0,0,0,0,0,0,0,0,0,0,0,0,0,0,0,0,2211,0,0,0,0,0,0,0,0
2021-01-11T23:59:59+01:00,0,0,4,3,45,48,63,80,53,106,56,64,50,41,96,123,141,417,0,0,0,0,0,0,0,0,0,0,0,0,0,0,0,0,1408,0,0,0,0,0,0,0,0
2021-01-10T23:59:59+01:00,0,0,3,3,41,36,46,67,38,84,46,55,45,31,79,109,132,363,0,0,0,0,0,0,0,0,0,0,0,0,0,0,0,0,1189,0,0,0,0,0,0,0,0
2021-01-09T23:59:59+01:00,0,0,3,2,38,35,41,64,35,74,40,50,44,31,79,107,129,361,0,0,0,0,0,0,0,0,0,0,0,0,0,0,0,0,1142,0,0,0,0,0,0,0,0
2021-01-08T23:59:59+01:00,0,0,3,2,31,27,34,57,29,62,35,44,42,29,74,104,126,350,0,0,0,0,0,0,0,0,0,0,0,0,0,0,0,0,1056,0,0,0,0,0,0,0,0
2021-01-07T23:59:59+01:00,0,0,3,2,9,3,9,20,12,28,11,22,35,20,52,69,87,248,0,0,0,0,0,0,0,0,0,0,0,0,0,0,0,0,631,0,0,0,0,0,0,0,0
2021-01-06T23:59:59+01:00,0,0,3,0,2,3,5,15,9,22,7,13,31,18,44,58,73,197,0,0,0,0,0,0,0,0,0,0,0,0,0,0,0,0,501,0,0,0,0,0,0,0,0
2021-01-05T23:59:59+01:00,0,0,2,0,1,3,5,14,9,20,7,12,30,17,43,57,70,189,0,0,0,0,0,0,0,0,0,0,0,0,0,0,0,0,480,0,0,0,0,0,0,0,0
2021-01-04T23:59:59+01:00,0,0,1,0,1,3,5,13,8,18,6,11,26,14,34,48,54,143,0,0,0,0,0,0,0,0,0,0,0,0,0,0,0,0,385,0,0,0,0,0,0,0,0
2021-01-03T23:59:59+01:00,0,0,1,0,1,3,4,13,8,18,6,11,26,14,34,48,54,142,0,0,0,0,0,0,0,0,0,0,0,0,0,0,0,0,383,0,0,0,0,0,0,0,0
2021-01-02T23:59:59+01:00,0,0,1,0,1,3,4,13,7,18,5,11,26,14,34,48,54,142,0,0,0,0,0,0,0,0,0,0,0,0,0,0,0,0,381,0,0,0,0,0,0,0,0
2021-01-01T23:59:59+01:00,0,0,1,0,1,3,4,13,7,18,5,11,26,14,34,48,54,142,0,0,0,0,0,0,0,0,0,0,0,0,0,0,0,0,381,0,0,0,0,0,0,0,0
2020-12-31T23:59:59+01:00,0,0,1,0,1,3,4,12,7,18,5,11,26,14,34,48,54,142,0,0,0,0,0,0,0,0,0,0,0,0,0,0,0,0,380,0,0,0,0,0,0,0,0
2020-12-30T23:59:59+01:00,0,0,1,0,1,3,4,12,7,17,5,11,26,14,34,48,54,142,0,0,0,0,0,0,0,0,0,0,0,0,0,0,0,0,379,0,0,0,0,0,0,0,0
2020-12-29T23:59:59+01:00,0,0,1,0,1,3,3,8,5,12,3,8,19,10,25,40,39,115,0,0,0,0,0,0,0,0,0,0,0,0,0,0,0,0,292,0,0,0,0,0,0,0,0
2020-12-28T23:59:59+01:00,0,0,1,0,1,1,1,2,3,6,2,5,11,3,8,15,24,58,0,0,0,0,0,0,0,0,0,0,0,0,0,0,0,0,141,0,0,0,0,0,0,0,0
2020-12-27T23:59:59+01:00,0,0,1,0,0,0,0,1,2,6,0,2,2,1,5,4,5,20,0,0,0,0,0,0,0,0,0,0,0,0,0,0,0,0,49,0,0,0,0,0,0,0,0
