Datum,<24_1_m,<24_1_w,25-34_1_m,25-34_1_w,35-44_1_m,35-44_1_w,45-54_1_m,45-54_1_w,55-64_1_m,55-64_1_w,65-74_1_m,65-74_1_w,75-84_1_m,75-84_1_w,>84_1_m,>84_1_w,<24_2_m,<24_2_w,25-34_2_m,25-34_2_w,35-44_2_m,35-44_2_w,45-54_2_m,45-54_2_w,55-64_2_m,55-64_2_w,65-74_2_m,65-74_2_w,75-84_2_m,75-84_2_w,>84_2_m,>84_2_w,bp_1,bp_2,mo_1,mo_2,az_1,az_2,ja
2021-05-19T23:59:59+02:00,469,627,1442,1465,1757,2113,1961,3442,2082,3012,1349,1741,1722,2107,1285,2935,135,179,462,559,503,894,462,1197,500,860,515,631,1031,1291,776,1934,19432,9657,2668,962,7156,922,475
2021-05-18T23:59:59+02:00,442,608,1371,1418,1682,2058,1868,3331,2003,2932,1339,1725,1718,2100,1285,2933,122,171,445,545,489,866,447,1123,481,805,505,613,1027,1279,775,1931,19017,9563,2522,929,7111,834,385
2021-05-17T23:59:59+02:00,420,594,1329,1383,1642,2022,1819,3263,1970,2886,1320,1710,1715,2094,1285,2932,116,166,434,536,482,841,441,1084,476,773,493,587,1025,1272,775,1931,18770,9513,2427,909,7070,758,339
2021-05-16T23:59:59+02:00,415,593,1306,1360,1612,2002,1785,3213,1928,2844,1306,1701,1713,2090,1285,2932,112,164,428,519,471,822,430,1038,461,737,474,567,1023,1268,775,1930,18628,9476,2371,882,7041,681,267
2021-05-15T23:59:59+02:00,408,586,1284,1343,1598,1983,1770,3192,1905,2818,1302,1700,1713,2089,1284,2932,112,162,426,519,471,821,429,1034,456,730,471,564,1022,1267,775,1930,18457,9455,2371,882,7038,676,263
2021-05-14T23:59:59+02:00,397,574,1258,1311,1557,1944,1699,3131,1867,2785,1297,1695,1712,2089,1282,2932,110,159,424,503,451,797,416,1006,445,712,461,554,1020,1263,775,1929,18149,9416,2332,868,7020,578,250
2021-05-13T23:59:59+02:00,378,552,1204,1277,1462,1897,1598,3055,1811,2707,1275,1685,1706,2088,1280,2929,107,156,415,498,443,784,411,993,437,699,445,530,1012,1245,775,1925,17787,9353,2136,836,6976,548,225
2021-05-12T23:59:59+02:00,371,546,1189,1272,1449,1889,1581,3035,1801,2694,1273,1680,1701,2087,1280,2929,106,155,415,498,442,779,406,988,436,694,438,519,1011,1240,775,1925,17686,9314,2117,830,6972,548,222
2021-05-11T23:59:59+02:00,355,525,1124,1245,1356,1852,1484,2944,1727,2634,1263,1658,1697,2079,1280,2929,101,145,401,470,420,757,394,958,415,677,426,497,1004,1236,775,1925,17342,9245,1975,805,6882,465,173
2021-05-10T23:59:59+02:00,342,510,1091,1222,1305,1823,1424,2889,1683,2578,1257,1647,1694,2073,1280,2926,100,143,395,462,411,739,388,939,410,653,421,486,1003,1233,775,1925,17118,9207,1908,798,6790,417,148
2021-05-09T23:59:59+02:00,337,498,1054,1210,1283,1806,1378,2859,1638,2545,1250,1638,1692,2068,1280,2925,95,140,391,455,404,732,381,929,401,646,412,476,1000,1231,775,1924,16937,9181,1863,793,6752,376,129
2021-05-08T23:59:59+02:00,330,496,1048,1190,1259,1796,1365,2842,1618,2532,1244,1634,1691,2068,1279,2925,95,140,390,455,402,731,380,923,401,642,411,475,996,1224,775,1924,16798,9169,1860,787,6750,366,129
2021-05-07T23:59:59+02:00,322,489,1031,1168,1217,1775,1310,2791,1580,2487,1239,1627,1690,2063,1279,2922,92,136,378,442,393,704,369,893,386,618,405,454,987,1214,775,1923,16582,9123,1834,766,6692,266,101
2021-05-06T23:59:59+02:00,309,477,968,1129,1119,1719,1192,2681,1477,2415,1217,1601,1689,2055,1279,2920,89,132,365,430,386,684,357,878,371,601,399,445,978,1204,775,1921,16162,9083,1681,753,6548,191,75
2021-05-05T23:59:59+02:00,298,464,937,1107,1084,1686,1128,2621,1420,2349,1203,1578,1684,2045,1279,2916,89,127,362,424,382,673,354,871,363,585,386,432,964,1192,775,1921,15808,9030,1629,736,6508,151,70
2021-05-04T23:59:59+02:00,289,453,907,1089,1050,1665,1085,2575,1380,2300,1191,1550,1680,2038,1279,2914,88,125,356,414,380,668,346,856,356,568,377,417,956,1173,775,1921,15545,8967,1573,713,6476,117,66
2021-05-03T23:59:59+02:00,286,443,881,1072,1018,1653,1056,2543,1349,2265,1180,1524,1675,2032,1278,2912,84,119,347,411,372,658,344,851,347,560,367,406,947,1162,774,1919,15345,8907,1554,707,6438,97,44
2021-05-02T23:59:59+02:00,283,441,865,1062,999,1642,1037,2531,1341,2242,1173,1515,1674,2031,1278,2910,82,119,342,408,370,654,341,845,345,554,359,399,933,1154,774,1919,15253,8880,1541,691,6414,85,29
2021-05-01T23:59:59+02:00,280,438,859,1055,990,1633,1027,2519,1331,2228,1169,1509,1673,2029,1278,2910,82,119,342,407,369,653,340,842,344,553,358,399,933,1154,774,1919,15157,8873,1541,691,6414,82,29
2021-04-30T23:59:59+02:00,276,431,851,1040,970,1617,994,2453,1292,2185,1161,1495,1670,2027,1278,2907,81,117,341,404,366,645,339,817,340,548,354,394,932,1149,774,1918,14906,8862,1538,682,6412,59,3
2021-04-29T23:59:59+02:00,264,424,818,1018,938,1585,954,2398,1217,2120,1131,1462,1668,2021,1278,2906,81,116,337,402,362,641,334,805,335,539,346,385,924,1142,774,1916,14539,8822,1507,662,6364,39,3
2021-04-28T23:59:59+02:00,253,421,806,1005,911,1573,921,2363,1164,2059,1109,1422,1663,2020,1278,2906,77,116,331,397,358,634,333,798,333,529,333,373,915,1132,774,1915,14285,8767,1470,638,6326,26,3
2021-04-27T23:59:59+02:00,250,413,796,993,898,1564,901,2343,1144,2031,1090,1390,1658,2017,1278,2904,76,113,329,394,357,630,331,793,328,523,329,364,907,1119,774,1914,14128,8726,1449,617,6299,21,3
2021-04-26T23:59:59+02:00,248,408,789,986,888,1558,880,2321,1099,1990,1077,1370,1651,2014,1277,2903,76,113,327,392,356,629,329,791,326,519,323,354,902,1112,774,1914,13977,8700,1438,601,6250,19,3
2021-04-25T23:59:59+02:00,248,406,782,979,875,1548,866,2307,1071,1962,1063,1352,1648,2008,1277,2902,75,113,327,388,354,628,329,789,325,519,321,351,900,1105,774,1913,13871,8692,1417,590,6211,12,3
2021-04-24T23:59:59+02:00,243,403,775,976,863,1538,856,2291,1049,1948,1057,1332,1646,2006,1277,2902,75,113,327,388,354,628,328,789,325,516,320,350,900,1104,774,1913,13751,8689,1417,586,6199,12,3
2021-04-23T23:59:59+02:00,240,397,766,967,859,1531,839,2278,990,1910,1048,1312,1643,2001,1277,2899,75,113,327,388,354,627,327,787,324,515,314,343,898,1100,774,1913,13637,8675,1407,575,6116,12,3
2021-04-22T23:59:59+02:00,239,390,746,949,844,1513,807,2237,953,1863,1026,1275,1636,1991,1277,2896,75,110,325,386,351,620,324,780,323,511,311,338,891,1090,773,1912,13424,8632,1361,566,6059,5,3
2021-04-21T23:59:59+02:00,233,386,731,936,825,1500,778,2204,909,1821,1001,1229,1632,1979,1277,2895,73,108,323,385,350,617,322,776,320,504,310,334,884,1075,771,1908,13184,8588,1340,549,6013,5,3
2021-04-20T23:59:59+02:00,230,382,718,918,813,1482,758,2154,883,1778,970,1171,1620,1966,1276,2894,73,108,321,385,347,614,320,771,320,500,308,327,875,1055,770,1908,12969,8542,1278,537,5965,5,3
2021-04-19T23:59:59+02:00,228,374,708,907,800,1466,748,2130,864,1750,949,1137,1616,1963,1276,2891,73,107,319,382,344,609,319,764,318,492,308,322,861,1038,769,1902,12827,8488,1266,518,5912,3,3
2021-04-18T23:59:59+02:00,227,372,700,904,785,1457,735,2118,848,1734,929,1105,1614,1959,1274,2889,72,105,318,381,344,609,318,760,318,490,307,317,855,1035,768,1902,12736,8469,1248,509,5864,3,3
2021-04-17T23:59:59+02:00,226,368,694,901,781,1457,731,2112,845,1727,917,1088,1612,1955,1274,2889,71,102,317,379,344,609,317,756,318,487,306,313,851,1028,768,1902,12679,8440,1248,507,5848,3,3
2021-04-16T23:59:59+02:00,225,365,689,899,768,1443,723,2094,814,1688,886,1038,1606,1946,1273,2887,67,100,314,374,343,607,313,748,313,472,294,293,848,1018,764,1896,12513,8375,1235,467,5794,3,3
2021-04-15T23:59:59+02:00,222,362,674,882,756,1431,702,2056,776,1648,860,1001,1597,1927,1272,2881,66,100,311,368,338,606,306,743,306,469,288,286,829,998,762,1889,12325,8302,1224,441,5694,3,3
2021-04-14T23:59:59+02:00,219,356,666,876,748,1417,695,2025,762,1623,827,967,1573,1888,1269,2876,63,95,308,366,335,602,304,738,299,459,282,274,811,982,761,1883,12138,8226,1208,414,5636,3,3
2021-04-13T23:59:59+02:00,215,351,659,872,739,1407,687,2004,736,1596,795,917,1556,1861,1267,2871,61,94,305,362,327,597,300,732,294,453,278,269,800,972,756,1880,12005,8169,1167,390,5556,2,3
2021-04-12T23:59:59+02:00,214,350,656,869,731,1396,672,1988,721,1580,767,885,1545,1848,1267,2867,60,90,296,356,323,591,295,727,289,448,269,261,795,964,756,1874,11920,8107,1150,364,5480,2,3
2021-04-11T23:59:59+02:00,210,349,650,865,725,1391,665,1976,710,1565,749,863,1538,1831,1267,2863,58,88,291,354,322,589,293,725,286,441,265,256,787,960,754,1873,11877,8067,1133,351,5401,2,3
2021-04-10T23:59:59+02:00,210,349,650,864,723,1389,661,1969,705,1561,742,847,1533,1822,1267,2863,53,80,267,342,309,576,283,713,271,432,256,248,782,948,752,1871,11839,7917,1127,341,5382,2,3
2021-04-09T23:59:59+02:00,210,345,647,862,715,1363,652,1890,690,1481,715,796,1514,1803,1267,2858,44,75,253,329,291,562,267,701,260,419,245,243,762,925,749,1867,11735,7736,1107,331,5159,2,2
2021-04-08T23:59:59+02:00,209,341,642,858,709,1356,642,1871,672,1462,677,742,1488,1784,1266,2856,42,72,244,314,276,555,251,686,243,403,232,224,748,908,744,1850,11636,7553,1071,312,5061,2,2
2021-04-07T23:59:59+02:00,203,338,636,851,702,1345,628,1846,660,1435,643,702,1463,1744,1263,2850,40,68,227,300,267,548,245,675,234,389,218,214,719,886,741,1837,11510,7383,1039,297,4950,2,2
2021-04-06T23:59:59+02:00,200,337,630,848,691,1331,612,1822,638,1414,622,666,1445,1715,1262,2849,39,67,226,298,264,546,236,672,229,384,214,208,704,862,739,1829,11437,7310,1016,280,4819,2,1
2021-04-05T23:59:59+02:00,200,337,630,841,685,1322,606,1805,631,1402,602,642,1435,1693,1262,2847,39,67,225,295,262,541,232,666,228,382,214,202,685,841,739,1824,11407,7251,1003,263,4717,2,1
2021-04-04T23:59:59+02:00,199,335,630,836,681,1313,601,1787,627,1385,593,630,1434,1691,1262,2846,39,67,224,295,262,541,232,666,227,382,213,202,675,827,739,1821,11396,7221,1002,263,4639,2,1
2021-04-03T23:59:59+02:00,199,335,630,836,680,1311,601,1784,622,1383,581,624,1433,1683,1261,2845,39,67,224,295,262,541,232,666,227,381,213,202,675,823,739,1819,11367,7214,1002,263,4626,2,1
2021-04-02T23:59:59+02:00,199,335,630,834,679,1308,598,1777,617,1375,573,615,1425,1673,1260,2844,39,67,221,294,261,539,231,660,222,376,209,200,661,800,736,1806,11324,7137,996,257,4608,2,1
2021-04-01T23:59:59+02:00,195,329,627,827,668,1295,592,1757,604,1357,553,591,1405,1645,1259,2832,38,66,213,291,260,535,228,652,218,371,201,198,641,773,729,1782,11241,7019,957,249,4521,2,1
2021-03-31T23:59:59+02:00,192,327,621,820,660,1280,584,1712,595,1321,542,580,1385,1602,1253,2824,38,66,211,290,259,533,227,646,212,369,195,194,614,739,725,1756,11172,6906,917,240,4391,2,1
2021-03-30T23:59:59+02:00,190,321,616,813,657,1252,578,1677,585,1284,532,565,1359,1563,1250,2817,38,64,209,288,257,531,224,641,210,362,190,190,602,717,714,1741,11089,6819,889,230,4261,2,1
2021-03-29T23:59:59+02:00,187,315,610,797,653,1242,570,1648,577,1246,519,547,1328,1523,1243,2803,38,64,208,287,256,529,224,635,207,354,187,187,588,701,710,1731,10962,6755,862,222,4164,2,1
2021-03-28T23:59:59+02:00,179,299,604,789,649,1235,566,1630,575,1230,514,530,1304,1497,1240,2796,38,63,205,287,252,523,222,631,207,352,185,186,580,694,709,1727,10913,6715,830,217,4074,2,1
2021-03-27T23:59:59+01:00,178,297,601,785,646,1230,562,1621,573,1222,510,522,1300,1490,1240,2795,38,62,205,287,252,523,222,625,205,348,182,184,574,685,702,1717,10880,6672,826,210,4045,2,1
2021-03-26T23:59:59+01:00,176,295,594,776,642,1220,554,1602,568,1202,500,509,1292,1474,1232,2790,38,62,205,287,252,521,222,625,198,337,180,179,554,661,693,1700,10811,6575,806,210,3985,2,1
2021-03-25T23:59:59+01:00,174,294,585,765,630,1201,538,1568,558,1168,489,494,1267,1452,1227,2783,38,62,201,281,252,521,217,622,196,335,173,178,530,637,673,1666,10736,6454,783,198,3849,2,1
2021-03-24T23:59:59+01:00,171,283,577,754,625,1186,534,1539,550,1136,481,481,1246,1422,1221,2774,37,62,201,280,252,520,217,621,192,332,170,172,508,621,660,1621,10661,6347,756,190,3738,2,0
2021-03-23T23:59:59+01:00,169,281,571,745,611,1175,528,1519,539,1103,473,467,1226,1405,1212,2767,36,61,200,278,249,519,213,616,189,327,165,169,489,610,636,1580,10603,6223,738,184,3623,2,0
2021-03-22T23:59:59+01:00,163,274,553,731,598,1156,519,1495,528,1079,470,456,1215,1389,1209,2759,36,60,199,276,247,518,212,610,189,324,163,164,475,592,599,1541,10557,6095,716,180,3493,2,0
2021-03-21T23:59:59+01:00,161,273,549,724,595,1151,515,1469,520,1047,463,448,1199,1384,1206,2752,36,60,199,275,246,517,211,609,188,322,162,162,470,590,593,1537,10533,6072,703,175,3388,2,0
2021-03-20T23:59:59+01:00,160,273,546,722,594,1149,512,1467,520,1043,458,441,1187,1369,1201,2747,36,60,199,275,245,517,211,607,188,317,159,161,466,584,588,1528,10497,6039,699,172,3360,2,0
2021-03-19T23:59:59+01:00,152,262,540,711,588,1141,511,1454,507,1025,440,409,1156,1340,1193,2741,36,60,199,274,244,517,210,600,186,313,159,158,456,561,580,1503,10399,5959,653,167,3282,2,0
2021-03-18T23:59:59+01:00,149,259,525,705,566,1108,497,1406,487,981,420,392,1131,1312,1185,2721,36,60,196,272,243,507,210,594,184,311,157,156,443,550,573,1477,10285,5882,617,156,3104,2,0
2021-03-17T23:59:59+01:00,143,251,516,694,556,1104,491,1394,476,966,406,377,1106,1291,1179,2708,36,59,196,272,242,504,210,594,184,309,157,154,435,544,559,1453,10170,5821,588,154,3060,2,0
2021-03-16T23:59:59+01:00,137,247,506,682,543,1091,479,1358,464,939,398,360,1076,1250,1175,2695,36,58,196,271,242,499,210,593,182,309,154,154,430,531,547,1427,10061,5753,556,152,2939,2,0
2021-03-15T23:59:59+01:00,135,241,493,667,533,1065,469,1322,455,906,386,346,1056,1221,1169,2684,35,58,196,268,241,496,210,592,180,309,152,151,421,524,540,1403,9953,5693,516,149,2832,2,0
2021-03-14T23:59:59+01:00,130,227,481,650,525,1042,463,1275,445,868,373,338,1035,1204,1165,2673,35,58,196,266,239,495,209,588,179,304,151,148,418,520,536,1398,9878,5674,493,132,2674,2,0
2021-03-13T23:59:59+01:00,125,213,455,632,500,1018,442,1253,422,851,357,331,1022,1189,1164,2669,35,58,196,266,239,495,209,588,178,303,150,148,413,512,519,1381,9694,5624,484,131,2609,2,0
2021-03-12T23:59:59+01:00,115,202,429,608,480,988,423,1222,400,816,339,317,985,1151,1155,2648,35,58,196,266,239,494,209,588,178,303,147,146,406,502,510,1371,9446,5579,473,131,2500,2,0
2021-03-11T23:59:59+01:00,107,190,399,572,445,949,391,1155,377,757,322,288,945,1107,1131,2614,35,58,195,263,233,490,207,583,176,299,145,145,397,492,498,1351,9167,5531,445,98,2271,2,0
2021-03-10T23:59:59+01:00,102,182,381,553,429,928,377,1119,359,720,306,274,901,1068,1120,2572,35,58,192,258,231,483,205,578,176,296,143,143,384,486,489,1328,8952,5461,426,86,2145,2,0
2021-03-09T23:59:59+01:00,101,177,369,533,410,898,363,1075,348,686,297,264,869,1044,1099,2553,35,58,191,254,230,477,203,575,173,294,143,142,376,480,484,1313,8819,5416,410,74,1980,2,0
2021-03-08T23:59:59+01:00,98,171,356,520,394,876,354,1027,342,649,287,256,843,1012,1088,2540,35,58,191,252,226,471,199,568,169,292,141,142,369,477,478,1305,8709,5379,388,57,1837,1,0
2021-03-07T23:59:59+01:00,95,164,353,512,385,858,344,1014,341,644,284,253,835,1000,1084,2533,35,58,191,251,226,469,198,567,169,292,141,142,365,474,474,1303,8656,5363,370,55,1792,0,0
2021-03-06T23:59:59+01:00,95,159,348,509,379,834,339,965,332,614,283,251,828,990,1079,2527,35,58,191,251,225,468,198,566,169,292,141,142,364,474,473,1297,8620,5358,370,49,1660,0,0
2021-03-05T23:59:59+01:00,93,154,344,504,377,829,337,951,321,591,278,240,798,956,1067,2501,35,58,190,250,224,467,197,564,168,290,140,141,361,473,470,1286,8492,5341,354,36,1608,0,0
2021-03-04T23:59:59+01:00,93,145,331,470,367,798,321,904,311,570,267,238,763,915,1033,2461,35,58,188,245,223,460,195,554,165,288,139,140,360,471,468,1283,8320,5299,335,35,1444,0,0
2021-03-03T23:59:59+01:00,90,140,322,457,363,785,316,886,302,550,261,229,732,889,1009,2401,35,57,188,245,222,457,193,545,165,282,139,137,359,468,465,1280,8171,5269,320,30,1349,0,0
2021-03-02T23:59:59+01:00,86,137,314,447,353,770,308,868,296,525,251,225,709,868,963,2340,34,57,188,245,222,449,188,540,163,280,138,137,358,463,465,1272,7985,5230,305,30,1275,0,0
2021-03-01T23:59:59+01:00,84,134,310,435,346,753,301,839,290,496,250,219,690,842,906,2266,34,56,187,244,219,440,187,533,161,276,138,137,357,459,461,1267,7799,5187,291,30,1175,0,0
2021-02-28T23:59:59+01:00,84,132,305,426,343,742,301,815,285,477,246,214,685,838,899,2259,34,56,185,243,219,440,187,533,161,276,137,137,357,456,461,1266,7769,5179,282,30,1102,0,0
2021-02-27T23:59:59+01:00,81,122,301,417,337,741,297,802,282,467,242,212,678,826,889,2244,34,56,185,242,219,439,186,532,160,275,137,137,357,456,461,1266,7718,5178,273,25,1047,0,0
2021-02-26T23:59:59+01:00,79,117,295,395,310,709,279,774,273,447,240,210,661,802,879,2213,34,56,185,241,219,437,185,530,158,273,137,137,357,456,461,1264,7629,5165,271,25,881,0,0
2021-02-25T23:59:59+01:00,72,104,283,378,304,678,271,747,261,427,232,207,650,785,863,2183,34,56,184,239,215,434,181,522,154,272,136,134,349,451,457,1260,7532,5121,260,17,749,0,0
2021-02-24T23:59:59+01:00,66,98,278,368,298,664,268,735,257,418,229,207,634,774,840,2150,33,56,183,237,212,421,180,514,152,267,135,132,345,450,456,1253,7440,5072,253,12,685,0,0
2021-02-23T23:59:59+01:00,59,88,269,359,288,644,262,720,252,410,225,205,623,758,824,2111,32,56,182,234,210,416,178,509,150,263,135,130,342,444,454,1245,7345,5029,244,9,600,0,0
2021-02-22T23:59:59+01:00,55,85,263,345,285,636,260,709,249,408,218,201,609,746,810,2084,32,54,178,231,204,402,172,500,145,259,134,129,336,441,451,1238,7262,4960,233,3,559,0,0
2021-02-21T23:59:59+01:00,51,83,262,339,283,626,255,700,244,405,217,200,605,742,805,2079,32,53,177,229,204,400,171,490,145,257,134,129,332,441,449,1230,7245,4926,228,3,512,0,0
2021-02-20T23:59:59+01:00,50,83,260,338,283,622,254,693,241,400,216,200,595,732,786,2059,32,53,177,229,204,400,171,490,144,256,134,129,331,441,448,1229,7186,4921,222,3,492,0,0
2021-02-19T23:59:59+01:00,49,83,254,333,278,595,247,673,237,389,213,196,584,720,771,2046,32,52,177,229,203,399,171,489,143,256,134,128,326,440,444,1222,7130,4898,216,3,406,0,0
2021-02-18T23:59:59+01:00,47,77,236,317,270,573,238,655,223,363,210,190,577,712,757,2030,32,51,175,223,202,390,167,475,142,249,132,124,313,432,430,1184,7078,4773,199,3,280,0,0
2021-02-17T23:59:59+01:00,47,75,231,312,268,557,233,641,221,345,206,187,562,706,743,2002,30,49,172,217,194,374,162,458,137,240,127,120,307,422,418,1164,6989,4641,194,3,234,0,0
2021-02-16T23:59:59+01:00,44,69,223,301,265,544,228,628,215,340,202,187,551,700,731,1984,28,49,163,208,185,355,158,445,133,229,126,115,287,398,401,1130,6926,4460,192,3,173,0,0
2021-02-15T23:59:59+01:00,43,68,217,298,257,531,226,622,212,332,201,186,541,696,726,1971,27,47,158,203,180,349,154,435,129,224,114,111,272,384,382,1084,6883,4303,186,3,137,0,0
2021-02-14T23:59:59+01:00,41,68,214,295,254,524,224,619,212,328,201,182,535,694,722,1960,26,46,157,201,176,344,154,422,128,222,114,108,265,378,373,1063,6866,4226,165,3,119,0,0
2021-02-13T23:59:59+01:00,40,68,214,295,253,524,224,618,212,328,201,182,534,693,722,1960,26,46,155,200,173,344,153,419,126,220,114,108,263,376,368,1058,6862,4200,165,1,118,0,0
2021-02-12T23:59:59+01:00,39,66,212,291,250,513,220,608,209,323,200,180,529,692,720,1954,26,45,153,198,172,343,150,417,126,218,113,105,262,366,350,1022,6839,4117,165,1,78,0,0
2021-02-11T23:59:59+01:00,38,64,204,273,243,495,210,584,198,308,198,179,523,679,705,1933,25,43,137,180,165,309,140,374,122,199,104,95,237,338,318,933,6776,3766,116,1,17,0,0
2021-02-10T23:59:59+01:00,38,64,199,267,241,488,208,576,195,303,196,179,519,676,700,1925,23,42,126,160,153,270,124,330,112,176,92,89,218,317,286,866,6736,3423,106,1,7,0,0
2021-02-09T23:59:59+01:00,37,62,197,264,240,475,204,571,191,301,194,175,518,670,697,1917,23,40,110,134,138,248,111,285,102,153,78,81,196,270,258,784,6696,3046,88,1,3,0,0
2021-02-08T23:59:59+01:00,37,62,196,260,233,460,201,559,187,296,191,175,512,667,694,1914,21,37,92,115,118,199,95,252,92,141,67,77,172,234,225,702,6643,2669,71,1,3,0,0
2021-02-07T23:59:59+01:00,37,61,193,258,233,458,201,557,187,296,191,175,511,664,694,1913,20,32,88,108,111,186,89,236,89,131,62,74,165,222,218,674,6632,2532,68,1,0,0,0
2021-02-06T23:59:59+01:00,37,61,193,258,233,457,201,556,186,296,191,175,511,664,693,1907,15,25,88,107,110,180,87,232,89,127,61,74,165,218,213,664,6629,2481,61,1,0,0,0
2021-02-05T23:59:59+01:00,37,61,193,258,233,456,200,554,184,295,191,175,511,664,687,1888,12,20,81,101,107,175,85,230,84,116,59,73,160,214,200,651,6615,2393,41,0,0,0,0
2021-02-04T23:59:59+01:00,36,61,193,256,228,452,196,548,182,292,191,172,509,659,684,1881,9,11,56,72,83,133,74,197,63,95,54,66,142,189,174,580,6568,2016,41,0,0,0,0
2021-02-03T23:59:59+01:00,36,58,193,254,227,440,192,542,182,289,191,170,503,658,679,1870,6,6,40,56,67,109,57,151,48,72,40,42,113,133,136,427,6517,1516,36,0,0,0,0
2021-02-02T23:59:59+01:00,35,58,192,251,224,434,190,537,180,286,189,169,497,652,674,1857,4,5,27,37,51,77,44,96,37,55,32,27,82,98,95,278,6457,1056,36,0,0,0,0
2021-02-01T23:59:59+01:00,34,55,190,251,220,429,187,531,176,278,189,166,492,649,671,1849,2,2,21,19,25,40,26,62,21,32,19,18,52,70,53,170,6399,640,36,0,0,0,0
2021-01-31T23:59:59+01:00,34,55,190,249,218,425,185,522,175,276,188,166,487,646,669,1840,2,2,19,14,16,35,18,48,15,27,18,14,42,62,52,149,6357,538,35,0,0,0,0
2021-01-30T23:59:59+01:00,34,55,190,249,218,425,184,521,175,276,188,166,486,646,669,1838,2,2,18,13,14,35,16,44,13,26,18,13,42,60,50,145,6353,515,34,0,0,0,0
2021-01-29T23:59:59+01:00,34,55,190,246,216,424,184,520,174,274,188,166,481,644,663,1834,2,0,16,9,8,29,16,39,10,22,18,13,40,59,50,142,6330,476,30,0,0,0,0
2021-01-28T23:59:59+01:00,34,54,186,244,216,417,183,512,172,271,187,165,469,640,653,1822,2,0,3,3,3,18,10,19,5,11,15,9,26,38,33,104,6269,299,22,0,0,0,0
2021-01-27T23:59:59+01:00,33,52,182,238,210,407,180,499,168,262,180,161,459,629,638,1799,0,0,2,3,3,15,9,18,4,11,14,8,21,32,27,80,6140,247,19,0,0,0,0
2021-01-26T23:59:59+01:00,30,52,178,226,203,393,177,481,165,255,179,157,444,614,620,1767,0,0,1,3,3,15,9,18,4,11,14,7,19,26,27,71,5988,228,15,0,0,0,0
2021-01-25T23:59:59+01:00,30,51,172,224,200,384,174,468,160,247,171,154,428,604,606,1738,0,0,1,3,2,13,8,15,4,10,14,6,15,25,23,66,5868,205,4,0,0,0,0
2021-01-24T23:59:59+01:00,29,50,171,221,198,383,173,466,160,247,171,154,425,601,605,1735,0,0,1,3,2,13,8,15,4,10,14,6,15,25,22,65,5846,203,3,0,0,0,0
2021-01-23T23:59:59+01:00,29,50,171,221,196,383,173,466,160,247,171,154,425,601,600,1730,0,0,1,3,2,13,8,15,4,10,14,6,15,25,22,65,5834,203,3,0,0,0,0
2021-01-22T23:59:59+01:00,29,49,169,217,195,383,173,465,160,247,171,153,424,599,585,1703,0,0,1,3,2,13,8,15,4,10,14,6,15,25,22,65,5779,203,3,0,0,0,0
2021-01-21T23:59:59+01:00,28,48,160,208,189,365,167,445,159,234,163,149,403,577,564,1677,0,0,1,3,0,7,7,11,3,5,13,6,13,19,20,52,5591,160,3,0,0,0,0
2021-01-20T23:59:59+01:00,27,47,145,185,174,321,143,393,146,212,151,137,373,544,518,1544,0,0,1,3,0,7,7,11,3,4,13,5,13,18,16,50,5109,151,3,0,0,0,0
2021-01-19T23:59:59+01:00,25,46,125,155,156,289,133,349,134,192,124,118,323,477,464,1371,0,0,1,3,0,6,5,7,1,3,7,2,6,14,9,34,4523,98,2,0,0,0,0
2021-01-18T23:59:59+01:00,22,41,106,142,132,240,120,304,117,166,99,108,269,399,378,1148,0,0,1,1,0,3,4,5,0,3,0,1,1,4,5,19,3830,47,2,0,0,0,0
2021-01-17T23:59:59+01:00,21,30,102,129,123,224,113,277,111,157,92,97,257,374,346,1088,0,0,0,0,0,1,2,4,0,1,0,1,1,2,1,4,3574,17,2,0,0,0,0
2021-01-16T23:59:59+01:00,17,24,99,127,121,217,110,268,108,150,91,97,255,366,337,1070,0,0,0,0,0,0,0,0,0,0,0,0,0,0,0,1,3491,1,0,0,0,0,0
2021-01-15T23:59:59+01:00,13,22,95,119,119,209,107,262,107,137,87,95,250,356,319,1045,0,0,0,0,0,0,0,0,0,0,0,0,0,0,0,1,3374,1,0,0,0,0,0
2021-01-14T23:59:59+01:00,10,13,69,89,101,170,90,222,90,118,75,82,216,321,278,901,0,0,0,0,0,0,0,0,0,0,0,0,0,0,0,0,2870,0,0,0,0,0,0
2021-01-13T23:59:59+01:00,7,10,58,79,92,143,80,181,79,95,59,59,169,217,236,700,0,0,0,0,0,0,0,0,0,0,0,0,0,0,0,0,2285,0,0,0,0,0,0
2021-01-12T23:59:59+01:00,6,10,49,60,75,110,69,131,64,74,44,40,125,159,170,482,0,0,0,0,0,0,0,0,0,0,0,0,0,0,0,0,1686,0,0,0,0,0,0
2021-01-11T23:59:59+01:00,3,8,44,46,62,80,52,103,48,56,28,24,70,110,93,269,0,0,0,0,0,0,0,0,0,0,0,0,0,0,0,0,1110,0,0,0,0,0,0
2021-01-10T23:59:59+01:00,2,7,38,34,46,64,36,81,38,47,25,19,58,99,90,229,0,0,0,0,0,0,0,0,0,0,0,0,0,0,0,0,924,0,0,0,0,0,0
2021-01-09T23:59:59+01:00,2,6,35,32,40,62,34,72,33,44,25,19,58,98,88,228,0,0,0,0,0,0,0,0,0,0,0,0,0,0,0,0,885,0,0,0,0,0,0
2021-01-08T23:59:59+01:00,2,4,28,26,33,56,27,61,30,38,24,18,55,95,86,222,0,0,0,0,0,0,0,0,0,0,0,0,0,0,0,0,813,0,0,0,0,0,0
2021-01-07T23:59:59+01:00,2,2,9,3,6,20,12,28,11,19,21,12,41,61,57,163,0,0,0,0,0,0,0,0,0,0,0,0,0,0,0,0,467,0,0,0,0,0,0
2021-01-06T23:59:59+01:00,2,0,3,3,4,17,9,19,6,14,18,11,35,50,49,132,0,0,0,0,0,0,0,0,0,0,0,0,0,0,0,0,372,0,0,0,0,0,0
2021-01-05T23:59:59+01:00,1,0,1,3,4,15,9,18,6,13,18,10,34,49,46,125,0,0,0,0,0,0,0,0,0,0,0,0,0,0,0,0,352,0,0,0,0,0,0
2021-01-04T23:59:59+01:00,0,0,1,3,4,14,8,16,6,12,17,8,24,38,35,101,0,0,0,0,0,0,0,0,0,0,0,0,0,0,0,0,287,0,0,0,0,0,0
2021-01-03T23:59:59+01:00,0,0,1,3,4,14,8,16,6,12,17,8,24,38,35,100,0,0,0,0,0,0,0,0,0,0,0,0,0,0,0,0,286,0,0,0,0,0,0
2021-01-02T23:59:59+01:00,0,0,1,3,4,14,8,16,6,12,17,8,24,38,35,100,0,0,0,0,0,0,0,0,0,0,0,0,0,0,0,0,286,0,0,0,0,0,0
2021-01-01T23:59:59+01:00,0,0,1,3,4,14,8,16,6,12,17,8,24,38,35,100,0,0,0,0,0,0,0,0,0,0,0,0,0,0,0,0,286,0,0,0,0,0,0
2020-12-31T23:59:59+01:00,0,0,1,3,4,14,8,16,6,12,17,8,24,38,35,100,0,0,0,0,0,0,0,0,0,0,0,0,0,0,0,0,286,0,0,0,0,0,0
2020-12-30T23:59:59+01:00,0,0,1,3,4,14,8,16,6,12,17,8,24,38,35,100,0,0,0,0,0,0,0,0,0,0,0,0,0,0,0,0,286,0,0,0,0,0,0
2020-12-29T23:59:59+01:00,0,0,1,3,3,10,6,11,4,10,11,5,18,32,25,80,0,0,0,0,0,0,0,0,0,0,0,0,0,0,0,0,219,0,0,0,0,0,0
2020-12-28T23:59:59+01:00,0,0,1,1,1,2,4,6,3,5,7,2,4,12,14,40,0,0,0,0,0,0,0,0,0,0,0,0,0,0,0,0,102,0,0,0,0,0,0
2020-12-27T23:59:59+01:00,0,0,0,0,0,1,2,6,0,2,0,1,3,4,2,13,0,0,0,0,0,0,0,0,0,0,0,0,0,0,0,0,34,0,0,0,0,0,0
