Datum,<15_m,<15_w,15-24_1_m,15-24_1_w,25-34_1_m,25-34_1_w,35-44_1_m,35-44_1_w,45-54_1_m,45-54_1_w,55-64_1_m,55-64_1_w,65-74_1_m,65-74_1_w,75-84_1_m,75-84_1_w,>84_1_m,>84_1_w,<24_2_m,<24_2_w,25-34_2_m,25-34_2_w,35-44_2_m,35-44_2_w,45-54_2_m,45-54_2_w,55-64_2_m,55-64_2_w,65-74_2_m,65-74_2_w,75-84_2_m,75-84_2_w,>84_2_m,>84_2_w,bp_1,bp_2,mo_1,mo_2,az_1,az_2,ja,unb_1,unb_2
2021-10-01T23:59:59+02:00,177,173,3738,3240,9434,6727,9024,6200,7842,8272,5257,5833,1793,2240,1137,1590,306,903,3181,2759,8370,5995,8201,5605,7224,7552,4855,5422,1669,2102,1062,1502,271,834,47292,41774,7427,6759,9050,7775,11514,35,35
2021-09-30T23:59:59+02:00,176,172,3711,3223,9390,6710,8993,6178,7820,8249,5242,5819,1790,2237,1136,1590,306,902,3161,2741,8331,5970,8173,5587,7212,7525,4843,5408,1668,2098,1062,1502,271,833,47141,41658,7422,6741,9050,7772,11428,35,35
2021-09-29T23:59:59+02:00,175,170,3695,3213,9350,6697,8977,6157,7808,8223,5234,5813,1788,2234,1135,1588,306,901,3145,2732,8300,5964,8157,5567,7201,7506,4833,5396,1668,2096,1062,1502,271,833,47023,41573,7418,6735,9050,7768,11370,35,35
2021-09-28T23:59:59+02:00,173,170,3681,3200,9314,6678,8948,6146,7785,8193,5225,5797,1787,2227,1135,1587,306,900,3128,2721,8274,5941,8137,5557,7178,7480,4824,5384,1668,2091,1062,1501,271,832,46898,41475,7415,6730,9050,7767,11286,35,35
2021-09-27T23:59:59+02:00,171,170,3664,3187,9284,6652,8926,6120,7767,8164,5212,5785,1785,2216,1134,1587,306,899,3107,2714,8238,5914,8111,5531,7156,7452,4812,5375,1665,2083,1062,1500,271,831,46779,41348,7405,6727,9050,7763,11192,35,35
2021-09-26T23:59:59+02:00,169,170,3654,3179,9265,6643,8915,6112,7755,8153,5208,5780,1781,2215,1133,1586,306,899,3097,2709,8217,5910,8101,5520,7142,7445,4805,5367,1662,2083,1062,1499,271,830,46720,41294,7401,6724,9049,7759,11150,35,35
2021-09-25T23:59:59+02:00,168,169,3648,3178,9256,6639,8911,6109,7750,8152,5206,5780,1781,2214,1133,1585,306,899,3091,2707,8210,5907,8097,5518,7139,7441,4804,5365,1661,2082,1061,1496,271,830,46703,41278,7399,6721,9049,7757,11130,35,35
2021-09-24T23:59:59+02:00,167,168,3630,3173,9225,6626,8896,6098,7729,8132,5199,5768,1780,2212,1133,1584,306,899,3078,2698,8184,5893,8086,5506,7118,7426,4797,5356,1661,2078,1061,1496,271,830,46623,41219,7398,6715,9049,7757,11052,35,35
2021-09-23T23:59:59+02:00,165,167,3598,3160,9166,6595,8848,6053,7689,8085,5180,5748,1775,2206,1131,1580,306,899,3057,2685,8133,5867,8042,5471,7077,7381,4778,5338,1653,2074,1060,1494,271,830,46471,41116,7389,6707,9049,7753,10838,35,35
2021-09-22T23:59:59+02:00,162,167,3577,3152,9142,6574,8821,6035,7656,8071,5164,5738,1773,2203,1130,1580,306,899,3035,2679,8109,5846,8019,5457,7048,7361,4763,5332,1651,2067,1058,1494,271,829,46351,41001,7384,6704,9047,7748,10764,35,35
2021-09-21T23:59:59+02:00,161,164,3559,3137,9115,6552,8776,6014,7625,8046,5152,5729,1772,2203,1130,1580,306,899,3012,2666,8073,5820,7976,5441,7013,7329,4748,5313,1649,2066,1057,1493,271,829,46232,40848,7377,6697,9047,7748,10660,35,35
2021-09-20T23:59:59+02:00,160,164,3532,3126,9076,6539,8744,5995,7593,8015,5145,5714,1768,2201,1130,1580,305,897,2991,2641,8030,5804,7938,5418,6979,7302,4740,5293,1646,2064,1056,1492,270,829,46113,40710,7376,6692,9047,7743,10542,35,35
2021-09-19T23:59:59+02:00,159,163,3516,3119,9048,6532,8732,5988,7587,8005,5138,5708,1767,2199,1129,1578,305,896,2984,2634,8003,5795,7919,5411,6965,7287,4733,5286,1646,2060,1055,1491,270,828,46057,40647,7371,6686,9047,7738,10488,35,35
2021-09-18T23:59:59+02:00,159,163,3512,3119,9042,6530,8728,5986,7584,8004,5136,5707,1767,2199,1129,1578,305,896,2976,2633,7995,5793,7908,5409,6960,7286,4729,5282,1646,2060,1055,1490,270,828,46047,40612,7370,6685,9046,7738,10475,35,35
2021-09-17T23:59:59+02:00,159,162,3494,3110,9005,6514,8701,5973,7565,7993,5127,5698,1766,2194,1127,1578,305,896,2962,2626,7954,5778,7881,5399,6938,7276,4722,5273,1646,2059,1054,1490,270,828,45958,40539,7362,6675,9044,7735,10397,35,35
2021-09-16T23:59:59+02:00,159,162,3470,3092,8949,6490,8659,5946,7529,7960,5108,5688,1765,2190,1127,1578,305,895,2951,2613,7915,5753,7848,5376,6917,7251,4709,5268,1644,2058,1054,1490,269,827,45774,40425,7338,6667,9043,7728,10310,35,35
2021-09-15T23:59:59+02:00,157,162,3448,3082,8917,6473,8632,5923,7503,7942,5102,5671,1762,2187,1124,1578,304,894,2933,2609,7890,5741,7821,5349,6884,7232,4694,5252,1642,2055,1054,1487,267,824,45642,40296,7334,6660,9043,7727,10235,35,35
2021-09-14T23:59:59+02:00,157,161,3429,3064,8873,6455,8588,5897,7476,7911,5091,5654,1760,2184,1123,1578,303,893,2912,2594,7847,5717,7781,5331,6859,7207,4679,5237,1641,2055,1053,1484,267,823,45493,40167,7326,6651,9043,7724,10127,35,35
2021-09-13T23:59:59+02:00,156,160,3417,3050,8833,6436,8558,5877,7458,7881,5079,5640,1758,2180,1123,1578,303,892,2898,2585,7816,5701,7765,5319,6850,7185,4671,5232,1640,2052,1053,1483,267,823,45343,40072,7307,6646,9043,7722,10078,35,35
2021-09-12T23:59:59+02:00,156,159,3402,3048,8810,6427,8548,5868,7448,7865,5073,5633,1757,2179,1122,1575,303,891,2886,2577,7792,5686,7756,5309,6836,7169,4668,5225,1636,2051,1053,1483,267,822,45268,39997,7306,6641,9043,7715,10038,35,35
2021-09-11T23:59:59+02:00,156,159,3400,3046,8802,6423,8544,5866,7447,7864,5071,5631,1756,2178,1121,1575,303,891,2884,2576,7784,5683,7752,5306,6835,7165,4668,5223,1636,2051,1053,1483,267,822,45253,39982,7304,6640,9042,7715,10024,35,35
2021-09-10T23:59:59+02:00,155,155,3373,3039,8778,6404,8527,5853,7423,7845,5061,5611,1754,2175,1120,1575,303,891,2870,2572,7759,5660,7735,5293,6813,7148,4654,5205,1635,2050,1053,1482,267,822,45178,39927,7301,6636,9042,7714,9911,35,35
2021-09-09T23:59:59+02:00,153,154,3357,3026,8733,6376,8492,5829,7402,7807,5045,5600,1751,2173,1120,1575,303,891,2857,2562,7725,5634,7710,5273,6791,7119,4641,5190,1634,2046,1053,1482,267,822,45021,39821,7293,6625,9042,7706,9820,35,35
2021-09-08T23:59:59+02:00,152,152,3339,3015,8701,6366,8468,5801,7385,7778,5031,5584,1748,2171,1119,1574,303,890,2840,2551,7683,5618,7677,5250,6765,7084,4629,5168,1633,2045,1052,1482,266,822,44925,39697,7286,6616,9041,7702,9712,35,35
2021-09-07T23:59:59+02:00,151,151,3319,3011,8684,6340,8439,5781,7364,7760,5016,5573,1748,2169,1118,1573,303,887,2823,2541,7655,5595,7652,5227,6747,7059,4616,5156,1630,2041,1051,1481,266,822,44802,39569,7283,6607,9041,7698,9647,35,35
2021-09-06T23:59:59+02:00,151,151,3299,3003,8654,6321,8416,5770,7347,7737,5008,5560,1744,2161,1116,1573,303,887,2804,2531,7629,5581,7628,5217,6731,7033,4609,5142,1624,2039,1051,1481,266,822,44682,39463,7281,6604,9040,7697,9583,35,35
2021-09-05T23:59:59+02:00,151,151,3286,2999,8646,6313,8405,5761,7345,7727,5001,5552,1742,2160,1116,1573,303,886,2793,2529,7614,5569,7617,5203,6724,7027,4599,5136,1621,2038,1051,1480,266,822,44638,39410,7279,6595,9039,7696,9546,35,35
2021-09-04T23:59:59+02:00,151,150,3282,2998,8644,6307,8399,5761,7342,7726,5001,5551,1741,2160,1116,1573,303,886,2790,2526,7610,5561,7611,5203,6719,7025,4598,5135,1618,2037,1050,1480,266,822,44625,39390,7279,6592,9039,7694,9533,35,35
2021-09-03T23:59:59+02:00,149,149,3268,2980,8611,6299,8380,5744,7324,7711,4989,5536,1739,2158,1116,1571,303,884,2772,2512,7581,5547,7590,5185,6700,7003,4585,5115,1615,2036,1050,1478,266,820,44545,39305,7270,6569,9039,7693,9441,35,35
2021-09-02T23:59:59+02:00,149,147,3247,2964,8563,6276,8339,5726,7303,7686,4977,5518,1734,2154,1114,1570,302,883,2755,2499,7533,5528,7556,5168,6675,6977,4576,5094,1611,2032,1048,1476,266,817,44420,39197,7262,6559,9037,7690,9315,35,35
2021-09-01T23:59:59+02:00,147,147,3231,2955,8524,6262,8312,5714,7283,7671,4967,5511,1733,2151,1113,1567,302,883,2740,2491,7487,5506,7523,5151,6647,6955,4566,5081,1608,2030,1047,1473,266,817,44314,39055,7251,6538,9037,7688,9251,35,35
2021-08-31T23:59:59+02:00,145,147,3215,2947,8481,6241,8291,5703,7266,7650,4961,5502,1730,2149,1112,1566,301,882,2725,2480,7443,5486,7501,5133,6624,6927,4554,5062,1604,2028,1046,1473,265,817,44218,38940,7246,6529,9037,7675,9165,35,35
2021-08-30T23:59:59+02:00,144,147,3190,2929,8442,6215,8247,5680,7230,7621,4949,5488,1726,2147,1111,1566,301,882,2695,2466,7398,5463,7464,5114,6592,6907,4544,5045,1600,2026,1045,1473,265,816,44065,38814,7245,6519,9036,7674,9045,35,35
2021-08-29T23:59:59+02:00,143,147,3178,2914,8418,6208,8228,5671,7222,7611,4941,5479,1725,2144,1111,1566,300,882,2672,2446,7366,5454,7445,5097,6579,6893,4533,5040,1598,2025,1044,1472,264,816,43998,38714,7240,6508,9036,7669,8987,35,35
2021-08-28T23:59:59+02:00,142,147,3174,2914,8416,6205,8223,5670,7216,7609,4941,5478,1725,2143,1111,1566,300,882,2667,2442,7361,5449,7439,5095,6574,6889,4530,5039,1598,2025,1044,1472,264,816,43989,38690,7240,6508,9036,7669,8970,35,35
2021-08-27T23:59:59+02:00,140,147,3164,2911,8398,6195,8201,5662,7197,7599,4929,5470,1725,2143,1111,1565,300,882,2654,2438,7343,5441,7418,5082,6559,6881,4520,5031,1598,2025,1043,1470,264,816,43927,38629,7239,6507,9036,7668,8908,35,35
2021-08-26T23:59:59+02:00,140,146,3140,2899,8361,6174,8168,5650,7174,7576,4916,5459,1723,2140,1111,1564,300,881,2631,2417,7305,5413,7370,5054,6525,6854,4496,5016,1593,2019,1043,1469,264,816,43798,38447,7233,6488,9036,7648,8821,35,35
2021-08-25T23:59:59+02:00,136,144,3119,2890,8324,6157,8134,5636,7149,7552,4904,5438,1721,2137,1111,1562,300,881,2596,2399,7253,5374,7321,5019,6488,6815,4479,4990,1592,2014,1042,1468,264,816,43689,38214,7229,6480,9036,7641,8707,35,35
2021-08-24T23:59:59+02:00,136,143,3114,2881,8305,6142,8116,5619,7133,7530,4894,5427,1718,2136,1110,1560,300,879,2576,2381,7221,5345,7289,4997,6462,6788,4463,4972,1592,2012,1041,1468,264,815,43616,38055,7225,6471,9036,7637,8632,35,35
2021-08-23T23:59:59+02:00,135,137,3090,2863,8259,6120,8074,5600,7104,7502,4880,5414,1718,2135,1108,1559,300,878,2549,2362,7175,5308,7249,4980,6428,6757,4448,4956,1588,2012,1041,1467,263,815,43484,37902,7215,6459,9033,7631,8507,35,35
2021-08-22T23:59:59+02:00,135,137,3079,2854,8243,6103,8059,5593,7086,7491,4874,5408,1717,2134,1107,1559,300,878,2535,2347,7145,5286,7225,4967,6409,6738,4444,4947,1585,2007,1040,1467,262,814,43414,37775,7208,6449,9033,7628,8463,35,35
2021-08-21T23:59:59+02:00,134,137,3070,2851,8233,6095,8048,5591,7081,7486,4872,5402,1716,2134,1107,1558,300,878,2526,2339,7128,5273,7205,4957,6397,6731,4436,4940,1584,2005,1039,1467,262,814,43369,37700,7205,6422,9033,7626,8446,35,35
2021-08-20T23:59:59+02:00,133,136,3060,2843,8208,6081,8019,5572,7063,7466,4860,5390,1714,2132,1107,1557,300,876,2497,2327,7084,5241,7171,4928,6362,6695,4420,4920,1578,2001,1038,1464,262,812,43304,37536,7196,6386,9032,7617,8343,35,35
2021-08-19T23:59:59+02:00,132,134,3042,2831,8166,6057,7980,5553,7043,7439,4847,5374,1708,2129,1106,1555,300,875,2454,2309,7004,5191,7112,4892,6315,6637,4390,4889,1574,1997,1038,1463,262,812,43180,37214,7184,6356,9030,7606,8230,35,35
2021-08-18T23:59:59+02:00,131,132,3028,2824,8143,6041,7951,5540,7011,7422,4835,5366,1703,2127,1106,1555,299,874,2428,2292,6941,5159,7057,4859,6273,6606,4367,4866,1569,1993,1036,1462,262,811,43074,36986,7180,6304,9030,7598,8156,35,35
2021-08-17T23:59:59+02:00,131,132,3011,2814,8120,6015,7924,5527,6998,7401,4824,5355,1700,2125,1105,1554,298,874,2401,2274,6884,5113,7014,4826,6247,6566,4349,4847,1561,1988,1035,1458,261,811,42957,36725,7174,6270,9029,7592,8098,35,35
2021-08-16T23:59:59+02:00,129,131,3001,2804,8099,5999,7904,5521,6986,7386,4811,5342,1699,2124,1104,1554,298,874,2371,2247,6812,5073,6947,4792,6200,6524,4318,4820,1559,1986,1032,1457,261,811,42870,36366,7169,6256,9029,7580,8047,35,35
2021-08-15T23:59:59+02:00,129,130,2993,2793,8073,5989,7888,5510,6968,7373,4806,5334,1697,2121,1104,1553,298,874,2341,2211,6755,5043,6910,4766,6162,6496,4306,4808,1555,1980,1031,1455,261,811,42784,36098,7163,6235,9028,7576,8007,35,35
2021-08-14T23:59:59+02:00,128,130,2987,2787,8062,5985,7879,5509,6967,7371,4802,5332,1695,2120,1104,1552,298,874,2332,2203,6730,5032,6897,4756,6154,6483,4287,4799,1552,1977,1031,1453,261,810,42764,36004,7162,6224,9028,7575,7977,35,35
2021-08-13T23:59:59+02:00,127,129,2973,2784,8042,5976,7870,5497,6953,7361,4794,5325,1695,2116,1103,1551,298,874,2296,2181,6683,5003,6859,4729,6114,6456,4276,4785,1551,1973,1030,1453,261,810,42703,35771,7161,6210,9028,7574,7924,35,35
2021-08-12T23:59:59+02:00,125,124,2955,2776,8010,5956,7840,5479,6931,7338,4781,5311,1693,2114,1100,1550,298,874,2260,2148,6596,4956,6807,4692,6068,6407,4250,4755,1548,1970,1027,1452,261,810,42602,35466,7155,6183,9027,7553,7817,35,35
2021-08-11T23:59:59+02:00,123,121,2940,2762,7971,5931,7820,5469,6910,7318,4771,5297,1691,2112,1100,1549,297,874,2234,2118,6516,4902,6732,4652,6011,6345,4229,4716,1543,1962,1027,1450,261,808,42483,35056,7144,6152,9022,7546,7753,35,35
2021-08-10T23:59:59+02:00,123,120,2922,2752,7940,5918,7794,5450,6882,7302,4753,5289,1688,2112,1100,1547,297,873,2163,2065,6404,4845,6646,4584,5922,6279,4182,4692,1534,1954,1025,1448,261,807,42378,34468,7134,6129,9020,7532,7675,35,35
2021-08-09T23:59:59+02:00,120,120,2904,2745,7910,5898,7772,5440,6858,7283,4744,5278,1687,2111,1100,1547,297,872,2102,2008,6305,4774,6551,4543,5852,6224,4155,4659,1528,1944,1024,1447,261,807,42297,33995,7128,6079,9020,7510,7585,35,35
2021-08-08T23:59:59+02:00,120,119,2890,2739,7895,5889,7757,5429,6849,7275,4738,5274,1684,2111,1100,1547,297,872,2076,1983,6246,4738,6510,4517,5814,6202,4142,4642,1518,1940,1023,1445,261,807,42245,33766,7126,6036,9017,7502,7541,35,35
2021-08-07T23:59:59+02:00,119,118,2884,2732,7876,5876,7743,5422,6843,7265,4733,5269,1682,2111,1099,1547,297,872,2045,1962,6170,4691,6455,4484,5782,6165,4125,4628,1514,1939,1023,1442,261,807,42189,33461,7121,6008,9017,7492,7505,35,35
2021-08-06T23:59:59+02:00,119,117,2873,2724,7848,5865,7713,5400,6823,7244,4722,5255,1677,2109,1099,1546,297,872,2009,1928,6074,4619,6382,4449,5742,6127,4105,4607,1511,1936,1022,1439,261,807,42127,33125,7104,5980,9017,7477,7399,35,35
2021-08-05T23:59:59+02:00,118,116,2848,2708,7823,5846,7676,5381,6801,7223,4703,5231,1673,2106,1097,1542,297,871,1968,1880,5946,4514,6273,4390,5673,6063,4068,4565,1504,1928,1019,1437,261,807,42000,32643,7096,5893,9016,7420,7290,35,35
2021-08-04T23:59:59+02:00,115,112,2805,2688,7756,5815,7639,5356,6773,7190,4685,5216,1669,2102,1095,1541,297,871,1907,1848,5827,4448,6151,4337,5606,5997,4040,4527,1494,1923,1015,1434,261,806,41794,32160,7083,5845,9016,7387,7166,35,35
2021-08-03T23:59:59+02:00,113,111,2790,2670,7730,5803,7603,5341,6751,7165,4673,5202,1665,2101,1094,1538,297,871,1874,1818,5734,4386,6045,4287,5538,5939,4000,4486,1489,1916,1014,1432,261,806,41662,31693,7078,5802,9015,7363,7096,35,35
2021-08-02T23:59:59+02:00,113,111,2767,2647,7699,5781,7579,5330,6731,7150,4657,5192,1663,2097,1093,1538,296,871,1852,1784,5614,4296,5934,4227,5471,5887,3955,4453,1484,1903,1013,1429,260,805,41531,31143,7071,5766,9015,7345,7030,35,35
2021-08-01T23:59:59+02:00,113,110,2752,2632,7670,5760,7566,5314,6719,7142,4652,5185,1662,2096,1091,1538,296,871,1832,1765,5539,4252,5874,4184,5427,5865,3940,4433,1482,1900,1011,1426,260,805,41442,30858,7059,5738,9015,7324,6983,35,35
2021-07-31T23:59:59+02:00,111,109,2744,2625,7656,5753,7558,5310,6713,7133,4651,5184,1661,2096,1091,1538,296,871,1796,1726,5441,4188,5809,4140,5375,5827,3914,4409,1478,1897,1011,1425,260,805,41404,30388,7057,5727,9015,7320,6954,35,35
2021-07-30T23:59:59+02:00,109,107,2734,2617,7632,5737,7546,5293,6696,7119,4644,5176,1660,2095,1091,1537,296,871,1774,1704,5361,4151,5747,4088,5318,5780,3888,4390,1474,1895,1010,1422,260,805,41327,30036,7045,5702,9015,7309,6900,35,35
2021-07-29T23:59:59+02:00,107,105,2700,2601,7582,5696,7506,5251,6668,7080,4619,5156,1659,2090,1089,1536,296,871,1736,1676,5243,4054,5618,4016,5230,5695,3840,4339,1467,1886,1007,1420,259,805,41128,29476,7031,5649,9009,7270,6765,35,35
2021-07-28T23:59:59+02:00,105,103,2682,2587,7552,5669,7480,5225,6645,7058,4605,5143,1655,2088,1088,1534,295,870,1699,1632,5148,3986,5502,3949,5143,5623,3803,4307,1455,1879,1005,1418,259,804,40957,28925,7021,5592,9005,7232,6722,35,35
2021-07-27T23:59:59+02:00,101,101,2666,2568,7515,5654,7449,5207,6627,7040,4594,5131,1655,2087,1088,1533,294,870,1655,1604,5015,3908,5378,3868,5052,5555,3764,4255,1448,1868,1004,1415,258,804,40845,28351,7005,5511,9004,7189,6647,35,35
2021-07-26T23:59:59+02:00,100,99,2644,2555,7481,5630,7417,5189,6604,7020,4588,5120,1653,2087,1086,1533,294,870,1612,1551,4879,3840,5276,3802,4978,5487,3703,4221,1445,1855,1003,1410,258,803,40708,27784,6984,5442,9001,7141,6593,35,35
2021-07-25T23:59:59+02:00,94,97,2629,2541,7445,5610,7391,5181,6585,7002,4579,5116,1651,2084,1085,1531,294,869,1589,1526,4820,3793,5218,3771,4930,5452,3671,4197,1441,1851,1002,1410,258,803,40576,27500,6976,5410,8999,7108,6544,35,35
2021-07-24T23:59:59+02:00,94,95,2616,2533,7418,5600,7367,5165,6573,6989,4569,5112,1650,2081,1085,1531,294,869,1570,1506,4774,3774,5147,3724,4888,5428,3651,4189,1440,1849,1001,1408,258,802,40503,27308,6955,5323,8998,7108,6494,35,35
2021-07-23T23:59:59+02:00,92,93,2592,2512,7371,5579,7344,5141,6537,6965,4549,5101,1648,2077,1083,1531,294,869,1512,1477,4636,3670,5017,3654,4815,5358,3599,4159,1438,1840,1000,1403,257,802,40338,26662,6948,5296,8996,7087,6400,35,35
2021-07-22T23:59:59+02:00,92,90,2561,2486,7297,5535,7293,5104,6491,6917,4514,5077,1642,2070,1082,1530,294,867,1458,1438,4472,3596,4865,3573,4663,5278,3518,4105,1425,1831,995,1401,257,801,40040,26010,6925,5157,8985,7020,6288,35,35
2021-07-21T23:59:59+02:00,91,87,2534,2470,7234,5504,7242,5064,6433,6876,4494,5054,1635,2064,1082,1527,294,865,1422,1395,4351,3514,4732,3509,4561,5173,3448,4063,1414,1819,993,1400,257,799,39796,25540,6885,4953,8980,6960,6180,35,35
2021-07-20T23:59:59+02:00,91,87,2514,2449,7183,5471,7206,5036,6396,6837,4468,5036,1631,2060,1082,1526,294,865,1389,1364,4235,3448,4645,3456,4462,5094,3395,4032,1409,1810,992,1399,257,798,39560,25061,6876,4879,8978,6907,6105,35,35
2021-07-19T23:59:59+02:00,90,87,2493,2426,7131,5435,7161,5016,6353,6805,4449,5020,1625,2055,1081,1523,294,864,1367,1338,4162,3401,4560,3423,4387,5033,3359,4005,1403,1804,988,1396,255,797,39287,24749,6865,4757,8976,6867,6063,35,35
2021-07-18T23:59:59+02:00,90,85,2466,2401,7070,5401,7127,4988,6317,6768,4432,5010,1618,2050,1080,1523,293,863,1349,1314,4115,3361,4522,3394,4340,5011,3325,3992,1397,1795,987,1396,255,795,39011,24551,6850,4679,8970,6841,6031,35,34
2021-07-17T23:59:59+02:00,87,83,2454,2387,7051,5388,7109,4972,6298,6754,4411,4999,1614,2049,1080,1522,293,861,1337,1301,4080,3330,4471,3372,4299,4981,3296,3980,1391,1792,987,1394,255,795,38906,24384,6841,4624,8969,6832,5974,35,34
2021-07-16T23:59:59+02:00,87,80,2418,2366,6993,5354,7050,4934,6255,6711,4384,4971,1608,2043,1079,1521,293,861,1294,1276,3984,3276,4379,3331,4218,4926,3234,3933,1378,1783,982,1392,255,794,38728,24039,6818,4594,8961,6767,5773,35,34
2021-07-15T23:59:59+02:00,85,76,2375,2338,6924,5318,6993,4896,6209,6658,4366,4945,1605,2038,1077,1518,291,861,1242,1244,3789,3168,4192,3230,4074,4830,3169,3867,1370,1775,978,1388,253,794,38411,23355,6801,4356,8955,6704,5672,35,34
2021-07-14T23:59:59+02:00,84,73,2340,2322,6860,5289,6923,4862,6155,6612,4344,4922,1597,2032,1075,1516,291,861,1197,1203,3667,3079,4088,3163,3964,4765,3122,3824,1358,1765,977,1385,253,794,38108,22854,6782,4254,8953,6633,5576,35,34
2021-07-13T23:59:59+02:00,80,70,2306,2295,6807,5260,6859,4824,6114,6563,4322,4905,1587,2027,1073,1516,291,861,1165,1164,3561,2991,3964,3093,3876,4675,3070,3765,1330,1758,974,1380,251,792,37790,22356,6775,4120,8950,6533,5502,34,34
2021-07-12T23:59:59+02:00,75,70,2281,2272,6743,5219,6792,4782,6064,6522,4295,4880,1582,2024,1070,1516,291,861,1134,1142,3454,2906,3851,3025,3774,4597,3018,3720,1317,1749,969,1372,251,792,37464,21903,6761,3991,8947,6449,5418,34,33
2021-07-11T23:59:59+02:00,69,68,2268,2260,6711,5195,6764,4760,6036,6504,4285,4872,1579,2019,1068,1516,290,861,1122,1125,3408,2862,3793,2989,3721,4569,2996,3706,1307,1736,966,1368,251,792,37355,21717,6741,3954,8943,6389,5336,34,33
2021-07-10T23:59:59+02:00,68,67,2243,2228,6634,5155,6700,4723,5988,6468,4261,4861,1576,2016,1068,1513,290,860,1103,1105,3353,2822,3745,2960,3684,4539,2979,3694,1301,1729,966,1366,251,792,37111,21536,6717,3953,8929,6374,5205,34,33
2021-07-09T23:59:59+02:00,67,64,2216,2208,6568,5122,6656,4701,5941,6436,4243,4839,1574,2010,1068,1512,290,860,1079,1088,3304,2774,3694,2920,3635,4502,2952,3666,1298,1713,964,1365,251,792,36891,21307,6690,3920,8918,6320,5112,34,33
2021-07-08T23:59:59+02:00,62,61,2168,2167,6481,5055,6560,4650,5876,6371,4206,4805,1567,2001,1066,1508,290,860,1006,1038,3137,2684,3500,2841,3458,4408,2881,3604,1283,1698,961,1356,250,791,36570,20811,6617,3630,8887,6184,4910,34,33
2021-07-07T23:59:59+02:00,62,60,2096,2121,6374,4982,6456,4599,5804,6315,4175,4757,1561,1992,1063,1503,290,860,951,1003,2987,2600,3325,2757,3300,4304,2826,3540,1268,1668,952,1347,250,788,36092,20245,6578,3389,8866,6102,4755,34,33
2021-07-06T23:59:59+02:00,59,60,2049,2084,6267,4932,6366,4553,5751,6248,4135,4722,1554,1987,1060,1498,290,860,914,963,2872,2496,3237,2698,3228,4214,2774,3483,1242,1637,948,1339,250,788,35648,19741,6530,3275,8850,6019,4659,34,33
2021-07-05T23:59:59+02:00,56,60,1985,2044,6136,4863,6251,4515,5682,6192,4096,4685,1549,1980,1058,1496,290,858,872,927,2768,2425,3154,2652,3153,4147,2730,3429,1221,1620,942,1329,250,784,35165,19355,6489,3199,8826,5935,4518,34,32
2021-07-04T23:59:59+02:00,56,59,1943,2003,6055,4824,6213,4486,5640,6171,4079,4663,1546,1978,1058,1494,290,857,832,902,2706,2379,3117,2627,3121,4112,2709,3408,1207,1601,940,1328,249,784,34956,19210,6451,3142,8803,5862,4404,34,32
2021-07-03T23:59:59+02:00,53,47,1846,1925,5839,4661,6061,4401,5556,6084,4032,4630,1544,1974,1057,1490,290,857,794,874,2638,2331,3062,2599,3082,4065,2679,3377,1202,1596,939,1324,249,782,34129,19020,6417,3139,8795,5837,4191,34,32
2021-07-02T23:59:59+02:00,45,41,1811,1891,5766,4620,6017,4373,5536,6058,4017,4612,1543,1968,1055,1489,289,857,773,848,2566,2279,2993,2554,3037,4014,2648,3340,1183,1579,935,1318,249,780,33861,18707,6383,3110,8790,5736,4132,34,32
2021-07-01T23:59:59+02:00,41,34,1763,1855,5662,4548,5936,4322,5457,5991,3989,4582,1540,1962,1054,1488,289,856,700,803,2375,2200,2806,2463,2854,3896,2548,3249,1160,1555,924,1303,249,778,33446,17910,6335,2900,8775,5634,3988,34,32
2021-06-30T23:59:59+02:00,41,32,1713,1803,5544,4468,5836,4273,5397,5944,3975,4558,1536,1954,1052,1485,289,856,665,768,2267,2127,2691,2408,2745,3805,2482,3172,1136,1528,916,1293,248,777,33017,17436,6276,2777,8760,5499,3869,34,32
2021-06-29T23:59:59+02:00,39,30,1653,1723,5434,4387,5737,4214,5346,5885,3946,4528,1528,1949,1051,1484,289,855,634,718,2184,2047,2616,2344,2643,3690,2425,3121,1123,1495,903,1283,248,774,32485,16944,6242,2707,8752,5382,3753,34,32
2021-06-28T23:59:59+02:00,38,29,1619,1668,5316,4325,5672,4163,5298,5844,3917,4503,1525,1940,1050,1482,289,855,622,694,2085,1979,2540,2285,2572,3607,2374,3074,1109,1477,896,1277,248,772,32074,16615,6181,2564,8742,5283,3677,34,32
2021-06-27T23:59:59+02:00,38,28,1590,1640,5265,4287,5629,4132,5252,5830,3905,4491,1522,1936,1050,1481,289,855,606,679,2034,1938,2498,2261,2527,3570,2343,3055,1102,1466,895,1268,248,772,31886,16468,6149,2510,8719,5201,3607,34,32
2021-06-26T23:59:59+02:00,31,24,1562,1614,5195,4240,5538,4091,5211,5797,3886,4476,1522,1934,1050,1479,289,855,599,668,2001,1911,2463,2240,2508,3547,2320,3037,1084,1456,894,1266,248,772,31531,16240,6068,2505,8719,5183,3607,34,32
2021-06-25T23:59:59+02:00,25,18,1524,1576,5092,4167,5482,4063,5175,5773,3862,4466,1519,1932,1048,1478,288,855,591,645,1949,1884,2397,2171,2409,3415,2278,2935,1073,1434,891,1262,247,771,31109,15774,6039,2478,8718,5003,3605,34,32
2021-06-24T23:59:59+02:00,19,15,1474,1524,4910,4057,5351,4008,5074,5730,3822,4439,1515,1928,1048,1477,287,855,556,624,1845,1811,2223,2099,2243,3333,2174,2842,1041,1412,883,1256,246,768,30469,15264,5980,2165,8708,4921,3496,34,32
2021-06-23T23:59:59+02:00,18,15,1441,1480,4825,4002,5271,3953,5025,5685,3800,4404,1506,1922,1045,1474,286,855,525,603,1773,1748,2112,2046,2126,3243,2072,2754,1017,1390,879,1248,244,767,30030,14699,5928,2086,8704,4779,3461,34,32
2021-06-22T23:59:59+02:00,18,15,1413,1462,4752,3938,5186,3905,4980,5639,3774,4381,1501,1916,1044,1472,286,855,509,583,1710,1702,2024,1993,2041,3135,1972,2666,1003,1368,869,1236,244,762,29618,14277,5885,1962,8699,4609,3435,34,31
2021-06-21T23:59:59+02:00,17,15,1384,1422,4634,3848,5105,3861,4912,5579,3744,4360,1498,1903,1042,1467,285,853,493,567,1671,1659,1988,1951,1991,3053,1908,2582,983,1338,847,1216,244,759,29078,13977,5845,1865,8697,4469,3398,34,31
2021-06-20T23:59:59+02:00,16,13,1357,1389,4560,3780,5054,3842,4877,5558,3721,4348,1495,1902,1041,1467,284,853,477,550,1641,1630,1963,1927,1960,3026,1868,2545,975,1323,845,1210,244,758,28782,13798,5809,1827,8684,4407,3364,34,30
2021-06-19T23:59:59+02:00,15,13,1345,1370,4518,3747,5029,3817,4847,5534,3704,4335,1490,1900,1041,1466,283,853,472,546,1622,1609,1944,1901,1945,3002,1843,2509,967,1316,841,1209,242,757,28601,13626,5746,1796,8684,4400,3350,34,30
2021-06-18T23:59:59+02:00,10,9,1323,1353,4446,3705,4979,3774,4796,5497,3679,4323,1487,1897,1039,1464,283,853,456,537,1602,1593,1916,1870,1899,2955,1794,2456,954,1301,839,1205,241,755,28268,13324,5699,1793,8683,4354,3338,34,30
2021-06-17T23:59:59+02:00,7,8,1284,1316,4282,3628,4793,3694,4625,5410,3624,4278,1481,1894,1039,1463,282,853,417,516,1501,1560,1738,1809,1740,2859,1694,2376,933,1283,828,1194,239,753,27658,12856,5646,1688,8676,4271,3048,32,30
2021-06-16T23:59:59+02:00,7,7,1255,1285,4178,3544,4696,3640,4523,5348,3579,4251,1475,1890,1038,1459,282,852,400,494,1438,1522,1678,1776,1658,2772,1635,2300,917,1257,818,1179,239,750,27171,12439,5535,1617,8664,4196,2997,32,30
2021-06-15T23:59:59+02:00,7,7,1220,1252,4041,3461,4625,3581,4446,5277,3536,4219,1465,1883,1033,1457,282,851,387,474,1384,1471,1628,1732,1592,2717,1567,2231,900,1229,813,1168,238,749,26617,12110,5498,1533,8649,4126,2920,32,30
2021-06-14T23:59:59+02:00,7,5,1191,1215,3950,3406,4541,3527,4363,5206,3482,4188,1461,1874,1032,1452,280,849,378,463,1338,1437,1577,1697,1541,2655,1511,2179,890,1206,809,1161,237,747,26146,11858,5404,1463,8645,4041,2866,31,30
2021-06-13T23:59:59+02:00,7,5,1175,1199,3903,3365,4493,3485,4313,5163,3461,4172,1460,1868,1032,1451,280,848,371,455,1305,1419,1540,1672,1502,2618,1477,2140,872,1186,806,1151,237,745,25891,11677,5368,1440,8639,3967,2808,31,30
2021-06-12T23:59:59+02:00,7,4,1160,1171,3874,3344,4463,3462,4296,5147,3446,4162,1458,1865,1031,1450,280,847,366,454,1293,1400,1518,1648,1482,2597,1452,2121,864,1176,796,1148,237,744,25700,11540,5357,1440,8637,3908,2796,31,29
2021-06-11T23:59:59+02:00,6,4,1143,1157,3835,3297,4392,3435,4256,5108,3416,4150,1457,1863,1030,1447,280,846,356,440,1272,1360,1490,1628,1440,2555,1406,2080,854,1162,793,1142,237,743,25397,11300,5328,1432,8633,3830,2779,31,29
2021-06-10T23:59:59+02:00,6,3,1077,1104,3712,3215,4255,3353,4158,5042,3362,4113,1452,1856,1028,1446,280,846,335,424,1208,1320,1423,1570,1375,2485,1321,1981,827,1130,789,1132,236,740,24791,10879,5189,1419,8614,3668,2704,31,28
2021-06-09T23:59:59+02:00,6,1,1028,1067,3567,3109,4117,3292,4068,4966,3315,4070,1448,1850,1026,1443,280,846,317,404,1147,1277,1359,1535,1318,2406,1241,1914,801,1077,782,1118,235,738,24294,10579,5006,1359,8606,3529,2567,31,28
2021-06-08T23:59:59+02:00,5,1,975,1030,3431,3015,3996,3212,3961,4884,3265,4040,1441,1846,1024,1440,279,844,302,384,1101,1238,1303,1502,1262,2350,1195,1842,782,1042,771,1102,231,735,23731,10344,4864,1309,8595,3391,2454,31,27
2021-06-07T23:59:59+02:00,4,1,948,1003,3321,2934,3859,3180,3838,4816,3212,4014,1426,1841,1023,1438,279,843,296,378,1058,1198,1246,1482,1214,2299,1127,1788,769,1024,758,1086,230,731,23336,10177,4681,1273,8588,3264,2317,31,27
2021-06-06T23:59:59+02:00,4,1,925,992,3261,2900,3780,3133,3770,4788,3181,3998,1424,1835,1020,1437,278,843,288,367,1044,1171,1217,1454,1192,2242,1100,1728,756,1009,751,1078,230,728,23124,10068,4547,1219,8577,3154,2254,31,27
2021-06-05T23:59:59+02:00,4,1,914,974,3193,2840,3725,3104,3735,4764,3171,3994,1423,1833,1020,1437,278,842,282,357,1026,1151,1198,1439,1169,2215,1068,1708,743,986,749,1075,230,728,22846,9910,4541,1215,8573,3113,2218,31,26
2021-06-04T23:59:59+02:00,2,1,887,955,3147,2787,3652,3067,3672,4711,3145,3974,1419,1829,1018,1437,278,842,271,350,1004,1122,1177,1425,1146,2179,1040,1680,728,966,743,1070,230,726,22530,9779,4495,1210,8569,3054,2143,31,26
2021-06-03T23:59:59+02:00,2,1,843,920,2988,2694,3469,2963,3497,4597,3053,3899,1410,1819,1014,1432,278,842,260,340,973,1082,1123,1373,1082,2097,978,1622,690,928,735,1057,230,725,21844,9566,4256,1192,8552,2892,1963,31,26
2021-06-02T23:59:59+02:00,2,1,818,909,2921,2630,3415,2923,3438,4539,3012,3873,1408,1814,1014,1431,278,842,247,332,949,1061,1085,1356,1042,2058,929,1577,678,897,732,1052,230,724,21492,9357,4237,1178,8552,2856,1868,31,26
2021-06-01T23:59:59+02:00,2,1,771,876,2768,2517,3236,2830,3271,4436,2953,3812,1397,1808,1011,1426,278,842,236,318,869,1003,998,1300,960,1953,880,1500,649,844,726,1043,230,718,20883,9076,4027,1143,8541,2663,1640,31,26
2021-05-31T23:59:59+02:00,2,1,734,850,2644,2429,3098,2735,3165,4349,2900,3760,1392,1796,1010,1422,278,841,223,302,831,961,932,1251,916,1879,840,1441,630,820,720,1038,228,715,20477,8906,3794,1127,8522,2528,1453,31,26
2021-05-30T23:59:59+02:00,2,1,724,838,2587,2384,3036,2699,3117,4311,2883,3739,1388,1791,1010,1421,278,840,213,285,790,920,883,1212,879,1820,818,1387,616,804,716,1029,228,714,20333,8809,3732,1119,8510,2359,1307,31,26
2021-05-29T23:59:59+02:00,2,1,722,836,2568,2368,3013,2687,3098,4295,2875,3730,1387,1790,1010,1421,278,840,209,274,784,907,863,1185,863,1774,804,1355,603,785,714,1024,227,714,20209,8718,3730,1118,8507,2221,1306,31,26
2021-05-28T23:59:59+02:00,2,1,714,824,2530,2327,2968,2660,3075,4272,2865,3715,1387,1787,1008,1416,278,840,205,265,772,890,852,1161,848,1733,773,1315,586,757,710,1016,226,712,19962,8543,3721,1114,8505,2135,1302,31,26
2021-05-27T23:59:59+02:00,2,1,668,801,2403,2267,2835,2590,2932,4197,2781,3666,1378,1776,1007,1414,277,838,190,249,709,837,770,1106,763,1641,709,1233,563,725,701,1000,225,710,19475,8341,3588,1076,8473,1877,1101,31,25
2021-05-26T23:59:59+02:00,2,1,634,768,2293,2196,2673,2525,2808,4133,2730,3616,1368,1765,1005,1407,275,833,181,228,667,797,724,1072,721,1573,670,1175,548,699,686,966,224,707,19059,8123,3343,1066,8446,1739,971,31,25
2021-05-25T23:59:59+02:00,2,1,612,750,2201,2134,2573,2482,2710,4053,2683,3580,1357,1757,1002,1403,275,831,172,215,644,768,690,1037,684,1515,622,1115,531,681,668,939,223,705,18695,7917,3165,1031,8404,1604,918,30,22
2021-05-24T23:59:59+02:00,2,1,597,728,2143,2092,2498,2451,2643,3999,2627,3539,1344,1749,996,1402,275,830,167,207,622,750,663,1005,651,1459,596,1063,514,667,661,935,223,705,18511,7828,2983,1020,8371,1483,818,30,21
2021-05-23T23:59:59+02:00,2,1,593,727,2125,2078,2485,2437,2633,3985,2616,3526,1341,1747,996,1400,275,830,166,206,617,742,655,999,637,1446,589,1056,511,660,657,929,222,702,18393,7752,2980,1015,8371,1472,817,30,20
2021-05-22T23:59:59+02:00,2,1,586,714,2100,2056,2449,2416,2613,3954,2585,3498,1333,1743,996,1398,275,829,164,199,608,739,650,989,625,1441,584,1050,501,652,652,916,222,702,18150,7692,2979,1015,8369,1438,808,30,20
2021-05-21T23:59:59+02:00,2,1,573,698,2012,2019,2363,2363,2545,3907,2546,3453,1326,1730,994,1396,275,828,164,196,602,730,640,980,613,1429,569,1030,490,627,645,910,222,700,17667,7610,2952,1014,8351,1377,805,30,20
2021-05-20T23:59:59+02:00,2,1,541,677,1886,1948,2232,2285,2417,3809,2467,3371,1311,1714,992,1391,275,826,155,185,569,692,608,941,583,1371,544,968,466,598,639,901,222,699,17025,7490,2828,1003,8277,1164,736,30,20
2021-05-19T23:59:59+02:00,2,1,505,642,1774,1864,2084,2212,2277,3711,2365,3276,1294,1695,985,1388,273,826,141,178,544,668,575,905,552,1319,518,908,452,578,629,878,221,697,16263,7342,2759,987,8235,1063,616,30,20
2021-05-18T23:59:59+02:00,2,0,478,621,1697,1788,1983,2156,2168,3593,2274,3186,1283,1676,978,1381,273,822,134,169,520,639,552,873,536,1242,499,847,436,553,622,864,220,694,15756,7226,2594,949,8179,951,513,30,20
2021-05-17T23:59:59+02:00,2,0,458,607,1640,1753,1929,2105,2093,3482,2218,3111,1265,1656,971,1374,273,820,128,161,503,625,543,835,525,1181,485,794,419,524,620,856,220,692,15458,7155,2444,919,8113,852,418,30,19
2021-05-16T23:59:59+02:00,2,0,453,606,1614,1726,1892,2078,2054,3433,2165,3055,1251,1647,969,1370,273,819,124,159,494,605,532,819,512,1135,468,757,393,495,618,851,220,691,15287,7104,2376,891,8072,765,341,30,19
2021-05-15T23:59:59+02:00,2,0,448,601,1588,1708,1873,2058,2032,3409,2141,3019,1243,1646,968,1368,272,819,123,156,490,604,531,816,507,1131,462,748,390,493,615,849,220,691,15086,7074,2375,890,8064,754,336,28,19
2021-05-14T23:59:59+02:00,2,0,432,588,1558,1675,1830,2016,1953,3341,2098,2977,1235,1636,966,1368,270,819,121,151,485,588,512,791,487,1099,448,732,374,477,610,844,220,689,14724,7015,2335,874,8042,650,314,28,19
2021-05-13T23:59:59+02:00,1,0,408,568,1499,1623,1727,1964,1836,3256,2035,2886,1211,1619,959,1366,268,815,116,148,473,581,503,775,481,1085,435,720,358,453,600,819,220,685,14292,6938,2110,836,7986,615,285,28,19
2021-05-12T23:59:59+02:00,1,0,401,563,1479,1614,1712,1955,1811,3233,2020,2872,1209,1613,955,1364,268,815,116,146,470,581,502,769,478,1080,433,714,353,441,599,813,220,684,14163,6896,2086,827,7979,614,283,27,19
2021-05-11T23:59:59+02:00,1,0,382,544,1408,1577,1611,1914,1703,3141,1918,2801,1195,1589,950,1355,268,815,109,137,455,549,481,741,459,1048,405,693,334,413,590,807,220,684,13768,6801,1921,798,7868,520,221,27,19
2021-05-10T23:59:59+02:00,1,0,367,529,1363,1546,1556,1881,1631,3076,1860,2734,1188,1575,946,1349,268,812,109,134,449,544,472,720,451,1026,401,672,326,401,588,802,220,683,13497,6756,1838,791,7746,470,196,27,18
2021-05-09T23:59:59+02:00,1,0,361,518,1318,1521,1523,1861,1587,3040,1800,2694,1176,1563,944,1345,268,811,105,131,442,534,462,712,441,1016,392,661,316,390,583,798,220,682,13263,6721,1782,780,7697,419,176,27,17
2021-05-08T23:59:59+02:00,1,0,355,514,1305,1500,1494,1841,1565,3016,1770,2674,1169,1555,941,1344,267,811,104,131,441,534,460,711,440,1011,392,655,315,389,579,790,220,682,13058,6707,1776,774,7694,407,175,27,17
2021-05-07T23:59:59+02:00,1,0,344,507,1278,1472,1440,1822,1502,2957,1723,2625,1163,1547,940,1339,267,808,101,128,429,520,447,686,428,976,376,631,312,370,566,777,220,680,12792,6659,1747,751,7629,306,139,27,15
2021-05-06T23:59:59+02:00,1,0,321,494,1184,1429,1328,1766,1362,2847,1592,2531,1132,1516,939,1328,267,806,98,123,416,504,436,668,415,953,363,612,302,353,554,765,220,678,12307,6599,1561,734,7411,221,113,25,14
2021-05-05T23:59:59+02:00,1,0,307,479,1144,1398,1283,1726,1296,2779,1514,2452,1115,1493,933,1313,267,801,97,119,405,493,433,656,407,943,358,595,286,342,536,746,220,677,11893,6529,1498,715,7346,172,105,25,12
2021-05-04T23:59:59+02:00,1,0,298,469,1098,1367,1244,1700,1252,2733,1463,2393,1099,1463,928,1303,266,797,93,116,396,481,430,649,396,925,351,578,273,327,525,726,220,677,11575,6456,1437,688,7304,134,93,25,11
2021-05-03T23:59:59+02:00,1,0,292,462,1067,1343,1209,1682,1222,2699,1423,2354,1083,1437,922,1297,265,793,86,111,384,475,421,641,389,917,343,570,261,319,509,710,219,675,11335,6381,1414,681,7264,112,63,25,10
2021-05-02T23:59:59+02:00,1,0,287,461,1053,1329,1177,1665,1197,2681,1411,2332,1074,1423,920,1296,265,790,84,110,377,469,417,636,384,910,340,567,256,311,491,700,219,675,11207,6343,1399,664,7230,98,46,24,9
2021-05-01T23:59:59+02:00,1,0,283,456,1044,1321,1165,1652,1184,2670,1394,2315,1068,1418,917,1294,265,789,84,109,377,468,416,636,382,906,340,566,254,311,491,700,219,675,11077,6335,1398,664,7229,95,45,24,9
2021-04-30T23:59:59+02:00,1,0,279,447,1033,1297,1145,1633,1156,2611,1341,2262,1055,1403,912,1290,265,786,82,107,376,463,413,630,380,881,336,556,249,305,489,695,219,674,10788,6321,1393,655,7226,70,15,24,8
2021-04-29T23:59:59+02:00,1,0,264,434,980,1266,1106,1593,1109,2556,1250,2192,1013,1360,907,1281,264,784,82,104,371,461,409,625,372,869,327,547,241,296,478,685,218,670,10324,6263,1354,634,7165,47,14,23,8
2021-04-28T23:59:59+02:00,1,0,253,429,964,1248,1079,1579,1075,2515,1187,2139,982,1308,899,1279,264,782,78,102,365,458,405,616,369,861,323,534,227,281,468,674,218,669,10042,6200,1305,602,7113,33,13,23,8
2021-04-27T23:59:59+02:00,1,0,249,419,945,1232,1060,1567,1049,2492,1165,2112,958,1274,893,1275,264,779,76,99,360,454,403,611,367,857,319,529,224,273,458,655,217,668,9850,6152,1278,577,7078,27,13,19,8
2021-04-26T23:59:59+02:00,1,0,246,413,937,1223,1050,1552,1022,2475,1117,2064,939,1256,886,1268,263,778,76,99,356,448,403,608,363,854,318,524,219,265,448,646,217,668,9679,6119,1263,553,7013,25,13,19,8
2021-04-25T23:59:59+02:00,1,0,246,411,928,1210,1034,1545,1005,2458,1089,2036,917,1233,883,1261,263,778,75,98,355,441,400,607,361,850,317,524,218,260,443,638,217,667,9553,6103,1239,537,6966,17,13,19,7
2021-04-24T23:59:59+02:00,1,0,242,406,915,1198,1021,1530,992,2440,1061,2020,907,1210,880,1258,263,778,75,98,355,441,399,607,361,848,316,521,217,259,442,635,217,667,9392,6097,1239,529,6944,17,13,19,7
2021-04-23T23:59:59+02:00,1,0,240,396,903,1184,1013,1519,975,2423,1008,1977,887,1188,877,1251,263,775,74,96,355,441,399,606,360,846,313,519,213,253,439,630,217,667,9245,6078,1227,517,6852,17,13,19,7
2021-04-22T23:59:59+02:00,1,0,237,386,880,1161,989,1498,946,2382,965,1917,857,1150,869,1239,263,772,74,95,353,435,394,599,356,837,311,513,208,247,430,620,216,665,8984,6025,1178,502,6786,10,13,19,7
2021-04-21T23:59:59+02:00,1,0,232,381,858,1143,963,1483,911,2347,921,1871,825,1100,861,1225,263,768,73,93,351,434,392,596,352,832,307,505,207,242,421,605,215,662,8698,5977,1154,483,6730,10,13,19,7
2021-04-20T23:59:59+02:00,1,0,225,376,841,1117,945,1463,888,2298,881,1819,780,1037,849,1208,262,766,73,93,349,433,389,592,346,827,305,499,203,234,409,586,214,662,8425,5920,1086,468,6668,9,13,19,7
2021-04-19T23:59:59+02:00,1,0,222,366,825,1105,932,1443,873,2267,854,1785,754,1006,845,1201,261,763,72,92,348,430,383,587,343,817,301,489,203,229,399,569,212,657,8251,5861,1070,446,6603,7,12,18,7
2021-04-18T23:59:59+02:00,1,0,221,362,817,1095,920,1435,853,2247,836,1768,729,968,843,1195,260,760,71,90,345,430,383,587,342,814,301,486,202,225,393,566,212,657,8133,5842,1044,437,6545,7,12,18,7
2021-04-17T23:59:59+02:00,1,0,220,359,814,1092,913,1434,846,2243,832,1762,713,944,841,1189,260,760,71,87,343,426,381,587,339,810,300,482,200,220,387,559,212,656,8070,5800,1043,435,6521,7,12,18,7
2021-04-16T23:59:59+02:00,1,0,219,358,804,1087,900,1416,830,2221,802,1725,672,888,831,1179,259,757,67,85,341,419,378,585,331,797,294,469,188,204,384,550,209,653,7882,5732,1028,397,6447,6,12,17,6
2021-04-15T23:59:59+02:00,1,0,218,351,781,1070,882,1402,806,2175,762,1688,641,843,823,1160,259,753,65,84,338,412,373,580,324,791,287,466,180,198,368,529,207,648,7665,5654,1019,371,6334,5,12,16,6
2021-04-14T23:59:59+02:00,1,0,217,344,770,1061,874,1389,791,2140,746,1660,605,803,796,1113,259,749,62,80,333,409,369,575,322,782,279,458,171,182,353,506,205,643,7455,5564,1004,339,6259,5,12,14,6
2021-04-13T23:59:59+02:00,1,0,213,339,760,1056,864,1378,782,2116,719,1635,559,752,775,1079,258,745,60,78,326,404,360,571,315,775,274,453,168,178,340,493,204,640,7307,5505,957,309,6165,3,12,13,6
2021-04-12T23:59:59+02:00,1,0,211,338,756,1051,857,1365,756,2096,703,1618,530,725,764,1062,258,743,59,74,314,395,356,565,311,768,267,447,161,173,332,481,203,634,7217,5428,936,283,6077,3,12,11,6
2021-04-11T23:59:59+02:00,0,0,208,336,748,1041,850,1359,744,2080,694,1602,515,702,756,1039,257,740,58,72,309,393,353,563,309,765,266,442,156,166,325,478,201,632,7160,5384,917,273,5988,3,12,10,6
2021-04-10T23:59:59+02:00,0,0,208,334,748,1038,847,1357,736,2072,685,1595,509,688,750,1025,256,740,54,65,284,377,333,547,297,751,251,434,148,159,321,464,200,630,7109,5213,910,265,5961,3,11,10,6
2021-04-09T23:59:59+02:00,0,0,208,331,744,1035,835,1334,728,1990,669,1511,474,628,730,1005,253,736,45,62,271,365,317,535,281,737,240,421,140,154,299,443,196,621,6998,5024,887,257,5712,3,9,9,6
2021-04-08T23:59:59+02:00,0,0,206,328,739,1028,824,1325,714,1970,651,1492,430,570,703,982,251,733,43,60,263,350,303,524,267,723,225,405,130,138,284,426,194,604,6888,4843,848,246,5595,3,8,9,6
2021-04-07T23:59:59+02:00,0,0,201,324,729,1022,811,1310,698,1943,633,1459,393,528,673,943,248,729,40,57,244,337,293,517,260,709,217,393,115,128,266,406,189,595,6759,4674,815,237,5447,3,8,9,5
2021-04-06T23:59:59+02:00,0,0,198,322,721,1017,797,1294,679,1920,606,1434,373,492,649,912,247,727,38,56,243,333,289,515,250,705,212,388,110,123,258,386,185,585,6672,4604,788,217,5299,3,8,9,5
2021-04-05T23:59:59+02:00,0,0,198,321,718,1011,791,1283,671,1904,600,1419,356,471,632,889,247,726,38,55,243,329,288,510,246,699,208,387,110,119,244,367,182,579,6633,4546,777,202,5193,3,7,9,5
2021-04-04T23:59:59+02:00,0,0,197,318,715,1003,786,1272,662,1886,593,1400,346,460,629,885,247,726,37,54,243,329,287,510,246,699,207,387,108,119,237,355,179,577,6610,4516,773,201,5108,3,7,9,5
2021-04-03T23:59:59+02:00,0,0,197,318,713,1003,784,1270,661,1882,586,1398,338,454,626,878,247,725,37,54,243,329,287,510,246,698,207,385,108,119,236,353,179,575,6577,4508,773,201,5094,3,7,9,5
2021-04-02T23:59:59+02:00,0,0,197,316,713,1002,783,1267,657,1875,582,1389,329,445,616,868,247,724,37,53,240,329,285,508,244,690,202,380,106,118,230,334,178,562,6532,4439,768,198,5071,3,7,9,5
2021-04-01T23:59:59+02:00,0,0,194,313,708,988,771,1254,652,1855,566,1370,317,421,586,835,246,718,35,52,231,323,283,505,243,683,200,376,99,115,216,308,174,541,6445,4333,726,190,4979,3,7,9,5
2021-03-31T23:59:59+02:00,0,0,190,310,700,981,762,1240,642,1810,556,1331,308,410,566,789,245,715,35,52,230,322,279,503,240,681,194,372,94,112,202,282,172,520,6378,4247,685,183,4847,3,6,9,5
2021-03-30T23:59:59+02:00,0,0,187,304,695,970,757,1220,630,1771,547,1287,298,394,540,753,244,715,35,51,228,318,275,500,239,676,191,367,91,110,193,264,169,506,6302,4172,651,178,4712,3,6,9,5
2021-03-29T23:59:59+02:00,0,0,183,299,689,953,752,1208,621,1740,538,1249,294,380,511,716,242,708,35,50,226,317,274,498,238,671,189,360,88,109,184,252,165,494,6196,4113,629,173,4609,3,6,9,5
2021-03-28T23:59:59+02:00,0,0,176,283,681,945,745,1199,617,1718,535,1234,292,366,484,692,240,706,35,49,224,317,271,492,234,668,188,357,85,107,177,242,162,493,6153,4070,595,167,4513,3,6,9,5
2021-03-27T23:59:59+01:00,0,0,176,280,676,939,740,1195,611,1707,533,1226,287,358,478,682,240,705,35,49,224,317,271,492,233,662,185,353,84,106,173,235,158,483,6114,4035,587,161,4477,3,6,9,5
2021-03-26T23:59:59+01:00,0,0,172,277,665,927,732,1180,600,1690,525,1202,280,347,474,668,238,702,35,49,224,317,270,490,233,661,178,340,80,98,159,219,150,471,6050,3950,569,161,4401,3,4,9,5
2021-03-25T23:59:59+01:00,0,0,168,275,657,914,711,1156,584,1655,515,1163,273,335,458,643,237,698,35,49,220,312,268,489,227,658,178,339,73,98,143,202,147,447,5978,3864,553,154,4249,3,4,9,5
2021-03-24T23:59:59+01:00,0,0,166,266,646,901,703,1141,575,1617,503,1133,264,322,441,618,234,695,35,49,219,310,265,487,225,658,174,337,71,95,131,195,139,413,5905,3790,530,147,4124,2,4,9,5
2021-03-23T23:59:59+01:00,0,0,163,263,638,888,690,1129,564,1595,491,1095,258,310,423,602,229,691,34,49,217,309,263,485,220,653,172,333,68,92,124,188,131,388,5853,3716,513,142,3995,2,4,9,5
2021-03-22T23:59:59+01:00,0,0,159,255,619,867,671,1110,553,1563,478,1072,254,300,411,587,228,685,34,49,216,307,261,483,219,646,171,331,68,88,118,180,116,358,5797,3636,489,139,3855,2,4,9,5
2021-03-21T23:59:59+01:00,0,0,155,253,611,860,667,1106,549,1539,472,1039,249,293,398,581,226,681,34,49,213,307,260,481,218,645,169,329,67,85,116,179,112,355,5778,3615,476,135,3751,2,3,7,4
2021-03-20T23:59:59+01:00,0,0,153,253,603,856,662,1103,544,1535,469,1037,246,286,386,567,224,679,34,49,213,307,259,481,217,643,169,325,66,84,113,175,108,349,5745,3590,471,133,3710,2,3,7,4
2021-03-19T23:59:59+01:00,0,0,143,241,598,838,651,1097,540,1518,457,1024,232,264,371,541,218,670,32,49,212,306,258,481,215,635,168,322,64,82,106,165,103,328,5668,3525,432,132,3622,2,2,7,4
2021-03-18T23:59:59+01:00,0,0,138,235,581,823,633,1063,522,1468,443,978,216,250,358,520,215,653,32,49,211,303,256,473,215,630,166,315,64,79,97,157,98,313,5587,3463,400,123,3421,2,2,7,4
2021-03-17T23:59:59+01:00,0,0,133,229,569,804,621,1056,517,1455,434,960,205,237,340,502,212,647,32,48,211,301,255,471,215,629,166,314,64,79,93,152,93,302,5493,3428,373,123,3360,2,2,5,4
2021-03-16T23:59:59+01:00,0,0,129,222,554,789,604,1045,505,1415,422,935,198,222,320,469,208,635,32,47,211,298,255,465,213,628,165,313,60,79,89,147,91,282,5404,3382,339,119,3227,2,1,5,4
2021-03-15T23:59:59+01:00,0,0,123,215,539,774,595,1022,496,1383,406,898,192,214,306,445,207,629,31,47,210,295,255,462,212,627,163,313,59,77,83,142,89,267,5315,3339,309,118,3112,2,0,5,4
2021-03-14T23:59:59+01:00,0,0,118,202,527,757,581,1001,487,1341,393,855,183,203,296,434,200,625,31,47,210,293,254,461,211,622,162,308,58,77,82,139,87,264,5251,3324,295,107,2944,2,0,5,4
2021-03-13T23:59:59+01:00,0,0,114,190,499,731,551,974,462,1317,372,837,167,195,288,422,199,622,31,47,210,293,254,461,210,622,162,307,58,77,79,135,76,249,5058,3287,289,107,2863,2,0,5,4
2021-03-12T23:59:59+01:00,0,0,103,183,472,707,532,946,441,1278,350,806,151,183,264,395,198,602,31,47,210,292,254,460,210,622,162,306,54,76,76,129,74,243,4837,3260,283,107,2748,2,0,5,3
2021-03-11T23:59:59+01:00,0,0,95,176,440,661,495,910,404,1204,329,753,137,161,242,352,193,580,31,46,209,289,249,456,208,618,159,304,54,74,72,123,72,232,4601,3231,275,87,2493,2,0,5,2
2021-03-10T23:59:59+01:00,0,0,92,166,417,639,478,892,389,1166,313,716,122,145,226,322,188,549,31,46,207,284,245,452,205,612,159,302,51,73,68,121,69,221,4431,3190,265,75,2357,2,0,5,2
2021-03-09T23:59:59+01:00,0,0,92,161,406,612,448,863,374,1122,304,685,117,137,214,304,182,537,31,46,206,281,242,444,203,608,155,298,51,71,66,119,62,212,4348,3148,249,65,2181,2,0,5,2
2021-03-08T23:59:59+01:00,0,0,89,154,391,595,430,846,365,1070,297,648,112,128,200,284,178,524,31,46,206,277,239,439,198,604,149,294,49,70,61,116,61,211,4270,3120,233,49,2024,1,0,5,1
2021-03-07T23:59:59+01:00,0,0,85,150,386,583,422,830,355,1056,295,642,110,128,193,271,176,523,31,46,205,276,239,437,197,603,149,294,49,70,59,115,60,210,4225,3111,223,47,1969,0,0,5,1
2021-03-06T23:59:59+01:00,0,0,84,143,384,576,415,807,347,1005,286,611,109,127,187,263,174,518,31,46,205,276,238,436,197,602,149,294,49,70,57,115,59,205,4193,3106,223,41,1829,0,0,5,1
2021-03-05T23:59:59+01:00,0,0,83,138,379,564,411,800,346,989,277,587,103,117,173,243,165,505,31,46,204,274,237,435,196,600,148,292,49,70,55,114,59,197,4107,3091,214,33,1761,0,0,5,1
2021-03-04T23:59:59+01:00,0,0,80,124,368,528,393,766,328,943,267,560,93,116,154,218,159,481,31,46,202,268,235,429,194,588,145,291,47,70,55,114,59,196,4008,3052,197,32,1572,0,0,5,1
2021-03-03T23:59:59+01:00,0,0,73,114,359,510,384,748,324,922,258,542,91,113,144,210,151,446,31,45,202,268,234,427,191,579,145,285,47,70,54,113,59,196,3936,3029,191,29,1457,0,0,5,1
2021-03-02T23:59:59+01:00,0,0,70,111,348,495,368,731,316,903,252,520,89,110,136,202,143,419,30,45,202,268,234,421,186,572,143,282,47,70,54,111,59,195,3857,3000,185,29,1359,0,0,5,1
2021-03-01T23:59:59+01:00,0,0,69,109,342,481,361,710,308,879,246,492,88,108,129,192,126,384,30,44,201,267,232,413,184,564,143,279,47,70,54,110,58,195,3772,2971,181,29,1254,0,0,5,1
2021-02-28T23:59:59+01:00,0,0,69,107,335,472,358,702,306,855,241,474,84,100,127,188,122,380,30,44,200,266,231,413,184,564,143,279,47,70,54,110,58,194,3748,2967,176,29,1176,0,0,5,1
2021-02-27T23:59:59+01:00,0,0,66,98,329,466,353,696,300,844,238,465,82,98,126,182,115,369,30,44,200,265,231,412,183,563,142,278,47,70,54,110,58,194,3715,2966,170,24,1119,0,0,5,1
2021-02-26T23:59:59+01:00,0,0,64,93,321,442,327,662,280,813,228,444,80,94,118,172,111,350,30,43,200,264,231,410,182,560,139,276,47,70,54,110,58,192,3660,2951,169,24,941,0,0,5,0
2021-02-25T23:59:59+01:00,0,0,57,82,308,421,316,632,274,786,216,422,75,94,109,165,107,336,30,43,198,261,227,407,180,552,134,275,47,68,52,108,56,192,3608,2923,163,16,793,0,0,5,0
2021-02-24T23:59:59+01:00,0,0,53,75,301,408,308,617,269,770,213,414,74,94,105,161,101,326,29,43,196,260,224,394,178,544,132,270,45,67,50,108,56,192,3574,2885,158,10,718,0,0,5,0
2021-02-23T23:59:59+01:00,0,0,49,66,288,388,299,598,263,752,208,406,70,92,100,157,99,302,28,43,195,258,222,389,177,538,128,267,45,67,50,104,56,190,3521,2856,153,7,620,0,0,5,0
2021-02-22T23:59:59+01:00,0,0,47,63,283,376,295,588,261,743,206,402,67,89,92,150,97,288,28,41,192,256,219,376,169,528,125,264,45,67,49,104,55,190,3475,2808,145,4,581,0,0,4,0
2021-02-21T23:59:59+01:00,0,0,46,62,278,370,292,578,256,736,201,398,66,87,91,148,95,286,28,40,191,254,218,373,169,519,125,263,45,67,49,103,54,189,3465,2785,142,4,535,0,0,3,0
2021-02-20T23:59:59+01:00,0,0,45,62,276,369,292,575,255,730,201,392,65,87,88,144,84,271,28,40,191,254,218,373,169,519,123,262,45,67,48,103,54,187,3430,2779,141,4,514,0,0,3,0
2021-02-19T23:59:59+01:00,0,0,44,62,273,364,286,553,244,704,199,380,62,85,85,136,82,264,28,39,191,254,217,372,169,518,123,262,45,67,47,102,53,185,3401,2770,140,4,427,0,0,2,0
2021-02-18T23:59:59+01:00,0,0,42,59,255,340,278,532,236,683,185,355,61,81,83,131,81,255,27,38,187,246,214,366,165,503,122,252,45,65,46,100,49,181,3374,2703,131,4,294,0,0,2,0
2021-02-17T23:59:59+01:00,0,0,42,57,248,335,276,518,230,670,182,335,59,79,79,129,78,245,25,37,183,240,207,352,161,487,119,241,41,63,46,98,48,178,3327,2620,131,3,240,0,0,2,0
2021-02-16T23:59:59+01:00,0,0,41,52,235,320,272,507,224,656,177,328,57,78,76,127,71,236,22,37,174,231,199,333,155,475,115,229,41,59,37,84,42,169,3288,2495,128,3,175,0,0,2,0
2021-02-15T23:59:59+01:00,0,0,40,52,230,317,265,494,221,651,173,322,55,78,71,123,70,235,21,35,167,224,194,325,149,464,111,222,38,56,37,78,39,161,3261,2414,127,3,143,0,0,2,0
2021-02-14T23:59:59+01:00,0,0,37,52,227,313,263,487,218,645,173,318,55,76,68,123,69,231,20,35,165,220,190,320,148,452,110,220,38,56,36,77,37,154,3250,2370,116,3,122,0,0,2,0
2021-02-13T23:59:59+01:00,0,0,36,52,227,313,261,487,218,644,173,318,55,76,67,123,69,230,20,35,164,219,187,320,147,450,109,217,37,56,35,76,35,150,3246,2350,116,1,120,0,0,2,0
2021-02-12T23:59:59+01:00,0,0,35,50,225,308,258,478,214,633,170,315,55,75,66,123,69,229,20,35,163,216,186,319,146,448,107,216,35,55,35,72,32,141,3237,2319,116,1,81,0,0,2,0
2021-02-11T23:59:59+01:00,0,0,34,49,217,287,251,461,207,609,158,304,53,74,65,121,69,224,20,33,147,196,179,288,137,402,102,197,31,54,32,62,30,127,3200,2122,94,1,18,0,0,2,0
2021-02-10T23:59:59+01:00,0,0,34,48,214,279,249,454,203,600,156,299,50,74,64,121,68,222,18,30,136,172,165,250,117,353,95,175,27,52,31,60,27,116,3168,1898,84,1,8,0,0,2,0
2021-02-09T23:59:59+01:00,0,0,33,47,213,276,247,444,198,592,152,296,50,74,64,119,68,222,18,28,120,145,149,230,104,311,90,150,22,47,30,48,23,104,3146,1685,69,1,4,0,0,2,0
2021-02-08T23:59:59+01:00,0,0,33,47,212,274,241,430,195,579,148,291,48,74,64,118,68,222,16,27,103,122,127,191,85,272,85,140,15,45,24,41,22,89,3108,1464,53,1,4,0,0,2,0
2021-02-07T23:59:59+01:00,0,0,33,46,209,273,239,429,195,576,148,291,48,74,63,117,68,222,15,21,98,113,120,180,80,253,81,131,15,44,23,35,22,84,3100,1372,50,1,0,0,0,2,0
2021-02-06T23:59:59+01:00,0,0,33,46,209,273,239,428,195,576,148,290,47,74,62,117,67,217,12,17,97,112,119,176,78,246,81,129,14,43,23,32,20,83,3097,1336,43,1,0,0,0,2,0
2021-02-05T23:59:59+01:00,0,0,32,45,209,273,239,427,194,574,146,289,47,74,62,117,67,207,10,14,88,104,115,172,77,242,80,121,13,41,23,28,18,80,3084,1277,35,0,0,0,0,2,0
2021-02-04T23:59:59+01:00,0,0,32,45,206,270,234,423,189,568,144,286,47,72,62,115,67,206,9,10,60,72,92,127,66,204,63,102,12,36,20,24,16,71,3047,1024,35,0,0,0,0,2,0
2021-02-03T23:59:59+01:00,0,0,32,44,206,269,233,411,187,562,143,283,47,71,61,114,67,205,6,5,44,54,71,105,50,156,53,74,9,17,16,18,11,54,3019,773,32,0,0,0,0,2,0
2021-02-02T23:59:59+01:00,0,0,31,44,205,267,229,405,186,556,140,282,46,71,59,111,65,202,4,3,28,38,55,75,39,100,42,51,7,14,11,13,7,36,2981,543,32,0,0,0,0,2,0
2021-02-01T23:59:59+01:00,0,0,30,42,203,267,225,400,183,550,137,275,46,70,58,110,65,202,4,1,22,20,29,44,26,61,25,28,4,9,8,9,6,21,2945,328,32,0,0,0,0,1,0
2021-01-31T23:59:59+01:00,0,0,30,42,202,265,223,395,181,542,136,275,46,70,57,110,64,201,4,1,20,15,20,36,20,49,19,24,4,6,6,8,5,19,2920,265,31,0,0,0,0,1,0
2021-01-30T23:59:59+01:00,0,0,30,42,202,265,223,394,180,542,136,275,46,70,56,110,64,198,4,1,19,14,18,36,18,45,18,23,4,5,6,7,5,18,2915,249,30,0,0,0,0,1,0
2021-01-29T23:59:59+01:00,0,0,30,42,202,263,222,393,179,541,134,273,46,70,55,109,63,197,4,0,16,9,13,29,16,39,14,21,4,4,5,7,5,17,2905,209,26,0,0,0,0,0,0
2021-01-28T23:59:59+01:00,0,0,30,41,194,260,221,388,178,532,131,269,46,70,53,108,59,195,4,0,4,3,7,16,9,21,8,9,2,2,3,3,1,17,2869,112,18,0,0,0,0,0,0
2021-01-27T23:59:59+01:00,0,0,29,40,190,254,217,378,176,519,128,260,43,68,53,107,58,193,1,0,3,3,6,14,8,18,7,9,2,2,2,3,1,13,2805,94,14,0,0,0,0,0,0
2021-01-26T23:59:59+01:00,0,0,26,40,187,242,211,365,172,501,125,252,43,64,47,99,53,185,1,0,2,3,6,14,8,18,7,9,2,2,2,3,1,10,2706,90,11,0,0,0,0,0,0
2021-01-25T23:59:59+01:00,0,0,26,39,178,239,208,355,169,492,122,242,42,62,46,96,48,183,1,0,1,3,4,12,7,15,7,9,2,2,2,1,1,8,2646,77,4,0,0,0,0,0,0
2021-01-24T23:59:59+01:00,0,0,25,38,176,236,205,354,168,490,122,241,42,62,44,93,47,182,1,0,1,3,3,12,7,15,7,9,2,2,2,1,1,8,2624,76,3,0,0,0,0,0,0
2021-01-23T23:59:59+01:00,0,0,25,38,176,236,203,354,168,489,122,241,42,62,44,92,47,180,1,0,1,3,3,11,7,15,6,9,2,2,2,1,1,8,2618,74,3,0,0,0,0,0,0
2021-01-22T23:59:59+01:00,0,0,24,37,175,232,202,354,168,488,121,241,42,62,44,92,45,173,1,0,1,3,3,11,7,15,6,9,2,2,2,1,1,8,2599,74,3,0,0,0,0,0,0
2021-01-21T23:59:59+01:00,0,0,21,36,166,223,196,337,164,466,119,228,41,62,40,84,44,170,1,0,1,3,1,6,6,10,4,5,2,2,2,0,1,7,2491,53,3,0,0,0,0,0,0
2021-01-20T23:59:59+01:00,0,0,20,34,153,197,180,296,135,410,109,207,36,59,37,80,40,156,1,0,1,3,1,6,6,9,4,4,2,2,2,0,1,7,2233,51,2,0,0,0,0,0,0
2021-01-19T23:59:59+01:00,0,0,20,31,128,168,163,264,126,367,105,186,26,53,30,66,35,142,1,0,1,3,1,5,4,7,2,3,1,0,2,0,0,4,1984,35,2,0,0,0,0,0,0
2021-01-18T23:59:59+01:00,0,0,17,31,113,147,140,223,109,319,98,162,23,50,27,54,31,120,1,0,1,1,0,2,3,5,1,3,0,0,1,0,0,4,1733,23,2,0,0,0,0,0,0
2021-01-17T23:59:59+01:00,0,0,16,21,108,132,132,210,100,294,94,153,23,45,27,49,29,108,1,0,0,0,0,1,1,4,1,2,0,0,1,0,0,1,1603,12,2,0,0,0,0,0,0
2021-01-16T23:59:59+01:00,0,0,14,18,105,130,130,205,97,284,93,147,20,44,26,43,25,104,0,0,0,0,0,0,0,0,0,0,0,0,0,0,0,0,1546,0,0,0,0,0,0,0,0
2021-01-15T23:59:59+01:00,0,0,11,16,99,121,126,200,95,275,93,137,19,43,26,39,23,101,0,0,0,0,0,0,0,0,0,0,0,0,0,0,0,0,1481,0,0,0,0,0,0,0,0
2021-01-14T23:59:59+01:00,0,0,9,12,75,89,107,164,79,231,81,122,14,38,23,33,22,88,0,0,0,0,0,0,0,0,0,0,0,0,0,0,0,0,1233,0,0,0,0,0,0,0,0
2021-01-13T23:59:59+01:00,0,0,7,11,61,79,94,135,73,187,75,97,14,24,19,25,20,68,0,0,0,0,0,0,0,0,0,0,0,0,0,0,0,0,1028,0,0,0,0,0,0,0,0
2021-01-12T23:59:59+01:00,0,0,5,8,49,61,76,105,66,132,62,75,10,19,15,21,12,51,0,0,0,0,0,0,0,0,0,0,0,0,0,0,0,0,800,0,0,0,0,0,0,0,0
2021-01-11T23:59:59+01:00,0,0,4,6,43,48,63,80,51,104,47,55,9,15,8,12,9,28,0,0,0,0,0,0,0,0,0,0,0,0,0,0,0,0,606,0,0,0,0,0,0,0,0
2021-01-10T23:59:59+01:00,0,0,4,6,39,37,48,66,38,83,39,47,7,10,6,11,8,24,0,0,0,0,0,0,0,0,0,0,0,0,0,0,0,0,488,0,0,0,0,0,0,0,0
2021-01-09T23:59:59+01:00,0,0,4,5,36,36,43,63,35,75,36,43,7,9,6,10,8,23,0,0,0,0,0,0,0,0,0,0,0,0,0,0,0,0,452,0,0,0,0,0,0,0,0
2021-01-08T23:59:59+01:00,0,0,4,5,29,28,37,56,27,62,30,38,6,6,4,9,7,21,0,0,0,0,0,0,0,0,0,0,0,0,0,0,0,0,379,0,0,0,0,0,0,0,0
2021-01-07T23:59:59+01:00,0,0,4,2,10,3,10,18,11,26,8,18,5,3,3,4,3,20,0,0,0,0,0,0,0,0,0,0,0,0,0,0,0,0,151,0,0,0,0,0,0,0,0
2021-01-06T23:59:59+01:00,0,0,4,0,3,3,5,15,8,20,7,10,3,3,2,4,3,17,0,0,0,0,0,0,0,0,0,0,0,0,0,0,0,0,110,0,0,0,0,0,0,0,0
2021-01-05T23:59:59+01:00,0,0,2,0,2,3,5,14,8,18,7,9,3,2,2,4,2,16,0,0,0,0,0,0,0,0,0,0,0,0,0,0,0,0,100,0,0,0,0,0,0,0,0
2021-01-04T23:59:59+01:00,0,0,1,0,2,3,5,13,7,16,7,9,2,2,2,2,2,10,0,0,0,0,0,0,0,0,0,0,0,0,0,0,0,0,85,0,0,0,0,0,0,0,0
2021-01-03T23:59:59+01:00,0,0,1,0,1,3,4,13,7,16,7,9,2,2,2,2,2,10,0,0,0,0,0,0,0,0,0,0,0,0,0,0,0,0,83,0,0,0,0,0,0,0,0
2021-01-02T23:59:59+01:00,0,0,1,0,1,3,4,13,6,16,6,9,2,2,2,2,2,10,0,0,0,0,0,0,0,0,0,0,0,0,0,0,0,0,81,0,0,0,0,0,0,0,0
2021-01-01T23:59:59+01:00,0,0,1,0,1,3,4,13,6,16,6,9,2,2,2,2,2,10,0,0,0,0,0,0,0,0,0,0,0,0,0,0,0,0,81,0,0,0,0,0,0,0,0
2020-12-31T23:59:59+01:00,0,0,1,0,1,3,4,12,6,16,6,9,2,2,2,2,2,10,0,0,0,0,0,0,0,0,0,0,0,0,0,0,0,0,80,0,0,0,0,0,0,0,0
2020-12-30T23:59:59+01:00,0,0,1,0,1,3,4,12,6,15,6,9,2,2,2,2,2,10,0,0,0,0,0,0,0,0,0,0,0,0,0,0,0,0,79,0,0,0,0,0,0,0,0
2020-12-29T23:59:59+01:00,0,0,1,0,1,3,3,8,4,12,4,7,1,1,2,1,0,8,0,0,0,0,0,0,0,0,0,0,0,0,0,0,0,0,57,0,0,0,0,0,0,0,0
2020-12-28T23:59:59+01:00,0,0,1,0,1,1,1,1,2,6,3,4,1,0,1,0,0,4,0,0,0,0,0,0,0,0,0,0,0,0,0,0,0,0,27,0,0,0,0,0,0,0,0
2020-12-27T23:59:59+01:00,0,0,1,0,0,0,0,1,1,6,1,2,0,0,1,0,0,2,0,0,0,0,0,0,0,0,0,0,0,0,0,0,0,0,15,0,0,0,0,0,0,0,0
