Datum,<15_m,<15_w,15-24_1_m,15-24_1_w,25-34_1_m,25-34_1_w,35-44_1_m,35-44_1_w,45-54_1_m,45-54_1_w,55-64_1_m,55-64_1_w,65-74_1_m,65-74_1_w,75-84_1_m,75-84_1_w,>84_1_m,>84_1_w,<24_2_m,<24_2_w,25-34_2_m,25-34_2_w,35-44_2_m,35-44_2_w,45-54_2_m,45-54_2_w,55-64_2_m,55-64_2_w,65-74_2_m,65-74_2_w,75-84_2_m,75-84_2_w,>84_2_m,>84_2_w,bp_1,bp_2,mo_1,mo_2,az_1,az_2,ja,unb_1,unb_2
2021-08-24T23:59:59+02:00,146,165,3182,2903,8468,6070,8199,5621,7296,7695,5410,5742,2730,2840,3232,3288,2742,5174,2580,2343,7270,5223,7335,4977,6569,6928,4789,5190,2151,2435,2409,2588,1981,3848,54939,45633,8204,7058,9597,7567,9111,34,30
2021-08-23T23:59:59+02:00,144,158,3135,2884,8426,6049,8162,5601,7268,7667,5397,5727,2730,2839,3231,3287,2742,5173,2556,2326,7226,5192,7299,4962,6535,6899,4774,5173,2147,2434,2408,2587,1980,3848,54783,45487,8194,7047,9595,7566,8996,34,30
2021-08-22T23:59:59+02:00,143,158,3123,2875,8410,6029,8148,5594,7251,7660,5391,5720,2727,2836,3231,3287,2742,5173,2540,2317,7196,5170,7277,4946,6512,6882,4770,5164,2142,2430,2408,2587,1979,3848,54711,45362,8188,7038,9594,7563,8953,34,30
2021-08-21T23:59:59+02:00,141,157,3108,2871,8398,6020,8137,5589,7245,7654,5387,5714,2726,2836,3231,3286,2742,5173,2529,2310,7177,5154,7257,4936,6499,6875,4761,5158,2141,2428,2407,2586,1979,3848,54647,45279,8185,7013,9594,7561,8937,34,30
2021-08-20T23:59:59+02:00,140,155,3092,2859,8365,6000,8108,5572,7227,7632,5377,5702,2725,2833,3231,3285,2742,5171,2496,2296,7124,5119,7220,4911,6461,6838,4744,5136,2137,2423,2407,2583,1979,3846,54573,45113,8173,6972,9594,7550,8824,34,30
2021-08-19T23:59:59+02:00,140,152,3069,2841,8314,5972,8074,5549,7207,7607,5363,5687,2719,2830,3230,3284,2742,5170,2448,2273,7047,5071,7158,4873,6414,6782,4715,5105,2133,2419,2406,2583,1979,3846,54436,44783,8161,6945,9592,7542,8709,34,30
2021-08-18T23:59:59+02:00,139,150,3047,2830,8281,5951,8041,5531,7174,7592,5351,5680,2714,2827,3229,3284,2741,5169,2417,2256,6972,5037,7096,4840,6369,6753,4689,5079,2129,2415,2403,2583,1979,3845,54300,44537,8155,6883,9591,7534,8632,34,30
2021-08-17T23:59:59+02:00,139,149,3029,2814,8250,5927,8011,5519,7165,7571,5339,5669,2711,2825,3228,3283,2740,5169,2386,2232,6905,4989,7047,4805,6341,6715,4669,5059,2122,2410,2402,2580,1978,3845,54182,44261,8145,6846,9590,7527,8567,34,30
2021-08-16T23:59:59+02:00,136,147,3020,2800,8221,5912,7993,5510,7151,7555,5327,5656,2711,2825,3227,3282,2740,5169,2354,2200,6828,4946,6982,4773,6288,6675,4639,5035,2120,2408,2399,2577,1978,3845,54091,43898,8139,6832,9590,7517,8508,34,30
2021-08-15T23:59:59+02:00,136,146,3014,2790,8193,5900,7974,5499,7133,7546,5322,5649,2710,2823,3227,3281,2740,5169,2328,2160,6772,4912,6939,4738,6254,6644,4628,5022,2116,2403,2398,2575,1978,3845,54006,43619,8135,6810,9589,7514,8468,34,30
2021-08-14T23:59:59+02:00,135,146,3010,2784,8183,5895,7965,5498,7133,7543,5319,5647,2708,2822,3227,3280,2740,5169,2321,2150,6744,4898,6924,4727,6244,6627,4609,5012,2113,2400,2398,2573,1978,3844,53986,43510,8134,6797,9589,7512,8441,34,30
2021-08-13T23:59:59+02:00,133,145,2990,2776,8157,5879,7953,5484,7118,7533,5307,5639,2707,2817,3227,3279,2740,5169,2283,2125,6693,4862,6882,4693,6208,6601,4592,4998,2112,2395,2397,2573,1978,3844,53899,43264,8132,6776,9589,7511,8379,34,30
2021-08-12T23:59:59+02:00,130,139,2973,2765,8121,5856,7921,5465,7098,7508,5293,5626,2706,2815,3225,3279,2740,5169,2245,2091,6599,4806,6827,4653,6162,6549,4565,4967,2108,2392,2393,2572,1978,3844,53781,42921,8127,6750,9588,7490,8279,34,30
2021-08-11T23:59:59+02:00,127,136,2955,2751,8082,5832,7891,5451,7077,7494,5283,5609,2704,2812,3225,3278,2740,5169,2213,2061,6509,4754,6741,4604,6108,6491,4541,4925,2100,2383,2392,2570,1978,3843,53647,42488,8118,6714,9585,7481,8212,34,30
2021-08-10T23:59:59+02:00,127,135,2938,2737,8038,5814,7865,5437,7047,7478,5270,5602,2701,2812,3225,3276,2740,5168,2140,2004,6386,4689,6648,4540,6018,6420,4498,4902,2094,2374,2390,2569,1978,3842,53530,41875,8110,6695,9584,7466,8132,34,30
2021-08-09T23:59:59+02:00,126,134,2920,2732,8005,5792,7835,5426,7025,7459,5259,5590,2700,2811,3225,3276,2740,5167,2085,1955,6283,4621,6547,4494,5951,6366,4470,4866,2088,2365,2389,2567,1978,3842,53442,41409,8102,6642,9584,7447,8040,34,30
2021-08-08T23:59:59+02:00,126,132,2904,2721,7982,5776,7815,5414,7014,7449,5252,5586,2697,2811,3225,3276,2740,5167,2059,1928,6217,4574,6489,4465,5913,6342,4456,4851,2078,2360,2387,2565,1978,3842,53371,41151,8101,6600,9581,7441,7980,34,30
2021-08-07T23:59:59+02:00,125,131,2896,2714,7952,5762,7797,5407,7006,7440,5248,5581,2695,2811,3225,3276,2740,5167,2021,1905,6135,4521,6428,4430,5877,6303,4439,4837,2075,2359,2387,2562,1978,3842,53304,40817,8097,6572,9581,7432,7937,34,30
2021-08-06T23:59:59+02:00,124,130,2881,2704,7921,5748,7768,5385,6985,7418,5238,5568,2691,2809,3225,3275,2740,5167,1984,1861,6032,4448,6354,4392,5834,6259,4421,4817,2073,2356,2386,2559,1978,3842,53245,40465,8077,6540,9581,7420,7820,34,30
2021-08-05T23:59:59+02:00,122,129,2850,2687,7887,5725,7729,5360,6962,7397,5218,5542,2688,2806,3222,3272,2740,5166,1934,1809,5897,4344,6237,4331,5765,6195,4384,4772,2066,2348,2383,2557,1978,3842,53097,39971,8069,6443,9578,7364,7703,34,30
2021-08-04T23:59:59+02:00,119,126,2781,2659,7799,5687,7680,5331,6929,7360,5200,5528,2682,2803,3220,3271,2740,5166,1852,1775,5758,4270,6101,4278,5696,6129,4354,4730,2055,2342,2378,2554,1978,3841,52874,39482,8052,6389,9577,7328,7523,34,30
2021-08-03T23:59:59+02:00,116,126,2760,2639,7768,5670,7643,5312,6904,7336,5189,5516,2678,2801,3219,3268,2740,5166,1819,1745,5662,4202,5999,4227,5625,6070,4314,4691,2050,2337,2377,2552,1978,3841,52722,39015,8047,6347,9575,7303,7451,34,30
2021-08-02T23:59:59+02:00,116,126,2738,2618,7723,5642,7617,5303,6880,7322,5171,5507,2676,2796,3218,3267,2739,5166,1790,1716,5541,4114,5889,4161,5558,6021,4265,4659,2044,2324,2376,2547,1977,3840,52571,38468,8039,6309,9575,7282,7383,34,30
2021-08-01T23:59:59+02:00,115,124,2722,2606,7688,5618,7604,5290,6869,7313,5165,5501,2674,2795,3216,3267,2739,5166,1772,1697,5463,4072,5825,4114,5515,5998,4247,4639,2042,2321,2374,2544,1977,3840,52478,38185,8026,6278,9574,7257,7335,34,30
2021-07-31T23:59:59+02:00,113,123,2716,2599,7670,5610,7597,5285,6865,7303,5164,5500,2672,2795,3216,3267,2739,5166,1733,1653,5365,4010,5764,4067,5462,5962,4219,4614,2039,2318,2374,2543,1977,3840,52439,37717,8021,6261,9574,7253,7307,34,30
2021-07-30T23:59:59+02:00,110,120,2705,2590,7646,5597,7584,5264,6846,7291,5157,5492,2671,2794,3216,3266,2739,5166,1713,1635,5281,3968,5699,4010,5403,5916,4193,4597,2034,2316,2373,2540,1977,3840,52360,37362,8015,6233,9574,7244,7246,34,30
2021-07-29T23:59:59+02:00,108,119,2672,2572,7589,5552,7541,5219,6817,7251,5134,5470,2670,2790,3214,3265,2739,5166,1673,1605,5157,3870,5567,3941,5315,5826,4147,4541,2026,2307,2370,2538,1976,3840,52152,36788,8000,6178,9569,7207,7107,34,30
2021-07-28T23:59:59+02:00,106,117,2651,2560,7549,5513,7510,5195,6793,7229,5119,5460,2667,2789,3212,3262,2738,5165,1636,1561,5055,3794,5451,3876,5223,5751,4111,4506,2014,2299,2368,2536,1976,3838,51963,36224,7989,6120,9565,7168,7058,34,30
2021-07-27T23:59:59+02:00,103,115,2635,2543,7503,5490,7474,5177,6773,7210,5107,5446,2666,2787,3212,3261,2737,5165,1592,1531,4917,3708,5326,3797,5133,5679,4067,4454,2008,2286,2367,2533,1975,3838,51830,35640,7971,6036,9564,7127,6979,34,30
2021-07-26T23:59:59+02:00,102,112,2609,2527,7470,5468,7440,5160,6746,7191,5102,5434,2662,2787,3211,3261,2737,5165,1557,1476,4777,3646,5217,3733,5059,5604,4013,4419,2004,2272,2366,2527,1975,3837,51686,35086,7951,5963,9561,7078,6923,34,30
2021-07-25T23:59:59+02:00,98,109,2594,2505,7431,5444,7407,5147,6726,7170,5093,5429,2660,2784,3210,3260,2737,5164,1537,1448,4721,3603,5162,3703,5012,5565,3983,4396,2000,2268,2365,2527,1975,3837,51531,34812,7942,5931,9558,7047,6874,34,30
2021-07-24T23:59:59+02:00,98,108,2579,2497,7398,5430,7382,5135,6709,7155,5085,5424,2659,2781,3210,3260,2737,5164,1518,1429,4675,3583,5088,3658,4970,5538,3962,4388,1999,2266,2364,2525,1975,3836,51451,34619,7920,5845,9557,7047,6819,34,30
2021-07-23T23:59:59+02:00,95,106,2550,2470,7343,5404,7351,5111,6676,7131,5063,5415,2657,2778,3208,3260,2737,5164,1464,1397,4536,3483,4952,3580,4897,5471,3914,4356,1998,2258,2363,2521,1974,3836,51270,33984,7914,5818,9555,7027,6715,34,30
2021-07-22T23:59:59+02:00,93,103,2516,2441,7255,5365,7297,5072,6627,7086,5030,5391,2651,2773,3206,3259,2737,5162,1405,1357,4376,3411,4801,3508,4748,5389,3829,4306,1986,2249,2358,2519,1974,3835,50947,33354,7896,5671,9544,6958,6608,34,30
2021-07-21T23:59:59+02:00,92,99,2483,2423,7186,5328,7238,5032,6566,7048,5009,5365,2644,2767,3205,3256,2737,5160,1376,1314,4254,3328,4660,3447,4640,5281,3758,4263,1973,2237,2355,2518,1974,3833,50685,32886,7845,5461,9538,6897,6499,34,30
2021-07-20T23:59:59+02:00,91,98,2461,2395,7131,5297,7202,5000,6529,7004,4979,5347,2641,2763,3205,3256,2737,5160,1341,1285,4137,3263,4572,3398,4551,5203,3703,4232,1969,2227,2354,2517,1974,3832,50430,32424,7835,5389,9536,6847,6423,34,30
2021-07-19T23:59:59+02:00,90,98,2438,2369,7076,5255,7152,4979,6491,6972,4958,5332,2636,2758,3204,3252,2737,5159,1321,1263,4061,3216,4490,3365,4472,5139,3669,4208,1965,2221,2350,2514,1973,3832,50147,32125,7823,5271,9535,6804,6378,34,30
2021-07-18T23:59:59+02:00,90,96,2410,2341,7006,5210,7111,4948,6454,6932,4940,5322,2629,2752,3202,3252,2736,5158,1305,1243,4016,3175,4450,3335,4424,5119,3633,4193,1959,2211,2349,2514,1973,3830,49831,31924,7807,5197,9531,6778,6345,34,29
2021-07-17T23:59:59+02:00,88,92,2393,2327,6987,5197,7092,4930,6434,6914,4920,5311,2625,2751,3202,3251,2736,5157,1293,1230,3982,3141,4407,3315,4384,5087,3605,4181,1953,2208,2349,2512,1973,3830,49717,31766,7798,5143,9530,6769,6286,34,29
2021-07-16T23:59:59+02:00,88,89,2353,2299,6924,5163,7032,4896,6389,6871,4888,5283,2618,2745,3200,3250,2736,5157,1255,1207,3880,3091,4314,3273,4296,5028,3544,4134,1939,2197,2343,2510,1973,3829,49535,31420,7769,5116,9517,6700,6082,34,29
2021-07-15T23:59:59+02:00,85,84,2310,2268,6847,5125,6970,4854,6339,6817,4871,5256,2615,2739,3197,3247,2736,5157,1203,1175,3680,2980,4132,3169,4144,4929,3482,4072,1930,2188,2340,2505,1973,3829,49192,30728,7751,4888,9511,6633,5980,34,29
2021-07-14T23:59:59+02:00,83,82,2272,2250,6776,5091,6895,4819,6284,6773,4850,5232,2607,2733,3194,3245,2736,5157,1155,1138,3563,2893,4030,3107,4040,4859,3439,4027,1917,2180,2339,2502,1973,3829,48874,30258,7735,4791,9508,6559,5877,34,29
2021-07-13T23:59:59+02:00,80,76,2241,2219,6718,5059,6830,4782,6242,6727,4827,5214,2599,2728,3192,3245,2736,5157,1121,1107,3461,2816,3906,3041,3951,4772,3385,3965,1890,2173,2336,2497,1972,3827,48548,29780,7728,4657,9507,6465,5804,33,29
2021-07-12T23:59:59+02:00,74,74,2213,2193,6649,5015,6761,4736,6191,6688,4802,5187,2594,2725,3189,3244,2736,5157,1091,1085,3362,2741,3794,2975,3847,4690,3334,3918,1879,2162,2331,2487,1972,3827,48203,29334,7715,4538,9503,6384,5720,33,28
2021-07-11T23:59:59+02:00,69,73,2202,2178,6613,4997,6731,4715,6161,6671,4793,5178,2591,2720,3187,3244,2735,5157,1082,1069,3320,2700,3736,2946,3794,4663,3312,3903,1870,2150,2328,2483,1972,3827,48091,29159,7695,4505,9501,6328,5640,33,28
2021-07-10T23:59:59+02:00,68,72,2179,2144,6534,4947,6668,4681,6111,6634,4767,5167,2588,2717,3187,3241,2735,5156,1065,1051,3266,2658,3690,2916,3754,4632,3296,3891,1864,2143,2328,2481,1972,3827,47835,28983,7673,4504,9485,6311,5511,33,28
2021-07-09T23:59:59+02:00,67,70,2156,2121,6461,4905,6618,4656,6061,6599,4749,5146,2586,2712,3186,3240,2735,5156,1045,1034,3209,2612,3639,2881,3705,4597,3268,3864,1861,2128,2326,2480,1972,3827,47605,28775,7639,4474,9478,6257,5405,33,28
2021-07-08T23:59:59+02:00,63,67,2101,2074,6362,4839,6513,4599,5995,6534,4713,5112,2578,2703,3183,3236,2735,5156,972,982,3042,2524,3446,2809,3530,4502,3193,3796,1844,2112,2324,2471,1971,3826,47274,28290,7562,4186,9445,6132,5182,33,28
2021-07-07T23:59:59+02:00,63,66,2030,2028,6239,4763,6406,4541,5921,6475,4677,5064,2572,2693,3178,3231,2735,5156,921,946,2893,2445,3275,2731,3372,4394,3135,3732,1825,2083,2316,2463,1971,3824,46765,27742,7515,3944,9426,6050,5027,33,28
2021-07-06T23:59:59+02:00,61,66,1984,1991,6126,4707,6313,4498,5865,6406,4633,5028,2566,2687,3175,3227,2735,5156,884,910,2781,2348,3184,2670,3297,4300,3076,3678,1800,2052,2311,2456,1971,3824,46316,27238,7468,3842,9410,5967,4924,33,28
2021-07-05T23:59:59+02:00,59,66,1912,1941,5980,4630,6200,4457,5795,6352,4591,4988,2562,2680,3173,3225,2735,5154,839,868,2672,2274,3107,2622,3218,4227,3028,3624,1779,2033,2304,2447,1970,3821,45832,26859,7425,3770,9385,5882,4747,33,28
2021-07-04T23:59:59+02:00,59,65,1866,1904,5893,4588,6155,4427,5754,6332,4573,4966,2559,2678,3173,3223,2735,5153,800,844,2611,2222,3070,2598,3188,4193,3005,3601,1764,2009,2301,2446,1969,3821,45623,26722,7386,3714,9357,5804,4624,33,28
2021-07-03T23:59:59+02:00,56,51,1763,1827,5682,4431,6004,4338,5666,6241,4525,4929,2557,2675,3173,3219,2735,5153,758,819,2546,2175,3020,2576,3150,4147,2974,3571,1758,2002,2300,2442,1969,3819,44789,26548,7353,3712,9349,5775,4411,33,28
2021-07-02T23:59:59+02:00,50,43,1724,1784,5605,4385,5957,4304,5646,6215,4512,4911,2556,2669,3172,3218,2734,5153,737,792,2476,2126,2950,2537,3106,4099,2944,3531,1740,1985,2296,2436,1969,3817,44513,26264,7319,3686,9344,5676,4333,33,28
2021-07-01T23:59:59+02:00,43,37,1676,1748,5497,4315,5868,4256,5568,6143,4484,4881,2552,2664,3171,3217,2734,5152,670,753,2286,2050,2762,2451,2930,3985,2845,3444,1711,1961,2287,2423,1968,3815,44096,25501,7259,3482,9329,5570,4191,33,28
2021-06-30T23:59:59+02:00,43,35,1626,1698,5377,4228,5768,4208,5509,6094,4472,4857,2548,2657,3169,3214,2734,5152,634,717,2183,1984,2651,2399,2821,3897,2783,3367,1691,1931,2278,2411,1967,3814,43670,25039,7198,3367,9312,5446,4074,33,28
2021-06-29T23:59:59+02:00,42,32,1570,1621,5266,4137,5672,4154,5455,6034,4444,4828,2543,2652,3168,3213,2733,5151,605,677,2104,1905,2572,2335,2721,3780,2721,3316,1675,1897,2265,2397,1966,3811,43146,24552,7168,3293,9304,5336,3957,33,28
2021-06-28T23:59:59+02:00,40,30,1535,1563,5151,4077,5604,4098,5410,5991,4416,4803,2539,2644,3167,3211,2733,5151,588,652,2007,1841,2494,2280,2650,3698,2675,3269,1657,1878,2257,2391,1966,3808,42747,24236,7107,3153,9292,5239,3871,33,28
2021-06-27T23:59:59+02:00,40,29,1504,1537,5101,4036,5557,4067,5367,5972,4405,4792,2536,2640,3167,3210,2733,5151,568,635,1956,1795,2456,2260,2605,3660,2645,3252,1647,1864,2256,2381,1966,3808,42560,24090,7070,3098,9271,5155,3797,33,28
2021-06-26T23:59:59+02:00,31,24,1472,1509,5029,3990,5464,4023,5326,5937,4384,4778,2536,2638,3167,3208,2733,5151,562,626,1924,1774,2421,2241,2584,3638,2624,3231,1625,1854,2255,2379,1966,3808,42197,23873,6985,3095,9271,5131,3797,32,28
2021-06-25T23:59:59+02:00,25,16,1437,1467,4919,3914,5411,3994,5291,5911,4359,4767,2532,2635,3165,3207,2733,5151,553,601,1877,1752,2360,2174,2488,3499,2578,3131,1617,1832,2251,2376,1964,3807,41766,23420,6951,3069,9270,4951,3795,32,28
2021-06-24T23:59:59+02:00,18,13,1387,1418,4735,3801,5285,3943,5194,5868,4315,4736,2527,2632,3165,3206,2732,5151,514,579,1766,1687,2192,2108,2326,3419,2467,3036,1584,1809,2241,2370,1963,3804,41125,22912,6896,2761,9262,4866,3686,32,28
2021-06-23T23:59:59+02:00,18,13,1356,1384,4652,3746,5200,3892,5141,5823,4291,4701,2517,2625,3161,3204,2731,5150,480,561,1701,1628,2092,2060,2210,3328,2364,2943,1561,1785,2235,2363,1962,3802,40699,22370,6842,2687,9257,4722,3650,32,28
2021-06-22T23:59:59+02:00,17,13,1329,1363,4577,3682,5118,3846,5095,5777,4263,4674,2513,2619,3161,3203,2730,5150,466,543,1643,1587,2008,2006,2128,3219,2261,2849,1548,1761,2226,2351,1962,3798,40290,21949,6795,2569,9253,4562,3625,32,27
2021-06-21T23:59:59+02:00,17,13,1300,1322,4463,3599,5037,3801,5030,5715,4236,4656,2509,2605,3160,3198,2729,5148,450,527,1609,1553,1974,1965,2078,3139,2194,2771,1525,1725,2204,2328,1962,3794,39773,21660,6752,2473,9250,4418,3592,32,27
2021-06-20T23:59:59+02:00,16,11,1276,1291,4391,3538,4993,3782,4995,5695,4213,4644,2505,2603,3159,3198,2728,5148,434,512,1576,1524,1950,1941,2045,3113,2145,2730,1518,1710,2202,2322,1962,3793,39495,21476,6722,2436,9237,4354,3555,32,26
2021-06-19T23:59:59+02:00,15,11,1265,1272,4351,3507,4973,3756,4963,5671,4196,4635,2502,2601,3159,3197,2727,5148,429,508,1559,1507,1934,1914,2032,3090,2122,2695,1510,1702,2199,2319,1960,3792,39333,21323,6660,2407,9237,4345,3535,32,26
2021-06-18T23:59:59+02:00,11,8,1248,1252,4282,3465,4923,3719,4913,5632,4172,4623,2498,2597,3158,3195,2727,5148,416,498,1538,1490,1908,1882,1987,3041,2066,2634,1497,1687,2199,2314,1959,3789,39016,21011,6613,2404,9236,4301,3521,32,26
2021-06-17T23:59:59+02:00,9,7,1204,1216,4122,3395,4736,3645,4741,5540,4112,4578,2492,2594,3158,3194,2726,5148,383,481,1440,1457,1732,1820,1826,2948,1965,2555,1474,1665,2188,2302,1957,3787,38415,20546,6552,2299,9228,4224,3235,30,26
2021-06-16T23:59:59+02:00,9,7,1180,1183,4020,3312,4640,3595,4636,5472,4067,4549,2484,2590,3157,3190,2725,5147,367,460,1381,1421,1670,1789,1745,2869,1902,2482,1459,1637,2175,2289,1957,3783,37941,20147,6429,2231,9219,4146,3181,30,26
2021-06-15T23:59:59+02:00,9,7,1148,1150,3883,3230,4571,3539,4561,5399,4026,4517,2474,2583,3152,3188,2725,5146,357,437,1331,1374,1623,1748,1676,2811,1833,2413,1442,1607,2170,2275,1956,3782,37400,19826,6392,2145,9207,4074,3104,30,26
2021-06-14T23:59:59+02:00,9,5,1122,1117,3793,3178,4487,3482,4483,5329,3974,4484,2470,2573,3152,3184,2724,5145,347,424,1292,1341,1577,1717,1630,2755,1774,2361,1430,1581,2165,2268,1955,3780,36944,19583,6304,2078,9201,3996,3050,29,26
2021-06-13T23:59:59+02:00,9,5,1107,1103,3742,3137,4430,3439,4434,5292,3955,4469,2469,2567,3151,3183,2724,5143,341,417,1259,1324,1542,1692,1587,2720,1736,2319,1415,1560,2159,2257,1955,3778,36687,19397,6268,2056,9196,3921,2992,29,26
2021-06-12T23:59:59+02:00,9,4,1090,1082,3714,3111,4401,3417,4418,5278,3939,4459,2466,2564,3150,3182,2724,5142,337,416,1251,1307,1519,1668,1561,2701,1690,2298,1404,1549,2147,2254,1955,3778,36501,19235,6256,2056,9196,3864,2979,29,26
2021-06-11T23:59:59+02:00,8,4,1073,1070,3675,3067,4326,3389,4379,5243,3913,4448,2465,2560,3149,3180,2724,5141,327,404,1230,1274,1494,1648,1515,2651,1634,2251,1394,1534,2145,2249,1955,3777,36213,18984,6229,2048,9192,3788,2956,29,26
2021-06-10T23:59:59+02:00,7,4,1014,1028,3557,2987,4195,3308,4278,5174,3857,4413,2462,2552,3147,3178,2723,5141,311,392,1170,1238,1428,1588,1450,2580,1547,2145,1361,1501,2140,2239,1954,3774,35640,18558,6097,2041,9174,3632,2875,29,26
2021-06-09T23:59:59+02:00,7,2,965,996,3428,2892,4056,3250,4185,5096,3813,4371,2458,2546,3144,3175,2723,5141,293,376,1109,1204,1360,1560,1388,2500,1471,2071,1335,1443,2132,2225,1953,3771,35153,18239,5931,1989,9171,3501,2745,29,26
2021-06-08T23:59:59+02:00,6,2,917,957,3298,2808,3933,3165,4084,5010,3757,4344,2450,2541,3141,3172,2722,5139,281,355,1065,1165,1303,1529,1334,2441,1424,1997,1311,1408,2121,2207,1949,3767,34601,18001,5795,1942,9161,3364,2628,29,25
2021-06-07T23:59:59+02:00,5,2,889,931,3193,2733,3801,3129,3960,4937,3707,4316,2436,2535,3140,3170,2722,5137,272,348,1019,1126,1248,1508,1289,2387,1355,1944,1296,1388,2105,2190,1948,3759,34222,17830,5616,1907,9153,3233,2482,29,25
2021-06-06T23:59:59+02:00,5,2,870,921,3135,2693,3714,3084,3890,4907,3673,4303,2433,2529,3138,3169,2720,5136,265,335,1005,1100,1217,1479,1266,2329,1323,1885,1280,1372,2098,2183,1946,3756,34009,17724,5484,1859,9147,3119,2402,29,25
2021-06-05T23:59:59+02:00,5,2,855,903,3065,2635,3669,3056,3853,4883,3660,4300,2432,2527,3138,3168,2720,5135,260,328,989,1079,1195,1458,1242,2300,1288,1864,1262,1348,2096,2179,1946,3756,33740,17562,5479,1855,9141,3070,2363,29,24
2021-06-04T23:59:59+02:00,3,2,832,887,3012,2586,3594,3015,3784,4828,3632,4281,2428,2524,3135,3168,2720,5135,250,321,969,1049,1174,1444,1208,2264,1257,1829,1244,1324,2086,2174,1946,3754,33419,17405,5434,1850,9138,3012,2284,29,24
2021-06-03T23:59:59+02:00,3,2,787,856,2860,2490,3413,2911,3605,4712,3540,4208,2420,2514,3131,3163,2720,5135,239,308,938,1014,1118,1392,1141,2173,1197,1765,1208,1279,2076,2160,1946,3752,32747,17185,5206,1835,9123,2849,2086,29,24
2021-06-02T23:59:59+02:00,3,2,758,848,2788,2415,3347,2859,3542,4647,3497,4182,2418,2510,3131,3162,2720,5135,224,303,918,985,1066,1363,1093,2128,1145,1716,1193,1240,2072,2157,1946,3752,32393,16970,5189,1821,9123,2812,1940,29,24
2021-06-01T23:59:59+02:00,3,2,713,820,2628,2305,3157,2759,3365,4531,3433,4120,2407,2502,3128,3156,2720,5135,211,290,840,937,967,1300,1007,2011,1090,1642,1160,1183,2063,2145,1944,3747,31789,16693,4970,1781,9113,2619,1673,29,24
2021-05-31T23:59:59+02:00,3,2,679,798,2502,2223,3019,2668,3251,4432,3375,4072,2401,2489,3126,3151,2720,5134,197,277,792,895,901,1252,958,1932,1048,1584,1138,1152,2057,2140,1942,3745,31401,16520,4742,1766,9095,2486,1459,29,24
2021-05-30T23:59:59+02:00,3,2,669,787,2448,2173,2946,2631,3195,4387,3355,4050,2397,2484,3125,3150,2719,5132,188,260,754,858,850,1207,914,1868,1025,1532,1124,1136,2051,2130,1942,3743,31251,16424,4680,1756,9084,2331,1287,29,24
2021-05-29T23:59:59+02:00,3,1,667,785,2434,2156,2923,2619,3178,4369,3345,4041,2396,2483,3125,3150,2719,5132,185,250,748,848,832,1183,896,1816,1009,1495,1110,1117,2050,2122,1941,3743,31127,16327,4678,1756,9082,2190,1286,29,24
2021-05-28T23:59:59+02:00,3,1,660,775,2403,2120,2878,2594,3153,4351,3333,4025,2396,2479,3123,3144,2719,5132,182,242,737,837,822,1163,886,1776,974,1451,1087,1088,2047,2114,1940,3741,30901,16148,4668,1754,9078,2114,1282,29,24
2021-05-27T23:59:59+02:00,3,1,617,754,2277,2066,2746,2522,3017,4274,3251,3972,2387,2465,3122,3142,2719,5129,168,226,674,789,747,1107,807,1678,908,1365,1065,1057,2033,2093,1939,3739,30422,15935,4537,1714,9045,1865,1086,29,23
2021-05-26T23:59:59+02:00,3,1,588,729,2178,2002,2587,2463,2892,4209,3196,3920,2376,2453,3117,3135,2716,5123,162,210,637,750,701,1071,760,1609,862,1308,1048,1028,2014,2060,1934,3733,30027,15706,4306,1701,9017,1728,955,29,23
2021-05-25T23:59:59+02:00,3,1,566,714,2096,1944,2488,2421,2785,4126,3146,3885,2363,2444,3114,3130,2715,5119,154,202,618,721,668,1037,715,1550,812,1247,1024,1005,1986,2026,1933,3729,29676,15482,4128,1663,8977,1593,891,28,22
2021-05-24T23:59:59+02:00,3,1,553,693,2041,1904,2413,2390,2716,4073,3093,3844,2351,2436,3108,3129,2712,5118,150,194,599,703,641,1005,677,1488,788,1193,1003,988,1980,2022,1928,3728,29494,15377,3957,1650,8941,1469,792,28,22
2021-05-23T23:59:59+02:00,3,1,550,691,2028,1893,2401,2376,2705,4060,3082,3830,2347,2433,3108,3127,2712,5118,149,193,595,697,634,1001,661,1475,776,1185,997,982,1975,2018,1926,3724,29385,15297,3954,1643,8940,1459,790,28,22
2021-05-22T23:59:59+02:00,3,1,545,682,2005,1874,2370,2360,2681,4030,3053,3802,2338,2428,3106,3124,2712,5117,146,185,588,692,630,991,648,1469,770,1176,984,975,1967,2003,1926,3724,29158,15227,3953,1643,8938,1421,781,28,22
2021-05-21T23:59:59+02:00,3,1,533,664,1924,1843,2282,2316,2616,3980,3010,3755,2331,2414,3103,3123,2712,5115,146,182,583,685,618,981,635,1457,750,1156,967,946,1955,1997,1926,3723,28693,15126,3926,1641,8921,1360,778,28,22
2021-05-20T23:59:59+02:00,3,1,495,643,1792,1775,2153,2242,2493,3885,2926,3669,2312,2400,3094,3115,2710,5112,139,173,555,650,585,941,607,1399,719,1093,940,912,1943,1982,1924,3720,28030,14992,3810,1625,8848,1153,706,28,22
2021-05-19T23:59:59+02:00,3,1,455,608,1686,1701,2017,2176,2357,3789,2822,3573,2293,2381,3087,3108,2704,5111,126,165,528,630,553,907,578,1348,692,1032,919,891,1923,1952,1917,3716,27294,14816,3739,1604,8806,1057,588,28,22
2021-05-18T23:59:59+02:00,3,0,433,586,1611,1641,1920,2117,2243,3667,2726,3475,2281,2361,3079,3100,2703,5107,118,158,504,610,531,874,561,1271,674,970,902,864,1910,1932,1913,3709,26791,14681,3567,1564,8751,951,489,28,22
2021-05-17T23:59:59+02:00,3,0,412,574,1556,1606,1867,2064,2167,3558,2672,3402,2262,2341,3068,3092,2701,5102,113,150,484,596,521,839,548,1207,662,915,883,830,1905,1921,1912,3704,26486,14592,3420,1528,8685,853,397,28,21
2021-05-16T23:59:59+02:00,3,0,408,573,1528,1577,1837,2041,2124,3506,2613,3344,2248,2332,3065,3088,2701,5101,110,148,476,577,512,823,534,1157,642,873,854,799,1899,1916,1912,3703,26303,14532,3352,1491,8647,764,324,28,21
2021-05-15T23:59:59+02:00,3,0,403,569,1502,1560,1818,2022,2104,3483,2588,3306,2241,2332,3064,3085,2700,5101,109,145,474,576,512,822,529,1153,634,865,850,797,1895,1913,1912,3703,26105,14500,3352,1490,8640,756,319,26,21
2021-05-14T23:59:59+02:00,3,0,390,556,1473,1530,1778,1979,2025,3411,2534,3258,2231,2320,3061,3085,2698,5101,107,142,472,560,494,797,509,1122,620,849,837,783,1887,1904,1912,3702,25726,14440,3310,1474,8617,655,301,26,21
2021-05-13T23:59:59+02:00,2,0,369,540,1416,1481,1675,1935,1909,3323,2463,3167,2204,2302,3052,3079,2696,5095,102,139,460,552,484,782,503,1107,609,836,810,753,1871,1879,1911,3696,25281,14355,3092,1422,8565,615,274,26,19
2021-05-12T23:59:59+02:00,1,0,362,536,1398,1473,1657,1926,1888,3299,2448,3149,2201,2294,3046,3076,2696,5094,102,137,457,552,483,775,499,1102,605,830,802,739,1867,1871,1909,3696,25146,14300,3070,1412,8559,614,271,25,19
2021-05-11T23:59:59+02:00,1,0,342,516,1330,1436,1560,1889,1779,3203,2345,3072,2184,2266,3037,3065,2692,5093,96,127,442,524,464,748,479,1071,571,808,776,706,1855,1860,1907,3692,24735,14181,2902,1372,8448,526,215,25,19
2021-05-10T23:59:59+02:00,1,0,327,499,1292,1406,1508,1859,1713,3145,2285,3001,2171,2251,3028,3056,2691,5089,96,124,436,517,455,727,472,1047,566,785,762,688,1849,1853,1905,3688,24460,14115,2827,1364,8332,472,187,25,18
2021-05-09T23:59:59+02:00,1,0,321,489,1251,1386,1483,1842,1667,3108,2218,2954,2160,2237,3025,3050,2691,5084,93,121,427,508,447,721,462,1038,555,771,748,678,1842,1848,1904,3685,24225,14069,2773,1357,8282,423,164,25,17
2021-05-08T23:59:59+02:00,1,0,315,486,1241,1367,1452,1821,1637,3082,2166,2936,2153,2229,3023,3049,2689,5083,92,121,426,507,445,720,461,1033,555,765,743,677,1836,1838,1904,3685,23992,14050,2769,1349,8278,410,163,25,17
2021-05-07T23:59:59+02:00,1,0,305,479,1214,1340,1403,1801,1578,3019,2111,2887,2144,2219,3022,3044,2687,5078,89,118,414,494,435,693,448,998,532,740,737,652,1815,1824,1904,3681,23714,13979,2740,1324,8214,306,129,25,15
2021-05-06T23:59:59+02:00,1,0,288,466,1126,1303,1285,1738,1439,2908,1971,2795,2105,2186,3018,3031,2686,5074,87,112,401,480,423,676,436,975,513,719,723,634,1798,1808,1900,3674,23211,13898,2549,1303,8006,221,101,23,14
2021-05-05T23:59:59+02:00,1,0,273,452,1086,1277,1240,1702,1372,2843,1882,2711,2081,2152,3004,3016,2686,5063,87,108,393,471,418,664,429,964,506,701,702,621,1772,1786,1900,3671,22751,13811,2489,1280,7946,173,94,23,13
2021-05-04T23:59:59+02:00,1,0,265,441,1051,1254,1201,1681,1328,2796,1823,2645,2061,2117,2994,3002,2676,5050,83,104,386,460,415,659,419,944,497,681,684,598,1754,1760,1896,3671,22406,13709,2426,1247,7900,132,88,23,12
2021-05-03T23:59:59+02:00,1,0,260,433,1020,1232,1165,1664,1299,2762,1776,2608,2044,2088,2981,2993,2674,5044,78,98,374,454,407,651,415,936,489,674,665,587,1727,1732,1894,3667,22154,13604,2402,1236,7852,111,61,23,11
2021-05-02T23:59:59+02:00,1,0,254,431,1006,1220,1137,1648,1273,2748,1761,2584,2036,2073,2976,2990,2672,5041,76,98,368,451,403,646,411,930,486,668,657,574,1704,1717,1894,3666,22028,13558,2385,1211,7812,97,46,23,11
2021-05-01T23:59:59+02:00,1,0,250,427,998,1211,1125,1638,1259,2735,1744,2565,2027,2067,2973,2986,2672,5041,76,98,368,450,402,646,410,926,486,667,655,574,1704,1717,1894,3666,21892,13551,2385,1211,7812,94,46,23,11
2021-04-30T23:59:59+02:00,1,0,248,421,988,1189,1104,1618,1221,2671,1682,2505,2013,2049,2966,2981,2671,5037,75,96,367,444,399,640,409,901,481,656,648,568,1701,1711,1894,3664,21572,13535,2380,1199,7808,69,15,23,10
2021-04-29T23:59:59+02:00,1,0,234,406,940,1165,1067,1582,1172,2616,1590,2430,1962,2002,2956,2969,2666,5025,75,95,361,443,394,635,403,890,470,645,633,556,1686,1698,1888,3658,21081,13458,2344,1172,7748,48,14,23,10
2021-04-28T23:59:59+02:00,1,0,223,403,925,1150,1037,1571,1136,2577,1522,2374,1919,1940,2943,2964,2664,5022,72,94,354,440,391,626,400,880,463,631,615,538,1667,1680,1888,3656,20767,13379,2299,1127,7692,35,13,23,10
2021-04-27T23:59:59+02:00,1,0,222,395,911,1136,1021,1558,1113,2552,1499,2347,1885,1896,2937,2957,2662,5018,70,91,352,437,389,621,398,876,457,626,607,527,1655,1657,1884,3653,20564,13318,2269,1098,7657,30,13,22,10
2021-04-26T23:59:59+02:00,1,0,219,388,902,1127,1011,1545,1086,2534,1445,2298,1867,1875,2927,2946,2659,5012,70,91,348,433,389,619,392,873,453,620,598,515,1640,1642,1882,3649,20373,13272,2253,1059,7589,28,13,22,10
2021-04-25T23:59:59+02:00,1,0,219,387,894,1117,998,1537,1069,2515,1412,2263,1843,1852,2919,2939,2659,5011,69,90,347,428,386,618,390,869,451,619,595,509,1634,1632,1882,3647,20237,13253,2229,1039,7537,20,13,22,9
2021-04-24T23:59:59+02:00,1,0,215,383,883,1107,985,1523,1055,2496,1377,2241,1833,1828,2916,2933,2659,5011,69,90,347,428,385,618,390,867,450,616,594,506,1633,1629,1882,3647,20064,13246,2229,1030,7517,20,13,22,9
2021-04-23T23:59:59+02:00,1,0,211,376,872,1095,978,1513,1034,2477,1318,2193,1808,1801,2909,2927,2659,5008,68,88,347,428,385,617,389,864,447,612,587,498,1624,1620,1882,3642,19902,13219,2217,1003,7418,20,13,22,9
2021-04-22T23:59:59+02:00,1,0,209,368,846,1076,954,1490,1004,2435,1263,2128,1761,1749,2896,2907,2657,4999,68,87,345,423,379,609,386,854,442,606,575,490,1605,1606,1877,3637,19594,13144,2161,976,7340,13,13,22,9
2021-04-21T23:59:59+02:00,1,0,203,361,827,1061,929,1471,965,2398,1212,2077,1714,1680,2875,2886,2650,4991,66,85,342,421,377,606,383,849,439,599,570,484,1593,1584,1866,3632,19242,13073,2127,954,7279,13,13,22,9
2021-04-20T23:59:59+02:00,1,0,197,356,811,1037,911,1450,943,2345,1171,2024,1656,1613,2845,2860,2644,4976,65,85,340,420,373,602,378,843,439,592,563,476,1570,1551,1862,3628,18921,12988,2054,931,7208,12,13,22,9
2021-04-19T23:59:59+02:00,1,0,195,347,797,1026,897,1431,926,2312,1146,1990,1616,1567,2832,2845,2642,4971,65,84,339,418,368,597,374,834,434,581,559,470,1542,1524,1856,3615,18707,12893,2037,903,7139,9,12,21,9
2021-04-18T23:59:59+02:00,1,0,194,344,790,1017,886,1421,906,2292,1124,1970,1576,1526,2823,2838,2636,4965,64,82,338,417,368,597,373,829,433,578,556,464,1532,1518,1853,3613,18570,12863,2006,887,7067,9,12,21,9
2021-04-17T23:59:59+02:00,1,0,192,340,787,1014,880,1419,897,2287,1117,1962,1556,1499,2818,2829,2636,4965,64,79,336,412,367,597,371,825,432,575,551,458,1522,1510,1853,3610,18488,12812,2005,885,7039,9,12,21,9
2021-04-16T23:59:59+02:00,1,0,191,339,778,1008,867,1402,883,2264,1079,1922,1500,1432,2804,2814,2632,4958,59,77,333,405,366,595,366,813,425,561,525,428,1509,1488,1842,3597,18257,12705,1988,819,6960,8,12,20,8
2021-04-15T23:59:59+02:00,1,0,190,334,756,991,849,1390,858,2220,1037,1882,1448,1377,2775,2786,2617,4942,57,76,328,399,361,594,358,807,415,558,510,420,1475,1455,1830,3582,17980,12588,1971,772,6829,7,12,19,8
2021-04-14T23:59:59+02:00,1,0,189,328,747,984,842,1377,843,2186,1018,1852,1390,1330,2725,2721,2604,4926,54,72,323,396,357,589,355,799,405,544,494,402,1440,1424,1823,3563,17697,12450,1950,725,6740,7,12,17,8
2021-04-13T23:59:59+02:00,1,0,185,322,738,980,831,1366,832,2161,985,1823,1325,1255,2672,2663,2596,4911,52,72,319,393,349,583,348,791,397,536,481,394,1413,1402,1814,3552,17445,12352,1898,680,6627,5,12,16,8
2021-04-12T23:59:59+02:00,1,0,185,321,732,975,823,1354,806,2138,969,1802,1273,1219,2652,2633,2592,4897,51,68,309,385,344,577,343,783,391,529,463,384,1395,1387,1811,3544,17307,12259,1873,638,6514,5,12,14,8
2021-04-11T23:59:59+02:00,0,0,183,320,726,965,816,1349,793,2122,953,1785,1251,1188,2631,2611,2587,4890,50,66,304,383,342,575,342,779,386,521,458,375,1380,1382,1806,3537,17234,12206,1848,612,6407,4,12,14,8
2021-04-10T23:59:59+02:00,0,0,183,318,726,962,813,1348,786,2114,946,1778,1237,1173,2618,2595,2586,4890,45,61,281,370,327,560,328,767,371,511,445,368,1368,1363,1801,3531,17178,12029,1839,596,6375,4,11,14,8
2021-04-09T23:59:59+02:00,0,0,183,314,722,958,803,1325,778,2030,926,1696,1182,1102,2575,2567,2583,4882,38,59,267,356,309,548,309,753,358,495,428,359,1326,1333,1788,3517,17016,11799,1802,566,6124,4,9,12,7
2021-04-08T23:59:59+02:00,0,0,182,310,718,951,792,1316,763,2012,902,1674,1108,1020,2517,2528,2570,4872,37,57,259,342,296,540,293,737,332,477,401,336,1277,1294,1764,3483,16842,11510,1736,533,5973,4,8,12,7
2021-04-07T23:59:59+02:00,0,0,176,307,709,945,784,1302,746,1984,879,1642,1054,961,2463,2468,2561,4857,35,54,241,326,286,534,284,724,317,464,372,316,1230,1255,1745,3445,16647,11238,1691,502,5812,4,8,12,7
2021-04-06T23:59:59+02:00,0,0,172,306,703,941,770,1287,726,1961,851,1617,1020,914,2423,2418,2553,4847,33,53,240,323,282,531,274,721,307,459,361,302,1200,1225,1725,3423,16528,11103,1656,468,5633,4,8,12,7
2021-04-05T23:59:59+02:00,0,0,172,306,702,935,765,1277,717,1945,840,1602,992,888,2396,2375,2548,4839,33,53,240,319,281,527,271,714,301,457,359,295,1166,1200,1717,3404,16464,11009,1639,438,5500,4,8,12,7
2021-04-04T23:59:59+02:00,0,0,171,303,699,928,760,1266,708,1929,833,1580,977,874,2390,2369,2548,4838,33,53,240,319,280,527,271,714,300,457,357,295,1148,1187,1713,3400,16434,10965,1636,438,5408,4,8,11,7
2021-04-03T23:59:59+02:00,0,0,171,303,699,928,758,1264,707,1924,825,1576,964,864,2384,2359,2545,4837,33,53,240,319,280,527,271,713,300,455,357,295,1148,1182,1713,3397,16388,10954,1636,438,5387,4,8,11,7
2021-04-02T23:59:59+02:00,0,0,171,302,699,927,757,1261,704,1917,817,1565,952,853,2362,2337,2543,4834,33,53,237,319,278,525,268,706,293,450,352,293,1127,1154,1701,3370,16317,10835,1624,431,5360,4,8,11,7
2021-04-01T23:59:59+02:00,0,0,168,299,693,916,744,1248,698,1897,799,1544,921,818,2322,2288,2537,4815,32,52,229,316,276,521,265,699,287,445,340,285,1088,1115,1668,3327,16184,10633,1561,417,5257,4,8,11,7
2021-03-31T23:59:59+02:00,0,0,165,296,686,909,734,1232,690,1851,785,1501,904,799,2275,2224,2516,4796,32,52,228,315,271,519,260,697,277,434,325,279,1023,1062,1644,3295,16064,10421,1495,398,5099,4,7,11,7
2021-03-30T23:59:59+02:00,0,0,161,289,680,900,730,1211,679,1812,774,1457,882,781,2227,2159,2502,4774,32,51,225,312,268,516,258,691,272,426,314,273,989,1033,1622,3259,15918,10264,1448,380,4945,4,7,11,7
2021-03-29T23:59:59+02:00,0,0,158,283,674,887,724,1200,669,1780,761,1418,863,763,2152,2091,2481,4744,32,50,224,310,267,514,254,683,264,415,307,267,961,1012,1609,3232,15709,10133,1404,370,4826,4,7,11,7
2021-03-28T23:59:59+02:00,0,0,150,266,664,880,717,1191,664,1759,756,1400,856,742,2105,2046,2476,4732,32,49,221,310,263,508,250,680,262,412,305,265,950,1001,1603,3224,15628,10075,1349,362,4717,4,7,11,7
2021-03-27T23:59:59+01:00,0,0,150,263,660,873,713,1187,658,1748,753,1393,845,727,2093,2032,2476,4729,32,49,221,310,263,508,249,673,259,407,303,264,943,991,1586,3200,15572,10008,1340,352,4676,4,7,11,7
2021-03-26T23:59:59+01:00,0,0,148,261,650,861,707,1171,649,1729,745,1362,826,708,2067,2007,2466,4719,32,49,221,310,262,506,249,672,253,395,298,256,911,959,1553,3151,15464,9828,1303,352,4594,4,5,11,7
2021-03-25T23:59:59+01:00,0,0,145,260,640,849,686,1150,632,1691,726,1319,806,688,2024,1963,2450,4701,32,48,218,305,261,505,243,669,251,393,290,252,872,928,1491,3072,15348,9592,1249,338,4416,3,5,10,7
2021-03-24T23:59:59+01:00,0,0,142,251,626,836,679,1136,623,1653,711,1285,781,670,1982,1919,2433,4677,32,48,216,303,259,503,241,669,245,390,283,246,827,903,1440,2979,15210,9364,1215,322,4261,2,4,10,7
2021-03-23T23:59:59+01:00,0,0,139,249,619,826,665,1124,613,1631,698,1245,763,656,1941,1888,2417,4658,31,47,214,302,257,499,234,664,242,383,273,242,802,879,1362,2881,15116,9101,1186,311,4110,2,4,10,7
2021-03-22T23:59:59+01:00,0,0,136,244,601,808,647,1105,602,1598,683,1219,752,643,1910,1863,2406,4642,31,46,213,300,255,497,233,656,241,379,270,237,775,857,1270,2775,15033,8836,1154,299,3951,2,4,9,7
2021-03-21T23:59:59+01:00,0,0,134,242,597,802,643,1102,597,1574,673,1184,746,632,1886,1856,2399,4626,31,46,212,300,254,495,232,655,239,377,268,233,769,854,1261,2766,14999,8802,1133,290,3834,2,4,9,6
2021-03-20T23:59:59+01:00,0,0,132,242,591,799,639,1099,594,1570,671,1182,741,623,1862,1833,2392,4614,31,46,212,300,253,495,231,653,236,371,266,231,760,848,1243,2752,14937,8748,1123,280,3795,2,4,9,6
2021-03-19T23:59:59+01:00,0,0,123,230,585,785,631,1093,591,1552,654,1168,706,580,1804,1791,2362,4593,30,46,212,299,252,495,230,646,233,368,264,225,734,829,1207,2699,14769,8603,1048,265,3698,2,4,8,6
2021-03-18T23:59:59+01:00,0,0,120,225,566,775,611,1061,572,1502,624,1120,670,555,1754,1743,2335,4550,30,46,210,297,250,487,230,640,229,359,262,217,716,817,1174,2656,14575,8472,986,246,3483,2,4,8,6
2021-03-17T23:59:59+01:00,0,0,114,219,555,762,599,1056,561,1489,609,1097,646,531,1709,1708,2314,4511,30,45,210,296,249,484,229,639,228,356,261,215,704,805,1139,2609,14372,8355,936,240,3428,2,4,7,6
2021-03-16T23:59:59+01:00,0,0,109,213,543,750,586,1044,549,1447,593,1069,627,507,1654,1653,2292,4475,30,44,210,294,249,479,228,637,226,355,257,215,688,786,1109,2553,14193,8219,883,237,3285,2,3,7,6
2021-03-15T23:59:59+01:00,0,0,105,206,529,735,574,1020,538,1412,578,1031,607,488,1612,1615,2270,4451,29,44,209,291,249,476,226,635,224,355,249,211,669,774,1084,2517,14037,8116,828,223,3152,2,1,7,6
2021-03-14T23:59:59+01:00,0,0,101,194,520,720,563,998,530,1367,561,986,589,472,1583,1594,2254,4426,29,44,209,289,248,475,225,630,223,350,247,207,665,767,1076,2502,13930,8089,793,194,2976,2,1,7,6
2021-03-13T23:59:59+01:00,0,0,97,184,494,699,534,972,502,1344,538,965,562,463,1557,1569,2246,4418,29,44,209,289,248,475,224,630,223,349,246,207,660,757,1046,2473,13706,8011,779,193,2884,2,1,7,6
2021-03-12T23:59:59+01:00,0,0,88,178,468,671,514,944,478,1309,512,929,532,442,1501,1522,2223,4379,29,44,209,288,248,474,224,630,223,348,242,205,646,745,1021,2446,13400,7922,750,193,2754,2,1,7,5
2021-03-11T23:59:59+01:00,0,0,82,167,437,634,479,912,440,1230,474,865,502,409,1422,1454,2175,4320,29,43,208,285,243,470,222,626,219,345,237,203,630,723,996,2405,13016,7835,697,142,2485,2,1,7,5
2021-03-10T23:59:59+01:00,0,0,80,161,413,609,460,895,422,1194,446,821,471,383,1344,1390,2136,4264,29,43,206,280,239,466,219,620,219,343,232,200,611,715,973,2365,12674,7725,664,125,2343,2,1,7,5
2021-03-09T23:59:59+01:00,0,0,79,157,402,588,434,866,409,1144,428,790,449,364,1292,1357,2095,4219,29,43,205,277,237,458,216,616,215,338,230,199,600,708,954,2334,12448,7642,637,106,2167,2,1,7,5
2021-03-08T23:59:59+01:00,0,0,76,152,388,570,415,848,397,1091,417,748,433,349,1234,1321,2071,4181,29,43,205,276,234,452,212,611,210,334,228,198,587,703,944,2323,12258,7589,600,90,2009,1,1,7,4
2021-03-07T23:59:59+01:00,0,0,73,148,385,560,407,832,385,1077,410,742,430,344,1221,1301,2062,4172,29,43,204,275,234,450,210,610,210,333,227,197,583,700,936,2316,12191,7559,573,88,1957,0,1,7,4
2021-03-06T23:59:59+01:00,0,0,73,141,382,555,400,811,375,1022,402,707,428,343,1214,1290,2047,4157,29,43,204,275,233,449,210,609,210,333,227,197,580,700,934,2303,12133,7551,573,75,1811,0,1,7,4
2021-03-05T23:59:59+01:00,0,0,73,136,378,549,396,805,372,1005,390,681,416,329,1174,1248,2003,4098,29,43,203,274,232,448,209,607,209,330,225,196,575,699,926,2282,11917,7527,551,49,1748,0,1,7,4
2021-03-04T23:59:59+01:00,0,0,73,125,369,516,382,772,352,963,376,651,399,327,1122,1198,1919,4002,28,43,201,269,230,441,207,596,206,329,224,195,573,696,923,2279,11614,7479,518,48,1574,0,1,7,4
2021-03-03T23:59:59+01:00,0,0,68,116,360,500,374,755,347,941,362,631,389,319,1077,1164,1849,3880,28,43,201,268,229,439,204,586,206,322,223,192,568,693,916,2273,11338,7435,491,43,1460,0,1,6,4
2021-03-02T23:59:59+01:00,0,0,65,110,350,487,360,737,336,920,354,603,376,312,1042,1133,1751,3759,27,43,201,268,229,432,199,579,204,319,221,192,566,685,909,2260,11013,7376,467,43,1365,0,1,6,4
2021-03-01T23:59:59+01:00,0,0,64,108,344,473,353,717,325,895,347,569,371,308,1015,1101,1633,3604,27,42,200,267,227,423,197,571,204,315,220,192,563,678,900,2252,10671,7319,446,43,1257,0,1,6,4
2021-02-28T23:59:59+01:00,0,0,64,106,337,464,350,709,323,871,342,549,366,296,1006,1097,1623,3592,27,42,199,266,226,423,197,571,204,315,219,192,562,674,897,2249,10625,7304,435,43,1180,0,1,6,4
2021-02-27T23:59:59+01:00,0,0,61,97,333,455,346,705,317,858,338,539,362,292,997,1086,1601,3570,27,42,199,265,226,422,196,570,203,314,219,192,562,674,897,2249,10554,7303,423,38,1123,0,1,6,4
2021-02-26T23:59:59+01:00,0,0,59,94,326,431,321,673,297,827,325,518,358,288,972,1066,1559,3508,27,41,199,264,226,420,194,567,200,312,219,192,562,674,896,2246,10393,7285,420,38,947,0,1,6,3
2021-02-25T23:59:59+01:00,0,0,52,81,313,412,310,643,291,798,310,492,348,278,953,1047,1521,3462,27,41,198,261,222,417,191,559,195,311,214,189,551,666,885,2240,10240,7223,406,28,799,0,1,6,3
2021-02-24T23:59:59+01:00,0,0,48,76,304,400,303,630,286,783,306,482,342,277,933,1035,1474,3403,26,41,196,259,219,404,189,551,192,306,212,186,545,660,883,2227,10092,7158,392,20,729,0,1,6,3
2021-02-23T23:59:59+01:00,0,0,45,67,291,384,295,611,280,764,296,472,335,275,904,1016,1433,3330,25,41,195,257,217,399,188,545,188,303,211,185,543,649,877,2207,9915,7095,373,16,637,0,1,6,3
2021-02-22T23:59:59+01:00,0,0,42,64,284,372,291,600,276,753,292,468,328,268,882,1001,1403,3294,25,39,191,254,214,386,180,535,183,300,207,182,531,641,870,2190,9793,7003,357,5,594,0,1,5,3
2021-02-21T23:59:59+01:00,0,0,41,63,279,364,289,591,272,745,285,464,325,265,877,996,1396,3284,25,38,190,252,213,384,180,526,183,299,207,182,527,640,862,2177,9766,6958,349,5,544,0,1,4,3
2021-02-20T23:59:59+01:00,0,0,40,63,276,363,289,588,271,739,282,456,324,265,864,984,1363,3253,25,38,190,252,213,384,180,526,182,298,207,182,526,640,860,2176,9680,6952,338,5,522,0,1,4,3
2021-02-19T23:59:59+01:00,0,0,39,63,272,358,283,565,261,713,277,442,320,260,840,967,1329,3223,25,37,190,252,212,383,180,525,181,298,206,181,521,639,855,2159,9573,6917,323,5,433,0,1,3,3
2021-02-18T23:59:59+01:00,0,0,39,59,254,337,274,544,252,692,260,414,316,251,828,946,1303,3191,24,36,186,245,210,377,176,509,179,287,203,176,506,625,818,2092,9479,6722,297,5,299,0,1,3,3
2021-02-17T23:59:59+01:00,0,0,39,57,247,331,271,530,247,679,257,392,311,246,808,935,1274,3144,22,34,183,240,202,362,172,492,174,275,195,172,495,610,799,2053,9346,6551,287,4,245,0,1,3,3
2021-02-16T23:59:59+01:00,0,0,38,52,235,319,268,519,241,664,250,384,306,244,797,924,1248,3112,20,34,174,232,194,343,166,480,170,261,192,165,462,579,764,1985,9250,6291,279,4,180,0,1,3,3
2021-02-15T23:59:59+01:00,0,0,37,51,229,316,261,506,237,658,246,376,302,243,778,915,1236,3093,19,32,168,226,189,335,161,469,164,254,182,159,432,550,728,1914,9184,6052,265,4,143,0,1,3,3
2021-02-14T23:59:59+01:00,0,0,35,51,226,313,259,500,235,652,246,372,302,239,771,909,1227,3074,18,32,166,223,185,330,160,457,162,251,181,156,424,541,710,1870,9161,5935,232,4,125,0,1,3,3
2021-02-13T23:59:59+01:00,0,0,34,51,226,313,257,500,235,651,246,372,302,239,769,908,1226,3074,18,32,164,222,182,330,159,455,161,248,179,153,419,538,702,1855,9155,5888,232,1,123,0,1,3,3
2021-02-12T23:59:59+01:00,0,0,33,49,223,307,254,491,231,640,243,365,301,238,763,907,1223,3064,18,32,162,219,181,329,157,453,159,247,177,149,415,522,671,1789,9126,5751,232,1,79,0,1,3,3
2021-02-11T23:59:59+01:00,0,0,32,48,215,288,247,475,224,616,230,352,297,237,755,890,1198,3031,18,31,146,199,173,298,146,406,152,224,160,133,369,473,608,1621,9055,5223,165,1,18,0,1,3,3
2021-02-10T23:59:59+01:00,0,0,31,48,212,281,244,468,220,607,227,345,293,237,743,887,1190,3021,17,28,133,176,157,260,127,356,141,199,144,125,342,442,546,1496,9000,4748,148,1,7,0,1,3,1
2021-02-09T23:59:59+01:00,0,0,30,46,211,278,242,455,215,599,223,342,289,233,739,880,1181,3008,17,27,118,147,144,237,110,313,127,172,126,116,308,385,491,1338,8944,4229,124,1,3,0,1,3,1
2021-02-08T23:59:59+01:00,0,0,30,46,210,276,236,441,212,587,220,337,284,233,731,874,1175,3001,15,25,102,125,123,193,91,272,119,160,103,107,269,333,429,1202,8878,3716,109,1,3,0,1,3,1
2021-02-07T23:59:59+01:00,0,0,30,45,208,275,234,440,212,584,220,336,284,233,729,870,1170,2998,14,19,98,117,116,182,86,254,113,150,96,102,262,320,413,1152,8857,3539,106,1,0,0,1,3,1
2021-02-06T23:59:59+01:00,0,0,30,45,208,275,234,439,212,584,220,335,283,233,728,870,1169,2986,11,15,97,115,115,178,84,247,113,148,95,101,262,316,402,1137,8854,3478,92,1,0,0,1,3,1
2021-02-05T23:59:59+01:00,0,0,29,44,208,275,234,438,210,581,218,334,282,233,726,870,1157,2959,10,11,89,107,111,175,83,242,107,136,92,99,253,310,377,1108,8834,3350,57,0,0,0,1,3,1
2021-02-04T23:59:59+01:00,0,0,29,43,205,272,230,433,205,575,216,330,279,229,720,863,1148,2945,9,7,62,74,88,131,71,203,87,117,88,85,221,274,333,982,8759,2862,57,0,0,0,0,3,1
2021-02-03T23:59:59+01:00,0,0,29,42,205,270,229,421,202,569,215,327,276,226,710,860,1141,2929,6,4,45,56,69,107,53,157,74,87,63,60,166,200,252,719,8695,2142,50,0,0,0,0,3,1
2021-02-02T23:59:59+01:00,0,0,28,42,204,268,225,415,201,564,212,326,273,225,702,849,1134,2904,3,3,29,39,54,77,41,101,55,64,54,49,119,134,168,475,8615,1481,49,0,0,0,0,3,1
2021-02-01T23:59:59+01:00,0,0,27,40,202,268,222,410,198,558,208,318,271,222,695,846,1129,2892,3,1,22,21,27,45,28,62,31,34,38,31,72,86,97,286,8549,892,49,0,0,0,0,3,1
2021-01-31T23:59:59+01:00,0,0,27,40,202,266,220,406,196,550,207,317,270,222,691,842,1123,2877,3,1,20,16,18,37,21,49,23,30,35,25,57,74,94,256,8498,765,48,0,0,0,0,3,1
2021-01-30T23:59:59+01:00,0,0,27,40,202,266,220,405,195,550,207,317,270,222,690,842,1122,2875,3,1,19,15,16,37,19,45,21,29,34,24,57,71,92,250,8493,738,47,0,0,0,0,3,1
2021-01-29T23:59:59+01:00,0,0,27,40,202,263,219,404,194,549,205,315,270,222,685,839,1116,2867,3,0,16,10,11,31,18,40,17,26,34,23,54,70,90,244,8465,690,43,0,0,0,0,2,1
2021-01-28T23:59:59+01:00,0,0,27,39,195,260,219,398,193,540,202,310,269,222,673,831,1093,2847,3,0,3,3,6,18,10,22,8,12,26,16,37,47,60,173,8375,445,34,0,0,0,0,2,1
2021-01-27T23:59:59+01:00,0,0,26,37,190,255,214,389,191,526,199,300,261,217,658,813,1069,2809,1,0,2,3,5,14,9,20,7,11,25,15,31,41,50,132,8211,366,29,0,0,0,0,2,1
2021-01-26T23:59:59+01:00,0,0,23,37,187,244,208,376,186,508,196,292,255,212,636,796,1041,2758,1,0,1,3,5,14,9,20,7,11,24,12,30,37,49,115,8016,338,24,0,0,0,0,2,1
2021-01-25T23:59:59+01:00,0,0,23,36,179,242,205,366,181,498,191,281,245,207,613,776,1015,2713,1,0,1,3,4,12,8,17,7,10,21,10,26,36,41,104,7848,301,6,0,0,0,0,2,1
2021-01-24T23:59:59+01:00,0,0,22,35,177,239,202,365,180,496,190,279,245,205,609,771,1012,2708,1,0,1,3,3,12,8,17,7,10,21,10,26,36,40,102,7812,297,5,0,0,0,0,2,1
2021-01-23T23:59:59+01:00,0,0,22,35,177,239,200,365,180,495,190,279,245,205,608,771,1004,2695,1,0,1,3,3,11,8,17,6,10,21,10,26,36,40,102,7787,295,5,0,0,0,0,2,1
2021-01-22T23:59:59+01:00,0,0,21,34,175,235,199,365,180,494,189,279,245,203,606,769,976,2653,1,0,1,3,3,11,8,17,6,10,21,10,26,36,40,102,7700,295,5,0,0,0,0,2,1
2021-01-21T23:59:59+01:00,0,0,20,34,166,226,192,347,175,471,187,263,233,198,581,743,940,2600,1,0,1,3,1,6,7,12,4,6,20,8,22,26,35,85,7449,237,5,0,0,0,0,2,1
2021-01-20T23:59:59+01:00,0,0,19,32,151,200,174,305,146,415,173,239,215,187,539,697,871,2400,1,0,1,3,1,6,7,11,4,5,19,7,21,23,31,79,6829,219,4,0,0,0,0,2,1
2021-01-19T23:59:59+01:00,0,0,19,30,128,168,158,271,133,372,157,216,180,166,476,606,773,2126,1,0,1,3,1,6,5,7,2,3,11,3,10,15,22,57,6038,147,3,0,0,0,0,2,1
2021-01-18T23:59:59+01:00,0,0,16,29,113,150,136,227,115,323,140,189,142,151,386,501,638,1785,1,0,1,1,0,3,4,5,1,3,2,1,4,6,10,28,5096,70,3,0,0,0,0,2,1
2021-01-17T23:59:59+01:00,0,0,15,19,109,136,128,214,107,299,132,177,133,137,371,471,588,1682,1,0,0,0,0,1,2,4,1,2,1,1,3,1,2,5,4766,23,3,0,0,0,0,2,1
2021-01-16T23:59:59+01:00,0,0,13,15,105,133,126,209,104,289,130,171,130,133,366,463,571,1654,0,0,0,0,0,0,0,0,1,0,0,0,0,0,0,0,4660,0,0,0,0,0,0,2,1
2021-01-15T23:59:59+01:00,0,0,11,13,100,124,122,204,102,279,128,159,126,130,358,447,540,1610,0,0,0,0,0,0,0,0,1,0,0,0,0,0,0,0,4498,0,0,0,0,0,0,2,1
2021-01-14T23:59:59+01:00,0,0,9,9,75,91,103,167,84,234,111,142,114,109,306,397,475,1394,0,0,0,0,0,0,0,0,1,0,0,0,0,0,0,0,3855,0,0,0,0,0,0,2,1
2021-01-13T23:59:59+01:00,0,0,7,8,62,81,92,140,74,192,101,116,86,80,236,282,377,1064,0,0,0,0,0,0,0,0,1,0,0,0,0,0,0,0,3027,0,0,0,0,0,0,2,1
2021-01-12T23:59:59+01:00,0,0,5,6,53,62,75,110,66,135,79,92,70,64,166,202,274,745,0,0,0,0,0,0,0,0,1,0,0,0,0,0,0,0,2230,0,0,0,0,0,0,0,1
2021-01-11T23:59:59+01:00,0,0,4,4,45,49,62,81,52,108,57,65,50,43,96,123,145,419,0,0,0,0,0,0,0,0,1,0,0,0,0,0,0,0,1424,0,0,0,0,0,0,0,1
2021-01-10T23:59:59+01:00,0,0,3,4,41,37,46,67,38,86,47,56,45,33,79,109,136,365,0,0,0,0,0,0,0,0,1,0,0,0,0,0,0,0,1204,0,0,0,0,0,0,0,1
2021-01-09T23:59:59+01:00,0,0,3,3,38,36,41,64,35,76,41,51,44,33,79,107,133,363,0,0,0,0,0,0,0,0,1,0,0,0,0,0,0,0,1157,0,0,0,0,0,0,0,1
2021-01-08T23:59:59+01:00,0,0,3,2,31,28,34,57,29,63,36,45,42,30,74,104,129,352,0,0,0,0,0,0,0,0,1,0,0,0,0,0,0,0,1067,0,0,0,0,0,0,0,1
2021-01-07T23:59:59+01:00,0,0,3,2,9,3,9,20,12,28,12,22,35,21,52,69,89,250,0,0,0,0,0,0,0,0,1,0,0,0,0,0,0,0,638,0,0,0,0,0,0,0,1
2021-01-06T23:59:59+01:00,0,0,3,0,2,3,5,15,9,22,8,13,31,19,44,58,74,199,0,0,0,0,0,0,0,0,1,0,0,0,0,0,0,0,507,0,0,0,0,0,0,0,1
2021-01-05T23:59:59+01:00,0,0,2,0,1,3,5,14,9,20,8,12,30,18,43,57,71,191,0,0,0,0,0,0,0,0,1,0,0,0,0,0,0,0,486,0,0,0,0,0,0,0,1
2021-01-04T23:59:59+01:00,0,0,1,0,1,3,5,13,8,18,7,11,26,14,34,48,55,145,0,0,0,0,0,0,0,0,1,0,0,0,0,0,0,0,390,0,0,0,0,0,0,0,1
2021-01-03T23:59:59+01:00,0,0,1,0,1,3,4,13,8,18,6,11,26,14,34,48,55,144,0,0,0,0,0,0,0,0,1,0,0,0,0,0,0,0,387,0,0,0,0,0,0,0,1
2021-01-02T23:59:59+01:00,0,0,1,0,1,3,4,13,7,18,5,11,26,14,34,48,55,144,0,0,0,0,0,0,0,0,1,0,0,0,0,0,0,0,385,0,0,0,0,0,0,0,1
2021-01-01T23:59:59+01:00,0,0,1,0,1,3,4,13,7,18,5,11,26,14,34,48,55,144,0,0,0,0,0,0,0,0,1,0,0,0,0,0,0,0,385,0,0,0,0,0,0,0,1
2020-12-31T23:59:59+01:00,0,0,1,0,1,3,4,12,7,18,5,11,26,14,34,48,55,144,0,0,0,0,0,0,0,0,1,0,0,0,0,0,0,0,384,0,0,0,0,0,0,0,1
2020-12-30T23:59:59+01:00,0,0,1,0,1,3,4,12,7,17,5,11,26,14,34,48,55,144,0,0,0,0,0,0,0,0,1,0,0,0,0,0,0,0,383,0,0,0,0,0,0,0,1
2020-12-29T23:59:59+01:00,0,0,1,0,1,3,3,8,5,12,3,8,19,10,25,40,40,117,0,0,0,0,0,0,0,0,1,0,0,0,0,0,0,0,296,0,0,0,0,0,0,0,1
2020-12-28T23:59:59+01:00,0,0,1,0,1,1,1,2,3,6,2,4,11,3,8,15,24,58,0,0,0,0,0,0,0,0,1,0,0,0,0,0,0,0,141,0,0,0,0,0,0,0,1
2020-12-27T23:59:59+01:00,0,0,1,0,0,0,0,1,2,6,0,2,2,1,5,4,5,20,0,0,0,0,0,0,0,0,0,0,0,0,0,0,0,0,49,0,0,0,0,0,0,0,0
