Datum,<15_m,<15_w,15-24_1_m,15-24_1_w,25-34_1_m,25-34_1_w,35-44_1_m,35-44_1_w,45-54_1_m,45-54_1_w,55-64_1_m,55-64_1_w,65-74_1_m,65-74_1_w,75-84_1_m,75-84_1_w,>84_1_m,>84_1_w,<24_2_m,<24_2_w,25-34_2_m,25-34_2_w,35-44_2_m,35-44_2_w,45-54_2_m,45-54_2_w,55-64_2_m,55-64_2_w,65-74_2_m,65-74_2_w,75-84_2_m,75-84_2_w,>84_2_m,>84_2_w,bp_1,bp_2,mo_1,mo_2,az_1,az_2,ja,unb_1,unb_2
2021-08-21T23:59:59+02:00,136,153,3075,2826,8317,5958,8084,5539,7204,7613,5352,5677,2708,2820,3222,3275,2738,5168,2509,2265,7099,5100,7210,4888,6468,6845,4732,5128,2125,2418,2399,2580,1975,3842,54281,44964,8130,6969,9535,7529,8847,33,28
2021-08-20T23:59:59+02:00,135,152,3060,2816,8287,5942,8056,5524,7186,7592,5344,5667,2707,2817,3222,3275,2738,5166,2477,2254,7049,5067,7173,4866,6431,6808,4715,5107,2121,2413,2399,2577,1975,3840,54220,44805,8118,6929,9535,7518,8741,33,28
2021-08-19T23:59:59+02:00,135,149,3040,2799,8237,5916,8022,5502,7167,7569,5330,5652,2701,2814,3222,3275,2738,5165,2431,2230,6974,5020,7114,4828,6385,6752,4688,5077,2117,2409,2398,2577,1975,3840,54093,44484,8106,6902,9533,7510,8629,33,28
2021-08-18T23:59:59+02:00,134,147,3020,2789,8206,5895,7993,5484,7134,7554,5318,5645,2696,2811,3221,3275,2737,5164,2401,2212,6902,4987,7056,4798,6341,6723,4662,5052,2113,2405,2395,2577,1975,3839,53962,44243,8100,6844,9533,7502,8556,33,28
2021-08-17T23:59:59+02:00,134,146,3002,2775,8175,5871,7963,5473,7124,7533,5306,5634,2693,2809,3220,3274,2736,5164,2371,2189,6837,4939,7007,4765,6313,6685,4642,5032,2106,2400,2394,2574,1974,3839,53845,43970,8090,6808,9532,7495,8493,33,28
2021-08-16T23:59:59+02:00,131,144,2993,2761,8146,5857,7945,5464,7110,7519,5294,5622,2693,2809,3219,3273,2736,5164,2338,2163,6766,4905,6946,4736,6261,6646,4612,5008,2105,2398,2391,2572,1974,3839,53758,43638,8084,6794,9532,7485,8434,33,28
2021-08-15T23:59:59+02:00,131,144,2987,2751,8122,5846,7927,5453,7092,7511,5290,5616,2692,2808,3219,3272,2736,5164,2313,2127,6717,4874,6904,4702,6231,6618,4602,4995,2102,2394,2390,2570,1974,3839,53683,43385,8080,6773,9531,7482,8395,33,28
2021-08-14T23:59:59+02:00,130,144,2983,2745,8112,5841,7918,5452,7092,7508,5287,5614,2690,2807,3219,3271,2736,5164,2306,2117,6689,4861,6889,4691,6221,6601,4583,4985,2099,2391,2390,2568,1974,3838,53663,43277,8079,6760,9531,7480,8368,33,28
2021-08-13T23:59:59+02:00,128,143,2963,2737,8086,5825,7906,5438,7077,7498,5276,5606,2689,2803,3219,3270,2736,5164,2268,2092,6638,4827,6848,4657,6188,6576,4566,4971,2098,2387,2389,2568,1974,3838,53578,43036,8077,6742,9531,7479,8306,33,28
2021-08-12T23:59:59+02:00,125,137,2946,2727,8052,5803,7875,5419,7059,7473,5263,5593,2688,2801,3217,3270,2736,5164,2231,2058,6545,4771,6795,4619,6142,6524,4539,4940,2094,2384,2385,2567,1974,3838,53467,42698,8072,6716,9530,7458,8207,33,28
2021-08-11T23:59:59+02:00,122,134,2928,2713,8013,5778,7846,5405,7038,7459,5253,5576,2686,2798,3217,3269,2736,5164,2200,2029,6456,4720,6710,4571,6090,6466,4515,4898,2086,2375,2384,2565,1974,3837,53332,42271,8063,6680,9527,7450,8141,33,28
2021-08-10T23:59:59+02:00,122,133,2911,2699,7969,5761,7820,5391,7008,7443,5240,5569,2683,2798,3217,3267,2736,5163,2127,1972,6334,4657,6618,4507,6000,6395,4472,4875,2080,2366,2382,2564,1974,3836,53216,41662,8055,6661,9526,7435,8061,33,28
2021-08-09T23:59:59+02:00,121,132,2893,2694,7937,5739,7790,5380,6985,7424,5229,5557,2682,2797,3217,3267,2736,5162,2073,1924,6233,4589,6517,4461,5934,6341,4444,4841,2074,2357,2381,2562,1974,3836,53127,41201,8047,6609,9526,7416,7970,33,28
2021-08-08T23:59:59+02:00,121,130,2877,2683,7914,5724,7770,5368,6974,7414,5222,5553,2679,2797,3217,3267,2736,5162,2047,1898,6169,4544,6460,4434,5896,6317,4430,4827,2065,2352,2379,2560,1974,3836,53057,40952,8046,6568,9523,7410,7910,33,28
2021-08-07T23:59:59+02:00,120,129,2869,2677,7884,5710,7752,5361,6966,7405,5218,5548,2677,2797,3217,3267,2736,5162,2009,1875,6088,4493,6400,4400,5860,6278,4413,4813,2062,2351,2379,2557,1974,3836,52991,40625,8042,6540,9523,7401,7867,33,28
2021-08-06T23:59:59+02:00,119,128,2855,2667,7853,5696,7723,5339,6945,7383,5208,5535,2673,2795,3217,3266,2736,5162,1972,1831,5987,4420,6327,4362,5817,6234,4395,4793,2060,2348,2378,2554,1974,3836,52933,40276,8022,6508,9523,7389,7750,33,28
2021-08-05T23:59:59+02:00,117,127,2825,2650,7819,5673,7684,5314,6922,7362,5189,5510,2670,2792,3214,3263,2736,5161,1924,1781,5853,4316,6211,4303,5749,6171,4358,4748,2054,2340,2375,2552,1974,3836,52787,39791,8014,6412,9520,7333,7634,33,28
2021-08-04T23:59:59+02:00,114,124,2756,2622,7732,5635,7635,5285,6888,7325,5171,5496,2664,2789,3212,3262,2736,5161,1842,1747,5716,4242,6075,4251,5680,6105,4328,4706,2043,2334,2370,2549,1974,3835,52563,39303,7997,6359,9519,7297,7455,33,28
2021-08-03T23:59:59+02:00,111,124,2735,2601,7701,5618,7598,5266,6863,7301,5160,5484,2660,2787,3211,3259,2736,5161,1809,1717,5622,4174,5973,4200,5609,6046,4289,4667,2038,2329,2369,2547,1974,3835,52411,38838,7992,6318,9517,7272,7383,33,28
2021-08-02T23:59:59+02:00,111,124,2713,2580,7656,5590,7572,5257,6840,7287,5142,5475,2658,2783,3210,3258,2735,5161,1780,1689,5501,4086,5864,4135,5542,5997,4240,4635,2032,2316,2368,2542,1973,3834,52262,38293,7984,6282,9517,7251,7315,33,28
2021-08-01T23:59:59+02:00,110,122,2697,2568,7621,5566,7559,5244,6829,7279,5136,5469,2656,2782,3208,3258,2735,5161,1762,1672,5424,4044,5799,4090,5499,5974,4222,4616,2030,2313,2366,2539,1973,3834,52170,38016,7971,6251,9516,7226,7267,33,28
2021-07-31T23:59:59+02:00,108,121,2691,2561,7604,5558,7552,5239,6825,7269,5135,5468,2654,2782,3208,3258,2735,5161,1723,1628,5326,3983,5738,4043,5446,5938,4194,4591,2027,2310,2366,2538,1973,3834,52132,37549,7966,6234,9516,7222,7239,33,28
2021-07-30T23:59:59+02:00,106,118,2680,2552,7580,5545,7539,5218,6806,7257,5128,5460,2653,2781,3208,3257,2735,5161,1703,1611,5243,3942,5673,3987,5387,5892,4168,4574,2022,2308,2365,2535,1973,3834,52054,37196,7960,6207,9516,7214,7178,33,28
2021-07-29T23:59:59+02:00,105,117,2648,2534,7524,5501,7497,5174,6777,7217,5105,5438,2652,2777,3206,3256,2735,5161,1663,1581,5120,3845,5541,3918,5299,5802,4122,4518,2015,2299,2362,2533,1972,3834,51852,36624,7945,6153,9511,7177,7039,33,28
2021-07-28T23:59:59+02:00,104,115,2628,2522,7486,5463,7467,5150,6753,7195,5090,5428,2649,2776,3204,3253,2734,5160,1626,1537,5020,3770,5426,3853,5207,5728,4086,4483,2003,2291,2360,2531,1972,3833,51667,36064,7935,6096,9508,7139,6990,33,28
2021-07-27T23:59:59+02:00,101,113,2613,2506,7440,5440,7431,5133,6733,7176,5079,5416,2648,2775,3204,3252,2733,5160,1583,1510,4882,3684,5301,3774,5117,5656,4043,4433,1997,2278,2359,2528,1971,3833,51536,35481,7917,6013,9507,7098,6916,33,28
2021-07-26T23:59:59+02:00,100,110,2588,2491,7409,5419,7396,5117,6707,7157,5074,5404,2644,2775,3203,3252,2733,5160,1548,1456,4741,3622,5191,3710,5043,5581,3989,4398,1993,2264,2358,2522,1971,3832,51397,34927,7898,5940,9505,7049,6860,33,28
2021-07-25T23:59:59+02:00,96,107,2573,2470,7371,5395,7363,5104,6687,7136,5064,5399,2642,2772,3202,3251,2733,5159,1528,1428,4686,3579,5137,3680,4997,5542,3959,4376,1990,2260,2357,2522,1971,3832,51243,34657,7889,5909,9502,7018,6811,33,28
2021-07-24T23:59:59+02:00,96,106,2558,2463,7339,5382,7339,5092,6670,7121,5056,5394,2641,2769,3202,3251,2733,5159,1509,1410,4640,3559,5063,3636,4955,5516,3938,4368,1989,2258,2356,2520,1971,3831,51166,34465,7867,5824,9501,7018,6757,33,28
2021-07-23T23:59:59+02:00,94,104,2529,2438,7284,5356,7309,5068,6637,7097,5035,5385,2639,2766,3200,3251,2733,5159,1455,1379,4503,3459,4929,3559,4882,5449,3891,4336,1988,2250,2355,2516,1970,3831,50989,33836,7861,5797,9499,6998,6654,33,28
2021-07-22T23:59:59+02:00,92,101,2495,2409,7198,5319,7258,5030,6588,7052,5002,5363,2633,2761,3198,3250,2733,5157,1396,1340,4344,3387,4778,3487,4733,5368,3806,4287,1976,2241,2350,2514,1970,3830,50673,33209,7844,5651,9490,6929,6547,33,28
2021-07-21T23:59:59+02:00,91,97,2464,2391,7131,5283,7200,4990,6528,7014,4981,5337,2626,2755,3197,3247,2733,5155,1367,1298,4223,3305,4637,3428,4625,5260,3735,4244,1964,2229,2347,2513,1970,3828,50416,32747,7795,5441,9484,6868,6438,33,28
2021-07-20T23:59:59+02:00,90,96,2443,2363,7076,5252,7164,4960,6491,6970,4951,5319,2623,2751,3197,3247,2733,5155,1332,1269,4106,3240,4549,3379,4536,5182,3680,4213,1962,2220,2346,2512,1970,3827,50164,32288,7785,5369,9482,6818,6362,33,28
2021-07-19T23:59:59+02:00,89,96,2421,2338,7023,5211,7114,4940,6455,6938,4930,5304,2619,2746,3196,3243,2733,5154,1312,1247,4032,3193,4467,3346,4458,5118,3646,4190,1958,2214,2342,2509,1969,3827,49886,31990,7775,5252,9481,6775,6319,33,28
2021-07-18T23:59:59+02:00,89,94,2393,2311,6954,5168,7074,4910,6418,6898,4912,5294,2612,2740,3194,3243,2732,5153,1296,1227,3987,3153,4428,3316,4409,5098,3610,4175,1952,2204,2341,2509,1969,3825,49575,31791,7760,5178,9477,6749,6286,33,27
2021-07-17T23:59:59+02:00,87,90,2377,2297,6935,5155,7055,4892,6398,6881,4892,5283,2608,2739,3194,3242,2732,5152,1285,1214,3953,3119,4386,3296,4369,5066,3582,4163,1946,2201,2341,2507,1969,3825,49462,31633,7751,5124,9476,6741,6228,33,27
2021-07-16T23:59:59+02:00,87,87,2337,2270,6872,5121,6995,4858,6354,6839,4860,5255,2601,2733,3192,3241,2732,5152,1247,1192,3851,3069,4294,3254,4281,5007,3521,4116,1932,2190,2335,2505,1969,3824,49280,31288,7724,5097,9463,6672,6025,33,27
2021-07-15T23:59:59+02:00,84,82,2295,2240,6796,5084,6933,4816,6304,6786,4843,5228,2598,2728,3189,3238,2732,5152,1195,1160,3653,2959,4113,3150,4128,4909,3459,4054,1923,2181,2332,2500,1969,3824,48942,30600,7707,4870,9457,6605,5923,33,27
2021-07-14T23:59:59+02:00,82,80,2258,2222,6726,5049,6858,4782,6249,6742,4822,5206,2590,2722,3186,3236,2732,5152,1147,1123,3538,2873,4011,3088,4024,4839,3416,4009,1910,2173,2331,2497,1969,3824,48626,30132,7693,4773,9454,6532,5820,33,27
2021-07-13T23:59:59+02:00,79,74,2227,2191,6668,5018,6793,4746,6209,6696,4800,5188,2582,2717,3184,3236,2732,5152,1113,1092,3439,2796,3887,3022,3935,4752,3362,3947,1883,2166,2328,2492,1968,3822,48305,29656,7686,4640,9453,6438,5747,32,27
2021-07-12T23:59:59+02:00,73,72,2199,2166,6599,4974,6724,4700,6160,6657,4775,5161,2577,2714,3181,3235,2732,5152,1083,1071,3341,2721,3775,2956,3832,4670,3311,3899,1872,2155,2323,2482,1968,3822,47960,29212,7676,4521,9449,6358,5663,32,26
2021-07-11T23:59:59+02:00,69,71,2188,2151,6563,4957,6694,4679,6130,6640,4766,5152,2574,2709,3179,3235,2731,5152,1074,1055,3299,2681,3717,2927,3779,4643,3289,3884,1863,2143,2320,2478,1968,3822,47850,29038,7656,4488,9447,6302,5583,32,26
2021-07-10T23:59:59+02:00,68,70,2165,2117,6485,4906,6631,4646,6080,6603,4740,5141,2571,2706,3179,3232,2731,5151,1058,1037,3245,2639,3672,2897,3739,4612,3273,3872,1857,2136,2320,2476,1968,3822,47593,28864,7635,4487,9432,6285,5454,32,26
2021-07-09T23:59:59+02:00,67,68,2142,2094,6412,4865,6581,4621,6031,6568,4722,5120,2569,2701,3178,3231,2731,5151,1038,1020,3188,2594,3621,2862,3690,4577,3245,3845,1854,2121,2318,2475,1968,3822,47364,28656,7601,4457,9425,6231,5349,32,26
2021-07-08T23:59:59+02:00,63,65,2088,2047,6313,4799,6477,4564,5964,6504,4687,5086,2562,2692,3175,3227,2731,5151,965,968,3025,2506,3428,2790,3516,4483,3170,3777,1837,2105,2316,2466,1967,3821,47037,28173,7524,4170,9391,6108,5127,32,26
2021-07-07T23:59:59+02:00,63,64,2018,2002,6190,4723,6371,4508,5890,6445,4651,5038,2556,2682,3170,3222,2731,5151,914,933,2877,2427,3259,2712,3359,4376,3113,3713,1819,2076,2308,2458,1967,3819,46532,27628,7477,3930,9372,6028,4973,32,26
2021-07-06T23:59:59+02:00,61,64,1973,1965,6077,4668,6280,4465,5835,6376,4607,5002,2550,2676,3167,3218,2731,5151,877,897,2765,2330,3167,2651,3284,4282,3054,3659,1794,2045,2303,2451,1967,3819,46087,27124,7431,3828,9356,5945,4870,32,26
2021-07-05T23:59:59+02:00,59,64,1901,1916,5931,4593,6168,4425,5765,6322,4565,4964,2546,2669,3165,3216,2731,5149,832,856,2657,2256,3090,2603,3205,4211,3006,3605,1773,2026,2296,2442,1966,3816,45605,26746,7392,3757,9331,5861,4694,32,26
2021-07-04T23:59:59+02:00,59,63,1856,1879,5845,4552,6123,4396,5724,6302,4547,4942,2544,2667,3165,3214,2731,5148,794,832,2596,2206,3053,2579,3175,4178,2983,3583,1758,2002,2293,2441,1965,3816,45399,26611,7354,3701,9302,5784,4573,32,26
2021-07-03T23:59:59+02:00,56,51,1754,1802,5635,4397,5974,4307,5637,6211,4499,4905,2542,2664,3165,3210,2731,5148,753,807,2531,2159,3003,2557,3137,4132,2952,3553,1752,1995,2292,2437,1965,3814,44573,26437,7321,3699,9294,5755,4361,32,26
2021-07-02T23:59:59+02:00,50,43,1715,1759,5558,4352,5928,4273,5617,6185,4486,4887,2541,2658,3164,3209,2730,5148,732,780,2461,2111,2933,2518,3093,4084,2922,3513,1734,1978,2288,2431,1965,3812,44299,26154,7287,3673,9289,5656,4283,32,26
2021-07-01T23:59:59+02:00,43,37,1668,1723,5451,4282,5839,4225,5539,6114,4458,4857,2537,2653,3163,3208,2730,5147,665,741,2272,2036,2745,2433,2918,3971,2823,3426,1705,1954,2279,2418,1964,3810,43885,25395,7227,3469,9274,5551,4141,32,26
2021-06-30T23:59:59+02:00,43,35,1618,1673,5334,4196,5740,4180,5480,6066,4446,4833,2533,2646,3161,3205,2730,5147,629,705,2170,1971,2634,2381,2810,3883,2761,3350,1685,1924,2270,2406,1963,3809,43463,24935,7168,3354,9258,5427,4026,32,26
2021-06-29T23:59:59+02:00,42,32,1563,1596,5225,4107,5645,4126,5426,6006,4419,4805,2528,2641,3160,3204,2729,5146,601,665,2092,1893,2555,2318,2711,3766,2699,3299,1669,1890,2257,2392,1962,3806,42944,24450,7138,3280,9250,5317,3912,32,26
2021-06-28T23:59:59+02:00,40,30,1528,1538,5111,4047,5577,4071,5381,5963,4391,4780,2524,2633,3159,3202,2729,5146,584,641,1995,1829,2478,2263,2640,3684,2653,3252,1651,1871,2249,2386,1962,3803,42547,24134,7077,3141,9238,5221,3826,32,26
2021-06-27T23:59:59+02:00,40,29,1498,1512,5062,4006,5530,4041,5339,5944,4380,4770,2522,2629,3159,3201,2729,5146,565,624,1944,1785,2440,2243,2595,3646,2623,3235,1641,1857,2248,2376,1962,3803,42364,23989,7040,3086,9218,5138,3753,32,26
2021-06-26T23:59:59+02:00,31,24,1466,1485,4991,3960,5437,3997,5298,5909,4359,4756,2522,2627,3159,3199,2729,5146,559,615,1912,1765,2405,2225,2574,3624,2602,3214,1619,1847,2247,2374,1962,3803,42003,23774,6955,3083,9218,5114,3753,31,26
2021-06-25T23:59:59+02:00,25,16,1433,1445,4883,3886,5385,3969,5263,5883,4334,4745,2518,2624,3157,3198,2729,5146,550,590,1865,1743,2345,2158,2479,3485,2557,3114,1611,1826,2243,2370,1960,3802,41581,23324,6922,3057,9217,4934,3751,31,26
2021-06-24T23:59:59+02:00,18,13,1382,1396,4702,3775,5259,3918,5167,5841,4291,4714,2514,2621,3157,3197,2728,5146,511,568,1754,1678,2177,2092,2317,3407,2447,3019,1578,1803,2233,2364,1959,3799,40947,22817,6869,2750,9209,4850,3642,31,26
2021-06-23T23:59:59+02:00,18,13,1351,1363,4619,3723,5175,3867,5114,5796,4267,4679,2504,2614,3153,3195,2727,5146,477,551,1689,1621,2077,2045,2201,3315,2345,2928,1555,1779,2227,2357,1958,3797,40525,22279,6816,2677,9204,4706,3607,31,26
2021-06-22T23:59:59+02:00,17,13,1324,1344,4546,3659,5093,3821,5069,5750,4239,4652,2500,2608,3153,3194,2726,5146,463,533,1633,1580,1993,1993,2121,3206,2243,2835,1542,1755,2218,2345,1958,3793,40119,21863,6770,2560,9201,4548,3582,31,25
2021-06-21T23:59:59+02:00,17,13,1296,1304,4432,3576,5012,3776,5006,5688,4212,4634,2496,2595,3152,3189,2725,5144,447,519,1599,1546,1959,1952,2071,3126,2177,2757,1519,1719,2196,2322,1958,3789,39606,21577,6727,2464,9199,4404,3549,31,25
2021-06-20T23:59:59+02:00,16,11,1273,1273,4362,3515,4968,3759,4971,5669,4189,4622,2492,2593,3151,3189,2724,5144,431,504,1567,1517,1935,1928,2040,3101,2129,2717,1512,1705,2194,2316,1958,3788,39331,21397,6697,2427,9187,4341,3514,31,24
2021-06-19T23:59:59+02:00,15,11,1262,1254,4322,3485,4948,3733,4939,5646,4172,4613,2489,2591,3151,3188,2723,5144,426,500,1550,1500,1919,1901,2027,3078,2106,2682,1504,1697,2191,2313,1956,3787,39171,21244,6636,2398,9187,4332,3494,31,24
2021-06-18T23:59:59+02:00,11,8,1245,1234,4253,3445,4898,3696,4890,5607,4148,4601,2485,2587,3150,3186,2723,5144,413,490,1529,1483,1894,1869,1982,3029,2051,2622,1490,1682,2191,2308,1955,3784,38856,20932,6589,2395,9187,4290,3480,31,24
2021-06-17T23:59:59+02:00,9,7,1202,1199,4093,3375,4711,3622,4718,5516,4088,4557,2479,2584,3150,3185,2722,5144,381,473,1431,1450,1720,1807,1821,2936,1951,2543,1467,1660,2180,2296,1953,3782,38257,20469,6529,2291,9179,4213,3195,29,24
2021-06-16T23:59:59+02:00,9,7,1179,1166,3993,3292,4615,3572,4614,5448,4043,4528,2471,2580,3149,3181,2721,5143,366,452,1373,1414,1658,1776,1740,2857,1889,2471,1452,1634,2168,2283,1953,3778,37784,20074,6407,2223,9170,4136,3143,29,24
2021-06-15T23:59:59+02:00,9,7,1147,1133,3856,3210,4546,3516,4539,5375,4002,4496,2462,2573,3144,3179,2721,5142,356,429,1323,1367,1611,1735,1671,2799,1820,2403,1435,1604,2163,2269,1952,3777,37245,19754,6370,2138,9158,4064,3066,29,24
2021-06-14T23:59:59+02:00,9,5,1121,1101,3766,3159,4462,3460,4462,5305,3950,4463,2458,2563,3144,3175,2720,5141,346,416,1285,1334,1566,1704,1625,2743,1762,2351,1423,1578,2158,2262,1951,3775,36792,19513,6282,2071,9153,3986,3013,28,24
2021-06-13T23:59:59+02:00,9,5,1106,1087,3716,3119,4405,3418,4413,5268,3932,4448,2457,2557,3143,3174,2720,5139,340,409,1252,1318,1531,1679,1582,2708,1725,2311,1408,1557,2152,2251,1951,3773,36538,19330,6246,2049,9148,3911,2956,28,24
2021-06-12T23:59:59+02:00,9,4,1089,1066,3688,3093,4377,3397,4397,5254,3916,4438,2454,2554,3142,3173,2720,5138,336,408,1244,1301,1509,1658,1556,2689,1679,2290,1397,1546,2140,2248,1951,3773,36353,19171,6234,2049,9148,3854,2944,28,24
2021-06-11T23:59:59+02:00,8,4,1072,1055,3649,3049,4303,3369,4359,5219,3890,4427,2453,2550,3141,3171,2720,5137,326,396,1223,1268,1484,1638,1511,2639,1623,2243,1387,1531,2138,2243,1951,3772,36067,18921,6207,2041,9145,3778,2921,28,24
2021-06-10T23:59:59+02:00,7,4,1013,1013,3532,2969,4174,3288,4258,5152,3834,4392,2450,2542,3139,3169,2719,5137,310,384,1163,1232,1419,1579,1446,2569,1536,2137,1354,1499,2133,2233,1950,3769,35495,18497,6077,2034,9127,3622,2842,28,24
2021-06-09T23:59:59+02:00,7,2,964,981,3404,2875,4035,3230,4165,5074,3790,4350,2446,2536,3136,3166,2719,5137,292,368,1102,1198,1352,1551,1384,2489,1460,2064,1328,1441,2125,2219,1949,3766,35010,18180,5911,1982,9124,3491,2712,28,24
2021-06-08T23:59:59+02:00,6,2,916,943,3275,2791,3912,3145,4065,4990,3734,4323,2439,2531,3133,3163,2718,5135,280,348,1058,1159,1295,1520,1331,2431,1413,1991,1304,1406,2114,2201,1946,3762,34461,17944,5776,1936,9114,3355,2597,28,23
2021-06-07T23:59:59+02:00,5,2,888,917,3171,2717,3780,3109,3941,4917,3684,4296,2425,2525,3132,3161,2718,5133,271,341,1012,1120,1241,1499,1285,2378,1344,1938,1289,1386,2098,2184,1945,3754,34084,17774,5597,1901,9107,3225,2451,28,23
2021-06-06T23:59:59+02:00,5,2,869,907,3113,2677,3693,3064,3870,4887,3651,4283,2422,2519,3130,3160,2716,5132,264,328,998,1095,1210,1470,1262,2320,1314,1879,1273,1370,2091,2177,1943,3751,33871,17670,5465,1853,9101,3111,2372,28,23
2021-06-05T23:59:59+02:00,5,2,854,889,3043,2619,3649,3036,3833,4864,3638,4280,2421,2517,3130,3159,2716,5131,259,321,982,1074,1189,1450,1238,2292,1280,1858,1255,1346,2089,2173,1943,3751,33603,17511,5460,1849,9095,3062,2334,28,22
2021-06-04T23:59:59+02:00,3,2,831,873,2991,2570,3575,2995,3764,4811,3610,4261,2417,2514,3127,3159,2716,5131,249,314,963,1044,1169,1436,1204,2258,1248,1823,1237,1322,2079,2168,1943,3749,33282,17354,5415,1844,9092,3004,2259,28,22
2021-06-03T23:59:59+02:00,3,2,786,842,2841,2475,3395,2892,3587,4696,3518,4189,2409,2504,3123,3154,2716,5131,238,301,933,1010,1114,1385,1138,2167,1189,1760,1201,1277,2069,2154,1943,3747,32613,17136,5187,1829,9078,2841,2066,28,22
2021-06-02T23:59:59+02:00,3,2,758,835,2769,2401,3331,2841,3524,4631,3475,4163,2407,2500,3123,3153,2716,5131,224,297,913,981,1063,1357,1090,2123,1137,1711,1186,1238,2065,2151,1943,3747,32261,16922,5170,1815,9078,2804,1924,28,22
2021-06-01T23:59:59+02:00,3,2,713,807,2612,2292,3142,2741,3348,4516,3411,4103,2396,2492,3120,3147,2716,5131,211,284,837,934,965,1294,1005,2007,1082,1638,1153,1182,2056,2139,1941,3742,31657,16645,4953,1776,9069,2612,1663,28,22
2021-05-31T23:59:59+02:00,3,2,679,785,2487,2212,3004,2650,3235,4418,3354,4055,2390,2479,3118,3143,2716,5130,197,272,790,894,899,1247,956,1928,1041,1580,1131,1151,2050,2134,1939,3740,31270,16474,4726,1761,9052,2479,1453,28,22
2021-05-30T23:59:59+02:00,3,2,669,775,2433,2163,2931,2613,3180,4375,3334,4033,2386,2474,3117,3142,2715,5128,188,256,752,858,848,1202,913,1865,1018,1528,1117,1135,2044,2124,1939,3738,31121,16379,4664,1751,9042,2324,1284,28,22
2021-05-29T23:59:59+02:00,3,1,667,773,2419,2146,2908,2601,3163,4357,3324,4024,2385,2473,3117,3142,2715,5128,185,246,746,848,830,1178,896,1814,1003,1492,1103,1116,2043,2116,1938,3738,30997,16284,4662,1751,9040,2185,1283,28,22
2021-05-28T23:59:59+02:00,3,1,660,763,2389,2111,2864,2576,3138,4339,3312,4008,2385,2469,3115,3136,2715,5128,182,238,735,837,820,1158,886,1774,968,1450,1080,1087,2040,2108,1937,3736,30773,16107,4652,1749,9037,2109,1279,28,22
2021-05-27T23:59:59+02:00,3,1,617,744,2263,2057,2732,2505,3005,4262,3230,3955,2376,2455,3114,3134,2715,5125,168,222,672,789,745,1103,807,1676,903,1364,1058,1056,2026,2087,1936,3734,30297,15894,4522,1709,9004,1860,1085,28,21
2021-05-26T23:59:59+02:00,3,1,588,719,2165,1993,2574,2446,2880,4197,3175,3903,2365,2443,3109,3127,2712,5119,162,208,635,750,699,1067,761,1607,857,1307,1041,1027,2007,2054,1931,3728,29902,15665,4293,1696,8976,1726,954,28,21
2021-05-25T23:59:59+02:00,3,1,566,704,2083,1938,2474,2406,2774,4114,3126,3868,2352,2434,3106,3122,2711,5115,154,200,616,720,668,1034,716,1548,807,1246,1018,1004,1979,2020,1930,3724,29558,15442,4115,1659,8936,1592,890,27,20
2021-05-24T23:59:59+02:00,3,1,553,683,2030,1898,2399,2375,2706,4061,3073,3827,2340,2426,3100,3121,2708,5114,150,192,597,702,641,1002,678,1486,783,1192,997,987,1973,2016,1925,3723,29377,15337,3946,1646,8900,1468,791,27,20
2021-05-23T23:59:59+02:00,3,1,550,681,2017,1887,2387,2361,2696,4048,3062,3813,2336,2423,3100,3119,2708,5114,149,191,593,696,634,998,662,1473,772,1184,992,981,1968,2012,1923,3719,29269,15259,3943,1639,8899,1458,789,27,20
2021-05-22T23:59:59+02:00,3,1,545,672,1994,1869,2356,2346,2672,4018,3033,3785,2327,2418,3098,3116,2708,5113,146,183,586,691,630,988,649,1467,766,1175,979,974,1960,1997,1923,3719,29044,15189,3942,1639,8897,1420,780,27,20
2021-05-21T23:59:59+02:00,3,1,533,654,1914,1838,2269,2302,2608,3968,2990,3738,2320,2405,3095,3115,2708,5111,146,180,581,684,618,979,636,1455,746,1155,962,945,1948,1991,1923,3718,28583,15088,3915,1638,8880,1359,777,27,20
2021-05-20T23:59:59+02:00,3,1,495,634,1782,1770,2141,2228,2485,3875,2906,3653,2301,2391,3086,3107,2706,5108,139,171,553,649,585,939,608,1397,715,1091,936,911,1936,1976,1921,3715,27923,14954,3800,1622,8808,1152,705,27,20
2021-05-19T23:59:59+02:00,3,1,455,599,1676,1697,2005,2163,2349,3779,2803,3559,2282,2373,3079,3101,2700,5107,126,163,526,629,553,905,578,1346,688,1030,915,890,1916,1946,1914,3711,27194,14778,3729,1601,8766,1056,587,27,20
2021-05-18T23:59:59+02:00,3,0,433,577,1602,1637,1908,2104,2237,3657,2707,3462,2270,2353,3071,3093,2699,5103,118,156,502,609,531,872,561,1269,670,968,898,863,1903,1926,1910,3704,26695,14643,3557,1561,8711,950,488,27,20
2021-05-17T23:59:59+02:00,3,0,412,565,1547,1602,1855,2052,2161,3548,2654,3389,2251,2333,3060,3085,2697,5098,113,148,482,595,521,837,548,1205,658,913,880,829,1898,1915,1909,3699,26392,14555,3410,1525,8645,852,396,27,19
2021-05-16T23:59:59+02:00,3,0,408,564,1519,1573,1824,2029,2119,3497,2596,3332,2237,2324,3057,3081,2697,5097,110,146,474,576,512,821,534,1155,638,871,851,798,1892,1910,1909,3698,26212,14495,3342,1488,8608,763,323,27,19
2021-05-15T23:59:59+02:00,3,0,403,560,1493,1556,1806,2010,2099,3474,2572,3294,2230,2324,3056,3078,2696,5097,109,143,472,575,512,820,529,1151,630,863,847,796,1888,1907,1909,3698,26015,14463,3342,1487,8602,755,318,25,19
2021-05-14T23:59:59+02:00,3,0,390,548,1464,1526,1766,1967,2020,3402,2519,3246,2220,2312,3053,3078,2694,5097,107,140,470,559,494,795,509,1120,616,847,834,782,1881,1898,1909,3697,25637,14404,3300,1471,8580,654,300,25,19
2021-05-13T23:59:59+02:00,2,0,369,532,1407,1477,1664,1924,1904,3316,2450,3156,2193,2294,3044,3072,2692,5091,102,137,458,551,484,780,503,1105,605,834,807,752,1866,1873,1908,3691,25196,14320,3084,1419,8529,614,273,25,17
2021-05-12T23:59:59+02:00,1,0,362,528,1389,1469,1647,1915,1883,3292,2435,3139,2190,2287,3038,3069,2692,5090,102,135,455,551,483,773,499,1100,602,828,799,738,1862,1865,1906,3691,25063,14266,3063,1409,8523,613,270,24,17
2021-05-11T23:59:59+02:00,1,0,342,508,1322,1432,1550,1878,1774,3196,2333,3062,2173,2259,3029,3058,2688,5089,96,125,440,523,464,746,479,1069,568,806,773,705,1850,1854,1904,3687,24654,14147,2896,1369,8412,525,214,24,17
2021-05-10T23:59:59+02:00,1,0,327,492,1284,1402,1499,1849,1709,3138,2274,2991,2160,2244,3020,3049,2687,5085,96,122,434,516,455,726,472,1045,563,783,759,687,1844,1847,1902,3683,24383,14082,2821,1361,8297,471,186,24,16
2021-05-09T23:59:59+02:00,1,0,321,482,1243,1383,1475,1832,1663,3102,2208,2946,2149,2230,3017,3043,2687,5080,93,119,425,507,447,720,462,1036,552,770,745,677,1837,1842,1901,3680,24152,14037,2767,1354,8249,422,163,24,15
2021-05-08T23:59:59+02:00,1,0,315,479,1234,1364,1445,1813,1633,3076,2156,2928,2142,2222,3015,3042,2685,5079,92,119,424,506,445,719,461,1031,552,764,740,676,1831,1832,1901,3680,23923,14018,2763,1346,8245,409,162,24,15
2021-05-07T23:59:59+02:00,1,0,305,472,1207,1337,1396,1793,1575,3013,2101,2880,2133,2212,3014,3037,2683,5074,89,116,412,493,435,692,448,996,529,739,734,651,1810,1818,1901,3676,23647,13947,2734,1321,8181,305,128,24,13
2021-05-06T23:59:59+02:00,1,0,288,459,1119,1300,1278,1730,1436,2902,1961,2788,2094,2179,3010,3024,2682,5070,87,110,399,479,423,675,436,974,510,718,720,633,1793,1802,1897,3669,23144,13867,2543,1300,7973,220,100,22,12
2021-05-05T23:59:59+02:00,1,0,273,445,1079,1274,1234,1694,1368,2837,1872,2705,2070,2146,2996,3009,2682,5059,87,106,391,470,418,663,429,963,503,700,699,620,1767,1780,1897,3666,22687,13780,2483,1277,7913,172,93,22,11
2021-05-04T23:59:59+02:00,1,0,265,434,1044,1251,1195,1673,1324,2790,1813,2639,2050,2111,2986,2995,2672,5046,83,102,384,459,415,658,419,943,494,680,682,597,1749,1754,1893,3666,22342,13679,2420,1244,7867,131,87,22,10
2021-05-03T23:59:59+02:00,1,0,260,426,1013,1229,1160,1656,1295,2756,1766,2602,2033,2082,2973,2986,2670,5040,78,96,372,453,407,650,415,935,486,673,664,586,1722,1726,1891,3662,22091,13574,2396,1234,7819,110,60,22,9
2021-05-02T23:59:59+02:00,1,0,254,424,999,1217,1132,1640,1269,2742,1751,2578,2025,2067,2968,2983,2668,5037,76,96,366,450,403,645,411,929,483,667,656,573,1699,1712,1891,3661,21965,13528,2379,1211,7779,96,45,22,9
2021-05-01T23:59:59+02:00,1,0,250,420,991,1208,1121,1631,1255,2729,1735,2559,2016,2061,2965,2979,2668,5037,76,96,366,449,402,645,410,925,483,666,654,573,1699,1712,1891,3661,21832,13521,2379,1211,7779,93,45,22,9
2021-04-30T23:59:59+02:00,1,0,248,414,981,1186,1100,1611,1217,2665,1672,2499,2002,2043,2958,2974,2667,5033,75,94,365,443,399,639,409,900,478,655,647,567,1696,1706,1891,3659,21512,13505,2374,1199,7775,68,14,22,8
2021-04-29T23:59:59+02:00,1,0,234,399,933,1162,1063,1575,1169,2610,1580,2424,1950,1997,2948,2963,2662,5021,75,93,359,442,394,634,403,889,467,644,632,555,1681,1694,1885,3653,21023,13429,2338,1172,7715,47,13,22,8
2021-04-28T23:59:59+02:00,1,0,223,396,919,1147,1033,1564,1134,2572,1512,2368,1907,1935,2935,2958,2660,5018,72,92,353,439,391,625,400,879,460,630,614,537,1662,1676,1885,3651,20710,13351,2293,1127,7661,34,12,22,8
2021-04-27T23:59:59+02:00,1,0,222,389,905,1133,1017,1551,1110,2547,1489,2341,1874,1892,2929,2951,2658,5014,70,89,351,436,389,620,398,875,454,625,606,526,1650,1653,1881,3648,20507,13290,2266,1098,7626,29,12,21,8
2021-04-26T23:59:59+02:00,1,0,219,382,896,1124,1007,1538,1083,2529,1435,2291,1856,1871,2919,2940,2655,5008,70,89,347,432,389,619,392,872,450,619,597,514,1635,1638,1879,3644,20316,13245,2250,1059,7558,27,12,21,8
2021-04-25T23:59:59+02:00,1,0,219,381,888,1115,994,1530,1066,2510,1403,2256,1832,1848,2911,2933,2655,5007,69,88,346,427,386,618,390,868,448,618,594,508,1629,1628,1879,3642,20182,13226,2226,1039,7506,19,12,21,7
2021-04-24T23:59:59+02:00,1,0,215,377,877,1105,981,1516,1052,2492,1369,2234,1822,1824,2908,2927,2655,5007,69,88,346,427,385,618,390,866,447,615,593,505,1628,1625,1879,3642,20011,13219,2226,1030,7486,19,12,21,7
2021-04-23T23:59:59+02:00,1,0,211,370,866,1093,974,1506,1032,2473,1310,2187,1797,1797,2901,2921,2655,5004,68,86,346,427,385,617,389,863,444,611,586,497,1619,1616,1879,3637,19850,13193,2214,1003,7388,19,12,21,7
2021-04-22T23:59:59+02:00,1,0,209,362,840,1074,950,1483,1001,2431,1256,2122,1751,1745,2888,2901,2653,4995,68,85,344,422,379,609,386,853,439,605,575,489,1600,1602,1874,3632,19543,13119,2158,976,7310,12,12,21,7
2021-04-21T23:59:59+02:00,1,0,203,355,822,1059,926,1465,962,2394,1205,2071,1704,1676,2867,2880,2646,4987,66,83,341,420,377,606,383,848,436,598,570,483,1588,1580,1863,3627,19192,13048,2124,954,7251,12,12,21,7
2021-04-20T23:59:59+02:00,1,0,197,350,806,1035,908,1446,941,2341,1164,2018,1646,1609,2837,2854,2640,4972,65,83,339,419,373,602,378,842,436,591,563,475,1565,1547,1859,3623,18873,12963,2051,931,7181,11,12,21,7
2021-04-19T23:59:59+02:00,1,0,195,342,792,1024,894,1428,924,2308,1139,1984,1606,1563,2824,2839,2638,4967,65,82,338,417,368,597,374,833,431,580,559,469,1537,1520,1853,3610,18661,12868,2034,903,7112,8,11,20,7
2021-04-18T23:59:59+02:00,1,0,194,339,785,1015,883,1418,904,2288,1118,1964,1567,1522,2815,2832,2632,4961,64,80,337,416,368,597,373,828,430,577,556,463,1527,1514,1850,3608,18526,12838,2003,887,7040,8,11,20,7
2021-04-17T23:59:59+02:00,1,0,192,335,782,1012,877,1416,895,2283,1111,1956,1547,1495,2810,2823,2632,4961,64,77,335,411,367,597,371,824,430,574,551,457,1518,1506,1850,3605,18444,12789,2002,885,7012,8,11,20,7
2021-04-16T23:59:59+02:00,1,0,191,334,773,1006,864,1399,881,2260,1073,1917,1491,1428,2796,2808,2628,4954,59,75,332,404,366,595,366,812,423,560,525,427,1505,1484,1839,3592,18214,12682,1985,819,6933,7,11,19,6
2021-04-15T23:59:59+02:00,1,0,190,329,751,989,846,1387,856,2216,1031,1877,1439,1373,2767,2780,2613,4938,57,74,327,398,361,594,358,806,413,557,510,419,1471,1452,1827,3577,17937,12566,1968,772,6802,6,11,18,6
2021-04-14T23:59:59+02:00,1,0,189,323,742,982,839,1374,840,2182,1012,1847,1381,1326,2718,2715,2600,4922,54,70,322,395,357,589,355,798,403,543,494,401,1436,1421,1820,3558,17654,12428,1947,725,6714,6,11,16,6
2021-04-13T23:59:59+02:00,1,0,185,317,733,978,828,1363,829,2157,979,1818,1317,1251,2665,2657,2592,4907,52,70,319,392,349,583,348,790,395,535,481,393,1409,1399,1811,3547,17403,12330,1895,680,6601,5,11,15,6
2021-04-12T23:59:59+02:00,1,0,185,316,728,973,820,1351,803,2134,963,1797,1268,1215,2645,2627,2588,4893,51,66,309,385,344,577,343,782,389,528,463,383,1392,1384,1808,3539,17266,12239,1870,638,6491,5,11,13,6
2021-04-11T23:59:59+02:00,0,0,183,315,722,964,813,1346,790,2118,947,1780,1246,1184,2624,2605,2583,4886,50,64,304,383,342,575,342,778,384,520,458,374,1377,1379,1804,3532,17193,12187,1845,612,6385,4,11,13,6
2021-04-10T23:59:59+02:00,0,0,183,313,722,961,811,1345,783,2110,940,1773,1232,1169,2611,2589,2582,4886,45,59,281,370,327,560,328,766,369,510,445,367,1365,1360,1799,3526,17138,12010,1836,596,6353,4,10,13,6
2021-04-09T23:59:59+02:00,0,0,183,309,718,957,801,1322,775,2026,921,1691,1177,1098,2569,2560,2579,4878,38,57,267,355,309,548,309,752,356,494,428,358,1323,1331,1786,3512,16977,11781,1799,566,6102,4,8,11,5
2021-04-08T23:59:59+02:00,0,0,182,306,714,950,790,1314,761,2008,898,1669,1104,1017,2511,2522,2567,4868,37,55,259,341,296,540,293,736,330,476,401,335,1274,1292,1762,3478,16807,11492,1733,533,5955,4,7,11,5
2021-04-07T23:59:59+02:00,0,0,176,303,706,944,782,1300,744,1980,876,1637,1050,958,2457,2462,2558,4853,35,52,241,325,286,534,284,723,315,463,372,315,1227,1253,1743,3440,16614,11220,1688,502,5794,4,7,11,5
2021-04-06T23:59:59+02:00,0,0,172,302,700,940,768,1285,724,1957,848,1612,1016,911,2417,2412,2550,4843,33,51,240,322,282,531,274,720,305,458,361,301,1198,1223,1723,3418,16495,11086,1653,468,5615,4,7,11,5
2021-04-05T23:59:59+02:00,0,0,172,302,699,934,764,1276,715,1941,837,1597,988,885,2390,2369,2545,4835,33,51,240,318,281,527,271,713,299,456,359,294,1164,1198,1715,3399,16432,10992,1636,438,5483,4,7,11,5
2021-04-04T23:59:59+02:00,0,0,171,299,696,927,759,1265,706,1925,830,1576,973,871,2384,2363,2545,4834,33,51,240,318,280,527,271,713,298,456,357,294,1146,1185,1711,3395,16403,10948,1633,438,5391,4,7,10,5
2021-04-03T23:59:59+02:00,0,0,171,299,696,927,757,1263,705,1920,822,1573,960,862,2378,2353,2542,4833,33,51,240,318,280,527,271,712,298,454,357,294,1146,1180,1711,3392,16358,10937,1633,438,5371,4,7,10,5
2021-04-02T23:59:59+02:00,0,0,171,298,696,926,756,1260,702,1913,814,1562,948,851,2356,2331,2540,4830,33,51,237,318,278,525,268,705,291,449,352,292,1125,1152,1699,3365,16288,10818,1621,431,5344,4,7,10,5
2021-04-01T23:59:59+02:00,0,0,168,295,690,915,743,1247,696,1893,796,1541,918,815,2317,2282,2534,4811,32,50,229,315,276,521,265,698,285,444,340,284,1086,1113,1666,3322,16157,10616,1558,417,5241,4,7,10,5
2021-03-31T23:59:59+02:00,0,0,165,292,683,908,733,1231,688,1847,782,1498,902,796,2270,2218,2513,4792,32,50,228,314,271,519,260,696,275,433,325,278,1021,1060,1642,3290,16038,10404,1492,398,5083,4,6,10,5
2021-03-30T23:59:59+02:00,0,0,161,285,677,899,729,1210,677,1808,772,1454,880,778,2222,2153,2499,4770,32,49,225,311,268,516,258,690,270,425,314,272,987,1031,1620,3254,15893,10247,1445,380,4929,4,6,10,5
2021-03-29T23:59:59+02:00,0,0,158,279,671,886,723,1199,667,1776,759,1415,861,760,2147,2085,2478,4740,32,48,224,310,267,514,254,682,262,414,307,266,959,1010,1607,3227,15684,10117,1401,370,4810,4,6,10,5
2021-03-28T23:59:59+02:00,0,0,150,262,661,879,716,1190,662,1755,754,1397,854,739,2100,2041,2473,4728,32,47,221,310,263,508,250,679,260,411,305,264,948,999,1601,3219,15603,10059,1347,362,4701,4,6,10,5
2021-03-27T23:59:59+01:00,0,0,150,259,657,872,712,1186,656,1744,752,1390,843,724,2089,2027,2473,4725,32,47,221,310,263,508,249,672,257,406,303,263,941,989,1584,3195,15548,9992,1338,352,4661,4,6,10,5
2021-03-26T23:59:59+01:00,0,0,148,257,647,860,706,1170,647,1725,744,1359,824,705,2063,2002,2463,4715,32,47,221,310,262,506,249,671,251,394,298,255,909,957,1551,3146,15440,9812,1301,352,4579,4,4,10,5
2021-03-25T23:59:59+01:00,0,0,145,256,637,848,685,1149,631,1688,725,1316,804,685,2020,1959,2447,4697,32,47,218,305,261,505,243,668,249,392,290,251,870,926,1489,3067,15326,9577,1247,338,4402,3,4,9,5
2021-03-24T23:59:59+01:00,0,0,142,247,623,835,678,1135,622,1650,710,1282,779,667,1978,1915,2430,4673,32,47,216,303,259,503,241,668,243,389,283,245,825,901,1438,2974,15188,9349,1213,322,4247,2,3,9,5
2021-03-23T23:59:59+01:00,0,0,139,245,616,825,664,1123,612,1628,697,1243,761,653,1937,1884,2414,4654,31,46,214,302,257,499,234,663,240,382,273,241,800,878,1360,2876,15094,9087,1184,311,4097,2,3,9,5
2021-03-22T23:59:59+01:00,0,0,136,240,598,808,646,1104,601,1596,682,1217,750,640,1906,1859,2403,4638,31,45,213,300,255,497,233,655,239,378,270,236,773,856,1268,2770,15013,8822,1152,299,3938,2,3,8,5
2021-03-21T23:59:59+01:00,0,0,134,238,594,802,642,1101,596,1572,672,1182,744,629,1882,1852,2397,4622,31,45,212,300,254,495,232,654,237,376,268,233,767,853,1259,2761,14980,8788,1131,290,3821,2,3,8,5
2021-03-20T23:59:59+01:00,0,0,132,238,588,799,639,1098,593,1568,670,1180,739,620,1858,1830,2390,4610,31,45,212,300,253,495,231,652,234,370,266,231,758,847,1241,2747,14919,8734,1121,280,3783,2,3,8,5
2021-03-19T23:59:59+01:00,0,0,123,226,582,785,631,1092,590,1550,653,1166,704,577,1800,1788,2360,4589,30,45,212,299,252,495,230,645,231,367,264,225,732,828,1205,2694,14751,8589,1046,265,3686,2,3,7,5
2021-03-18T23:59:59+01:00,0,0,120,221,563,775,611,1060,571,1500,623,1118,668,552,1750,1740,2333,4546,30,45,210,297,250,487,230,639,227,358,262,217,714,816,1172,2651,14557,8458,984,246,3471,2,3,7,5
2021-03-17T23:59:59+01:00,0,0,114,215,552,762,599,1055,560,1487,608,1095,644,528,1705,1705,2312,4507,30,44,210,296,249,484,229,638,226,355,261,215,702,804,1137,2604,14354,8341,934,240,3416,2,3,6,5
2021-03-16T23:59:59+01:00,0,0,109,209,540,750,586,1043,548,1445,592,1067,626,504,1651,1650,2291,4471,30,43,210,294,249,479,228,636,224,354,257,215,686,785,1107,2549,14176,8206,881,237,3275,2,2,6,5
2021-03-15T23:59:59+01:00,0,0,105,202,526,735,574,1019,537,1411,577,1029,606,485,1609,1612,2269,4447,29,43,209,291,249,476,226,634,222,354,249,211,667,773,1082,2513,14020,8103,826,223,3143,2,0,6,5
2021-03-14T23:59:59+01:00,0,0,101,190,517,720,563,997,529,1366,560,984,588,470,1580,1591,2253,4422,29,43,209,289,248,475,225,629,221,349,247,207,663,766,1074,2498,13913,8076,791,194,2968,2,0,6,5
2021-03-13T23:59:59+01:00,0,0,97,180,491,699,534,971,501,1343,537,963,561,461,1554,1566,2245,4414,29,43,209,289,248,475,224,629,221,348,246,207,658,756,1044,2469,13689,7998,777,193,2876,2,0,6,5
2021-03-12T23:59:59+01:00,0,0,88,174,465,670,514,943,477,1308,511,927,531,440,1499,1519,2222,4375,29,43,209,288,248,474,224,629,221,347,242,205,645,744,1019,2442,13384,7910,748,193,2746,2,0,6,4
2021-03-11T23:59:59+01:00,0,0,82,163,434,633,479,911,439,1229,473,863,501,407,1420,1451,2174,4316,29,42,208,285,243,470,222,625,217,344,237,203,629,722,994,2401,13000,7823,695,142,2477,2,0,6,4
2021-03-10T23:59:59+01:00,0,0,80,157,410,608,460,894,421,1193,445,819,470,381,1342,1387,2135,4260,29,42,206,280,239,466,219,619,217,342,232,200,610,714,971,2361,12658,7713,662,125,2335,2,0,6,4
2021-03-09T23:59:59+01:00,0,0,79,153,400,588,434,865,408,1143,427,788,448,362,1290,1354,2094,4215,29,42,205,277,237,458,216,615,213,338,230,199,599,707,952,2330,12433,7631,635,106,2160,2,0,6,4
2021-03-08T23:59:59+01:00,0,0,76,148,386,570,415,847,396,1090,416,746,432,347,1232,1318,2070,4177,29,42,205,276,234,452,212,610,209,334,228,198,586,702,942,2319,12243,7579,598,90,2002,1,0,6,3
2021-03-07T23:59:59+01:00,0,0,73,144,383,560,407,831,384,1076,409,740,429,342,1219,1298,2061,4168,29,42,204,275,234,450,210,609,209,333,227,197,582,699,934,2312,12176,7549,571,88,1950,0,0,6,3
2021-03-06T23:59:59+01:00,0,0,73,137,380,555,400,810,375,1021,401,706,427,341,1212,1287,2046,4153,29,42,204,275,233,449,210,608,209,333,227,197,579,699,932,2299,12118,7541,571,75,1806,0,0,6,3
2021-03-05T23:59:59+01:00,0,0,73,132,376,549,396,804,372,1004,389,680,415,327,1172,1245,2002,4094,29,42,203,274,232,448,209,606,208,330,225,196,574,698,924,2278,11902,7517,549,49,1743,0,0,6,3
2021-03-04T23:59:59+01:00,0,0,73,121,367,516,382,771,352,962,375,650,398,325,1120,1195,1918,3998,28,42,201,269,230,441,207,595,205,329,224,195,572,695,921,2275,11599,7469,516,48,1569,0,0,6,3
2021-03-03T23:59:59+01:00,0,0,68,114,358,500,374,754,347,940,361,630,388,317,1075,1161,1848,3876,28,42,201,268,229,439,204,585,205,322,223,192,567,692,914,2269,11323,7425,489,43,1457,0,0,5,3
2021-03-02T23:59:59+01:00,0,0,65,108,348,487,361,736,336,919,353,602,375,310,1040,1131,1750,3755,27,42,201,268,229,432,199,578,203,319,221,192,565,684,907,2256,10999,7366,465,43,1363,0,0,5,3
2021-03-01T23:59:59+01:00,0,0,64,106,342,473,354,716,325,894,346,568,370,306,1013,1099,1632,3600,27,41,200,267,227,423,197,570,203,315,220,192,562,677,898,2248,10657,7309,444,43,1255,0,0,5,3
2021-02-28T23:59:59+01:00,0,0,64,104,335,464,351,708,323,870,341,548,365,294,1004,1095,1622,3588,27,41,199,266,226,423,197,570,203,315,219,192,561,673,895,2245,10611,7294,433,43,1178,0,0,5,3
2021-02-27T23:59:59+01:00,0,0,61,95,331,455,347,704,317,857,337,538,361,290,995,1084,1600,3566,27,41,199,265,226,422,196,569,202,314,219,192,561,673,895,2245,10540,7293,421,38,1121,0,0,5,3
2021-02-26T23:59:59+01:00,0,0,59,92,324,431,322,673,297,826,324,517,357,286,970,1064,1558,3504,27,40,199,264,226,420,194,566,199,312,219,192,561,673,894,2242,10379,7275,418,38,946,0,0,5,2
2021-02-25T23:59:59+01:00,0,0,52,79,311,412,311,643,291,797,309,491,347,276,951,1045,1520,3458,27,40,198,261,222,417,191,558,194,311,214,189,550,665,883,2236,10226,7213,404,28,798,0,0,5,2
2021-02-24T23:59:59+01:00,0,0,48,74,302,400,304,630,286,782,305,481,341,275,931,1033,1473,3399,26,40,196,259,219,404,189,550,191,306,212,186,544,659,881,2223,10078,7148,390,20,728,0,0,5,2
2021-02-23T23:59:59+01:00,0,0,45,65,289,384,296,611,280,763,295,471,334,273,902,1014,1432,3326,25,40,195,257,217,399,188,544,187,303,211,185,542,648,875,2203,9901,7085,371,16,636,0,0,5,2
2021-02-22T23:59:59+01:00,0,0,42,62,282,372,292,600,276,752,291,467,327,266,880,999,1402,3290,25,38,191,254,214,386,180,534,182,300,207,182,530,640,868,2186,9779,6993,355,5,593,0,0,4,2
2021-02-21T23:59:59+01:00,0,0,41,61,277,364,290,591,272,744,284,463,324,264,875,994,1395,3281,25,37,190,252,213,384,180,525,182,299,207,182,526,639,860,2173,9753,6948,347,5,543,0,0,4,2
2021-02-20T23:59:59+01:00,0,0,40,61,274,363,290,588,271,738,281,455,323,264,862,982,1362,3250,25,37,190,252,213,384,180,525,181,298,207,182,525,639,858,2172,9667,6942,336,5,521,0,0,4,2
2021-02-19T23:59:59+01:00,0,0,39,61,270,358,284,565,261,712,276,441,319,259,839,965,1328,3220,25,36,190,252,212,383,180,524,180,298,206,181,520,638,853,2155,9561,6907,321,5,432,0,0,3,2
2021-02-18T23:59:59+01:00,0,0,39,57,252,337,275,544,252,691,259,413,315,250,827,944,1302,3188,24,35,186,245,210,377,176,508,178,287,203,176,505,624,816,2088,9467,6712,295,5,298,0,0,3,2
2021-02-17T23:59:59+01:00,0,0,39,55,245,331,272,530,247,678,256,391,310,245,807,933,1273,3141,22,33,183,240,202,362,172,491,173,275,195,172,494,609,797,2049,9334,6541,285,4,244,0,0,3,2
2021-02-16T23:59:59+01:00,0,0,38,50,234,319,269,519,241,663,249,384,305,243,796,922,1247,3109,20,33,174,232,194,343,166,479,169,261,192,165,461,578,762,1981,9239,6281,277,4,180,0,0,3,2
2021-02-15T23:59:59+01:00,0,0,37,49,228,316,262,506,237,657,246,376,301,242,777,913,1235,3090,19,31,168,226,189,335,161,468,163,254,182,159,431,549,726,1910,9174,6042,263,4,143,0,0,3,2
2021-02-14T23:59:59+01:00,0,0,35,49,225,313,260,500,235,651,246,372,301,238,770,907,1226,3071,18,31,166,223,185,330,160,456,161,251,181,156,423,540,708,1867,9151,5926,230,4,125,0,0,3,2
2021-02-13T23:59:59+01:00,0,0,34,49,225,313,258,500,235,650,246,372,301,238,768,906,1225,3071,18,31,164,222,182,330,159,454,160,248,179,153,418,537,700,1852,9145,5879,230,1,123,0,0,3,2
2021-02-12T23:59:59+01:00,0,0,33,47,222,307,255,491,231,639,243,365,300,237,762,905,1222,3061,18,31,162,219,181,329,157,452,158,247,177,149,414,521,669,1786,9116,5742,230,1,79,0,0,3,2
2021-02-11T23:59:59+01:00,0,0,32,46,214,288,248,475,224,615,230,351,296,236,754,888,1197,3028,18,30,146,199,173,298,146,405,151,225,160,133,368,472,606,1618,9044,5215,163,1,18,0,0,3,2
2021-02-10T23:59:59+01:00,0,0,31,46,211,281,245,468,220,606,227,344,292,236,742,885,1189,3018,17,27,133,176,157,260,127,356,140,200,144,125,341,441,544,1493,8989,4741,146,1,7,0,0,3,0
2021-02-09T23:59:59+01:00,0,0,30,44,210,278,243,455,215,598,223,341,288,232,738,878,1180,3005,17,26,118,147,144,237,110,313,126,173,126,116,308,385,489,1335,8933,4224,122,1,3,0,0,3,0
2021-02-08T23:59:59+01:00,0,0,30,44,209,276,237,441,212,586,220,336,283,232,730,872,1174,2998,15,24,102,125,123,193,91,272,118,161,103,107,269,333,427,1200,8867,3712,107,1,3,0,0,3,0
2021-02-07T23:59:59+01:00,0,0,30,43,207,275,235,440,212,583,220,335,283,232,728,868,1169,2995,14,18,98,117,116,182,86,254,112,151,96,102,262,320,411,1150,8846,3535,104,1,0,0,0,3,0
2021-02-06T23:59:59+01:00,0,0,30,43,207,275,235,439,212,583,220,334,282,232,727,868,1168,2983,11,14,97,115,115,178,84,247,112,149,95,101,262,316,400,1135,8843,3474,90,1,0,0,0,3,0
2021-02-05T23:59:59+01:00,0,0,29,42,207,275,235,438,210,580,218,333,281,232,725,868,1156,2956,10,10,89,107,111,175,83,242,106,137,92,99,253,310,376,1106,8823,3347,55,0,0,0,0,3,0
2021-02-04T23:59:59+01:00,0,0,29,42,205,272,231,433,205,574,216,329,278,228,719,862,1147,2944,9,7,62,74,88,131,71,203,86,118,88,85,221,274,332,980,8752,2859,55,0,0,0,0,3,0
2021-02-03T23:59:59+01:00,0,0,29,41,205,270,230,421,202,568,215,326,276,226,709,859,1140,2928,6,4,45,56,69,107,53,157,73,88,63,60,166,200,251,717,8688,2139,50,0,0,0,0,3,0
2021-02-02T23:59:59+01:00,0,0,28,41,204,268,226,415,201,563,212,325,273,225,701,848,1133,2903,3,3,29,39,54,77,41,101,54,65,54,49,119,134,167,473,8608,1478,49,0,0,0,0,3,0
2021-02-01T23:59:59+01:00,0,0,27,39,202,268,223,410,198,557,208,318,271,222,694,845,1128,2891,3,1,22,21,27,45,28,62,30,34,38,31,72,86,96,284,8543,889,49,0,0,0,0,3,0
2021-01-31T23:59:59+01:00,0,0,27,39,202,266,221,406,196,549,207,317,270,222,690,841,1122,2876,3,1,20,16,18,37,21,49,22,30,35,25,57,74,93,254,8492,762,48,0,0,0,0,3,0
2021-01-30T23:59:59+01:00,0,0,27,39,202,266,221,405,195,549,207,317,270,222,689,841,1121,2874,3,1,19,15,16,37,19,45,20,29,34,24,57,71,91,248,8487,735,47,0,0,0,0,3,0
2021-01-29T23:59:59+01:00,0,0,27,39,202,263,220,404,194,548,205,315,270,222,684,838,1115,2866,3,0,16,10,11,31,18,40,16,26,34,23,54,70,89,242,8459,687,43,0,0,0,0,2,0
2021-01-28T23:59:59+01:00,0,0,27,38,195,260,220,398,193,539,202,310,269,222,672,830,1092,2846,3,0,3,3,6,18,10,22,7,12,26,16,37,47,59,171,8369,442,34,0,0,0,0,2,0
2021-01-27T23:59:59+01:00,0,0,26,36,190,255,215,389,191,525,199,300,261,217,658,813,1068,2808,1,0,2,3,5,14,9,20,6,11,25,15,31,41,49,130,8207,363,29,0,0,0,0,2,0
2021-01-26T23:59:59+01:00,0,0,23,36,187,244,209,376,186,507,196,292,255,212,636,796,1040,2757,1,0,1,3,5,14,9,20,6,11,24,12,30,37,48,113,8012,335,24,0,0,0,0,2,0
2021-01-25T23:59:59+01:00,0,0,23,35,179,242,206,366,181,497,191,281,245,207,613,776,1014,2712,1,0,1,3,4,12,8,17,6,10,21,10,26,36,40,102,7844,298,6,0,0,0,0,2,0
2021-01-24T23:59:59+01:00,0,0,22,34,177,239,203,365,180,495,190,279,245,205,609,771,1011,2707,1,0,1,3,3,12,8,17,6,10,21,10,26,36,39,100,7808,294,5,0,0,0,0,2,0
2021-01-23T23:59:59+01:00,0,0,22,34,177,239,201,365,180,494,190,279,245,205,608,771,1003,2694,1,0,1,3,3,11,8,17,5,10,21,10,26,36,39,100,7783,292,5,0,0,0,0,2,0
2021-01-22T23:59:59+01:00,0,0,21,33,175,235,200,365,180,493,189,279,245,203,606,769,975,2652,1,0,1,3,3,11,8,17,5,10,21,10,26,36,39,100,7696,292,5,0,0,0,0,2,0
2021-01-21T23:59:59+01:00,0,0,20,33,166,226,193,347,175,470,187,263,233,198,581,743,939,2599,1,0,1,3,1,6,7,12,3,6,20,8,22,26,34,83,7445,234,5,0,0,0,0,2,0
2021-01-20T23:59:59+01:00,0,0,19,31,151,200,175,305,146,414,173,239,215,187,539,697,870,2399,1,0,1,3,1,6,7,11,3,5,19,7,21,23,30,77,6825,216,4,0,0,0,0,2,0
2021-01-19T23:59:59+01:00,0,0,19,29,128,168,159,271,133,371,157,216,180,166,476,606,772,2125,1,0,1,3,1,6,5,7,1,3,11,3,10,15,21,55,6034,144,3,0,0,0,0,2,0
2021-01-18T23:59:59+01:00,0,0,16,28,113,150,137,227,115,323,140,189,142,151,386,501,636,1782,1,0,1,1,0,3,4,5,0,3,2,1,4,6,10,28,5090,70,3,0,0,0,0,2,0
2021-01-17T23:59:59+01:00,0,0,15,18,109,136,129,214,107,299,132,177,133,137,371,471,586,1680,1,0,0,0,0,1,2,4,0,2,1,1,3,1,2,5,4761,23,3,0,0,0,0,2,0
2021-01-16T23:59:59+01:00,0,0,13,14,105,133,127,209,104,289,130,171,130,133,366,463,569,1652,0,0,0,0,0,0,0,0,0,0,0,0,0,0,0,0,4655,0,0,0,0,0,0,2,0
2021-01-15T23:59:59+01:00,0,0,11,12,100,124,123,204,102,279,128,159,126,130,358,447,539,1608,0,0,0,0,0,0,0,0,0,0,0,0,0,0,0,0,4494,0,0,0,0,0,0,2,0
2021-01-14T23:59:59+01:00,0,0,9,8,75,91,104,167,84,234,111,142,114,109,306,397,474,1392,0,0,0,0,0,0,0,0,0,0,0,0,0,0,0,0,3851,0,0,0,0,0,0,2,0
2021-01-13T23:59:59+01:00,0,0,7,7,62,81,93,140,74,192,101,116,86,80,236,282,376,1062,0,0,0,0,0,0,0,0,0,0,0,0,0,0,0,0,3023,0,0,0,0,0,0,2,0
2021-01-12T23:59:59+01:00,0,0,5,5,53,62,76,110,66,135,79,92,70,64,166,202,273,743,0,0,0,0,0,0,0,0,0,0,0,0,0,0,0,0,2226,0,0,0,0,0,0,0,0
2021-01-11T23:59:59+01:00,0,0,4,3,45,49,63,81,52,108,57,65,50,43,96,123,144,417,0,0,0,0,0,0,0,0,0,0,0,0,0,0,0,0,1420,0,0,0,0,0,0,0,0
2021-01-10T23:59:59+01:00,0,0,3,3,41,37,46,67,38,86,47,56,45,33,79,109,135,363,0,0,0,0,0,0,0,0,0,0,0,0,0,0,0,0,1200,0,0,0,0,0,0,0,0
2021-01-09T23:59:59+01:00,0,0,3,2,38,36,41,64,35,76,41,51,44,33,79,107,132,361,0,0,0,0,0,0,0,0,0,0,0,0,0,0,0,0,1153,0,0,0,0,0,0,0,0
2021-01-08T23:59:59+01:00,0,0,3,2,31,28,34,57,29,63,36,45,42,30,74,104,128,350,0,0,0,0,0,0,0,0,0,0,0,0,0,0,0,0,1064,0,0,0,0,0,0,0,0
2021-01-07T23:59:59+01:00,0,0,3,2,9,3,9,20,12,28,12,22,35,21,52,69,88,248,0,0,0,0,0,0,0,0,0,0,0,0,0,0,0,0,635,0,0,0,0,0,0,0,0
2021-01-06T23:59:59+01:00,0,0,3,0,2,3,5,15,9,22,8,13,31,19,44,58,73,197,0,0,0,0,0,0,0,0,0,0,0,0,0,0,0,0,504,0,0,0,0,0,0,0,0
2021-01-05T23:59:59+01:00,0,0,2,0,1,3,5,14,9,20,8,12,30,18,43,57,70,189,0,0,0,0,0,0,0,0,0,0,0,0,0,0,0,0,483,0,0,0,0,0,0,0,0
2021-01-04T23:59:59+01:00,0,0,1,0,1,3,5,13,8,18,7,11,26,14,34,48,54,143,0,0,0,0,0,0,0,0,0,0,0,0,0,0,0,0,387,0,0,0,0,0,0,0,0
2021-01-03T23:59:59+01:00,0,0,1,0,1,3,4,13,8,18,6,11,26,14,34,48,54,142,0,0,0,0,0,0,0,0,0,0,0,0,0,0,0,0,384,0,0,0,0,0,0,0,0
2021-01-02T23:59:59+01:00,0,0,1,0,1,3,4,13,7,18,5,11,26,14,34,48,54,142,0,0,0,0,0,0,0,0,0,0,0,0,0,0,0,0,382,0,0,0,0,0,0,0,0
2021-01-01T23:59:59+01:00,0,0,1,0,1,3,4,13,7,18,5,11,26,14,34,48,54,142,0,0,0,0,0,0,0,0,0,0,0,0,0,0,0,0,382,0,0,0,0,0,0,0,0
2020-12-31T23:59:59+01:00,0,0,1,0,1,3,4,12,7,18,5,11,26,14,34,48,54,142,0,0,0,0,0,0,0,0,0,0,0,0,0,0,0,0,381,0,0,0,0,0,0,0,0
2020-12-30T23:59:59+01:00,0,0,1,0,1,3,4,12,7,17,5,11,26,14,34,48,54,142,0,0,0,0,0,0,0,0,0,0,0,0,0,0,0,0,380,0,0,0,0,0,0,0,0
2020-12-29T23:59:59+01:00,0,0,1,0,1,3,3,8,5,12,3,8,19,10,25,40,39,115,0,0,0,0,0,0,0,0,0,0,0,0,0,0,0,0,293,0,0,0,0,0,0,0,0
2020-12-28T23:59:59+01:00,0,0,1,0,1,1,1,2,3,6,2,4,11,3,8,15,24,58,0,0,0,0,0,0,0,0,0,0,0,0,0,0,0,0,141,0,0,0,0,0,0,0,0
2020-12-27T23:59:59+01:00,0,0,1,0,0,0,0,1,2,6,0,2,2,1,5,4,5,20,0,0,0,0,0,0,0,0,0,0,0,0,0,0,0,0,49,0,0,0,0,0,0,0,0
