Datum,<15_m,<15_w,15-24_1_m,15-24_1_w,25-34_1_m,25-34_1_w,35-44_1_m,35-44_1_w,45-54_1_m,45-54_1_w,55-64_1_m,55-64_1_w,65-74_1_m,65-74_1_w,75-84_1_m,75-84_1_w,>84_1_m,>84_1_w,<24_2_m,<24_2_w,25-34_2_m,25-34_2_w,35-44_2_m,35-44_2_w,45-54_2_m,45-54_2_w,55-64_2_m,55-64_2_w,65-74_2_m,65-74_2_w,75-84_2_m,75-84_2_w,>84_2_m,>84_2_w,bp_1,bp_2,mo_1,mo_2,az_1,az_2,ja,unb_1,unb_2
2021-07-31T23:59:59+02:00,85,101,2473,2316,7167,5171,7230,4974,6536,7036,4887,5291,2518,2662,3112,3193,2718,5148,1613,1511,5061,3720,5490,3849,5222,5745,3975,4438,1895,2200,2269,2472,1958,3822,49861,36058,7565,5913,9184,6957,6704,21,17
2021-07-30T23:59:59+02:00,84,98,2464,2311,7153,5161,7218,4955,6517,7024,4880,5284,2517,2661,3112,3192,2718,5148,1598,1497,4990,3682,5431,3798,5165,5698,3951,4421,1893,2198,2268,2469,1958,3822,49801,35735,7559,5893,9184,6950,6649,21,17
2021-07-29T23:59:59+02:00,83,97,2434,2297,7101,5122,7181,4912,6492,6988,4858,5263,2516,2657,3110,3191,2718,5148,1561,1469,4884,3595,5313,3734,5083,5616,3906,4372,1888,2190,2265,2467,1957,3822,49620,35228,7546,5842,9180,6915,6518,21,17
2021-07-28T23:59:59+02:00,82,95,2416,2286,7065,5086,7151,4891,6470,6967,4843,5254,2514,2656,3108,3188,2717,5148,1526,1428,4786,3526,5204,3673,4992,5544,3873,4340,1876,2182,2264,2465,1957,3822,49446,34692,7536,5793,9178,6877,6473,21,17
2021-07-27T23:59:59+02:00,79,93,2405,2273,7022,5067,7115,4877,6453,6951,4833,5243,2513,2656,3108,3187,2717,5148,1484,1401,4658,3452,5085,3604,4907,5478,3836,4293,1870,2170,2263,2462,1956,3822,49330,34153,7521,5712,9177,6845,6408,21,17
2021-07-26T23:59:59+02:00,79,91,2382,2259,6993,5050,7083,4862,6430,6932,4829,5233,2512,2656,3107,3187,2717,5148,1451,1349,4528,3395,4984,3546,4837,5409,3785,4260,1867,2156,2262,2456,1956,3821,49213,33635,7502,5650,9175,6798,6356,21,17
2021-07-25T23:59:59+02:00,77,88,2368,2242,6960,5030,7050,4849,6410,6912,4820,5229,2510,2653,3106,3186,2717,5148,1432,1328,4477,3358,4932,3516,4791,5371,3756,4238,1864,2152,2261,2456,1956,3821,49076,33390,7494,5619,9172,6766,6309,21,17
2021-07-24T23:59:59+02:00,77,88,2355,2236,6931,5018,7027,4838,6396,6898,4813,5225,2509,2650,3106,3186,2717,5148,1412,1311,4433,3339,4860,3473,4754,5349,3736,4230,1863,2150,2260,2454,1956,3820,49010,33207,7472,5540,9172,6766,6260,21,17
2021-07-23T23:59:59+02:00,76,86,2328,2214,6884,4995,6996,4816,6367,6874,4794,5218,2507,2648,3104,3186,2717,5148,1361,1281,4309,3248,4731,3398,4681,5284,3689,4198,1862,2142,2259,2449,1955,3820,48853,32611,7467,5513,9172,6747,6162,21,17
2021-07-22T23:59:59+02:00,74,84,2295,2190,6807,4961,6951,4781,6320,6832,4763,5196,2501,2645,3102,3185,2717,5146,1307,1247,4159,3182,4590,3328,4539,5210,3610,4152,1850,2133,2255,2447,1955,3819,48565,32018,7454,5388,9166,6681,6061,21,17
2021-07-21T23:59:59+02:00,73,79,2267,2174,6750,4934,6898,4743,6262,6796,4748,5173,2494,2641,3101,3182,2717,5144,1279,1212,4047,3104,4456,3269,4439,5111,3543,4112,1839,2122,2252,2447,1955,3817,48343,31588,7409,5195,9160,6622,5960,21,17
2021-07-20T23:59:59+02:00,72,78,2251,2157,6699,4908,6864,4717,6227,6759,4719,5158,2491,2637,3101,3182,2717,5144,1245,1187,3938,3042,4372,3222,4352,5033,3490,4082,1837,2113,2250,2446,1955,3816,48126,31147,7399,5126,9159,6574,5893,21,17
2021-07-19T23:59:59+02:00,71,78,2231,2136,6651,4876,6817,4697,6195,6728,4699,5143,2487,2633,3100,3178,2717,5143,1226,1167,3869,2998,4294,3189,4275,4970,3456,4059,1833,2108,2246,2443,1954,3816,47877,30860,7389,5017,9158,6531,5851,21,17
2021-07-18T23:59:59+02:00,71,76,2208,2113,6589,4841,6778,4669,6161,6694,4685,5133,2480,2628,3098,3178,2716,5142,1210,1148,3828,2961,4257,3160,4228,4951,3421,4046,1828,2098,2245,2443,1954,3814,47604,30672,7376,4949,9154,6507,5820,21,16
2021-07-17T23:59:59+02:00,69,72,2194,2100,6572,4828,6759,4655,6142,6679,4667,5124,2476,2627,3098,3177,2716,5141,1201,1136,3796,2929,4216,3142,4191,4919,3394,4034,1823,2095,2245,2441,1954,3814,47500,30522,7371,4897,9154,6502,5765,21,16
2021-07-16T23:59:59+02:00,69,69,2156,2076,6514,4797,6702,4621,6099,6638,4637,5095,2470,2623,3096,3176,2716,5141,1163,1115,3699,2884,4125,3102,4108,4866,3333,3989,1810,2085,2239,2439,1954,3813,47326,30198,7346,4870,9147,6438,5570,21,16
2021-07-15T23:59:59+02:00,67,64,2116,2051,6444,4764,6646,4582,6052,6588,4620,5069,2467,2620,3094,3173,2716,5141,1117,1086,3509,2782,3950,3002,3966,4769,3274,3927,1801,2076,2237,2434,1954,3813,47016,29537,7334,4664,9142,6372,5473,21,16
2021-07-14T23:59:59+02:00,66,62,2085,2036,6376,4730,6572,4549,5999,6545,4599,5049,2460,2614,3091,3171,2716,5141,1069,1054,3397,2699,3852,2943,3863,4699,3232,3884,1789,2068,2236,2431,1954,3813,46718,29083,7321,4572,9140,6303,5372,21,16
2021-07-13T23:59:59+02:00,63,59,2060,2012,6327,4702,6512,4514,5961,6499,4579,5033,2451,2609,3089,3171,2716,5141,1040,1025,3307,2624,3733,2878,3776,4613,3178,3823,1761,2061,2233,2426,1953,3811,46426,28620,7317,4445,9139,6215,5306,21,16
2021-07-12T23:59:59+02:00,60,58,2038,1992,6260,4661,6444,4473,5914,6464,4554,5007,2446,2606,3086,3170,2716,5141,1010,1005,3213,2551,3624,2818,3677,4538,3132,3777,1750,2050,2229,2416,1953,3811,46112,28199,7309,4330,9135,6141,5223,21,16
2021-07-11T23:59:59+02:00,56,58,2029,1981,6227,4644,6417,4454,5884,6447,4545,5001,2443,2601,3084,3170,2715,5141,1002,990,3178,2512,3568,2790,3625,4511,3110,3765,1742,2038,2226,2412,1953,3811,46013,28033,7289,4300,9133,6087,5150,21,16
2021-07-10T23:59:59+02:00,55,57,2008,1953,6150,4605,6359,4422,5838,6411,4522,4991,2440,2598,3084,3167,2715,5140,987,973,3127,2475,3524,2761,3588,4482,3094,3753,1736,2032,2226,2411,1953,3811,45786,27869,7271,4299,9118,6075,5026,21,16
2021-07-09T23:59:59+02:00,54,55,1986,1935,6082,4567,6313,4400,5790,6378,4505,4970,2438,2594,3083,3166,2715,5140,968,958,3076,2432,3474,2730,3540,4447,3070,3726,1735,2019,2224,2410,1953,3811,45572,27673,7240,4272,9112,6026,4930,21,16
2021-07-08T23:59:59+02:00,50,52,1938,1892,5991,4509,6216,4347,5724,6315,4471,4937,2431,2585,3080,3162,2715,5140,901,910,2917,2352,3287,2657,3369,4353,2998,3659,1719,2003,2222,2401,1952,3810,45264,27202,7169,3997,9079,5908,4725,21,16
2021-07-07T23:59:59+02:00,50,51,1875,1853,5878,4438,6115,4297,5654,6259,4439,4891,2425,2576,3077,3158,2715,5140,853,883,2776,2281,3120,2587,3212,4250,2944,3596,1701,1977,2214,2393,1952,3808,44794,26683,7128,3764,9062,5832,4587,21,16
2021-07-06T23:59:59+02:00,48,51,1833,1821,5774,4388,6027,4257,5602,6191,4396,4856,2419,2570,3074,3154,2715,5140,818,851,2667,2185,3031,2531,3140,4160,2888,3542,1676,1948,2211,2388,1952,3808,44369,26205,7090,3666,9049,5754,4487,21,16
2021-07-05T23:59:59+02:00,46,51,1766,1781,5636,4318,5917,4222,5534,6137,4355,4819,2415,2564,3072,3153,2715,5138,777,818,2566,2114,2956,2485,3066,4090,2841,3487,1658,1929,2204,2379,1951,3805,43909,25840,7053,3599,9027,5675,4326,21,16
2021-07-04T23:59:59+02:00,46,50,1728,1746,5560,4283,5873,4195,5497,6117,4337,4800,2413,2562,3072,3151,2715,5137,740,793,2508,2068,2920,2463,3036,4057,2818,3465,1645,1908,2202,2378,1950,3805,43721,25708,7021,3543,9003,5603,4213,21,16
2021-07-03T23:59:59+02:00,44,39,1636,1678,5361,4132,5730,4108,5413,6028,4291,4764,2411,2559,3072,3147,2715,5137,702,770,2447,2024,2870,2442,2998,4012,2789,3437,1639,1901,2201,2374,1950,3803,42935,25541,6993,3541,8996,5575,4012,21,16
2021-07-02T23:59:59+02:00,38,34,1604,1642,5292,4094,5687,4075,5392,6003,4280,4747,2410,2553,3071,3146,2714,5137,683,745,2381,1978,2802,2402,2956,3965,2760,3398,1622,1884,2197,2368,1950,3801,42689,25265,6964,3515,8991,5479,3943,21,16
2021-07-01T23:59:59+02:00,34,30,1560,1610,5197,4035,5606,4030,5318,5934,4254,4721,2407,2549,3070,3145,2714,5136,617,708,2200,1912,2620,2321,2788,3855,2664,3313,1599,1861,2188,2356,1949,3799,42314,24539,6910,3314,8979,5385,3814,21,16
2021-06-30T23:59:59+02:00,34,28,1518,1569,5096,3956,5511,3989,5261,5888,4242,4697,2403,2542,3068,3142,2714,5136,584,677,2105,1850,2511,2273,2680,3770,2605,3239,1580,1832,2180,2344,1948,3798,41926,24096,6858,3203,8963,5264,3712,21,16
2021-06-29T23:59:59+02:00,33,25,1466,1499,5002,3875,5422,3936,5208,5830,4216,4669,2399,2538,3067,3142,2714,5135,558,639,2030,1777,2435,2210,2581,3655,2546,3190,1566,1800,2168,2331,1947,3795,41442,23627,6830,3130,8956,5158,3610,21,16
2021-06-28T23:59:59+02:00,32,24,1438,1447,4895,3823,5363,3890,5165,5791,4188,4643,2395,2530,3066,3140,2714,5135,547,618,1938,1717,2359,2155,2510,3575,2501,3143,1549,1782,2161,2325,1947,3792,41083,23322,6776,2996,8946,5065,3532,21,16
2021-06-27T23:59:59+02:00,32,23,1409,1422,4856,3786,5320,3864,5127,5774,4178,4635,2393,2526,3066,3139,2714,5135,530,603,1888,1675,2324,2136,2468,3538,2471,3126,1542,1770,2160,2316,1947,3792,40922,23186,6743,2942,8930,4990,3462,21,16
2021-06-26T23:59:59+02:00,24,18,1380,1399,4791,3742,5232,3822,5090,5743,4157,4621,2393,2524,3066,3137,2714,5135,524,594,1856,1656,2291,2118,2448,3519,2451,3109,1522,1760,2159,2314,1947,3792,40586,22986,6667,2939,8930,4966,3462,19,16
2021-06-25T23:59:59+02:00,19,11,1350,1365,4689,3676,5182,3798,5056,5718,4132,4610,2390,2522,3064,3136,2714,5135,515,572,1812,1635,2234,2053,2356,3382,2408,3013,1514,1739,2156,2310,1945,3791,40195,22557,6639,2914,8929,4791,3460,19,16
2021-06-24T23:59:59+02:00,13,10,1308,1321,4518,3570,5061,3749,4967,5678,4091,4582,2387,2519,3064,3135,2713,5135,479,549,1706,1572,2071,1990,2199,3304,2301,2919,1484,1717,2148,2305,1944,3788,39606,22072,6591,2617,8923,4711,3353,19,16
2021-06-23T23:59:59+02:00,13,10,1281,1291,4438,3525,4982,3702,4918,5636,4067,4547,2377,2514,3061,3133,2712,5135,446,532,1643,1519,1973,1945,2085,3212,2208,2830,1463,1694,2142,2299,1943,3786,39211,21556,6547,2545,8917,4573,3319,19,16
2021-06-22T23:59:59+02:00,13,10,1255,1275,4368,3469,4907,3660,4875,5595,4042,4522,2373,2508,3061,3132,2711,5135,432,515,1587,1484,1894,1894,2007,3104,2111,2745,1451,1670,2133,2287,1943,3782,38842,21156,6506,2432,8914,4426,3295,19,16
2021-06-21T23:59:59+02:00,13,10,1228,1237,4262,3390,4832,3620,4814,5534,4017,4504,2369,2495,3060,3127,2710,5133,418,501,1554,1452,1860,1854,1959,3027,2053,2671,1430,1636,2112,2265,1943,3779,38356,20889,6467,2342,8912,4287,3262,19,16
2021-06-20T23:59:59+02:00,13,8,1206,1211,4200,3335,4792,3603,4779,5515,3995,4493,2368,2493,3059,3127,2709,5133,403,487,1521,1427,1839,1832,1928,3003,2007,2633,1423,1623,2110,2259,1943,3778,38107,20721,6439,2306,8901,4225,3229,19,16
2021-06-19T23:59:59+02:00,12,8,1196,1193,4162,3309,4773,3582,4752,5493,3978,4484,2365,2491,3059,3126,2708,5133,398,483,1504,1412,1821,1809,1916,2980,1984,2602,1415,1615,2107,2258,1941,3777,37958,20575,6383,2278,8901,4217,3214,19,16
2021-06-18T23:59:59+02:00,8,5,1179,1173,4098,3273,4724,3546,4703,5456,3954,4472,2362,2487,3058,3124,2708,5133,388,473,1483,1395,1796,1777,1872,2933,1937,2548,1403,1604,2107,2253,1940,3774,37655,20292,6337,2275,8901,4176,3201,19,16
2021-06-17T23:59:59+02:00,7,5,1140,1147,3946,3205,4545,3475,4537,5370,3895,4429,2356,2484,3058,3123,2707,5133,356,456,1387,1363,1625,1717,1716,2841,1841,2470,1380,1585,2096,2242,1938,3772,37096,19848,6280,2172,8894,4099,2922,17,16
2021-06-16T23:59:59+02:00,7,5,1118,1116,3847,3125,4456,3428,4438,5310,3853,4400,2348,2480,3057,3120,2706,5132,341,436,1329,1328,1568,1686,1637,2761,1781,2403,1367,1559,2085,2229,1938,3768,36647,19466,6170,2105,8885,4026,2872,17,16
2021-06-15T23:59:59+02:00,7,5,1085,1084,3715,3049,4393,3376,4365,5237,3814,4370,2340,2473,3052,3118,2706,5131,332,413,1280,1284,1522,1646,1575,2703,1717,2336,1350,1531,2080,2215,1937,3767,36136,19159,6136,2026,8873,3954,2798,17,16
2021-06-14T23:59:59+02:00,7,4,1062,1055,3631,3002,4309,3322,4288,5167,3762,4337,2336,2463,3052,3114,2705,5130,326,399,1243,1254,1482,1621,1537,2659,1663,2286,1339,1506,2075,2208,1936,3765,35700,18926,6050,1993,8868,3878,2748,17,16
2021-06-13T23:59:59+02:00,7,4,1047,1041,3584,2964,4253,3283,4240,5131,3745,4323,2335,2457,3051,3113,2705,5128,321,392,1211,1238,1449,1601,1493,2625,1631,2248,1325,1487,2069,2197,1936,3763,35453,18757,6017,1972,8864,3804,2695,17,16
2021-06-12T23:59:59+02:00,7,3,1031,1020,3558,2939,4225,3264,4225,5117,3729,4313,2332,2454,3050,3112,2705,5127,317,391,1205,1221,1431,1583,1471,2605,1592,2230,1316,1477,2058,2195,1936,3763,35271,18621,6006,1972,8864,3751,2686,17,16
2021-06-11T23:59:59+02:00,6,3,1016,1010,3521,2897,4151,3239,4188,5084,3704,4301,2331,2450,3049,3109,2705,5126,308,380,1184,1189,1407,1566,1428,2557,1539,2186,1306,1462,2056,2190,1936,3762,34996,18382,5979,1966,8861,3678,2666,17,16
2021-06-10T23:59:59+02:00,6,3,961,970,3414,2823,4023,3167,4094,5016,3653,4267,2328,2442,3047,3107,2704,5126,295,368,1128,1158,1347,1512,1365,2488,1461,2084,1277,1431,2052,2180,1936,3759,34450,17985,5859,1959,8845,3526,2601,17,16
2021-06-09T23:59:59+02:00,6,1,912,942,3290,2732,3888,3112,4003,4939,3612,4228,2324,2436,3044,3104,2704,5126,277,354,1069,1127,1284,1487,1306,2412,1390,2016,1254,1374,2045,2167,1935,3756,33980,17681,5695,1909,8842,3407,2482,17,16
2021-06-08T23:59:59+02:00,5,1,865,907,3165,2648,3768,3030,3905,4859,3558,4202,2317,2431,3041,3101,2703,5124,264,336,1027,1088,1235,1456,1254,2358,1348,1946,1233,1342,2034,2150,1932,3752,33448,17460,5563,1864,8832,3280,2375,17,15
2021-06-07T23:59:59+02:00,4,1,838,882,3066,2578,3642,2996,3786,4790,3509,4175,2303,2427,3040,3099,2703,5122,255,329,983,1054,1186,1434,1210,2306,1282,1896,1219,1322,2020,2134,1931,3744,33082,17300,5394,1829,8827,3158,2238,17,15
2021-06-06T23:59:59+02:00,4,1,820,873,3011,2540,3562,2955,3717,4763,3479,4162,2300,2421,3038,3098,2701,5121,248,317,969,1030,1157,1409,1190,2251,1254,1839,1203,1307,2014,2127,1929,3741,32880,17201,5267,1782,8822,3048,2171,17,15
2021-06-05T23:59:59+02:00,4,1,808,857,2942,2488,3518,2930,3680,4742,3466,4159,2300,2419,3038,3097,2701,5120,244,310,953,1013,1138,1392,1167,2225,1221,1818,1186,1284,2011,2123,1929,3741,32625,17050,5262,1779,8816,3001,2139,17,15
2021-06-04T23:59:59+02:00,2,1,787,841,2897,2442,3446,2892,3617,4693,3440,4144,2296,2416,3035,3097,2701,5120,235,304,935,990,1121,1381,1137,2195,1194,1789,1171,1262,2004,2118,1929,3739,32318,16912,5220,1774,8814,2948,2083,17,15
2021-06-03T23:59:59+02:00,2,1,743,811,2752,2356,3270,2792,3445,4581,3352,4073,2288,2406,3031,3092,2701,5120,224,292,909,961,1071,1333,1077,2109,1137,1727,1135,1221,1995,2104,1929,3737,31669,16709,4993,1760,8801,2786,1912,17,15
2021-06-02T23:59:59+02:00,2,1,718,805,2687,2288,3214,2749,3390,4525,3312,4048,2286,2402,3031,3091,2701,5120,213,288,891,938,1029,1310,1036,2073,1090,1681,1121,1186,1993,2101,1929,3737,31337,16508,4977,1747,8800,2755,1807,17,15
2021-06-01T23:59:59+02:00,2,1,674,776,2540,2186,3032,2657,3221,4419,3250,3988,2275,2394,3028,3085,2701,5120,201,275,818,897,940,1256,958,1964,1038,1608,1089,1131,1984,2089,1927,3732,30744,16238,4767,1710,8791,2566,1584,17,15
2021-05-31T23:59:59+02:00,2,1,642,755,2425,2114,2904,2577,3119,4327,3197,3941,2270,2381,3026,3082,2701,5119,188,263,777,863,880,1220,916,1888,1000,1551,1069,1104,1978,2084,1925,3730,30380,16077,4543,1696,8775,2436,1414,17,15
2021-05-30T23:59:59+02:00,2,1,632,745,2377,2070,2836,2545,3069,4286,3178,3918,2267,2377,3026,3081,2700,5117,178,247,744,831,834,1180,878,1827,978,1499,1057,1088,1972,2076,1925,3728,30235,15984,4482,1686,8766,2284,1272,17,15
2021-05-29T23:59:59+02:00,2,1,630,743,2363,2055,2813,2534,3052,4268,3168,3909,2266,2376,3026,3081,2700,5117,175,239,738,823,816,1156,865,1776,965,1464,1043,1069,1971,2070,1924,3728,30116,15899,4480,1686,8763,2149,1271,17,15
2021-05-28T23:59:59+02:00,2,1,624,733,2336,2020,2770,2509,3028,4251,3157,3893,2266,2372,3024,3076,2700,5117,172,232,728,812,806,1138,855,1739,932,1425,1024,1040,1969,2062,1923,3726,29901,15738,4471,1684,8761,2074,1267,17,15
2021-05-27T23:59:59+02:00,2,1,582,715,2213,1972,2639,2442,2897,4177,3075,3841,2257,2359,3023,3074,2700,5114,159,217,667,765,731,1083,778,1642,868,1340,1002,1009,1955,2042,1922,3724,29442,15534,4344,1644,8734,1828,1074,17,14
2021-05-26T23:59:59+02:00,2,1,556,692,2119,1909,2481,2386,2773,4116,3021,3790,2246,2348,3018,3067,2697,5108,155,203,630,726,685,1049,738,1573,823,1286,987,981,1936,2009,1917,3718,29061,15315,4121,1634,8709,1698,943,17,14
2021-05-25T23:59:59+02:00,2,1,534,678,2040,1857,2381,2345,2668,4035,2973,3756,2233,2340,3015,3062,2696,5104,147,195,611,697,654,1016,696,1516,777,1225,966,960,1910,1976,1916,3714,28725,15108,3946,1598,8670,1565,879,17,13
2021-05-24T23:59:59+02:00,2,1,524,661,1991,1822,2312,2314,2604,3984,2922,3717,2221,2332,3009,3061,2693,5103,143,187,592,679,627,986,661,1457,755,1172,945,945,1904,1974,1911,3713,28559,15015,3792,1586,8637,1443,780,17,13
2021-05-23T23:59:59+02:00,2,1,521,660,1978,1812,2300,2301,2594,3971,2911,3702,2217,2329,3009,3059,2693,5103,142,186,588,673,621,982,645,1445,745,1166,940,939,1900,1970,1909,3709,28453,14941,3789,1580,8636,1434,778,17,13
2021-05-22T23:59:59+02:00,2,1,516,651,1957,1798,2271,2286,2571,3943,2884,3678,2210,2325,3008,3056,2693,5102,139,178,581,668,617,973,635,1441,741,1157,928,933,1893,1955,1909,3709,28249,14878,3788,1580,8634,1400,769,17,13
2021-05-21T23:59:59+02:00,2,1,504,636,1880,1768,2191,2245,2511,3894,2843,3634,2203,2312,3005,3055,2693,5101,139,175,576,661,605,964,623,1429,721,1138,913,908,1881,1950,1909,3708,27815,14786,3762,1579,8619,1339,766,17,13
2021-05-20T23:59:59+02:00,2,1,469,617,1751,1701,2064,2176,2393,3803,2762,3547,2184,2299,2997,3047,2691,5098,132,167,548,626,572,925,596,1373,690,1075,890,876,1869,1937,1907,3705,27177,14658,3650,1564,8550,1137,695,17,13
2021-05-19T23:59:59+02:00,2,1,431,582,1647,1629,1930,2112,2262,3707,2663,3456,2166,2283,2990,3042,2685,5097,119,159,521,606,540,891,567,1323,663,1015,871,856,1849,1907,1900,3700,26468,14487,3583,1544,8513,1041,577,17,13
2021-05-18T23:59:59+02:00,2,0,410,561,1573,1572,1836,2054,2152,3587,2571,3361,2154,2264,2982,3034,2684,5093,112,153,497,586,519,859,550,1247,645,953,856,829,1838,1888,1896,3693,25984,14360,3418,1505,8459,936,478,17,13
2021-05-17T23:59:59+02:00,2,0,391,549,1520,1539,1789,2010,2088,3491,2527,3293,2135,2245,2971,3026,2682,5089,107,146,477,572,511,824,537,1184,634,900,838,796,1833,1877,1895,3688,25702,14277,3305,1471,8400,839,386,17,12
2021-05-16T23:59:59+02:00,2,0,387,548,1494,1511,1759,1988,2048,3440,2471,3238,2121,2237,2968,3022,2682,5088,104,144,469,553,502,808,524,1135,614,859,810,767,1828,1873,1895,3687,25530,14221,3239,1437,8365,752,313,17,12
2021-05-15T23:59:59+02:00,2,0,382,544,1468,1494,1742,1968,2030,3418,2449,3204,2114,2237,2967,3020,2681,5088,104,141,467,553,502,807,519,1131,608,850,806,765,1824,1870,1895,3687,25340,14190,3239,1437,8361,744,309,16,12
2021-05-14T23:59:59+02:00,2,0,371,533,1439,1464,1702,1927,1954,3345,2403,3162,2106,2228,2964,3020,2679,5088,102,138,465,537,484,783,501,1101,595,834,793,751,1818,1862,1895,3686,24989,14135,3198,1422,8340,643,293,16,12
2021-05-13T23:59:59+02:00,2,0,351,516,1384,1418,1605,1885,1841,3260,2334,3076,2080,2211,2955,3016,2677,5082,97,135,453,529,474,768,495,1087,585,821,768,725,1805,1839,1894,3680,24571,14053,2989,1378,8289,603,266,16,12
2021-05-12T23:59:59+02:00,1,0,344,513,1366,1410,1589,1876,1821,3236,2321,3062,2077,2204,2949,3013,2677,5081,97,133,451,529,473,762,491,1083,582,815,761,711,1801,1832,1892,3680,24446,14002,2968,1370,8284,602,263,15,12
2021-05-11T23:59:59+02:00,1,0,327,492,1301,1378,1493,1842,1718,3138,2223,2990,2060,2177,2940,3002,2673,5080,91,123,437,503,453,736,472,1052,551,795,737,680,1789,1822,1890,3676,24054,13891,2808,1334,8178,514,210,15,12
2021-05-10T23:59:59+02:00,1,0,314,477,1263,1350,1445,1813,1654,3083,2167,2921,2048,2162,2931,2993,2672,5076,91,120,431,496,444,716,465,1029,547,772,727,664,1783,1815,1888,3672,23791,13831,2735,1328,8070,461,183,15,11
2021-05-09T23:59:59+02:00,1,0,309,467,1223,1332,1424,1797,1608,3047,2105,2877,2038,2149,2928,2987,2672,5071,88,117,423,488,437,709,456,1020,537,760,715,654,1777,1811,1887,3669,23571,13790,2684,1322,8023,415,161,15,11
2021-05-08T23:59:59+02:00,1,0,303,465,1214,1313,1399,1781,1582,3024,2061,2863,2031,2141,2926,2986,2670,5070,87,117,422,488,435,708,455,1015,537,754,712,653,1771,1800,1887,3669,23372,13773,2681,1314,8019,403,160,15,11
2021-05-07T23:59:59+02:00,1,0,293,458,1190,1288,1354,1761,1524,2962,2010,2815,2022,2131,2925,2981,2668,5065,84,114,411,475,425,682,442,980,515,728,706,629,1753,1786,1887,3665,23108,13707,2653,1290,7958,299,126,15,10
2021-05-06T23:59:59+02:00,1,0,276,447,1103,1252,1239,1700,1387,2850,1880,2725,1986,2102,2921,2968,2667,5061,82,108,398,461,414,667,430,959,496,709,694,612,1739,1770,1883,3658,22629,13636,2467,1270,7754,216,98,14,9
2021-05-05T23:59:59+02:00,1,0,261,434,1065,1228,1198,1665,1321,2785,1797,2645,1963,2069,2907,2953,2667,5050,82,104,390,452,409,655,423,948,490,691,674,600,1715,1750,1883,3655,22190,13555,2407,1248,7697,168,91,14,8
2021-05-04T23:59:59+02:00,1,0,253,424,1030,1206,1161,1644,1279,2739,1743,2583,1944,2036,2897,2939,2657,5037,78,101,383,442,406,650,414,929,482,671,657,581,1699,1724,1879,3655,21862,13461,2345,1217,7652,129,85,14,7
2021-05-03T23:59:59+02:00,1,0,250,416,999,1183,1124,1628,1249,2706,1699,2548,1927,2007,2884,2930,2655,5031,74,95,371,437,398,642,410,921,475,664,642,571,1676,1697,1877,3651,21617,13366,2322,1208,7605,108,59,14,6
2021-05-02T23:59:59+02:00,1,0,244,414,985,1172,1096,1612,1226,2693,1684,2527,1920,1993,2879,2927,2653,5028,72,95,365,435,395,637,407,915,472,658,634,560,1656,1685,1877,3650,21494,13328,2307,1186,7570,95,44,14,6
2021-05-01T23:59:59+02:00,1,0,241,411,977,1164,1086,1603,1215,2681,1669,2508,1912,1987,2875,2923,2653,5028,72,95,365,434,394,637,406,911,472,657,632,560,1656,1685,1877,3650,21371,13321,2307,1186,7570,92,44,14,6
2021-04-30T23:59:59+02:00,1,0,239,405,967,1145,1065,1585,1178,2618,1612,2449,1898,1970,2869,2918,2652,5024,71,93,364,429,391,631,405,887,467,646,625,554,1653,1679,1877,3648,21068,13306,2302,1174,7566,68,13,14,5
2021-04-29T23:59:59+02:00,1,0,227,390,922,1123,1028,1550,1132,2565,1523,2378,1850,1925,2860,2907,2648,5012,71,92,358,428,386,626,399,876,457,635,613,543,1638,1667,1871,3642,20603,13236,2266,1147,7508,47,12,14,5
2021-04-28T23:59:59+02:00,1,0,216,387,909,1109,999,1539,1098,2527,1457,2323,1812,1863,2848,2902,2646,5009,68,91,351,425,383,616,396,866,451,622,597,525,1622,1651,1871,3640,20302,13161,2224,1108,7454,34,11,14,5
2021-04-27T23:59:59+02:00,1,0,215,381,895,1096,986,1527,1074,2502,1435,2295,1781,1820,2842,2895,2644,5005,66,88,349,422,381,611,394,862,445,617,590,514,1610,1628,1867,3637,20104,13100,2199,1080,7421,29,11,13,5
2021-04-26T23:59:59+02:00,1,0,213,375,886,1087,976,1517,1048,2485,1383,2249,1763,1800,2832,2884,2641,4999,66,87,345,418,381,610,390,859,441,611,581,502,1595,1613,1865,3633,19921,13055,2184,1042,7360,27,11,13,5
2021-04-25T23:59:59+02:00,1,0,213,374,878,1078,965,1510,1031,2466,1351,2216,1739,1777,2824,2877,2641,4998,65,86,344,413,378,609,388,855,439,610,579,496,1590,1604,1865,3631,19792,13037,2160,1024,7310,19,11,13,4
2021-04-24T23:59:59+02:00,1,0,209,370,868,1072,952,1496,1018,2447,1320,2194,1729,1753,2821,2872,2641,4998,65,86,344,413,377,609,388,853,438,607,578,493,1589,1601,1865,3631,19629,13030,2160,1015,7293,19,11,13,4
2021-04-23T23:59:59+02:00,1,0,205,364,857,1061,945,1487,1000,2432,1262,2151,1707,1727,2815,2866,2641,4995,64,84,344,413,377,608,387,850,435,603,571,485,1580,1593,1865,3626,19481,13005,2149,988,7201,19,11,13,4
2021-04-22T23:59:59+02:00,1,0,204,356,833,1042,921,1465,970,2390,1210,2088,1663,1680,2804,2846,2639,4986,64,83,343,409,371,602,384,840,430,598,561,477,1562,1580,1860,3621,19190,12937,2094,963,7125,12,11,13,4
2021-04-21T23:59:59+02:00,1,0,199,349,815,1028,897,1448,934,2354,1161,2041,1618,1619,2784,2825,2632,4978,62,81,340,407,370,599,381,835,427,591,556,471,1550,1558,1849,3616,18858,12867,2063,941,7069,12,11,13,4
2021-04-20T23:59:59+02:00,1,0,193,344,799,1004,880,1429,914,2303,1125,1991,1563,1553,2757,2801,2626,4963,61,81,338,406,366,596,377,829,427,584,550,463,1528,1527,1845,3612,18555,12787,1991,919,7003,11,11,13,4
2021-04-19T23:59:59+02:00,1,0,191,336,785,993,867,1412,898,2272,1102,1958,1528,1508,2744,2787,2624,4958,61,80,337,404,362,591,373,820,422,574,546,457,1500,1501,1839,3599,18355,12695,1975,891,6936,8,10,12,4
2021-04-18T23:59:59+02:00,1,0,190,333,777,984,855,1402,880,2255,1081,1940,1494,1470,2735,2781,2618,4952,60,78,336,403,362,591,372,815,420,572,543,451,1490,1495,1836,3597,18231,12666,1944,875,6868,8,10,12,4
2021-04-17T23:59:59+02:00,1,0,188,329,774,981,850,1400,872,2251,1076,1932,1474,1445,2730,2773,2618,4952,60,75,334,398,361,591,370,811,420,569,540,445,1482,1487,1836,3596,18155,12622,1943,873,6842,8,10,12,4
2021-04-16T23:59:59+02:00,1,0,187,328,766,975,838,1384,859,2230,1040,1892,1422,1379,2719,2758,2614,4945,55,73,331,391,360,589,366,799,413,555,515,417,1470,1466,1825,3583,17936,12517,1928,810,6767,7,10,11,4
2021-04-15T23:59:59+02:00,1,0,186,323,744,959,821,1373,834,2186,999,1854,1375,1325,2691,2731,2599,4929,53,73,326,385,355,588,358,794,403,552,500,409,1439,1434,1813,3568,17666,12406,1914,763,6641,6,10,10,4
2021-04-14T23:59:59+02:00,1,0,185,317,735,952,814,1360,823,2154,982,1825,1319,1283,2644,2666,2586,4913,51,69,322,382,351,584,355,786,394,540,485,393,1406,1404,1806,3550,17394,12276,1895,721,6558,6,10,9,4
2021-04-13T23:59:59+02:00,1,0,181,312,726,948,804,1350,812,2129,951,1797,1257,1213,2592,2608,2578,4898,49,69,319,379,343,579,348,778,386,532,472,385,1380,1382,1798,3539,17156,12181,1844,676,6445,5,10,8,4
2021-04-12T23:59:59+02:00,1,0,181,311,722,944,796,1338,788,2107,936,1777,1213,1178,2573,2578,2574,4884,48,65,309,372,338,573,343,770,381,526,457,375,1364,1369,1795,3531,17025,12098,1823,635,6338,5,10,7,4
2021-04-11T23:59:59+02:00,0,0,179,310,716,936,789,1333,777,2091,919,1760,1192,1149,2553,2556,2569,4877,47,63,304,370,336,571,342,766,376,518,452,366,1349,1364,1791,3524,16956,12046,1799,609,6234,4,10,7,4
2021-04-10T23:59:59+02:00,0,0,179,308,716,934,787,1332,770,2082,912,1754,1178,1135,2541,2541,2569,4877,42,58,281,358,321,556,328,755,361,508,439,359,1337,1345,1786,3518,16902,11871,1790,593,6205,4,10,7,4
2021-04-09T23:59:59+02:00,0,0,179,304,711,930,777,1309,762,1999,893,1672,1128,1067,2503,2514,2566,4869,35,56,266,344,303,545,310,741,348,492,422,351,1297,1316,1774,3504,16750,11649,1755,563,5959,4,8,5,4
2021-04-08T23:59:59+02:00,0,0,178,301,707,924,770,1303,749,1982,871,1652,1063,987,2446,2477,2554,4859,35,54,259,330,290,537,294,725,323,474,396,328,1248,1279,1750,3470,16588,11366,1694,530,5823,4,7,5,4
2021-04-07T23:59:59+02:00,0,0,172,298,699,918,762,1289,733,1954,853,1623,1012,930,2395,2421,2545,4843,33,51,241,314,280,531,285,712,309,461,368,309,1202,1242,1731,3432,16399,11100,1653,499,5674,4,7,5,4
2021-04-06T23:59:59+02:00,0,0,168,297,693,914,749,1274,714,1931,827,1599,979,884,2355,2372,2537,4833,31,50,240,311,278,528,275,709,299,456,357,295,1174,1212,1711,3410,16282,10968,1620,466,5500,4,7,5,4
2021-04-05T23:59:59+02:00,0,0,168,297,692,908,745,1265,705,1915,818,1584,953,859,2329,2329,2532,4825,31,50,240,307,277,524,272,702,294,454,355,288,1142,1188,1703,3391,16222,10877,1604,437,5370,4,7,5,4
2021-04-04T23:59:59+02:00,0,0,167,294,690,902,740,1254,696,1899,811,1563,943,845,2324,2323,2532,4824,31,50,240,307,276,524,272,702,293,454,353,288,1125,1175,1699,3387,16197,10835,1602,437,5281,4,7,4,4
2021-04-03T23:59:59+02:00,0,0,167,294,690,902,738,1252,695,1894,804,1560,930,836,2318,2312,2529,4823,31,50,240,307,276,524,272,701,293,452,353,288,1125,1170,1699,3384,16153,10824,1602,437,5261,4,7,4,4
2021-04-02T23:59:59+02:00,0,0,167,293,690,901,737,1249,692,1887,796,1549,918,825,2297,2291,2527,4820,31,50,237,307,274,522,269,694,285,447,349,287,1103,1142,1688,3357,16085,10707,1590,430,5234,4,7,4,4
2021-04-01T23:59:59+02:00,0,0,164,290,684,890,724,1236,686,1867,779,1528,890,792,2260,2243,2521,4801,30,49,229,304,272,518,266,687,279,442,337,279,1065,1104,1655,3314,15959,10507,1529,416,5133,4,7,4,4
2021-03-31T23:59:59+02:00,0,0,161,287,677,883,714,1221,678,1821,766,1485,875,774,2220,2185,2500,4782,30,49,228,303,267,516,262,685,270,432,323,273,1002,1051,1631,3282,15844,10300,1471,398,4981,4,6,4,4
2021-03-30T23:59:59+02:00,0,0,157,280,671,874,710,1200,669,1782,757,1442,856,756,2175,2121,2486,4760,30,48,225,300,264,513,260,679,265,424,312,267,969,1022,1609,3246,15706,10144,1427,380,4828,4,6,4,4
2021-03-29T23:59:59+02:00,0,0,154,274,666,861,705,1188,659,1750,744,1403,839,739,2105,2055,2465,4730,30,48,224,299,263,511,256,673,257,413,305,262,944,1001,1596,3219,15506,10021,1384,370,4711,4,6,4,4
2021-03-28T23:59:59+02:00,0,0,146,257,656,854,699,1179,654,1730,739,1387,832,718,2062,2015,2460,4718,30,47,221,299,259,505,252,670,255,410,303,260,933,991,1590,3211,15433,9964,1333,362,4603,4,6,4,4
2021-03-27T23:59:59+01:00,0,0,146,254,652,847,695,1175,648,1718,737,1380,824,704,2052,2002,2460,4717,30,47,221,299,259,505,251,664,252,405,301,259,926,981,1573,3187,15384,9898,1324,352,4565,4,6,4,4
2021-03-26T23:59:59+01:00,0,0,144,252,642,835,690,1160,639,1700,729,1350,805,686,2027,1977,2450,4707,30,47,221,299,258,503,251,664,246,393,296,252,896,949,1540,3138,15278,9723,1288,352,4486,4,4,4,4
2021-03-25T23:59:59+01:00,0,0,141,251,632,826,672,1139,624,1666,711,1307,786,666,1985,1935,2434,4689,30,47,218,294,257,502,244,661,244,391,288,248,857,917,1479,3059,15168,9489,1234,338,4318,3,4,4,4
2021-03-24T23:59:59+01:00,0,0,138,243,618,814,668,1126,615,1629,697,1273,763,650,1944,1892,2417,4665,30,47,216,293,256,500,242,661,238,388,281,242,814,893,1429,2967,15036,9268,1200,322,4171,2,3,4,4
2021-03-23T23:59:59+01:00,0,0,136,241,611,807,654,1114,605,1607,684,1235,745,636,1903,1861,2402,4647,29,46,214,292,254,496,235,656,235,381,271,238,790,870,1351,2869,14944,9007,1171,311,4026,2,3,4,4
2021-03-22T23:59:59+01:00,0,0,133,236,593,790,635,1096,594,1575,669,1209,736,623,1873,1837,2391,4631,29,45,213,290,252,495,234,648,234,377,268,233,765,848,1260,2764,14864,8747,1140,299,3869,2,3,4,4
2021-03-21T23:59:59+01:00,0,0,131,234,589,784,631,1093,589,1551,658,1174,730,613,1849,1830,2385,4615,29,45,212,290,251,493,233,647,233,375,266,230,759,845,1251,2755,14831,8714,1119,290,3753,2,3,4,4
2021-03-20T23:59:59+01:00,0,0,129,234,584,781,628,1091,586,1547,656,1172,726,604,1826,1808,2378,4603,29,45,212,290,251,493,232,645,230,369,264,228,750,839,1233,2742,14770,8662,1110,280,3718,2,3,4,4
2021-03-19T23:59:59+01:00,0,0,120,222,578,767,622,1085,583,1529,639,1158,692,563,1770,1767,2349,4582,28,45,212,289,250,493,231,638,227,366,262,222,724,820,1198,2689,14606,8518,1038,265,3623,2,3,4,4
2021-03-18T23:59:59+01:00,0,0,117,217,561,757,602,1053,564,1479,610,1110,656,538,1721,1719,2322,4539,28,45,210,287,248,486,231,632,224,357,260,214,707,808,1166,2647,14416,8392,976,246,3408,2,3,4,4
2021-03-17T23:59:59+01:00,0,0,112,211,550,744,590,1048,554,1465,595,1090,634,516,1678,1684,2301,4500,28,44,210,286,247,483,230,631,223,354,259,212,695,796,1131,2601,14217,8276,930,240,3355,2,3,4,4
2021-03-16T23:59:59+01:00,0,0,107,205,539,732,577,1036,542,1427,579,1062,616,492,1625,1632,2280,4464,28,43,210,284,247,478,229,629,221,353,255,212,680,777,1101,2546,14041,8142,877,237,3221,2,2,4,4
2021-03-15T23:59:59+01:00,0,0,103,198,525,717,566,1011,531,1392,565,1025,599,475,1584,1597,2258,4440,27,43,209,281,247,475,227,627,219,353,247,208,662,765,1076,2510,13892,8041,823,223,3093,2,0,4,4
2021-03-14T23:59:59+01:00,0,0,99,186,516,702,555,989,523,1348,549,980,581,460,1557,1576,2242,4415,27,43,209,279,246,474,226,622,218,348,245,204,658,758,1068,2495,13787,8014,788,194,2921,2,0,4,4
2021-03-13T23:59:59+01:00,0,0,95,175,490,681,526,963,497,1327,527,959,555,452,1532,1552,2234,4407,27,43,209,279,246,474,225,621,218,347,244,204,653,749,1039,2466,13567,7937,774,193,2836,2,0,4,4
2021-03-12T23:59:59+01:00,0,0,86,169,464,653,505,936,475,1292,502,924,525,433,1477,1505,2212,4368,27,43,209,278,246,473,225,621,218,346,240,202,641,737,1014,2439,13267,7850,745,193,2711,2,0,4,3
2021-03-11T23:59:59+01:00,0,0,80,158,433,616,471,904,437,1213,464,861,494,400,1400,1439,2164,4309,27,42,208,275,241,469,223,617,214,343,236,200,626,718,989,2398,12889,7768,692,142,2443,2,0,4,3
2021-03-10T23:59:59+01:00,0,0,78,152,409,592,453,886,419,1177,437,818,465,375,1323,1375,2125,4252,27,42,206,270,237,464,220,611,214,341,231,197,607,710,966,2359,12552,7659,659,125,2303,2,0,4,3
2021-03-09T23:59:59+01:00,0,0,77,149,400,572,429,857,405,1128,419,787,444,358,1274,1342,2084,4208,27,42,205,267,235,456,217,607,211,337,229,196,596,703,948,2328,12333,7579,633,106,2132,2,0,4,3
2021-03-08T23:59:59+01:00,0,0,74,144,387,554,411,839,393,1076,408,745,428,344,1220,1307,2060,4170,27,42,205,266,232,451,213,602,207,333,227,195,584,698,938,2317,12149,7528,596,90,1977,1,0,4,3
2021-03-07T23:59:59+01:00,0,0,71,140,384,544,403,823,381,1062,401,739,425,339,1208,1289,2051,4161,27,42,205,265,232,449,211,601,207,332,226,194,580,695,930,2310,12083,7499,570,88,1926,0,0,4,3
2021-03-06T23:59:59+01:00,0,0,71,134,381,540,396,802,374,1008,393,705,423,338,1201,1278,2036,4146,27,42,205,265,231,448,211,600,207,332,226,194,577,695,928,2297,12026,7491,570,75,1786,0,0,4,3
2021-03-05T23:59:59+01:00,0,0,71,129,377,534,392,796,371,992,382,679,412,325,1161,1236,1992,4087,27,42,204,264,230,447,210,598,206,330,224,193,572,694,920,2276,11812,7468,548,49,1725,0,0,4,3
2021-03-04T23:59:59+01:00,0,0,71,118,368,501,378,763,351,951,368,649,395,323,1109,1185,1909,3992,27,42,202,259,228,440,208,587,203,329,223,192,570,691,917,2273,11511,7421,516,48,1551,0,0,4,3
2021-03-03T23:59:59+01:00,0,0,67,111,359,486,371,747,346,929,354,629,385,315,1065,1152,1840,3871,27,42,202,258,227,438,205,577,203,322,222,189,565,688,910,2267,11241,7377,489,43,1440,0,0,4,3
2021-03-02T23:59:59+01:00,0,0,64,105,349,474,358,729,335,908,346,601,372,308,1030,1122,1742,3750,26,42,202,258,227,431,200,570,201,319,220,189,563,680,903,2254,10917,7318,465,43,1347,0,0,4,3
2021-03-01T23:59:59+01:00,0,0,63,103,343,461,351,711,324,883,339,567,367,304,1004,1090,1625,3596,26,41,201,258,225,422,198,562,201,315,219,189,560,674,894,2246,10579,7263,444,43,1241,0,0,4,3
2021-02-28T23:59:59+01:00,0,0,63,101,336,452,348,703,322,859,335,547,362,292,996,1086,1615,3584,26,41,200,257,224,422,198,562,201,315,218,189,559,670,891,2243,10535,7248,433,43,1164,0,0,4,3
2021-02-27T23:59:59+01:00,0,0,60,92,332,443,344,701,316,847,331,537,358,288,987,1075,1593,3563,26,41,200,256,224,421,197,561,200,314,218,189,559,670,891,2243,10466,7247,421,38,1109,0,0,4,3
2021-02-26T23:59:59+01:00,0,0,58,89,325,419,319,670,297,816,318,516,354,284,962,1055,1552,3501,26,40,200,255,224,419,195,558,197,312,218,189,559,670,890,2240,10307,7229,418,38,934,0,0,4,2
2021-02-25T23:59:59+01:00,0,0,51,78,312,400,309,640,290,788,304,490,345,274,945,1036,1515,3456,26,40,199,253,220,416,192,550,192,311,213,186,548,662,879,2234,10160,7168,404,28,790,0,0,4,2
2021-02-24T23:59:59+01:00,0,0,47,73,303,388,302,627,285,773,300,480,338,273,925,1024,1468,3397,25,40,197,251,217,403,190,542,189,306,211,183,542,656,877,2221,10012,7103,390,20,720,0,0,4,2
2021-02-23T23:59:59+01:00,0,0,44,64,290,373,293,608,279,754,290,470,331,271,897,1005,1427,3324,24,40,196,249,215,398,189,536,185,303,210,182,540,646,871,2202,9837,7042,371,16,628,0,0,4,2
2021-02-22T23:59:59+01:00,0,0,41,61,283,361,289,598,276,743,286,466,324,264,876,990,1397,3288,24,38,192,246,212,385,181,526,180,300,207,180,528,638,864,2185,9718,6952,355,5,585,0,0,4,2
2021-02-21T23:59:59+01:00,0,0,40,60,278,354,287,589,272,735,280,462,321,262,871,985,1390,3279,24,37,191,244,212,383,181,517,180,298,207,180,524,637,856,2172,9692,6908,347,5,537,0,0,4,2
2021-02-20T23:59:59+01:00,0,0,39,60,275,353,287,586,271,729,277,454,320,262,858,974,1358,3248,24,37,191,244,212,383,181,517,179,297,207,180,523,637,854,2171,9608,6902,336,5,515,0,0,4,2
2021-02-19T23:59:59+01:00,0,0,38,60,271,348,281,563,261,703,272,441,316,257,836,957,1324,3218,24,36,191,244,211,382,181,516,178,297,206,179,518,636,849,2154,9503,6867,321,5,427,0,0,3,2
2021-02-18T23:59:59+01:00,0,0,38,56,253,327,272,542,252,682,255,413,313,248,825,939,1298,3186,24,35,187,237,209,376,177,500,176,286,203,174,503,622,812,2087,9414,6673,295,5,293,0,0,3,2
2021-02-17T23:59:59+01:00,0,0,38,54,246,321,269,529,247,669,252,391,308,243,805,928,1269,3139,22,33,184,232,201,362,173,483,171,274,195,170,492,607,793,2048,9281,6503,285,4,241,0,0,3,2
2021-02-16T23:59:59+01:00,0,0,37,49,235,310,266,518,241,654,246,384,303,241,794,917,1244,3107,20,33,175,224,193,343,167,471,167,260,192,163,459,576,758,1980,9188,6243,277,4,178,0,0,3,2
2021-02-15T23:59:59+01:00,0,0,36,48,229,307,259,505,237,648,243,376,300,239,776,909,1232,3088,19,31,169,218,188,335,162,461,161,253,182,158,429,547,722,1909,9125,6006,263,4,141,0,0,3,2
2021-02-14T23:59:59+01:00,0,0,34,48,227,304,257,499,235,642,243,372,300,235,769,903,1223,3069,18,31,167,215,184,330,161,449,159,250,181,155,421,538,704,1866,9103,5890,230,4,123,0,0,3,2
2021-02-13T23:59:59+01:00,0,0,33,48,227,304,256,499,235,641,243,372,300,235,767,902,1222,3069,18,31,165,214,181,330,160,447,158,247,179,152,416,535,696,1851,9097,5843,230,1,122,0,0,3,2
2021-02-12T23:59:59+01:00,0,0,32,46,224,299,253,490,231,630,240,366,299,234,761,901,1219,3059,18,31,163,211,180,329,158,445,156,246,177,148,413,519,665,1785,9069,5707,230,1,79,0,0,3,2
2021-02-11T23:59:59+01:00,0,0,31,45,216,280,246,474,224,606,227,352,295,233,753,884,1194,3026,18,30,146,192,172,298,148,399,150,224,160,132,367,471,602,1617,8997,5185,163,1,18,0,0,3,2
2021-02-10T23:59:59+01:00,0,0,31,45,212,273,243,467,220,597,224,345,291,233,741,881,1186,3016,17,27,133,169,158,260,129,350,139,200,144,123,340,440,541,1492,8943,4715,146,1,7,0,0,3,0
2021-02-09T23:59:59+01:00,0,0,30,43,211,270,241,454,216,590,220,342,287,229,737,874,1177,3003,17,26,118,141,145,237,111,308,125,173,126,114,308,384,486,1334,8889,4201,122,1,3,0,0,3,0
2021-02-08T23:59:59+01:00,0,0,30,43,210,268,235,440,213,578,217,337,282,229,729,869,1171,2996,15,24,102,120,124,194,92,267,117,161,103,105,269,332,424,1199,8824,3691,107,1,3,0,0,3,0
2021-02-07T23:59:59+01:00,0,0,30,42,208,266,233,439,213,575,217,336,282,229,727,865,1166,2993,14,18,98,114,117,183,87,249,112,151,96,100,262,319,408,1149,8802,3517,104,1,0,0,0,3,0
2021-02-06T23:59:59+01:00,0,0,30,42,208,266,233,438,213,575,217,335,281,229,726,865,1165,2981,11,14,97,112,116,179,85,242,112,149,95,99,262,315,397,1134,8799,3456,90,1,0,0,0,3,0
2021-02-05T23:59:59+01:00,0,0,29,41,208,266,233,437,211,572,215,334,280,229,724,865,1153,2954,10,10,89,104,112,176,84,238,106,137,92,97,253,310,373,1105,8779,3331,55,0,0,0,0,3,0
2021-02-04T23:59:59+01:00,0,0,29,41,206,265,229,432,206,566,213,330,277,226,718,859,1144,2943,9,7,61,72,88,132,72,200,86,118,88,83,221,274,329,978,8712,2844,55,0,0,0,0,3,0
2021-02-03T23:59:59+01:00,0,0,29,40,206,263,228,420,203,560,212,327,275,224,708,856,1137,2928,6,4,45,54,69,108,54,155,73,89,63,58,166,200,248,715,8649,2128,50,0,0,0,0,3,0
2021-02-02T23:59:59+01:00,0,0,28,40,205,261,225,414,202,555,209,326,272,223,700,846,1130,2903,3,3,29,38,54,77,42,99,54,66,54,47,119,134,165,473,8571,1471,49,0,0,0,0,3,0
2021-02-01T23:59:59+01:00,0,0,27,38,203,261,222,409,199,549,205,319,271,220,693,843,1125,2891,3,1,22,21,27,45,28,62,30,35,38,29,72,86,95,284,8507,886,49,0,0,0,0,3,0
2021-01-31T23:59:59+01:00,0,0,27,38,203,259,220,405,197,541,204,317,270,220,689,839,1119,2876,3,1,20,16,18,37,21,49,22,31,35,23,57,74,92,254,8456,759,48,0,0,0,0,3,0
2021-01-30T23:59:59+01:00,0,0,27,38,203,259,220,405,196,541,204,317,270,220,688,839,1118,2874,3,1,19,15,16,37,19,45,20,30,34,22,57,71,90,248,8452,732,47,0,0,0,0,3,0
2021-01-29T23:59:59+01:00,0,0,27,38,203,256,219,404,195,540,202,315,270,220,683,836,1112,2866,3,0,16,10,11,31,18,40,16,27,34,21,54,70,88,242,8424,684,43,0,0,0,0,2,0
2021-01-28T23:59:59+01:00,0,0,27,37,196,253,219,398,194,531,199,310,269,220,671,828,1089,2846,3,0,3,3,6,18,10,22,7,13,26,15,37,47,58,171,8334,440,34,0,0,0,0,2,0
2021-01-27T23:59:59+01:00,0,0,26,35,191,248,214,389,192,517,196,300,261,215,657,811,1065,2808,1,0,2,3,5,14,9,20,6,12,25,14,31,41,49,130,8172,362,29,0,0,0,0,2,0
2021-01-26T23:59:59+01:00,0,0,23,35,188,237,208,376,187,499,193,291,255,210,635,794,1037,2757,1,0,1,3,5,14,9,20,6,12,24,11,30,37,48,113,7976,334,24,0,0,0,0,2,0
2021-01-25T23:59:59+01:00,0,0,23,34,180,235,205,366,182,489,188,280,245,206,612,774,1011,2712,1,0,1,3,4,12,8,17,6,11,21,10,26,36,40,102,7809,298,6,0,0,0,0,2,0
2021-01-24T23:59:59+01:00,0,0,22,33,178,232,202,365,181,487,187,278,245,204,608,769,1008,2707,1,0,1,3,3,12,8,17,6,11,21,10,26,36,39,100,7773,294,5,0,0,0,0,2,0
2021-01-23T23:59:59+01:00,0,0,22,33,178,232,200,365,181,486,187,278,245,204,607,769,1000,2694,1,0,1,3,3,11,8,17,5,11,21,10,26,36,39,100,7748,292,5,0,0,0,0,2,0
2021-01-22T23:59:59+01:00,0,0,21,32,176,228,199,365,181,485,186,278,245,202,605,767,972,2652,1,0,1,3,3,11,8,17,5,11,21,10,26,36,39,100,7661,292,5,0,0,0,0,2,0
2021-01-21T23:59:59+01:00,0,0,20,32,166,220,192,347,176,463,184,261,233,197,580,742,935,2599,1,0,1,3,1,6,7,12,3,7,20,8,22,26,34,83,7411,234,5,0,0,0,0,2,0
2021-01-20T23:59:59+01:00,0,0,19,30,151,195,176,305,147,407,170,237,215,185,538,696,867,2399,1,0,1,3,1,6,7,11,3,6,19,7,21,23,30,77,6795,216,4,0,0,0,0,2,0
2021-01-19T23:59:59+01:00,0,0,19,28,128,164,160,271,134,366,155,214,180,164,475,605,769,2125,1,0,1,3,1,6,5,7,1,4,11,3,10,15,21,55,6009,144,3,0,0,0,0,2,0
2021-01-18T23:59:59+01:00,0,0,16,27,113,147,138,227,116,318,138,187,142,149,385,500,633,1782,1,0,1,1,0,3,4,5,0,4,2,1,4,6,10,28,5066,70,3,0,0,0,0,2,0
2021-01-17T23:59:59+01:00,0,0,15,17,109,133,130,214,108,294,131,175,133,135,370,470,583,1680,1,0,0,0,0,1,2,4,0,2,1,1,3,1,2,5,4738,23,3,0,0,0,0,2,0
2021-01-16T23:59:59+01:00,0,0,13,13,105,130,128,209,105,284,129,169,130,131,365,462,566,1652,0,0,0,0,0,0,0,0,0,0,0,0,0,0,0,0,4632,0,0,0,0,0,0,2,0
2021-01-15T23:59:59+01:00,0,0,11,11,100,121,124,204,103,275,127,157,126,128,358,447,536,1608,0,0,0,0,0,0,0,0,0,0,0,0,0,0,0,0,4474,0,0,0,0,0,0,2,0
2021-01-14T23:59:59+01:00,0,0,9,7,75,88,104,167,85,230,110,140,114,107,306,397,471,1392,0,0,0,0,0,0,0,0,0,0,0,0,0,0,0,0,3831,0,0,0,0,0,0,2,0
2021-01-13T23:59:59+01:00,0,0,7,6,63,78,93,140,75,189,100,115,86,78,236,282,373,1062,0,0,0,0,0,0,0,0,0,0,0,0,0,0,0,0,3007,0,0,0,0,0,0,2,0
2021-01-12T23:59:59+01:00,0,0,5,5,53,60,76,110,67,132,78,91,70,62,166,202,270,742,0,0,0,0,0,0,0,0,0,0,0,0,0,0,0,0,2211,0,0,0,0,0,0,0,0
2021-01-11T23:59:59+01:00,0,0,4,3,45,48,63,80,53,106,56,64,50,41,96,123,141,417,0,0,0,0,0,0,0,0,0,0,0,0,0,0,0,0,1408,0,0,0,0,0,0,0,0
2021-01-10T23:59:59+01:00,0,0,3,3,41,36,46,67,38,84,46,55,45,31,79,109,132,363,0,0,0,0,0,0,0,0,0,0,0,0,0,0,0,0,1189,0,0,0,0,0,0,0,0
2021-01-09T23:59:59+01:00,0,0,3,2,38,35,41,64,35,74,40,50,44,31,79,107,129,361,0,0,0,0,0,0,0,0,0,0,0,0,0,0,0,0,1142,0,0,0,0,0,0,0,0
2021-01-08T23:59:59+01:00,0,0,3,2,31,27,34,57,29,62,35,44,42,29,74,104,126,350,0,0,0,0,0,0,0,0,0,0,0,0,0,0,0,0,1056,0,0,0,0,0,0,0,0
2021-01-07T23:59:59+01:00,0,0,3,2,9,3,9,20,12,28,11,22,35,20,52,69,87,248,0,0,0,0,0,0,0,0,0,0,0,0,0,0,0,0,631,0,0,0,0,0,0,0,0
2021-01-06T23:59:59+01:00,0,0,3,0,2,3,5,15,9,22,7,13,31,18,44,58,73,197,0,0,0,0,0,0,0,0,0,0,0,0,0,0,0,0,501,0,0,0,0,0,0,0,0
2021-01-05T23:59:59+01:00,0,0,2,0,1,3,5,14,9,20,7,12,30,17,43,57,70,189,0,0,0,0,0,0,0,0,0,0,0,0,0,0,0,0,480,0,0,0,0,0,0,0,0
2021-01-04T23:59:59+01:00,0,0,1,0,1,3,5,13,8,18,6,11,26,14,34,48,54,143,0,0,0,0,0,0,0,0,0,0,0,0,0,0,0,0,385,0,0,0,0,0,0,0,0
2021-01-03T23:59:59+01:00,0,0,1,0,1,3,4,13,8,18,6,11,26,14,34,48,54,142,0,0,0,0,0,0,0,0,0,0,0,0,0,0,0,0,383,0,0,0,0,0,0,0,0
2021-01-02T23:59:59+01:00,0,0,1,0,1,3,4,13,7,18,5,11,26,14,34,48,54,142,0,0,0,0,0,0,0,0,0,0,0,0,0,0,0,0,381,0,0,0,0,0,0,0,0
2021-01-01T23:59:59+01:00,0,0,1,0,1,3,4,13,7,18,5,11,26,14,34,48,54,142,0,0,0,0,0,0,0,0,0,0,0,0,0,0,0,0,381,0,0,0,0,0,0,0,0
2020-12-31T23:59:59+01:00,0,0,1,0,1,3,4,12,7,18,5,11,26,14,34,48,54,142,0,0,0,0,0,0,0,0,0,0,0,0,0,0,0,0,380,0,0,0,0,0,0,0,0
2020-12-30T23:59:59+01:00,0,0,1,0,1,3,4,12,7,17,5,11,26,14,34,48,54,142,0,0,0,0,0,0,0,0,0,0,0,0,0,0,0,0,379,0,0,0,0,0,0,0,0
2020-12-29T23:59:59+01:00,0,0,1,0,1,3,3,8,5,12,3,8,19,10,25,40,39,115,0,0,0,0,0,0,0,0,0,0,0,0,0,0,0,0,292,0,0,0,0,0,0,0,0
2020-12-28T23:59:59+01:00,0,0,1,0,1,1,1,2,3,6,2,5,11,3,8,15,24,58,0,0,0,0,0,0,0,0,0,0,0,0,0,0,0,0,141,0,0,0,0,0,0,0,0
2020-12-27T23:59:59+01:00,0,0,1,0,0,0,0,1,2,6,0,2,2,1,5,4,5,20,0,0,0,0,0,0,0,0,0,0,0,0,0,0,0,0,49,0,0,0,0,0,0,0,0
