Datum,<24_1_m,<24_1_w,25-34_1_m,25-34_1_w,35-44_1_m,35-44_1_w,45-54_1_m,45-54_1_w,55-64_1_m,55-64_1_w,65-74_1_m,65-74_1_w,75-84_1_m,75-84_1_w,>84_1_m,>84_1_w,<24_2_m,<24_2_w,25-34_2_m,25-34_2_w,35-44_2_m,35-44_2_w,45-54_2_m,45-54_2_w,55-64_2_m,55-64_2_w,65-74_2_m,65-74_2_w,75-84_2_m,75-84_2_w,>84_2_m,>84_2_w,bp_1,bp_2,mo_1,mo_2,az_1,az_2,ja
2021-06-06T23:59:59+02:00,934,1015,2746,2277,3216,2890,3240,4454,2769,3676,1468,1875,1776,2168,1293,2959,267,346,872,906,993,1396,953,2033,963,1598,748,1030,1143,1458,785,1968,25454,11926,4280,1164,7608,2780,1695
2021-06-05T23:59:59+02:00,926,1001,2720,2252,3191,2873,3225,4442,2765,3675,1468,1875,1776,2168,1293,2959,263,340,866,894,983,1384,936,2013,941,1583,738,1012,1143,1455,785,1968,25324,11814,4276,1164,7607,2749,1683
2021-06-04T23:59:59+02:00,907,988,2687,2215,3126,2840,3189,4396,2741,3665,1465,1872,1774,2168,1293,2959,256,336,850,877,971,1375,925,1994,920,1562,731,993,1137,1450,785,1966,25067,11712,4239,1163,7605,2704,1655
2021-06-03T23:59:59+02:00,860,952,2547,2140,2972,2764,3048,4286,2674,3608,1459,1864,1770,2165,1293,2959,242,329,824,854,939,1330,874,1922,883,1514,705,956,1132,1440,785,1965,24458,11549,4056,1151,7591,2563,1537
2021-06-02T23:59:59+02:00,839,947,2505,2090,2944,2742,3000,4248,2654,3593,1457,1861,1770,2164,1293,2959,235,324,813,845,919,1320,846,1901,864,1482,697,928,1129,1437,785,1965,24208,11406,4038,1141,7591,2539,1510
2021-06-01T23:59:59+02:00,789,901,2370,2001,2793,2657,2863,4161,2605,3538,1448,1851,1767,2160,1293,2959,223,307,747,813,850,1275,793,1815,821,1411,675,884,1124,1427,785,1961,23646,11168,3847,1111,7580,2374,1364
2021-05-31T23:59:59+02:00,743,874,2261,1952,2694,2591,2782,4091,2561,3496,1446,1843,1765,2158,1293,2959,209,297,722,795,809,1253,764,1755,786,1366,659,860,1118,1423,784,1960,23316,11030,3629,1098,7568,2261,1277
2021-05-30T23:59:59+02:00,730,865,2223,1920,2654,2571,2752,4060,2549,3474,1444,1841,1765,2158,1293,2958,203,284,697,773,781,1220,747,1703,773,1322,649,847,1115,1418,784,1958,23183,10953,3575,1090,7562,2119,1217
2021-05-29T23:59:59+02:00,725,861,2205,1906,2633,2564,2738,4045,2540,3467,1443,1840,1765,2158,1293,2958,200,277,689,765,765,1197,737,1653,760,1295,642,832,1114,1414,783,1958,23070,10892,3574,1090,7560,1987,1217
2021-05-28T23:59:59+02:00,720,849,2176,1876,2596,2544,2715,4023,2528,3455,1443,1838,1763,2153,1293,2958,198,273,683,755,758,1176,725,1623,733,1258,628,807,1112,1407,782,1956,22874,10756,3563,1088,7558,1919,1215
2021-05-27T23:59:59+02:00,665,826,2044,1825,2477,2483,2583,3952,2460,3411,1437,1830,1762,2150,1293,2956,186,254,621,713,689,1112,653,1540,676,1183,613,779,1105,1393,782,1954,22442,10591,3434,1051,7533,1692,1022
2021-05-26T23:59:59+02:00,637,792,1957,1759,2330,2424,2490,3891,2415,3373,1427,1823,1760,2143,1291,2951,180,239,586,679,641,1076,616,1473,637,1131,601,753,1094,1365,781,1952,22079,10395,3249,1042,7513,1572,898
2021-05-25T23:59:59+02:00,609,774,1875,1716,2234,2385,2396,3812,2375,3346,1419,1815,1758,2141,1290,2949,170,227,567,657,608,1042,584,1412,604,1076,584,734,1079,1347,780,1950,21771,10226,3080,1011,7482,1450,837
2021-05-24T23:59:59+02:00,591,755,1826,1676,2166,2353,2337,3765,2332,3310,1410,1811,1754,2140,1290,2948,168,218,546,641,581,1010,560,1367,584,1032,570,720,1075,1345,780,1950,21617,10163,2931,1003,7451,1344,740
2021-05-23T23:59:59+02:00,587,754,1815,1667,2156,2339,2332,3755,2322,3295,1409,1809,1754,2139,1290,2948,166,216,543,640,573,1006,549,1358,576,1026,569,714,1072,1342,779,1948,21527,10107,2930,999,7450,1335,739
2021-05-22T23:59:59+02:00,579,746,1795,1651,2132,2328,2312,3729,2302,3271,1402,1802,1754,2138,1290,2947,164,210,536,635,569,1000,540,1353,573,1019,559,705,1068,1333,779,1948,21344,10060,2929,999,7448,1304,730
2021-05-21T23:59:59+02:00,567,730,1717,1621,2060,2284,2262,3689,2271,3232,1396,1796,1753,2137,1290,2947,164,207,532,629,558,992,528,1341,559,1004,551,682,1062,1329,779,1947,20962,9993,2903,999,7430,1247,727
2021-05-20T23:59:59+02:00,529,700,1590,1558,1937,2214,2142,3600,2203,3156,1381,1785,1750,2132,1290,2945,156,197,497,594,537,955,500,1286,536,951,535,657,1055,1323,779,1946,20369,9899,2799,991,7353,1056,659
2021-05-19T23:59:59+02:00,494,658,1495,1503,1805,2150,2023,3503,2121,3077,1367,1772,1744,2129,1288,2945,142,185,474,575,509,923,471,1233,514,897,524,643,1046,1302,778,1943,19733,9772,2742,977,7321,966,544
2021-05-18T23:59:59+02:00,462,636,1419,1452,1726,2093,1925,3387,2041,2994,1357,1756,1739,2122,1288,2942,125,177,454,555,492,890,454,1158,494,835,512,624,1042,1290,777,1940,19300,9674,2593,943,7275,866,436
2021-05-17T23:59:59+02:00,437,622,1377,1416,1681,2045,1868,3301,2007,2931,1338,1740,1736,2116,1288,2941,119,170,440,543,485,851,448,1098,489,788,498,595,1040,1282,777,1940,19046,9618,2492,920,7224,778,347
2021-05-16T23:59:59+02:00,432,621,1350,1390,1649,2025,1830,3250,1962,2887,1323,1731,1734,2112,1288,2941,115,168,433,524,474,832,437,1052,474,750,477,576,1038,1278,777,1939,18898,9578,2428,893,7191,699,272
2021-05-15T23:59:59+02:00,425,614,1328,1373,1635,2006,1815,3228,1937,2861,1319,1729,1734,2111,1287,2941,115,166,431,524,474,831,435,1047,468,743,474,573,1036,1277,777,1939,18724,9554,2428,893,7187,693,268
2021-05-14T23:59:59+02:00,414,601,1301,1341,1595,1967,1744,3166,1898,2826,1314,1724,1733,2111,1285,2941,113,163,429,508,454,807,421,1018,457,725,464,563,1034,1273,777,1938,18412,9515,2389,879,7168,593,255
2021-05-13T23:59:59+02:00,394,578,1245,1305,1500,1920,1643,3087,1841,2748,1292,1714,1727,2110,1283,2938,110,160,420,503,446,794,416,1004,447,712,448,540,1026,1255,777,1934,18044,9450,2189,847,7124,562,230
2021-05-12T23:59:59+02:00,387,572,1230,1300,1488,1912,1626,3066,1831,2735,1290,1709,1722,2109,1283,2938,109,159,420,503,445,789,411,999,445,707,441,529,1025,1250,777,1934,17943,9410,2170,841,7120,562,227
2021-05-11T23:59:59+02:00,370,550,1162,1271,1392,1876,1528,2975,1755,2674,1280,1687,1717,2101,1283,2938,104,149,406,476,423,767,399,969,423,688,428,506,1018,1246,777,1934,17591,9337,2020,816,7030,479,178
2021-05-10T23:59:59+02:00,356,534,1130,1248,1341,1846,1467,2919,1710,2618,1274,1676,1714,2095,1283,2935,102,146,400,468,414,745,393,950,418,663,423,495,1017,1243,777,1934,17363,9297,1952,809,6936,427,152
2021-05-09T23:59:59+02:00,350,520,1092,1235,1319,1828,1420,2886,1665,2584,1267,1666,1712,2090,1283,2934,97,143,396,461,406,737,386,939,409,656,414,484,1014,1241,777,1933,17171,9269,1906,803,6897,385,133
2021-05-08T23:59:59+02:00,343,518,1086,1214,1294,1818,1407,2868,1645,2571,1261,1662,1711,2089,1282,2934,97,143,395,461,404,736,385,933,409,652,413,483,1010,1233,777,1933,17028,9256,1903,797,6895,375,133
2021-05-07T23:59:59+02:00,335,510,1069,1190,1251,1797,1352,2817,1607,2526,1255,1655,1710,2084,1282,2931,94,139,383,448,395,709,374,903,394,628,407,460,1001,1223,777,1932,16807,9208,1877,776,6836,275,105
2021-05-06T23:59:59+02:00,319,498,985,1150,1140,1741,1220,2707,1500,2453,1232,1629,1709,2076,1282,2929,91,135,370,435,388,689,362,886,378,610,401,450,991,1213,777,1930,16383,9165,1713,762,6648,197,79
2021-05-05T23:59:59+02:00,308,484,953,1127,1103,1708,1156,2645,1443,2387,1218,1606,1704,2065,1282,2925,91,130,366,429,383,677,359,879,370,594,388,437,977,1200,777,1929,16024,9110,1660,744,6607,156,73
2021-05-04T23:59:59+02:00,299,473,922,1108,1069,1685,1110,2599,1403,2336,1205,1578,1700,2058,1281,2923,89,128,360,419,381,671,351,864,363,578,379,422,969,1181,777,1929,15748,9046,1603,721,6574,121,69
2021-05-03T23:59:59+02:00,296,463,895,1090,1036,1673,1080,2567,1372,2301,1194,1551,1695,2052,1280,2921,84,122,350,415,373,661,349,859,354,570,369,411,960,1170,776,1927,15543,8981,1583,715,6536,101,47
2021-05-02T23:59:59+02:00,293,461,879,1079,1017,1660,1060,2555,1363,2278,1187,1541,1694,2051,1280,2919,82,122,345,412,371,657,346,853,352,564,361,403,946,1162,776,1927,15445,8953,1570,699,6511,89,32
2021-05-01T23:59:59+02:00,290,458,873,1072,1008,1651,1050,2543,1352,2264,1183,1534,1693,2049,1280,2919,82,122,345,411,370,656,345,850,351,563,360,403,946,1162,776,1927,15346,8946,1570,699,6511,86,32
2021-04-30T23:59:59+02:00,286,451,864,1057,988,1634,1017,2476,1312,2221,1174,1520,1690,2047,1280,2916,81,120,344,408,367,648,344,824,346,558,356,398,944,1157,776,1926,15092,8934,1567,690,6509,63,4
2021-04-29T23:59:59+02:00,274,444,831,1034,956,1603,976,2420,1236,2156,1144,1487,1688,2041,1280,2915,81,119,340,406,363,644,339,812,340,549,348,389,936,1150,776,1924,14723,8894,1535,670,6460,42,4
2021-04-28T23:59:59+02:00,263,441,819,1020,929,1591,942,2385,1183,2095,1122,1446,1683,2040,1280,2915,77,119,334,401,359,637,337,804,338,539,335,377,927,1140,776,1923,14467,8839,1498,645,6421,28,4
2021-04-27T23:59:59+02:00,260,432,809,1008,914,1582,922,2364,1163,2067,1102,1412,1678,2037,1280,2913,76,116,332,398,358,632,335,799,333,533,331,368,918,1127,775,1922,14304,8796,1477,623,6393,23,4
2021-04-26T23:59:59+02:00,258,427,802,1000,904,1576,900,2342,1118,2025,1089,1392,1671,2034,1279,2912,76,116,330,396,357,631,333,797,330,529,325,358,913,1120,775,1922,14150,8769,1465,607,6344,21,4
2021-04-25T23:59:59+02:00,258,424,795,993,892,1566,886,2328,1090,1997,1075,1374,1668,2028,1279,2911,75,116,330,392,354,629,333,795,329,528,323,355,911,1113,775,1921,14042,8759,1444,595,6305,14,4
2021-04-24T23:59:59+02:00,253,420,788,990,879,1556,876,2311,1067,1983,1069,1354,1666,2026,1279,2911,75,116,330,392,354,629,332,795,329,525,322,354,911,1112,775,1921,13917,8756,1444,591,6293,14,4
2021-04-23T23:59:59+02:00,250,414,778,981,875,1549,859,2298,1010,1944,1060,1333,1663,2021,1279,2908,75,115,330,392,354,628,331,793,327,524,316,346,909,1108,775,1921,13801,8739,1434,580,6209,14,4
2021-04-22T23:59:59+02:00,249,406,758,963,860,1531,825,2254,974,1894,1038,1296,1656,2010,1279,2905,75,112,328,390,351,621,328,786,326,520,313,341,901,1098,774,1920,13579,8695,1388,571,6150,7,4
2021-04-21T23:59:59+02:00,243,401,743,950,838,1515,796,2222,929,1850,1013,1250,1651,1998,1279,2904,73,110,326,388,350,618,326,782,323,513,312,337,893,1083,772,1916,13329,8650,1367,554,6104,7,4
2021-04-20T23:59:59+02:00,238,395,730,931,824,1495,776,2171,902,1805,979,1190,1639,1985,1278,2903,73,110,324,388,347,615,324,777,323,509,310,330,883,1063,771,1916,13099,8603,1305,542,6053,7,4
2021-04-19T23:59:59+02:00,236,386,720,920,811,1479,764,2145,882,1777,957,1153,1635,1981,1278,2900,73,109,322,385,344,610,323,769,320,501,310,325,869,1046,770,1910,12949,8548,1292,523,5999,5,3
2021-04-18T23:59:59+02:00,234,382,710,915,796,1470,750,2132,865,1759,937,1122,1632,1976,1276,2898,72,107,321,384,344,610,322,765,320,499,309,320,863,1043,769,1910,12852,8529,1266,514,5950,5,3
2021-04-17T23:59:59+02:00,232,378,704,912,792,1470,746,2126,862,1752,925,1105,1630,1972,1276,2898,71,104,320,382,344,610,321,761,320,496,308,316,859,1036,769,1910,12795,8500,1265,512,5934,5,3
2021-04-16T23:59:59+02:00,231,375,699,910,778,1455,736,2107,831,1713,894,1053,1624,1963,1275,2896,67,102,317,377,343,608,317,753,315,481,296,296,856,1026,765,1904,12625,8435,1252,472,5877,5,3
2021-04-15T23:59:59+02:00,228,372,684,892,763,1443,714,2069,792,1671,868,1016,1614,1944,1274,2890,66,102,314,371,338,607,310,748,308,478,290,289,836,1006,763,1897,12431,8361,1241,446,5775,5,3
2021-04-14T23:59:59+02:00,225,366,676,886,755,1429,707,2040,777,1646,835,979,1590,1902,1271,2885,63,97,311,369,335,603,308,742,301,468,284,277,818,989,762,1891,12238,8284,1226,418,5716,5,3
2021-04-13T23:59:59+02:00,221,361,669,882,746,1418,699,2018,749,1618,801,929,1573,1875,1269,2880,61,96,308,365,327,598,304,736,296,462,280,272,807,979,757,1888,12102,8227,1182,394,5635,4,3
2021-04-12T23:59:59+02:00,220,360,666,878,738,1407,684,2001,734,1601,772,897,1562,1862,1269,2876,60,92,299,359,323,592,299,731,291,457,271,264,802,970,757,1882,12013,8164,1165,368,5558,4,3
2021-04-11T23:59:59+02:00,216,359,660,874,732,1402,677,1989,723,1585,754,873,1555,1845,1269,2872,58,90,294,357,322,590,297,729,288,450,267,259,794,966,755,1881,11969,8124,1147,355,5478,4,3
2021-04-10T23:59:59+02:00,216,359,660,873,730,1400,672,1982,718,1580,747,857,1549,1835,1269,2872,53,82,271,344,309,577,287,717,273,441,258,251,789,953,753,1879,11928,7972,1141,345,5458,4,3
2021-04-09T23:59:59+02:00,216,355,657,871,722,1374,663,1903,703,1500,720,806,1529,1816,1269,2867,44,77,257,330,291,563,271,705,263,428,247,246,769,930,750,1875,11823,7790,1121,335,5235,4,2
2021-04-08T23:59:59+02:00,215,351,652,867,716,1367,653,1884,685,1480,681,752,1502,1797,1268,2865,42,74,248,315,276,556,256,690,245,412,234,227,755,913,745,1858,11721,7606,1085,316,5137,4,2
2021-04-07T23:59:59+02:00,209,348,646,860,709,1356,639,1859,672,1452,647,710,1477,1757,1265,2858,40,70,231,301,267,549,250,679,236,398,220,217,726,891,742,1845,11593,7435,1052,301,5024,4,2
2021-04-06T23:59:59+02:00,206,347,640,857,697,1342,623,1835,649,1432,626,672,1459,1728,1263,2857,39,69,230,299,264,547,241,676,230,392,216,211,710,865,740,1837,11517,7358,1028,282,4891,4,2
2021-04-05T23:59:59+02:00,206,347,640,850,691,1333,617,1819,641,1419,605,648,1449,1706,1263,2856,39,69,229,296,263,542,237,669,229,390,216,205,691,844,740,1831,11484,7299,1017,264,4789,4,2
2021-04-04T23:59:59+02:00,205,345,640,845,685,1322,611,1801,637,1402,596,636,1448,1704,1263,2855,39,69,228,296,263,542,237,669,228,390,215,205,681,830,740,1828,11469,7269,1016,264,4710,4,2
2021-04-03T23:59:59+02:00,205,345,640,845,684,1320,611,1798,631,1400,584,629,1447,1696,1262,2854,39,69,228,296,263,542,237,669,228,388,215,205,681,826,740,1826,11439,7261,1016,264,4696,4,2
2021-04-02T23:59:59+02:00,205,344,640,843,683,1317,608,1791,626,1392,575,620,1439,1686,1261,2853,39,69,225,295,262,540,236,663,223,383,211,203,667,803,737,1813,11395,7184,1010,258,4677,4,2
2021-04-01T23:59:59+02:00,201,338,637,835,672,1304,602,1771,613,1372,554,595,1418,1658,1260,2841,38,68,217,292,261,536,233,654,219,378,203,201,647,776,730,1789,11309,7065,970,250,4588,4,2
2021-03-31T23:59:59+02:00,198,336,631,828,664,1289,594,1726,604,1336,543,584,1397,1615,1254,2833,38,68,215,291,260,534,232,648,212,376,197,197,620,742,726,1763,11240,6951,930,241,4458,4,2
2021-03-30T23:59:59+02:00,196,330,626,821,661,1261,588,1691,595,1298,533,569,1370,1576,1251,2826,38,66,213,289,258,532,229,643,210,369,192,193,608,720,715,1748,11158,6864,901,231,4327,4,2
2021-03-29T23:59:59+02:00,192,324,620,805,657,1251,579,1661,587,1260,520,550,1338,1536,1244,2812,38,66,212,288,257,530,229,637,207,361,188,190,593,704,711,1738,11029,6799,874,223,4227,3,2
2021-03-28T23:59:59+02:00,184,308,614,797,653,1244,575,1643,585,1243,515,533,1314,1510,1241,2805,38,65,209,288,253,524,227,633,207,359,186,189,585,697,710,1734,10980,6759,841,218,4137,3,2
2021-03-27T23:59:59+01:00,183,306,611,793,650,1239,571,1634,583,1235,511,525,1310,1503,1241,2804,38,64,209,288,253,524,227,627,205,355,183,187,579,688,703,1724,10947,6716,837,211,4108,3,2
2021-03-26T23:59:59+01:00,181,304,604,783,646,1229,563,1615,578,1215,501,512,1302,1487,1233,2799,38,64,209,288,253,522,227,627,198,344,181,182,559,664,694,1707,10878,6619,817,211,4047,3,2
2021-03-25T23:59:59+01:00,177,303,595,772,634,1210,547,1579,568,1181,490,496,1276,1465,1228,2792,38,64,205,282,253,522,221,624,196,342,174,181,535,640,674,1673,10801,6497,793,199,3908,3,2
2021-03-24T23:59:59+01:00,174,292,586,763,629,1195,543,1549,560,1149,482,483,1255,1435,1222,2783,37,64,205,281,253,521,221,623,192,339,171,175,513,624,661,1627,10726,6389,766,191,3796,3,1
2021-03-23T23:59:59+01:00,172,290,580,754,615,1184,537,1529,549,1116,474,469,1235,1417,1213,2776,36,63,204,279,250,520,217,618,189,334,166,172,493,613,637,1585,10667,6263,748,185,3681,3,1
2021-03-22T23:59:59+01:00,166,283,562,740,602,1164,528,1505,538,1092,471,458,1224,1401,1210,2768,36,62,203,277,248,519,216,612,189,331,164,167,479,595,600,1546,10621,6135,726,181,3550,3,1
2021-03-21T23:59:59+01:00,164,282,556,733,599,1159,524,1479,530,1060,464,450,1208,1396,1207,2761,36,62,202,276,247,518,215,611,188,329,163,164,474,593,594,1542,10597,6110,713,176,3444,3,0
2021-03-20T23:59:59+01:00,162,282,552,731,598,1157,521,1477,530,1056,459,443,1196,1381,1202,2756,36,62,202,276,246,518,215,609,188,324,160,163,470,587,589,1533,10559,6077,709,173,3416,3,0
2021-03-19T23:59:59+01:00,154,271,547,719,592,1149,520,1464,517,1038,441,411,1165,1352,1194,2750,36,62,202,275,245,518,214,601,186,321,160,160,459,564,581,1508,10461,5996,663,168,3337,2,0
2021-03-18T23:59:59+01:00,151,267,532,712,570,1116,506,1417,496,994,421,394,1140,1323,1186,2730,36,62,199,273,244,508,214,595,184,319,158,157,446,553,574,1482,10347,5918,627,157,3153,2,0
2021-03-17T23:59:59+01:00,145,259,521,701,560,1112,499,1404,485,978,407,380,1115,1303,1180,2717,36,61,199,273,243,505,214,595,184,317,158,155,438,547,560,1457,10231,5856,596,155,3109,2,0
2021-03-16T23:59:59+01:00,139,253,511,689,547,1099,487,1367,473,951,399,363,1083,1260,1176,2704,36,60,199,272,243,500,214,594,182,317,155,155,433,534,548,1431,10118,5788,564,153,2985,2,0
2021-03-15T23:59:59+01:00,137,247,498,674,536,1073,477,1331,463,918,387,349,1063,1231,1170,2693,35,60,199,269,242,497,214,593,180,317,153,152,424,527,541,1407,10010,5728,524,150,2876,2,0
2021-03-14T23:59:59+01:00,132,233,486,658,527,1050,471,1284,453,879,374,341,1042,1214,1166,2682,35,60,199,267,240,496,213,589,179,312,152,149,421,523,537,1402,9935,5709,501,133,2716,2,0
2021-03-13T23:59:59+01:00,127,219,461,638,502,1026,450,1261,431,862,358,334,1029,1199,1165,2678,35,60,199,267,240,496,213,589,178,311,151,149,416,515,520,1385,9750,5659,492,132,2649,2,0
2021-03-12T23:59:59+01:00,117,208,435,613,482,996,431,1230,409,827,340,320,992,1161,1156,2657,35,60,199,267,240,495,213,589,178,311,148,147,408,505,511,1375,9501,5613,481,132,2540,2,0
2021-03-11T23:59:59+01:00,109,196,403,576,446,957,399,1161,385,766,323,291,952,1117,1132,2623,35,60,198,264,234,491,211,584,176,307,146,146,399,495,499,1355,9220,5565,453,99,2303,2,0
2021-03-10T23:59:59+01:00,104,188,385,557,431,936,384,1124,366,729,307,277,908,1077,1121,2581,35,60,195,259,232,484,209,579,176,304,144,144,386,489,490,1332,9003,5495,434,87,2176,2,0
2021-03-09T23:59:59+01:00,103,183,373,537,412,906,370,1080,354,694,298,267,876,1053,1100,2562,35,60,194,255,231,477,206,575,173,301,144,143,378,483,485,1317,8870,5446,416,75,2011,2,0
2021-03-08T23:59:59+01:00,100,176,360,523,396,883,361,1030,347,656,288,259,849,1021,1089,2547,35,60,194,253,227,471,202,568,169,299,142,143,371,480,479,1309,8758,5409,390,58,1864,1,0
2021-03-07T23:59:59+01:00,97,169,357,515,385,864,351,1017,346,651,285,256,841,1009,1085,2540,35,60,194,252,227,469,201,567,169,299,142,143,367,477,475,1307,8705,5393,372,56,1816,0,0
2021-03-06T23:59:59+01:00,97,164,352,512,379,839,346,967,336,622,284,254,834,999,1080,2534,35,60,194,252,226,468,201,566,169,299,142,143,366,477,474,1301,8669,5388,372,50,1681,0,0
2021-03-05T23:59:59+01:00,95,158,348,506,377,834,344,951,325,599,279,243,804,965,1068,2508,35,60,193,251,225,467,200,564,168,297,141,142,363,476,471,1290,8541,5371,356,37,1625,0,0
2021-03-04T23:59:59+01:00,95,149,334,472,368,803,327,904,314,578,268,241,769,923,1034,2468,35,60,191,246,224,460,198,554,165,295,140,141,362,474,469,1287,8367,5329,336,36,1460,0,0
2021-03-03T23:59:59+01:00,92,143,325,459,364,790,322,886,305,558,262,232,738,897,1010,2407,35,59,191,246,223,457,197,545,165,288,140,138,361,471,466,1284,8217,5299,321,31,1364,0,0
2021-03-02T23:59:59+01:00,87,138,317,449,354,775,314,868,298,533,252,228,715,876,964,2346,34,59,191,246,223,449,192,541,163,286,139,138,360,465,466,1276,8031,5259,306,31,1286,0,0
2021-03-01T23:59:59+01:00,85,135,313,437,346,758,306,839,292,504,251,222,696,850,907,2272,34,58,190,245,220,440,191,534,161,282,139,138,359,461,462,1271,7845,5216,292,31,1184,0,0
2021-02-28T23:59:59+01:00,85,133,307,428,343,747,306,815,287,485,247,216,691,846,900,2265,34,58,188,244,220,440,191,534,161,282,138,138,359,458,462,1270,7814,5208,283,31,1110,0,0
2021-02-27T23:59:59+01:00,82,123,303,418,337,746,302,803,283,475,243,214,684,834,890,2250,34,58,188,243,220,439,190,533,160,281,138,138,359,458,462,1270,7763,5207,274,26,1054,0,0
2021-02-26T23:59:59+01:00,80,118,297,396,310,712,283,774,274,456,241,212,666,810,880,2219,34,57,188,242,220,437,189,530,158,279,138,138,359,458,462,1268,7673,5192,272,26,884,0,0
2021-02-25T23:59:59+01:00,73,105,285,379,304,681,275,747,262,436,233,209,655,793,864,2189,34,57,187,240,216,434,185,522,154,278,137,135,351,453,458,1264,7576,5148,261,18,752,0,0
2021-02-24T23:59:59+01:00,67,99,280,369,298,667,272,735,258,427,230,209,639,782,841,2154,33,57,186,238,213,421,184,514,152,273,136,133,347,452,457,1257,7482,5099,254,13,688,0,0
2021-02-23T23:59:59+01:00,59,89,271,360,288,647,266,720,253,419,226,207,628,766,825,2115,32,57,185,235,211,416,182,509,150,269,136,131,344,446,455,1249,7387,5055,245,10,602,0,0
2021-02-22T23:59:59+01:00,55,86,265,346,285,639,264,709,250,417,219,203,614,754,811,2088,32,55,181,232,205,402,176,500,145,265,135,130,338,443,452,1242,7304,4986,234,4,561,0,0
2021-02-21T23:59:59+01:00,51,84,264,340,283,629,259,700,245,414,218,202,610,750,806,2083,32,54,180,230,205,400,175,490,145,263,135,130,334,443,450,1234,7287,4952,229,4,514,0,0
2021-02-20T23:59:59+01:00,50,84,262,339,283,625,258,693,242,409,217,202,600,740,787,2063,32,54,180,230,205,400,175,490,144,262,135,130,333,443,449,1233,7228,4947,223,4,494,0,0
2021-02-19T23:59:59+01:00,49,84,256,334,278,598,251,673,238,398,214,198,588,728,772,2050,32,53,180,230,204,399,175,489,143,262,135,129,328,442,445,1226,7171,4924,217,4,408,0,0
2021-02-18T23:59:59+01:00,47,78,238,318,270,576,242,655,224,372,211,192,581,720,758,2034,32,52,178,224,203,390,171,475,142,255,133,125,315,433,431,1188,7119,4798,200,4,282,0,0
2021-02-17T23:59:59+01:00,47,76,233,313,268,560,237,641,222,354,207,188,566,714,744,2006,30,50,175,218,195,374,166,458,137,246,127,121,309,423,419,1168,7028,4666,195,3,236,0,0
2021-02-16T23:59:59+01:00,44,70,225,302,265,546,232,628,216,349,203,188,555,708,732,1988,28,50,166,209,186,355,162,445,133,234,126,116,289,399,402,1134,6965,4484,193,3,174,0,0
2021-02-15T23:59:59+01:00,43,69,219,299,257,533,230,622,213,340,202,187,545,704,727,1975,27,48,161,204,181,349,158,435,129,229,114,112,274,385,383,1088,6921,4327,187,3,138,0,0
2021-02-14T23:59:59+01:00,41,69,216,296,254,526,228,619,213,336,202,183,539,702,723,1964,26,47,159,202,177,344,158,422,128,227,114,109,267,379,374,1067,6904,4249,166,3,120,0,0
2021-02-13T23:59:59+01:00,40,69,216,296,253,526,228,618,213,336,202,183,538,701,723,1964,26,47,157,201,174,344,157,419,126,225,114,109,265,376,369,1062,6900,4222,166,1,119,0,0
2021-02-12T23:59:59+01:00,39,67,214,292,250,515,224,608,210,331,201,181,533,700,721,1958,26,46,155,199,173,343,154,417,126,223,113,106,264,366,351,1025,6877,4138,166,1,79,0,0
2021-02-11T23:59:59+01:00,38,65,206,274,243,497,214,584,198,316,199,180,527,687,706,1937,25,44,139,181,166,309,144,374,122,204,104,96,238,338,319,935,6814,3785,117,1,17,0,0
2021-02-10T23:59:59+01:00,38,65,201,268,241,489,212,576,195,310,197,180,523,684,701,1929,23,43,127,161,154,270,127,330,112,179,92,90,219,317,287,867,6772,3438,107,1,7,0,0
2021-02-09T23:59:59+01:00,37,63,199,265,240,476,208,571,191,308,195,176,522,677,698,1921,23,41,111,135,139,248,114,285,102,156,78,82,197,270,259,785,6731,3061,89,1,3,0,0
2021-02-08T23:59:59+01:00,37,63,198,261,233,461,205,560,187,303,192,176,516,674,695,1918,21,38,93,116,119,199,98,252,92,143,67,78,173,234,226,703,6678,2684,72,1,3,0,0
2021-02-07T23:59:59+01:00,37,62,195,259,233,459,205,558,187,303,192,176,515,671,695,1917,20,32,89,109,112,186,92,236,89,132,62,75,166,222,219,675,6667,2545,69,1,0,0,0
2021-02-06T23:59:59+01:00,37,62,195,259,233,458,205,557,186,303,192,176,515,671,694,1911,15,25,89,108,111,180,90,232,89,128,61,75,166,218,214,665,6664,2494,62,1,0,0,0
2021-02-05T23:59:59+01:00,37,61,195,259,233,457,204,554,184,302,192,176,515,671,688,1892,12,20,82,102,108,176,88,230,84,117,59,74,161,214,201,652,6648,2406,42,0,0,0,0
2021-02-04T23:59:59+01:00,36,61,195,257,228,453,200,548,182,299,192,173,513,666,685,1885,9,11,57,72,84,134,77,196,63,96,54,67,143,189,174,581,6601,2026,42,0,0,0,0
2021-02-03T23:59:59+01:00,36,58,195,255,227,441,196,542,182,296,192,171,506,665,680,1874,6,6,41,56,68,110,60,150,48,73,40,43,114,134,136,428,6549,1527,37,0,0,0,0
2021-02-02T23:59:59+01:00,35,58,194,252,224,435,194,537,180,293,190,170,500,658,675,1861,4,5,27,37,52,78,47,96,37,56,32,28,82,98,95,278,6487,1063,37,0,0,0,0
2021-02-01T23:59:59+01:00,34,55,192,252,220,430,191,531,176,285,190,167,495,655,672,1853,2,2,21,19,26,41,29,62,21,32,19,19,52,70,53,170,6429,646,37,0,0,0,0
2021-01-31T23:59:59+01:00,34,55,192,250,218,426,189,522,175,283,189,167,490,652,670,1844,2,2,19,14,17,36,21,48,15,27,18,15,42,62,52,149,6387,544,36,0,0,0,0
2021-01-30T23:59:59+01:00,34,55,192,250,218,426,188,521,175,283,189,167,489,652,670,1842,2,2,18,13,15,36,19,44,13,26,18,14,42,60,50,145,6383,521,35,0,0,0,0
2021-01-29T23:59:59+01:00,34,55,192,247,216,425,188,520,174,281,189,167,484,650,664,1838,2,0,16,9,9,30,19,39,10,22,18,14,40,59,50,142,6360,481,31,0,0,0,0
2021-01-28T23:59:59+01:00,34,54,188,245,216,418,187,512,172,278,188,166,472,646,654,1826,2,0,3,3,4,19,11,19,5,11,15,10,26,38,33,104,6299,303,23,0,0,0,0
2021-01-27T23:59:59+01:00,33,52,184,239,210,408,184,499,168,269,181,162,462,634,639,1803,0,0,2,3,4,16,10,18,4,11,14,9,21,32,27,80,6169,251,20,0,0,0,0
2021-01-26T23:59:59+01:00,30,52,180,227,203,394,181,481,165,261,180,158,447,619,621,1771,0,0,1,3,4,16,10,18,4,11,14,8,19,26,27,71,6016,232,16,0,0,0,0
2021-01-25T23:59:59+01:00,30,51,174,225,200,385,178,468,160,253,172,155,431,609,607,1742,0,0,1,3,3,14,9,15,4,10,14,7,15,25,23,66,5896,209,5,0,0,0,0
2021-01-24T23:59:59+01:00,29,50,172,222,198,384,177,466,160,253,172,155,428,606,605,1739,0,0,1,3,3,14,9,15,4,10,14,7,15,25,22,65,5872,207,4,0,0,0,0
2021-01-23T23:59:59+01:00,29,50,172,222,196,384,177,466,160,253,172,155,428,606,600,1734,0,0,1,3,3,13,8,15,4,10,14,7,15,25,22,65,5860,205,4,0,0,0,0
2021-01-22T23:59:59+01:00,29,49,170,218,195,384,177,465,160,253,172,154,427,604,585,1707,0,0,1,3,3,13,8,15,4,10,14,7,15,25,22,65,5805,205,4,0,0,0,0
2021-01-21T23:59:59+01:00,28,48,161,209,189,367,171,445,159,240,164,150,406,582,564,1681,0,0,1,3,1,7,7,11,3,5,13,7,13,19,20,52,5617,162,4,0,0,0,0
2021-01-20T23:59:59+01:00,27,47,146,186,174,323,146,393,146,216,151,138,376,549,518,1548,0,0,1,3,1,7,7,11,3,4,13,6,13,18,16,50,5132,153,3,0,0,0,0
2021-01-19T23:59:59+01:00,25,46,126,156,156,291,136,349,134,195,124,119,326,481,464,1374,0,0,1,3,1,6,5,7,1,3,7,2,6,14,9,34,4544,99,2,0,0,0,0
2021-01-18T23:59:59+01:00,22,41,107,143,132,241,123,304,117,168,99,109,272,403,378,1151,0,0,1,1,0,3,4,5,0,3,0,1,1,4,5,19,3850,47,2,0,0,0,0
2021-01-17T23:59:59+01:00,21,30,103,130,123,225,116,277,111,158,92,98,260,378,346,1091,0,0,0,0,0,1,2,4,0,1,0,1,1,2,1,4,3593,17,2,0,0,0,0
2021-01-16T23:59:59+01:00,17,24,100,128,121,218,113,268,108,151,91,98,258,370,337,1073,0,0,0,0,0,0,0,0,0,0,0,0,0,0,0,1,3510,1,0,0,0,0,0
2021-01-15T23:59:59+01:00,13,22,96,120,119,211,110,262,107,138,87,96,253,360,319,1048,0,0,0,0,0,0,0,0,0,0,0,0,0,0,0,1,3393,1,0,0,0,0,0
2021-01-14T23:59:59+01:00,10,13,70,89,101,172,93,221,90,119,75,83,219,325,278,904,0,0,0,0,0,0,0,0,0,0,0,0,0,0,0,0,2887,0,0,0,0,0,0
2021-01-13T23:59:59+01:00,7,10,59,79,92,145,83,180,79,96,59,60,172,221,236,703,0,0,0,0,0,0,0,0,0,0,0,0,0,0,0,0,2302,0,0,0,0,0,0
2021-01-12T23:59:59+01:00,6,10,50,60,75,112,72,131,64,75,44,41,126,161,170,483,0,0,0,0,0,0,0,0,0,0,0,0,0,0,0,0,1697,0,0,0,0,0,0
2021-01-11T23:59:59+01:00,3,8,44,46,62,82,55,103,48,56,28,25,71,112,93,270,0,0,0,0,0,0,0,0,0,0,0,0,0,0,0,0,1119,0,0,0,0,0,0
2021-01-10T23:59:59+01:00,2,7,38,34,46,66,39,81,38,47,25,20,59,101,90,230,0,0,0,0,0,0,0,0,0,0,0,0,0,0,0,0,933,0,0,0,0,0,0
2021-01-09T23:59:59+01:00,2,6,35,32,40,64,37,72,33,44,25,20,59,100,88,229,0,0,0,0,0,0,0,0,0,0,0,0,0,0,0,0,894,0,0,0,0,0,0
2021-01-08T23:59:59+01:00,2,4,28,26,33,58,30,61,30,38,24,19,56,97,86,223,0,0,0,0,0,0,0,0,0,0,0,0,0,0,0,0,822,0,0,0,0,0,0
2021-01-07T23:59:59+01:00,2,2,9,3,6,21,13,28,11,19,21,13,42,63,57,164,0,0,0,0,0,0,0,0,0,0,0,0,0,0,0,0,474,0,0,0,0,0,0
2021-01-06T23:59:59+01:00,2,0,3,3,4,18,10,19,6,14,18,12,35,50,49,132,0,0,0,0,0,0,0,0,0,0,0,0,0,0,0,0,375,0,0,0,0,0,0
2021-01-05T23:59:59+01:00,1,0,1,3,4,16,10,18,6,13,18,11,34,49,46,125,0,0,0,0,0,0,0,0,0,0,0,0,0,0,0,0,355,0,0,0,0,0,0
2021-01-04T23:59:59+01:00,0,0,1,3,4,15,9,16,6,12,17,9,24,38,35,101,0,0,0,0,0,0,0,0,0,0,0,0,0,0,0,0,290,0,0,0,0,0,0
2021-01-03T23:59:59+01:00,0,0,1,3,4,15,9,16,6,12,17,9,24,38,35,100,0,0,0,0,0,0,0,0,0,0,0,0,0,0,0,0,289,0,0,0,0,0,0
2021-01-02T23:59:59+01:00,0,0,1,3,4,15,8,16,6,12,17,9,24,38,35,100,0,0,0,0,0,0,0,0,0,0,0,0,0,0,0,0,288,0,0,0,0,0,0
2021-01-01T23:59:59+01:00,0,0,1,3,4,15,8,16,6,12,17,9,24,38,35,100,0,0,0,0,0,0,0,0,0,0,0,0,0,0,0,0,288,0,0,0,0,0,0
2020-12-31T23:59:59+01:00,0,0,1,3,4,14,8,16,6,12,17,9,24,38,35,100,0,0,0,0,0,0,0,0,0,0,0,0,0,0,0,0,287,0,0,0,0,0,0
2020-12-30T23:59:59+01:00,0,0,1,3,4,14,8,16,6,12,17,9,24,38,35,100,0,0,0,0,0,0,0,0,0,0,0,0,0,0,0,0,287,0,0,0,0,0,0
2020-12-29T23:59:59+01:00,0,0,1,3,3,10,6,11,4,10,11,5,18,32,25,80,0,0,0,0,0,0,0,0,0,0,0,0,0,0,0,0,219,0,0,0,0,0,0
2020-12-28T23:59:59+01:00,0,0,1,1,1,2,4,6,3,5,7,2,4,12,14,40,0,0,0,0,0,0,0,0,0,0,0,0,0,0,0,0,102,0,0,0,0,0,0
2020-12-27T23:59:59+01:00,0,0,0,0,0,1,2,6,0,2,0,1,3,4,2,13,0,0,0,0,0,0,0,0,0,0,0,0,0,0,0,0,34,0,0,0,0,0,0
