Datum,<15_m,<15_w,15-24_1_m,15-24_1_w,25-34_1_m,25-34_1_w,35-44_1_m,35-44_1_w,45-54_1_m,45-54_1_w,55-64_1_m,55-64_1_w,65-74_1_m,65-74_1_w,75-84_1_m,75-84_1_w,>84_1_m,>84_1_w,<24_2_m,<24_2_w,25-34_2_m,25-34_2_w,35-44_2_m,35-44_2_w,45-54_2_m,45-54_2_w,55-64_2_m,55-64_2_w,65-74_2_m,65-74_2_w,75-84_2_m,75-84_2_w,>84_2_m,>84_2_w,bp_1,bp_2,mo_1,mo_2,az_1,az_2,ja,unb_1,unb_2
2021-07-20T23:59:59+02:00,62,68,2115,2014,6460,4716,6581,4539,6011,6566,4507,5029,2396,2567,3066,3148,2711,5138,1161,1102,3776,2913,4127,3084,4141,4872,3301,3970,1747,2045,2217,2416,1948,3807,46798,30264,7202,4892,8962,6427,5347,21,19
2021-07-19T23:59:59+02:00,61,68,2096,1997,6413,4688,6542,4521,5981,6537,4489,5017,2392,2563,3065,3144,2711,5137,1145,1083,3713,2873,4071,3054,4079,4814,3270,3949,1743,2040,2213,2413,1947,3807,46574,29988,7194,4830,8960,6386,5309,21,19
2021-07-18T23:59:59+02:00,61,67,2075,1976,6361,4660,6510,4494,5950,6508,4479,5008,2386,2559,3063,3144,2710,5136,1129,1066,3675,2838,4035,3026,4033,4798,3239,3936,1738,2030,2212,2413,1947,3805,46342,29811,7182,4766,8957,6362,5281,21,18
2021-07-17T23:59:59+02:00,59,63,2062,1967,6344,4647,6491,4480,5931,6493,4461,4999,2383,2558,3063,3143,2710,5135,1121,1057,3644,2808,3995,3008,3997,4767,3212,3924,1734,2027,2212,2411,1947,3805,46241,29666,7177,4717,8957,6357,5229,21,18
2021-07-16T23:59:59+02:00,59,60,2027,1946,6288,4621,6437,4447,5895,6453,4433,4971,2377,2554,3062,3142,2710,5135,1085,1041,3551,2770,3908,2970,3921,4715,3151,3880,1721,2018,2208,2409,1947,3804,46081,29358,7152,4695,8950,6295,5049,21,17
2021-07-15T23:59:59+02:00,57,55,1990,1921,6216,4588,6387,4408,5851,6403,4417,4945,2375,2552,3060,3139,2710,5135,1042,1013,3368,2676,3747,2879,3791,4623,3096,3820,1713,2009,2206,2404,1947,3804,45781,28729,7140,4519,8947,6231,4955,21,17
2021-07-14T23:59:59+02:00,56,53,1958,1907,6150,4555,6314,4377,5800,6363,4396,4926,2368,2546,3058,3137,2710,5135,998,983,3260,2601,3652,2825,3691,4559,3056,3778,1701,2002,2205,2401,1947,3804,45486,28294,7129,4430,8945,6170,4863,21,17
2021-07-13T23:59:59+02:00,53,51,1935,1884,6103,4530,6254,4343,5764,6317,4376,4910,2360,2541,3056,3137,2710,5135,972,954,3175,2531,3536,2762,3606,4477,3004,3718,1674,1995,2203,2397,1946,3802,45205,27852,7125,4303,8944,6091,4800,20,15
2021-07-12T23:59:59+02:00,50,50,1914,1864,6036,4490,6186,4302,5719,6281,4351,4884,2355,2538,3053,3137,2710,5135,944,936,3083,2459,3429,2704,3507,4405,2958,3673,1663,1984,2199,2389,1946,3802,44895,27444,7117,4191,8940,6019,4718,20,15
2021-07-11T23:59:59+02:00,46,50,1907,1853,6004,4474,6159,4284,5691,6265,4342,4877,2352,2533,3051,3137,2709,5135,937,921,3048,2422,3375,2678,3460,4380,2937,3660,1656,1972,2196,2385,1946,3802,44800,27287,7097,4163,8938,5967,4649,20,15
2021-07-10T23:59:59+02:00,45,49,1886,1827,5927,4435,6101,4252,5645,6229,4321,4867,2349,2530,3051,3134,2709,5134,922,907,2999,2387,3331,2652,3423,4351,2921,3648,1651,1966,2196,2384,1946,3802,44575,27131,7079,4162,8924,5957,4527,20,15
2021-07-09T23:59:59+02:00,44,47,1866,1811,5863,4399,6057,4232,5598,6196,4304,4846,2347,2526,3051,3133,2709,5134,904,894,2948,2345,3285,2624,3374,4316,2898,3621,1650,1953,2194,2383,1946,3802,44375,26945,7049,4135,8920,5910,4432,20,15
2021-07-08T23:59:59+02:00,40,44,1823,1773,5772,4344,5962,4181,5532,6135,4272,4813,2338,2517,3048,3130,2709,5134,838,846,2791,2266,3100,2552,3206,4224,2827,3554,1635,1938,2192,2374,1945,3801,44085,26480,6979,3865,8885,5795,4230,20,15
2021-07-07T23:59:59+02:00,40,43,1763,1735,5661,4276,5863,4134,5463,6079,4243,4766,2332,2508,3045,3126,2709,5134,795,819,2662,2197,2945,2485,3068,4127,2776,3491,1618,1913,2184,2366,1945,3799,43623,25982,6939,3664,8871,5724,4098,20,15
2021-07-06T23:59:59+02:00,38,43,1723,1707,5563,4229,5775,4094,5414,6014,4201,4731,2326,2502,3042,3122,2709,5134,762,792,2559,2103,2859,2430,2998,4040,2724,3437,1596,1885,2181,2361,1945,3799,43208,25517,6902,3572,8858,5650,4009,20,15
2021-07-05T23:59:59+02:00,36,43,1659,1668,5431,4160,5666,4059,5347,5961,4160,4697,2322,2497,3040,3121,2709,5132,725,764,2461,2033,2787,2387,2931,3970,2680,3384,1580,1867,2175,2352,1944,3796,42759,25166,6865,3515,8837,5575,3855,20,15
2021-07-04T23:59:59+02:00,36,43,1625,1634,5360,4126,5625,4034,5312,5941,4142,4679,2320,2495,3040,3119,2709,5131,691,740,2405,1988,2752,2365,2901,3937,2658,3364,1567,1849,2173,2351,1943,3796,42580,25037,6835,3460,8814,5506,3750,20,15
2021-07-03T23:59:59+02:00,34,33,1534,1571,5166,3977,5484,3950,5232,5856,4098,4643,2318,2492,3040,3115,2709,5131,654,718,2345,1945,2703,2345,2864,3892,2629,3337,1563,1842,2172,2347,1943,3794,41821,24873,6807,3458,8807,5481,3554,20,15
2021-07-02T23:59:59+02:00,30,29,1504,1539,5103,3941,5441,3919,5213,5832,4088,4626,2317,2486,3039,3114,2708,5131,637,696,2285,1901,2636,2306,2823,3846,2604,3299,1546,1825,2168,2341,1943,3792,41588,24608,6780,3432,8802,5387,3494,20,15
2021-07-01T23:59:59+02:00,26,25,1462,1513,5016,3882,5369,3878,5149,5771,4066,4601,2314,2482,3038,3113,2708,5130,573,660,2109,1835,2466,2230,2664,3744,2512,3215,1523,1804,2159,2329,1942,3790,41225,23896,6728,3231,8791,5296,3402,20,15
2021-06-30T23:59:59+02:00,26,24,1423,1477,4922,3808,5278,3838,5093,5725,4053,4578,2310,2475,3036,3110,2708,5130,542,632,2015,1778,2360,2185,2560,3659,2455,3140,1504,1778,2152,2317,1941,3789,40854,23464,6676,3121,8775,5180,3311,20,15
2021-06-29T23:59:59+02:00,26,21,1372,1411,4831,3730,5193,3787,5041,5667,4029,4549,2306,2471,3035,3110,2708,5129,518,598,1943,1708,2289,2124,2463,3548,2398,3092,1492,1747,2140,2304,1940,3786,40382,23011,6648,3052,8769,5077,3217,20,15
2021-06-28T23:59:59+02:00,25,20,1347,1361,4731,3681,5136,3743,5000,5631,4002,4524,2302,2464,3034,3108,2708,5129,508,579,1856,1651,2213,2069,2396,3471,2354,3045,1476,1730,2133,2298,1940,3784,40036,22709,6596,2923,8759,4985,3152,20,15
2021-06-27T23:59:59+02:00,25,20,1325,1338,4692,3651,5096,3717,4962,5615,3993,4517,2300,2460,3034,3107,2708,5129,496,566,1806,1615,2178,2052,2355,3436,2324,3029,1469,1719,2132,2289,1940,3784,39883,22581,6566,2870,8743,4910,3094,20,15
2021-06-26T23:59:59+02:00,19,15,1304,1318,4630,3608,5009,3675,4925,5584,3973,4503,2300,2458,3034,3105,2708,5129,490,559,1777,1596,2147,2035,2337,3417,2305,3012,1452,1709,2131,2287,1940,3784,39566,22390,6490,2868,8743,4890,3094,18,15
2021-06-25T23:59:59+02:00,15,8,1277,1284,4530,3543,4960,3651,4892,5559,3947,4492,2297,2457,3032,3104,2708,5129,481,540,1734,1575,2096,1972,2249,3288,2266,2919,1444,1690,2128,2283,1938,3783,39184,21988,6463,2846,8741,4718,3092,18,15
2021-06-24T23:59:59+02:00,13,7,1240,1241,4363,3439,4846,3602,4808,5519,3906,4465,2295,2454,3032,3103,2707,5129,446,521,1629,1513,1937,1910,2097,3213,2162,2827,1417,1669,2120,2278,1937,3780,38615,21518,6417,2558,8736,4640,2992,18,15
2021-06-23T23:59:59+02:00,13,7,1215,1215,4286,3398,4769,3557,4761,5481,3884,4432,2285,2449,3029,3101,2706,5129,415,504,1567,1460,1842,1866,1986,3122,2076,2742,1397,1646,2115,2272,1936,3778,38242,21024,6378,2486,8730,4506,2958,18,15
2021-06-22T23:59:59+02:00,13,7,1192,1202,4222,3343,4697,3517,4720,5439,3862,4407,2281,2443,3029,3100,2705,5129,402,487,1513,1426,1766,1817,1907,3017,1985,2663,1387,1622,2106,2260,1936,3774,37888,20638,6347,2376,8726,4366,2935,18,15
2021-06-21T23:59:59+02:00,13,7,1167,1167,4118,3266,4624,3478,4659,5381,3837,4390,2277,2430,3028,3095,2704,5127,388,473,1481,1394,1733,1777,1860,2941,1930,2590,1368,1589,2085,2238,1936,3771,37417,20378,6309,2289,8724,4229,2902,18,15
2021-06-20T23:59:59+02:00,13,5,1146,1145,4058,3216,4584,3462,4625,5364,3815,4380,2276,2428,3027,3095,2703,5127,373,461,1448,1371,1712,1755,1831,2916,1890,2556,1361,1576,2083,2232,1936,3770,37187,20223,6281,2254,8713,4168,2869,18,15
2021-06-19T23:59:59+02:00,12,5,1136,1128,4021,3193,4566,3443,4598,5344,3798,4371,2273,2426,3027,3094,2702,5127,368,457,1432,1358,1696,1734,1819,2893,1869,2529,1354,1569,2080,2231,1934,3769,37045,20085,6225,2227,8713,4161,2859,18,15
2021-06-18T23:59:59+02:00,8,2,1119,1110,3962,3159,4517,3408,4550,5308,3774,4360,2270,2422,3026,3092,2702,5127,358,448,1414,1341,1671,1705,1777,2846,1824,2478,1344,1559,2080,2226,1933,3766,36752,19816,6181,2225,8713,4121,2847,18,15
2021-06-17T23:59:59+02:00,7,2,1085,1086,3817,3093,4361,3343,4397,5229,3719,4317,2264,2419,3026,3091,2701,5127,331,431,1328,1311,1523,1647,1634,2757,1735,2406,1323,1541,2069,2215,1931,3764,36213,19389,6131,2139,8707,4044,2609,16,15
2021-06-16T23:59:59+02:00,7,2,1067,1059,3724,3016,4277,3297,4304,5173,3678,4287,2258,2415,3025,3088,2700,5126,318,413,1273,1278,1472,1618,1557,2678,1677,2339,1310,1515,2058,2202,1931,3759,35784,19022,6030,2072,8700,3973,2563,16,15
2021-06-15T23:59:59+02:00,7,2,1037,1030,3595,2948,4218,3250,4232,5101,3643,4257,2250,2408,3020,3086,2700,5125,310,390,1226,1236,1429,1579,1496,2621,1615,2271,1295,1489,2053,2189,1931,3758,35297,18729,5999,1996,8691,3901,2492,16,15
2021-06-14T23:59:59+02:00,7,2,1015,1001,3512,2905,4136,3200,4157,5031,3591,4225,2246,2398,3020,3082,2699,5124,305,376,1191,1207,1390,1556,1458,2578,1567,2223,1285,1465,2048,2182,1930,3756,34874,18510,5913,1965,8687,3826,2444,16,15
2021-06-13T23:59:59+02:00,7,2,1000,988,3468,2870,4086,3163,4111,4996,3574,4211,2245,2392,3019,3081,2699,5122,301,369,1161,1192,1361,1537,1417,2544,1540,2188,1272,1446,2042,2171,1930,3754,34636,18353,5882,1944,8683,3753,2399,16,15
2021-06-12T23:59:59+02:00,7,2,984,971,3442,2847,4059,3144,4096,4983,3559,4201,2242,2389,3018,3080,2699,5121,297,368,1156,1177,1346,1519,1400,2524,1516,2171,1263,1437,2033,2169,1930,3754,34463,18245,5871,1944,8683,3702,2391,16,15
2021-06-11T23:59:59+02:00,6,2,972,962,3406,2807,3988,3119,4060,4952,3534,4189,2241,2386,3017,3077,2699,5120,289,357,1138,1145,1324,1502,1357,2480,1467,2128,1253,1422,2031,2164,1930,3753,34197,18015,5846,1938,8680,3631,2375,16,15
2021-06-10T23:59:59+02:00,6,2,918,922,3302,2738,3865,3050,3972,4886,3485,4155,2238,2378,3015,3075,2698,5120,276,345,1082,1114,1264,1450,1295,2412,1393,2031,1226,1391,2027,2154,1930,3750,33668,17630,5734,1931,8664,3481,2313,16,15
2021-06-09T23:59:59+02:00,6,0,873,897,3185,2650,3735,2998,3882,4813,3444,4116,2234,2372,3012,3072,2698,5120,260,333,1026,1084,1205,1425,1236,2338,1328,1969,1204,1337,2020,2141,1929,3747,33215,17351,5580,1883,8661,3362,2198,16,15
2021-06-08T23:59:59+02:00,5,0,827,865,3064,2569,3617,2921,3784,4738,3390,4090,2227,2367,3009,3069,2697,5118,247,318,984,1046,1159,1396,1185,2285,1288,1901,1183,1305,2009,2125,1926,3743,32699,17137,5449,1838,8651,3238,2098,16,14
2021-06-07T23:59:59+02:00,4,0,803,843,2968,2502,3491,2890,3668,4676,3343,4066,2213,2363,3008,3067,2697,5116,241,312,941,1014,1110,1376,1141,2236,1226,1852,1169,1285,1996,2109,1925,3735,32348,16984,5285,1803,8646,3117,1971,16,14
2021-06-06T23:59:59+02:00,4,0,785,834,2916,2468,3413,2853,3603,4650,3316,4054,2210,2357,3006,3066,2695,5115,234,300,930,992,1082,1354,1126,2183,1200,1796,1154,1271,1990,2102,1923,3732,32156,16890,5160,1756,8642,3012,1914,16,14
2021-06-05T23:59:59+02:00,4,0,773,819,2850,2420,3369,2831,3568,4631,3303,4051,2210,2355,3006,3065,2695,5114,230,293,915,977,1063,1341,1105,2159,1169,1776,1137,1248,1989,2099,1923,3732,31908,16744,5155,1753,8636,2968,1891,16,14
2021-06-04T23:59:59+02:00,2,0,754,804,2808,2378,3302,2798,3508,4583,3278,4036,2206,2352,3004,3065,2695,5114,222,288,899,956,1048,1333,1082,2133,1148,1751,1122,1226,1982,2094,1923,3730,31611,16621,5114,1748,8634,2916,1851,16,14
2021-06-03T23:59:59+02:00,2,0,711,773,2667,2296,3133,2709,3340,4475,3193,3967,2198,2342,3000,3060,2695,5114,211,277,874,934,1003,1292,1022,2052,1096,1695,1087,1187,1973,2080,1923,3728,30981,16430,4889,1734,8620,2760,1702,16,14
2021-06-02T23:59:59+02:00,2,0,687,768,2613,2237,3089,2678,3290,4428,3159,3945,2196,2339,3000,3059,2695,5114,200,273,861,915,971,1278,987,2025,1054,1653,1075,1154,1971,2077,1923,3728,30672,16236,4873,1721,8619,2730,1646,16,14
2021-06-01T23:59:59+02:00,2,0,646,740,2475,2136,2922,2595,3129,4332,3104,3885,2186,2331,2997,3054,2695,5114,191,261,792,876,897,1231,916,1926,1007,1581,1047,1099,1962,2066,1921,3723,30089,15975,4671,1684,8610,2543,1473,16,14
2021-05-31T23:59:59+02:00,2,0,616,720,2365,2071,2805,2526,3037,4246,3055,3839,2181,2318,2995,3051,2695,5113,180,250,756,849,849,1203,883,1856,972,1527,1027,1072,1956,2061,1919,3721,29735,15821,4449,1670,8594,2414,1352,16,14
2021-05-30T23:59:59+02:00,2,0,608,714,2323,2033,2753,2499,2998,4212,3037,3816,2178,2314,2995,3050,2694,5111,173,240,730,822,817,1167,856,1805,949,1475,1015,1057,1951,2053,1919,3719,29594,15735,4389,1660,8585,2264,1263,16,14
2021-05-29T23:59:59+02:00,2,0,606,712,2309,2018,2730,2489,2981,4194,3027,3807,2177,2313,2995,3050,2694,5111,170,232,724,814,799,1144,844,1756,937,1442,1003,1039,1950,2048,1918,3719,29476,15660,4387,1660,8582,2130,1262,16,14
2021-05-28T23:59:59+02:00,2,0,600,702,2283,1985,2689,2465,2956,4177,3018,3792,2177,2309,2993,3045,2694,5111,167,225,715,803,789,1126,835,1721,908,1404,986,1012,1948,2040,1917,3717,29269,15510,4378,1658,8581,2057,1258,16,14
2021-05-27T23:59:59+02:00,2,0,558,685,2160,1939,2563,2401,2826,4104,2937,3741,2168,2296,2992,3043,2694,5108,154,211,657,756,716,1073,759,1625,845,1321,964,981,1934,2021,1916,3715,28823,15316,4253,1621,8556,1811,1066,16,13
2021-05-26T23:59:59+02:00,2,0,536,662,2067,1876,2409,2347,2703,4044,2883,3690,2157,2285,2988,3036,2691,5102,150,199,620,718,671,1039,721,1557,801,1267,949,955,1915,1988,1911,3709,28451,15105,4035,1612,8531,1682,935,16,13
2021-05-25T23:59:59+02:00,2,0,515,650,1989,1824,2313,2307,2601,3966,2837,3657,2145,2277,2985,3031,2690,5098,144,191,602,688,641,1006,680,1500,758,1208,930,934,1890,1955,1910,3705,28127,14907,3866,1577,8493,1550,872,16,12
2021-05-24T23:59:59+02:00,2,0,505,635,1939,1790,2244,2276,2539,3918,2786,3619,2134,2270,2979,3030,2687,5097,140,183,583,671,616,978,645,1443,737,1158,910,920,1884,1953,1905,3704,27964,14824,3719,1566,8461,1430,773,16,12
2021-05-23T23:59:59+02:00,2,0,502,634,1926,1782,2233,2264,2530,3905,2775,3604,2131,2267,2979,3028,2687,5097,139,182,579,666,610,975,629,1433,728,1152,906,914,1880,1949,1903,3700,27865,14756,3716,1560,8460,1421,771,16,12
2021-05-22T23:59:59+02:00,2,0,497,626,1907,1768,2206,2248,2508,3878,2749,3580,2124,2263,2978,3025,2687,5096,136,174,572,661,606,966,619,1429,724,1144,897,908,1873,1934,1903,3700,27669,14696,3715,1560,8458,1388,762,16,12
2021-05-21T23:59:59+02:00,2,0,485,613,1832,1738,2130,2207,2450,3834,2711,3539,2117,2250,2975,3024,2687,5095,136,171,568,654,595,958,607,1417,705,1125,883,885,1861,1929,1903,3699,27255,14611,3690,1559,8443,1327,759,16,12
2021-05-20T23:59:59+02:00,2,0,450,595,1703,1671,2007,2138,2333,3743,2630,3454,2098,2237,2967,3016,2685,5091,129,164,540,619,563,919,581,1361,674,1063,861,855,1850,1917,1901,3696,26624,14487,3578,1546,8375,1126,690,16,12
2021-05-19T23:59:59+02:00,2,0,414,562,1601,1601,1875,2077,2206,3648,2537,3366,2081,2221,2960,3011,2679,5090,116,156,513,599,531,885,552,1311,648,1005,842,836,1830,1887,1894,3691,25940,14319,3514,1526,8341,1031,572,16,12
2021-05-18T23:59:59+02:00,2,0,394,543,1527,1544,1784,2021,2099,3530,2450,3276,2069,2202,2952,3003,2678,5086,109,150,491,580,510,853,537,1235,630,943,830,810,1819,1868,1890,3684,25474,14197,3353,1489,8289,929,473,16,12
2021-05-17T23:59:59+02:00,2,0,375,531,1477,1511,1739,1977,2037,3437,2411,3209,2051,2184,2941,2995,2676,5083,104,143,472,566,503,819,527,1173,620,890,812,778,1814,1857,1889,3679,25202,14119,3246,1456,8232,833,383,16,12
2021-05-16T23:59:59+02:00,2,0,371,530,1452,1484,1708,1956,1998,3387,2360,3157,2037,2177,2938,2991,2676,5082,102,141,464,547,493,803,516,1127,601,850,785,750,1809,1853,1889,3678,25042,14071,3180,1424,8199,746,310,16,12
2021-05-15T23:59:59+02:00,2,0,366,527,1426,1468,1692,1936,1982,3365,2340,3128,2031,2177,2937,2989,2675,5082,102,138,462,547,493,802,511,1123,595,841,781,748,1805,1850,1889,3678,24865,14040,3180,1424,8195,738,306,15,12
2021-05-14T23:59:59+02:00,2,0,355,516,1401,1438,1653,1899,1908,3295,2297,3090,2025,2170,2934,2989,2673,5082,100,135,460,532,475,778,493,1093,583,826,768,734,1799,1842,1889,3677,24535,13987,3142,1409,8175,637,290,15,12
2021-05-13T23:59:59+02:00,2,0,337,502,1348,1394,1556,1858,1795,3212,2232,3008,2002,2153,2925,2985,2671,5076,96,132,448,525,465,764,487,1079,573,813,744,709,1786,1819,1888,3671,24131,13908,2938,1365,8128,598,264,15,12
2021-05-12T23:59:59+02:00,1,0,330,499,1330,1386,1541,1851,1775,3188,2219,2995,1999,2146,2919,2982,2671,5075,96,130,446,525,464,758,483,1075,571,807,737,697,1782,1812,1886,3671,24010,13860,2917,1357,8123,597,261,14,12
2021-05-11T23:59:59+02:00,1,0,314,479,1266,1354,1447,1817,1673,3093,2124,2927,1983,2120,2911,2971,2667,5074,90,120,432,499,444,732,464,1044,542,787,716,668,1771,1802,1884,3667,23628,13757,2762,1322,8021,509,208,14,12
2021-05-10T23:59:59+02:00,1,0,301,464,1230,1327,1400,1789,1611,3038,2074,2862,1972,2105,2902,2962,2666,5070,90,117,426,492,435,712,457,1021,538,764,707,653,1765,1796,1882,3663,23376,13700,2690,1316,7919,456,181,14,11
2021-05-09T23:59:59+02:00,1,0,297,454,1190,1310,1379,1773,1566,3003,2018,2821,1963,2092,2899,2956,2666,5065,87,115,418,484,428,705,448,1013,529,753,699,643,1759,1792,1881,3660,23167,13664,2640,1311,7873,411,160,14,11
2021-05-08T23:59:59+02:00,1,0,291,452,1182,1293,1357,1758,1546,2982,1987,2808,1956,2085,2897,2955,2664,5064,86,115,417,484,426,704,447,1008,529,747,696,642,1753,1782,1881,3660,22998,13648,2637,1303,7869,399,159,14,11
2021-05-07T23:59:59+02:00,1,0,281,445,1158,1268,1314,1739,1488,2924,1939,2760,1947,2075,2896,2950,2662,5059,83,112,406,471,416,678,434,974,509,721,691,619,1735,1768,1881,3656,22743,13586,2609,1279,7809,296,125,14,10
2021-05-06T23:59:59+02:00,1,0,266,434,1077,1232,1205,1681,1355,2814,1815,2672,1912,2047,2892,2937,2661,5055,81,106,393,457,405,663,422,953,491,702,680,604,1722,1754,1877,3649,22276,13520,2441,1260,7609,213,97,13,9
2021-05-05T23:59:59+02:00,1,0,252,422,1041,1208,1168,1646,1288,2749,1738,2596,1890,2016,2878,2922,2661,5043,81,102,386,449,401,651,415,942,485,685,662,592,1698,1734,1877,3646,21854,13444,2382,1238,7555,166,90,13,8
2021-05-04T23:59:59+02:00,1,0,245,412,1007,1186,1131,1625,1246,2703,1688,2535,1871,1983,2868,2908,2651,5030,77,99,379,439,398,647,407,923,477,666,646,573,1682,1709,1873,3646,21531,13353,2321,1208,7512,128,84,13,7
2021-05-03T23:59:59+02:00,1,0,243,404,978,1165,1095,1610,1216,2671,1649,2500,1854,1955,2855,2899,2649,5024,73,93,367,434,390,639,403,915,471,659,632,563,1662,1684,1871,3642,21298,13264,2298,1199,7466,107,59,13,6
2021-05-02T23:59:59+02:00,1,0,237,402,965,1155,1069,1595,1195,2659,1634,2479,1847,1941,2850,2896,2647,5021,71,93,361,432,387,634,400,909,468,654,624,554,1643,1672,1871,3641,21181,13229,2283,1178,7433,94,44,13,6
2021-05-01T23:59:59+02:00,1,0,234,399,957,1147,1059,1587,1184,2646,1621,2461,1839,1935,2846,2892,2647,5021,71,93,361,431,386,634,399,905,468,653,622,554,1643,1672,1871,3641,21062,13222,2283,1178,7433,91,44,13,6
2021-04-30T23:59:59+02:00,1,0,232,393,947,1128,1038,1570,1151,2584,1570,2405,1825,1918,2840,2887,2646,5017,70,91,360,426,383,628,398,881,463,642,615,548,1640,1666,1871,3639,20774,13207,2278,1166,7429,67,13,13,5
2021-04-29T23:59:59+02:00,1,0,220,381,904,1107,1002,1536,1105,2531,1482,2338,1780,1874,2831,2876,2642,5005,70,90,354,425,379,623,392,870,453,631,605,537,1625,1654,1865,3633,20327,13140,2242,1139,7371,46,12,13,5
2021-04-28T23:59:59+02:00,1,0,209,378,892,1093,973,1525,1071,2496,1417,2283,1744,1815,2820,2871,2640,5002,67,89,347,422,376,613,389,861,447,619,589,520,1611,1638,1865,3631,20035,13068,2201,1102,7318,33,11,13,5
2021-04-27T23:59:59+02:00,1,0,208,372,879,1080,960,1513,1047,2472,1397,2256,1716,1772,2814,2864,2638,4998,65,86,345,419,375,608,387,857,441,614,582,509,1599,1615,1861,3628,19844,13008,2176,1074,7286,28,11,12,5
2021-04-26T23:59:59+02:00,1,0,206,366,870,1073,951,1503,1022,2455,1346,2212,1698,1752,2804,2853,2635,4992,65,85,341,415,375,607,383,854,437,608,573,498,1584,1600,1859,3624,19666,12963,2162,1037,7226,26,11,12,5
2021-04-25T23:59:59+02:00,1,0,206,365,862,1064,940,1496,1006,2440,1314,2181,1675,1730,2797,2846,2635,4991,64,84,340,410,372,606,381,850,435,607,571,492,1579,1591,1859,3622,19542,12945,2138,1019,7181,18,11,12,4
2021-04-24T23:59:59+02:00,1,0,202,361,852,1058,928,1483,995,2423,1285,2161,1665,1706,2794,2842,2635,4991,64,84,340,410,371,606,381,849,434,604,570,489,1578,1589,1859,3622,19388,12940,2138,1010,7166,18,11,12,4
2021-04-23T23:59:59+02:00,1,0,198,355,842,1047,921,1475,977,2410,1230,2120,1643,1680,2788,2836,2635,4988,63,82,340,410,371,605,380,846,431,600,563,481,1570,1581,1859,3617,19247,12916,2127,983,7076,18,11,12,4
2021-04-22T23:59:59+02:00,1,0,198,347,820,1029,899,1456,948,2368,1181,2061,1601,1635,2777,2816,2633,4979,63,81,339,406,366,599,377,836,426,595,553,474,1552,1569,1854,3612,18971,12851,2073,958,7005,11,11,12,4
2021-04-21T23:59:59+02:00,1,0,193,342,802,1016,876,1439,913,2332,1132,2017,1556,1578,2757,2795,2626,4971,61,79,336,404,365,596,374,831,423,588,548,468,1540,1547,1843,3607,18650,12781,2043,936,6950,11,11,12,4
2021-04-20T23:59:59+02:00,1,0,189,337,787,993,861,1420,893,2281,1099,1968,1505,1515,2730,2771,2620,4956,60,79,334,403,362,593,370,825,423,581,542,460,1518,1516,1840,3603,18359,12703,1973,914,6887,10,11,12,4
2021-04-19T23:59:59+02:00,1,0,187,329,775,981,849,1403,878,2252,1077,1937,1474,1471,2718,2758,2618,4951,60,78,333,401,358,588,367,816,418,571,538,454,1491,1491,1834,3591,18172,12614,1957,887,6823,7,10,11,4
2021-04-18T23:59:59+02:00,1,0,186,326,767,973,838,1394,860,2238,1056,1919,1444,1435,2709,2753,2612,4945,59,76,332,400,358,588,366,811,416,569,536,449,1482,1485,1831,3589,18057,12588,1928,871,6758,7,10,11,4
2021-04-17T23:59:59+02:00,1,0,184,322,764,971,833,1392,853,2234,1051,1912,1427,1411,2704,2746,2612,4945,59,73,330,395,357,588,364,807,416,566,533,443,1474,1478,1831,3588,17984,12545,1927,869,6737,7,10,11,4
2021-04-16T23:59:59+02:00,1,0,183,321,758,965,821,1376,842,2214,1017,1872,1378,1348,2693,2731,2608,4938,54,71,327,389,356,586,360,795,409,552,510,415,1463,1457,1820,3575,17774,12444,1912,806,6666,6,10,10,4
2021-04-15T23:59:59+02:00,1,0,182,317,736,950,804,1365,817,2170,976,1835,1334,1297,2665,2705,2593,4922,52,71,323,383,351,585,352,790,399,549,496,407,1432,1425,1808,3560,17510,12336,1899,759,6542,5,10,9,4
2021-04-14T23:59:59+02:00,1,0,181,311,728,943,797,1352,806,2138,960,1807,1280,1256,2619,2640,2580,4906,50,67,319,380,349,581,349,782,390,538,481,392,1400,1395,1801,3542,17241,12210,1880,718,6463,5,10,8,4
2021-04-13T23:59:59+02:00,1,0,177,306,720,939,787,1342,796,2113,929,1781,1225,1188,2567,2583,2572,4891,48,67,316,377,341,577,342,774,382,530,468,384,1375,1374,1793,3531,17009,12117,1830,674,6357,4,10,7,4
2021-04-12T23:59:59+02:00,1,0,177,305,716,935,779,1330,774,2092,915,1761,1182,1154,2548,2553,2568,4877,47,63,306,371,336,571,337,766,377,524,453,374,1359,1361,1790,3523,16884,12034,1809,634,6251,4,10,6,4
2021-04-11T23:59:59+02:00,0,0,176,304,710,927,772,1325,765,2078,900,1745,1161,1129,2528,2531,2563,4870,46,61,301,369,334,569,336,762,372,517,448,365,1344,1357,1786,3516,16825,11984,1785,608,6149,3,10,6,4
2021-04-10T23:59:59+02:00,0,0,176,303,710,925,770,1324,759,2069,893,1739,1150,1115,2516,2516,2563,4870,41,56,278,357,319,554,322,751,357,507,436,358,1332,1338,1781,3510,16772,11810,1777,592,6123,3,10,6,4
2021-04-09T23:59:59+02:00,0,0,176,299,705,922,761,1302,751,1987,877,1657,1104,1049,2478,2490,2560,4862,34,54,264,343,301,543,304,737,344,491,419,350,1292,1309,1769,3496,16629,11590,1742,562,5881,3,8,5,4
2021-04-08T23:59:59+02:00,0,0,175,296,701,917,755,1296,738,1970,855,1637,1045,974,2423,2454,2548,4852,34,52,257,329,288,535,288,722,319,473,393,327,1243,1274,1745,3463,16475,11311,1684,529,5750,3,7,5,4
2021-04-07T23:59:59+02:00,0,0,169,293,693,911,749,1283,722,1943,841,1608,995,920,2373,2399,2540,4836,32,49,240,313,278,529,280,709,305,460,365,309,1197,1237,1726,3425,16292,11049,1644,498,5609,3,7,5,4
2021-04-06T23:59:59+02:00,0,0,165,292,687,907,737,1269,703,1920,816,1584,963,876,2333,2350,2532,4826,30,48,239,310,276,526,270,706,295,455,354,295,1170,1207,1706,3404,16180,10919,1612,465,5435,3,7,5,4
2021-04-05T23:59:59+02:00,0,0,165,292,686,901,733,1260,694,1904,807,1569,938,851,2307,2307,2527,4818,30,48,238,306,275,522,267,699,290,453,352,288,1138,1183,1698,3385,16120,10828,1596,436,5306,3,7,5,4
2021-04-04T23:59:59+02:00,0,0,164,289,684,895,728,1249,685,1888,800,1549,929,837,2302,2301,2527,4817,30,48,238,306,274,522,267,699,290,453,350,288,1121,1170,1694,3381,16097,10787,1594,436,5217,3,7,4,4
2021-04-03T23:59:59+02:00,0,0,164,289,684,895,726,1247,684,1884,793,1546,919,828,2296,2292,2524,4816,30,48,238,306,274,522,267,698,290,451,350,288,1121,1165,1694,3378,16057,10776,1594,436,5199,3,7,4,4
2021-04-02T23:59:59+02:00,0,0,164,288,684,894,725,1244,681,1877,785,1535,907,818,2276,2271,2522,4813,30,48,235,306,272,520,264,691,282,446,346,287,1100,1137,1683,3351,15990,10660,1582,429,5173,3,7,4,4
2021-04-01T23:59:59+02:00,0,0,161,285,678,883,713,1231,675,1857,768,1514,880,787,2240,2226,2516,4794,29,47,227,303,270,516,261,684,276,441,335,279,1063,1098,1650,3308,15870,10462,1521,415,5074,3,7,4,4
2021-03-31T23:59:59+02:00,0,0,158,282,671,876,703,1216,667,1811,756,1474,866,769,2200,2168,2495,4775,29,47,226,302,265,514,257,682,267,432,321,273,1000,1045,1626,3276,15755,10256,1465,397,4925,3,6,4,4
2021-03-30T23:59:59+02:00,0,0,155,275,665,867,700,1195,659,1772,747,1431,848,751,2155,2105,2481,4753,29,46,223,299,263,511,255,676,262,424,311,267,968,1017,1604,3240,15619,10104,1421,379,4775,3,6,4,4
2021-03-29T23:59:59+02:00,0,0,152,269,660,854,695,1183,649,1740,734,1392,831,734,2088,2042,2460,4723,29,46,222,298,262,509,251,670,254,413,304,262,943,996,1591,3213,15425,9981,1378,369,4658,3,6,4,4
2021-03-28T23:59:59+02:00,0,0,144,254,649,847,689,1174,644,1720,729,1376,825,715,2048,2002,2455,4711,29,45,219,298,258,503,247,667,253,410,302,260,932,986,1585,3205,15357,9925,1328,361,4552,3,6,4,4
2021-03-27T23:59:59+01:00,0,0,144,251,645,840,685,1170,638,1708,727,1369,817,702,2039,1990,2455,4710,29,45,219,298,258,503,247,661,251,405,300,259,925,976,1568,3181,15309,9861,1319,351,4516,3,6,4,4
2021-03-26T23:59:59+01:00,0,0,142,249,637,829,680,1155,629,1690,719,1340,799,684,2015,1965,2445,4700,29,45,219,298,257,501,247,661,245,393,295,252,895,944,1535,3132,15206,9686,1283,351,4440,3,4,4,4
2021-03-25T23:59:59+01:00,0,0,139,248,628,820,664,1134,614,1656,701,1298,780,664,1972,1924,2429,4682,29,45,216,293,256,500,240,658,243,391,287,248,856,913,1475,3055,15097,9456,1229,337,4276,2,4,4,4
2021-03-24T23:59:59+01:00,0,0,136,241,614,808,660,1123,605,1619,687,1265,757,648,1932,1881,2412,4658,29,45,215,292,255,498,238,658,237,388,280,242,813,889,1425,2963,14967,9235,1195,321,4132,2,3,4,4
2021-03-23T23:59:59+01:00,0,0,134,239,608,801,646,1111,595,1597,675,1227,739,634,1895,1850,2397,4640,28,44,213,291,253,494,231,653,234,381,270,238,789,866,1348,2865,14878,8975,1166,310,3990,2,3,4,4
2021-03-22T23:59:59+01:00,0,0,131,234,590,784,629,1093,585,1565,660,1201,730,621,1865,1826,2386,4624,28,43,212,289,251,493,230,645,233,377,267,233,764,845,1257,2760,14799,8716,1135,298,3835,2,3,4,4
2021-03-21T23:59:59+01:00,0,0,129,232,586,778,625,1090,581,1541,649,1167,724,611,1841,1820,2380,4608,28,43,211,289,250,491,229,644,232,375,265,230,758,842,1248,2751,14768,8683,1114,289,3720,2,3,4,4
2021-03-20T23:59:59+01:00,0,0,127,232,581,775,622,1088,578,1538,647,1165,721,602,1819,1798,2373,4596,28,43,211,289,250,491,228,642,229,369,263,228,749,836,1230,2738,14708,8631,1106,279,3686,2,3,4,4
2021-03-19T23:59:59+01:00,0,0,118,220,576,762,616,1082,575,1520,630,1151,688,561,1763,1758,2344,4575,27,43,211,288,249,491,227,636,226,366,261,222,723,817,1195,2685,14548,8488,1034,264,3591,2,3,4,4
2021-03-18T23:59:59+01:00,0,0,115,215,559,752,596,1050,556,1470,602,1103,654,536,1714,1710,2317,4533,27,43,209,286,247,484,227,630,223,357,259,214,706,805,1163,2643,14360,8362,972,245,3378,2,3,4,4
2021-03-17T23:59:59+01:00,0,0,110,209,548,739,586,1045,547,1456,587,1084,632,515,1671,1675,2296,4494,27,42,209,285,246,481,226,629,222,354,258,212,694,793,1128,2597,14163,8246,928,239,3326,2,3,4,4
2021-03-16T23:59:59+01:00,0,0,105,203,537,728,573,1034,535,1418,571,1056,614,491,1619,1623,2275,4459,27,41,209,283,246,476,225,627,220,353,254,212,679,775,1099,2542,13990,8114,876,236,3193,2,2,4,4
2021-03-15T23:59:59+01:00,0,0,101,196,522,713,562,1009,524,1383,557,1019,597,474,1578,1589,2253,4435,26,41,208,280,246,473,223,625,218,353,246,208,661,763,1075,2506,13841,8014,822,222,3066,2,0,4,4
2021-03-14T23:59:59+01:00,0,0,97,184,513,699,551,987,516,1339,542,974,579,459,1551,1568,2237,4410,26,41,208,278,245,472,222,620,217,348,244,204,657,756,1067,2491,13737,7987,788,193,2894,2,0,4,4
2021-03-13T23:59:59+01:00,0,0,93,173,487,678,522,961,490,1318,520,953,553,451,1526,1545,2229,4402,26,41,208,278,245,472,221,619,217,347,243,204,652,747,1038,2462,13517,7910,774,192,2810,2,0,4,4
2021-03-12T23:59:59+01:00,0,0,84,167,461,649,501,934,468,1283,495,919,523,432,1473,1498,2207,4363,26,41,208,277,245,471,221,619,217,346,240,202,640,735,1013,2435,13218,7824,745,192,2687,2,0,4,3
2021-03-11T23:59:59+01:00,0,0,79,156,430,612,467,902,429,1206,460,858,493,399,1397,1433,2159,4304,26,41,207,274,240,467,220,615,213,343,236,200,625,717,989,2394,12844,7746,692,141,2426,2,0,4,3
2021-03-10T23:59:59+01:00,0,0,77,150,407,588,449,884,412,1171,433,816,464,375,1320,1369,2120,4247,26,41,205,269,236,462,218,609,213,341,231,197,606,709,966,2355,12510,7637,659,125,2287,2,0,4,3
2021-03-09T23:59:59+01:00,0,0,76,147,398,568,427,855,399,1122,415,785,444,358,1272,1337,2079,4203,26,41,204,266,234,454,215,605,210,337,229,196,595,702,948,2324,12295,7557,633,106,2118,2,0,4,3
2021-03-08T23:59:59+01:00,0,0,73,142,385,550,409,837,387,1070,404,743,428,344,1218,1302,2055,4165,26,41,204,265,231,449,211,600,206,333,227,195,583,697,938,2313,12111,7506,596,90,1963,1,0,4,3
2021-03-07T23:59:59+01:00,0,0,70,138,382,540,401,821,375,1056,398,737,425,339,1206,1284,2046,4156,26,41,204,264,231,447,209,599,206,332,226,194,579,694,930,2306,12046,7477,570,88,1912,0,0,4,3
2021-03-06T23:59:59+01:00,0,0,70,132,379,536,394,800,369,1002,391,704,423,338,1199,1273,2031,4141,26,41,204,264,230,446,209,598,206,332,226,194,576,694,928,2293,11991,7469,570,75,1773,0,0,4,3
2021-03-05T23:59:59+01:00,0,0,70,127,375,530,390,794,367,986,380,678,412,325,1160,1231,1987,4082,26,41,203,263,229,445,208,596,205,330,224,193,571,693,920,2272,11778,7446,548,49,1713,0,0,4,3
2021-03-04T23:59:59+01:00,0,0,70,116,366,497,376,761,347,945,366,648,395,323,1108,1181,1905,3989,26,41,201,258,227,438,206,585,202,329,223,192,569,690,917,2269,11481,7399,515,48,1540,0,0,4,3
2021-03-03T23:59:59+01:00,0,0,66,109,357,482,369,745,342,923,352,628,385,315,1064,1148,1836,3868,26,41,201,257,226,436,204,575,202,322,222,189,564,687,910,2264,11211,7357,488,43,1429,0,0,4,3
2021-03-02T23:59:59+01:00,0,0,63,103,347,470,356,727,331,903,345,600,372,308,1029,1118,1739,3747,25,41,201,257,226,429,199,569,200,319,220,189,562,679,903,2251,10888,7299,464,43,1338,0,0,4,3
2021-03-01T23:59:59+01:00,0,0,62,101,341,457,349,709,320,878,338,566,367,304,1003,1087,1622,3594,25,40,200,257,224,420,197,561,200,315,219,189,559,673,894,2243,10552,7244,443,43,1232,0,0,4,3
2021-02-28T23:59:59+01:00,0,0,62,99,334,448,346,701,318,854,334,546,362,292,995,1083,1612,3582,25,40,199,256,223,420,197,561,200,315,218,189,559,670,891,2240,10508,7231,432,43,1155,0,0,4,3
2021-02-27T23:59:59+01:00,0,0,59,90,330,439,342,699,312,842,330,536,358,288,986,1072,1590,3561,25,40,199,255,223,419,196,560,199,314,218,189,559,670,891,2240,10439,7230,420,38,1100,0,0,4,3
2021-02-26T23:59:59+01:00,0,0,57,87,323,415,317,668,293,812,318,515,354,284,961,1052,1549,3499,25,39,199,254,223,417,194,557,196,312,218,189,559,670,890,2237,10281,7212,417,38,925,0,0,4,2
2021-02-25T23:59:59+01:00,0,0,50,76,310,397,307,638,286,784,304,489,345,274,944,1033,1512,3454,25,39,198,252,219,414,191,549,191,311,213,186,548,662,879,2231,10134,7151,403,28,782,0,0,4,2
2021-02-24T23:59:59+01:00,0,0,46,72,301,385,300,625,281,770,300,479,338,273,924,1021,1465,3395,24,39,196,250,216,401,189,541,188,306,211,183,542,656,877,2218,9987,7086,389,20,713,0,0,4,2
2021-02-23T23:59:59+01:00,0,0,43,63,288,371,291,606,275,751,290,469,331,271,896,1003,1425,3322,23,39,195,248,214,396,188,535,184,304,210,182,540,646,871,2199,9814,7026,370,16,623,0,0,4,2
2021-02-22T23:59:59+01:00,0,0,40,60,281,359,287,596,272,740,286,465,324,264,875,988,1396,3286,23,37,191,245,211,383,180,525,179,301,207,180,528,638,864,2182,9696,6936,354,5,580,0,0,4,2
2021-02-21T23:59:59+01:00,0,0,39,59,277,352,285,587,268,732,280,461,321,262,870,983,1389,3277,23,36,190,243,211,381,180,516,179,299,207,180,524,637,856,2169,9670,6892,346,5,533,0,0,4,2
2021-02-20T23:59:59+01:00,0,0,38,59,274,351,285,584,267,726,277,453,320,262,857,972,1357,3246,23,36,190,243,211,381,180,516,178,298,207,180,523,637,854,2168,9586,6886,335,5,511,0,0,4,2
2021-02-19T23:59:59+01:00,0,0,37,59,270,346,279,561,258,701,272,440,316,257,835,955,1323,3216,23,35,190,243,210,380,180,515,177,298,206,179,518,636,849,2151,9482,6851,320,5,424,0,0,3,2
2021-02-18T23:59:59+01:00,0,0,37,56,252,326,270,540,249,680,255,413,313,248,824,938,1298,3184,23,34,186,236,208,374,176,499,175,287,203,174,503,622,812,2084,9397,6657,294,5,291,0,0,3,2
2021-02-17T23:59:59+01:00,0,0,37,54,245,320,267,527,244,667,252,391,308,243,804,927,1269,3137,21,32,183,231,200,360,172,482,170,275,195,169,492,607,793,2045,9264,6487,284,4,239,0,0,3,2
2021-02-16T23:59:59+01:00,0,0,36,49,234,309,264,516,238,652,246,384,303,241,793,916,1244,3105,19,32,174,223,192,341,166,470,166,261,192,162,459,576,758,1977,9171,6227,276,4,176,0,0,3,2
2021-02-15T23:59:59+01:00,0,0,35,48,228,306,257,503,234,646,243,376,300,239,775,908,1232,3086,18,30,169,217,187,334,161,460,160,254,182,157,429,547,722,1907,9108,5993,262,4,139,0,0,3,2
2021-02-14T23:59:59+01:00,0,0,33,48,226,303,255,497,232,641,243,372,300,235,768,902,1223,3067,17,30,167,214,183,329,160,448,158,251,181,154,421,538,704,1864,9086,5877,229,4,122,0,0,3,2
2021-02-13T23:59:59+01:00,0,0,32,48,226,303,254,497,232,640,243,372,300,235,766,901,1222,3067,17,30,165,213,180,329,159,446,157,248,179,151,416,535,696,1849,9080,5830,229,1,121,0,0,3,2
2021-02-12T23:59:59+01:00,0,0,31,46,223,298,251,488,228,629,240,366,299,234,760,900,1219,3057,17,30,163,210,179,328,157,444,155,247,177,147,413,519,665,1783,9052,5694,229,1,78,0,0,3,2
2021-02-11T23:59:59+01:00,0,0,30,45,215,279,244,472,221,605,227,352,295,233,752,883,1194,3024,17,29,146,191,171,297,147,398,149,225,160,131,367,471,602,1615,8980,5172,162,1,17,0,0,3,2
2021-02-10T23:59:59+01:00,0,0,30,45,211,272,242,465,218,596,224,345,291,233,740,880,1186,3014,16,27,133,169,158,259,128,349,138,201,144,122,340,440,541,1490,8926,4705,146,1,7,0,0,3,0
2021-02-09T23:59:59+01:00,0,0,29,43,210,269,240,452,214,589,220,342,287,229,736,873,1177,3001,16,26,118,141,145,236,110,307,124,174,126,114,308,384,486,1332,8872,4192,122,1,3,0,0,3,0
2021-02-08T23:59:59+01:00,0,0,29,43,209,267,234,438,211,578,217,337,282,229,728,868,1171,2994,14,24,102,120,124,193,91,265,116,162,103,105,269,332,424,1197,8808,3682,107,1,3,0,0,3,0
2021-02-07T23:59:59+01:00,0,0,29,42,207,265,232,437,211,575,217,336,282,229,727,865,1166,2991,13,18,98,114,117,182,86,248,111,152,96,100,262,319,408,1147,8788,3509,104,1,0,0,0,3,0
2021-02-06T23:59:59+01:00,0,0,29,42,207,265,232,436,211,575,217,335,281,229,726,865,1165,2979,10,14,97,112,116,178,84,241,111,150,95,99,262,315,397,1132,8785,3448,90,1,0,0,0,3,0
2021-02-05T23:59:59+01:00,0,0,28,41,207,265,232,435,209,572,215,334,280,229,724,865,1153,2952,9,10,89,104,112,175,83,237,105,138,92,97,253,310,373,1103,8765,3323,55,0,0,0,0,3,0
2021-02-04T23:59:59+01:00,0,0,28,41,205,264,228,430,204,566,213,330,277,226,718,859,1144,2941,8,7,61,72,88,131,71,200,85,119,88,83,221,274,329,976,8698,2837,55,0,0,0,0,3,0
2021-02-03T23:59:59+01:00,0,0,28,40,205,262,227,418,201,560,212,327,275,224,708,856,1137,2926,5,4,45,54,69,108,54,155,72,90,63,58,166,200,248,713,8635,2123,50,0,0,0,0,3,0
2021-02-02T23:59:59+01:00,0,0,27,40,204,260,224,412,200,555,209,326,272,223,700,846,1130,2901,3,3,29,38,54,77,41,99,54,66,54,47,119,134,165,471,8557,1468,49,0,0,0,0,3,0
2021-02-01T23:59:59+01:00,0,0,26,38,202,260,221,407,197,549,205,319,271,220,693,843,1125,2889,3,1,22,21,27,45,27,62,30,35,38,29,72,86,95,284,8493,885,49,0,0,0,0,3,0
2021-01-31T23:59:59+01:00,0,0,26,38,202,258,219,403,195,541,204,317,270,220,689,839,1119,2874,3,1,20,16,18,37,20,49,22,31,35,23,57,74,92,254,8442,758,48,0,0,0,0,3,0
2021-01-30T23:59:59+01:00,0,0,26,38,202,258,219,403,194,541,204,317,270,220,688,839,1118,2872,3,1,19,15,16,37,18,45,20,30,34,22,57,71,90,248,8438,731,47,0,0,0,0,3,0
2021-01-29T23:59:59+01:00,0,0,26,38,202,255,218,402,193,540,202,315,270,220,683,836,1112,2864,3,0,16,10,11,31,17,40,16,27,34,21,54,70,88,242,8410,683,43,0,0,0,0,2,0
2021-01-28T23:59:59+01:00,0,0,26,37,195,252,218,396,192,531,199,310,269,220,671,828,1089,2844,3,0,3,3,6,18,9,22,7,13,26,15,37,47,58,171,8320,439,34,0,0,0,0,2,0
2021-01-27T23:59:59+01:00,0,0,25,35,190,247,213,387,190,517,196,300,261,214,657,811,1065,2806,1,0,2,3,5,14,8,20,6,12,25,14,31,41,49,130,8158,361,29,0,0,0,0,2,0
2021-01-26T23:59:59+01:00,0,0,22,35,187,236,207,374,185,499,193,292,255,209,635,794,1037,2755,1,0,1,3,5,14,8,20,6,12,24,11,30,37,48,113,7963,333,24,0,0,0,0,2,0
2021-01-25T23:59:59+01:00,0,0,22,34,179,234,204,364,180,489,188,281,245,205,612,774,1011,2710,1,0,1,3,4,12,7,17,6,11,21,10,26,36,40,102,7796,297,6,0,0,0,0,2,0
2021-01-24T23:59:59+01:00,0,0,21,33,177,231,201,363,179,487,187,279,245,203,608,769,1008,2705,1,0,1,3,3,12,7,17,6,11,21,10,26,36,39,100,7760,293,5,0,0,0,0,2,0
2021-01-23T23:59:59+01:00,0,0,21,33,177,231,199,363,179,486,187,279,245,203,607,769,1000,2692,1,0,1,3,3,11,7,17,5,11,21,10,26,36,39,100,7735,291,5,0,0,0,0,2,0
2021-01-22T23:59:59+01:00,0,0,20,32,175,227,198,363,179,485,186,279,245,201,605,767,972,2650,1,0,1,3,3,11,7,17,5,11,21,10,26,36,39,100,7648,291,5,0,0,0,0,2,0
2021-01-21T23:59:59+01:00,0,0,19,32,166,219,191,346,174,463,184,262,233,196,580,742,935,2597,1,0,1,3,1,6,7,12,3,7,20,8,22,26,34,83,7400,234,5,0,0,0,0,2,0
2021-01-20T23:59:59+01:00,0,0,18,30,151,195,176,304,145,407,170,238,215,184,538,696,867,2397,1,0,1,3,1,6,7,11,3,6,19,7,21,23,30,77,6786,216,4,0,0,0,0,2,0
2021-01-19T23:59:59+01:00,0,0,18,28,128,164,160,270,132,366,155,215,180,164,475,605,769,2123,1,0,1,3,1,6,5,7,1,4,11,3,10,15,21,55,6001,144,3,0,0,0,0,2,0
2021-01-18T23:59:59+01:00,0,0,15,27,113,147,138,226,114,317,138,188,142,149,385,500,633,1780,1,0,1,1,0,3,4,5,0,4,2,1,4,6,10,28,5058,70,3,0,0,0,0,2,0
2021-01-17T23:59:59+01:00,0,0,14,17,109,133,130,213,106,293,131,176,133,135,370,470,583,1679,1,0,0,0,0,1,2,4,0,2,1,1,3,1,2,5,4731,23,3,0,0,0,0,2,0
2021-01-16T23:59:59+01:00,0,0,12,13,105,130,128,208,103,283,129,170,130,131,365,462,566,1651,0,0,0,0,0,0,0,0,0,0,0,0,0,0,0,0,4625,0,0,0,0,0,0,2,0
2021-01-15T23:59:59+01:00,0,0,10,11,100,121,124,203,101,274,127,158,126,128,358,447,536,1607,0,0,0,0,0,0,0,0,0,0,0,0,0,0,0,0,4467,0,0,0,0,0,0,2,0
2021-01-14T23:59:59+01:00,0,0,8,7,75,88,104,166,83,229,110,141,114,107,306,397,471,1391,0,0,0,0,0,0,0,0,0,0,0,0,0,0,0,0,3824,0,0,0,0,0,0,2,0
2021-01-13T23:59:59+01:00,0,0,6,6,63,78,93,139,73,189,100,116,86,78,236,282,373,1061,0,0,0,0,0,0,0,0,0,0,0,0,0,0,0,0,3002,0,0,0,0,0,0,2,0
2021-01-12T23:59:59+01:00,0,0,5,5,53,60,76,110,65,132,78,91,70,62,166,202,270,741,0,0,0,0,0,0,0,0,0,0,0,0,0,0,0,0,2208,0,0,0,0,0,0,0,0
2021-01-11T23:59:59+01:00,0,0,4,3,45,48,63,80,51,106,56,64,50,41,96,123,141,417,0,0,0,0,0,0,0,0,0,0,0,0,0,0,0,0,1406,0,0,0,0,0,0,0,0
2021-01-10T23:59:59+01:00,0,0,3,3,41,36,46,67,36,84,46,55,45,31,79,109,132,363,0,0,0,0,0,0,0,0,0,0,0,0,0,0,0,0,1187,0,0,0,0,0,0,0,0
2021-01-09T23:59:59+01:00,0,0,3,2,38,35,41,64,33,74,40,50,44,31,79,107,129,361,0,0,0,0,0,0,0,0,0,0,0,0,0,0,0,0,1140,0,0,0,0,0,0,0,0
2021-01-08T23:59:59+01:00,0,0,3,2,31,27,34,57,28,62,35,44,42,29,74,104,126,350,0,0,0,0,0,0,0,0,0,0,0,0,0,0,0,0,1055,0,0,0,0,0,0,0,0
2021-01-07T23:59:59+01:00,0,0,3,2,9,3,9,20,11,28,11,22,35,20,52,69,87,248,0,0,0,0,0,0,0,0,0,0,0,0,0,0,0,0,630,0,0,0,0,0,0,0,0
2021-01-06T23:59:59+01:00,0,0,3,0,2,3,5,15,8,22,7,13,31,18,44,58,73,197,0,0,0,0,0,0,0,0,0,0,0,0,0,0,0,0,500,0,0,0,0,0,0,0,0
2021-01-05T23:59:59+01:00,0,0,2,0,1,3,5,14,8,20,7,12,30,17,43,57,70,189,0,0,0,0,0,0,0,0,0,0,0,0,0,0,0,0,479,0,0,0,0,0,0,0,0
2021-01-04T23:59:59+01:00,0,0,1,0,1,3,5,13,7,18,6,11,26,14,34,48,54,143,0,0,0,0,0,0,0,0,0,0,0,0,0,0,0,0,384,0,0,0,0,0,0,0,0
2021-01-03T23:59:59+01:00,0,0,1,0,1,3,4,13,7,18,6,11,26,14,34,48,54,142,0,0,0,0,0,0,0,0,0,0,0,0,0,0,0,0,382,0,0,0,0,0,0,0,0
2021-01-02T23:59:59+01:00,0,0,1,0,1,3,4,13,7,18,5,11,26,14,34,48,54,142,0,0,0,0,0,0,0,0,0,0,0,0,0,0,0,0,381,0,0,0,0,0,0,0,0
2021-01-01T23:59:59+01:00,0,0,1,0,1,3,4,13,7,18,5,11,26,14,34,48,54,142,0,0,0,0,0,0,0,0,0,0,0,0,0,0,0,0,381,0,0,0,0,0,0,0,0
2020-12-31T23:59:59+01:00,0,0,1,0,1,3,4,12,7,18,5,11,26,14,34,48,54,142,0,0,0,0,0,0,0,0,0,0,0,0,0,0,0,0,380,0,0,0,0,0,0,0,0
2020-12-30T23:59:59+01:00,0,0,1,0,1,3,4,12,7,17,5,11,26,14,34,48,54,142,0,0,0,0,0,0,0,0,0,0,0,0,0,0,0,0,379,0,0,0,0,0,0,0,0
2020-12-29T23:59:59+01:00,0,0,1,0,1,3,3,8,5,12,3,8,19,10,25,40,39,115,0,0,0,0,0,0,0,0,0,0,0,0,0,0,0,0,292,0,0,0,0,0,0,0,0
2020-12-28T23:59:59+01:00,0,0,1,0,1,1,1,2,3,6,2,5,11,3,8,15,24,58,0,0,0,0,0,0,0,0,0,0,0,0,0,0,0,0,141,0,0,0,0,0,0,0,0
2020-12-27T23:59:59+01:00,0,0,1,0,0,0,0,1,2,6,0,2,2,1,5,4,5,20,0,0,0,0,0,0,0,0,0,0,0,0,0,0,0,0,49,0,0,0,0,0,0,0,0
