Datum,<15_m,<15_w,15-24_1_m,15-24_1_w,25-34_1_m,25-34_1_w,35-44_1_m,35-44_1_w,45-54_1_m,45-54_1_w,55-64_1_m,55-64_1_w,65-74_1_m,65-74_1_w,75-84_1_m,75-84_1_w,>84_1_m,>84_1_w,<24_2_m,<24_2_w,25-34_2_m,25-34_2_w,35-44_2_m,35-44_2_w,45-54_2_m,45-54_2_w,55-64_2_m,55-64_2_w,65-74_2_m,65-74_2_w,75-84_2_m,75-84_2_w,>84_2_m,>84_2_w,bp_1,bp_2,mo_1,mo_2,az_1,az_2,ja,unb_1,unb_2
2021-09-17T23:59:59+02:00,223,222,4080,3486,9839,6941,9219,6292,8028,8393,5847,6179,2901,3011,3329,3361,2756,5214,3298,2888,8575,6087,8295,5636,7308,7616,5241,5635,2322,2593,2501,2667,1995,3880,60152,50403,8733,7597,9855,7846,11796,51,49
2021-09-16T23:59:59+02:00,221,222,4022,3461,9753,6909,9170,6255,7989,8363,5829,6169,2900,3006,3329,3361,2756,5212,3267,2869,8520,6059,8263,5610,7289,7587,5226,5628,2320,2591,2501,2667,1994,3879,59894,50261,8710,7584,9853,7840,11685,51,49
2021-09-15T23:59:59+02:00,217,220,3981,3445,9708,6888,9140,6229,7954,8343,5823,6154,2896,3004,3327,3361,2755,5211,3233,2855,8480,6037,8229,5586,7255,7565,5210,5611,2318,2587,2501,2664,1992,3876,59720,50086,8702,7576,9853,7839,11596,51,49
2021-09-14T23:59:59+02:00,216,217,3943,3421,9645,6859,9089,6199,7926,8308,5813,6137,2893,3001,3326,3361,2754,5210,3206,2833,8422,6008,8185,5563,7230,7539,5197,5596,2317,2587,2500,2661,1992,3875,59528,49943,8689,7565,9853,7836,11463,51,48
2021-09-13T23:59:59+02:00,213,212,3906,3401,9594,6830,9057,6176,7907,8274,5800,6123,2889,2996,3326,3361,2754,5209,3170,2815,8377,5984,8166,5546,7220,7516,5189,5591,2314,2584,2500,2660,1992,3875,59326,49797,8665,7557,9853,7835,11399,51,48
2021-09-12T23:59:59+02:00,212,211,3876,3392,9553,6816,9037,6164,7895,8258,5791,6116,2888,2995,3325,3359,2754,5208,3143,2801,8333,5964,8151,5533,7205,7501,5185,5585,2310,2581,2500,2660,1992,3874,59229,49705,8663,7552,9853,7828,11320,51,48
2021-09-11T23:59:59+02:00,212,211,3872,3387,9544,6809,9033,6160,7893,8256,5789,6114,2887,2994,3324,3359,2754,5208,3141,2799,8322,5960,8146,5528,7204,7497,5184,5583,2310,2581,2500,2660,1992,3874,59204,49683,8660,7551,9853,7828,11303,51,48
2021-09-10T23:59:59+02:00,211,207,3829,3372,9496,6773,9003,6143,7866,8236,5777,6092,2885,2991,3324,3359,2754,5208,3117,2787,8274,5926,8119,5514,7179,7477,5168,5564,2309,2580,2500,2659,1992,3874,59087,49597,8653,7545,9852,7828,11148,51,48
2021-09-09T23:59:59+02:00,207,205,3799,3341,9430,6736,8952,6115,7842,8192,5763,6082,2882,2989,3324,3359,2754,5208,3096,2768,8230,5887,8081,5489,7154,7448,5154,5552,2307,2577,2500,2658,1992,3874,58873,49461,8641,7531,9851,7821,11029,51,48
2021-09-08T23:59:59+02:00,205,203,3759,3325,9379,6723,8918,6086,7823,8161,5748,6065,2879,2987,3323,3358,2754,5207,3063,2755,8170,5865,8037,5463,7123,7412,5139,5530,2305,2576,2499,2658,1992,3874,58735,49299,8635,7520,9850,7817,10895,51,48
2021-09-07T23:59:59+02:00,202,202,3724,3313,9342,6693,8890,6062,7800,8140,5729,6050,2878,2985,3322,3357,2754,5204,3040,2744,8125,5835,8010,5433,7103,7385,5125,5516,2303,2572,2497,2657,1992,3874,58569,49146,8629,7508,9850,7812,10811,51,48
2021-09-06T23:59:59+02:00,202,201,3688,3298,9300,6666,8858,6046,7777,8115,5720,6036,2875,2978,3320,3357,2754,5204,3016,2730,8088,5816,7979,5423,7083,7358,5118,5502,2299,2570,2497,2657,1992,3874,58403,49024,8628,7503,9848,7811,10728,51,48
2021-09-05T23:59:59+02:00,200,200,3672,3293,9282,6656,8843,6035,7774,8103,5713,6029,2874,2977,3320,3357,2754,5203,3006,2724,8064,5799,7966,5406,7075,7351,5108,5497,2297,2569,2497,2656,1992,3874,58339,48955,8626,7494,9847,7810,10685,51,48
2021-09-04T23:59:59+02:00,200,199,3669,3289,9279,6648,8838,6035,7770,8101,5713,6028,2874,2977,3320,3357,2754,5203,3004,2718,8057,5792,7960,5405,7070,7348,5107,5496,2293,2568,2497,2656,1992,3874,58322,48931,8626,7490,9847,7808,10671,51,48
2021-09-03T23:59:59+02:00,198,198,3640,3258,9229,6630,8804,6009,7747,8084,5699,6011,2872,2975,3320,3355,2754,5201,2982,2694,8011,5768,7931,5384,7042,7322,5093,5475,2289,2565,2497,2654,1992,3872,58189,48813,8611,7462,9847,7807,10548,51,48
2021-09-02T23:59:59+02:00,197,195,3606,3240,9169,6601,8755,5990,7722,8058,5686,5991,2867,2971,3318,3354,2754,5200,2960,2674,7946,5741,7891,5365,7014,7294,5081,5453,2284,2561,2495,2653,1992,3869,58025,48664,8602,7448,9845,7804,10411,51,48
2021-09-01T23:59:59+02:00,194,193,3580,3223,9115,6581,8721,5973,7699,8042,5675,5984,2866,2968,3317,3351,2754,5200,2941,2663,7893,5709,7848,5341,6980,7273,5071,5442,2280,2558,2494,2649,1992,3869,57878,48487,8583,7423,9845,7801,10339,51,48
2021-08-31T23:59:59+02:00,190,193,3550,3207,9057,6556,8692,5963,7680,8019,5669,5975,2862,2966,3316,3349,2754,5198,2919,2644,7843,5680,7818,5324,6955,7245,5059,5423,2276,2554,2493,2649,1992,3869,57742,48346,8576,7412,9845,7789,10240,51,48
2021-08-30T23:59:59+02:00,189,193,3499,3182,9008,6522,8644,5933,7641,7987,5656,5960,2857,2963,3315,3348,2754,5198,2883,2627,7788,5657,7775,5301,6923,7224,5049,5406,2271,2550,2491,2649,1992,3868,57533,48198,8572,7404,9844,7788,10106,51,48
2021-08-29T23:59:59+02:00,186,192,3484,3166,8979,6504,8620,5920,7633,7977,5648,5951,2856,2960,3315,3348,2753,5198,2863,2604,7747,5640,7749,5281,6909,7207,5038,5400,2269,2549,2490,2647,1991,3868,57450,48081,8566,7391,9844,7783,10035,51,48
2021-08-28T23:59:59+02:00,185,192,3478,3165,8974,6502,8614,5917,7626,7976,5648,5949,2856,2959,3315,3348,2753,5198,2856,2598,7738,5637,7741,5276,6903,7203,5034,5398,2269,2549,2490,2647,1991,3868,57435,48049,8566,7388,9844,7782,10015,51,48
2021-08-27T23:59:59+02:00,183,191,3462,3156,8943,6486,8583,5907,7605,7966,5640,5941,2856,2959,3315,3348,2753,5198,2840,2590,7712,5627,7720,5262,6886,7195,5025,5390,2269,2549,2489,2645,1991,3868,57344,47981,8565,7387,9844,7782,9942,51,48
2021-08-26T23:59:59+02:00,183,189,3414,3136,8872,6460,8537,5889,7582,7944,5624,5929,2853,2956,3315,3347,2753,5197,2804,2562,7655,5590,7656,5228,6849,7170,4992,5374,2264,2544,2488,2644,1991,3868,57164,47764,8558,7364,9844,7759,9814,51,48
2021-08-25T23:59:59+02:00,180,188,3383,3123,8827,6429,8501,5872,7549,7919,5612,5907,2849,2950,3315,3344,2752,5197,2755,2534,7585,5544,7602,5191,6806,7128,4975,5346,2262,2539,2487,2641,1990,3868,57027,47484,8553,7356,9843,7753,9674,51,48
2021-08-24T23:59:59+02:00,179,186,3370,3109,8799,6408,8480,5851,7530,7897,5604,5896,2847,2949,3314,3341,2752,5196,2728,2507,7540,5511,7567,5165,6774,7096,4958,5327,2261,2537,2486,2640,1990,3868,56932,47292,8547,7339,9843,7749,9586,51,48
2021-08-23T23:59:59+02:00,177,177,3320,3084,8746,6381,8441,5829,7498,7865,5590,5880,2845,2948,3313,3340,2752,5195,2696,2487,7480,5467,7525,5147,6734,7063,4942,5310,2257,2535,2485,2639,1989,3868,56745,47103,8538,7324,9840,7744,9455,51,48
2021-08-22T23:59:59+02:00,176,177,3307,3074,8729,6360,8427,5820,7480,7854,5584,5873,2842,2945,3312,3340,2752,5195,2678,2474,7447,5441,7502,5130,6710,7046,4938,5300,2252,2530,2484,2639,1988,3867,56664,46962,8532,7314,9839,7741,9408,51,48
2021-08-21T23:59:59+02:00,173,176,3291,3068,8715,6350,8415,5813,7474,7848,5579,5866,2841,2945,3312,3339,2752,5195,2667,2467,7423,5422,7482,5117,6697,7039,4929,5293,2251,2528,2483,2638,1988,3867,56593,46865,8528,7288,9839,7739,9388,51,48
2021-08-20T23:59:59+02:00,172,173,3274,3054,8679,6325,8383,5793,7452,7825,5568,5852,2840,2942,3312,3338,2752,5193,2630,2451,7368,5377,7442,5088,6656,6999,4913,5269,2246,2523,2483,2635,1988,3865,56505,46675,8515,7244,9838,7727,9264,51,48
2021-08-19T23:59:59+02:00,172,170,3246,3035,8614,6293,8338,5766,7428,7797,5553,5836,2834,2939,3311,3336,2752,5192,2580,2427,7278,5323,7375,5049,6606,6939,4883,5236,2241,2519,2482,2634,1988,3865,56339,46323,8498,7214,9836,7718,9131,51,48
2021-08-18T23:59:59+02:00,171,168,3222,3024,8579,6269,8305,5748,7393,7781,5541,5828,2829,2937,3310,3336,2751,5191,2542,2406,7200,5288,7309,5015,6560,6909,4857,5208,2237,2515,2479,2634,1988,3864,56196,46056,8491,7150,9835,7709,9052,51,48
2021-08-17T23:59:59+02:00,171,167,3202,3005,8547,6245,8274,5733,7381,7759,5529,5816,2826,2935,3309,3335,2750,5191,2510,2379,7132,5237,7257,4977,6531,6868,4837,5185,2229,2509,2478,2630,1987,3864,56067,45758,8481,7108,9834,7702,8983,51,48
2021-08-16T23:59:59+02:00,168,165,3189,2991,8515,6228,8253,5724,7365,7742,5516,5803,2826,2934,3308,3334,2750,5191,2474,2340,7049,5193,7185,4939,6477,6824,4807,5159,2227,2506,2475,2627,1987,3864,55962,45356,8476,7094,9834,7690,8919,51,48
2021-08-15T23:59:59+02:00,168,164,3181,2979,8482,6214,8234,5711,7347,7730,5510,5796,2824,2931,3308,3333,2750,5191,2441,2293,6989,5153,7140,4902,6439,6791,4794,5146,2223,2501,2474,2625,1987,3864,55863,45042,8471,7072,9833,7686,8875,51,48
2021-08-14T23:59:59+02:00,167,164,3176,2972,8471,6209,8225,5710,7346,7727,5506,5794,2822,2930,3308,3332,2750,5191,2432,2282,6960,5139,7125,4890,6429,6774,4774,5136,2220,2498,2474,2623,1987,3863,55841,44930,8470,7058,9833,7684,8845,51,48
2021-08-13T23:59:59+02:00,165,163,3153,2961,8444,6192,8211,5695,7329,7715,5494,5786,2821,2924,3307,3331,2750,5191,2391,2254,6907,5094,7080,4854,6391,6748,4757,5121,2219,2492,2471,2623,1987,3863,55742,44660,8468,7035,9833,7683,8778,51,48
2021-08-12T23:59:59+02:00,162,157,3135,2948,8405,6169,8174,5674,7308,7690,5480,5771,2819,2922,3305,3330,2750,5191,2353,2218,6813,5034,7021,4812,6344,6696,4729,5089,2215,2489,2466,2622,1987,3863,55610,44306,8462,7006,9832,7662,8674,51,48
2021-08-11T23:59:59+02:00,159,154,3115,2934,8361,6142,8144,5659,7285,7671,5468,5754,2817,2919,3305,3329,2750,5191,2319,2188,6718,4975,6933,4763,6287,6634,4704,5045,2207,2479,2465,2620,1987,3862,55461,43854,8453,6966,9829,7650,8602,51,48
2021-08-10T23:59:59+02:00,158,153,3097,2919,8314,6122,8112,5640,7253,7654,5453,5746,2814,2919,3305,3327,2750,5190,2244,2126,6589,4904,6834,4691,6195,6563,4659,5022,2201,2470,2462,2619,1987,3861,55329,43211,8442,6942,9827,7634,8516,51,48
2021-08-09T23:59:59+02:00,155,152,3079,2914,8273,6099,8082,5629,7229,7635,5442,5734,2813,2918,3305,3327,2750,5189,2185,2072,6481,4830,6730,4644,6123,6509,4631,4986,2194,2461,2461,2617,1987,3861,55234,42724,8432,6885,9827,7611,8420,51,48
2021-08-08T23:59:59+02:00,154,150,3062,2903,8248,6081,8060,5614,7217,7624,5435,5729,2810,2918,3305,3327,2750,5189,2156,2043,6406,4781,6669,4611,6080,6484,4617,4970,2183,2456,2459,2615,1987,3861,55153,42446,8430,6836,9824,7604,8357,51,48
2021-08-07T23:59:59+02:00,153,148,3050,2896,8218,6065,8042,5607,7209,7615,5430,5724,2808,2918,3305,3327,2750,5189,2112,2018,6323,4725,6607,4576,6043,6444,4598,4954,2179,2455,2459,2612,1987,3861,55081,42098,8426,6804,9824,7595,8311,51,48
2021-08-06T23:59:59+02:00,152,147,3035,2883,8184,6049,8009,5584,7187,7592,5417,5711,2804,2916,3305,3326,2750,5189,2071,1972,6215,4647,6533,4533,5998,6399,4577,4934,2177,2452,2458,2609,1987,3860,55011,41726,8403,6770,9824,7581,8190,51,47
2021-08-05T23:59:59+02:00,150,146,3002,2866,8150,6022,7966,5556,7164,7571,5397,5685,2799,2913,3302,3322,2750,5188,2020,1913,6074,4535,6413,4465,5927,6333,4540,4889,2168,2444,2455,2606,1986,3860,54852,41197,8393,6669,9821,7523,8069,51,47
2021-08-04T23:59:59+02:00,145,141,2930,2834,8058,5979,7913,5526,7128,7533,5379,5670,2793,2909,3300,3321,2750,5188,1934,1879,5933,4454,6274,4410,5856,6266,4510,4847,2157,2438,2450,2603,1986,3859,54600,40694,8374,6610,9820,7486,7883,51,47
2021-08-03T23:59:59+02:00,142,140,2907,2811,8024,5960,7873,5503,7102,7508,5366,5657,2789,2907,3299,3318,2750,5188,1901,1848,5829,4382,6168,4357,5784,6206,4467,4806,2152,2432,2449,2601,1986,3859,54431,40207,8369,6565,9818,7462,7805,51,47
2021-08-02T23:59:59+02:00,142,140,2883,2783,7978,5928,7844,5492,7076,7493,5347,5648,2786,2901,3298,3317,2749,5188,1873,1816,5698,4288,6054,4290,5713,6155,4418,4771,2147,2419,2447,2595,1985,3858,54261,39633,8360,6523,9818,7439,7732,51,47
2021-08-01T23:59:59+02:00,141,137,2866,2767,7939,5903,7829,5477,7064,7484,5341,5641,2782,2900,3296,3317,2749,5188,1853,1795,5616,4243,5990,4241,5668,6132,4399,4751,2143,2415,2445,2592,1985,3858,54157,39339,8344,6489,9816,7413,7680,51,47
2021-07-31T23:59:59+02:00,139,136,2859,2759,7918,5893,7820,5472,7060,7472,5339,5640,2780,2900,3296,3317,2749,5188,1814,1750,5515,4181,5924,4194,5615,6096,4371,4726,2140,2412,2445,2591,1985,3858,54111,38864,8339,6471,9815,7409,7648,51,47
2021-07-30T23:59:59+02:00,134,132,2847,2748,7889,5876,7806,5451,7037,7458,5333,5632,2779,2899,3296,3316,2749,5188,1792,1730,5428,4138,5854,4136,5556,6044,4345,4709,2135,2410,2444,2588,1985,3858,54020,38495,8323,6438,9815,7398,7585,51,47
2021-07-29T23:59:59+02:00,132,130,2812,2727,7830,5825,7764,5408,7007,7418,5309,5610,2778,2894,3294,3315,2749,5188,1751,1698,5298,4037,5721,4064,5464,5948,4298,4653,2127,2400,2441,2585,1984,3858,53802,37898,8304,6380,9810,7361,7441,51,47
2021-07-28T23:59:59+02:00,129,128,2790,2712,7790,5786,7728,5380,6979,7395,5294,5597,2774,2892,3292,3312,2748,5187,1712,1653,5196,3956,5603,3996,5370,5872,4262,4618,2115,2392,2439,2583,1984,3856,53594,37319,8291,6320,9806,7322,7389,51,47
2021-07-27T23:59:59+02:00,125,126,2772,2692,7743,5761,7691,5361,6958,7371,5281,5581,2772,2889,3292,3311,2747,5187,1668,1622,5051,3867,5476,3917,5281,5799,4217,4565,2108,2379,2438,2580,1983,3856,53450,36720,8266,6236,9805,7279,7306,51,47
2021-07-26T23:59:59+02:00,124,123,2744,2673,7707,5736,7655,5341,6931,7351,5276,5568,2768,2889,3291,3310,2747,5187,1630,1564,4908,3804,5364,3851,5207,5723,4162,4528,2104,2365,2437,2574,1983,3855,53290,36145,8242,6161,9802,7230,7249,51,47
2021-07-25T23:59:59+02:00,119,120,2727,2649,7668,5709,7620,5328,6910,7329,5266,5563,2766,2886,3290,3309,2747,5186,1609,1536,4851,3758,5307,3821,5158,5683,4131,4504,2100,2360,2436,2574,1983,3855,53121,35859,8232,6128,9799,7198,7200,51,47
2021-07-24T23:59:59+02:00,119,118,2710,2638,7635,5691,7593,5315,6893,7314,5257,5557,2765,2883,3290,3309,2747,5186,1589,1517,4804,3736,5231,3775,5115,5655,4110,4494,2099,2358,2435,2572,1983,3854,53027,35658,8210,6040,9798,7198,7144,51,47
2021-07-23T23:59:59+02:00,116,116,2678,2610,7579,5659,7559,5289,6858,7289,5235,5544,2763,2880,3288,3309,2747,5186,1531,1483,4662,3631,5092,3697,5038,5583,4059,4461,2098,2350,2434,2567,1982,3854,52828,34996,8204,6012,9796,7177,7033,51,47
2021-07-22T23:59:59+02:00,114,113,2643,2580,7487,5613,7505,5250,6806,7243,5201,5520,2755,2873,3286,3308,2747,5184,1471,1441,4493,3556,4935,3621,4888,5501,3969,4406,2085,2340,2429,2565,1982,3853,52487,34338,8182,5858,9784,7105,6923,51,47
2021-07-21T23:59:59+02:00,113,109,2611,2560,7412,5575,7443,5208,6744,7203,5180,5494,2748,2867,3284,3305,2747,5182,1439,1393,4371,3469,4793,3555,4777,5391,3896,4360,2072,2328,2426,2564,1982,3851,52209,33849,8130,5639,9778,7044,6812,51,47
2021-07-20T23:59:59+02:00,112,108,2588,2530,7351,5541,7406,5172,6705,7158,5149,5475,2745,2862,3282,3305,2747,5182,1404,1358,4251,3400,4702,3500,4683,5310,3840,4329,2068,2318,2425,2563,1982,3850,51931,33367,8119,5556,9776,6994,6733,51,47
2021-07-19T23:59:59+02:00,111,106,2560,2501,7294,5494,7355,5149,6665,7125,5128,5458,2740,2857,3281,3301,2747,5181,1382,1333,4173,3354,4618,3465,4604,5245,3804,4303,2064,2312,2421,2560,1981,3850,51628,33056,8104,5438,9775,6949,6686,51,47
2021-07-18T23:59:59+02:00,111,104,2529,2471,7216,5441,7310,5115,6624,7082,5108,5448,2733,2851,3279,3301,2746,5180,1364,1311,4125,3308,4577,3432,4554,5224,3767,4288,2058,2302,2420,2560,1981,3848,51282,32845,8087,5363,9771,6922,6647,51,45
2021-07-17T23:59:59+02:00,109,100,2511,2454,7196,5425,7291,5096,6604,7065,5087,5437,2729,2850,3279,3300,2746,5179,1351,1298,4091,3273,4532,3411,4513,5190,3737,4276,2052,2299,2420,2558,1981,3848,51161,32682,8077,5306,9769,6912,6587,51,45
2021-07-16T23:59:59+02:00,109,97,2469,2426,7132,5389,7228,5060,6559,7022,5056,5409,2722,2844,3277,3299,2746,5179,1311,1274,3987,3221,4439,3369,4424,5129,3673,4228,2038,2288,2414,2556,1981,3847,50972,32327,8046,5275,9756,6841,6379,51,45
2021-07-15T23:59:59+02:00,106,91,2426,2395,7054,5348,7163,5017,6509,6968,5039,5382,2719,2838,3274,3294,2746,5179,1258,1241,3784,3104,4252,3262,4270,5030,3607,4164,2029,2279,2409,2550,1981,3847,50620,31610,8027,5039,9750,6773,6275,51,45
2021-07-14T23:59:59+02:00,103,89,2384,2376,6980,5312,7086,4980,6452,6923,5017,5357,2710,2832,3271,3292,2746,5179,1210,1199,3665,3014,4149,3198,4164,4960,3561,4119,2016,2270,2408,2547,1981,3847,50284,31123,8010,4939,9746,6698,6168,51,45
2021-07-13T23:59:59+02:00,99,84,2353,2345,6921,5275,7021,4940,6410,6874,4994,5339,2700,2825,3269,3292,2746,5179,1175,1166,3561,2932,4020,3131,4073,4871,3506,4056,1989,2262,2405,2542,1979,3845,49947,30631,8000,4802,9745,6602,6089,50,45
2021-07-12T23:59:59+02:00,91,82,2323,2319,6848,5226,6950,4895,6358,6833,4966,5311,2695,2822,3266,3291,2746,5179,1143,1144,3461,2855,3906,3065,3968,4789,3453,4007,1978,2251,2400,2532,1979,3845,49586,30178,7986,4681,9740,6518,6000,50,44
2021-07-11T23:59:59+02:00,86,80,2311,2302,6810,5208,6920,4872,6325,6813,4957,5302,2692,2817,3264,3291,2745,5179,1134,1128,3417,2813,3845,3033,3914,4761,3431,3992,1969,2239,2397,2528,1979,3845,49467,29995,7963,4648,9736,6462,5918,50,43
2021-07-10T23:59:59+02:00,84,79,2285,2267,6728,5156,6856,4834,6274,6776,4931,5290,2689,2814,3264,3288,2745,5178,1116,1107,3359,2767,3798,3003,3876,4729,3415,3980,1962,2232,2397,2526,1979,3845,49203,29811,7938,4646,9720,6446,5781,50,43
2021-07-09T23:59:59+02:00,83,77,2260,2242,6652,5113,6805,4808,6224,6740,4911,5269,2687,2809,3263,3286,2745,5178,1093,1090,3299,2718,3747,2966,3824,4693,3385,3951,1958,2217,2395,2525,1979,3845,48966,29591,7902,4614,9711,6388,5670,50,43
2021-07-08T23:59:59+02:00,78,74,2201,2193,6547,5044,6695,4748,6157,6672,4875,5235,2679,2800,3260,3282,2745,5178,1016,1035,3128,2623,3552,2891,3646,4593,3309,3882,1940,2201,2393,2516,1978,3844,48618,29088,7822,4323,9676,6254,5439,50,43
2021-07-07T23:59:59+02:00,78,73,2123,2146,6422,4966,6586,4687,6081,6614,4838,5186,2673,2789,3255,3277,2745,5178,963,998,2975,2540,3376,2812,3486,4484,3250,3817,1920,2171,2385,2507,1978,3842,48098,28526,7772,4075,9655,6170,5279,49,43
2021-07-06T23:59:59+02:00,75,73,2074,2107,6307,4909,6492,4642,6026,6544,4794,5150,2666,2783,3251,3272,2745,5178,925,958,2857,2439,3284,2749,3408,4389,3188,3760,1893,2140,2380,2500,1978,3842,47636,28010,7720,3964,9638,6080,5173,49,43
2021-07-05T23:59:59+02:00,73,73,1998,2055,6156,4829,6377,4598,5953,6485,4752,5110,2662,2776,3249,3270,2745,5176,877,914,2747,2359,3206,2698,3328,4316,3140,3703,1871,2121,2372,2491,1977,3839,47138,27623,7673,3887,9611,5995,4986,48,43
2021-07-04T23:59:59+02:00,73,72,1951,2015,6061,4781,6328,4565,5909,6462,4734,5087,2659,2774,3249,3268,2745,5175,838,887,2682,2302,3169,2672,3296,4282,3114,3680,1855,2096,2369,2490,1976,3839,46911,27478,7630,3828,9582,5915,4854,47,43
2021-07-03T23:59:59+02:00,68,58,1846,1934,5848,4620,6176,4476,5821,6370,4682,5050,2657,2771,3249,3264,2745,5175,795,861,2616,2253,3119,2648,3257,4234,3083,3650,1849,2088,2368,2486,1976,3837,46060,27297,7594,3826,9574,5885,4638,47,43
2021-07-02T23:59:59+02:00,62,50,1803,1886,5767,4573,6128,4437,5798,6342,4669,5032,2656,2765,3248,3263,2744,5175,772,833,2542,2203,3046,2605,3213,4184,3052,3610,1831,2070,2364,2480,1976,3835,45767,27000,7555,3799,9569,5784,4556,47,43
2021-07-01T23:59:59+02:00,52,41,1753,1843,5657,4497,6037,4386,5720,6272,4640,5002,2652,2759,3247,3262,2744,5174,702,792,2339,2123,2853,2515,3032,4067,2951,3519,1799,2046,2355,2467,1975,3833,45331,26201,7492,3592,9553,5671,4408,47,43
2021-06-30T23:59:59+02:00,52,38,1701,1787,5533,4401,5934,4334,5661,6223,4627,4978,2648,2751,3245,3259,2744,5174,664,752,2236,2056,2739,2460,2921,3979,2887,3442,1777,2011,2346,2455,1974,3832,44883,25724,7425,3472,9536,5541,4285,47,43
2021-06-29T23:59:59+02:00,51,35,1642,1701,5416,4307,5832,4279,5604,6162,4597,4948,2642,2746,3244,3258,2743,5173,634,712,2152,1972,2658,2393,2819,3862,2826,3390,1760,1977,2333,2441,1973,3829,44329,25223,7391,3396,9528,5427,4162,47,43
2021-06-28T23:59:59+02:00,49,33,1606,1641,5297,4239,5761,4224,5559,6119,4569,4923,2638,2738,3243,3256,2743,5173,618,685,2055,1908,2579,2339,2747,3780,2780,3342,1741,1958,2325,2435,1973,3826,43913,24901,7327,3255,9515,5330,4074,47,43
2021-06-27T23:59:59+02:00,48,32,1572,1613,5245,4196,5712,4190,5515,6100,4558,4911,2635,2734,3243,3255,2743,5173,598,667,2004,1861,2540,2319,2701,3741,2750,3325,1729,1942,2324,2425,1973,3826,43715,24751,7289,3200,9491,5241,3998,47,43
2021-06-26T23:59:59+02:00,36,27,1538,1583,5171,4150,5613,4144,5474,6066,4538,4898,2635,2732,3243,3253,2743,5173,592,657,1970,1839,2502,2299,2678,3718,2729,3303,1707,1932,2323,2423,1973,3826,43336,24523,7202,3195,9491,5217,3998,47,43
2021-06-25T23:59:59+02:00,29,19,1501,1539,5054,4069,5556,4114,5437,6039,4512,4885,2631,2729,3241,3252,2743,5172,582,632,1923,1819,2438,2232,2580,3577,2681,3201,1698,1910,2319,2419,1971,3825,42878,24056,7165,3169,9490,5035,3996,47,43
2021-06-24T23:59:59+02:00,21,14,1449,1483,4861,3945,5427,4062,5340,5994,4468,4853,2626,2726,3241,3251,2742,5172,542,609,1810,1749,2264,2163,2418,3493,2568,3106,1664,1887,2309,2413,1970,3822,42203,23527,7110,2858,9479,4950,3884,47,43
2021-06-23T23:59:59+02:00,21,14,1416,1448,4776,3885,5340,4008,5284,5949,4443,4818,2616,2719,3237,3247,2741,5171,507,590,1744,1690,2161,2115,2299,3402,2463,3009,1639,1863,2303,2406,1969,3821,41759,22967,7050,2782,9474,4806,3848,47,43
2021-06-22T23:59:59+02:00,20,14,1387,1427,4698,3819,5256,3956,5238,5902,4414,4793,2612,2713,3237,3246,2740,5171,491,571,1686,1649,2077,2057,2217,3289,2355,2909,1625,1839,2293,2394,1968,3817,41335,22524,7002,2661,9470,4644,3821,47,42
2021-06-21T23:59:59+02:00,19,14,1357,1382,4583,3731,5173,3910,5171,5841,4386,4773,2608,2699,3236,3241,2739,5169,475,555,1650,1614,2042,2016,2166,3207,2286,2828,1600,1803,2270,2371,1968,3813,40797,22221,6957,2564,9467,4499,3787,47,42
2021-06-20T23:59:59+02:00,18,12,1333,1350,4509,3666,5127,3892,5136,5821,4363,4761,2604,2697,3235,3241,2738,5169,458,540,1616,1585,2016,1992,2131,3179,2236,2786,1593,1788,2268,2365,1968,3812,40514,22027,6926,2527,9454,4434,3748,47,41
2021-06-19T23:59:59+02:00,17,12,1322,1331,4466,3633,5105,3864,5104,5796,4345,4751,2600,2695,3235,3240,2737,5169,453,535,1599,1565,2000,1965,2117,3155,2211,2749,1585,1779,2264,2362,1966,3811,40343,21864,6862,2498,9454,4424,3725,47,41
2021-06-18T23:59:59+02:00,12,9,1303,1309,4395,3589,5054,3824,5054,5755,4320,4739,2596,2691,3234,3238,2737,5169,440,524,1578,1548,1973,1933,2071,3106,2154,2688,1571,1762,2264,2357,1965,3808,40008,21546,6815,2495,9453,4377,3711,47,41
2021-06-17T23:59:59+02:00,10,8,1256,1273,4231,3517,4865,3749,4880,5662,4255,4690,2590,2688,3234,3237,2736,5169,404,507,1478,1514,1795,1870,1907,3011,2047,2606,1547,1739,2253,2345,1963,3806,39392,21068,6753,2386,9442,4295,3419,45,41
2021-06-16T23:59:59+02:00,10,8,1232,1239,4126,3430,4766,3694,4773,5591,4209,4658,2582,2684,3233,3233,2735,5168,387,486,1419,1477,1731,1839,1825,2929,1983,2533,1531,1711,2239,2332,1963,3802,38899,20660,6624,2318,9432,4216,3363,45,41
2021-06-15T23:59:59+02:00,10,8,1197,1204,3989,3344,4695,3636,4697,5515,4166,4625,2572,2677,3228,3231,2735,5167,377,461,1369,1428,1684,1797,1755,2871,1909,2460,1512,1680,2233,2318,1962,3801,38344,20326,6584,2229,9419,4143,3283,45,41
2021-06-14T23:59:59+02:00,10,6,1169,1169,3898,3289,4611,3580,4618,5443,4113,4591,2568,2667,3227,3227,2734,5166,367,448,1330,1393,1635,1765,1705,2812,1848,2406,1499,1654,2228,2311,1961,3799,37878,20070,6494,2157,9412,4063,3228,44,41
2021-06-13T23:59:59+02:00,10,6,1154,1154,3847,3243,4553,3534,4567,5401,4092,4576,2567,2661,3226,3226,2734,5164,360,441,1297,1375,1600,1739,1662,2775,1805,2361,1483,1633,2222,2300,1961,3797,37609,19877,6456,2134,9406,3986,3165,44,41
2021-06-12T23:59:59+02:00,10,5,1137,1132,3820,3217,4524,3512,4547,5386,4076,4566,2564,2658,3225,3225,2734,5163,356,439,1289,1358,1575,1713,1632,2754,1759,2339,1473,1621,2210,2296,1961,3796,37419,19702,6444,2134,9405,3927,3151,44,41
2021-06-11T23:59:59+02:00,8,5,1118,1119,3780,3171,4448,3484,4508,5348,4049,4555,2563,2654,3224,3222,2734,5162,345,427,1267,1324,1548,1693,1586,2704,1701,2291,1462,1605,2208,2291,1961,3795,37119,19445,6417,2126,9401,3850,3126,44,41
2021-06-10T23:59:59+02:00,7,4,1058,1074,3652,3088,4313,3400,4401,5276,3992,4519,2559,2646,3222,3220,2733,5162,329,415,1205,1288,1481,1630,1520,2631,1608,2185,1428,1570,2203,2281,1960,3792,36518,19004,6272,2119,9383,3693,3041,44,40
2021-06-09T23:59:59+02:00,7,2,1008,1039,3525,2990,4171,3341,4310,5198,3947,4476,2555,2639,3219,3216,2733,5162,311,398,1143,1252,1411,1601,1457,2548,1528,2107,1400,1510,2195,2267,1959,3789,36028,18671,6101,2065,9378,3558,2906,44,40
2021-06-08T23:59:59+02:00,6,2,959,998,3394,2901,4049,3251,4207,5110,3889,4447,2547,2634,3216,3213,2732,5160,296,375,1098,1212,1355,1567,1401,2486,1475,2032,1374,1472,2184,2248,1955,3784,35464,18418,5963,2015,9367,3416,2780,44,39
2021-06-07T23:59:59+02:00,5,2,930,972,3289,2824,3916,3210,4081,5036,3837,4419,2533,2628,3215,3211,2732,5158,287,368,1052,1172,1299,1545,1353,2431,1403,1978,1359,1450,2168,2231,1954,3775,35077,18238,5781,1979,9358,3284,2631,44,39
2021-06-06T23:59:59+02:00,5,2,911,962,3230,2780,3827,3158,4005,5005,3802,4403,2529,2622,3213,3210,2730,5157,280,355,1037,1145,1267,1511,1327,2374,1370,1918,1344,1433,2161,2224,1952,3772,34859,18131,5643,1930,9349,3170,2539,44,39
2021-06-05T23:59:59+02:00,5,2,896,943,3157,2717,3778,3126,3968,4979,3789,4398,2528,2620,3213,3209,2730,5156,275,348,1020,1123,1244,1490,1301,2343,1334,1896,1324,1407,2158,2220,1952,3772,34571,17957,5636,1927,9343,3118,2497,44,38
2021-06-04T23:59:59+02:00,3,2,872,927,3101,2663,3701,3085,3896,4923,3759,4378,2524,2617,3210,3209,2730,5156,264,341,996,1089,1221,1476,1265,2304,1297,1859,1305,1382,2148,2215,1952,3770,34244,17788,5588,1922,9340,3058,2406,44,38
2021-06-03T23:59:59+02:00,3,2,826,894,2944,2560,3512,2978,3714,4800,3663,4304,2516,2607,3205,3203,2730,5156,252,326,963,1052,1162,1421,1195,2208,1234,1793,1264,1335,2137,2201,1952,3768,33551,17557,5352,1901,9324,2892,2194,43,38
2021-06-02T23:59:59+02:00,3,2,795,885,2868,2477,3441,2921,3644,4734,3620,4278,2514,2602,3205,3202,2730,5156,236,321,942,1019,1105,1388,1143,2162,1181,1740,1248,1297,2133,2198,1952,3768,33182,17337,5334,1886,9323,2853,2030,43,38
2021-06-01T23:59:59+02:00,3,2,748,856,2703,2356,3247,2819,3463,4615,3554,4214,2503,2594,3202,3196,2730,5156,223,308,862,965,1001,1323,1050,2043,1126,1662,1211,1237,2123,2186,1950,3763,32565,17047,5110,1846,9311,2654,1745,43,38
2021-05-31T23:59:59+02:00,3,2,713,830,2570,2269,3106,2719,3347,4512,3492,4163,2496,2581,3199,3191,2730,5155,208,292,811,919,928,1268,996,1956,1081,1602,1188,1205,2116,2181,1948,3761,32165,16863,4877,1831,9292,2518,1499,43,38
2021-05-30T23:59:59+02:00,3,2,702,816,2512,2218,3029,2680,3287,4464,3472,4139,2492,2576,3198,3190,2729,5153,197,272,769,879,871,1221,949,1888,1058,1549,1170,1189,2109,2171,1948,3759,32013,16763,4812,1816,9281,2360,1306,43,38
2021-05-29T23:59:59+02:00,3,1,700,814,2497,2201,3006,2668,3270,4446,3462,4130,2491,2575,3198,3190,2729,5153,194,261,762,869,852,1195,930,1834,1039,1511,1155,1167,2108,2163,1947,3759,31888,16654,4810,1815,9279,2216,1305,43,38
2021-05-28T23:59:59+02:00,3,1,692,804,2463,2164,2958,2641,3245,4425,3450,4113,2490,2571,3196,3184,2729,5153,191,253,751,859,842,1174,919,1792,1004,1467,1132,1136,2105,2155,1946,3757,31646,16469,4799,1813,9274,2139,1301,43,38
2021-05-27T23:59:59+02:00,3,1,645,783,2333,2108,2823,2568,3106,4344,3365,4059,2482,2557,3195,3182,2729,5150,176,236,688,807,766,1119,835,1694,935,1380,1109,1101,2091,2134,1945,3755,31146,16243,4666,1772,9241,1884,1103,43,37
2021-05-26T23:59:59+02:00,3,1,612,757,2230,2043,2661,2509,2978,4280,3310,4006,2471,2545,3190,3175,2726,5144,168,218,650,768,720,1083,786,1625,889,1322,1089,1070,2072,2100,1940,3748,30740,16007,4427,1756,9211,1743,971,43,37
2021-05-25T23:59:59+02:00,3,1,588,741,2144,1984,2558,2467,2868,4197,3257,3968,2457,2536,3187,3170,2725,5140,158,208,629,739,685,1048,739,1564,837,1259,1064,1047,2041,2065,1939,3743,30374,15765,4245,1717,9167,1606,906,42,34
2021-05-24T23:59:59+02:00,3,1,575,718,2088,1942,2483,2437,2797,4143,3203,3923,2445,2528,3181,3169,2722,5139,153,200,610,721,658,1016,701,1502,811,1201,1039,1028,2035,2061,1934,3742,30187,15651,4067,1703,9130,1480,807,42,33
2021-05-23T23:59:59+02:00,3,1,572,716,2074,1930,2470,2422,2786,4130,3190,3909,2440,2526,3181,3167,2722,5139,152,199,606,715,649,1010,683,1488,798,1192,1033,1021,2030,2056,1932,3738,30071,15563,4064,1696,9130,1468,805,42,32
2021-05-22T23:59:59+02:00,3,1,566,706,2051,1911,2435,2405,2761,4099,3161,3880,2431,2521,3179,3164,2722,5138,149,191,599,710,645,1000,668,1482,792,1183,1020,1013,2022,2041,1932,3738,29834,15491,4063,1696,9128,1430,795,42,32
2021-05-21T23:59:59+02:00,3,1,554,688,1965,1882,2343,2358,2694,4048,3116,3831,2424,2507,3176,3162,2722,5136,149,188,593,703,633,990,654,1470,771,1161,1003,983,2009,2035,1932,3737,29349,15385,4035,1694,9111,1367,792,42,32
2021-05-20T23:59:59+02:00,3,1,515,666,1830,1810,2207,2282,2567,3951,3028,3743,2403,2491,3166,3154,2720,5133,141,179,565,668,600,951,625,1411,739,1098,976,946,1995,2020,1930,3734,28658,15243,3915,1678,9036,1160,717,42,32
2021-05-19T23:59:59+02:00,3,1,475,630,1723,1736,2067,2214,2428,3852,2922,3643,2382,2471,3159,3147,2714,5132,128,171,538,647,568,917,597,1360,711,1037,954,925,1975,1987,1923,3730,27900,15064,3844,1655,8992,1063,599,42,32
2021-05-18T23:59:59+02:00,3,0,450,607,1645,1673,1969,2153,2313,3731,2821,3542,2368,2450,3151,3139,2713,5128,120,163,514,627,545,884,578,1283,693,974,935,898,1961,1965,1919,3723,27376,14920,3668,1613,8935,957,499,42,32
2021-05-17T23:59:59+02:00,3,0,429,595,1588,1638,1911,2100,2235,3620,2764,3468,2348,2430,3140,3131,2711,5123,115,155,492,612,534,849,565,1219,678,918,914,859,1956,1954,1918,3718,27061,14823,3515,1574,8867,856,406,42,30
2021-05-16T23:59:59+02:00,3,0,425,594,1559,1610,1880,2076,2191,3567,2703,3408,2334,2421,3137,3127,2711,5122,112,153,484,593,525,833,551,1169,658,876,886,827,1949,1949,1918,3717,26873,14761,3445,1536,8826,768,333,42,30
2021-05-15T23:59:59+02:00,3,0,420,589,1531,1593,1861,2056,2170,3542,2676,3370,2327,2421,3136,3124,2710,5122,111,150,482,592,525,832,546,1165,650,868,882,824,1943,1945,1918,3717,26667,14725,3444,1535,8818,760,328,40,30
2021-05-14T23:59:59+02:00,3,0,407,574,1500,1563,1820,2012,2090,3468,2622,3322,2317,2409,3133,3124,2708,5122,109,146,479,576,505,807,526,1134,636,852,867,809,1935,1936,1918,3716,26283,14662,3402,1519,8794,658,307,40,30
2021-05-13T23:59:59+02:00,2,0,384,558,1440,1513,1717,1966,1974,3379,2549,3229,2289,2391,3124,3118,2706,5116,104,143,467,568,495,792,520,1119,623,839,838,776,1918,1910,1917,3710,25828,14570,3181,1465,8740,618,280,40,28
2021-05-12T23:59:59+02:00,1,0,377,553,1423,1505,1699,1957,1953,3355,2534,3211,2286,2384,3118,3115,2706,5115,104,141,464,568,494,785,515,1114,618,832,830,760,1914,1901,1915,3710,25692,14509,3158,1455,8733,617,277,39,28
2021-05-11T23:59:59+02:00,1,0,356,532,1356,1468,1600,1915,1841,3257,2429,3132,2269,2356,3109,3104,2701,5114,98,131,449,540,474,755,495,1082,583,810,801,726,1901,1890,1913,3706,25268,14383,2985,1411,8619,529,220,39,28
2021-05-10T23:59:59+02:00,1,0,341,513,1317,1439,1547,1885,1772,3194,2367,3060,2254,2340,3100,3095,2700,5110,98,128,443,533,465,734,488,1058,578,787,785,704,1895,1883,1911,3701,24983,14311,2909,1402,8496,475,192,39,27
2021-05-09T23:59:59+02:00,1,0,335,503,1276,1419,1520,1868,1724,3156,2298,3007,2243,2326,3097,3089,2700,5105,95,125,434,524,457,728,478,1048,567,773,770,694,1885,1877,1910,3698,24737,14260,2854,1394,8445,426,169,39,26
2021-05-08T23:59:59+02:00,1,0,329,499,1265,1398,1487,1845,1692,3129,2246,2986,2236,2318,3094,3088,2698,5104,94,125,432,523,455,727,477,1043,567,767,764,693,1880,1866,1910,3698,24488,14238,2850,1386,8441,413,168,39,26
2021-05-07T23:59:59+02:00,1,0,318,492,1237,1371,1436,1825,1632,3065,2190,2937,2227,2307,3093,3083,2696,5099,91,122,420,510,445,700,464,1008,544,742,758,668,1859,1851,1910,3694,24203,14166,2821,1361,8375,309,134,39,23
2021-05-06T23:59:59+02:00,1,0,299,477,1149,1333,1320,1762,1490,2951,2044,2843,2187,2271,3089,3070,2695,5095,88,116,407,496,431,683,451,985,526,718,743,649,1841,1835,1906,3687,23683,14079,2628,1336,8161,224,106,37,22
2021-05-05T23:59:59+02:00,1,0,284,463,1108,1305,1272,1725,1421,2883,1951,2758,2162,2237,3074,3055,2695,5084,88,112,399,486,426,671,443,973,519,700,721,636,1815,1813,1906,3684,23213,13992,2568,1310,8092,175,99,37,20
2021-05-04T23:59:59+02:00,1,0,276,452,1071,1280,1233,1704,1375,2835,1884,2690,2140,2201,3064,3041,2685,5071,84,108,392,475,423,666,433,953,509,680,703,613,1795,1786,1902,3684,22855,13886,2505,1277,8038,134,93,37,19
2021-05-03T23:59:59+02:00,1,0,269,444,1039,1256,1196,1687,1346,2800,1835,2652,2122,2170,3050,3032,2683,5065,78,102,380,469,415,658,429,945,501,673,684,601,1767,1757,1900,3680,22594,13779,2480,1266,7987,113,64,37,18
2021-05-02T23:59:59+02:00,1,0,263,442,1025,1244,1168,1671,1320,2786,1820,2627,2113,2155,3045,3029,2681,5062,76,101,374,465,410,653,424,939,497,668,676,588,1741,1742,1900,3679,22466,13729,2463,1238,7946,99,50,36,17
2021-05-01T23:59:59+02:00,1,0,259,437,1017,1235,1155,1660,1304,2772,1801,2608,2104,2148,3041,3025,2681,5061,76,100,374,464,408,653,422,935,497,667,674,588,1741,1742,1900,3679,22320,13721,2462,1238,7946,96,48,36,17
2021-04-30T23:59:59+02:00,1,0,256,431,1006,1213,1133,1640,1265,2707,1732,2545,2090,2130,3034,3020,2680,5057,75,97,373,458,405,647,421,910,492,655,667,582,1738,1736,1900,3677,21986,13704,2457,1226,7942,71,16,36,16
2021-04-29T23:59:59+02:00,1,0,242,416,957,1189,1094,1602,1213,2649,1636,2469,2040,2080,3024,3008,2675,5045,75,96,367,457,400,642,414,898,481,645,650,569,1722,1723,1894,3671,21477,13622,2419,1199,7882,49,15,35,16
2021-04-28T23:59:59+02:00,1,0,231,413,941,1174,1064,1590,1177,2606,1566,2413,1993,2015,3011,3003,2673,5042,72,95,360,454,397,633,410,888,473,630,632,550,1703,1702,1894,3669,21153,13541,2370,1149,7824,36,14,35,16
2021-04-27T23:59:59+02:00,1,0,228,405,927,1160,1047,1577,1152,2580,1543,2383,1958,1968,3004,2996,2671,5038,70,92,358,451,395,628,408,883,467,625,624,537,1690,1678,1890,3666,20941,13477,2338,1117,7789,31,14,31,16
2021-04-26T23:59:59+02:00,1,0,225,398,917,1151,1036,1564,1123,2561,1486,2333,1937,1944,2994,2985,2668,5032,70,92,353,447,395,626,401,880,463,619,614,524,1675,1663,1888,3661,20737,13425,2321,1078,7720,29,14,31,16
2021-04-25T23:59:59+02:00,1,0,225,397,909,1141,1023,1555,1106,2542,1453,2298,1908,1920,2986,2978,2668,5031,69,91,352,440,392,624,398,876,461,618,611,517,1669,1653,1888,3659,20598,13403,2293,1057,7668,21,14,31,14
2021-04-24T23:59:59+02:00,1,0,221,393,897,1131,1010,1539,1092,2523,1417,2273,1898,1895,2983,2972,2668,5031,69,91,352,440,391,624,398,874,460,615,608,514,1668,1650,1888,3659,20415,13396,2293,1046,7648,21,14,31,14
2021-04-23T23:59:59+02:00,1,0,217,386,886,1117,1003,1528,1072,2502,1359,2223,1872,1867,2976,2966,2668,5028,68,89,352,440,391,623,397,870,457,611,601,505,1658,1640,1888,3654,20245,13366,2281,1018,7548,21,14,31,14
2021-04-22T23:59:59+02:00,1,0,215,378,860,1095,979,1506,1038,2458,1302,2158,1825,1813,2962,2946,2666,5019,68,88,350,435,385,615,394,860,452,605,587,497,1639,1624,1883,3649,19927,13289,2225,989,7466,14,14,31,14
2021-04-21T23:59:59+02:00,1,0,209,371,841,1080,954,1487,996,2421,1250,2105,1771,1741,2940,2924,2659,5010,66,86,347,434,383,612,390,855,448,598,582,491,1625,1602,1872,3644,19560,13216,2189,965,7403,14,14,31,14
2021-04-20T23:59:59+02:00,1,0,203,366,822,1054,934,1466,973,2367,1205,2048,1708,1672,2910,2897,2653,4992,65,86,345,433,379,608,385,849,447,591,575,482,1602,1570,1868,3640,19213,13131,2116,941,7329,13,14,31,14
2021-04-19T23:59:59+02:00,1,0,201,356,807,1043,920,1447,956,2334,1178,2011,1663,1623,2895,2882,2651,4987,65,85,344,431,374,602,381,840,442,579,571,476,1574,1543,1862,3627,18985,13034,2097,913,7258,10,13,30,14
2021-04-18T23:59:59+02:00,1,0,199,353,800,1034,908,1436,934,2311,1154,1990,1621,1581,2885,2873,2644,4981,64,83,343,430,374,602,380,835,441,576,568,470,1564,1537,1859,3625,18835,13004,2063,897,7184,10,13,30,14
2021-04-17T23:59:59+02:00,1,0,197,349,797,1031,901,1434,925,2306,1147,1982,1601,1549,2880,2864,2644,4981,64,80,341,425,373,602,378,831,439,573,563,464,1553,1529,1859,3622,18748,12951,2062,895,7155,10,13,30,14
2021-04-16T23:59:59+02:00,1,0,196,347,788,1024,887,1417,909,2283,1108,1939,1543,1480,2866,2849,2640,4974,59,78,338,418,371,600,373,819,432,559,536,433,1540,1507,1848,3609,18507,12843,2045,827,7073,9,13,29,13
2021-04-15T23:59:59+02:00,1,0,195,342,765,1007,867,1405,883,2238,1064,1896,1489,1420,2837,2821,2625,4958,57,77,333,412,366,599,365,812,422,556,520,424,1506,1473,1835,3594,18216,12723,2028,778,6938,8,13,28,13
2021-04-14T23:59:59+02:00,1,0,194,336,756,999,860,1392,868,2204,1044,1865,1429,1372,2786,2755,2612,4942,54,73,328,408,362,594,362,803,411,542,504,404,1470,1441,1828,3575,17931,12580,2004,730,6847,8,13,25,12
2021-04-13T23:59:59+02:00,1,0,190,330,747,995,849,1380,857,2178,1010,1836,1362,1300,2732,2696,2604,4927,52,73,323,404,353,586,355,795,402,534,491,395,1443,1418,1819,3564,17676,12477,1951,682,6732,6,13,24,12
2021-04-12T23:59:59+02:00,1,0,190,329,741,990,841,1368,829,2155,994,1815,1309,1262,2711,2666,2600,4913,51,69,313,395,347,580,350,787,396,527,472,385,1424,1402,1816,3556,17534,12378,1925,640,6618,6,13,22,12
2021-04-11T23:59:59+02:00,0,0,188,327,735,979,833,1363,815,2135,977,1797,1283,1229,2689,2644,2595,4906,50,67,308,393,345,578,349,783,391,519,466,376,1409,1397,1811,3549,17455,12325,1897,614,6505,5,12,21,12
2021-04-10T23:59:59+02:00,0,0,188,325,735,976,830,1362,808,2127,969,1790,1269,1212,2676,2627,2594,4906,45,62,285,379,329,562,335,771,376,509,451,369,1397,1374,1806,3543,17395,12139,1888,598,6472,5,11,21,12
2021-04-09T23:59:59+02:00,0,0,188,321,730,973,820,1339,799,2043,949,1707,1213,1137,2632,2598,2591,4898,38,60,271,365,310,549,315,757,362,492,433,359,1352,1344,1793,3529,17227,11897,1848,568,6219,5,9,19,11
2021-04-08T23:59:59+02:00,0,0,186,317,726,966,808,1327,783,2024,924,1685,1137,1049,2571,2558,2578,4888,37,58,262,351,297,541,299,741,336,474,406,336,1302,1305,1769,3495,17042,11604,1774,535,6066,5,8,19,11
2021-04-07T23:59:59+02:00,0,0,180,314,717,960,800,1312,766,1995,900,1652,1082,987,2515,2497,2569,4874,35,55,244,334,287,535,290,728,321,461,375,316,1253,1265,1750,3457,16842,11326,1726,504,5899,5,8,19,11
2021-04-06T23:59:59+02:00,0,0,176,313,710,955,784,1297,746,1973,871,1626,1048,941,2474,2447,2561,4864,33,54,242,331,283,532,280,724,311,456,364,302,1222,1235,1730,3434,16718,11188,1691,469,5717,5,8,19,11
2021-04-05T23:59:59+02:00,0,0,176,313,708,949,778,1287,736,1957,860,1611,1019,914,2447,2404,2556,4855,33,54,242,327,282,528,276,717,305,454,362,295,1186,1209,1722,3415,16648,11090,1674,439,5583,5,8,19,11
2021-04-04T23:59:59+02:00,0,0,175,310,705,942,772,1275,725,1940,851,1589,1003,897,2439,2398,2556,4854,33,53,242,327,281,528,276,717,304,454,360,295,1167,1195,1718,3411,16612,11043,1668,439,5487,5,8,18,11
2021-04-03T23:59:59+02:00,0,0,175,310,705,942,770,1273,724,1935,843,1585,990,886,2432,2387,2553,4853,33,53,242,327,281,528,276,716,304,452,360,295,1167,1190,1718,3408,16563,11032,1668,439,5466,5,8,18,11
2021-04-02T23:59:59+02:00,0,0,175,308,705,941,769,1270,720,1928,835,1574,977,872,2409,2364,2551,4850,33,53,239,327,279,526,273,709,297,447,355,293,1145,1162,1706,3381,16485,10912,1656,432,5438,5,8,18,11
2021-04-01T23:59:59+02:00,0,0,172,305,699,930,756,1256,714,1908,817,1553,945,836,2367,2314,2545,4831,32,52,231,324,277,522,270,702,291,442,343,285,1105,1121,1673,3338,16348,10707,1592,418,5334,5,8,18,11
2021-03-31T23:59:59+02:00,0,0,169,302,692,924,746,1240,704,1862,802,1510,927,816,2320,2248,2524,4812,32,52,230,323,272,520,265,700,281,431,328,279,1039,1068,1649,3306,16225,10494,1522,399,5176,5,7,18,11
2021-03-30T23:59:59+02:00,0,0,165,295,686,915,742,1219,693,1823,790,1464,904,796,2268,2181,2510,4790,32,51,227,320,269,517,262,694,275,423,317,273,1005,1039,1627,3270,16072,10335,1472,381,5020,5,7,18,11
2021-03-29T23:59:59+02:00,0,0,162,289,680,902,736,1207,683,1790,777,1425,885,777,2192,2112,2489,4760,32,50,226,318,268,515,258,686,267,412,310,266,977,1017,1614,3243,15859,10202,1427,371,4901,5,7,18,11
2021-03-28T23:59:59+02:00,0,0,154,271,670,894,729,1198,678,1769,771,1407,877,756,2142,2067,2484,4748,32,49,223,318,264,509,254,683,265,409,308,264,966,1006,1608,3234,15775,10143,1371,363,4789,5,7,18,11
2021-03-27T23:59:59+01:00,0,0,154,268,666,887,725,1194,672,1758,767,1400,866,741,2130,2051,2484,4745,32,49,223,318,264,509,253,676,262,404,306,263,959,996,1590,3210,15717,10076,1361,352,4747,5,7,18,11
2021-03-26T23:59:59+01:00,0,0,152,266,656,875,719,1178,662,1739,758,1368,847,721,2104,2025,2474,4735,32,49,223,318,263,506,253,675,256,392,300,255,927,964,1557,3159,15609,9892,1323,352,4661,5,5,18,11
2021-03-25T23:59:59+01:00,0,0,149,265,646,863,698,1157,644,1701,739,1325,827,699,2060,1980,2458,4717,32,48,220,313,262,505,247,672,254,390,292,251,888,933,1495,3080,15490,9656,1268,338,4482,4,5,17,11
2021-03-24T23:59:59+01:00,0,0,146,256,631,850,690,1143,635,1662,722,1291,802,679,2016,1936,2441,4693,32,48,218,310,260,503,245,672,248,387,285,245,842,908,1444,2987,15347,9426,1232,322,4325,3,4,17,11
2021-03-23T23:59:59+01:00,0,0,143,254,624,840,676,1130,625,1639,708,1250,783,664,1975,1904,2425,4674,31,47,216,309,258,499,238,667,245,380,275,241,816,884,1366,2888,15250,9161,1202,311,4171,3,4,17,11
2021-03-22T23:59:59+01:00,0,0,140,249,606,820,658,1111,614,1605,691,1224,772,650,1943,1879,2414,4658,31,46,215,307,256,497,237,659,244,376,271,237,790,862,1274,2782,15162,8895,1170,299,4010,3,4,15,11
2021-03-21T23:59:59+01:00,0,0,137,247,602,813,654,1108,609,1581,679,1189,765,639,1919,1872,2407,4642,31,46,214,307,255,495,236,658,242,374,269,233,784,859,1265,2773,15128,8861,1149,290,3889,3,4,14,10
2021-03-20T23:59:59+01:00,0,0,135,247,596,810,650,1104,605,1577,677,1187,758,630,1895,1845,2400,4630,31,46,214,307,254,495,235,656,239,368,267,231,774,853,1247,2759,15059,8806,1139,280,3849,3,4,14,10
2021-03-19T23:59:59+01:00,0,0,126,235,589,796,640,1097,601,1559,660,1173,722,585,1835,1803,2370,4609,30,46,214,306,253,495,233,649,236,365,265,225,748,834,1209,2706,14883,8658,1062,265,3752,3,4,13,10
2021-03-18T23:59:59+01:00,0,0,123,230,570,786,620,1065,582,1508,630,1124,685,560,1783,1754,2342,4566,30,46,213,304,251,487,233,644,232,356,263,217,730,822,1176,2662,14687,8526,997,246,3534,3,4,13,10
2021-03-17T23:59:59+01:00,0,0,117,224,559,771,608,1060,572,1495,614,1101,661,535,1737,1719,2321,4527,30,45,213,303,250,484,231,643,231,353,262,215,718,808,1141,2615,14482,8406,946,240,3478,3,4,11,10
2021-03-16T23:59:59+01:00,0,0,112,217,547,759,594,1046,560,1452,597,1073,642,511,1682,1663,2299,4489,30,44,213,301,250,478,230,641,229,352,258,215,701,789,1111,2559,14300,8269,890,237,3333,3,2,11,10
2021-03-15T23:59:59+01:00,0,0,108,210,532,742,582,1022,548,1418,582,1034,622,492,1637,1623,2277,4464,29,44,212,298,250,475,228,639,227,352,249,211,681,777,1086,2523,14137,8164,835,223,3195,3,0,11,10
2021-03-14T23:59:59+01:00,0,0,104,198,523,727,571,1000,540,1373,565,989,604,476,1607,1602,2261,4439,29,44,212,296,249,474,227,634,226,347,247,207,677,770,1078,2508,14030,8137,800,194,3018,3,0,11,10
2021-03-13T23:59:59+01:00,0,0,100,188,497,706,542,974,512,1349,542,968,576,467,1580,1575,2253,4431,29,44,212,296,249,474,226,634,226,346,246,207,671,760,1047,2477,13803,8055,786,193,2924,3,0,11,10
2021-03-12T23:59:59+01:00,0,0,91,182,471,677,522,947,488,1314,515,931,544,445,1519,1528,2230,4392,29,44,212,295,249,473,226,634,226,345,242,205,655,748,1021,2450,13487,7963,756,193,2793,3,0,11,9
2021-03-11T23:59:59+01:00,0,0,84,171,438,640,487,914,448,1235,477,867,510,412,1439,1460,2182,4333,29,43,211,292,244,469,224,630,222,342,237,203,639,725,996,2409,13095,7875,703,142,2518,3,0,11,9
2021-03-10T23:59:59+01:00,0,0,82,165,414,615,468,897,429,1199,449,822,478,386,1360,1394,2143,4277,29,43,209,287,240,465,221,624,222,340,231,200,620,717,973,2369,12748,7765,670,125,2375,2,0,11,9
2021-03-09T23:59:59+01:00,0,0,82,161,403,594,440,868,414,1149,431,790,456,367,1308,1361,2101,4232,29,43,208,284,238,457,218,620,218,335,229,199,608,710,954,2338,12519,7681,643,106,2197,2,0,11,9
2021-03-08T23:59:59+01:00,0,0,79,156,390,576,419,850,402,1096,419,748,440,351,1250,1325,2077,4194,29,43,208,283,235,451,214,615,213,331,227,198,595,705,944,2327,12328,7628,606,90,2036,1,0,11,8
2021-03-07T23:59:59+01:00,0,0,76,152,387,566,411,834,390,1082,412,742,437,346,1237,1305,2068,4184,29,43,207,282,235,449,212,614,213,330,226,197,591,702,936,2320,12260,7598,579,88,1984,0,0,11,8
2021-03-06T23:59:59+01:00,0,0,76,145,384,561,404,812,380,1025,404,708,434,345,1230,1294,2053,4169,29,43,207,282,234,448,212,613,213,330,226,197,588,702,934,2306,12201,7589,579,75,1835,0,0,11,8
2021-03-05T23:59:59+01:00,0,0,76,140,380,555,400,804,377,1008,392,682,422,331,1189,1252,2009,4108,29,43,206,281,233,447,211,611,212,327,224,196,582,701,926,2285,11981,7564,557,49,1771,0,0,11,8
2021-03-04T23:59:59+01:00,0,0,75,127,371,522,386,771,357,966,378,652,404,329,1137,1202,1925,4012,28,43,204,274,231,440,209,600,209,326,223,195,580,698,923,2282,11678,7516,523,48,1594,0,0,11,5
2021-03-03T23:59:59+01:00,0,0,68,116,362,506,378,754,352,944,364,632,394,321,1092,1168,1855,3890,28,43,204,273,230,438,206,590,209,320,222,192,574,695,916,2276,11402,7471,496,43,1476,0,0,10,5
2021-03-02T23:59:59+01:00,0,0,65,109,352,493,363,735,341,923,356,604,381,314,1056,1137,1757,3769,27,43,204,273,230,431,201,583,207,317,220,192,572,687,909,2263,11076,7412,472,43,1378,0,0,10,5
2021-03-01T23:59:59+01:00,0,0,64,107,346,479,356,715,330,898,348,569,375,311,1029,1105,1639,3614,27,42,203,272,228,422,199,575,207,313,219,192,569,679,900,2255,10732,7354,451,43,1268,0,0,10,5
2021-02-28T23:59:59+01:00,0,0,64,105,339,470,352,707,328,874,342,549,370,299,1020,1101,1629,3602,27,42,202,271,227,422,199,575,207,313,218,192,568,675,897,2252,10686,7339,440,43,1189,0,0,10,5
2021-02-27T23:59:59+01:00,0,0,61,96,335,462,348,703,322,861,338,539,366,295,1010,1090,1606,3580,27,42,202,270,227,421,198,574,206,312,218,192,568,675,897,2252,10614,7338,427,38,1132,0,0,10,5
2021-02-26T23:59:59+01:00,0,0,59,93,328,439,322,671,300,830,325,518,362,291,985,1070,1562,3518,27,41,202,269,227,419,196,571,203,310,218,192,568,675,896,2249,10450,7320,424,38,954,0,0,10,4
2021-02-25T23:59:59+01:00,0,0,52,80,316,418,311,641,294,802,311,491,352,281,966,1051,1524,3471,27,41,201,266,223,416,193,563,198,309,213,189,557,667,885,2243,10296,7258,410,28,803,0,0,10,4
2021-02-24T23:59:59+01:00,0,0,48,75,307,406,303,628,289,787,307,481,346,280,946,1038,1477,3412,26,41,199,264,220,403,191,555,195,304,211,186,551,661,883,2230,10147,7193,395,20,733,0,0,10,4
2021-02-23T23:59:59+01:00,0,0,45,66,294,390,295,609,282,768,297,471,339,278,915,1019,1436,3339,25,41,198,262,218,398,190,549,191,301,210,185,549,650,877,2210,9967,7130,376,16,641,0,0,10,4
2021-02-22T23:59:59+01:00,0,0,42,63,287,378,291,598,278,757,293,467,330,271,892,1004,1406,3303,25,39,194,259,215,385,182,539,185,298,207,182,537,642,870,2193,9843,7037,359,6,598,0,0,9,4
2021-02-21T23:59:59+01:00,0,0,41,62,282,370,289,589,274,749,286,463,327,268,887,999,1399,3293,25,38,192,256,214,383,182,530,185,297,207,182,533,641,862,2180,9816,6991,351,5,548,0,0,8,4
2021-02-20T23:59:59+01:00,0,0,40,62,279,369,289,586,273,743,283,455,326,268,873,987,1365,3260,25,38,192,256,214,383,182,530,184,296,207,182,532,641,860,2179,9726,6985,340,5,526,0,0,8,4
2021-02-19T23:59:59+01:00,0,0,39,62,275,364,283,564,263,717,278,441,322,263,847,970,1330,3230,25,37,192,256,213,382,182,528,183,296,206,181,527,640,855,2162,9616,6949,325,5,437,0,0,7,4
2021-02-18T23:59:59+01:00,0,0,39,58,257,343,275,543,254,696,261,413,318,254,835,949,1304,3198,24,36,188,249,211,376,178,513,181,285,203,176,512,626,818,2095,9522,6754,299,5,303,0,0,7,4
2021-02-17T23:59:59+01:00,0,0,39,56,250,337,271,529,249,683,258,391,313,249,815,938,1275,3151,22,34,185,244,203,361,174,496,176,273,195,172,501,611,799,2056,9389,6583,289,4,247,0,0,7,4
2021-02-16T23:59:59+01:00,0,0,38,51,238,325,268,518,243,668,251,383,308,247,803,926,1249,3119,20,34,176,236,196,342,167,484,172,259,192,165,467,580,764,1988,9291,6321,281,4,182,0,0,7,4
2021-02-15T23:59:59+01:00,0,0,37,50,232,322,261,505,239,662,247,375,304,246,784,917,1237,3100,19,32,169,229,191,334,162,473,166,252,182,159,437,551,728,1917,9225,6080,267,4,145,0,0,7,4
2021-02-14T23:59:59+01:00,0,0,35,50,229,319,259,499,237,656,247,371,304,242,777,911,1228,3081,18,32,167,226,187,329,161,461,164,249,181,156,428,542,710,1873,9202,5962,234,4,127,0,0,7,4
2021-02-13T23:59:59+01:00,0,0,34,50,229,319,257,499,237,655,247,371,304,242,775,910,1227,3080,18,32,165,225,184,329,160,459,163,246,179,153,423,539,702,1857,9195,5914,234,1,125,0,0,7,4
2021-02-12T23:59:59+01:00,0,0,33,48,226,313,254,490,233,644,244,364,303,241,769,909,1224,3070,18,32,163,222,183,328,158,457,161,245,177,149,419,523,671,1791,9166,5777,234,1,81,0,0,7,4
2021-02-11T23:59:59+01:00,0,0,32,47,218,294,247,474,226,620,231,351,299,240,761,892,1199,3037,18,31,147,201,175,297,147,410,155,223,160,133,371,474,608,1623,9095,5246,167,1,19,0,0,7,4
2021-02-10T23:59:59+01:00,0,0,31,47,215,286,244,467,222,611,228,345,293,240,748,889,1191,3027,17,28,134,177,159,260,127,359,144,199,144,125,344,443,546,1497,9038,4767,149,1,7,0,0,7,2
2021-02-09T23:59:59+01:00,0,0,30,46,214,283,242,454,217,603,224,342,289,236,744,882,1182,3014,17,26,119,147,146,237,110,316,130,172,126,116,310,386,491,1339,8983,4246,125,1,3,0,0,7,2
2021-02-08T23:59:59+01:00,0,0,30,46,213,281,236,439,214,591,221,337,284,236,736,875,1176,3007,15,24,103,124,125,193,91,274,121,160,103,107,271,334,429,1203,8916,3730,110,1,3,0,0,6,2
2021-02-07T23:59:59+01:00,0,0,30,45,211,280,234,438,214,588,221,336,284,236,734,871,1171,3004,14,18,99,116,118,182,86,256,115,150,96,102,264,321,413,1153,8895,3553,107,1,0,0,0,6,2
2021-02-06T23:59:59+01:00,0,0,30,45,211,280,234,437,214,588,221,335,283,236,733,871,1170,2992,11,14,98,114,117,178,84,249,115,148,95,101,264,317,402,1138,8892,3492,93,1,0,0,0,6,2
2021-02-05T23:59:59+01:00,0,0,29,44,211,280,234,436,212,585,219,334,282,236,731,871,1158,2965,10,10,90,106,113,175,83,244,109,136,92,99,255,310,377,1109,8872,3363,58,0,0,0,0,6,2
2021-02-04T23:59:59+01:00,0,0,29,44,208,275,230,432,207,579,217,330,279,232,725,864,1149,2951,9,7,63,73,90,131,71,205,89,117,88,85,223,274,333,983,8797,2874,58,0,0,0,0,4,2
2021-02-03T23:59:59+01:00,0,0,29,43,208,273,229,420,204,573,216,327,276,229,715,861,1141,2934,6,4,46,55,71,107,52,159,76,88,63,60,167,200,252,720,8731,2152,51,0,0,0,0,4,2
2021-02-02T23:59:59+01:00,0,0,28,43,207,271,225,414,203,568,213,326,273,228,707,850,1134,2909,3,3,30,38,56,77,41,103,57,65,54,49,119,134,168,476,8651,1490,50,0,0,0,0,4,2
2021-02-01T23:59:59+01:00,0,0,27,41,205,271,222,409,200,562,208,319,271,225,700,847,1129,2897,3,1,23,20,29,45,28,64,33,34,38,31,72,86,97,286,8584,899,50,0,0,0,0,4,2
2021-01-31T23:59:59+01:00,0,0,27,41,204,269,220,405,198,554,207,318,270,225,696,843,1123,2882,3,1,21,15,19,37,21,51,25,30,35,25,57,74,94,256,8532,771,49,0,0,0,0,4,2
2021-01-30T23:59:59+01:00,0,0,27,41,204,269,220,404,197,554,207,318,270,225,695,843,1122,2880,3,1,20,14,17,37,19,47,23,29,34,24,57,71,92,250,8527,744,48,0,0,0,0,4,2
2021-01-29T23:59:59+01:00,0,0,27,41,204,266,219,403,196,553,205,316,270,225,690,840,1116,2872,3,0,17,9,12,31,18,42,19,26,34,23,54,70,90,244,8499,696,44,0,0,0,0,3,2
2021-01-28T23:59:59+01:00,0,0,27,40,197,263,219,397,195,544,202,311,269,225,678,832,1093,2852,3,0,4,3,7,18,10,23,9,12,26,16,37,47,60,173,8409,450,35,0,0,0,0,3,1
2021-01-27T23:59:59+01:00,0,0,26,38,192,258,214,388,193,531,199,301,261,220,664,815,1069,2814,1,0,3,3,6,14,9,20,8,11,25,15,31,41,50,132,8247,370,30,0,0,0,0,3,1
2021-01-26T23:59:59+01:00,0,0,23,38,189,247,208,375,188,513,196,292,255,215,642,798,1041,2763,1,0,2,3,6,14,9,20,8,11,24,12,30,37,49,115,8051,342,25,0,0,0,0,3,1
2021-01-25T23:59:59+01:00,0,0,23,37,180,244,205,365,183,503,191,281,245,210,619,778,1015,2718,1,0,1,3,4,12,8,17,8,10,21,10,26,36,41,104,7881,303,7,0,0,0,0,3,1
2021-01-24T23:59:59+01:00,0,0,22,36,178,240,202,364,182,501,190,279,245,208,615,773,1012,2713,1,0,1,3,3,12,8,17,8,10,21,10,26,36,40,102,7845,299,5,0,0,0,0,3,1
2021-01-23T23:59:59+01:00,0,0,22,36,178,240,200,364,182,500,190,279,245,208,614,773,1004,2700,1,0,1,3,3,11,8,17,7,10,21,10,26,36,40,102,7820,297,5,0,0,0,0,3,1
2021-01-22T23:59:59+01:00,0,0,21,35,176,236,199,364,182,499,189,279,245,206,612,771,976,2658,1,0,1,3,3,11,8,17,7,10,21,10,26,36,40,102,7733,297,5,0,0,0,0,3,1
2021-01-21T23:59:59+01:00,0,0,20,35,167,226,192,346,177,475,187,262,233,201,586,745,940,2604,1,0,1,3,1,6,7,11,5,6,20,8,22,26,35,85,7477,238,5,0,0,0,0,3,1
2021-01-20T23:59:59+01:00,0,0,19,33,152,200,174,305,147,417,173,239,215,190,543,699,871,2403,1,0,1,3,1,6,7,10,5,5,19,7,21,23,31,79,6852,220,4,0,0,0,0,3,1
2021-01-19T23:59:59+01:00,0,0,19,30,129,168,159,271,134,374,157,216,180,169,479,608,773,2129,1,0,1,3,1,6,5,7,3,3,11,3,10,15,22,57,6059,148,3,0,0,0,0,3,1
2021-01-18T23:59:59+01:00,0,0,16,29,114,150,137,227,116,324,140,189,142,154,388,503,638,1788,1,0,1,1,0,3,4,5,2,3,2,1,4,6,10,28,5115,71,3,0,0,0,0,3,1
2021-01-17T23:59:59+01:00,0,0,15,19,110,136,129,214,108,300,132,177,133,139,372,473,588,1685,1,0,0,0,0,1,2,4,2,2,1,1,3,1,2,5,4783,24,3,0,0,0,0,3,1
2021-01-16T23:59:59+01:00,0,0,13,15,106,133,127,209,105,290,130,171,130,135,367,465,571,1657,0,0,0,0,0,0,0,0,1,0,0,0,0,0,0,0,4677,0,0,0,0,0,0,3,1
2021-01-15T23:59:59+01:00,0,0,11,13,101,124,123,204,103,280,128,159,126,132,359,449,540,1613,0,0,0,0,0,0,0,0,1,0,0,0,0,0,0,0,4515,0,0,0,0,0,0,3,1
2021-01-14T23:59:59+01:00,0,0,9,9,76,91,104,167,85,235,111,142,114,110,306,399,475,1397,0,0,0,0,0,0,0,0,1,0,0,0,0,0,0,0,3869,0,0,0,0,0,0,3,1
2021-01-13T23:59:59+01:00,0,0,7,8,63,81,93,140,75,193,101,116,86,81,236,283,377,1067,0,0,0,0,0,0,0,0,1,0,0,0,0,0,0,0,3040,0,0,0,0,0,0,3,1
2021-01-12T23:59:59+01:00,0,0,5,6,54,61,76,110,68,136,79,92,70,65,166,203,274,748,0,0,0,0,0,0,0,0,1,0,0,0,0,0,0,0,2241,0,0,0,0,0,0,1,1
2021-01-11T23:59:59+01:00,0,0,4,4,46,48,63,81,53,109,57,65,50,44,96,123,145,421,0,0,0,0,0,0,0,0,1,0,0,0,0,0,0,0,1431,0,0,0,0,0,0,1,1
2021-01-10T23:59:59+01:00,0,0,3,4,42,36,47,67,39,87,47,56,45,34,79,109,136,367,0,0,0,0,0,0,0,0,1,0,0,0,0,0,0,0,1211,0,0,0,0,0,0,1,1
2021-01-09T23:59:59+01:00,0,0,3,3,39,35,42,64,36,77,41,51,44,34,79,107,133,365,0,0,0,0,0,0,0,0,1,0,0,0,0,0,0,0,1164,0,0,0,0,0,0,1,1
2021-01-08T23:59:59+01:00,0,0,3,2,32,27,35,57,29,64,36,45,42,31,74,104,129,354,0,0,0,0,0,0,0,0,1,0,0,0,0,0,0,0,1073,0,0,0,0,0,0,1,1
2021-01-07T23:59:59+01:00,0,0,3,2,10,3,10,20,12,28,12,22,35,22,52,69,89,251,0,0,0,0,0,0,0,0,1,0,0,0,0,0,0,0,643,0,0,0,0,0,0,0,1
2021-01-06T23:59:59+01:00,0,0,3,0,3,3,5,15,9,21,8,13,31,20,44,58,74,200,0,0,0,0,0,0,0,0,1,0,0,0,0,0,0,0,510,0,0,0,0,0,0,0,1
2021-01-05T23:59:59+01:00,0,0,2,0,2,3,5,14,9,19,8,12,30,19,43,57,71,192,0,0,0,0,0,0,0,0,1,0,0,0,0,0,0,0,489,0,0,0,0,0,0,0,1
2021-01-04T23:59:59+01:00,0,0,1,0,2,3,5,13,8,17,7,11,26,15,34,48,55,146,0,0,0,0,0,0,0,0,1,0,0,0,0,0,0,0,393,0,0,0,0,0,0,0,1
2021-01-03T23:59:59+01:00,0,0,1,0,1,3,4,13,8,17,7,11,26,15,34,48,55,145,0,0,0,0,0,0,0,0,1,0,0,0,0,0,0,0,390,0,0,0,0,0,0,0,1
2021-01-02T23:59:59+01:00,0,0,1,0,1,3,4,13,7,17,6,11,26,15,34,48,55,145,0,0,0,0,0,0,0,0,1,0,0,0,0,0,0,0,388,0,0,0,0,0,0,0,1
2021-01-01T23:59:59+01:00,0,0,1,0,1,3,4,13,7,17,6,11,26,15,34,48,55,145,0,0,0,0,0,0,0,0,1,0,0,0,0,0,0,0,388,0,0,0,0,0,0,0,1
2020-12-31T23:59:59+01:00,0,0,1,0,1,3,4,12,7,17,6,11,26,15,34,48,55,145,0,0,0,0,0,0,0,0,1,0,0,0,0,0,0,0,387,0,0,0,0,0,0,0,1
2020-12-30T23:59:59+01:00,0,0,1,0,1,3,4,12,7,16,6,11,26,15,34,48,55,145,0,0,0,0,0,0,0,0,1,0,0,0,0,0,0,0,386,0,0,0,0,0,0,0,1
2020-12-29T23:59:59+01:00,0,0,1,0,1,3,3,8,5,12,4,8,19,10,25,40,40,118,0,0,0,0,0,0,0,0,1,0,0,0,0,0,0,0,298,0,0,0,0,0,0,0,1
2020-12-28T23:59:59+01:00,0,0,1,0,1,1,1,2,3,6,3,4,11,3,8,15,24,58,0,0,0,0,0,0,0,0,1,0,0,0,0,0,0,0,142,0,0,0,0,0,0,0,1
2020-12-27T23:59:59+01:00,0,0,1,0,0,0,0,1,2,6,1,2,2,1,5,4,5,20,0,0,0,0,0,0,0,0,0,0,0,0,0,0,0,0,50,0,0,0,0,0,0,0,0
