Datum,<15_1_m,<15_1_w,15-24_1_m,15-24_1_w,25-34_1_m,25-34_1_w,35-44_1_m,35-44_1_w,45-54_1_m,45-54_1_w,55-64_1_m,55-64_1_w,65-74_1_m,65-74_1_w,75-84_1_m,75-84_1_w,>84_1_m,>84_1_w,<15_2_m,<15_2_w,15-24_2_m,15-24_2_w,25-34_2_m,25-34_2_w,35-44_2_m,35-44_2_w,45-54_2_m,45-54_2_w,55-64_2_m,55-64_2_w,65-74_2_m,65-74_2_w,75-84_2_m,75-84_2_w,>84_2_m,>84_2_w,bp_1,bp_2,mo_1,mo_2,az_1,az_2,ja,unb_1,unb_2
2021-12-11T23:59:59+01:00,439,441,5609,4469,13426,8762,12574,8035,10548,10501,6502,7130,2136,2639,1279,1728,343,946,239,233,4652,3800,11518,7742,11025,7110,9380,9325,5887,6429,1969,2422,1198,1637,302,870,66569,56418,8715,7870,9720,8392,14762,91,95
2021-12-10T23:59:59+01:00,431,434,5600,4459,13407,8753,12560,8030,10535,10496,6499,7123,2133,2636,1279,1728,343,946,237,226,4624,3782,11458,7722,10986,7083,9352,9297,5878,6416,1968,2418,1198,1636,302,870,66465,56148,8708,7859,9720,8392,14758,91,95
2021-12-09T23:59:59+01:00,428,429,5569,4452,13349,8735,12519,8015,10511,10475,6487,7113,2131,2634,1279,1728,343,945,231,216,4595,3761,11375,7685,10899,7044,9295,9253,5856,6378,1962,2406,1198,1631,302,870,66236,55678,8692,7838,9720,8392,14753,91,95
2021-12-08T23:59:59+01:00,425,424,5554,4442,13314,8723,12492,8001,10498,10458,6478,7103,2129,2631,1279,1728,342,944,230,213,4567,3739,11302,7653,10845,7017,9241,9203,5844,6358,1960,2402,1197,1630,302,869,66075,55310,8678,7823,9720,8392,14751,91,95
2021-12-07T23:59:59+01:00,419,421,5551,4439,13307,8721,12487,7997,10495,10452,6475,7098,2126,2628,1279,1727,341,942,230,213,4558,3734,11275,7638,10827,7004,9214,9196,5832,6350,1960,2400,1196,1629,300,868,66020,55167,8672,7818,9720,8392,14751,91,95
2021-12-06T23:59:59+01:00,412,419,5529,4435,13286,8707,12468,7983,10483,10438,6468,7083,2122,2623,1277,1725,340,942,229,211,4535,3718,11212,7614,10761,6972,9165,9150,5812,6322,1957,2389,1195,1627,300,867,65872,54795,8659,7805,9720,8392,14748,90,95
2021-12-05T23:59:59+01:00,408,416,5515,4430,13274,8696,12450,7977,10472,10429,6458,7076,2117,2618,1274,1720,339,940,228,207,4511,3701,11168,7584,10704,6946,9131,9119,5790,6309,1956,2385,1194,1627,300,867,65754,54499,8649,7796,9720,8392,14745,90,94
2021-12-04T23:59:59+01:00,400,412,5507,4426,13267,8693,12444,7975,10468,10426,6455,7075,2117,2613,1274,1720,339,939,227,205,4498,3695,11149,7568,10675,6933,9102,9101,5782,6297,1954,2383,1194,1625,300,867,65700,54338,8644,7785,9720,8392,14745,90,94
2021-12-03T23:59:59+01:00,388,398,5493,4415,13249,8683,12429,7969,10460,10411,6453,7062,2114,2609,1274,1719,339,939,226,204,4469,3682,11099,7544,10621,6913,9067,9069,5759,6272,1952,2381,1191,1625,300,867,65570,54031,8632,7781,9720,8392,14741,90,94
2021-12-02T23:59:59+01:00,378,387,5476,4403,13225,8669,12397,7952,10440,10397,6442,7044,2112,2603,1272,1719,338,939,226,200,4431,3666,11028,7510,10527,6883,8993,9026,5727,6241,1950,2378,1190,1622,300,867,65376,53572,8619,7766,9720,8392,14737,90,94
2021-12-01T23:59:59+01:00,369,380,5464,4396,13205,8661,12378,7939,10424,10377,6431,7023,2110,2599,1269,1716,338,938,221,200,4402,3654,10955,7475,10458,6856,8932,9000,5711,6221,1946,2371,1189,1621,300,867,65217,53202,8604,7751,9720,8391,14735,90,94
2021-11-30T23:59:59+01:00,360,371,5452,4388,13181,8653,12356,7927,10407,10366,6422,7013,2106,2596,1268,1714,338,938,220,198,4372,3639,10910,7458,10403,6838,8895,8977,5692,6208,1945,2368,1188,1620,300,865,65069,52934,8597,7742,9720,8391,14728,90,94
2021-11-29T23:59:59+01:00,346,362,5432,4381,13156,8644,12333,7914,10397,10347,6413,7003,2106,2587,1268,1713,337,938,220,198,4353,3628,10857,7442,10349,6816,8856,8940,5673,6188,1942,2364,1187,1616,300,862,64900,52645,8592,7730,9720,8391,14723,90,94
2021-11-28T23:59:59+01:00,340,356,5415,4371,13130,8632,12320,7898,10383,10328,6408,6989,2103,2584,1268,1711,337,937,218,196,4337,3620,10829,7422,10309,6805,8830,8924,5665,6173,1938,2363,1187,1616,300,862,64745,52459,8584,7724,9720,8391,14717,90,94
2021-11-27T23:59:59+01:00,334,345,5413,4367,13123,8624,12306,7889,10376,10316,6407,6986,2103,2583,1268,1711,337,937,218,195,4329,3615,10819,7415,10280,6797,8819,8916,5660,6170,1938,2363,1187,1616,300,862,64668,52373,8578,7715,9719,8391,14716,90,94
2021-11-26T23:59:59+01:00,322,335,5400,4353,13094,8609,12285,7875,10353,10297,6398,6973,2102,2580,1268,1710,337,935,217,194,4306,3600,10774,7398,10249,6777,8788,8899,5652,6159,1937,2359,1187,1616,300,861,64487,52162,8570,7710,9719,8391,14706,90,94
2021-11-25T23:59:59+01:00,311,329,5377,4336,13050,8587,12249,7848,10323,10269,6386,6953,2094,2574,1265,1706,337,935,215,188,4262,3577,10713,7370,10180,6736,8723,8870,5634,6147,1933,2354,1187,1615,300,861,64206,51778,8563,7692,9719,8391,14696,90,94
2021-11-24T23:59:59+01:00,307,321,5352,4331,13011,8572,12227,7827,10293,10248,6367,6935,2093,2564,1263,1704,337,935,214,186,4244,3569,10653,7342,10127,6718,8686,8845,5619,6131,1931,2353,1187,1614,300,861,63976,51503,8555,7687,9719,8391,14691,90,94
2021-11-23T23:59:59+01:00,300,312,5328,4320,12967,8553,12182,7797,10255,10211,6353,6917,2087,2559,1261,1703,337,934,214,186,4225,3560,10601,7321,10087,6694,8645,8821,5605,6113,1925,2350,1187,1613,300,860,63700,51250,8532,7678,9719,8391,14678,90,94
2021-11-22T23:59:59+01:00,292,301,5309,4308,12910,8531,12139,7778,10222,10181,6340,6896,2084,2548,1260,1702,337,934,211,184,4205,3548,10559,7306,10039,6676,8607,8787,5596,6099,1922,2347,1186,1612,300,860,63411,51001,8522,7671,9719,8388,14672,90,94
2021-11-21T23:59:59+01:00,290,292,5290,4301,12865,8515,12094,7755,10195,10153,6327,6885,2081,2544,1257,1702,337,934,207,184,4192,3539,10535,7297,10007,6657,8579,8771,5586,6090,1921,2344,1186,1611,300,859,63183,50841,8510,7666,9719,8388,14657,90,94
2021-11-20T23:59:59+01:00,287,290,5247,4292,12831,8502,12073,7749,10170,10133,6310,6874,2078,2543,1256,1701,337,934,206,184,4185,3533,10516,7288,9990,6653,8569,8757,5575,6084,1917,2340,1186,1611,300,859,62996,50743,8497,7662,9719,8388,14646,90,94
2021-11-19T23:59:59+01:00,278,281,5205,4255,12772,8483,12026,7726,10130,10096,6300,6860,2074,2533,1256,1701,337,934,205,184,4158,3520,10454,7272,9948,6637,8548,8734,5561,6078,1917,2336,1186,1611,300,859,62658,50516,8487,7654,9717,8387,14636,90,94
2021-11-18T23:59:59+01:00,276,272,5163,4228,12685,8446,11959,7690,10076,10046,6275,6826,2070,2526,1253,1698,337,932,201,183,4132,3506,10400,7255,9883,6619,8508,8709,5543,6066,1913,2332,1184,1610,300,859,62203,50236,8467,7643,9717,8387,14622,90,94
2021-11-17T23:59:59+01:00,275,271,5126,4201,12606,8404,11887,7656,10018,9993,6249,6795,2065,2520,1251,1696,337,930,201,183,4104,3497,10363,7233,9828,6590,8472,8673,5522,6052,1911,2330,1182,1607,300,859,61749,49964,8459,7635,9717,8387,14605,90,94
2021-11-16T23:59:59+01:00,273,266,5095,4181,12511,8364,11805,7612,9964,9943,6218,6774,2060,2507,1251,1693,336,930,200,183,4091,3493,10336,7218,9798,6580,8445,8645,5512,6040,1910,2329,1182,1606,300,858,61291,49807,8440,7630,9717,8387,14585,90,94
2021-11-15T23:59:59+01:00,271,265,5061,4159,12420,8324,11721,7574,9899,9884,6187,6742,2053,2499,1251,1691,336,929,197,182,4069,3481,10320,7208,9763,6565,8433,8627,5504,6024,1906,2327,1181,1606,300,856,60803,49656,8430,7625,9717,8387,14562,90,94
2021-11-14T23:59:59+01:00,270,259,5017,4134,12354,8291,11653,7546,9837,9846,6165,6720,2049,2497,1249,1690,336,929,196,181,4056,3470,10281,7192,9747,6556,8422,8611,5498,6017,1906,2327,1179,1605,300,856,60415,49535,8420,7620,9717,8387,14536,90,94
2021-11-13T23:59:59+01:00,268,258,4998,4119,12300,8263,11602,7527,9794,9820,6151,6708,2047,2496,1249,1689,336,929,194,181,4049,3465,10269,7183,9740,6553,8415,8608,5495,6015,1905,2326,1179,1605,300,856,60164,49498,8402,7616,9717,8386,14516,90,94
2021-11-12T23:59:59+01:00,264,252,4956,4098,12225,8221,11531,7493,9734,9781,6129,6683,2045,2489,1248,1689,336,929,192,181,4030,3454,10245,7170,9722,6540,8396,8597,5485,6010,1905,2323,1179,1605,300,856,59742,49375,8392,7613,9717,8386,14493,90,94
2021-11-11T23:59:59+01:00,262,250,4900,4076,12113,8169,11407,7448,9655,9714,6089,6640,2039,2481,1247,1687,336,928,191,180,4007,3442,10211,7152,9693,6513,8366,8576,5481,5998,1905,2322,1177,1604,300,856,59137,49201,8367,7604,9717,8386,14459,90,94
2021-11-10T23:59:59+01:00,256,248,4846,4056,11970,8111,11304,7400,9577,9661,6057,6613,2034,2475,1246,1684,336,926,189,179,3994,3430,10184,7141,9666,6499,8338,8562,5470,5993,1903,2319,1176,1601,300,856,58551,49072,8346,7599,9716,8386,14418,90,94
2021-11-09T23:59:59+01:00,256,246,4799,4029,11865,8076,11222,7363,9521,9630,6029,6585,2033,2473,1246,1684,336,926,188,176,3979,3424,10151,7133,9642,6488,8320,8539,5460,5979,1903,2316,1174,1600,300,856,58123,48948,8331,7592,9716,8385,14375,90,94
2021-11-08T23:59:59+01:00,252,242,4746,4005,11746,8045,11110,7323,9445,9570,5998,6553,2029,2470,1245,1681,336,925,187,174,3959,3417,10119,7117,9613,6472,8303,8527,5454,5971,1901,2311,1173,1599,300,856,57590,48835,8317,7580,9715,8385,14322,90,94
2021-11-07T23:59:59+01:00,251,241,4719,3991,11681,8010,11042,7306,9396,9545,5981,6537,2027,2466,1244,1680,335,925,186,173,3949,3406,10101,7109,9595,6463,8294,8517,5449,5967,1900,2310,1172,1598,300,856,57293,48768,8301,7570,9714,8385,14290,90,94
2021-11-06T23:59:59+01:00,251,240,4707,3984,11649,7998,10999,7288,9369,9530,5967,6525,2023,2464,1244,1680,335,925,186,173,3948,3402,10096,7106,9591,6459,8288,8511,5445,5965,1898,2310,1172,1598,300,856,57100,48734,8298,7570,9714,8385,14283,90,94
2021-11-05T23:59:59+01:00,250,238,4674,3962,11588,7970,10926,7253,9301,9489,5951,6508,2022,2459,1243,1679,335,925,185,173,3933,3396,10080,7092,9574,6452,8268,8500,5441,5959,1897,2308,1172,1598,300,856,56735,48651,8293,7568,9714,8385,14247,90,94
2021-11-04T23:59:59+01:00,248,236,4615,3936,11478,7912,10813,7203,9201,9439,5922,6483,2018,2453,1242,1678,335,924,184,171,3912,3385,10048,7066,9533,6427,8243,8470,5425,5944,1896,2303,1171,1598,300,856,56220,48515,8276,7565,9714,8385,14133,90,94
2021-11-03T23:59:59+01:00,247,232,4590,3914,11381,7870,10719,7172,9129,9392,5898,6459,2015,2452,1242,1677,335,923,183,168,3895,3381,10015,7048,9500,6421,8222,8454,5419,5940,1893,2296,1171,1598,300,855,55792,48405,8267,7557,9714,8385,14078,90,94
2021-11-02T23:59:59+01:00,247,231,4557,3901,11304,7839,10638,7140,9058,9361,5869,6442,2012,2449,1242,1676,335,923,182,168,3886,3369,9989,7028,9472,6410,8202,8427,5409,5930,1890,2294,1171,1596,300,853,55444,48301,8257,7550,9714,8383,14006,90,94
2021-11-01T23:59:59+01:00,246,231,4522,3885,11233,7810,10544,7110,8994,9333,5844,6419,2009,2442,1242,1674,335,922,182,168,3866,3359,9957,7006,9437,6391,8180,8414,5397,5918,1889,2294,1171,1596,300,853,55106,48195,8249,7543,9714,8382,13921,90,94
2021-10-31T23:59:59+01:00,243,231,4510,3883,11215,7803,10533,7105,8985,9326,5843,6416,2009,2442,1242,1674,335,922,181,168,3860,3359,9950,7004,9432,6389,8178,8411,5395,5915,1888,2294,1171,1596,300,853,55057,48186,8244,7542,9714,8382,13897,90,94
2021-10-30T23:59:59+02:00,242,231,4503,3880,11196,7799,10518,7102,8976,9317,5834,6412,2008,2441,1242,1674,335,922,181,168,3858,3359,9942,7001,9427,6389,8174,8410,5390,5912,1888,2294,1171,1596,300,853,54992,48177,8244,7541,9714,8382,13875,90,94
2021-10-29T23:59:59+02:00,241,231,4456,3867,11114,7774,10438,7069,8929,9277,5815,6398,2008,2436,1242,1674,334,921,180,168,3837,3353,9908,6995,9400,6381,8156,8398,5383,5905,1886,2294,1171,1596,300,852,54678,48115,8234,7538,9714,8382,13788,90,94
2021-10-28T23:59:59+02:00,240,229,4415,3851,11011,7745,10329,7033,8869,9223,5790,6370,2006,2428,1239,1674,334,921,180,167,3817,3342,9859,6970,9346,6354,8123,8371,5369,5894,1885,2290,1170,1596,299,852,54315,47991,8218,7525,9714,8382,13639,90,94
2021-10-27T23:59:59+02:00,240,228,4392,3843,10951,7723,10278,6996,8813,9190,5770,6351,2003,2425,1239,1673,334,921,179,167,3799,3332,9827,6949,9323,6339,8104,8354,5360,5882,1882,2289,1169,1593,299,851,54053,47875,8204,7515,9714,8381,13575,90,94
2021-10-26T23:59:59+02:00,239,227,4357,3825,10906,7692,10225,6967,8770,9141,5749,6336,2001,2422,1238,1672,334,920,177,167,3784,3324,9789,6928,9292,6324,8082,8331,5349,5875,1880,2289,1167,1589,299,850,53787,47747,8194,7514,9714,8381,13497,90,94
2021-10-25T23:59:59+02:00,238,227,4352,3820,10890,7686,10202,6952,8755,9121,5746,6329,1999,2421,1238,1672,334,920,177,167,3782,3321,9779,6918,9274,6314,8071,8316,5345,5872,1879,2289,1166,1589,299,850,53715,47707,8193,7512,9714,8381,13450,90,94
2021-10-24T23:59:59+02:00,235,226,4341,3808,10849,7668,10171,6932,8736,9095,5740,6320,1997,2421,1237,1672,334,920,176,167,3774,3316,9757,6911,9255,6302,8061,8302,5340,5868,1879,2288,1166,1588,299,850,53567,47651,8187,7508,9713,8379,13402,90,94
2021-10-23T23:59:59+02:00,232,226,4336,3803,10828,7666,10160,6924,8731,9085,5738,6315,1997,2421,1237,1672,334,920,176,167,3772,3313,9749,6910,9249,6298,8055,8299,5338,5867,1879,2288,1166,1588,299,850,53508,47634,8186,7506,9713,8379,13385,90,94
2021-10-22T23:59:59+02:00,231,225,4316,3791,10793,7650,10131,6909,8706,9051,5727,6294,1997,2420,1237,1672,334,920,175,166,3764,3310,9728,6898,9228,6287,8044,8286,5329,5857,1878,2284,1166,1587,299,850,53338,47560,8182,7501,9713,8379,13335,90,94
2021-10-21T23:59:59+02:00,225,223,4296,3778,10730,7629,10086,6871,8674,9004,5718,6268,1996,2418,1236,1671,334,920,174,166,3734,3296,9680,6882,9199,6268,8017,8259,5314,5842,1876,2281,1165,1586,299,850,53099,47399,8168,7491,9713,8377,13259,90,94
2021-10-20T23:59:59+02:00,225,223,4287,3768,10710,7615,10055,6853,8646,8983,5709,6255,1993,2415,1236,1671,334,920,173,165,3723,3281,9651,6868,9174,6254,8001,8245,5306,5832,1873,2280,1165,1584,299,848,52953,47273,8164,7484,9713,8376,13227,90,94
2021-10-19T23:59:59+02:00,222,222,4275,3762,10692,7608,10028,6841,8631,8969,5701,6249,1992,2414,1236,1671,334,919,167,163,3712,3265,9631,6851,9159,6239,7988,8231,5293,5822,1873,2275,1164,1583,299,848,52853,47139,8155,7479,9713,8376,13203,90,94
2021-10-18T23:59:59+02:00,222,218,4258,3755,10677,7600,10010,6833,8620,8958,5696,6236,1991,2411,1234,1670,334,919,167,163,3700,3251,9611,6836,9143,6233,7979,8223,5292,5810,1869,2271,1164,1583,299,846,52754,47046,8151,7469,9713,8375,13180,90,94
2021-10-17T23:59:59+02:00,222,216,4247,3751,10665,7594,9997,6828,8612,8955,5695,6232,1990,2410,1234,1670,334,918,167,160,3688,3243,9599,6831,9135,6227,7967,8214,5290,5805,1868,2267,1162,1583,299,846,52702,46976,8146,7465,9713,8374,13164,90,94
2021-10-16T23:59:59+02:00,222,216,4245,3749,10659,7591,9995,6827,8609,8950,5693,6230,1989,2409,1233,1669,334,918,167,159,3686,3242,9595,6829,9135,6227,7964,8213,5289,5805,1868,2267,1162,1583,299,846,52679,46968,8143,7465,9713,8373,13158,90,94
2021-10-15T23:59:59+02:00,220,216,4233,3742,10643,7582,9982,6821,8600,8935,5685,6223,1988,2409,1233,1669,334,918,167,157,3675,3238,9584,6817,9123,6219,7957,8207,5282,5800,1868,2267,1162,1582,299,846,52589,46900,8139,7462,9713,8372,13142,90,94
2021-10-14T23:59:59+02:00,219,216,4221,3735,10614,7565,9952,6802,8576,8915,5676,6213,1987,2405,1233,1668,334,918,166,154,3649,3229,9553,6790,9091,6195,7933,8194,5271,5789,1867,2262,1159,1582,299,846,52460,46740,8130,7448,9713,8370,13095,90,94
2021-10-13T23:59:59+02:00,217,216,4207,3728,10594,7551,9934,6793,8561,8899,5668,6206,1986,2404,1233,1666,334,918,163,154,3634,3220,9522,6777,9075,6183,7916,8183,5262,5782,1867,2262,1158,1581,299,846,52366,46637,8126,7441,9713,8370,13059,90,94
2021-10-12T23:59:59+02:00,215,215,4201,3723,10576,7544,9914,6783,8548,8881,5654,6196,1985,2402,1232,1665,334,918,162,152,3627,3208,9499,6759,9050,6168,7899,8171,5247,5772,1862,2257,1158,1580,299,846,52263,46497,8121,7437,9713,8369,13036,90,94
2021-10-11T23:59:59+02:00,215,211,4188,3716,10550,7534,9890,6766,8539,8862,5648,6185,1984,2400,1232,1665,334,918,160,152,3615,3197,9459,6745,9018,6149,7881,8151,5239,5762,1861,2256,1158,1580,299,846,52164,46359,8111,7426,9713,8368,12995,90,94
2021-10-10T23:59:59+02:00,214,209,4177,3713,10542,7521,9883,6755,8529,8851,5645,6175,1983,2400,1230,1665,334,918,159,152,3604,3194,9440,6736,9007,6140,7868,8145,5233,5755,1859,2255,1158,1579,299,846,52100,46281,8101,7424,9713,8367,12976,90,94
2021-10-09T23:59:59+02:00,214,209,4176,3712,10538,7518,9870,6750,8525,8849,5643,6175,1983,2399,1230,1665,334,918,159,150,3601,3191,9438,6733,8998,6134,7864,8144,5228,5754,1859,2255,1158,1579,299,846,52082,46263,8100,7421,9713,8365,12959,90,94
2021-10-08T23:59:59+02:00,212,208,4167,3703,10517,7509,9857,6738,8511,8832,5636,6168,1982,2398,1230,1664,334,918,159,150,3593,3183,9418,6726,8980,6125,7858,8128,5218,5751,1856,2252,1157,1578,299,846,51991,46184,8096,7418,9713,8364,12928,90,94
2021-10-07T23:59:59+02:00,210,206,4150,3691,10493,7490,9817,6727,8491,8810,5631,6162,1980,2393,1230,1664,334,918,159,149,3568,3159,9374,6707,8954,6114,7835,8098,5200,5740,1853,2246,1157,1578,299,846,51851,45999,8089,7401,9713,8364,12886,90,94
2021-10-06T23:59:59+02:00,208,205,4141,3682,10464,7473,9801,6720,8480,8802,5624,6154,1978,2388,1230,1662,334,917,158,149,3552,3147,9349,6696,8935,6103,7826,8085,5198,5730,1851,2242,1157,1577,299,845,51750,45895,8085,7396,9713,8363,12856,90,94
2021-10-05T23:59:59+02:00,207,204,4123,3672,10448,7457,9781,6708,8460,8778,5616,6147,1977,2386,1230,1661,334,917,157,149,3535,3135,9328,6683,8911,6089,7803,8060,5187,5721,1849,2238,1156,1575,299,844,51638,45761,8081,7389,9713,8363,12814,90,94
2021-10-04T23:59:59+02:00,206,203,4098,3662,10421,7442,9746,6691,8442,8764,5608,6138,1975,2386,1229,1656,334,915,156,149,3520,3126,9301,6664,8876,6072,7781,8031,5177,5706,1848,2236,1155,1573,298,844,51517,45620,8072,7385,9713,8363,12751,90,94
2021-10-03T23:59:59+02:00,206,202,4084,3656,10396,7427,9734,6680,8428,8751,5605,6131,1973,2383,1228,1655,333,915,156,149,3506,3120,9273,6653,8862,6063,7771,8018,5172,5701,1847,2232,1155,1572,297,844,51439,45554,8070,7381,9713,8359,12702,90,94
2021-10-02T23:59:59+02:00,205,202,4082,3655,10395,7425,9730,6679,8426,8750,5603,6129,1972,2382,1228,1655,333,915,156,149,3503,3119,9269,6652,8860,6063,7767,8017,5171,5697,1846,2231,1155,1572,297,844,51429,45543,8068,7380,9713,8357,12693,90,94
2021-10-01T23:59:59+02:00,203,201,4072,3651,10376,7417,9713,6668,8414,8736,5599,6120,1968,2378,1228,1655,333,914,154,148,3484,3110,9250,6640,8843,6051,7757,8006,5165,5690,1844,2231,1155,1572,297,844,51356,45467,8065,7376,9713,8353,12649,90,94
2021-09-30T23:59:59+02:00,203,200,4039,3635,10328,7394,9671,6639,8386,8708,5582,6106,1965,2375,1227,1655,333,913,152,147,3460,3087,9202,6611,8805,6029,7741,7972,5149,5676,1842,2225,1155,1572,297,843,51180,45324,8057,7349,9713,8350,12541,90,94
2021-09-29T23:59:59+02:00,203,197,4020,3621,10283,7378,9651,6617,8371,8679,5573,6100,1963,2372,1226,1653,333,912,152,146,3440,3076,9166,6602,8787,6008,7728,7952,5136,5662,1842,2223,1155,1571,297,843,51047,45223,8048,7342,9713,8346,12469,90,94
2021-09-28T23:59:59+02:00,201,197,4008,3612,10240,7358,9619,6603,8343,8643,5564,6083,1963,2365,1226,1652,333,910,149,145,3423,3062,9137,6582,8764,5992,7700,7925,5128,5649,1842,2217,1155,1570,297,842,50912,45113,8040,7336,9713,8344,12377,90,94
2021-09-27T23:59:59+02:00,198,197,3988,3595,10204,7327,9595,6578,8321,8613,5549,6071,1960,2353,1225,1652,332,909,149,143,3403,3048,9092,6554,8733,5964,7674,7895,5116,5641,1839,2208,1154,1569,297,841,50781,44975,8031,7333,9713,8340,12261,90,94
2021-09-26T23:59:59+02:00,196,197,3980,3586,10183,7317,9584,6568,8307,8601,5544,6064,1955,2352,1223,1651,332,909,148,142,3394,3042,9071,6549,8724,5952,7661,7887,5109,5630,1836,2207,1154,1568,297,840,50708,44915,8030,7329,9712,8336,12217,90,94
2021-09-25T23:59:59+02:00,196,196,3974,3585,10174,7313,9580,6565,8301,8600,5540,6064,1955,2351,1223,1650,332,909,148,140,3387,3039,9063,6545,8720,5950,7657,7882,5107,5629,1836,2206,1153,1565,297,840,50689,44894,8028,7327,9712,8332,12197,90,94
2021-09-24T23:59:59+02:00,195,193,3961,3578,10140,7300,9564,6554,8277,8581,5532,6052,1953,2349,1223,1649,332,909,147,140,3374,3028,9035,6531,8705,5939,7634,7867,5100,5620,1834,2202,1153,1565,297,840,50603,44827,8026,7322,9712,8331,12116,90,94
2021-09-23T23:59:59+02:00,193,190,3923,3557,10070,7267,9507,6510,8238,8530,5514,6032,1947,2342,1221,1646,332,909,147,139,3345,3011,8974,6499,8651,5903,7594,7819,5082,5603,1827,2198,1152,1563,297,840,50439,44717,8016,7313,9712,8327,11867,90,94
2021-09-22T23:59:59+02:00,190,190,3899,3541,10037,7248,9480,6487,8203,8514,5495,6022,1944,2338,1220,1646,332,909,144,137,3323,3004,8942,6479,8624,5888,7563,7798,5065,5597,1822,2191,1150,1563,297,839,50302,44593,8011,7310,9710,8321,11775,90,94
2021-09-21T23:59:59+02:00,189,189,3879,3528,10009,7225,9431,6465,8168,8486,5479,6011,1943,2338,1220,1646,332,909,143,137,3299,2990,8904,6452,8576,5872,7527,7764,5048,5577,1821,2190,1149,1562,297,839,50174,44434,8002,7302,9710,8321,11660,90,94
2021-09-20T23:59:59+02:00,187,189,3852,3514,9969,7207,9390,6443,8134,8454,5471,5995,1939,2335,1220,1646,332,907,143,136,3278,2966,8860,6433,8534,5848,7492,7731,5040,5557,1818,2188,1148,1561,296,839,50035,44289,7999,7297,9710,8315,11532,90,94
2021-09-19T23:59:59+02:00,187,189,3835,3505,9934,7200,9373,6432,8128,8444,5464,5988,1937,2332,1218,1644,332,906,141,136,3268,2957,8829,6422,8511,5838,7477,7716,5033,5549,1817,2184,1147,1560,296,838,49969,44218,7993,7291,9710,8310,11463,90,94
2021-09-18T23:59:59+02:00,187,188,3832,3505,9929,7198,9366,6429,8122,8442,5462,5987,1937,2332,1218,1644,332,906,141,136,3261,2953,8820,6420,8498,5835,7470,7714,5029,5544,1817,2184,1147,1559,296,838,49957,44176,7992,7290,9709,8310,11444,90,94
2021-09-17T23:59:59+02:00,187,187,3815,3496,9889,7185,9338,6416,8100,8429,5451,5977,1936,2327,1216,1644,332,906,141,136,3247,2944,8778,6407,8470,5824,7447,7704,5020,5535,1817,2183,1146,1559,296,838,49862,44103,7985,7278,9707,8307,11359,90,94
2021-09-16T23:59:59+02:00,187,187,3790,3472,9830,7158,9291,6390,8063,8391,5431,5963,1934,2322,1215,1644,332,905,141,135,3232,2933,8736,6386,8436,5801,7425,7678,5005,5526,1815,2182,1146,1559,295,836,49649,43982,7959,7268,9705,8299,11271,90,94
2021-09-15T23:59:59+02:00,185,186,3768,3460,9789,7138,9257,6365,8032,8372,5424,5943,1931,2318,1212,1643,331,903,139,135,3216,2928,8702,6365,8403,5773,7389,7657,4987,5509,1812,2178,1146,1556,293,833,49490,43834,7952,7260,9705,8295,11182,90,94
2021-09-14T23:59:59+02:00,184,185,3742,3440,9746,7112,9212,6335,8002,8339,5412,5925,1928,2315,1212,1641,330,903,139,134,3194,2913,8662,6337,8364,5756,7363,7633,4973,5492,1811,2178,1145,1553,293,832,49315,43701,7940,7251,9705,8292,11073,90,94
2021-09-13T23:59:59+02:00,181,185,3724,3426,9707,7093,9180,6311,7984,8303,5396,5909,1926,2311,1212,1641,330,902,137,132,3175,2904,8632,6317,8346,5743,7353,7611,4965,5486,1810,2174,1145,1551,293,832,49146,43592,7920,7245,9705,8291,11018,90,94
2021-09-12T23:59:59+02:00,181,184,3708,3425,9684,7080,9170,6301,7975,8287,5389,5902,1925,2308,1211,1638,330,901,136,131,3160,2895,8608,6303,8337,5732,7337,7594,4961,5478,1806,2172,1145,1551,293,831,49065,43510,7919,7240,9705,8283,10977,90,93
2021-09-11T23:59:59+02:00,181,184,3705,3422,9677,7076,9167,6297,7974,8285,5386,5900,1924,2307,1210,1638,330,901,135,131,3158,2894,8601,6300,8335,5728,7336,7590,4960,5476,1806,2172,1145,1551,293,831,49046,43496,7918,7240,9704,8283,10961,90,93
2021-09-10T23:59:59+02:00,180,181,3676,3414,9648,7054,9141,6284,7950,8263,5374,5879,1920,2304,1210,1638,330,901,134,128,3141,2888,8572,6275,8309,5713,7314,7570,4946,5457,1805,2171,1145,1549,293,831,48949,43422,7914,7234,9704,8282,10838,90,93
2021-09-09T23:59:59+02:00,178,180,3657,3399,9595,7027,9102,6259,7927,8224,5357,5868,1918,2301,1210,1637,330,901,132,127,3129,2880,8535,6249,8282,5692,7288,7538,4932,5442,1804,2167,1144,1548,293,831,48776,43308,7906,7222,9703,8273,10740,90,92
2021-09-08T23:59:59+02:00,177,178,3637,3390,9561,7017,9078,6230,7909,8193,5341,5850,1914,2299,1209,1635,330,900,130,125,3111,2867,8491,6231,8248,5668,7260,7497,4922,5418,1803,2165,1143,1548,293,831,48669,43169,7899,7213,9702,8268,10629,90,92
2021-09-07T23:59:59+02:00,176,176,3612,3381,9534,6993,9050,6210,7886,8174,5325,5838,1914,2297,1208,1634,330,896,128,124,3092,2859,8464,6205,8224,5644,7242,7473,4907,5405,1800,2161,1142,1547,293,831,48521,43039,7897,7203,9702,8262,10562,90,92
2021-09-06T23:59:59+02:00,176,176,3595,3371,9503,6975,9021,6195,7867,8146,5318,5826,1911,2288,1205,1634,329,896,128,124,3074,2846,8437,6191,8197,5632,7224,7445,4899,5390,1796,2159,1142,1547,293,831,48386,42927,7895,7198,9701,8261,10493,90,92
2021-09-05T23:59:59+02:00,176,175,3584,3366,9491,6967,9007,6185,7864,8136,5311,5816,1910,2286,1205,1634,329,895,128,123,3064,2844,8421,6176,8187,5620,7217,7437,4889,5383,1794,2158,1142,1546,293,831,48329,42868,7891,7191,9699,8260,10458,90,92
2021-09-04T23:59:59+02:00,176,173,3578,3363,9486,6962,9000,6184,7860,8135,5311,5815,1910,2286,1205,1634,329,895,127,123,3059,2840,8415,6170,8181,5620,7210,7435,4888,5382,1792,2157,1141,1546,293,831,48312,42846,7891,7188,9699,8259,10440,90,92
2021-09-03T23:59:59+02:00,174,172,3561,3345,9455,6952,8979,6167,7841,8119,5298,5800,1906,2283,1205,1633,329,893,126,120,3044,2824,8387,6155,8156,5600,7187,7411,4875,5362,1787,2155,1141,1544,293,829,48228,42751,7879,7166,9699,8257,10343,90,92
2021-09-02T23:59:59+02:00,174,170,3534,3327,9406,6927,8938,6148,7819,8094,5285,5782,1901,2277,1203,1632,329,892,125,118,3025,2811,8341,6136,8118,5580,7162,7382,4866,5341,1782,2150,1139,1543,293,826,48092,42638,7869,7154,9697,8253,10214,90,91
2021-09-01T23:59:59+02:00,171,170,3516,3316,9368,6913,8909,6135,7798,8077,5276,5774,1899,2275,1202,1629,329,892,122,116,3006,2803,8295,6114,8082,5560,7131,7362,4855,5327,1778,2148,1138,1540,293,826,47979,42485,7856,7132,9697,8250,10144,90,91
2021-08-31T23:59:59+02:00,169,169,3502,3306,9329,6890,8890,6125,7778,8056,5268,5764,1895,2273,1201,1628,329,891,121,114,2988,2791,8249,6092,8062,5541,7104,7334,4843,5308,1774,2146,1137,1540,293,826,47878,42358,7850,7122,9696,8234,10059,90,91
2021-08-30T23:59:59+02:00,168,169,3473,3285,9290,6862,8847,6103,7739,8021,5254,5747,1890,2271,1200,1628,329,891,121,113,2957,2777,8201,6066,8024,5522,7068,7311,4831,5289,1770,2141,1136,1540,292,825,47713,42219,7849,7112,9694,8232,9926,90,91
2021-08-29T23:59:59+02:00,167,169,3459,3270,9260,6853,8826,6094,7729,8011,5246,5737,1888,2268,1200,1628,328,891,121,110,2937,2754,8161,6056,8003,5503,7054,7297,4821,5284,1768,2140,1134,1539,291,825,47641,42113,7843,7101,9693,8227,9858,90,91
2021-08-28T23:59:59+02:00,166,169,3453,3269,9256,6851,8818,6093,7722,8009,5246,5735,1888,2267,1200,1627,328,891,121,109,2932,2749,8155,6052,7996,5499,7048,7293,4818,5283,1768,2140,1134,1538,291,825,47625,42087,7842,7100,9693,8227,9837,90,91
2021-08-27T23:59:59+02:00,165,169,3440,3265,9235,6841,8792,6084,7704,7999,5234,5727,1887,2267,1200,1626,328,891,121,108,2913,2742,8134,6044,7973,5484,7035,7285,4809,5276,1768,2140,1133,1536,291,825,47561,42022,7841,7098,9691,8225,9767,90,91
2021-08-26T23:59:59+02:00,165,167,3410,3253,9191,6818,8756,6069,7679,7977,5219,5714,1884,2264,1200,1625,328,890,118,105,2887,2721,8088,6013,7919,5453,6995,7256,4783,5261,1763,2134,1133,1535,291,825,47416,41817,7834,7080,9690,8203,9664,90,91
2021-08-25T23:59:59+02:00,161,166,3393,3243,9153,6799,8720,6051,7655,7954,5205,5692,1882,2260,1200,1623,328,890,115,102,2850,2699,8037,5976,7870,5414,6958,7217,4767,5232,1762,2128,1132,1534,291,825,47299,41569,7827,7072,9689,8195,9550,90,91
2021-08-24T23:59:59+02:00,161,165,3387,3234,9135,6782,8701,6034,7640,7930,5195,5681,1879,2259,1199,1620,328,888,114,102,2829,2677,8005,5941,7836,5391,6931,7189,4750,5214,1761,2126,1132,1533,291,824,47224,41394,7822,7062,9689,8190,9470,90,91
2021-08-23T23:59:59+02:00,160,160,3360,3215,9093,6760,8658,6013,7611,7901,5183,5667,1878,2257,1197,1617,328,887,113,101,2799,2654,7960,5900,7795,5374,6898,7157,4736,5198,1757,2126,1132,1531,290,824,47075,41226,7813,7048,9686,8184,9347,90,91
2021-08-22T23:59:59+02:00,160,160,3347,3207,9079,6743,8645,6006,7592,7889,5177,5661,1877,2256,1196,1617,328,887,112,101,2782,2639,7929,5877,7775,5361,6878,7136,4731,5187,1752,2121,1131,1531,289,824,47005,41093,7806,7038,9686,8179,9302,90,91
2021-08-21T23:59:59+02:00,159,160,3338,3199,9066,6734,8635,6004,7586,7885,5175,5655,1876,2256,1196,1616,328,887,107,99,2772,2631,7909,5868,7755,5351,6866,7128,4723,5177,1751,2119,1130,1531,289,824,46950,41014,7803,7009,9686,8178,9283,90,91
2021-08-20T23:59:59+02:00,158,158,3327,3190,9039,6716,8600,5984,7567,7862,5163,5641,1874,2253,1196,1615,328,885,105,97,2741,2615,7861,5834,7715,5319,6828,7089,4707,5154,1746,2115,1129,1528,289,822,46871,40833,7794,6969,9685,8168,9171,90,91
2021-08-19T23:59:59+02:00,157,155,3308,3177,8995,6690,8566,5964,7544,7834,5150,5622,1868,2250,1195,1613,328,884,99,92,2697,2594,7782,5785,7655,5281,6780,7031,4678,5121,1741,2111,1129,1527,289,822,46740,40499,7781,6937,9683,8159,9055,90,91
2021-08-18T23:59:59+02:00,156,153,3298,3167,8974,6670,8534,5951,7510,7816,5137,5613,1863,2248,1195,1613,327,883,97,90,2670,2574,7718,5748,7594,5245,6736,6998,4653,5097,1736,2106,1127,1527,289,822,46627,40250,7776,6883,9682,8147,8977,90,91
2021-08-17T23:59:59+02:00,155,153,3281,3156,8950,6643,8509,5935,7498,7792,5126,5600,1860,2246,1194,1612,326,883,93,87,2640,2557,7654,5698,7553,5207,6705,6957,4634,5076,1727,2101,1126,1523,288,822,46505,39971,7769,6842,9681,8139,8916,90,91
2021-08-16T23:59:59+02:00,153,152,3269,3143,8926,6628,8488,5928,7483,7776,5113,5587,1859,2245,1194,1612,326,883,86,85,2611,2525,7573,5654,7480,5173,6653,6914,4601,5051,1725,2097,1124,1522,288,822,46410,39587,7764,6826,9681,8127,8859,90,91
2021-08-15T23:59:59+02:00,152,151,3261,3129,8898,6618,8470,5918,7464,7762,5107,5575,1857,2242,1194,1611,326,883,78,82,2573,2489,7507,5620,7444,5144,6611,6883,4587,5038,1720,2091,1123,1520,288,822,46315,39286,7757,6805,9680,8119,8815,90,91
2021-08-14T23:59:59+02:00,151,151,3254,3124,8887,6615,8464,5917,7463,7758,5104,5573,1855,2241,1194,1610,326,883,78,80,2561,2480,7480,5607,7432,5133,6604,6868,4570,5028,1715,2088,1123,1518,288,821,46296,39181,7757,6791,9680,8118,8785,90,91
2021-08-13T23:59:59+02:00,151,150,3238,3120,8865,6607,8455,5904,7449,7744,5095,5564,1855,2237,1193,1609,326,883,77,78,2524,2460,7430,5576,7396,5107,6564,6837,4558,5013,1714,2084,1121,1518,288,821,46225,38940,7756,6776,9680,8117,8729,90,91
2021-08-12T23:59:59+02:00,149,145,3220,3112,8837,6589,8423,5885,7426,7722,5079,5549,1852,2236,1189,1607,326,883,76,77,2479,2424,7337,5527,7342,5067,6513,6787,4532,4983,1709,2081,1118,1517,287,821,46119,38604,7748,6742,9677,8091,8628,89,91
2021-08-11T23:59:59+02:00,147,143,3202,3095,8800,6561,8398,5872,7404,7702,5069,5534,1850,2234,1188,1606,326,883,74,75,2446,2391,7256,5465,7262,5022,6454,6722,4510,4944,1704,2072,1116,1515,287,819,45990,38159,7737,6706,9672,8084,8556,89,91
2021-08-10T23:59:59+02:00,147,142,3183,3083,8769,6549,8369,5852,7374,7685,5051,5525,1846,2234,1188,1604,326,882,73,71,2369,2332,7128,5402,7171,4950,6356,6655,4464,4919,1693,2064,1113,1512,287,818,45878,37520,7729,6678,9669,8069,8472,89,91
2021-08-09T23:59:59+02:00,144,142,3162,3073,8737,6525,8341,5841,7346,7666,5042,5511,1845,2233,1188,1604,326,881,69,70,2304,2266,7012,5320,7070,4905,6283,6595,4434,4883,1687,2054,1112,1511,287,818,45785,37002,7723,6616,9667,8046,8368,89,91
2021-08-08T23:59:59+02:00,144,141,3149,3065,8718,6516,8324,5828,7334,7657,5035,5507,1841,2233,1188,1604,326,881,69,69,2279,2238,6944,5286,7022,4878,6244,6572,4423,4866,1677,2050,1111,1508,287,818,45722,36762,7721,6570,9664,8035,8318,89,91
2021-08-07T23:59:59+02:00,143,140,3143,3058,8699,6503,8308,5816,7324,7647,5029,5502,1839,2233,1187,1604,326,881,66,62,2243,2216,6865,5235,6963,4843,6208,6534,4407,4852,1672,2048,1111,1505,287,818,45661,36434,7716,6541,9663,8027,8274,89,91
2021-08-06T23:59:59+02:00,143,139,3130,3047,8671,6491,8275,5792,7305,7622,5017,5488,1835,2231,1187,1603,326,881,60,58,2203,2175,6754,5163,6882,4807,6163,6494,4385,4831,1669,2045,1110,1502,287,818,45596,36060,7697,6514,9663,8011,8158,89,90
2021-08-05T23:59:59+02:00,142,137,3107,3031,8646,6465,8231,5773,7280,7596,4998,5465,1831,2228,1185,1599,326,880,56,54,2162,2124,6619,5051,6763,4751,6091,6427,4344,4790,1662,2038,1107,1500,287,818,45457,35555,7688,6418,9661,7952,8038,89,90
2021-08-04T23:59:59+02:00,139,133,3066,3009,8577,6427,8191,5745,7249,7567,4982,5449,1827,2223,1182,1598,326,880,56,48,2100,2086,6486,4979,6639,4694,6017,6359,4314,4751,1652,2031,1102,1497,287,817,45237,35027,7673,6367,9661,7917,7908,89,90
2021-08-03T23:59:59+02:00,137,132,3048,2989,8546,6409,8157,5726,7226,7541,4969,5434,1823,2222,1181,1595,326,880,53,48,2065,2057,6388,4908,6532,4640,5945,6299,4272,4705,1646,2024,1101,1495,287,817,45086,34531,7668,6321,9660,7892,7831,89,89
2021-08-02T23:59:59+02:00,137,132,3025,2962,8511,6385,8133,5713,7202,7525,4952,5424,1819,2218,1180,1595,325,880,52,47,2037,2021,6249,4813,6415,4576,5872,6244,4225,4671,1639,2009,1100,1492,286,816,44938,33936,7661,6278,9659,7868,7761,89,87
2021-08-01T23:59:59+02:00,137,131,3009,2946,8481,6362,8118,5696,7190,7517,4946,5415,1818,2217,1178,1595,325,880,50,46,2014,1999,6169,4761,6348,4527,5828,6219,4209,4650,1637,2006,1098,1489,286,816,44840,33620,7649,6249,9659,7844,7711,89,85
2021-07-31T23:59:59+02:00,135,130,3002,2938,8466,6356,8107,5692,7183,7508,4945,5412,1817,2217,1178,1595,325,880,47,35,1972,1956,6064,4694,6279,4478,5774,6182,4180,4627,1632,2003,1098,1488,286,816,44799,33120,7647,6236,9659,7837,7679,89,85
2021-07-30T23:59:59+02:00,131,128,2994,2929,8436,6340,8092,5676,7162,7492,4938,5405,1816,2215,1178,1594,325,880,43,34,1952,1931,5977,4648,6209,4422,5717,6133,4154,4608,1628,2001,1097,1485,286,816,44712,32735,7633,6208,9658,7826,7622,89,85
2021-07-29T23:59:59+02:00,129,126,2961,2911,8379,6300,8050,5630,7132,7451,4913,5385,1814,2210,1176,1593,325,880,38,30,1908,1901,5842,4539,6069,4345,5623,6047,4103,4557,1621,1991,1094,1483,286,816,44512,32126,7616,6147,9652,7787,7472,88,85
2021-07-28T23:59:59+02:00,126,123,2940,2897,8349,6272,8025,5604,7110,7427,4901,5369,1810,2208,1175,1591,324,879,37,27,1870,1856,5731,4462,5953,4271,5540,5973,4067,4523,1609,1983,1093,1481,286,815,44335,31551,7606,6089,9648,7739,7424,88,85
2021-07-27T23:59:59+02:00,122,122,2924,2878,8308,6255,7990,5584,7092,7409,4889,5356,1810,2206,1175,1590,323,879,35,27,1821,1824,5584,4372,5825,4189,5444,5905,4027,4472,1601,1972,1092,1478,285,814,44216,30932,7589,6008,9646,7693,7343,88,85
2021-07-26T23:59:59+02:00,120,120,2897,2861,8273,6231,7955,5567,7071,7387,4882,5345,1808,2205,1173,1590,323,879,35,27,1776,1765,5437,4304,5723,4120,5368,5833,3971,4437,1598,1960,1091,1474,284,813,44071,30341,7565,5934,9643,7643,7285,88,85
2021-07-25T23:59:59+02:00,114,118,2880,2848,8238,6210,7928,5559,7050,7369,4872,5339,1806,2202,1172,1589,323,878,32,24,1748,1739,5378,4257,5664,4087,5317,5796,3937,4413,1593,1955,1090,1473,284,812,43927,30039,7558,5899,9641,7604,7237,88,85
2021-07-24T23:59:59+02:00,114,116,2868,2834,8213,6197,7904,5545,7036,7356,4862,5334,1804,2199,1172,1589,323,878,31,24,1729,1715,5326,4233,5588,4037,5274,5771,3915,4405,1591,1953,1088,1470,284,811,43845,29823,7535,5805,9640,7603,7188,88,85
2021-07-23T23:59:59+02:00,112,114,2843,2813,8157,6175,7875,5521,6998,7330,4843,5320,1802,2195,1170,1589,323,878,27,21,1668,1677,5174,4123,5451,3969,5200,5700,3862,4374,1588,1943,1086,1465,283,811,43673,29146,7527,5776,9638,7582,7074,88,85
2021-07-22T23:59:59+02:00,109,111,2808,2784,8085,6126,7820,5483,6948,7281,4808,5296,1794,2188,1169,1588,323,877,26,20,1617,1638,4998,4042,5293,3886,5038,5617,3782,4321,1574,1932,1081,1463,282,810,43352,28472,7501,5622,9628,7510,6958,88,85
2021-07-21T23:59:59+02:00,108,108,2779,2770,8018,6093,7767,5445,6888,7239,4785,5272,1786,2181,1168,1585,323,875,26,18,1579,1589,4872,3955,5153,3820,4935,5507,3708,4279,1561,1920,1078,1462,282,808,43097,27972,7459,5405,9621,7449,6842,88,84
2021-07-20T23:59:59+02:00,108,108,2758,2746,7963,6060,7732,5415,6848,7198,4764,5252,1782,2177,1168,1584,323,874,25,18,1544,1554,4740,3877,5060,3765,4831,5427,3656,4247,1556,1910,1076,1461,282,807,42849,27454,7451,5326,9618,7389,6764,88,84
2021-07-19T23:59:59+02:00,107,108,2734,2721,7904,6017,7681,5396,6803,7164,4747,5235,1776,2170,1166,1580,322,873,24,15,1520,1526,4658,3820,4973,3726,4759,5364,3620,4218,1550,1902,1072,1458,280,806,42556,27119,7436,5195,9615,7348,6715,88,84
2021-07-18T23:59:59+02:00,107,105,2707,2696,7834,5985,7646,5369,6763,7126,4730,5225,1770,2163,1163,1580,321,872,22,15,1499,1501,4611,3779,4934,3692,4709,5335,3584,4203,1544,1893,1071,1458,280,804,42255,26899,7423,5115,9610,7320,6680,88,83
2021-07-17T23:59:59+02:00,102,101,2694,2678,7816,5972,7629,5351,6745,7110,4708,5213,1766,2162,1163,1579,321,870,22,15,1484,1486,4570,3748,4882,3666,4670,5303,3555,4191,1539,1890,1071,1456,280,804,42142,26717,7413,5056,9607,7312,6622,88,83
2021-07-16T23:59:59+02:00,102,98,2655,2655,7753,5936,7566,5310,6695,7068,4679,5186,1760,2156,1161,1578,321,870,21,14,1441,1454,4467,3687,4787,3620,4577,5247,3491,4146,1526,1882,1066,1454,280,803,41949,26352,7389,5016,9599,7244,6405,88,83
2021-07-15T23:59:59+02:00,99,94,2607,2629,7679,5901,7510,5270,6647,7014,4661,5158,1756,2151,1159,1575,320,870,19,14,1381,1418,4252,3570,4594,3514,4430,5148,3429,4080,1514,1872,1061,1449,279,803,41624,25607,7370,4781,9592,7174,6296,87,83
2021-07-14T23:59:59+02:00,98,91,2573,2612,7604,5871,7437,5234,6593,6965,4635,5136,1750,2144,1157,1573,320,870,18,14,1332,1375,4113,3476,4482,3443,4317,5076,3378,4035,1503,1860,1058,1445,279,803,41301,25063,7348,4670,9590,7095,6195,87,83
2021-07-13T23:59:59+02:00,94,88,2538,2582,7550,5837,7372,5190,6553,6913,4614,5118,1740,2138,1155,1573,320,870,17,12,1295,1332,3988,3369,4353,3371,4223,4987,3318,3975,1474,1852,1055,1438,278,801,40972,24536,7339,4512,9588,6979,6110,87,83
2021-07-12T23:59:59+02:00,89,88,2512,2554,7473,5795,7299,5144,6500,6871,4584,5092,1735,2135,1152,1573,320,870,16,12,1262,1307,3873,3279,4227,3297,4119,4903,3264,3928,1461,1842,1051,1430,278,801,40610,24042,7324,4381,9583,6887,6025,86,82
2021-07-11T23:59:59+02:00,82,85,2496,2538,7434,5768,7267,5118,6472,6851,4574,5085,1732,2131,1150,1573,319,870,16,12,1248,1288,3818,3227,4165,3260,4065,4873,3237,3914,1450,1829,1049,1426,277,801,40483,23841,7304,4337,9578,6824,5933,85,82
2021-07-10T23:59:59+02:00,81,84,2467,2503,7347,5728,7199,5079,6420,6816,4549,5073,1728,2127,1150,1570,319,869,16,12,1222,1269,3755,3183,4116,3230,4026,4841,3218,3900,1442,1821,1049,1424,277,801,40225,23646,7277,4335,9566,6809,5784,85,81
2021-07-09T23:59:59+02:00,80,81,2440,2484,7275,5690,7154,5051,6374,6785,4531,5050,1726,2121,1150,1569,319,869,12,8,1196,1251,3698,3130,4063,3183,3970,4799,3190,3870,1440,1805,1047,1422,277,801,39993,23383,7248,4297,9556,6752,5686,85,81
2021-07-08T23:59:59+02:00,75,78,2389,2436,7178,5624,7051,4999,6308,6718,4491,5016,1719,2110,1148,1566,318,869,10,8,1123,1195,3525,3036,3861,3101,3786,4701,3114,3807,1421,1788,1044,1413,276,800,39645,22851,7170,4000,9524,6604,5480,85,81
2021-07-07T23:59:59+02:00,75,77,2313,2384,7061,5548,6947,4943,6235,6660,4457,4968,1712,2101,1146,1562,317,869,10,8,1064,1152,3356,2943,3671,3009,3623,4594,3061,3742,1404,1757,1037,1405,276,798,39144,22239,7125,3737,9498,6518,5318,85,81
2021-07-06T23:59:59+02:00,72,76,2262,2344,6952,5492,6858,4900,6179,6590,4418,4934,1703,2095,1143,1558,317,869,10,8,1024,1107,3238,2839,3580,2945,3548,4502,3007,3680,1377,1725,1032,1397,276,798,38691,21713,7070,3630,9481,6422,5213,85,80
2021-07-05T23:59:59+02:00,70,76,2190,2293,6806,5417,6737,4861,6108,6531,4380,4895,1697,2087,1141,1556,317,867,10,8,979,1067,3124,2764,3499,2899,3470,4428,2962,3623,1357,1706,1025,1386,276,796,38187,21317,7018,3550,9453,6331,5050,84,79
2021-07-04T23:59:59+02:00,70,74,2148,2242,6715,5366,6696,4831,6065,6508,4363,4872,1694,2084,1141,1554,317,866,9,8,938,1037,3055,2704,3460,2868,3436,4394,2934,3598,1341,1685,1023,1384,275,796,37967,21152,6975,3489,9428,6252,4909,84,79
2021-07-03T23:59:59+02:00,66,60,2046,2156,6489,5200,6542,4741,5977,6420,4311,4839,1689,2078,1140,1550,317,866,9,8,900,1006,2974,2653,3400,2836,3391,4345,2901,3567,1335,1680,1022,1380,275,794,37097,20937,6939,3483,9420,6227,4682,84,79
2021-07-02T23:59:59+02:00,57,52,2001,2111,6404,5150,6498,4711,5954,6392,4294,4820,1687,2072,1138,1549,316,866,9,8,877,977,2902,2599,3326,2789,3343,4292,2871,3528,1317,1660,1016,1374,275,791,36783,20607,6904,3457,9414,6121,4612,83,79
2021-07-01T23:59:59+02:00,53,45,1943,2069,6291,5072,6412,4661,5872,6321,4265,4788,1684,2066,1137,1548,314,865,9,8,796,922,2698,2507,3130,2699,3156,4165,2769,3432,1290,1636,1006,1357,275,789,36335,19761,6850,3224,9397,6012,4457,83,79
2021-06-30T23:59:59+02:00,53,44,1892,2010,6156,4982,6305,4609,5810,6274,4249,4762,1680,2057,1135,1545,314,865,9,7,756,884,2578,2425,3011,2640,3042,4068,2696,3354,1262,1608,998,1346,274,788,35879,19251,6785,3093,9381,5873,4316,82,79
2021-06-29T23:59:59+02:00,51,43,1821,1924,6023,4887,6207,4548,5748,6212,4220,4730,1673,2052,1133,1544,314,864,8,7,719,833,2478,2334,2931,2572,2933,3947,2638,3299,1244,1573,986,1335,274,785,35287,18719,6749,3012,9372,5747,4186,81,79
2021-06-28T23:59:59+02:00,49,41,1783,1864,5894,4814,6130,4493,5703,6171,4191,4704,1671,2042,1132,1543,314,864,8,7,701,800,2365,2252,2848,2507,2852,3858,2591,3252,1225,1556,979,1329,274,783,34835,18346,6688,2852,9361,5640,4102,81,79
2021-06-27T23:59:59+02:00,49,40,1753,1834,5842,4769,6089,4456,5654,6155,4179,4689,1669,2038,1132,1542,314,864,7,6,683,779,2307,2206,2805,2474,2802,3814,2560,3229,1214,1543,977,1320,274,783,34625,18169,6655,2791,9339,5540,4028,81,79
2021-06-26T23:59:59+02:00,42,34,1719,1804,5768,4721,5997,4409,5612,6122,4160,4673,1668,2036,1132,1540,314,864,7,6,675,766,2268,2174,2766,2448,2781,3787,2534,3208,1197,1533,976,1317,274,783,34250,17909,6566,2786,9339,5520,4027,81,77
2021-06-25T23:59:59+02:00,36,28,1679,1761,5652,4645,5937,4380,5570,6098,4136,4662,1665,2035,1130,1539,313,864,6,6,666,744,2211,2137,2696,2376,2670,3653,2489,3105,1187,1510,973,1314,273,782,33797,17414,6534,2754,9338,5337,4020,81,77
2021-06-24T23:59:59+02:00,28,23,1625,1707,5467,4532,5803,4323,5466,6052,4093,4636,1661,2030,1130,1538,312,864,6,6,624,720,2083,2059,2500,2298,2492,3565,2380,3011,1155,1485,964,1307,272,779,33125,16869,6470,2375,9328,5253,3905,81,77
2021-06-23T23:59:59+02:00,27,23,1589,1661,5365,4469,5717,4264,5416,6006,4071,4600,1650,2024,1128,1535,311,864,6,6,592,694,2009,1986,2383,2242,2369,3467,2274,2921,1127,1462,957,1297,271,778,32643,16257,6415,2288,9321,5104,3869,81,77
2021-06-22T23:59:59+02:00,27,23,1558,1643,5281,4394,5628,4213,5364,5958,4046,4575,1644,2018,1127,1532,311,864,6,6,573,669,1935,1929,2290,2182,2280,3358,2168,2830,1109,1439,947,1285,270,773,32189,15785,6368,2142,9316,4934,3841,81,76
2021-06-21T23:59:59+02:00,26,23,1524,1599,5146,4302,5541,4169,5290,5896,4016,4550,1639,2005,1126,1527,310,862,6,6,553,649,1892,1883,2248,2138,2225,3267,2097,2746,1090,1409,923,1263,270,769,31614,15459,6324,2039,9308,4780,3797,81,76
2021-06-20T23:59:59+02:00,25,21,1493,1563,5068,4225,5489,4146,5254,5874,3991,4539,1636,2004,1125,1527,309,862,6,6,536,631,1858,1852,2221,2114,2194,3237,2054,2706,1078,1393,919,1254,270,768,31296,15259,6284,1998,9294,4710,3759,81,75
2021-06-19T23:59:59+02:00,24,21,1475,1543,5019,4190,5463,4118,5225,5848,3970,4528,1629,2002,1125,1526,309,862,6,6,527,625,1835,1823,2198,2085,2180,3212,2028,2666,1069,1385,915,1253,268,767,31103,15067,6214,1965,9294,4703,3736,81,74
2021-06-18T23:59:59+02:00,19,17,1447,1522,4934,4142,5407,4073,5177,5810,3944,4516,1626,1999,1122,1524,309,862,6,6,512,614,1814,1804,2169,2051,2129,3163,1972,2609,1055,1369,913,1248,267,765,30736,14739,6165,1961,9292,4648,3723,81,74
2021-06-17T23:59:59+02:00,16,16,1406,1478,4755,4051,5209,3992,4997,5716,3886,4470,1619,1996,1122,1523,308,862,6,6,471,591,1709,1765,1980,1986,1964,3058,1865,2522,1029,1351,899,1237,265,763,30077,14243,6098,1844,9284,4553,3412,81,74
2021-06-16T23:59:59+02:00,15,15,1374,1444,4645,3964,5104,3934,4892,5652,3839,4444,1612,1992,1121,1519,308,861,6,6,451,566,1644,1719,1913,1949,1873,2970,1803,2440,1011,1323,889,1222,265,759,29567,13792,5976,1771,9270,4463,3351,81,74
2021-06-15T23:59:59+02:00,15,15,1338,1409,4504,3866,5025,3865,4814,5581,3797,4411,1601,1985,1116,1516,308,860,6,6,436,539,1584,1663,1854,1903,1800,2914,1726,2371,993,1297,882,1210,264,758,28971,13431,5941,1681,9255,4385,3266,81,74
2021-06-14T23:59:59+02:00,15,13,1311,1365,4398,3803,4940,3810,4729,5503,3742,4383,1597,1976,1114,1511,306,859,6,6,426,526,1530,1625,1800,1866,1743,2844,1667,2319,982,1272,877,1203,263,757,28468,13161,5841,1598,9251,4297,3203,81,73
2021-06-13T23:59:59+02:00,14,13,1293,1346,4349,3764,4889,3767,4678,5459,3723,4365,1595,1970,1114,1509,306,858,6,6,417,518,1494,1607,1760,1842,1701,2807,1631,2274,963,1252,874,1191,263,755,28199,12975,5805,1571,9246,4213,3141,81,73
2021-06-12T23:59:59+02:00,14,12,1279,1320,4313,3742,4857,3741,4659,5442,3710,4354,1593,1966,1112,1508,306,857,6,6,414,514,1481,1586,1731,1816,1679,2785,1601,2253,955,1243,863,1188,263,754,27993,12818,5793,1569,9245,4151,3128,81,72
2021-06-11T23:59:59+02:00,13,12,1260,1304,4272,3692,4781,3717,4613,5403,3680,4342,1592,1964,1111,1505,306,856,6,6,402,500,1456,1543,1699,1795,1636,2737,1552,2210,943,1228,859,1183,263,752,27678,12556,5761,1561,9239,4068,3105,81,72
2021-06-10T23:59:59+02:00,13,10,1198,1245,4135,3603,4642,3633,4511,5332,3628,4303,1587,1956,1109,1504,306,856,6,6,381,479,1383,1496,1622,1736,1565,2659,1461,2106,914,1194,853,1174,261,749,27039,12085,5613,1547,9218,3891,3027,81,71
2021-06-09T23:59:59+02:00,12,8,1147,1205,3977,3492,4501,3567,4421,5250,3580,4261,1580,1949,1107,1501,306,855,5,6,362,457,1317,1452,1556,1700,1507,2576,1382,2039,883,1142,844,1160,260,746,26506,11770,5423,1483,9207,3747,2883,81,71
2021-06-08T23:59:59+02:00,11,8,1088,1158,3824,3391,4374,3484,4308,5165,3528,4231,1574,1943,1104,1498,304,853,5,5,345,435,1267,1411,1497,1663,1446,2516,1332,1964,859,1104,833,1143,256,743,25894,11507,5276,1431,9196,3604,2757,79,69
2021-06-07T23:59:59+02:00,10,8,1059,1129,3709,3302,4235,3446,4183,5093,3471,4204,1561,1937,1103,1496,304,852,2,2,335,426,1220,1365,1435,1640,1392,2462,1261,1912,844,1085,820,1127,254,739,25473,11314,5085,1394,9190,3469,2609,79,68
2021-06-06T23:59:59+02:00,10,8,1036,1116,3646,3260,4151,3393,4105,5060,3436,4189,1559,1932,1100,1495,303,852,2,2,327,413,1200,1334,1400,1606,1366,2400,1231,1849,832,1069,812,1118,254,736,25254,11182,4933,1341,9176,3355,2527,79,68
2021-06-05T23:59:59+02:00,10,8,1021,1098,3557,3186,4095,3360,4069,5037,3425,4185,1557,1928,1100,1494,303,851,2,1,318,402,1178,1308,1379,1588,1341,2368,1196,1829,819,1045,811,1114,254,736,24929,11002,4925,1338,9172,3303,2487,78,67
2021-06-04T23:59:59+02:00,8,8,995,1078,3503,3128,4017,3317,4003,4981,3395,4164,1553,1924,1097,1494,303,851,2,1,307,393,1152,1276,1351,1568,1312,2322,1166,1798,802,1024,805,1109,254,733,24591,10846,4875,1331,9169,3239,2395,78,67
2021-06-03T23:59:59+02:00,7,7,950,1043,3335,3025,3816,3206,3826,4860,3301,4091,1544,1912,1093,1489,303,851,1,1,296,382,1109,1231,1289,1508,1239,2235,1099,1735,763,982,795,1095,254,732,23869,10605,4636,1310,9151,3067,2185,77,65
2021-06-02T23:59:59+02:00,7,7,922,1028,3257,2947,3755,3159,3761,4796,3259,4063,1541,1906,1092,1488,303,851,1,1,285,372,1078,1207,1242,1486,1192,2191,1043,1688,747,948,791,1089,254,731,23478,10369,4614,1295,9151,3025,2067,77,65
2021-06-01T23:59:59+02:00,7,7,870,988,3080,2823,3562,3059,3593,4691,3197,4002,1531,1897,1089,1483,303,850,0,1,272,356,988,1145,1142,1428,1107,2080,990,1606,713,897,786,1080,253,725,22828,10070,4381,1260,9138,2814,1817,77,63
2021-05-31T23:59:59+02:00,7,6,831,958,2951,2735,3409,2960,3482,4597,3142,3948,1524,1884,1086,1479,303,850,0,1,257,336,946,1100,1068,1373,1058,2000,948,1545,693,871,779,1075,252,725,22399,9881,4134,1244,9116,2673,1609,77,62
2021-05-30T23:59:59+02:00,7,6,819,947,2888,2683,3338,2920,3423,4552,3117,3926,1520,1877,1086,1479,303,849,0,1,247,319,901,1049,1012,1331,1009,1938,918,1485,680,855,776,1065,252,724,22233,9769,4068,1234,9102,2496,1433,77,62
2021-05-29T23:59:59+02:00,7,6,816,944,2867,2666,3314,2904,3404,4536,3109,3917,1518,1876,1086,1479,303,849,0,1,244,308,896,1034,993,1302,993,1887,904,1453,667,833,772,1060,251,724,22099,9672,4066,1232,9099,2354,1431,76,62
2021-05-28T23:59:59+02:00,7,6,805,929,2828,2621,3262,2872,3375,4512,3099,3901,1518,1873,1084,1473,303,849,0,1,238,297,882,1014,981,1277,978,1842,872,1412,648,802,768,1052,250,722,21828,9480,4051,1227,9097,2264,1426,76,60
2021-05-27T23:59:59+02:00,7,6,755,903,2691,2552,3114,2800,3226,4428,3014,3849,1509,1863,1082,1471,302,847,0,0,222,279,821,959,892,1216,884,1742,801,1324,622,769,758,1036,249,720,21309,9255,3904,1188,9063,1994,1205,76,57
2021-05-26T23:59:59+02:00,7,6,719,866,2578,2470,2949,2730,3096,4356,2964,3800,1497,1853,1081,1464,300,842,0,0,212,260,774,911,842,1176,840,1667,758,1262,606,744,740,1003,247,717,20867,9014,3644,1172,9034,1845,1070,76,57
2021-05-25T23:59:59+02:00,7,6,694,843,2480,2406,2841,2683,2992,4271,2916,3760,1485,1845,1078,1459,300,840,0,0,199,247,744,878,807,1138,801,1606,703,1199,584,722,718,975,246,715,20478,8783,3458,1135,8989,1699,1006,75,52
2021-05-24T23:59:59+02:00,7,6,677,819,2419,2360,2762,2647,2918,4211,2862,3717,1473,1838,1071,1458,300,838,0,0,193,239,715,856,777,1103,764,1547,677,1146,568,708,711,969,246,713,20264,8674,3275,1121,8953,1577,902,75,50
2021-05-23T23:59:59+02:00,7,6,673,818,2397,2342,2746,2631,2906,4194,2849,3700,1470,1834,1071,1456,300,838,0,0,191,237,706,846,763,1096,748,1536,663,1136,564,701,708,963,245,710,20128,8584,3269,1112,8950,1564,898,75,46
2021-05-22T23:59:59+02:00,7,6,666,805,2366,2316,2705,2607,2880,4162,2813,3671,1464,1830,1071,1454,300,837,0,0,189,229,696,840,756,1083,732,1527,656,1129,554,690,702,950,244,710,19857,8513,3268,1111,8947,1518,887,75,45
2021-05-21T23:59:59+02:00,7,6,652,790,2276,2275,2616,2555,2803,4111,2769,3625,1458,1817,1069,1453,300,836,0,0,187,226,689,830,743,1073,718,1513,637,1108,541,663,695,942,244,708,19348,8413,3243,1108,8924,1456,881,75,44
2021-05-20T23:59:59+02:00,7,6,615,763,2149,2195,2475,2474,2667,4005,2688,3541,1442,1801,1066,1443,300,835,0,0,177,215,657,786,705,1031,685,1455,613,1045,522,634,688,933,243,707,18650,8283,3116,1096,8845,1238,808,75,42
2021-05-19T23:59:59+02:00,6,6,575,723,2028,2101,2324,2398,2522,3902,2585,3443,1422,1783,1058,1440,298,835,0,0,163,207,624,761,672,996,647,1397,587,984,506,611,677,910,242,705,17849,8113,3033,1075,8801,1130,685,75,42
2021-05-18T23:59:59+02:00,6,5,542,702,1941,2014,2215,2336,2402,3780,2487,3351,1410,1763,1050,1433,298,831,0,0,156,198,602,730,642,962,629,1319,567,919,485,581,669,897,241,701,17303,7977,2849,1035,8740,1019,574,75,42
2021-05-17T23:59:59+02:00,4,2,516,687,1878,1972,2155,2282,2319,3658,2424,3276,1391,1744,1043,1426,298,829,0,0,150,190,581,715,633,921,615,1252,548,860,468,549,666,889,241,700,16975,7893,2678,1001,8669,913,469,74,42
2021-05-16T23:59:59+02:00,3,2,510,686,1848,1942,2110,2250,2274,3606,2366,3211,1376,1735,1041,1420,298,828,0,0,144,189,570,694,617,903,597,1205,532,822,443,517,664,886,241,699,16773,7838,2606,970,8619,825,380,73,40
2021-05-15T23:59:59+02:00,3,1,504,680,1816,1921,2090,2225,2254,3581,2339,3168,1368,1733,1040,1417,297,828,0,0,142,185,566,693,616,898,591,1200,526,809,439,515,662,884,241,699,16546,7802,2601,968,8610,812,374,73,40
2021-05-14T23:59:59+02:00,3,1,487,664,1785,1879,2045,2181,2162,3508,2296,3126,1360,1723,1038,1417,295,828,0,0,138,179,560,675,596,874,569,1164,508,793,423,500,657,878,240,697,16149,7735,2557,952,8588,701,347,73,40
2021-05-13T23:59:59+02:00,2,1,458,636,1703,1827,1925,2125,2041,3421,2228,3033,1334,1703,1030,1414,293,824,0,0,132,176,545,667,586,857,556,1143,490,779,403,471,643,853,240,692,15701,7638,2276,907,8533,659,311,72,39
2021-05-12T23:59:59+02:00,2,1,449,630,1683,1811,1907,2112,2014,3394,2211,3016,1330,1698,1026,1412,293,823,0,0,132,173,541,667,585,850,553,1136,488,770,397,459,641,847,240,692,15544,7590,2250,898,8524,655,309,70,39
2021-05-11T23:59:59+02:00,2,1,427,606,1597,1770,1792,2070,1899,3300,2100,2946,1316,1672,1022,1403,293,823,0,0,126,163,521,630,564,823,532,1102,457,748,373,431,631,841,240,692,15109,7484,2063,869,8406,551,242,70,39
2021-05-10T23:59:59+02:00,2,1,407,588,1546,1735,1734,2035,1819,3232,2039,2879,1308,1658,1016,1396,293,820,0,0,126,160,515,623,552,799,523,1076,451,727,364,418,629,838,240,691,14808,7432,1977,861,8273,494,216,69,37
2021-05-09T23:59:59+02:00,2,1,400,576,1498,1708,1695,2015,1772,3192,1974,2838,1294,1644,1014,1391,293,818,0,0,121,157,508,614,540,790,513,1065,441,714,354,406,624,833,240,690,14556,7392,1920,850,8215,444,191,68,36
2021-05-08T23:59:59+02:00,2,1,395,570,1484,1684,1656,1993,1747,3167,1941,2817,1287,1637,1011,1390,292,818,0,0,120,157,505,614,537,789,511,1059,441,708,353,404,620,823,240,690,14329,7371,1912,845,8211,433,189,68,34
2021-05-07T23:59:59+02:00,2,1,382,560,1453,1651,1602,1971,1685,3099,1892,2765,1279,1628,1009,1385,292,814,0,0,116,153,494,599,525,762,499,1024,424,682,350,383,605,810,240,688,14030,7318,1880,818,8144,329,153,68,32
2021-05-06T23:59:59+02:00,2,1,357,545,1352,1602,1486,1907,1540,2980,1750,2666,1247,1597,1006,1374,292,811,0,0,114,148,478,581,513,742,486,998,407,660,341,368,591,795,240,685,13502,7249,1689,797,7906,239,122,66,30
2021-05-05T23:59:59+02:00,2,1,341,530,1309,1569,1437,1863,1467,2909,1665,2580,1228,1573,998,1361,292,806,0,0,113,144,467,569,508,729,478,987,401,642,323,355,573,778,240,684,13049,7171,1623,777,7837,189,114,66,28
2021-05-04T23:59:59+02:00,2,1,331,515,1253,1531,1397,1833,1416,2860,1605,2518,1209,1544,992,1348,291,801,0,0,109,140,456,553,504,722,465,967,389,624,311,339,563,757,240,684,12697,7087,1558,749,7777,147,100,62,27
2021-05-03T23:59:59+02:00,2,1,323,506,1210,1506,1357,1811,1382,2821,1562,2477,1189,1518,986,1341,289,797,0,0,101,136,445,544,493,714,458,959,379,615,299,331,547,740,239,682,12421,7000,1532,740,7725,127,74,61,26
2021-05-02T23:59:59+02:00,2,1,319,505,1194,1490,1324,1791,1352,2800,1548,2452,1180,1504,983,1340,289,795,0,0,98,135,438,536,487,708,451,952,376,612,295,323,528,729,239,682,12276,6956,1516,720,7685,111,58,60,24
2021-05-01T23:59:59+02:00,2,1,315,499,1184,1482,1312,1777,1337,2787,1526,2435,1174,1498,981,1336,289,794,0,0,97,134,438,535,484,708,449,949,376,610,293,323,528,729,239,682,12133,6944,1513,720,7683,108,57,60,23
2021-04-30T23:59:59+02:00,2,1,309,490,1171,1455,1285,1756,1306,2720,1470,2384,1160,1480,976,1333,289,791,0,0,96,131,435,530,481,701,447,923,371,600,288,316,525,724,239,681,11815,6925,1508,709,7676,82,27,59,22
2021-04-29T23:59:59+02:00,2,0,293,474,1113,1420,1231,1715,1254,2661,1377,2315,1117,1437,971,1325,288,789,0,0,96,129,430,528,476,696,439,911,362,592,279,306,514,714,238,677,11318,6865,1466,689,7606,59,25,56,22
2021-04-28T23:59:59+02:00,2,0,281,468,1095,1400,1200,1700,1219,2621,1306,2259,1084,1383,961,1323,288,787,0,0,92,126,425,524,469,686,431,902,357,579,264,288,503,701,237,676,11016,6788,1413,652,7546,44,24,56,21
2021-04-27T23:59:59+02:00,2,0,277,458,1075,1381,1178,1688,1191,2597,1280,2230,1058,1346,955,1317,288,784,0,0,90,123,420,518,466,678,427,896,349,573,259,280,493,682,236,675,10809,6732,1384,623,7505,37,23,51,18
2021-04-26T23:59:59+02:00,2,0,274,452,1066,1370,1168,1671,1159,2579,1230,2179,1040,1326,949,1310,287,783,0,0,90,123,416,511,466,674,423,892,347,567,252,272,483,673,236,675,10624,6693,1368,599,7439,34,23,50,18
2021-04-25T23:59:59+02:00,2,0,273,449,1055,1355,1148,1662,1139,2561,1200,2151,1018,1304,946,1303,287,783,0,0,89,120,414,501,463,674,422,887,346,566,251,268,478,664,236,674,10490,6670,1342,583,7388,26,23,46,18
2021-04-24T23:59:59+02:00,2,0,267,444,1040,1341,1135,1646,1123,2542,1172,2133,1009,1280,943,1300,287,783,0,0,89,120,414,501,461,674,422,884,345,563,250,267,476,661,236,674,10316,6662,1342,575,7364,25,23,44,18
2021-04-23T23:59:59+02:00,2,0,265,434,1029,1325,1123,1636,1104,2520,1114,2088,986,1255,941,1293,287,780,0,0,88,119,414,500,458,673,421,882,342,560,246,262,471,656,236,674,10148,6639,1327,562,7269,25,23,43,17
2021-04-22T23:59:59+02:00,2,0,261,423,1005,1300,1101,1614,1066,2476,1064,2025,956,1213,933,1280,287,776,0,0,88,118,411,495,453,666,416,873,339,554,240,257,462,646,235,672,9863,6582,1277,548,7192,18,23,42,17
2021-04-21T23:59:59+02:00,2,0,256,419,979,1279,1076,1594,1030,2439,1017,1974,920,1162,923,1264,286,773,0,0,87,116,409,494,451,662,412,865,334,543,236,251,451,631,234,669,9553,6524,1251,527,7128,18,23,42,15
2021-04-20T23:59:59+02:00,2,0,249,413,960,1250,1056,1570,1005,2386,977,1918,871,1098,909,1248,284,771,0,0,86,116,407,491,448,655,406,858,330,535,230,243,439,612,233,669,9263,6456,1180,510,7055,17,23,42,14
2021-04-19T23:59:59+02:00,2,0,246,402,939,1236,1042,1550,989,2352,947,1878,844,1067,905,1241,284,768,0,0,85,115,406,489,443,649,402,848,325,525,230,238,429,593,231,664,9074,6393,1161,490,6985,14,22,41,14
2021-04-18T23:59:59+02:00,2,0,244,397,929,1225,1027,1540,968,2334,924,1855,818,1027,903,1236,283,766,0,0,84,113,401,486,443,647,401,845,324,522,229,234,423,589,231,664,8939,6370,1131,476,6927,14,22,41,14
2021-04-17T23:59:59+02:00,2,0,243,392,927,1221,1019,1536,959,2324,919,1849,801,1001,900,1230,283,766,0,0,84,110,398,482,441,647,398,840,324,517,227,230,417,582,231,663,8863,6326,1129,475,6898,13,22,41,14
2021-04-16T23:59:59+02:00,2,0,241,391,914,1216,1006,1516,944,2301,889,1809,761,944,891,1220,282,763,0,0,80,107,395,474,438,645,385,827,318,505,213,215,413,573,228,660,8667,6251,1113,434,6824,12,22,41,13
2021-04-15T23:59:59+02:00,2,0,239,384,888,1198,987,1500,916,2252,842,1770,725,897,879,1201,282,759,0,0,78,105,392,466,432,636,377,819,311,502,205,209,395,549,225,654,8426,6159,1100,404,6700,11,22,40,13
2021-04-14T23:59:59+02:00,2,0,237,376,877,1185,975,1485,901,2214,824,1738,684,852,848,1156,282,755,0,0,75,100,386,461,419,623,372,808,300,494,195,192,378,529,223,649,8186,6039,1080,371,6623,11,22,39,13
2021-04-13T23:59:59+02:00,2,0,233,372,864,1177,966,1474,888,2188,794,1708,628,797,827,1123,281,751,0,0,71,95,376,452,398,607,352,790,292,487,192,188,364,516,222,646,8014,5913,1031,342,6521,9,22,37,13
2021-04-12T23:59:59+02:00,2,0,231,371,857,1170,956,1457,861,2166,776,1684,596,767,816,1106,281,749,0,0,70,91,361,444,393,600,347,782,284,480,185,182,356,506,221,639,7908,5827,1009,316,6422,9,22,33,12
2021-04-11T23:59:59+02:00,1,0,226,369,847,1158,945,1449,846,2150,762,1665,578,741,809,1084,280,746,0,0,69,89,355,440,386,598,343,778,281,474,179,174,347,503,219,638,7841,5769,988,304,6320,7,21,30,12
2021-04-10T23:59:59+02:00,1,0,226,367,846,1154,940,1447,834,2140,752,1656,571,725,801,1070,279,746,0,0,65,80,329,423,363,583,330,763,267,464,172,166,341,488,218,636,7779,5581,982,298,6286,7,20,29,12
2021-04-09T23:59:59+02:00,1,0,226,363,836,1149,923,1422,824,2058,736,1570,535,661,780,1046,277,741,0,0,56,75,310,411,347,570,313,748,255,451,163,160,321,467,214,628,7647,5382,956,289,6032,7,16,26,12
2021-04-08T23:59:59+02:00,1,0,222,360,829,1142,910,1414,809,2037,711,1550,491,596,749,1022,275,737,0,0,54,72,298,393,331,556,299,733,241,432,153,144,305,449,212,610,7522,5178,912,276,5903,7,15,26,12
2021-04-07T23:59:59+02:00,1,0,216,355,818,1131,892,1396,788,2007,690,1517,452,553,720,984,272,733,0,0,52,69,278,377,321,550,291,720,231,417,139,134,285,429,206,600,7371,5004,877,261,5747,7,15,25,11
2021-04-06T23:59:59+02:00,1,0,213,353,810,1124,878,1376,768,1982,662,1491,425,514,695,952,271,730,0,0,50,67,276,372,317,548,282,715,227,410,134,130,276,409,201,590,7271,4930,848,242,5590,6,15,23,10
2021-04-05T23:59:59+02:00,1,0,213,352,805,1117,870,1364,759,1964,655,1475,404,493,678,927,271,729,0,0,50,66,275,368,316,544,278,709,223,409,133,127,263,387,196,582,7226,4865,836,227,5473,6,15,23,10
2021-04-04T23:59:59+02:00,1,0,212,348,801,1107,864,1354,749,1946,648,1456,392,481,675,922,271,729,0,0,50,65,274,367,315,544,277,709,222,409,131,126,254,374,192,580,7200,4830,831,226,5385,6,13,23,10
2021-04-03T23:59:59+02:00,1,0,212,347,799,1107,862,1352,749,1941,641,1453,384,475,671,912,271,728,0,0,50,64,274,367,315,544,277,707,222,407,131,126,254,372,192,578,7162,4822,831,226,5371,6,12,23,10
2021-04-02T23:59:59+02:00,1,0,211,345,798,1104,860,1350,744,1931,633,1442,374,466,658,901,270,727,0,0,50,63,271,364,311,542,273,699,217,398,129,125,247,353,191,565,7106,4741,824,223,5343,6,12,21,10
2021-04-01T23:59:59+02:00,1,0,208,342,791,1090,848,1336,737,1911,619,1423,359,441,625,868,269,721,0,0,48,62,263,357,306,538,271,691,215,393,121,123,231,328,188,544,7014,4630,779,216,5250,5,10,21,10
2021-03-31T23:59:59+02:00,1,0,204,339,782,1081,838,1322,727,1861,609,1382,348,428,601,822,266,718,0,0,48,62,262,356,301,535,267,689,208,389,116,120,217,301,186,523,6936,4542,732,207,5113,5,8,21,10
2021-03-30T23:59:59+02:00,1,0,201,333,776,1071,832,1298,713,1820,599,1336,335,412,576,785,264,718,0,0,48,61,259,352,296,532,266,684,205,383,113,118,207,282,182,509,6852,4460,694,202,4976,5,8,19,10
2021-03-29T23:59:59+02:00,1,0,197,328,771,1052,827,1284,703,1789,589,1296,331,398,549,747,262,711,0,0,48,59,256,349,295,530,265,680,202,375,109,116,197,270,176,497,6745,4395,672,196,4868,3,8,19,9
2021-03-28T23:59:59+02:00,1,0,191,311,761,1040,818,1275,698,1767,586,1278,329,383,522,720,260,709,0,0,48,58,253,348,292,524,261,677,200,372,106,114,190,261,173,496,6697,4350,638,190,4759,3,8,19,9
2021-03-27T23:59:59+01:00,1,0,191,308,755,1034,813,1271,692,1755,584,1269,325,374,515,710,260,708,0,0,48,58,253,348,292,524,257,671,197,368,104,113,186,254,169,486,6654,4312,630,183,4721,3,8,19,9
2021-03-26T23:59:59+01:00,1,0,187,306,743,1019,803,1252,678,1738,576,1246,317,363,511,696,258,704,0,0,46,58,252,348,291,521,257,670,191,356,99,106,175,237,162,475,6585,4230,611,182,4637,3,6,18,9
2021-03-25T23:59:59+01:00,1,0,183,304,734,1004,781,1222,659,1702,564,1205,309,350,494,671,256,700,0,0,46,57,249,343,287,520,250,667,191,355,93,105,158,215,155,450,6501,4131,597,173,4472,3,6,18,9
2021-03-24T23:59:59+01:00,1,0,180,297,724,990,771,1206,648,1665,548,1172,298,336,474,647,253,697,0,0,46,57,247,341,285,518,248,667,187,351,91,102,143,208,149,417,6418,4054,572,166,4343,2,6,18,9
2021-03-23T23:59:59+01:00,1,0,176,292,716,974,753,1187,636,1640,533,1134,292,324,455,631,248,694,0,0,45,57,245,339,282,515,242,661,185,347,87,97,137,200,139,391,6347,3969,554,161,4207,2,6,18,9
2021-03-22T23:59:59+01:00,1,0,172,281,696,950,731,1162,621,1602,518,1109,287,314,443,613,247,687,0,0,45,57,243,336,278,513,239,654,183,345,87,94,130,192,122,362,6258,3882,532,158,4061,1,6,18,9
2021-03-21T23:59:59+01:00,1,0,166,277,683,937,713,1149,607,1572,507,1075,279,306,428,605,245,685,0,0,45,57,240,336,276,511,238,653,181,343,86,91,128,191,117,359,6184,3860,512,154,3952,1,4,17,8
2021-03-20T23:59:59+01:00,1,0,164,275,674,932,707,1145,600,1566,504,1072,275,300,414,591,243,683,0,0,45,57,240,336,275,511,237,651,180,339,85,90,124,185,113,352,6144,3830,508,152,3903,1,4,16,8
2021-03-19T23:59:59+01:00,1,0,154,264,669,912,696,1137,592,1547,492,1059,260,279,397,567,237,675,0,0,43,57,239,335,274,510,235,644,179,335,82,87,116,175,109,333,6064,3765,467,150,3811,1,3,16,8
2021-03-18T23:59:59+01:00,1,0,149,257,649,894,678,1101,573,1494,474,1011,244,263,383,544,234,657,0,0,43,57,237,331,272,502,235,638,177,328,81,84,108,167,105,319,5972,3700,430,141,3597,1,3,16,8
2021-03-17T23:59:59+01:00,0,0,143,251,636,874,665,1093,567,1481,466,993,230,250,365,528,231,651,0,0,43,56,237,327,271,499,233,636,177,327,81,84,103,162,97,308,5876,3656,402,140,3529,1,3,15,8
2021-03-16T23:59:59+01:00,0,0,138,242,619,860,647,1082,555,1439,456,967,222,235,344,494,227,639,0,0,43,55,237,324,271,493,231,634,176,326,76,84,98,157,95,290,5780,3609,371,136,3391,1,2,14,8
2021-03-15T23:59:59+01:00,0,0,133,235,603,840,636,1060,544,1407,439,930,215,226,331,470,223,632,0,0,42,55,236,321,269,490,230,633,174,325,75,82,92,151,93,278,5684,3566,342,134,3268,1,1,13,8
2021-03-14T23:59:59+01:00,0,0,128,224,585,821,620,1039,535,1364,427,884,206,214,319,458,216,628,0,0,42,55,236,317,267,489,229,628,173,320,74,82,90,147,91,275,5611,3548,329,122,3093,1,0,12,8
2021-03-13T23:59:59+01:00,0,0,125,211,555,792,587,1013,510,1338,406,863,190,203,311,445,213,624,0,0,42,55,236,317,267,489,228,628,173,319,74,81,87,143,77,260,5405,3508,325,121,2999,1,0,12,8
2021-03-12T23:59:59+01:00,0,0,114,202,522,764,568,985,487,1300,382,829,174,192,286,414,211,604,0,0,42,55,236,316,265,489,227,628,173,318,68,80,83,137,74,253,5164,3475,318,121,2879,1,0,12,6
2021-03-11T23:59:59+01:00,0,0,106,192,488,717,527,947,448,1223,358,777,160,169,258,373,206,582,0,0,42,54,235,313,261,485,225,624,170,315,68,78,78,131,72,240,4912,3444,306,99,2613,1,0,10,5
2021-03-10T23:59:59+01:00,0,0,104,182,463,689,507,928,430,1184,341,735,144,153,241,342,201,549,0,0,41,54,233,308,257,479,222,616,170,312,65,77,74,129,70,231,4732,3400,292,87,2465,1,0,10,5
2021-03-09T23:59:59+01:00,0,0,104,177,449,658,477,898,415,1139,329,702,138,145,229,324,195,536,0,0,41,54,232,305,254,471,220,612,166,308,64,75,72,127,63,222,4645,3358,275,77,2277,1,0,10,4
2021-03-08T23:59:59+01:00,0,0,101,168,432,640,459,881,404,1087,319,660,134,137,214,303,190,523,0,0,41,54,232,301,251,466,215,607,159,304,61,74,67,124,62,221,4560,3328,259,59,2111,1,0,9,3
2021-03-07T23:59:59+01:00,0,0,98,164,425,627,447,865,394,1071,314,654,132,137,207,290,188,522,0,0,41,53,231,300,251,464,213,606,159,304,61,74,65,122,61,220,4512,3317,249,56,2047,0,0,9,3
2021-03-06T23:59:59+01:00,0,0,97,158,422,617,440,841,382,1020,304,622,130,136,201,282,186,517,0,0,41,53,231,300,250,463,213,605,159,304,61,74,63,122,60,215,4474,3312,249,50,1900,0,0,9,3
2021-03-05T23:59:59+01:00,0,0,95,152,416,604,436,832,379,1001,295,599,124,126,189,261,178,505,0,0,41,52,230,297,249,462,212,602,158,302,61,74,61,121,59,207,4390,3294,239,41,1823,0,0,9,3
2021-03-04T23:59:59+01:00,0,0,92,138,405,565,416,798,362,956,284,570,115,124,170,232,171,480,0,0,41,51,228,290,246,456,210,590,155,301,59,74,61,121,59,206,4283,3252,221,39,1630,0,0,9,3
2021-03-03T23:59:59+01:00,0,0,85,128,395,549,406,780,355,935,274,551,113,121,157,225,165,447,0,0,41,50,228,290,245,453,206,582,155,295,59,74,60,119,59,206,4209,3226,214,36,1512,0,0,9,3
2021-03-02T23:59:59+01:00,0,0,82,125,382,532,389,762,346,915,267,529,110,115,148,215,154,418,0,0,40,50,228,290,245,447,201,575,153,292,59,74,60,116,59,204,4113,3196,207,35,1412,0,0,9,3
2021-03-01T23:59:59+01:00,0,0,81,123,376,518,381,740,335,890,261,501,109,114,141,205,133,384,0,0,40,49,226,289,242,439,199,566,153,289,59,74,60,115,58,204,4023,3163,202,35,1305,0,0,9,3
2021-02-28T23:59:59+01:00,0,0,81,121,368,508,376,732,332,866,256,483,104,106,139,202,127,380,0,0,40,49,225,289,241,438,198,566,153,289,59,74,59,115,58,203,3997,3159,197,34,1222,0,0,9,2
2021-02-27T23:59:59+01:00,0,0,78,112,362,501,371,723,325,855,252,474,102,104,137,196,120,368,0,0,40,48,225,288,241,437,197,565,151,288,59,74,59,115,58,203,3960,3156,190,29,1161,0,0,9,2
2021-02-26T23:59:59+01:00,0,0,75,106,354,475,345,688,302,824,241,453,99,100,129,186,117,350,0,0,40,47,224,286,241,435,196,562,147,286,59,74,59,114,58,201,3903,3137,188,29,976,0,0,9,1
2021-02-25T23:59:59+01:00,0,0,66,94,340,452,333,659,293,796,230,429,94,100,121,179,114,338,0,0,40,47,222,282,236,432,193,554,142,285,59,72,57,112,57,201,3849,3105,180,21,820,0,0,9,1
2021-02-24T23:59:59+01:00,0,0,61,87,333,438,325,642,288,779,227,421,92,100,116,175,105,327,0,0,37,47,220,279,233,419,191,545,140,279,56,71,54,112,57,201,3805,3059,175,15,743,0,0,9,1
2021-02-23T23:59:59+01:00,0,0,59,78,318,418,315,624,282,760,221,413,87,98,111,171,103,306,0,0,35,47,219,277,230,412,190,539,136,276,55,71,54,108,57,199,3753,3025,170,11,642,0,0,9,1
2021-02-22T23:59:59+01:00,0,0,57,76,311,406,310,615,280,751,219,409,85,95,102,163,101,295,0,0,35,45,216,274,228,398,183,528,132,273,54,71,53,108,57,199,3706,2977,163,5,601,0,0,8,1
2021-02-21T23:59:59+01:00,0,0,56,75,304,399,307,605,275,742,214,406,84,93,101,161,99,293,0,0,35,44,214,272,227,394,182,519,131,272,54,71,53,108,57,198,3695,2952,160,5,551,0,0,7,1
2021-02-20T23:59:59+01:00,0,0,55,74,302,398,306,602,274,735,214,401,82,93,98,156,85,278,0,0,35,42,214,272,227,394,181,519,129,271,54,71,52,108,57,196,3655,2943,159,5,528,0,0,7,1
2021-02-19T23:59:59+01:00,0,0,54,74,299,392,298,580,262,709,212,389,78,90,93,148,82,270,0,0,35,41,214,272,226,393,181,518,129,271,54,71,51,107,56,194,3620,2934,157,5,439,0,0,5,1
2021-02-18T23:59:59+01:00,0,0,51,69,281,368,290,557,254,688,196,366,77,86,91,143,80,261,0,0,34,40,208,263,223,387,177,503,129,260,54,69,51,105,53,190,3589,2866,148,5,300,0,0,5,1
2021-02-17T23:59:59+01:00,0,0,51,67,274,362,288,541,246,674,192,345,75,84,86,141,78,252,0,0,32,39,204,255,216,373,173,485,126,249,50,67,51,102,52,186,3537,2776,147,4,244,0,0,5,1
2021-02-16T23:59:59+01:00,0,0,50,62,261,346,284,530,241,658,187,337,73,83,83,139,71,244,0,0,29,39,195,246,209,353,167,473,122,236,50,62,41,86,43,177,3497,2642,144,4,178,0,0,5,1
2021-02-15T23:59:59+01:00,0,0,50,61,256,343,277,518,238,652,183,331,71,83,78,135,70,243,0,0,28,38,186,237,204,345,161,463,117,229,47,59,41,81,39,170,3468,2558,143,4,145,0,0,5,1
2021-02-14T23:59:59+01:00,0,0,48,60,254,338,274,511,235,646,183,326,70,80,75,134,69,239,0,0,26,38,184,233,201,340,159,450,116,226,47,59,40,80,37,163,3455,2511,130,4,122,0,0,5,1
2021-02-13T23:59:59+01:00,0,0,47,60,254,338,272,511,235,645,183,326,70,79,74,134,69,238,0,0,26,38,183,232,198,340,158,449,115,223,46,58,39,79,36,158,3451,2491,129,2,120,0,0,5,1
2021-02-12T23:59:59+01:00,0,0,46,57,251,333,269,502,231,634,180,323,70,78,72,134,69,237,0,0,25,38,182,228,197,339,156,447,112,222,44,57,39,75,32,150,3440,2456,129,2,80,0,0,5,1
2021-02-11T23:59:59+01:00,0,0,45,55,244,310,263,485,224,612,168,313,67,77,70,132,69,231,0,0,25,35,164,205,190,308,147,404,107,202,39,55,34,64,29,133,3400,2246,105,1,18,0,0,5,0
2021-02-10T23:59:59+01:00,0,0,45,54,241,302,261,477,219,604,166,308,64,77,69,132,68,229,0,0,23,31,150,182,174,268,126,355,99,179,35,53,32,61,25,123,3366,2009,95,1,8,0,0,5,0
2021-02-09T23:59:59+01:00,0,0,43,53,240,299,259,467,214,596,163,305,63,77,69,130,68,229,0,0,23,29,130,156,158,244,112,312,92,153,28,48,31,48,22,109,3344,1777,79,1,4,0,0,5,0
2021-02-08T23:59:59+01:00,0,0,43,53,237,297,251,453,210,583,158,300,60,77,69,128,68,228,0,0,20,28,113,133,136,204,92,274,87,143,20,46,25,41,22,94,3297,1552,63,1,4,0,0,4,0
2021-02-07T23:59:59+01:00,0,0,43,52,234,296,249,452,209,580,157,299,60,77,68,127,68,227,0,0,19,22,108,122,126,192,87,254,82,133,20,43,24,33,22,87,3287,1445,59,1,0,0,0,3,0
2021-02-06T23:59:59+01:00,0,0,43,51,234,296,249,451,209,580,156,298,59,77,67,127,67,222,0,0,15,19,107,121,125,188,85,247,82,131,19,42,24,30,19,87,3282,1408,52,1,0,0,0,3,0
2021-02-05T23:59:59+01:00,0,0,42,49,234,295,249,450,208,578,154,297,59,77,67,126,66,212,0,0,13,16,98,113,121,183,84,243,82,123,18,42,24,26,17,84,3266,1350,43,0,0,0,0,3,0
2021-02-04T23:59:59+01:00,0,0,42,49,231,291,243,446,203,572,152,294,59,75,66,124,66,211,0,0,12,12,68,80,98,137,72,208,65,103,17,37,21,22,15,72,3226,1087,42,0,0,0,0,3,0
2021-02-03T23:59:59+01:00,0,0,41,48,231,288,242,434,201,566,151,291,59,74,65,123,66,211,0,0,9,7,53,61,75,112,54,162,55,74,13,17,17,16,10,56,3196,826,39,0,0,0,0,3,0
2021-02-02T23:59:59+01:00,0,0,40,48,230,285,238,428,200,560,148,290,58,74,63,120,64,208,0,0,7,5,36,42,59,81,43,104,45,52,11,14,12,11,5,39,3157,590,38,0,0,0,0,3,0
2021-02-01T23:59:59+01:00,0,0,39,46,228,285,233,422,196,554,145,283,58,73,61,119,64,208,0,0,5,3,28,22,32,49,29,65,27,30,9,9,8,5,2,22,3116,358,38,0,0,0,0,2,0
2021-01-31T23:59:59+01:00,0,0,39,46,227,284,231,415,194,546,144,282,58,73,60,118,64,207,0,0,5,3,25,17,23,38,23,53,21,26,9,6,7,5,2,20,3090,294,36,0,0,0,0,2,0
2021-01-30T23:59:59+01:00,0,0,39,46,227,284,231,414,193,546,144,282,58,73,59,118,64,204,0,0,5,3,23,16,21,38,21,49,20,25,7,5,7,4,2,19,3085,275,35,0,0,0,0,2,0
2021-01-29T23:59:59+01:00,0,0,39,46,227,282,230,413,192,545,142,280,58,73,58,117,63,203,0,0,5,1,17,11,16,30,18,43,16,23,6,4,6,4,2,18,3075,228,31,0,0,0,0,1,0
2021-01-28T23:59:59+01:00,0,0,39,45,217,278,229,408,190,536,140,276,58,73,57,116,61,202,0,0,5,1,7,3,9,17,10,25,9,11,3,2,4,1,0,17,3040,128,23,0,0,0,0,1,0
2021-01-27T23:59:59+01:00,0,0,38,44,213,271,225,398,188,522,137,267,55,71,57,113,60,199,0,0,2,1,5,3,8,15,9,22,8,11,3,2,2,1,0,13,2971,108,19,0,0,0,0,1,0
2021-01-26T23:59:59+01:00,0,0,34,44,210,259,220,385,184,504,133,260,54,66,51,106,52,191,0,0,2,1,4,3,8,15,9,21,8,11,3,2,2,1,0,10,2868,103,15,0,0,0,0,1,0
2021-01-25T23:59:59+01:00,0,0,34,43,200,254,217,374,181,493,129,250,52,64,50,103,46,189,0,0,2,1,3,3,6,13,8,18,8,11,3,2,2,0,0,8,2801,91,5,0,0,0,0,1,0
2021-01-24T23:59:59+01:00,0,0,33,42,197,251,215,373,179,491,129,249,52,64,48,100,45,188,0,0,2,1,2,3,5,13,8,18,8,11,3,2,2,0,0,8,2778,89,4,0,0,0,0,1,0
2021-01-23T23:59:59+01:00,0,0,33,42,197,251,213,373,179,491,129,249,52,63,48,99,45,185,0,0,2,1,2,3,5,12,8,17,7,11,3,2,2,0,0,8,2770,86,4,0,0,0,0,1,0
2021-01-22T23:59:59+01:00,0,0,31,41,196,247,212,373,178,489,127,249,52,63,48,99,43,179,0,0,2,0,2,3,4,12,8,16,7,11,3,2,2,0,0,8,2748,83,4,0,0,0,0,1,0
2021-01-21T23:59:59+01:00,0,0,27,39,184,233,206,357,174,468,125,236,50,63,44,90,42,175,0,0,2,0,2,3,1,7,7,11,5,7,3,2,1,0,0,6,2628,60,4,0,0,0,0,0,0
2021-01-20T23:59:59+01:00,0,0,26,36,166,208,188,313,144,413,115,213,45,60,41,85,36,160,0,0,2,0,2,3,1,7,7,10,5,5,3,2,1,0,0,6,2353,57,3,0,0,0,0,0,0
2021-01-19T23:59:59+01:00,0,0,26,33,139,181,171,277,135,371,108,191,33,53,32,70,32,145,0,0,1,0,1,3,1,5,4,8,3,4,2,0,1,0,0,3,2089,38,3,0,0,0,0,0,0
2021-01-18T23:59:59+01:00,0,0,21,32,125,160,149,236,118,323,101,167,29,50,29,58,30,124,0,0,1,0,1,1,0,2,3,6,2,4,1,0,1,0,0,3,1837,27,3,0,0,0,0,0,0
2021-01-17T23:59:59+01:00,0,0,19,23,119,144,141,223,109,296,96,156,29,44,29,51,28,109,0,0,1,0,0,0,0,1,1,4,2,2,1,0,1,0,0,0,1693,14,3,0,0,0,0,0,0
2021-01-16T23:59:59+01:00,0,0,16,21,116,142,139,218,106,286,95,149,26,43,28,45,22,106,0,0,0,0,0,0,0,0,0,0,0,0,0,0,0,0,0,0,1633,0,1,0,0,0,0,0,0
2021-01-15T23:59:59+01:00,0,0,13,18,110,133,135,212,103,277,94,139,25,43,28,40,21,103,0,0,0,0,0,0,0,0,0,0,0,0,0,0,0,0,0,0,1564,0,1,0,0,0,0,0,0
2021-01-14T23:59:59+01:00,0,0,11,14,86,100,116,173,87,237,81,122,19,38,25,32,20,87,0,0,0,0,0,0,0,0,0,0,0,0,0,0,0,0,0,0,1303,0,0,0,0,0,0,0,0
2021-01-13T23:59:59+01:00,0,0,9,13,72,88,102,144,79,195,75,97,18,24,21,24,18,69,0,0,0,0,0,0,0,0,0,0,0,0,0,0,0,0,0,0,1093,0,0,0,0,0,0,0,0
2021-01-12T23:59:59+01:00,0,0,7,9,58,70,84,115,71,139,63,75,14,19,17,20,9,52,0,0,0,0,0,0,0,0,0,0,0,0,0,0,0,0,0,0,860,0,0,0,0,0,0,0,0
2021-01-11T23:59:59+01:00,0,0,5,7,50,52,70,87,56,111,47,56,13,14,8,9,4,27,0,0,0,0,0,0,0,0,0,0,0,0,0,0,0,0,0,0,642,0,0,0,0,0,0,0,0
2021-01-10T23:59:59+01:00,0,0,5,7,45,41,52,70,42,89,39,48,12,9,7,9,4,23,0,0,0,0,0,0,0,0,0,0,0,0,0,0,0,0,0,0,519,0,0,0,0,0,0,0,0
2021-01-09T23:59:59+01:00,0,0,5,6,40,40,47,67,39,81,37,44,11,9,7,8,4,22,0,0,0,0,0,0,0,0,0,0,0,0,0,0,0,0,0,0,482,0,0,0,0,0,0,0,0
2021-01-08T23:59:59+01:00,0,0,5,5,32,32,41,58,30,68,31,39,8,6,5,7,3,20,0,0,0,0,0,0,0,0,0,0,0,0,0,0,0,0,0,0,402,0,0,0,0,0,0,0,0
2021-01-07T23:59:59+01:00,0,0,5,2,14,3,12,20,12,31,8,19,6,3,4,2,1,18,0,0,0,0,0,0,0,0,0,0,0,0,0,0,0,0,0,0,164,0,0,0,0,0,0,0,0
2021-01-06T23:59:59+01:00,0,0,5,1,7,3,7,17,9,25,7,11,4,3,2,2,1,15,0,0,0,0,0,0,0,0,0,0,0,0,0,0,0,0,0,0,123,0,0,0,0,0,0,0,0
2021-01-05T23:59:59+01:00,0,0,3,1,4,3,7,16,9,23,7,10,4,2,2,2,0,14,0,0,0,0,0,0,0,0,0,0,0,0,0,0,0,0,0,0,111,0,0,0,0,0,0,0,0
2021-01-04T23:59:59+01:00,0,0,2,1,4,3,7,15,8,20,7,10,3,2,2,1,0,9,0,0,0,0,0,0,0,0,0,0,0,0,0,0,0,0,0,0,97,0,0,0,0,0,0,0,0
2021-01-03T23:59:59+01:00,0,0,2,1,2,3,6,15,8,20,7,10,3,2,2,1,0,9,0,0,0,0,0,0,0,0,0,0,0,0,0,0,0,0,0,0,94,0,0,0,0,0,0,0,0
2021-01-02T23:59:59+01:00,0,0,2,1,2,3,6,15,7,20,6,10,3,2,2,1,0,9,0,0,0,0,0,0,0,0,0,0,0,0,0,0,0,0,0,0,92,0,0,0,0,0,0,0,0
2021-01-01T23:59:59+01:00,0,0,2,0,2,3,5,15,7,20,6,10,3,2,2,1,0,9,0,0,0,0,0,0,0,0,0,0,0,0,0,0,0,0,0,0,90,0,0,0,0,0,0,0,0
2020-12-31T23:59:59+01:00,0,0,2,0,2,3,5,14,7,20,6,10,3,2,2,1,0,9,0,0,0,0,0,0,0,0,0,0,0,0,0,0,0,0,0,0,89,0,0,0,0,0,0,0,0
2020-12-30T23:59:59+01:00,0,0,2,0,2,3,5,13,7,18,6,10,3,2,2,1,0,9,0,0,0,0,0,0,0,0,0,0,0,0,0,0,0,0,0,0,86,0,0,0,0,0,0,0,0
2020-12-29T23:59:59+01:00,0,0,1,0,1,3,4,8,4,15,4,8,2,1,2,0,0,7,0,0,0,0,0,0,0,0,0,0,0,0,0,0,0,0,0,0,62,0,0,0,0,0,0,0,0
2020-12-28T23:59:59+01:00,0,0,1,0,1,1,1,1,2,8,3,5,2,0,1,0,0,3,0,0,0,0,0,0,0,0,0,0,0,0,0,0,0,0,0,0,31,0,0,0,0,0,0,0,0
2020-12-27T23:59:59+01:00,0,0,1,0,0,0,0,1,1,7,1,2,1,0,1,0,0,1,0,0,0,0,0,0,0,0,0,0,0,0,0,0,0,0,0,0,17,0,0,0,0,0,0,0,0
