Datum,<24_1_m,<24_1_w,25-34_1_m,25-34_1_w,35-44_1_m,35-44_1_w,45-54_1_m,45-54_1_w,55-64_1_m,55-64_1_w,65-74_1_m,65-74_1_w,75-84_1_m,75-84_1_w,>84_1_m,>84_1_w,<24_2_m,<24_2_w,25-34_2_m,25-34_2_w,35-44_2_m,35-44_2_w,45-54_2_m,45-54_2_w,55-64_2_m,55-64_2_w,65-74_2_m,65-74_2_w,75-84_2_m,75-84_2_w,>84_2_m,>84_2_w,bp_1,bp_2,mo_1,mo_2,az_1,az_2,ja
2021-05-22T23:59:59+02:00,553,716,1751,1613,2089,2300,2245,3676,2264,3227,1387,1781,1742,2119,1287,2938,160,206,525,621,562,982,522,1335,557,1002,551,691,1057,1323,777,1940,21036,9943,2847,988,7334,1267,705
2021-05-21T23:59:59+02:00,542,700,1682,1584,2017,2257,2202,3642,2237,3193,1381,1775,1741,2118,1287,2938,160,203,521,615,553,974,514,1324,545,987,544,672,1051,1321,777,1939,20674,9890,2823,988,7330,1211,703
2021-05-20T23:59:59+02:00,512,674,1561,1527,1908,2191,2101,3567,2174,3123,1367,1764,1738,2113,1287,2936,152,193,491,584,532,940,492,1273,526,939,530,651,1046,1316,777,1938,20120,9812,2757,982,7258,1036,642
2021-05-19T23:59:59+02:00,477,633,1468,1474,1776,2130,1985,3470,2093,3049,1353,1752,1732,2110,1285,2936,138,181,468,566,505,910,464,1220,505,886,519,637,1037,1295,776,1935,19503,9687,2701,969,7226,951,527
2021-05-18T23:59:59+02:00,448,612,1396,1425,1700,2074,1889,3357,2013,2966,1343,1736,1727,2103,1285,2934,124,173,449,549,489,879,447,1146,485,826,508,618,1033,1283,775,1932,19081,9591,2554,935,7180,855,427
2021-05-17T23:59:59+02:00,426,598,1354,1389,1659,2027,1837,3271,1980,2906,1324,1721,1724,2097,1285,2933,118,166,436,537,482,841,441,1087,480,780,495,591,1031,1275,775,1932,18832,9539,2455,913,7139,768,339
2021-05-16T23:59:59+02:00,421,597,1330,1366,1628,2007,1801,3220,1936,2861,1310,1712,1722,2093,1285,2933,114,164,429,519,471,822,430,1041,465,742,476,571,1029,1271,775,1931,18689,9501,2391,886,7110,689,266
2021-05-15T23:59:59+02:00,414,590,1308,1349,1614,1988,1786,3198,1913,2835,1306,1711,1722,2092,1284,2933,114,162,427,519,471,821,429,1036,460,735,473,568,1027,1270,775,1931,18518,9479,2391,886,7106,683,262
2021-05-14T23:59:59+02:00,403,578,1282,1317,1573,1949,1715,3137,1875,2802,1301,1706,1721,2092,1282,2933,112,159,425,503,451,797,416,1008,449,717,463,558,1025,1266,775,1930,18210,9440,2352,872,7088,585,249
2021-05-13T23:59:59+02:00,384,556,1228,1282,1478,1902,1614,3061,1819,2724,1279,1696,1715,2091,1280,2930,109,156,416,498,443,784,411,995,441,704,447,534,1017,1248,775,1926,17848,9377,2155,840,7044,555,224
2021-05-12T23:59:59+02:00,377,550,1213,1277,1465,1894,1597,3041,1809,2711,1277,1691,1710,2090,1280,2930,108,155,416,498,442,779,406,990,440,699,440,523,1016,1243,775,1926,17747,9338,2136,834,7040,555,221
2021-05-11T23:59:59+02:00,361,529,1148,1250,1371,1857,1500,2949,1734,2650,1267,1669,1706,2082,1280,2930,103,145,402,470,420,757,394,960,419,682,427,500,1009,1239,775,1926,17400,9268,1993,809,6950,471,172
2021-05-10T23:59:59+02:00,348,514,1115,1227,1320,1828,1440,2894,1690,2594,1261,1658,1703,2076,1280,2927,102,143,396,462,411,738,388,941,414,657,422,489,1008,1236,775,1926,17176,9229,1926,802,6858,422,147
2021-05-09T23:59:59+02:00,343,502,1077,1215,1298,1810,1395,2864,1645,2561,1254,1648,1701,2071,1280,2926,97,140,392,455,404,731,381,931,405,650,413,479,1005,1234,775,1925,16992,9203,1881,797,6820,381,128
2021-05-08T23:59:59+02:00,336,500,1071,1195,1274,1800,1382,2847,1625,2548,1248,1644,1700,2071,1279,2926,97,140,391,455,402,730,380,925,405,646,412,478,1001,1227,775,1925,16853,9191,1878,791,6818,371,128
2021-05-07T23:59:59+02:00,328,493,1054,1173,1232,1779,1327,2796,1587,2503,1243,1637,1699,2066,1279,2923,94,136,379,442,393,703,369,895,390,622,406,457,992,1217,775,1924,16637,9145,1852,770,6760,271,100
2021-05-06T23:59:59+02:00,312,481,973,1133,1121,1723,1196,2685,1480,2431,1221,1611,1698,2058,1279,2921,91,132,366,430,386,683,357,878,374,604,400,448,982,1207,775,1922,16216,9104,1690,756,6573,193,74
2021-05-05T23:59:59+02:00,301,468,942,1111,1085,1690,1132,2625,1423,2365,1207,1588,1693,2048,1279,2917,91,127,363,424,382,672,354,871,366,588,387,435,968,1195,775,1922,15861,9051,1638,739,6533,153,69
2021-05-04T23:59:59+02:00,292,457,912,1093,1051,1668,1089,2579,1383,2316,1195,1560,1689,2041,1279,2915,89,125,357,414,380,666,346,856,359,571,378,420,960,1176,775,1922,15597,8986,1582,716,6501,119,65
2021-05-03T23:59:59+02:00,289,447,886,1075,1019,1656,1060,2547,1352,2280,1184,1534,1684,2035,1278,2913,84,119,347,411,372,656,344,851,350,563,368,409,951,1165,774,1920,15395,8924,1563,710,6463,99,43
2021-05-02T23:59:59+02:00,286,445,870,1064,1000,1645,1041,2535,1344,2257,1177,1524,1683,2034,1278,2911,82,119,342,408,370,652,341,845,348,557,360,401,937,1157,774,1920,15302,8896,1550,694,6438,87,28
2021-05-01T23:59:59+02:00,283,442,864,1057,991,1636,1031,2523,1334,2243,1173,1518,1682,2032,1278,2911,82,119,342,407,369,651,340,842,347,556,359,401,937,1157,774,1920,15205,8889,1550,694,6438,84,28
2021-04-30T23:59:59+02:00,279,435,856,1042,971,1619,998,2457,1295,2200,1165,1504,1679,2030,1278,2908,81,117,341,404,366,643,339,817,343,551,355,396,935,1152,774,1919,14953,8877,1547,685,6436,61,2
2021-04-29T23:59:59+02:00,267,428,823,1020,939,1588,958,2402,1220,2135,1135,1471,1677,2024,1278,2907,81,116,337,402,362,639,334,805,338,542,347,387,927,1145,774,1917,14586,8837,1516,665,6388,41,2
2021-04-28T23:59:59+02:00,256,425,811,1007,912,1576,925,2367,1167,2074,1113,1431,1672,2023,1278,2907,77,116,331,397,358,632,332,798,336,532,334,375,918,1135,774,1916,14332,8782,1479,641,6350,27,2
2021-04-27T23:59:59+02:00,253,416,801,995,899,1567,905,2347,1147,2046,1094,1399,1667,2020,1278,2905,76,113,329,394,357,628,330,793,331,526,330,366,910,1122,774,1915,14174,8741,1458,620,6323,22,2
2021-04-26T23:59:59+02:00,251,411,794,988,889,1561,884,2325,1102,2004,1081,1379,1660,2017,1277,2904,76,113,327,392,356,627,328,791,328,522,324,356,905,1115,774,1915,14023,8714,1446,604,6274,20,2
2021-04-25T23:59:59+02:00,251,408,786,981,876,1551,870,2311,1074,1976,1067,1361,1657,2011,1277,2903,75,113,327,388,354,626,328,789,327,521,322,353,903,1108,774,1914,13915,8706,1425,592,6235,13,2
2021-04-24T23:59:59+02:00,246,405,779,978,864,1541,860,2294,1052,1962,1061,1341,1655,2009,1277,2903,75,113,327,388,354,626,327,789,327,518,321,352,903,1107,774,1914,13793,8703,1425,588,6223,13,2
2021-04-23T23:59:59+02:00,243,399,770,969,860,1534,843,2281,994,1924,1052,1321,1652,2004,1277,2900,75,113,327,388,354,625,326,787,326,517,315,344,901,1103,774,1914,13679,8688,1415,577,6140,13,2
2021-04-22T23:59:59+02:00,242,392,750,951,845,1516,811,2239,958,1876,1030,1284,1645,1994,1277,2897,75,110,325,386,351,618,323,780,325,513,312,339,893,1093,773,1913,13464,8644,1369,568,6083,6,2
2021-04-21T23:59:59+02:00,236,388,735,938,826,1501,782,2207,914,1833,1005,1238,1641,1982,1277,2896,73,108,323,385,350,615,321,776,322,506,311,335,886,1078,771,1909,13222,8600,1348,551,6037,6,2
2021-04-20T23:59:59+02:00,232,382,722,919,814,1483,762,2156,888,1789,973,1180,1629,1969,1276,2895,73,108,321,385,347,612,319,771,322,502,309,328,876,1058,770,1909,13002,8553,1286,539,5987,6,2
2021-04-19T23:59:59+02:00,230,374,712,908,801,1467,751,2132,869,1761,951,1145,1625,1966,1276,2892,73,107,319,382,344,607,318,763,320,494,309,323,862,1041,769,1903,12858,8498,1273,520,5934,4,2
2021-04-18T23:59:59+02:00,229,372,704,905,786,1458,738,2120,853,1744,931,1113,1623,1962,1274,2890,72,105,318,381,344,607,317,759,320,492,308,318,856,1038,768,1903,12766,8479,1255,511,5886,4,2
2021-04-17T23:59:59+02:00,227,368,698,902,782,1458,734,2114,850,1737,919,1096,1621,1958,1274,2890,71,102,317,379,344,607,316,755,320,489,307,314,852,1031,768,1903,12709,8450,1254,509,5870,4,2
2021-04-16T23:59:59+02:00,226,365,693,900,769,1444,726,2096,819,1698,888,1045,1615,1949,1273,2888,67,100,314,374,343,605,312,747,315,474,295,294,849,1021,764,1897,12542,8385,1241,469,5816,4,2
2021-04-15T23:59:59+02:00,223,362,678,883,756,1432,705,2058,781,1658,862,1008,1605,1930,1272,2882,66,100,311,368,338,604,305,742,308,471,289,287,830,1001,762,1890,12353,8312,1230,443,5715,4,2
2021-04-14T23:59:59+02:00,220,356,670,877,748,1418,698,2027,767,1633,829,974,1581,1891,1269,2877,63,95,308,366,335,600,303,737,301,461,283,275,812,984,761,1884,12166,8235,1214,416,5657,4,2
2021-04-13T23:59:59+02:00,216,351,663,873,739,1407,690,2006,741,1606,797,924,1564,1864,1267,2872,61,94,305,362,327,595,299,731,296,455,279,270,801,974,756,1881,12032,8178,1173,392,5577,3,2
2021-04-12T23:59:59+02:00,215,350,660,870,731,1396,675,1989,726,1589,768,892,1553,1851,1267,2868,60,90,296,356,323,589,294,726,291,450,270,262,796,966,756,1875,11945,8116,1156,366,5500,3,2
2021-04-11T23:59:59+02:00,211,349,654,866,725,1391,668,1977,715,1574,750,868,1546,1834,1267,2864,58,88,291,354,322,587,292,724,288,443,266,257,788,962,754,1874,11901,8076,1138,353,5421,3,2
2021-04-10T23:59:59+02:00,211,349,654,865,723,1389,664,1970,710,1570,743,852,1540,1824,1267,2864,53,80,267,342,309,574,282,712,273,434,257,249,783,949,752,1872,11862,7925,1132,343,5401,3,2
2021-04-09T23:59:59+02:00,211,345,651,863,715,1363,655,1891,695,1490,716,801,1520,1805,1267,2859,44,75,253,329,291,560,266,700,262,421,246,244,763,926,749,1868,11757,7744,1112,333,5178,3,1
2021-04-08T23:59:59+02:00,210,341,646,859,709,1356,645,1872,677,1471,678,747,1493,1786,1266,2857,42,72,244,314,276,553,251,685,245,405,233,225,749,909,744,1851,11657,7561,1076,314,5080,3,1
2021-04-07T23:59:59+02:00,204,338,640,852,702,1345,631,1847,664,1444,644,705,1468,1746,1263,2851,40,68,227,300,267,546,245,674,236,391,219,215,720,886,741,1838,11530,7390,1044,299,4967,3,1
2021-04-06T23:59:59+02:00,201,337,634,849,691,1331,615,1823,642,1423,623,669,1450,1717,1262,2850,39,67,226,298,264,544,236,671,230,385,215,209,705,862,739,1830,11457,7316,1020,280,4836,3,1
2021-04-05T23:59:59+02:00,201,337,634,842,685,1322,609,1806,634,1410,602,645,1440,1695,1262,2848,39,67,225,295,262,539,232,665,229,383,215,203,686,841,739,1825,11424,7257,1007,263,4734,3,1
2021-04-04T23:59:59+02:00,200,335,634,837,681,1313,604,1788,630,1393,593,633,1439,1693,1262,2847,39,67,224,295,262,539,232,665,228,383,214,203,676,827,739,1822,11413,7227,1006,263,4656,3,1
2021-04-03T23:59:59+02:00,200,335,634,837,680,1311,604,1785,625,1391,581,626,1438,1685,1261,2846,39,67,224,295,262,539,232,665,228,382,214,203,676,823,739,1820,11384,7220,1006,263,4642,3,1
2021-04-02T23:59:59+02:00,200,335,634,835,679,1308,601,1778,620,1383,573,617,1430,1675,1260,2845,39,67,221,294,261,537,231,659,223,377,210,201,662,800,736,1807,11341,7143,1000,257,4624,3,1
2021-04-01T23:59:59+02:00,196,329,631,828,668,1295,595,1758,607,1364,553,593,1409,1647,1259,2833,38,66,213,291,260,533,228,651,219,372,202,199,642,773,729,1783,11256,7025,961,249,4537,3,1
2021-03-31T23:59:59+02:00,193,327,625,821,660,1280,587,1713,598,1328,542,582,1389,1604,1253,2825,38,66,211,290,259,531,227,645,212,370,196,195,615,739,725,1757,11187,6911,921,240,4407,3,1
2021-03-30T23:59:59+02:00,191,321,620,814,657,1252,581,1678,588,1290,532,567,1363,1565,1250,2818,38,64,209,288,257,529,224,640,210,363,191,191,603,717,714,1742,11104,6824,893,230,4276,3,1
2021-03-29T23:59:59+02:00,188,315,614,798,653,1242,572,1649,580,1252,519,548,1331,1525,1243,2804,38,64,208,287,256,527,224,634,207,355,187,188,588,701,710,1732,10975,6759,866,222,4178,2,1
2021-03-28T23:59:59+02:00,180,299,608,790,649,1235,568,1631,578,1235,514,531,1307,1499,1240,2797,38,63,205,287,252,521,222,630,207,353,185,187,580,694,709,1728,10926,6719,833,217,4088,2,1
2021-03-27T23:59:59+01:00,179,297,605,786,646,1230,564,1622,576,1227,510,523,1303,1492,1240,2796,38,62,205,287,252,521,222,624,205,349,182,185,574,685,702,1718,10893,6676,829,210,4059,2,1
2021-03-26T23:59:59+01:00,177,295,598,777,642,1220,556,1603,571,1207,500,510,1295,1476,1232,2791,38,62,205,287,252,519,222,624,198,338,180,180,554,661,693,1701,10824,6579,809,210,3999,2,1
2021-03-25T23:59:59+01:00,175,294,589,766,630,1201,540,1569,561,1173,489,495,1269,1454,1227,2784,38,62,201,281,252,519,217,621,196,336,173,179,530,637,673,1667,10748,6458,786,198,3863,2,1
2021-03-24T23:59:59+01:00,172,283,581,756,625,1186,536,1540,553,1141,481,482,1248,1424,1221,2775,37,62,201,280,252,518,217,620,192,333,170,173,508,621,660,1622,10673,6351,759,190,3752,2,0
2021-03-23T23:59:59+01:00,170,281,575,747,611,1175,530,1520,542,1108,473,468,1228,1407,1212,2768,36,61,200,278,249,517,213,615,189,328,165,170,489,610,636,1581,10615,6227,741,184,3637,2,0
2021-03-22T23:59:59+01:00,164,274,557,733,598,1156,521,1496,531,1084,470,457,1217,1391,1209,2760,36,60,199,276,247,516,212,609,189,325,163,165,475,592,599,1542,10569,6099,719,180,3507,2,0
2021-03-21T23:59:59+01:00,162,273,552,726,595,1151,517,1470,523,1052,463,449,1201,1386,1206,2753,36,60,199,275,246,515,211,608,188,323,162,163,470,590,593,1538,10545,6076,706,175,3401,2,0
2021-03-20T23:59:59+01:00,160,273,548,724,594,1149,514,1468,523,1048,458,442,1189,1371,1201,2748,36,60,199,275,245,515,211,606,188,318,159,162,466,584,588,1529,10507,6043,702,172,3373,2,0
2021-03-19T23:59:59+01:00,152,262,542,713,588,1141,513,1455,510,1030,440,410,1158,1342,1193,2742,36,60,199,274,244,515,210,599,186,314,159,159,456,561,580,1504,10409,5963,656,167,3295,2,0
2021-03-18T23:59:59+01:00,149,259,527,707,566,1108,499,1407,490,985,420,393,1133,1314,1185,2722,36,60,196,272,243,505,210,593,184,312,157,157,443,550,573,1478,10295,5886,620,156,3116,2,0
2021-03-17T23:59:59+01:00,143,251,517,696,556,1104,492,1395,479,970,406,378,1108,1293,1179,2709,36,59,196,272,242,502,210,593,184,310,157,155,435,544,559,1454,10179,5825,591,154,3071,2,0
2021-03-16T23:59:59+01:00,137,247,507,684,543,1091,480,1359,467,943,398,361,1077,1252,1175,2696,36,58,196,271,242,497,210,592,182,310,154,155,430,531,547,1428,10069,5757,559,152,2950,2,0
2021-03-15T23:59:59+01:00,135,241,494,669,533,1065,470,1323,458,910,386,347,1057,1223,1169,2685,35,58,196,268,241,494,210,591,180,310,152,152,421,524,540,1404,9961,5697,519,149,2843,2,0
2021-03-14T23:59:59+01:00,130,227,482,652,525,1042,464,1276,448,872,373,339,1036,1206,1165,2674,35,58,196,266,239,493,209,587,179,305,151,149,418,520,536,1399,9886,5678,496,132,2685,2,0
2021-03-13T23:59:59+01:00,125,213,456,633,500,1018,443,1253,425,855,357,332,1023,1191,1164,2670,35,58,196,266,239,493,209,587,178,304,150,149,413,512,519,1382,9702,5628,487,131,2618,2,0
2021-03-12T23:59:59+01:00,115,202,430,609,480,988,424,1222,403,820,339,318,986,1153,1155,2649,35,58,196,266,239,492,209,587,178,304,147,147,406,502,510,1372,9454,5583,476,131,2509,2,0
2021-03-11T23:59:59+01:00,107,190,400,573,445,949,392,1155,380,759,322,289,946,1109,1131,2615,35,58,195,263,233,488,207,582,176,300,145,146,397,492,498,1352,9175,5535,448,98,2277,2,0
2021-03-10T23:59:59+01:00,102,182,382,554,429,928,378,1119,361,722,306,275,902,1069,1120,2573,35,58,192,258,231,481,205,577,176,297,143,144,384,486,489,1329,8958,5465,429,86,2151,2,0
2021-03-09T23:59:59+01:00,101,177,370,534,410,898,364,1075,349,687,297,265,870,1045,1099,2554,35,58,191,254,230,475,203,574,173,295,143,143,376,480,484,1314,8825,5420,411,74,1986,2,0
2021-03-08T23:59:59+01:00,98,171,357,521,394,876,355,1027,343,650,287,257,843,1013,1088,2541,35,58,191,252,226,469,199,567,169,293,141,143,369,477,478,1306,8714,5383,389,57,1843,1,0
2021-03-07T23:59:59+01:00,95,164,354,513,385,858,345,1014,342,645,284,254,835,1001,1084,2534,35,58,191,251,226,467,198,566,169,293,141,143,365,474,474,1304,8661,5367,371,55,1798,0,0
2021-03-06T23:59:59+01:00,95,159,349,510,379,834,340,965,333,615,283,252,828,991,1079,2528,35,58,191,251,225,466,198,565,169,293,141,143,364,474,473,1298,8625,5362,371,49,1666,0,0
2021-03-05T23:59:59+01:00,93,154,345,505,377,829,338,950,322,592,278,241,798,957,1067,2502,35,58,190,250,224,465,197,563,168,291,140,142,361,473,470,1287,8497,5345,355,36,1613,0,0
2021-03-04T23:59:59+01:00,93,145,332,471,367,798,322,903,311,571,267,239,763,915,1033,2462,35,58,188,245,223,458,195,553,165,289,139,141,360,471,468,1284,8324,5303,335,35,1449,0,0
2021-03-03T23:59:59+01:00,90,140,323,458,363,785,317,885,302,551,261,230,732,889,1009,2402,35,57,188,245,222,455,193,544,165,283,139,138,359,468,465,1281,8175,5273,320,30,1354,0,0
2021-03-02T23:59:59+01:00,86,137,315,448,353,770,309,867,296,526,251,226,709,868,963,2341,34,57,188,245,222,447,188,540,163,281,138,138,358,463,465,1273,7989,5234,305,30,1280,0,0
2021-03-01T23:59:59+01:00,84,134,311,436,346,753,301,838,290,497,250,220,690,842,906,2267,34,56,187,244,219,438,187,533,161,277,138,138,357,459,461,1268,7803,5191,291,30,1179,0,0
2021-02-28T23:59:59+01:00,84,132,305,427,343,742,301,814,285,478,246,215,685,838,899,2260,34,56,185,243,219,438,187,533,161,277,137,138,357,456,461,1267,7773,5183,282,30,1105,0,0
2021-02-27T23:59:59+01:00,81,122,301,417,337,741,297,801,282,468,242,213,678,826,889,2245,34,56,185,242,219,437,186,532,160,276,137,138,357,456,461,1267,7722,5182,273,25,1049,0,0
2021-02-26T23:59:59+01:00,79,117,295,395,310,707,279,773,273,448,240,211,661,802,879,2214,34,56,185,241,219,435,185,530,158,274,137,138,357,456,461,1265,7633,5169,271,25,881,0,0
2021-02-25T23:59:59+01:00,72,104,283,378,304,676,271,746,261,428,232,208,650,785,863,2184,34,56,184,239,215,432,181,522,154,273,136,135,349,451,457,1261,7536,5125,260,17,749,0,0
2021-02-24T23:59:59+01:00,66,98,278,368,298,662,268,734,257,419,229,208,634,774,840,2151,33,56,183,237,212,419,180,514,152,268,135,133,345,450,456,1254,7444,5076,253,12,685,0,0
2021-02-23T23:59:59+01:00,59,88,269,359,288,642,262,719,252,411,225,206,623,758,824,2112,32,56,182,234,210,414,178,509,150,264,135,131,342,444,454,1246,7349,5033,244,9,600,0,0
2021-02-22T23:59:59+01:00,55,85,263,345,285,634,260,708,249,409,218,202,609,746,810,2085,32,54,178,231,204,400,172,500,145,260,134,130,336,441,451,1239,7266,4964,233,3,559,0,0
2021-02-21T23:59:59+01:00,51,83,262,339,283,624,255,699,244,406,217,201,605,742,805,2080,32,53,177,229,204,398,171,490,145,258,134,130,332,441,449,1231,7249,4930,228,3,512,0,0
2021-02-20T23:59:59+01:00,50,83,260,338,283,620,254,692,241,401,216,201,595,732,786,2060,32,53,177,229,204,398,171,490,144,257,134,130,331,441,448,1230,7190,4925,222,3,492,0,0
2021-02-19T23:59:59+01:00,49,83,254,333,278,593,247,672,237,390,213,197,584,720,771,2047,32,52,177,229,203,397,171,489,143,257,134,129,326,440,444,1223,7134,4902,216,3,406,0,0
2021-02-18T23:59:59+01:00,47,77,236,317,270,571,238,654,223,364,210,191,577,712,757,2031,32,51,175,223,202,388,167,475,142,250,132,125,313,432,430,1185,7082,4777,199,3,280,0,0
2021-02-17T23:59:59+01:00,47,75,231,312,268,555,233,640,221,346,206,188,562,706,743,2003,30,49,172,217,194,372,162,458,137,241,127,121,307,422,418,1165,6993,4645,194,3,234,0,0
2021-02-16T23:59:59+01:00,44,69,223,301,265,542,228,627,215,341,202,188,551,700,731,1985,28,49,163,208,185,353,158,445,133,230,126,116,287,398,401,1131,6930,4464,192,3,173,0,0
2021-02-15T23:59:59+01:00,43,68,217,298,257,529,226,621,212,333,201,187,541,696,726,1972,27,47,158,203,180,347,154,435,129,225,114,112,272,384,382,1085,6887,4307,186,3,137,0,0
2021-02-14T23:59:59+01:00,41,68,214,295,254,522,224,618,212,329,201,183,535,694,722,1961,26,46,157,201,176,342,154,422,128,223,114,109,265,378,373,1064,6870,4230,165,3,119,0,0
2021-02-13T23:59:59+01:00,40,68,214,295,253,522,224,617,212,329,201,183,534,693,722,1961,26,46,155,200,173,342,153,419,126,221,114,109,263,375,368,1059,6866,4203,165,1,118,0,0
2021-02-12T23:59:59+01:00,39,66,212,291,250,511,220,607,209,324,200,181,529,692,720,1955,26,45,153,198,172,341,150,417,126,219,113,106,262,365,350,1023,6843,4120,165,1,78,0,0
2021-02-11T23:59:59+01:00,38,64,204,273,243,493,210,583,198,309,198,180,523,679,705,1934,25,43,137,180,165,307,140,374,122,200,104,96,237,337,318,934,6780,3769,116,1,17,0,0
2021-02-10T23:59:59+01:00,38,64,199,267,241,486,208,575,195,304,196,180,519,676,700,1926,23,42,126,160,153,268,124,330,112,177,92,90,218,316,286,867,6740,3426,106,1,7,0,0
2021-02-09T23:59:59+01:00,37,62,197,264,240,473,204,570,191,302,194,176,518,670,697,1918,23,40,110,134,138,246,111,285,102,154,78,82,196,269,258,785,6700,3049,88,1,3,0,0
2021-02-08T23:59:59+01:00,37,62,196,260,233,458,201,559,187,297,191,176,512,667,694,1915,21,37,92,115,118,197,95,252,92,142,67,78,172,233,225,703,6647,2672,71,1,3,0,0
2021-02-07T23:59:59+01:00,37,61,193,258,233,456,201,557,187,297,191,176,511,664,694,1914,20,32,88,108,111,184,89,236,89,132,62,75,165,221,218,675,6636,2535,68,1,0,0,0
2021-02-06T23:59:59+01:00,37,61,193,258,233,455,201,556,186,297,191,176,511,664,693,1908,15,25,88,107,110,178,87,232,89,128,61,75,165,217,213,665,6633,2484,61,1,0,0,0
2021-02-05T23:59:59+01:00,37,61,193,258,233,454,200,554,184,296,191,176,511,664,687,1889,12,20,81,101,107,174,85,230,84,117,59,74,160,213,200,652,6619,2396,41,0,0,0,0
2021-02-04T23:59:59+01:00,36,61,193,256,228,450,196,548,182,293,191,173,509,659,684,1882,9,11,56,72,83,132,74,196,63,96,54,67,142,188,174,581,6572,2018,41,0,0,0,0
2021-02-03T23:59:59+01:00,36,58,193,254,227,438,192,542,182,290,191,171,503,658,679,1871,6,6,40,56,67,108,57,150,48,73,40,43,113,133,136,428,6521,1519,36,0,0,0,0
2021-02-02T23:59:59+01:00,35,58,192,251,224,432,190,537,180,287,189,170,497,652,674,1858,4,5,27,37,51,76,44,96,37,56,32,28,82,98,95,278,6461,1058,36,0,0,0,0
2021-02-01T23:59:59+01:00,34,55,190,251,220,427,187,531,176,279,189,167,492,649,671,1850,2,2,21,19,25,39,26,62,21,32,19,19,52,70,53,170,6403,641,36,0,0,0,0
2021-01-31T23:59:59+01:00,34,55,190,249,218,423,185,522,175,277,188,167,487,646,669,1841,2,2,19,14,16,34,18,48,15,27,18,15,42,62,52,149,6361,539,35,0,0,0,0
2021-01-30T23:59:59+01:00,34,55,190,249,218,423,184,521,175,277,188,167,486,646,669,1839,2,2,18,13,14,34,16,44,13,26,18,14,42,60,50,145,6357,516,34,0,0,0,0
2021-01-29T23:59:59+01:00,34,55,190,246,216,422,184,520,174,275,188,167,481,644,663,1835,2,0,16,9,8,29,16,39,10,22,18,14,40,59,50,142,6334,477,30,0,0,0,0
2021-01-28T23:59:59+01:00,34,54,186,244,216,415,183,512,172,272,187,166,469,640,653,1823,2,0,3,3,3,18,10,19,5,11,15,10,26,38,33,104,6273,300,22,0,0,0,0
2021-01-27T23:59:59+01:00,33,52,182,238,210,405,180,499,168,263,180,162,459,629,638,1800,0,0,2,3,3,15,9,18,4,11,14,9,21,32,27,80,6144,248,19,0,0,0,0
2021-01-26T23:59:59+01:00,30,52,178,226,203,391,177,481,165,256,179,158,444,614,620,1768,0,0,1,3,3,15,9,18,4,11,14,8,19,26,27,71,5992,229,15,0,0,0,0
2021-01-25T23:59:59+01:00,30,51,172,224,200,382,174,468,160,248,171,155,428,604,606,1739,0,0,1,3,2,13,8,15,4,10,14,7,15,25,23,66,5872,206,4,0,0,0,0
2021-01-24T23:59:59+01:00,29,50,171,221,198,381,173,466,160,248,171,155,425,601,605,1736,0,0,1,3,2,13,8,15,4,10,14,7,15,25,22,65,5850,204,3,0,0,0,0
2021-01-23T23:59:59+01:00,29,50,171,221,196,381,173,466,160,248,171,155,425,601,600,1731,0,0,1,3,2,13,8,15,4,10,14,7,15,25,22,65,5838,204,3,0,0,0,0
2021-01-22T23:59:59+01:00,29,49,169,217,195,381,173,465,160,248,171,154,424,599,585,1704,0,0,1,3,2,13,8,15,4,10,14,7,15,25,22,65,5783,204,3,0,0,0,0
2021-01-21T23:59:59+01:00,28,48,160,208,189,364,167,445,159,235,163,150,403,577,564,1678,0,0,1,3,0,7,7,11,3,5,13,7,13,19,20,52,5595,161,3,0,0,0,0
2021-01-20T23:59:59+01:00,27,47,145,185,174,320,143,393,146,213,151,138,373,544,518,1545,0,0,1,3,0,7,7,11,3,4,13,6,13,18,16,50,5113,152,3,0,0,0,0
2021-01-19T23:59:59+01:00,25,46,125,155,156,288,133,349,134,193,124,119,323,477,464,1372,0,0,1,3,0,6,5,7,1,3,7,2,6,14,9,34,4527,98,2,0,0,0,0
2021-01-18T23:59:59+01:00,22,41,106,142,132,239,120,304,117,167,99,109,269,399,378,1149,0,0,1,1,0,3,4,5,0,3,0,1,1,4,5,19,3834,47,2,0,0,0,0
2021-01-17T23:59:59+01:00,21,30,102,129,123,223,113,277,111,158,92,98,257,374,346,1089,0,0,0,0,0,1,2,4,0,1,0,1,1,2,1,4,3578,17,2,0,0,0,0
2021-01-16T23:59:59+01:00,17,24,99,127,121,216,110,268,108,151,91,98,255,366,337,1071,0,0,0,0,0,0,0,0,0,0,0,0,0,0,0,1,3495,1,0,0,0,0,0
2021-01-15T23:59:59+01:00,13,22,95,119,119,209,107,262,107,138,87,96,250,356,319,1046,0,0,0,0,0,0,0,0,0,0,0,0,0,0,0,1,3378,1,0,0,0,0,0
2021-01-14T23:59:59+01:00,10,13,69,89,101,170,90,221,90,119,75,83,216,321,278,902,0,0,0,0,0,0,0,0,0,0,0,0,0,0,0,0,2873,0,0,0,0,0,0
2021-01-13T23:59:59+01:00,7,10,58,79,92,143,80,180,79,96,59,60,169,217,236,701,0,0,0,0,0,0,0,0,0,0,0,0,0,0,0,0,2288,0,0,0,0,0,0
2021-01-12T23:59:59+01:00,6,10,49,60,75,110,69,131,64,75,44,41,125,159,170,482,0,0,0,0,0,0,0,0,0,0,0,0,0,0,0,0,1688,0,0,0,0,0,0
2021-01-11T23:59:59+01:00,3,8,44,46,62,80,52,103,48,56,28,25,70,110,93,269,0,0,0,0,0,0,0,0,0,0,0,0,0,0,0,0,1111,0,0,0,0,0,0
2021-01-10T23:59:59+01:00,2,7,38,34,46,64,36,81,38,47,25,20,58,99,90,229,0,0,0,0,0,0,0,0,0,0,0,0,0,0,0,0,925,0,0,0,0,0,0
2021-01-09T23:59:59+01:00,2,6,35,32,40,62,34,72,33,44,25,20,58,98,88,228,0,0,0,0,0,0,0,0,0,0,0,0,0,0,0,0,886,0,0,0,0,0,0
2021-01-08T23:59:59+01:00,2,4,28,26,33,56,27,61,30,38,24,19,55,95,86,222,0,0,0,0,0,0,0,0,0,0,0,0,0,0,0,0,814,0,0,0,0,0,0
2021-01-07T23:59:59+01:00,2,2,9,3,6,20,12,28,11,19,21,13,41,61,57,163,0,0,0,0,0,0,0,0,0,0,0,0,0,0,0,0,468,0,0,0,0,0,0
2021-01-06T23:59:59+01:00,2,0,3,3,4,17,9,19,6,14,18,12,35,50,49,132,0,0,0,0,0,0,0,0,0,0,0,0,0,0,0,0,373,0,0,0,0,0,0
2021-01-05T23:59:59+01:00,1,0,1,3,4,15,9,18,6,13,18,11,34,49,46,125,0,0,0,0,0,0,0,0,0,0,0,0,0,0,0,0,353,0,0,0,0,0,0
2021-01-04T23:59:59+01:00,0,0,1,3,4,14,8,16,6,12,17,9,24,38,35,101,0,0,0,0,0,0,0,0,0,0,0,0,0,0,0,0,288,0,0,0,0,0,0
2021-01-03T23:59:59+01:00,0,0,1,3,4,14,8,16,6,12,17,9,24,38,35,100,0,0,0,0,0,0,0,0,0,0,0,0,0,0,0,0,287,0,0,0,0,0,0
2021-01-02T23:59:59+01:00,0,0,1,3,4,14,8,16,6,12,17,9,24,38,35,100,0,0,0,0,0,0,0,0,0,0,0,0,0,0,0,0,287,0,0,0,0,0,0
2021-01-01T23:59:59+01:00,0,0,1,3,4,14,8,16,6,12,17,9,24,38,35,100,0,0,0,0,0,0,0,0,0,0,0,0,0,0,0,0,287,0,0,0,0,0,0
2020-12-31T23:59:59+01:00,0,0,1,3,4,14,8,16,6,12,17,9,24,38,35,100,0,0,0,0,0,0,0,0,0,0,0,0,0,0,0,0,287,0,0,0,0,0,0
2020-12-30T23:59:59+01:00,0,0,1,3,4,14,8,16,6,12,17,9,24,38,35,100,0,0,0,0,0,0,0,0,0,0,0,0,0,0,0,0,287,0,0,0,0,0,0
2020-12-29T23:59:59+01:00,0,0,1,3,3,10,6,11,4,10,11,5,18,32,25,80,0,0,0,0,0,0,0,0,0,0,0,0,0,0,0,0,219,0,0,0,0,0,0
2020-12-28T23:59:59+01:00,0,0,1,1,1,2,4,6,3,5,7,2,4,12,14,40,0,0,0,0,0,0,0,0,0,0,0,0,0,0,0,0,102,0,0,0,0,0,0
2020-12-27T23:59:59+01:00,0,0,0,0,0,1,2,6,0,2,0,1,3,4,2,13,0,0,0,0,0,0,0,0,0,0,0,0,0,0,0,0,34,0,0,0,0,0,0
