Datum,<15_1_m,<15_1_w,15-24_1_m,15-24_1_w,25-34_1_m,25-34_1_w,35-44_1_m,35-44_1_w,45-54_1_m,45-54_1_w,55-64_1_m,55-64_1_w,65-74_1_m,65-74_1_w,75-84_1_m,75-84_1_w,>84_1_m,>84_1_w,<15_2_m,<15_2_w,15-24_2_m,15-24_2_w,25-34_2_m,25-34_2_w,35-44_2_m,35-44_2_w,45-54_2_m,45-54_2_w,55-64_2_m,55-64_2_w,65-74_2_m,65-74_2_w,75-84_2_m,75-84_2_w,>84_2_m,>84_2_w,bp_1,bp_2,mo_1,mo_2,az_1,az_2,ja,unb_1,unb_2
2021-11-26T23:59:59+01:00,338,321,5680,4393,13037,8453,12101,7746,10179,10172,6283,6870,2029,2547,1247,1703,332,944,217,184,4274,3536,10504,7179,10012,6621,8613,8761,5544,6063,1868,2322,1168,1610,294,869,64140,50995,8350,7523,9479,8175,14497,82,94
2021-11-25T23:59:59+01:00,326,315,5655,4365,12995,8428,12067,7721,10149,10144,6272,6855,2022,2541,1244,1699,332,944,215,179,4231,3517,10444,7151,9945,6586,8557,8733,5528,6051,1864,2317,1168,1609,294,869,63855,50640,8344,7508,9479,8175,14486,82,94
2021-11-24T23:59:59+01:00,320,309,5616,4359,12954,8399,12037,7698,10121,10123,6256,6839,2021,2531,1242,1697,332,944,214,179,4208,3507,10385,7127,9893,6568,8519,8709,5513,6036,1861,2316,1168,1609,294,869,63589,50367,8338,7503,9479,8175,14481,82,94
2021-11-23T23:59:59+01:00,311,303,5586,4346,12905,8378,11997,7671,10084,10083,6245,6820,2015,2526,1241,1696,332,943,214,178,4184,3498,10326,7106,9854,6544,8476,8686,5498,6019,1854,2312,1168,1608,294,868,63311,50100,8313,7494,9479,8175,14468,82,94
2021-11-22T23:59:59+01:00,298,291,5550,4327,12840,8353,11947,7650,10049,10052,6230,6799,2012,2515,1240,1694,332,943,213,178,4162,3487,10283,7089,9807,6526,8440,8654,5489,6007,1852,2310,1167,1607,294,868,62969,49860,8302,7488,9479,8173,14461,82,94
2021-11-21T23:59:59+01:00,294,282,5517,4314,12785,8335,11899,7625,10021,10026,6217,6786,2008,2511,1237,1694,332,943,209,178,4144,3479,10261,7079,9775,6506,8415,8638,5479,5998,1851,2307,1167,1606,294,867,62698,49698,8291,7483,9479,8173,14447,82,94
2021-11-20T23:59:59+01:00,289,278,5462,4297,12742,8315,11874,7613,9998,10004,6199,6774,2005,2510,1236,1692,332,943,208,178,4135,3472,10243,7071,9758,6502,8404,8626,5468,5991,1847,2304,1167,1606,294,867,62463,49603,8276,7478,9479,8173,14434,82,94
2021-11-19T23:59:59+01:00,277,269,5397,4253,12662,8291,11825,7591,9950,9966,6186,6758,2000,2500,1236,1692,332,943,207,178,4101,3460,10176,7055,9719,6486,8382,8604,5454,5985,1847,2300,1167,1606,294,867,62051,49372,8263,7466,9479,8173,14424,82,94
2021-11-18T23:59:59+01:00,273,261,5338,4220,12562,8247,11750,7554,9900,9919,6164,6727,1997,2492,1233,1689,332,941,203,177,4076,3446,10121,7035,9655,6469,8345,8578,5436,5974,1843,2296,1165,1605,294,867,61552,49093,8247,7456,9479,8173,14410,82,94
2021-11-17T23:59:59+01:00,272,259,5275,4181,12480,8198,11679,7512,9839,9869,6137,6700,1992,2486,1231,1686,332,939,203,177,4042,3438,10078,7010,9601,6440,8308,8542,5415,5960,1842,2294,1163,1602,294,867,61043,48806,8239,7448,9479,8173,14395,82,94
2021-11-16T23:59:59+01:00,269,255,5219,4156,12367,8154,11583,7465,9785,9816,6108,6677,1988,2473,1231,1683,331,939,202,176,4024,3434,10044,6995,9566,6428,8281,8518,5405,5949,1841,2293,1163,1600,293,866,60521,48638,8218,7443,9479,8173,14370,82,94
2021-11-15T23:59:59+01:00,267,253,5137,4118,12237,8108,11483,7418,9715,9756,6076,6644,1982,2464,1231,1682,331,938,200,176,3995,3421,10025,6982,9531,6413,8269,8501,5397,5933,1838,2292,1162,1600,293,865,59891,48481,8210,7438,9479,8173,14346,82,94
2021-11-14T23:59:59+01:00,266,248,5084,4096,12166,8068,11404,7392,9653,9720,6053,6620,1978,2461,1229,1681,331,938,199,175,3983,3410,9983,6962,9513,6403,8258,8485,5390,5926,1837,2292,1160,1599,293,865,59478,48353,8198,7432,9479,8173,14319,82,94
2021-11-13T23:59:59+01:00,262,247,5056,4081,12099,8041,11351,7368,9614,9692,6038,6606,1976,2460,1229,1680,331,938,197,175,3978,3404,9970,6954,9503,6400,8252,8482,5387,5924,1836,2291,1160,1599,293,865,59200,48316,8177,7427,9479,8173,14298,82,94
2021-11-12T23:59:59+01:00,257,243,5004,4050,12004,7994,11280,7335,9550,9648,6018,6580,1974,2453,1228,1680,331,938,194,175,3959,3395,9941,6939,9486,6389,8232,8470,5377,5919,1836,2287,1160,1599,293,865,58730,48190,8169,7424,9479,8173,14273,82,94
2021-11-11T23:59:59+01:00,254,241,4918,4023,11883,7942,11161,7295,9473,9583,5976,6537,1968,2444,1228,1679,331,937,192,174,3934,3383,9901,6921,9457,6364,8201,8447,5372,5907,1836,2286,1159,1598,293,865,58093,48010,8146,7413,9479,8173,14237,82,94
2021-11-10T23:59:59+01:00,249,239,4846,4001,11724,7872,11056,7243,9391,9525,5942,6508,1964,2438,1226,1676,331,935,190,173,3918,3370,9874,6908,9434,6350,8176,8433,5361,5901,1834,2283,1158,1595,293,865,57446,47881,8125,7408,9478,8173,14196,82,94
2021-11-09T23:59:59+01:00,249,237,4788,3971,11604,7837,10974,7208,9335,9497,5910,6479,1963,2435,1226,1676,331,935,189,170,3904,3363,9843,6897,9408,6339,8159,8411,5351,5887,1834,2279,1156,1594,293,865,56990,47757,8112,7402,9478,8172,14151,82,94
2021-11-08T23:59:59+01:00,247,232,4730,3943,11479,7801,10862,7170,9259,9439,5881,6454,1960,2433,1225,1672,331,934,188,168,3882,3352,9811,6881,9378,6323,8142,8398,5345,5879,1832,2274,1155,1593,293,865,56458,47642,8098,7390,9477,8172,14094,82,94
2021-11-07T23:59:59+01:00,246,231,4697,3927,11413,7767,10793,7153,9209,9415,5864,6438,1958,2430,1224,1671,330,934,187,167,3871,3341,9793,6872,9359,6315,8132,8388,5340,5875,1831,2273,1154,1592,293,865,56151,47575,8085,7379,9477,8172,14061,82,94
2021-11-06T23:59:59+01:00,246,231,4684,3917,11375,7755,10753,7135,9185,9398,5851,6428,1955,2428,1224,1671,330,934,187,167,3869,3336,9786,6868,9355,6311,8128,8382,5336,5873,1828,2273,1154,1592,293,865,55963,47542,8082,7379,9477,8172,14049,82,94
2021-11-05T23:59:59+01:00,245,230,4643,3898,11307,7729,10679,7101,9117,9358,5835,6411,1954,2424,1223,1670,330,934,186,167,3854,3330,9769,6853,9340,6305,8109,8370,5332,5867,1827,2272,1154,1592,293,865,55590,47460,8077,7377,9477,8172,14014,82,94
2021-11-04T23:59:59+01:00,243,226,4578,3869,11187,7668,10563,7051,9023,9306,5804,6387,1950,2417,1222,1669,330,933,184,165,3832,3315,9732,6828,9296,6278,8083,8339,5316,5852,1827,2267,1153,1592,293,865,55057,47316,8062,7373,9477,8172,13893,82,94
2021-11-03T23:59:59+01:00,242,224,4543,3846,11091,7626,10471,7020,8955,9260,5780,6363,1947,2415,1222,1668,330,933,183,162,3814,3310,9700,6809,9264,6271,8061,8322,5310,5848,1823,2260,1153,1592,293,864,54629,47201,8054,7365,9477,8172,13838,82,94
2021-11-02T23:59:59+01:00,242,222,4496,3828,11005,7596,10388,6989,8883,9227,5752,6345,1944,2412,1222,1667,330,933,182,161,3805,3291,9675,6788,9233,6259,8042,8295,5301,5838,1819,2258,1153,1590,293,862,54251,47091,8045,7356,9477,8169,13765,82,94
2021-11-01T23:59:59+01:00,241,222,4462,3813,10930,7566,10289,6957,8822,9199,5728,6323,1942,2406,1222,1665,330,932,182,161,3785,3280,9641,6766,9200,6240,8019,8282,5288,5827,1818,2258,1153,1590,293,862,53911,46983,8039,7349,9477,8169,13679,82,94
2021-10-31T23:59:59+01:00,239,222,4447,3810,10913,7559,10276,6952,8816,9193,5727,6320,1942,2406,1222,1665,330,932,181,161,3779,3278,9634,6764,9194,6238,8017,8279,5286,5824,1817,2258,1153,1590,293,862,53862,46973,8036,7348,9477,8169,13653,82,94
2021-10-30T23:59:59+02:00,238,222,4442,3808,10891,7555,10261,6949,8807,9185,5717,6316,1941,2405,1222,1665,330,932,181,161,3777,3278,9625,6761,9188,6238,8013,8278,5280,5821,1817,2258,1153,1590,293,862,53799,46963,8036,7347,9477,8169,13629,82,94
2021-10-29T23:59:59+02:00,237,221,4387,3795,10806,7528,10180,6920,8760,9142,5698,6303,1941,2401,1222,1665,329,931,180,160,3752,3271,9590,6755,9159,6232,7993,8260,5273,5815,1815,2258,1153,1590,293,861,53482,46896,8027,7344,9477,8169,13533,82,94
2021-10-28T23:59:59+02:00,237,219,4339,3776,10697,7494,10075,6883,8697,9088,5671,6276,1939,2394,1220,1665,329,931,180,159,3724,3260,9542,6724,9107,6204,7962,8234,5259,5806,1814,2254,1153,1590,292,861,53106,46773,8012,7330,9477,8169,13379,82,94
2021-10-27T23:59:59+02:00,237,218,4314,3768,10632,7470,10021,6843,8640,9055,5652,6257,1936,2391,1220,1664,329,931,177,159,3708,3251,9502,6701,9083,6189,7942,8217,5251,5794,1811,2253,1152,1587,292,860,52834,46655,8001,7320,9477,8168,13308,82,94
2021-10-26T23:59:59+02:00,236,216,4280,3751,10582,7439,9964,6815,8599,9008,5633,6242,1933,2388,1219,1663,329,930,175,159,3692,3241,9460,6679,9049,6175,7921,8195,5240,5787,1809,2252,1150,1583,292,859,52567,46520,7992,7319,9477,8168,13228,82,94
2021-10-25T23:59:59+02:00,234,216,4273,3744,10566,7432,9942,6801,8583,8988,5630,6236,1931,2387,1219,1663,329,930,175,159,3689,3239,9450,6666,9032,6165,7909,8180,5236,5785,1808,2252,1149,1583,292,859,52492,46480,7991,7317,9477,8167,13180,82,94
2021-10-24T23:59:59+02:00,231,215,4263,3731,10521,7415,9912,6781,8564,8964,5624,6227,1929,2387,1218,1663,329,930,174,158,3678,3233,9426,6659,9013,6154,7898,8166,5231,5781,1808,2251,1149,1582,292,859,52343,46417,7985,7313,9477,8165,13133,82,94
2021-10-23T23:59:59+02:00,228,215,4258,3727,10499,7412,9900,6774,8559,8954,5623,6222,1929,2387,1218,1663,329,930,174,158,3676,3230,9418,6658,9007,6151,7893,8163,5230,5780,1808,2251,1149,1582,292,859,52281,46399,7984,7312,9477,8165,13119,82,94
2021-10-22T23:59:59+02:00,227,214,4234,3717,10461,7395,9873,6758,8533,8917,5611,6202,1929,2386,1218,1663,329,930,172,157,3667,3228,9396,6645,8986,6141,7881,8152,5221,5769,1807,2247,1149,1581,292,859,52107,46327,7979,7307,9477,8165,13065,82,94
2021-10-21T23:59:59+02:00,221,212,4213,3702,10389,7373,9827,6722,8500,8868,5602,6177,1928,2383,1217,1662,329,930,170,157,3637,3209,9351,6629,8957,6123,7854,8127,5205,5755,1805,2244,1147,1580,292,859,51854,46161,7965,7299,9477,8165,12989,82,94
2021-10-20T23:59:59+02:00,221,212,4199,3692,10370,7358,9797,6705,8474,8848,5594,6164,1926,2380,1217,1662,329,930,169,156,3624,3195,9321,6615,8927,6109,7837,8114,5197,5745,1802,2242,1147,1578,292,857,51711,46029,7963,7291,9477,8164,12956,81,94
2021-10-19T23:59:59+02:00,218,211,4190,3686,10350,7349,9768,6692,8457,8836,5586,6158,1924,2379,1217,1662,329,929,163,154,3613,3178,9302,6600,8911,6097,7825,8101,5184,5735,1802,2237,1146,1577,292,857,51610,45903,7953,7287,9477,8164,12929,81,94
2021-10-18T23:59:59+02:00,218,207,4172,3678,10338,7338,9749,6684,8445,8825,5580,6144,1923,2375,1215,1661,329,929,163,154,3602,3164,9284,6587,8895,6090,7816,8092,5183,5722,1799,2234,1146,1577,292,855,51503,45810,7949,7279,9477,8163,12908,81,94
2021-10-17T23:59:59+02:00,218,205,4165,3674,10329,7329,9734,6681,8438,8822,5577,6140,1922,2375,1215,1660,328,928,163,151,3590,3156,9274,6583,8887,6084,7807,8083,5181,5717,1797,2230,1144,1577,292,855,51451,45741,7943,7276,9477,8162,12895,81,94
2021-10-16T23:59:59+02:00,218,205,4163,3672,10323,7326,9732,6678,8437,8817,5575,6138,1921,2374,1214,1659,328,928,163,150,3589,3155,9270,6581,8887,6083,7804,8082,5180,5717,1797,2230,1144,1577,292,855,51428,45733,7940,7276,9477,8161,12889,81,94
2021-10-15T23:59:59+02:00,216,205,4149,3665,10306,7317,9719,6673,8428,8802,5567,6131,1920,2374,1214,1659,328,928,163,148,3579,3151,9258,6570,8872,6077,7798,8076,5173,5713,1797,2230,1144,1576,292,855,51337,45667,7937,7274,9477,8161,12871,81,94
2021-10-14T23:59:59+02:00,214,205,4136,3657,10278,7298,9690,6653,8407,8781,5558,6121,1919,2370,1214,1658,328,928,162,145,3554,3142,9227,6544,8840,6052,7774,8063,5162,5702,1796,2225,1141,1576,292,855,51208,45509,7926,7258,9477,8159,12825,81,94
2021-10-13T23:59:59+02:00,212,205,4123,3651,10261,7284,9671,6643,8392,8766,5550,6113,1917,2369,1214,1656,328,928,160,145,3539,3136,9200,6529,8823,6041,7756,8053,5153,5695,1796,2225,1140,1574,292,855,51110,45405,7922,7252,9477,8159,12795,81,94
2021-10-12T23:59:59+02:00,210,203,4116,3644,10243,7277,9651,6632,8380,8749,5537,6103,1915,2367,1213,1655,328,928,158,143,3530,3125,9178,6513,8798,6024,7741,8041,5139,5685,1792,2220,1140,1573,292,855,51006,45268,7916,7248,9477,8158,12772,81,94
2021-10-11T23:59:59+02:00,210,201,4104,3636,10218,7269,9628,6616,8372,8730,5531,6092,1914,2365,1213,1655,328,928,156,143,3518,3113,9139,6500,8770,6003,7723,8022,5132,5675,1791,2219,1140,1573,292,855,50912,45132,7905,7237,9477,8157,12735,81,94
2021-10-10T23:59:59+02:00,209,199,4091,3633,10209,7257,9621,6605,8363,8718,5528,6083,1914,2365,1212,1655,328,928,155,143,3507,3110,9120,6493,8759,5996,7711,8016,5126,5668,1789,2218,1140,1572,292,855,50847,45058,7896,7234,9476,8156,12718,81,94
2021-10-09T23:59:59+02:00,209,199,4088,3631,10206,7256,9607,6600,8360,8716,5525,6083,1914,2364,1212,1655,328,928,155,142,3503,3107,9118,6490,8750,5990,7707,8015,5121,5667,1789,2218,1140,1572,292,855,50826,45039,7896,7231,9476,8154,12702,81,94
2021-10-08T23:59:59+02:00,207,198,4077,3622,10182,7247,9593,6588,8347,8695,5518,6077,1913,2363,1212,1655,328,928,155,142,3494,3100,9097,6482,8735,5981,7702,7999,5111,5664,1787,2215,1139,1571,292,855,50730,44961,7891,7230,9476,8154,12670,81,94
2021-10-07T23:59:59+02:00,206,197,4059,3608,10151,7231,9555,6577,8326,8673,5513,6071,1912,2358,1212,1655,328,928,155,142,3466,3076,9056,6463,8709,5969,7679,7968,5092,5653,1784,2210,1139,1570,292,855,50584,44774,7884,7212,9476,8154,12631,81,94
2021-10-06T23:59:59+02:00,204,196,4049,3601,10122,7213,9541,6569,8317,8665,5506,6063,1910,2355,1212,1653,328,927,154,142,3453,3063,9033,6452,8691,5956,7670,7954,5089,5642,1782,2207,1139,1569,292,855,50485,44672,7880,7206,9476,8152,12604,81,94
2021-10-05T23:59:59+02:00,203,195,4033,3590,10105,7197,9522,6557,8298,8640,5498,6056,1909,2353,1212,1652,328,926,153,142,3438,3050,9010,6439,8667,5943,7649,7927,5079,5634,1780,2203,1138,1567,292,855,50374,44545,7878,7198,9476,8152,12559,81,94
2021-10-04T23:59:59+02:00,203,194,4011,3581,10079,7182,9487,6537,8280,8626,5490,6047,1906,2353,1211,1647,328,924,152,142,3422,3042,8983,6420,8633,5926,7627,7900,5068,5619,1779,2201,1138,1566,291,855,50255,44407,7869,7194,9475,8152,12497,81,94
2021-10-03T23:59:59+02:00,203,193,3994,3573,10053,7168,9474,6526,8266,8613,5488,6040,1904,2350,1210,1646,327,924,152,142,3407,3033,8954,6411,8622,5917,7618,7886,5063,5614,1778,2198,1138,1565,290,855,50169,44338,7867,7191,9475,8148,12451,81,94
2021-10-02T23:59:59+02:00,203,193,3992,3572,10052,7166,9470,6525,8264,8612,5486,6038,1903,2349,1210,1646,327,924,152,141,3404,3032,8950,6410,8620,5917,7614,7885,5062,5610,1777,2197,1138,1565,290,855,50160,44326,7865,7190,9475,8146,12442,81,94
2021-10-01T23:59:59+02:00,201,192,3982,3566,10031,7157,9454,6514,8252,8598,5481,6028,1899,2345,1210,1646,327,923,150,140,3387,3024,8931,6399,8604,5905,7606,7874,5055,5603,1775,2197,1138,1565,290,855,50079,44254,7862,7187,9475,8142,12400,81,94
2021-09-30T23:59:59+02:00,200,191,3949,3544,9978,7131,9415,6484,8224,8570,5464,6015,1896,2342,1208,1646,327,922,148,139,3366,3002,8883,6370,8569,5883,7590,7840,5039,5589,1773,2191,1138,1565,290,854,49891,44115,7854,7162,9475,8139,12293,81,94
2021-09-29T23:59:59+02:00,199,189,3930,3531,9933,7115,9396,6462,8208,8541,5455,6009,1894,2339,1207,1644,327,921,148,138,3347,2991,8846,6362,8552,5861,7578,7819,5028,5576,1773,2189,1138,1564,290,854,49760,44015,7844,7157,9475,8135,12221,81,94
2021-09-28T23:59:59+02:00,197,188,3919,3521,9892,7095,9365,6449,8179,8505,5445,5992,1894,2332,1207,1643,327,919,145,137,3332,2977,8818,6341,8531,5846,7550,7792,5020,5564,1773,2183,1138,1563,290,853,49625,43909,7836,7151,9475,8134,12130,81,94
2021-09-27T23:59:59+02:00,195,188,3897,3504,9854,7065,9339,6425,8159,8475,5431,5980,1891,2320,1206,1642,326,918,145,136,3309,2963,8773,6313,8501,5818,7525,7762,5008,5556,1770,2174,1138,1561,290,852,49497,43773,7827,7148,9475,8130,12012,81,94
2021-09-26T23:59:59+02:00,193,188,3889,3495,9834,7054,9327,6416,8146,8464,5426,5974,1885,2319,1204,1641,326,918,144,135,3300,2957,8752,6309,8491,5806,7511,7756,5001,5546,1766,2173,1138,1560,290,851,49425,43713,7826,7144,9474,8126,11969,81,94
2021-09-25T23:59:59+02:00,193,187,3884,3493,9825,7050,9323,6412,8139,8463,5422,5974,1885,2318,1204,1640,326,918,144,134,3293,2954,8745,6306,8487,5801,7506,7751,4999,5544,1766,2172,1137,1557,290,851,49406,43693,7824,7140,9474,8123,11947,81,94
2021-09-24T23:59:59+02:00,192,185,3868,3484,9793,7037,9305,6401,8117,8444,5414,5962,1883,2316,1204,1639,326,918,143,134,3281,2944,8718,6292,8474,5790,7484,7736,4992,5535,1765,2168,1137,1557,290,851,49315,43631,7822,7134,9474,8123,11868,81,94
2021-09-23T23:59:59+02:00,190,183,3832,3467,9728,7006,9249,6357,8076,8395,5396,5942,1878,2309,1201,1636,326,918,143,132,3256,2930,8658,6261,8421,5753,7442,7689,4974,5517,1757,2164,1136,1555,290,851,49160,43520,7813,7126,9474,8119,11624,81,94
2021-09-22T23:59:59+02:00,186,183,3805,3452,9695,6986,9220,6336,8043,8381,5378,5931,1876,2305,1200,1636,326,918,141,129,3231,2922,8627,6239,8395,5738,7411,7669,4958,5510,1754,2157,1134,1555,290,850,49024,43396,7808,7123,9472,8113,11532,81,94
2021-09-21T23:59:59+02:00,185,181,3786,3438,9666,6965,9172,6313,8010,8354,5363,5920,1875,2305,1200,1636,326,918,139,129,3206,2908,8587,6213,8348,5722,7376,7636,4941,5490,1753,2155,1133,1554,290,850,48902,43238,7800,7115,9471,8113,11415,81,94
2021-09-20T23:59:59+02:00,183,181,3755,3422,9628,6948,9135,6289,7977,8322,5356,5904,1871,2302,1200,1636,326,916,139,127,3182,2884,8545,6192,8307,5698,7343,7604,4933,5470,1750,2153,1132,1553,289,850,48765,43094,7797,7110,9471,8107,11287,81,94
2021-09-19T23:59:59+02:00,183,180,3739,3414,9596,6940,9120,6282,7971,8312,5349,5897,1868,2299,1199,1634,326,915,137,127,3174,2876,8517,6182,8287,5690,7328,7589,4926,5462,1749,2149,1131,1552,289,849,48699,43026,7790,7104,9471,8101,11228,81,94
2021-09-18T23:59:59+02:00,183,180,3735,3413,9591,6938,9115,6279,7965,8310,5347,5896,1868,2299,1199,1634,326,915,136,127,3166,2870,8509,6181,8276,5687,7321,7587,4922,5457,1749,2149,1131,1551,289,849,48687,42983,7789,7103,9470,8101,11210,81,94
2021-09-17T23:59:59+02:00,183,179,3716,3405,9554,6925,9086,6265,7944,8298,5336,5887,1867,2294,1197,1634,326,915,136,127,3152,2861,8469,6167,8248,5676,7298,7577,4914,5448,1749,2148,1130,1551,289,849,48596,42912,7782,7091,9467,8098,11125,81,94
2021-09-16T23:59:59+02:00,182,179,3685,3379,9495,6900,9038,6236,7906,8260,5316,5874,1864,2289,1196,1634,326,914,136,126,3137,2845,8428,6145,8214,5650,7276,7552,4899,5441,1747,2147,1130,1551,288,847,48378,42791,7756,7081,9465,8090,11032,81,94
2021-09-15T23:59:59+02:00,180,179,3660,3366,9459,6882,9004,6211,7876,8242,5309,5854,1861,2284,1194,1634,325,913,133,126,3120,2841,8399,6128,8183,5623,7240,7533,4881,5424,1744,2144,1130,1548,286,844,48224,42654,7750,7073,9465,8086,10946,81,94
2021-09-14T23:59:59+02:00,178,178,3637,3347,9414,6858,8959,6182,7846,8210,5297,5835,1859,2281,1193,1633,324,913,133,124,3100,2824,8359,6100,8144,5605,7213,7508,4867,5406,1743,2144,1129,1545,286,843,48054,42518,7739,7064,9465,8083,10836,81,94
2021-09-13T23:59:59+02:00,175,178,3618,3333,9373,6840,8929,6157,7828,8178,5280,5818,1857,2277,1193,1633,324,912,131,122,3083,2816,8327,6085,8127,5591,7203,7486,4858,5400,1742,2140,1129,1543,286,843,47885,42413,7719,7058,9465,8082,10782,81,94
2021-09-12T23:59:59+02:00,175,177,3598,3331,9350,6830,8919,6146,7818,8163,5273,5810,1856,2276,1192,1630,324,911,130,121,3066,2808,8304,6070,8118,5580,7185,7470,4854,5391,1738,2139,1129,1543,286,842,47804,42329,7718,7053,9464,8074,10740,81,94
2021-09-11T23:59:59+02:00,175,177,3595,3328,9343,6826,8916,6143,7817,8161,5270,5808,1855,2275,1191,1630,324,911,129,121,3064,2807,8297,6067,8116,5576,7184,7465,4853,5389,1738,2139,1129,1543,286,842,47786,42314,7717,7053,9463,8074,10724,81,94
2021-09-10T23:59:59+02:00,174,174,3564,3322,9315,6804,8896,6130,7794,8139,5256,5788,1851,2272,1190,1630,324,911,128,118,3047,2798,8267,6042,8096,5560,7163,7444,4837,5370,1737,2138,1128,1540,286,842,47694,42237,7714,7047,9463,8072,10603,81,94
2021-09-09T23:59:59+02:00,172,173,3548,3304,9266,6776,8861,6107,7772,8098,5237,5777,1850,2269,1190,1630,324,911,126,117,3035,2789,8229,6016,8069,5539,7139,7413,4822,5355,1736,2134,1128,1540,286,842,47525,42123,7706,7035,9462,8063,10509,81,93
2021-09-08T23:59:59+02:00,171,171,3528,3294,9231,6766,8838,6078,7754,8067,5222,5759,1846,2267,1189,1628,324,910,124,115,3019,2775,8185,5999,8036,5515,7111,7375,4811,5332,1735,2132,1127,1540,286,842,47421,41990,7698,7026,9459,8059,10397,81,93
2021-09-07T23:59:59+02:00,170,169,3507,3289,9209,6742,8809,6058,7734,8048,5206,5748,1846,2264,1188,1627,324,907,122,114,3001,2766,8159,5976,8011,5491,7094,7350,4796,5320,1732,2128,1126,1539,286,842,47287,41862,7696,7016,9459,8053,10332,81,93
2021-09-06T23:59:59+02:00,170,169,3487,3276,9177,6721,8782,6046,7714,8020,5199,5736,1841,2255,1186,1627,323,907,122,114,2982,2752,8134,5963,7987,5481,7076,7321,4790,5305,1727,2126,1126,1539,286,842,47146,41755,7693,7012,9458,8052,10263,81,93
2021-09-05T23:59:59+02:00,170,168,3475,3271,9167,6712,8770,6036,7712,8010,5193,5726,1840,2253,1186,1627,323,906,122,113,2972,2750,8119,5948,7975,5469,7069,7313,4780,5298,1725,2125,1126,1538,286,842,47091,41697,7691,7004,9457,8051,10227,81,93
2021-09-04T23:59:59+02:00,170,166,3469,3269,9164,6707,8764,6035,7709,8009,5193,5725,1840,2253,1186,1627,323,906,121,113,2967,2746,8114,5941,7970,5469,7064,7311,4779,5297,1723,2124,1125,1538,286,842,47076,41675,7691,7001,9457,8050,10212,81,93
2021-09-03T23:59:59+02:00,168,165,3455,3250,9131,6696,8743,6018,7691,7993,5180,5710,1837,2250,1186,1626,323,904,120,110,2950,2730,8086,5927,7948,5449,7043,7288,4766,5277,1719,2122,1125,1536,286,840,46991,41583,7680,6979,9457,8049,10117,81,93
2021-09-02T23:59:59+02:00,168,162,3433,3232,9080,6672,8702,5998,7670,7968,5167,5692,1832,2245,1184,1625,323,903,119,109,2932,2716,8038,5909,7911,5428,7017,7261,4757,5256,1715,2117,1123,1535,286,837,46855,41470,7671,6968,9455,8044,9990,81,92
2021-09-01T23:59:59+02:00,166,162,3415,3220,9042,6658,8674,5985,7650,7950,5155,5684,1831,2243,1183,1622,323,903,116,107,2913,2708,7994,5886,7875,5409,6989,7238,4745,5242,1711,2115,1122,1532,286,837,46740,41319,7659,6945,9455,8042,9922,81,92
2021-08-31T23:59:59+02:00,164,161,3400,3209,8999,6636,8653,5974,7633,7929,5147,5675,1828,2241,1182,1621,323,902,115,106,2896,2696,7950,5865,7853,5390,6965,7210,4733,5223,1707,2113,1121,1532,286,837,46637,41198,7653,6936,9455,8027,9835,81,92
2021-08-30T23:59:59+02:00,163,161,3370,3188,8959,6607,8610,5953,7594,7893,5132,5658,1823,2239,1181,1621,323,902,115,105,2864,2683,7902,5841,7816,5373,6929,7186,4721,5204,1703,2111,1120,1532,286,836,46469,41068,7652,6926,9453,8025,9701,81,92
2021-08-29T23:59:59+02:00,162,161,3359,3170,8932,6599,8589,5943,7585,7883,5125,5648,1821,2236,1181,1621,322,902,115,102,2845,2659,7865,5833,7795,5353,6915,7172,4711,5199,1701,2110,1118,1531,285,836,46399,40964,7647,6915,9452,8020,9635,81,92
2021-08-28T23:59:59+02:00,161,161,3353,3169,8929,6596,8582,5942,7578,7881,5125,5646,1821,2235,1181,1620,322,902,115,101,2840,2654,7859,5827,7789,5350,6909,7168,4708,5198,1701,2110,1118,1530,285,836,46383,40938,7646,6914,9452,8019,9615,81,92
2021-08-27T23:59:59+02:00,160,161,3341,3165,8910,6586,8557,5933,7560,7872,5114,5638,1821,2235,1181,1619,322,902,115,100,2822,2647,7839,5818,7767,5335,6898,7161,4699,5190,1701,2110,1117,1528,285,836,46320,40871,7645,6912,9451,8018,9550,81,92
2021-08-26T23:59:59+02:00,160,160,3313,3151,8869,6562,8522,5920,7536,7850,5099,5626,1820,2232,1181,1618,322,901,111,97,2797,2624,7796,5789,7716,5306,6861,7131,4674,5175,1696,2104,1117,1527,285,836,46180,40674,7638,6892,9450,7996,9453,81,92
2021-08-25T23:59:59+02:00,156,158,3294,3141,8830,6544,8489,5904,7510,7827,5085,5604,1818,2228,1181,1616,322,901,108,94,2760,2603,7745,5753,7669,5270,6824,7093,4658,5145,1695,2099,1116,1526,285,836,46063,40434,7631,6883,9449,7988,9340,81,92
2021-08-24T23:59:59+02:00,156,157,3289,3132,8809,6528,8470,5887,7494,7805,5075,5592,1816,2227,1180,1614,322,899,107,94,2739,2582,7711,5720,7635,5249,6796,7066,4642,5127,1695,2097,1116,1526,285,835,45987,40262,7626,6874,9449,7983,9263,81,92
2021-08-23T23:59:59+02:00,154,152,3262,3115,8765,6506,8428,5866,7463,7776,5061,5578,1816,2225,1178,1612,322,898,106,93,2708,2562,7667,5679,7594,5231,6761,7035,4627,5111,1691,2097,1116,1524,284,835,45840,40098,7617,6859,9446,7977,9137,81,92
2021-08-22T23:59:59+02:00,154,152,3248,3107,8751,6489,8415,5859,7443,7765,5055,5572,1815,2224,1177,1612,322,898,105,93,2692,2546,7635,5656,7573,5217,6741,7014,4624,5101,1687,2092,1115,1524,283,835,45768,39963,7610,6849,9446,7974,9093,81,92
2021-08-21T23:59:59+02:00,153,152,3241,3100,8741,6480,8405,5857,7438,7760,5053,5566,1814,2224,1177,1611,322,898,100,91,2682,2538,7617,5646,7553,5207,6730,7007,4616,5092,1686,2090,1114,1524,283,835,45717,39884,7607,6822,9446,7973,9076,81,92
2021-08-20T23:59:59+02:00,152,150,3231,3089,8716,6463,8372,5837,7419,7736,5041,5554,1811,2221,1177,1610,322,896,98,89,2653,2523,7570,5613,7517,5175,6692,6968,4600,5071,1680,2086,1113,1521,283,833,45637,39708,7598,6783,9445,7963,8969,81,92
2021-08-19T23:59:59+02:00,151,147,3212,3075,8673,6439,8335,5818,7399,7710,5028,5536,1805,2218,1176,1608,322,895,95,84,2608,2503,7489,5562,7456,5138,6644,6910,4570,5038,1675,2082,1113,1520,283,833,45510,39374,7586,6750,9442,7951,8855,81,92
2021-08-18T23:59:59+02:00,150,145,3201,3066,8650,6422,8306,5802,7366,7692,5014,5527,1800,2216,1176,1608,321,894,93,82,2581,2482,7424,5528,7398,5103,6602,6876,4545,5015,1670,2078,1111,1520,283,832,45398,39129,7581,6697,9441,7941,8778,81,92
2021-08-17T23:59:59+02:00,150,145,3185,3056,8626,6397,8279,5788,7353,7669,5003,5514,1797,2214,1175,1607,320,894,89,79,2553,2462,7369,5479,7354,5066,6571,6837,4526,4993,1661,2072,1110,1516,282,832,45281,38856,7574,6656,9440,7935,8717,81,92
2021-08-16T23:59:59+02:00,148,144,3175,3043,8605,6381,8260,5782,7340,7653,4990,5501,1796,2213,1175,1606,320,894,82,77,2524,2432,7291,5434,7285,5033,6522,6794,4495,4967,1659,2068,1108,1515,282,832,45188,38480,7569,6641,9440,7922,8666,81,92
2021-08-15T23:59:59+02:00,147,143,3166,3028,8575,6371,8243,5772,7322,7638,4984,5490,1794,2210,1175,1605,320,894,74,74,2486,2395,7226,5400,7248,5005,6476,6764,4482,4954,1655,2063,1107,1513,282,832,45091,38176,7562,6620,9439,7917,8622,81,92
2021-08-14T23:59:59+02:00,145,143,3161,3022,8564,6368,8236,5771,7322,7635,4980,5488,1792,2209,1175,1604,320,894,74,73,2477,2386,7200,5387,7236,4994,6469,6750,4463,4945,1650,2060,1107,1511,282,831,45073,38078,7561,6607,9439,7914,8593,81,92
2021-08-13T23:59:59+02:00,144,142,3144,3019,8541,6360,8227,5758,7306,7623,4971,5479,1792,2205,1174,1603,320,894,74,71,2443,2366,7150,5356,7199,4965,6429,6721,4452,4930,1649,2056,1106,1511,282,831,45000,37841,7560,6592,9439,7913,8537,81,92
2021-08-12T23:59:59+02:00,142,137,3125,3011,8512,6339,8194,5738,7282,7599,4957,5463,1789,2203,1171,1601,320,894,73,70,2401,2330,7058,5304,7145,4926,6378,6671,4427,4899,1645,2052,1103,1510,282,831,44892,37515,7552,6558,9437,7888,8428,80,92
2021-08-11T23:59:59+02:00,140,134,3107,2995,8475,6312,8170,5725,7260,7578,4946,5450,1788,2201,1171,1600,320,894,71,68,2373,2297,6984,5244,7066,4884,6318,6607,4406,4861,1641,2043,1103,1508,282,829,44764,37089,7541,6525,9432,7880,8359,80,92
2021-08-10T23:59:59+02:00,140,132,3088,2984,8444,6300,8144,5704,7230,7562,4928,5441,1784,2201,1171,1598,320,893,70,64,2302,2240,6864,5181,6979,4812,6223,6542,4359,4837,1631,2035,1101,1506,282,827,44654,36472,7530,6499,9429,7865,8279,80,92
2021-08-09T23:59:59+02:00,137,132,3068,2975,8414,6278,8120,5695,7203,7543,4918,5428,1783,2200,1171,1598,320,892,66,63,2238,2181,6753,5100,6879,4770,6151,6486,4327,4803,1625,2025,1100,1505,282,827,44566,35962,7524,6444,9428,7842,8182,80,92
2021-08-08T23:59:59+02:00,137,131,3056,2968,8396,6269,8102,5683,7193,7534,4912,5424,1779,2200,1171,1598,320,891,66,62,2213,2153,6687,5067,6835,4743,6110,6463,4316,4786,1615,2021,1099,1503,282,826,44505,35722,7522,6400,9425,7832,8135,80,92
2021-08-07T23:59:59+02:00,136,130,3048,2961,8377,6257,8088,5675,7186,7523,4907,5419,1777,2200,1170,1598,320,891,63,55,2177,2129,6610,5019,6778,4711,6075,6427,4299,4772,1611,2020,1099,1500,282,826,44446,35400,7517,6372,9424,7823,8097,80,92
2021-08-06T23:59:59+02:00,136,129,3036,2950,8349,6246,8056,5651,7167,7501,4896,5405,1772,2198,1170,1597,320,891,57,52,2136,2089,6501,4947,6699,4675,6031,6388,4280,4751,1608,2017,1098,1497,282,826,44384,35039,7499,6344,9424,7806,7983,80,90
2021-08-05T23:59:59+02:00,135,128,3012,2934,8325,6224,8017,5631,7143,7476,4877,5382,1768,2195,1168,1593,320,890,53,48,2094,2040,6366,4839,6585,4618,5959,6322,4241,4709,1601,2010,1095,1495,282,826,44252,34538,7489,6252,9423,7749,7867,80,90
2021-08-04T23:59:59+02:00,132,124,2975,2913,8257,6190,7979,5606,7113,7445,4861,5366,1764,2191,1165,1592,320,890,53,43,2038,2003,6240,4765,6464,4564,5889,6254,4213,4670,1591,2004,1090,1492,282,825,44042,34027,7475,6204,9423,7714,7742,80,90
2021-08-03T23:59:59+02:00,130,123,2958,2893,8231,6175,7943,5589,7091,7420,4848,5352,1760,2190,1164,1589,320,890,50,43,2001,1973,6145,4699,6358,4510,5821,6196,4169,4627,1586,1997,1089,1490,282,825,43899,33541,7470,6159,9421,7689,7670,80,88
2021-08-02T23:59:59+02:00,130,123,2933,2867,8197,6151,7917,5575,7066,7403,4831,5343,1757,2186,1163,1589,319,890,49,42,1972,1936,6013,4604,6242,4445,5750,6143,4123,4593,1579,1981,1088,1487,281,824,43754,32956,7462,6117,9420,7670,7596,80,86
2021-08-01T23:59:59+02:00,130,122,2916,2851,8168,6129,7903,5558,7055,7395,4826,5335,1756,2185,1161,1589,319,890,46,41,1948,1915,5935,4559,6177,4398,5705,6120,4107,4574,1577,1978,1086,1484,281,824,43660,32653,7450,6087,9420,7647,7547,80,85
2021-07-31T23:59:59+02:00,128,121,2909,2844,8155,6122,7894,5554,7048,7386,4825,5332,1755,2185,1161,1589,319,890,43,31,1908,1871,5834,4493,6109,4349,5652,6081,4078,4550,1571,1975,1086,1483,281,824,43620,32155,7448,6074,9420,7641,7518,80,85
2021-07-30T23:59:59+02:00,125,119,2901,2834,8128,6105,7881,5537,7027,7372,4817,5324,1754,2183,1161,1588,319,890,39,30,1888,1848,5753,4449,6047,4294,5593,6033,4050,4531,1567,1973,1085,1480,281,824,43535,31786,7435,6047,9418,7630,7463,80,85
2021-07-29T23:59:59+02:00,122,117,2867,2818,8070,6063,7839,5493,6996,7331,4794,5304,1752,2178,1159,1587,319,890,34,26,1848,1820,5624,4343,5912,4218,5499,5946,4002,4478,1560,1963,1082,1478,281,824,43330,31197,7420,5987,9412,7589,7315,80,85
2021-07-28T23:59:59+02:00,119,115,2845,2803,8041,6036,7812,5465,6974,7308,4781,5288,1747,2176,1158,1585,318,889,33,23,1811,1775,5522,4267,5795,4147,5413,5872,3965,4444,1547,1955,1080,1476,281,823,43152,30628,7409,5928,9408,7545,7267,80,85
2021-07-27T23:59:59+02:00,115,114,2829,2784,8000,6019,7779,5446,6954,7290,4769,5276,1747,2174,1157,1584,317,889,31,23,1764,1746,5382,4179,5666,4064,5321,5804,3925,4393,1538,1944,1078,1473,280,823,43032,30024,7393,5847,9407,7501,7186,80,85
2021-07-26T23:59:59+02:00,113,112,2803,2765,7965,5995,7745,5429,6932,7269,4764,5264,1745,2174,1155,1584,317,889,31,23,1719,1686,5241,4112,5564,3997,5248,5734,3867,4359,1535,1932,1077,1467,280,822,42888,29440,7370,5778,9404,7454,7128,80,85
2021-07-25T23:59:59+02:00,107,110,2788,2751,7929,5973,7718,5421,6911,7250,4754,5258,1743,2171,1154,1583,317,888,28,20,1695,1661,5179,4063,5504,3966,5197,5699,3833,4335,1530,1927,1076,1466,280,822,42745,29140,7362,5744,9401,7416,7080,80,85
2021-07-24T23:59:59+02:00,107,108,2775,2737,7904,5960,7693,5406,6897,7237,4744,5253,1741,2168,1154,1583,317,888,27,19,1674,1639,5131,4041,5429,3918,5155,5675,3813,4327,1528,1925,1075,1464,280,821,42660,28937,7339,5651,9400,7415,7031,80,85
2021-07-23T23:59:59+02:00,105,106,2751,2714,7848,5939,7665,5382,6858,7211,4725,5241,1739,2164,1152,1583,317,888,23,16,1616,1608,4979,3934,5291,3849,5080,5604,3760,4295,1526,1916,1074,1459,279,821,42490,28273,7331,5621,9398,7394,6917,80,85
2021-07-22T23:59:59+02:00,104,103,2718,2684,7778,5889,7611,5344,6810,7162,4690,5217,1732,2157,1151,1582,317,887,22,16,1565,1569,4806,3855,5136,3766,4918,5520,3680,4242,1513,1906,1069,1457,279,820,42175,27604,7305,5470,9388,7324,6803,80,85
2021-07-21T23:59:59+02:00,103,100,2690,2670,7714,5858,7560,5306,6750,7122,4667,5193,1725,2151,1150,1579,317,885,22,14,1527,1521,4682,3773,5001,3699,4818,5413,3605,4202,1500,1894,1066,1456,279,817,41924,27110,7266,5260,9382,7265,6691,80,84
2021-07-20T23:59:59+02:00,103,100,2670,2643,7658,5826,7523,5276,6711,7081,4643,5174,1721,2147,1150,1578,317,884,21,14,1494,1487,4548,3702,4911,3645,4717,5332,3553,4168,1496,1884,1065,1455,279,816,41672,26607,7257,5179,9379,7207,6614,80,84
2021-07-19T23:59:59+02:00,102,100,2648,2618,7601,5785,7478,5254,6668,7049,4625,5158,1715,2140,1148,1575,317,883,20,11,1470,1460,4470,3652,4827,3608,4643,5271,3518,4139,1490,1878,1060,1452,277,815,41386,26280,7243,5052,9377,7166,6571,80,84
2021-07-18T23:59:59+02:00,102,98,2619,2594,7532,5751,7443,5225,6625,7011,4608,5148,1709,2132,1146,1575,316,882,18,11,1449,1435,4424,3611,4788,3577,4594,5245,3484,4126,1484,1868,1059,1452,277,813,41083,26071,7228,4972,9372,7140,6535,80,83
2021-07-17T23:59:59+02:00,97,95,2607,2580,7515,5737,7426,5208,6607,6996,4586,5137,1705,2131,1146,1574,316,880,18,11,1435,1421,4385,3577,4736,3554,4554,5213,3454,4114,1479,1865,1059,1450,277,813,40976,25888,7219,4914,9368,7132,6480,80,83
2021-07-16T23:59:59+02:00,97,92,2569,2558,7450,5701,7368,5166,6561,6953,4559,5109,1698,2125,1145,1573,316,880,17,10,1392,1393,4283,3520,4646,3512,4466,5155,3391,4068,1466,1857,1054,1448,277,812,40784,25534,7198,4879,9360,7065,6268,80,83
2021-07-15T23:59:59+02:00,94,88,2519,2532,7379,5666,7310,5126,6514,6898,4541,5083,1694,2120,1143,1570,315,880,15,10,1334,1358,4084,3406,4459,3407,4321,5055,3330,4001,1455,1849,1049,1443,276,812,40461,24822,7178,4639,9353,6997,6163,78,83
2021-07-14T23:59:59+02:00,93,85,2485,2516,7306,5636,7238,5092,6459,6850,4518,5061,1687,2113,1141,1568,315,879,14,10,1286,1318,3953,3312,4349,3338,4208,4988,3283,3956,1443,1839,1047,1439,276,812,40141,24295,7157,4533,9351,6921,6065,78,83
2021-07-13T23:59:59+02:00,89,82,2455,2490,7253,5607,7174,5051,6420,6799,4499,5043,1677,2106,1139,1568,315,879,12,8,1254,1278,3836,3213,4225,3268,4118,4898,3229,3898,1415,1832,1045,1433,274,810,39825,23787,7148,4382,9349,6814,5989,78,83
2021-07-12T23:59:59+02:00,84,82,2428,2466,7181,5563,7104,5005,6369,6758,4470,5017,1672,2103,1136,1568,315,879,11,8,1220,1253,3723,3121,4105,3195,4016,4817,3175,3851,1401,1822,1041,1425,274,810,39477,23307,7134,4246,9344,6726,5902,77,82
2021-07-11T23:59:59+02:00,77,79,2414,2450,7142,5536,7075,4980,6339,6740,4461,5010,1669,2099,1134,1568,314,879,11,8,1206,1234,3669,3073,4044,3158,3960,4788,3149,3837,1392,1810,1039,1421,274,810,39353,23108,7115,4205,9338,6664,5814,76,82
2021-07-10T23:59:59+02:00,76,78,2386,2415,7060,5495,7009,4941,6288,6705,4438,4998,1665,2096,1134,1565,314,878,11,8,1183,1213,3610,3030,3996,3128,3921,4756,3131,3823,1386,1803,1039,1419,274,810,39099,22916,7089,4204,9325,6648,5672,76,82
2021-07-09T23:59:59+02:00,75,75,2360,2397,6992,5459,6964,4917,6238,6672,4419,4975,1663,2090,1134,1564,314,878,7,4,1158,1196,3558,2981,3943,3084,3864,4713,3103,3792,1384,1787,1037,1418,274,810,38873,22662,7060,4170,9314,6592,5574,76,82
2021-07-08T23:59:59+02:00,70,72,2309,2350,6899,5391,6864,4864,6173,6606,4381,4940,1656,2080,1132,1561,314,878,6,4,1084,1141,3389,2888,3748,3004,3679,4614,3032,3729,1369,1769,1035,1409,273,809,38536,22147,6983,3877,9282,6450,5366,76,82
2021-07-07T23:59:59+02:00,70,71,2233,2297,6786,5317,6761,4811,6099,6548,4346,4891,1649,2071,1129,1557,313,878,6,4,1029,1102,3235,2802,3566,2918,3519,4507,2979,3668,1352,1739,1028,1400,273,807,38037,21571,6939,3629,9257,6367,5207,76,82
2021-07-06T23:59:59+02:00,67,70,2186,2256,6678,5260,6670,4764,6043,6480,4306,4856,1642,2065,1126,1552,313,878,6,4,992,1058,3119,2698,3478,2858,3445,4414,2924,3607,1326,1708,1024,1391,273,807,37580,21056,6886,3520,9240,6275,5104,76,82
2021-07-05T23:59:59+02:00,65,70,2115,2208,6539,5189,6552,4727,5971,6420,4268,4819,1636,2056,1124,1550,313,876,6,4,947,1020,3007,2625,3398,2812,3367,4344,2880,3549,1305,1690,1018,1381,273,804,37086,20663,6836,3442,9213,6187,4948,75,80
2021-07-04T23:59:59+02:00,65,69,2076,2161,6450,5139,6514,4696,5927,6400,4250,4796,1633,2053,1124,1548,313,875,6,4,908,993,2939,2569,3361,2784,3331,4310,2853,3525,1290,1670,1016,1379,272,804,36869,20506,6798,3384,9189,6110,4814,75,80
2021-07-03T23:59:59+02:00,61,54,1975,2076,6232,4974,6359,4605,5839,6311,4199,4761,1629,2049,1123,1544,313,875,6,4,869,964,2867,2522,3303,2754,3289,4261,2822,3493,1283,1665,1015,1375,271,802,36007,20306,6762,3381,9181,6084,4590,75,80
2021-07-02T23:59:59+02:00,52,47,1933,2035,6151,4926,6314,4576,5817,6281,4184,4742,1628,2043,1121,1543,312,875,6,4,845,935,2793,2470,3233,2707,3244,4210,2790,3455,1264,1646,1011,1369,271,800,35711,19982,6726,3354,9175,5982,4521,74,80
2021-07-01T23:59:59+02:00,48,40,1880,1993,6043,4853,6231,4527,5736,6214,4156,4711,1625,2037,1120,1542,312,874,6,4,767,881,2590,2379,3040,2614,3060,4090,2688,3362,1239,1622,1001,1353,271,798,35282,19149,6677,3124,9158,5875,4369,74,80
2021-06-30T23:59:59+02:00,48,39,1831,1933,5914,4767,6128,4473,5673,6166,4142,4686,1621,2029,1118,1539,312,874,6,3,730,845,2476,2302,2925,2555,2949,3995,2618,3282,1215,1595,992,1343,270,797,34831,18655,6613,2998,9142,5739,4236,73,80
2021-06-29T23:59:59+02:00,46,37,1766,1849,5796,4674,6027,4412,5616,6106,4114,4657,1613,2023,1117,1538,312,872,5,3,695,794,2390,2212,2847,2490,2841,3875,2560,3229,1200,1561,980,1333,269,794,34260,18136,6577,2920,9134,5617,4115,72,80
2021-06-28T23:59:59+02:00,44,35,1727,1788,5673,4603,5954,4360,5570,6066,4084,4632,1611,2014,1116,1537,312,872,5,3,681,762,2281,2137,2766,2425,2761,3787,2508,3181,1183,1543,973,1327,269,792,33819,17775,6520,2766,9124,5510,4029,72,80
2021-06-27T23:59:59+02:00,44,34,1694,1761,5620,4565,5910,4326,5520,6051,4073,4619,1608,2010,1116,1536,312,872,5,3,661,743,2225,2094,2720,2394,2711,3742,2476,3159,1174,1529,971,1318,269,792,33623,17604,6486,2703,9102,5417,3950,72,80
2021-06-26T23:59:59+02:00,37,29,1660,1731,5545,4517,5816,4280,5479,6019,4054,4603,1607,2008,1116,1534,312,872,5,3,653,732,2192,2066,2683,2370,2691,3716,2450,3140,1157,1519,970,1316,269,792,33246,17361,6400,2698,9102,5399,3950,72,79
2021-06-25T23:59:59+02:00,31,23,1623,1689,5434,4445,5760,4250,5438,5995,4031,4592,1604,2007,1114,1533,311,872,4,3,645,708,2134,2034,2613,2301,2588,3582,2403,3036,1146,1496,967,1313,268,791,32807,16872,6371,2668,9101,5217,3945,72,79
2021-06-24T23:59:59+02:00,24,18,1570,1637,5249,4328,5629,4194,5333,5949,3991,4565,1600,2003,1114,1532,310,871,4,3,604,686,2013,1959,2426,2230,2414,3497,2294,2941,1116,1472,957,1307,267,787,32140,16343,6309,2313,9091,5131,3830,72,79
2021-06-23T23:59:59+02:00,23,18,1535,1588,5157,4264,5549,4136,5284,5905,3968,4528,1590,1997,1111,1529,309,871,4,3,573,661,1937,1894,2311,2177,2292,3401,2190,2851,1089,1450,952,1299,266,786,31672,15751,6254,2229,9085,4986,3793,72,79
2021-06-22T23:59:59+02:00,22,18,1503,1570,5081,4195,5461,4087,5237,5859,3942,4504,1585,1991,1110,1528,309,871,4,3,555,637,1867,1840,2220,2121,2208,3293,2085,2761,1074,1428,941,1287,266,782,31240,15302,6209,2086,9080,4818,3767,72,78
2021-06-21T23:59:59+02:00,21,18,1469,1526,4951,4103,5378,4042,5167,5799,3913,4480,1580,1978,1108,1523,308,869,4,3,538,618,1824,1792,2178,2079,2153,3205,2016,2679,1055,1398,917,1264,266,779,30672,14982,6168,1983,9078,4668,3724,72,78
2021-06-20T23:59:59+02:00,20,16,1438,1493,4871,4028,5322,4022,5132,5778,3889,4469,1577,1977,1107,1523,307,869,4,3,520,601,1792,1761,2152,2055,2122,3176,1972,2641,1046,1382,914,1257,266,778,30358,14789,6129,1943,9064,4603,3686,72,77
2021-06-19T23:59:59+02:00,19,16,1419,1471,4825,3994,5295,3994,5101,5751,3867,4456,1570,1975,1107,1522,307,869,4,3,511,594,1770,1737,2130,2027,2108,3150,1946,2600,1036,1375,910,1256,264,777,30164,14604,6059,1910,9062,4595,3662,72,76
2021-06-18T23:59:59+02:00,14,12,1393,1453,4745,3949,5239,3950,5052,5713,3841,4444,1567,1972,1105,1520,307,869,4,3,496,584,1749,1721,2101,1996,2061,3099,1895,2544,1023,1359,908,1252,263,775,29812,14293,6010,1907,9060,4542,3648,72,76
2021-06-17T23:59:59+02:00,11,11,1355,1413,4570,3866,5046,3872,4870,5621,3785,4398,1560,1969,1105,1519,306,869,4,3,457,561,1644,1683,1915,1933,1896,2998,1791,2459,1001,1340,896,1240,261,773,29179,13810,5944,1794,9052,4450,3341,71,76
2021-06-16T23:59:59+02:00,11,10,1324,1380,4464,3781,4943,3818,4767,5557,3738,4373,1553,1965,1103,1515,306,868,4,3,438,539,1579,1643,1852,1899,1812,2913,1732,2381,983,1314,886,1224,260,770,28680,13383,5828,1722,9036,4369,3284,71,76
2021-06-15T23:59:59+02:00,11,10,1290,1349,4322,3689,4866,3750,4691,5485,3696,4339,1543,1957,1098,1512,306,866,4,3,424,517,1517,1586,1798,1853,1742,2856,1658,2313,965,1288,881,1213,258,769,28101,13029,5789,1637,9020,4293,3201,71,76
2021-06-14T23:59:59+02:00,11,8,1263,1307,4225,3628,4784,3695,4607,5409,3640,4309,1538,1948,1097,1506,304,865,4,3,415,504,1468,1550,1747,1817,1688,2788,1599,2259,956,1264,876,1206,257,768,27610,12769,5690,1559,9016,4206,3141,71,75
2021-06-13T23:59:59+02:00,11,8,1246,1289,4174,3590,4734,3653,4555,5364,3620,4293,1537,1942,1097,1504,303,864,4,3,407,496,1433,1533,1706,1792,1644,2751,1564,2216,938,1245,872,1196,256,766,27345,12579,5654,1535,9011,4127,3079,71,75
2021-06-12T23:59:59+02:00,11,7,1232,1263,4143,3570,4702,3629,4537,5346,3607,4282,1535,1938,1096,1503,303,863,4,3,403,493,1420,1513,1679,1766,1623,2729,1536,2194,930,1235,862,1193,256,765,27148,12428,5643,1534,9010,4064,3066,71,74
2021-06-11T23:59:59+02:00,10,7,1215,1248,4102,3523,4629,3602,4491,5306,3577,4270,1534,1936,1095,1500,303,862,4,3,393,479,1397,1471,1648,1743,1579,2684,1489,2152,919,1220,858,1187,256,764,26838,12175,5610,1525,9006,3983,3043,71,74
2021-06-10T23:59:59+02:00,10,6,1152,1191,3977,3433,4492,3517,4391,5240,3522,4233,1530,1928,1093,1499,303,862,4,3,372,461,1332,1430,1572,1684,1511,2612,1399,2053,894,1187,854,1178,255,761,26216,11733,5464,1512,8987,3818,2964,71,73
2021-06-09T23:59:59+02:00,9,4,1100,1152,3825,3322,4348,3454,4302,5161,3472,4189,1524,1922,1091,1496,303,862,3,3,353,441,1268,1386,1507,1648,1455,2531,1318,1986,863,1133,847,1164,254,759,25690,11425,5277,1449,8978,3675,2820,71,73
2021-06-08T23:59:59+02:00,8,4,1042,1108,3677,3221,4227,3372,4189,5076,3419,4159,1518,1917,1089,1493,302,860,3,2,336,420,1217,1344,1449,1610,1393,2470,1271,1912,838,1098,836,1147,250,756,25099,11170,5131,1399,8966,3531,2690,71,71
2021-06-07T23:59:59+02:00,7,4,1014,1079,3564,3141,4089,3335,4065,5007,3362,4131,1505,1912,1088,1491,302,858,2,0,327,412,1171,1303,1389,1587,1344,2418,1204,1859,823,1078,822,1129,248,751,24690,10992,4944,1363,8960,3397,2544,71,70
2021-06-06T23:59:59+02:00,7,4,990,1067,3502,3101,4010,3284,3990,4974,3328,4115,1503,1907,1085,1490,301,858,2,0,319,402,1155,1274,1355,1554,1322,2359,1174,1799,811,1063,814,1121,248,747,24470,10876,4799,1308,8946,3286,2469,71,69
2021-06-05T23:59:59+02:00,7,4,977,1049,3421,3034,3955,3253,3953,4950,3317,4111,1502,1905,1085,1489,301,857,2,0,312,392,1134,1251,1335,1538,1295,2329,1141,1779,799,1039,812,1117,248,747,24165,10702,4792,1305,8942,3241,2429,70,68
2021-06-04T23:59:59+02:00,5,4,949,1029,3371,2976,3878,3212,3888,4893,3288,4089,1498,1901,1083,1489,301,857,2,0,301,383,1112,1220,1307,1521,1267,2285,1111,1750,783,1016,806,1112,248,744,23830,10556,4746,1299,8938,3178,2337,70,68
2021-06-03T23:59:59+02:00,5,4,904,995,3210,2873,3684,3102,3709,4774,3196,4014,1488,1889,1079,1484,301,857,1,0,290,373,1075,1179,1247,1460,1193,2194,1046,1691,744,976,798,1099,248,743,23126,10325,4508,1280,8919,3010,2130,70,66
2021-06-02T23:59:59+02:00,5,4,877,983,3133,2801,3626,3059,3645,4709,3154,3986,1486,1884,1079,1483,301,857,1,0,278,364,1045,1155,1202,1440,1149,2148,993,1646,730,944,795,1094,248,742,22756,10103,4487,1266,8919,2971,2011,70,66
2021-06-01T23:59:59+02:00,5,4,828,945,2965,2679,3441,2961,3473,4603,3093,3924,1476,1877,1076,1477,301,857,0,0,265,348,958,1089,1105,1381,1063,2036,943,1566,697,891,787,1084,247,735,22125,9802,4263,1231,8906,2762,1759,70,65
2021-05-31T23:59:59+02:00,5,3,789,916,2836,2592,3294,2864,3363,4508,3040,3871,1471,1864,1074,1472,301,857,0,0,249,331,917,1046,1035,1328,1014,1957,905,1507,677,866,780,1078,246,735,21708,9624,4016,1216,8883,2623,1556,70,63
2021-05-30T23:59:59+02:00,5,3,778,904,2776,2544,3225,2824,3304,4464,3018,3850,1467,1858,1074,1472,301,856,0,0,239,313,873,999,978,1286,967,1895,879,1448,664,850,776,1069,246,734,21551,9518,3954,1206,8870,2448,1383,70,63
2021-05-29T23:59:59+02:00,5,3,775,900,2757,2527,3204,2810,3285,4448,3010,3841,1465,1857,1074,1472,301,856,0,0,236,302,868,984,959,1257,951,1846,864,1415,651,828,773,1064,245,734,21422,9423,3952,1204,8867,2306,1382,69,62
2021-05-28T23:59:59+02:00,5,3,766,888,2717,2485,3153,2781,3258,4423,3000,3825,1465,1854,1072,1467,301,856,0,0,232,293,855,964,947,1233,935,1803,835,1375,632,798,768,1056,244,732,21161,9238,3940,1199,8864,2218,1378,69,61
2021-05-27T23:59:59+02:00,5,3,721,863,2582,2417,3016,2709,3113,4339,2917,3774,1456,1843,1071,1465,300,854,0,0,217,274,792,911,865,1176,846,1703,769,1290,607,765,759,1037,243,730,20654,9024,3801,1162,8830,1950,1165,69,59
2021-05-26T23:59:59+02:00,5,3,686,829,2471,2341,2851,2642,2987,4271,2866,3724,1445,1831,1070,1457,298,849,0,0,207,253,749,871,815,1139,803,1632,729,1230,591,739,741,1004,242,727,20224,8795,3548,1149,8802,1807,1032,69,59
2021-05-25T23:59:59+02:00,5,3,663,809,2378,2279,2747,2597,2885,4187,2818,3687,1433,1823,1067,1453,297,847,0,0,195,240,724,841,779,1101,764,1572,676,1167,571,719,720,974,241,725,19846,8567,3368,1112,8758,1667,974,68,55
2021-05-24T23:59:59+02:00,5,3,648,782,2317,2236,2672,2561,2813,4130,2761,3643,1420,1816,1061,1452,297,846,0,0,190,232,699,821,750,1069,728,1515,650,1115,552,705,713,970,241,723,19640,8468,3184,1098,8723,1546,873,67,53
2021-05-23T23:59:59+02:00,5,3,644,781,2299,2220,2660,2546,2802,4114,2749,3627,1417,1814,1061,1450,297,846,0,0,188,230,692,813,740,1062,711,1503,639,1105,548,698,708,964,240,720,19513,8381,3181,1091,8723,1533,871,67,49
2021-05-22T23:59:59+02:00,5,3,637,768,2273,2197,2622,2524,2778,4081,2714,3598,1410,1810,1060,1448,297,845,0,0,186,222,683,808,734,1050,699,1495,632,1098,538,688,702,953,239,720,19253,8315,3180,1091,8721,1492,861,67,48
2021-05-21T23:59:59+02:00,5,3,622,751,2182,2159,2532,2470,2707,4031,2670,3552,1403,1797,1058,1447,296,844,0,0,183,219,676,797,723,1040,687,1482,617,1078,525,662,694,945,239,718,18746,8220,3153,1090,8698,1430,856,67,48
2021-05-20T23:59:59+02:00,5,3,586,725,2058,2082,2396,2391,2573,3930,2591,3467,1386,1781,1056,1441,296,842,0,0,174,208,642,756,686,1000,653,1424,591,1013,504,632,688,936,239,717,18074,8087,3026,1078,8621,1218,782,67,45
2021-05-19T23:59:59+02:00,4,3,549,690,1939,1995,2247,2319,2430,3829,2490,3370,1368,1763,1048,1438,294,842,0,0,160,201,611,732,652,966,619,1369,565,953,490,609,678,911,238,715,17295,7927,2954,1059,8578,1116,658,67,44
2021-05-18T23:59:59+02:00,4,2,520,668,1857,1910,2140,2261,2314,3710,2394,3279,1357,1742,1041,1431,294,838,0,0,153,192,589,703,626,936,602,1291,545,890,472,581,669,895,237,712,16759,7799,2780,1020,8519,1006,552,67,44
2021-05-17T23:59:59+02:00,4,0,496,654,1796,1870,2084,2210,2235,3595,2331,3204,1337,1722,1034,1424,293,836,0,0,147,184,571,689,617,896,588,1229,528,833,452,550,667,887,237,711,16443,7718,2616,988,8448,902,453,66,44
2021-05-16T23:59:59+02:00,3,0,491,653,1769,1842,2041,2179,2195,3545,2277,3143,1322,1713,1032,1419,293,835,0,0,143,183,561,669,601,879,572,1181,511,794,426,520,665,884,237,710,16253,7659,2545,957,8403,815,371,66,43
2021-05-15T23:59:59+02:00,3,0,486,648,1739,1823,2021,2157,2174,3521,2252,3102,1314,1712,1031,1417,292,835,0,0,141,180,558,667,600,874,565,1176,505,784,423,518,663,882,237,709,16038,7626,2544,956,8394,802,365,66,42
2021-05-14T23:59:59+02:00,3,0,469,631,1707,1785,1976,2116,2092,3451,2211,3061,1306,1702,1029,1417,290,835,0,0,138,173,551,651,580,850,544,1142,490,768,407,502,658,876,237,707,15662,7564,2501,940,8372,693,338,66,42
2021-05-13T23:59:59+02:00,2,0,440,609,1631,1730,1860,2061,1970,3364,2142,2969,1282,1683,1022,1415,288,831,0,0,133,170,534,642,570,833,533,1125,475,755,390,474,646,850,237,702,15220,7473,2233,900,8317,653,302,65,41
2021-05-12T23:59:59+02:00,2,0,432,604,1610,1718,1842,2050,1945,3340,2126,2954,1280,1678,1018,1413,288,831,0,0,133,168,530,642,569,826,530,1120,471,748,384,462,645,844,237,702,15080,7428,2207,891,8309,650,300,63,41
2021-05-11T23:59:59+02:00,2,0,413,583,1526,1676,1731,2008,1832,3244,2017,2885,1265,1654,1014,1403,288,831,0,0,126,159,512,608,548,798,508,1087,442,726,361,434,636,838,237,702,14661,7325,2023,861,8191,551,234,63,41
2021-05-10T23:59:59+02:00,2,0,396,565,1480,1641,1678,1973,1754,3178,1958,2817,1258,1640,1010,1397,288,828,0,0,126,155,505,601,536,775,499,1061,436,705,352,421,634,834,237,701,14375,7271,1937,851,8066,496,208,62,39
2021-05-09T23:59:59+02:00,2,0,389,553,1435,1613,1643,1953,1707,3139,1897,2777,1245,1628,1007,1392,288,827,0,0,121,152,498,591,526,767,490,1051,425,692,342,410,629,829,237,700,14132,7234,1878,840,8011,443,187,62,38
2021-05-08T23:59:59+02:00,2,0,384,547,1420,1592,1607,1932,1684,3113,1864,2754,1238,1621,1004,1391,287,827,0,0,120,152,495,591,523,766,488,1045,425,686,341,408,625,821,237,700,13911,7216,1871,834,8006,432,185,62,36
2021-05-07T23:59:59+02:00,2,0,372,539,1391,1561,1553,1913,1625,3050,1815,2702,1231,1613,1003,1385,287,824,0,0,116,148,484,577,510,738,476,1010,408,660,339,387,610,809,236,698,13632,7163,1842,809,7940,327,147,62,35
2021-05-06T23:59:59+02:00,2,0,347,525,1293,1518,1441,1854,1481,2933,1683,2609,1200,1582,1000,1374,287,821,0,0,114,144,468,558,499,719,461,985,394,639,330,372,596,796,236,695,13129,7099,1651,789,7714,238,119,59,32
2021-05-05T23:59:59+02:00,2,0,332,510,1252,1486,1395,1813,1414,2862,1603,2521,1181,1557,994,1361,287,816,0,0,113,140,457,547,494,706,453,975,388,621,313,360,579,779,236,694,12693,7027,1586,769,7648,189,111,59,29
2021-05-04T23:59:59+02:00,2,0,323,498,1199,1451,1357,1786,1367,2814,1547,2460,1165,1528,988,1350,285,812,0,0,108,137,448,534,490,699,441,953,377,604,301,343,568,759,236,694,12355,6946,1524,741,7598,148,99,57,27
2021-05-03T23:59:59+02:00,2,0,317,492,1162,1429,1320,1765,1334,2778,1504,2422,1147,1502,982,1343,284,808,0,0,100,133,436,524,480,692,434,946,366,595,290,335,550,742,234,692,12100,6859,1499,732,7553,129,71,57,25
2021-05-02T23:59:59+02:00,2,0,313,491,1146,1414,1289,1747,1307,2759,1492,2398,1137,1488,979,1342,284,805,0,0,97,131,428,516,474,686,429,939,362,592,286,327,530,731,234,692,11964,6815,1483,711,7518,113,54,56,23
2021-05-01T23:59:59+02:00,2,0,309,485,1136,1406,1278,1734,1292,2747,1473,2380,1131,1482,976,1339,284,804,0,0,97,130,428,515,470,686,427,936,362,590,284,327,530,731,234,692,11823,6804,1482,711,7517,110,53,56,21
2021-04-30T23:59:59+02:00,2,0,304,476,1125,1382,1252,1713,1262,2684,1419,2330,1118,1463,971,1336,284,801,0,0,95,128,425,510,467,679,425,910,357,580,279,320,528,726,234,691,11516,6786,1477,701,7513,83,23,56,20
2021-04-29T23:59:59+02:00,2,0,288,462,1070,1351,1200,1673,1212,2627,1327,2264,1074,1420,966,1328,283,799,0,0,95,126,420,508,462,674,416,898,348,572,269,310,517,716,233,688,11032,6726,1438,681,7448,59,21,54,20
2021-04-28T23:59:59+02:00,2,0,276,456,1056,1333,1170,1659,1178,2585,1260,2211,1042,1367,958,1326,283,798,0,0,91,124,414,504,457,664,410,889,343,559,253,293,507,704,232,687,10745,6652,1387,647,7392,44,20,53,19
2021-04-27T23:59:59+02:00,2,0,272,446,1034,1317,1148,1647,1153,2562,1235,2186,1014,1332,952,1322,283,795,0,0,89,121,409,499,454,656,407,884,335,553,249,285,493,685,231,686,10547,6596,1359,619,7354,36,19,48,16
2021-04-26T23:59:59+02:00,2,0,269,440,1025,1308,1138,1631,1122,2545,1186,2139,994,1311,946,1314,282,794,0,0,89,121,405,491,453,653,403,879,334,547,243,277,483,676,231,686,10368,6557,1344,594,7288,34,19,46,16
2021-04-25T23:59:59+02:00,2,0,268,438,1015,1294,1117,1622,1103,2527,1155,2111,973,1288,943,1306,282,794,0,0,88,119,403,481,450,652,402,874,333,546,242,273,478,668,231,685,10235,6535,1317,578,7238,26,19,42,16
2021-04-24T23:59:59+02:00,2,0,263,433,1000,1281,1105,1605,1086,2507,1128,2094,964,1264,940,1302,282,794,0,0,88,119,403,481,448,652,402,871,332,543,241,272,477,665,231,685,10063,6528,1317,570,7214,25,19,40,16
2021-04-23T23:59:59+02:00,2,0,261,423,989,1264,1094,1594,1068,2487,1074,2052,943,1239,938,1295,282,791,0,0,87,118,403,480,446,651,401,869,329,540,237,266,472,659,231,685,9905,6504,1304,557,7118,25,19,39,15
2021-04-22T23:59:59+02:00,2,0,257,412,965,1240,1069,1573,1033,2445,1024,1990,915,1199,931,1282,282,788,0,0,87,115,401,473,440,644,396,860,326,534,231,260,463,649,230,683,9624,6445,1254,542,7048,18,19,39,14
2021-04-21T23:59:59+02:00,2,0,253,407,940,1222,1043,1554,999,2410,978,1942,882,1149,922,1268,282,785,0,0,86,113,398,472,438,640,392,854,321,525,228,255,453,634,229,680,9330,6392,1228,521,6989,17,19,39,14
2021-04-20T23:59:59+02:00,2,0,246,402,920,1194,1024,1532,973,2359,939,1888,836,1086,910,1250,280,782,0,0,86,112,396,470,435,634,385,849,318,519,222,246,442,615,228,680,9043,6327,1160,506,6921,16,19,39,14
2021-04-19T23:59:59+02:00,2,0,243,392,898,1182,1010,1512,957,2327,911,1850,804,1054,906,1243,280,778,0,0,85,111,393,468,430,628,381,839,313,509,222,241,430,596,226,675,8855,6260,1144,486,6848,13,18,38,14
2021-04-18T23:59:59+02:00,2,0,242,388,890,1171,995,1503,934,2306,892,1830,777,1015,904,1238,279,776,0,0,84,109,389,466,430,628,380,835,313,506,221,237,424,592,226,675,8728,6240,1115,474,6788,13,18,38,13
2021-04-17T23:59:59+02:00,2,0,241,384,888,1168,988,1499,925,2298,887,1823,761,989,902,1232,279,776,0,0,84,106,387,462,428,628,377,830,312,501,218,231,418,585,226,674,8657,6197,1113,470,6760,12,18,38,13
2021-04-16T23:59:59+02:00,2,0,240,383,878,1163,975,1479,909,2275,858,1783,722,932,891,1222,277,772,0,0,80,102,384,455,425,626,367,817,307,489,203,216,413,577,223,671,8460,6126,1097,429,6688,11,18,38,11
2021-04-15T23:59:59+02:00,2,0,237,376,853,1145,958,1464,881,2228,814,1743,688,884,881,1202,277,768,0,0,78,101,380,447,419,617,359,808,300,486,195,210,396,554,221,666,8228,6037,1085,400,6565,10,18,36,10
2021-04-14T23:59:59+02:00,2,0,235,368,842,1135,948,1450,867,2192,796,1715,648,842,852,1154,277,764,0,0,75,95,372,444,411,607,354,798,289,478,185,193,378,534,219,660,8001,5925,1068,365,6491,10,18,34,10
2021-04-13T23:59:59+02:00,2,0,229,364,832,1129,937,1439,855,2165,765,1685,599,788,829,1121,276,761,0,0,72,91,362,435,393,600,340,785,283,474,182,189,365,521,218,657,7830,5832,1020,334,6397,8,18,31,10
2021-04-12T23:59:59+02:00,2,0,227,362,827,1123,927,1424,828,2144,746,1663,568,760,818,1104,275,759,0,0,71,87,348,429,388,593,334,777,275,468,175,183,357,509,217,651,7728,5748,998,308,6302,8,18,27,9
2021-04-11T23:59:59+02:00,1,0,223,359,819,1111,918,1418,813,2127,734,1644,552,736,809,1081,274,756,0,0,70,85,342,428,384,591,331,773,274,463,169,175,349,506,215,648,7660,5695,977,298,6207,7,18,25,9
2021-04-10T23:59:59+02:00,1,0,223,357,818,1106,913,1416,802,2119,724,1634,545,721,802,1068,273,755,0,0,66,77,315,411,365,576,318,758,259,454,162,167,344,491,214,646,7601,5512,970,292,6175,7,17,23,9
2021-04-09T23:59:59+02:00,1,0,223,354,809,1102,897,1391,793,2036,708,1549,508,659,781,1045,271,751,0,0,57,73,300,399,347,562,302,743,249,441,152,161,323,469,211,638,7475,5316,944,284,5924,7,13,20,9
2021-04-08T23:59:59+02:00,1,0,220,351,803,1095,885,1383,779,2015,687,1528,466,595,750,1022,269,748,0,0,55,70,288,379,331,548,287,729,233,422,143,145,307,451,209,621,7355,5114,903,269,5800,7,12,20,9
2021-04-07T23:59:59+02:00,1,0,214,347,793,1084,872,1366,757,1985,666,1494,428,554,722,983,266,744,0,0,52,67,268,365,320,542,279,716,225,410,129,135,288,431,203,612,7206,4944,870,257,5651,7,12,19,8
2021-04-06T23:59:59+02:00,1,0,211,345,783,1078,857,1347,738,1961,636,1468,406,517,696,949,265,743,0,0,50,65,267,359,315,540,268,712,220,403,124,131,278,410,199,602,7109,4869,841,234,5496,6,12,17,8
2021-04-05T23:59:59+02:00,1,0,211,344,779,1071,849,1335,729,1943,629,1451,387,496,679,924,265,742,0,0,49,64,266,355,314,536,264,706,216,402,123,127,265,389,195,595,7066,4806,827,218,5381,6,12,17,8
2021-04-04T23:59:59+02:00,1,0,210,339,775,1061,843,1324,720,1926,622,1432,374,483,676,920,265,742,0,0,49,63,265,353,313,536,264,706,215,402,121,126,257,375,192,593,7039,4771,821,218,5294,6,10,17,8
2021-04-03T23:59:59+02:00,1,0,210,339,773,1061,841,1322,720,1921,615,1430,367,477,673,913,265,741,0,0,49,63,265,353,313,536,264,705,215,400,121,126,257,372,192,591,7006,4763,821,218,5281,6,10,17,8
2021-04-02T23:59:59+02:00,1,0,210,337,772,1059,839,1320,715,1913,608,1419,358,467,660,903,265,740,0,0,49,61,261,351,310,534,262,697,210,392,119,125,250,353,189,578,6955,4683,815,215,5254,6,10,15,8
2021-04-01T23:59:59+02:00,1,0,207,332,767,1045,827,1307,710,1893,593,1400,343,443,628,870,264,734,0,0,47,60,252,345,306,531,261,690,208,387,111,122,232,327,186,557,6864,4570,772,208,5162,5,10,14,8
2021-03-31T23:59:59+02:00,1,0,203,329,759,1036,817,1293,700,1846,583,1361,334,431,606,824,260,731,0,0,47,60,251,344,301,528,258,688,202,383,106,119,217,300,184,535,6793,4480,726,201,5028,5,8,14,8
2021-03-30T23:59:59+02:00,1,0,200,323,753,1027,811,1270,687,1806,573,1317,322,413,578,788,259,731,0,0,47,59,249,340,297,525,257,683,198,378,103,117,209,282,180,520,6711,4403,687,196,4893,5,8,13,8
2021-03-29T23:59:59+02:00,1,0,196,317,747,1009,806,1256,677,1775,564,1278,318,399,547,750,257,724,0,0,47,57,247,337,296,523,256,679,196,371,99,115,199,269,173,509,6599,4340,665,189,4788,3,8,13,8
2021-03-28T23:59:59+02:00,1,0,190,301,736,998,797,1248,672,1753,561,1261,316,385,519,726,254,722,0,0,47,56,245,337,293,517,253,676,195,368,96,113,192,260,170,507,6553,4296,630,185,4683,3,8,13,8
2021-03-27T23:59:59+01:00,1,0,190,298,731,992,792,1244,666,1741,559,1252,312,376,513,716,254,721,0,0,46,56,245,337,292,517,250,670,192,364,94,112,188,253,165,497,6512,4255,622,179,4646,3,8,13,8
2021-03-26T23:59:59+01:00,1,0,186,296,719,979,783,1228,654,1723,550,1229,305,365,509,701,252,717,0,0,45,56,245,337,291,515,250,669,185,352,89,105,176,237,157,485,6447,4173,603,178,4564,3,6,13,8
2021-03-25T23:59:59+01:00,1,0,182,294,709,965,761,1200,637,1686,539,1190,297,352,491,676,251,712,0,0,45,55,242,332,288,514,243,666,184,350,82,104,159,218,152,459,6363,4076,589,169,4404,3,6,13,8
2021-03-24T23:59:59+01:00,1,0,180,285,699,952,752,1184,626,1649,524,1158,286,338,473,652,248,709,0,0,45,55,240,330,286,512,241,666,180,347,80,101,146,212,146,425,6281,4002,563,162,4280,2,6,13,8
2021-03-23T23:59:59+01:00,1,0,177,280,691,937,737,1167,613,1626,509,1119,280,328,455,636,243,706,0,0,44,55,238,329,283,509,236,661,178,343,76,96,139,204,136,398,6219,3918,548,157,4143,2,6,13,8
2021-03-22T23:59:59+01:00,1,0,173,270,671,916,715,1143,599,1591,494,1095,275,318,443,620,242,700,0,0,44,55,236,327,279,507,234,654,177,341,76,93,133,195,121,368,6141,3835,526,154,3999,1,6,13,8
2021-03-21T23:59:59+01:00,1,0,168,267,660,904,704,1137,590,1564,487,1063,269,310,429,612,240,695,0,0,44,55,233,327,277,505,233,653,175,339,75,90,131,194,117,365,6095,3814,509,150,3892,1,4,12,7
2021-03-20T23:59:59+01:00,1,0,166,266,651,899,699,1133,582,1559,484,1061,264,301,416,598,238,693,0,0,44,55,233,327,275,505,232,651,175,335,74,89,128,190,113,358,6057,3787,502,148,3844,1,4,11,7
2021-03-19T23:59:59+01:00,1,0,156,255,644,878,688,1126,577,1541,473,1048,246,280,397,572,233,685,0,0,42,55,232,326,274,505,230,644,174,331,71,87,120,179,108,337,5975,3719,458,147,3754,1,3,11,7
2021-03-18T23:59:59+01:00,1,0,151,249,624,860,670,1091,558,1488,459,1002,231,264,384,549,230,667,0,0,42,55,230,323,272,497,230,638,171,324,71,84,112,171,103,324,5886,3656,423,138,3545,1,3,11,7
2021-03-17T23:59:59+01:00,0,0,144,243,611,841,657,1084,553,1475,453,983,219,251,365,533,226,661,0,0,42,54,230,319,271,495,228,636,171,323,71,84,107,165,97,310,5789,3612,395,136,3481,1,3,10,7
2021-03-16T23:59:59+01:00,0,0,140,234,594,826,638,1073,541,1433,442,958,211,236,344,498,222,649,0,0,42,53,230,316,271,489,226,635,170,322,67,84,102,159,94,292,5696,3565,362,132,3340,1,2,10,7
2021-03-15T23:59:59+01:00,0,0,134,227,578,811,627,1051,530,1401,427,921,204,228,331,473,219,642,0,0,41,53,229,313,269,485,225,634,168,321,66,82,96,153,92,278,5603,3519,333,130,3221,1,1,9,7
2021-03-14T23:59:59+01:00,0,0,129,215,563,792,612,1030,520,1357,415,875,194,216,318,462,213,638,0,0,41,53,229,310,267,484,224,629,167,316,65,82,95,149,90,275,5530,3502,320,119,3047,1,0,8,7
2021-03-13T23:59:59+01:00,0,0,126,203,535,763,582,1004,495,1332,394,855,179,205,311,449,211,635,0,0,41,53,229,310,266,484,223,629,167,315,65,82,92,145,78,260,5331,3463,316,119,2958,1,0,8,7
2021-03-12T23:59:59+01:00,0,0,115,194,505,737,562,975,472,1293,373,821,163,193,287,419,208,615,0,0,41,53,229,309,265,484,223,629,167,314,59,80,89,139,73,253,5096,3429,310,119,2837,1,0,8,6
2021-03-11T23:59:59+01:00,0,0,107,185,470,690,522,938,432,1220,351,769,150,170,257,377,204,593,0,0,41,52,227,307,260,480,221,625,164,311,59,78,85,133,71,240,4843,3399,299,97,2577,1,0,8,5
2021-03-10T23:59:59+01:00,0,0,104,175,446,666,502,919,415,1181,334,730,134,154,240,346,198,559,0,0,40,52,225,302,256,474,218,619,164,309,56,76,81,130,68,230,4662,3354,287,85,2434,1,0,8,5
2021-03-09T23:59:59+01:00,0,0,104,170,432,636,471,889,400,1137,322,698,128,146,229,327,192,547,0,0,40,52,224,299,253,466,216,615,160,305,55,74,79,127,62,221,4578,3312,268,75,2249,1,0,8,4
2021-03-08T23:59:59+01:00,0,0,101,162,416,618,453,872,390,1085,313,660,124,137,214,306,186,535,0,0,40,52,224,295,250,461,211,611,154,301,53,73,74,124,61,220,4496,3284,251,58,2087,1,0,8,3
2021-03-07T23:59:59+01:00,0,0,98,158,411,606,443,855,379,1070,310,654,122,137,207,292,184,533,0,0,40,51,223,294,250,459,209,610,154,301,53,73,72,121,60,219,4448,3273,240,54,2028,0,0,8,3
2021-03-06T23:59:59+01:00,0,0,96,151,409,597,435,831,369,1019,299,622,120,136,201,284,181,528,0,0,40,51,223,294,249,458,209,609,154,301,53,73,70,121,59,214,4409,3268,240,48,1881,0,0,8,3
2021-03-05T23:59:59+01:00,0,0,94,146,404,584,431,823,367,1001,289,599,114,126,190,264,172,515,0,0,40,51,222,292,248,457,208,606,153,299,53,73,68,120,58,206,4326,3252,231,39,1806,0,0,8,3
2021-03-04T23:59:59+01:00,0,0,91,130,393,548,413,789,350,956,277,569,105,124,171,237,165,488,0,0,40,51,220,285,246,451,206,593,150,298,52,73,68,120,58,205,4217,3212,214,38,1615,0,0,8,3
2021-03-03T23:59:59+01:00,0,0,84,119,383,532,404,771,345,935,268,551,103,121,160,230,159,454,0,0,40,50,220,285,245,449,202,585,150,292,52,73,67,118,58,205,4146,3187,208,35,1498,0,0,8,3
2021-03-02T23:59:59+01:00,0,0,81,116,372,517,387,753,337,916,261,529,100,115,150,220,149,425,0,0,39,50,220,285,245,443,197,578,147,288,52,73,67,116,58,204,4054,3157,201,34,1400,0,0,8,3
2021-03-01T23:59:59+01:00,0,0,80,114,366,503,380,731,326,891,255,501,98,114,143,209,131,390,0,0,39,49,218,284,243,434,195,570,147,285,52,73,66,115,57,204,3967,3124,195,34,1292,0,0,8,3
2021-02-28T23:59:59+01:00,0,0,80,112,359,493,376,723,324,867,250,483,93,106,140,205,127,386,0,0,39,49,217,284,242,433,194,570,147,285,52,73,65,115,57,204,3943,3121,192,33,1208,0,0,8,2
2021-02-27T23:59:59+01:00,0,0,77,103,353,487,370,716,318,856,247,474,91,104,139,200,120,375,0,0,39,49,217,283,241,432,193,569,145,284,52,73,65,115,57,204,3909,3119,186,27,1150,0,0,8,2
2021-02-26T23:59:59+01:00,0,0,74,98,345,462,344,682,297,825,236,453,88,100,131,189,116,355,0,0,38,48,215,282,241,430,192,566,141,282,52,73,65,114,57,202,3851,3099,184,27,967,0,0,8,1
2021-02-25T23:59:59+01:00,0,0,66,87,331,440,332,654,289,797,223,430,83,100,123,182,112,343,0,0,38,48,213,278,236,427,189,557,136,281,52,71,63,112,56,202,3797,3068,176,19,815,0,0,8,0
2021-02-24T23:59:59+01:00,0,0,62,80,324,426,324,639,284,780,220,422,82,100,118,177,105,330,0,0,35,48,210,275,233,414,187,549,134,276,50,70,59,112,56,202,3755,3023,171,13,740,0,0,8,0
2021-02-23T23:59:59+01:00,0,0,59,71,311,408,314,621,278,762,213,414,78,98,113,172,102,308,0,0,33,48,209,273,230,407,186,543,129,273,49,70,59,108,56,200,3702,2989,166,9,641,0,0,8,0
2021-02-22T23:59:59+01:00,0,0,57,69,305,396,309,611,276,753,211,409,76,95,105,164,100,296,0,0,33,46,206,271,228,392,179,533,126,270,48,70,58,108,56,200,3655,2942,158,4,600,0,0,7,0
2021-02-21T23:59:59+01:00,0,0,56,68,298,389,306,601,271,744,206,405,75,93,104,162,98,294,0,0,33,45,204,269,227,389,178,524,125,269,48,70,58,108,56,198,3645,2917,155,4,548,0,0,6,0
2021-02-20T23:59:59+01:00,0,0,55,68,296,388,305,598,270,737,206,400,73,93,101,158,86,279,0,0,33,43,204,269,227,389,177,524,123,268,48,70,57,108,56,196,3608,2908,154,4,526,0,0,6,0
2021-02-19T23:59:59+01:00,0,0,54,68,293,382,298,575,259,711,204,388,69,90,97,150,81,271,0,0,33,42,204,269,226,388,177,523,123,268,48,70,56,107,54,194,3572,2898,153,4,436,0,0,5,0
2021-02-18T23:59:59+01:00,0,0,51,66,275,358,290,552,251,690,189,363,68,86,95,145,79,262,0,0,32,41,199,260,223,381,173,508,123,258,48,68,56,105,51,189,3542,2830,144,4,301,0,0,5,0
2021-02-17T23:59:59+01:00,0,0,51,64,268,352,288,536,243,677,186,343,66,83,91,142,76,250,0,0,30,40,195,254,216,367,169,491,120,247,44,66,56,103,50,186,3489,2745,142,3,246,0,0,5,0
2021-02-16T23:59:59+01:00,0,0,50,59,254,338,284,525,237,661,181,335,64,82,88,140,70,242,0,0,27,40,186,244,208,347,163,479,116,235,44,61,46,88,41,176,3450,2611,139,3,180,0,0,5,0
2021-02-15T23:59:59+01:00,0,0,50,58,250,335,277,513,234,656,177,329,62,82,83,136,69,241,0,0,26,39,177,236,203,339,157,468,112,228,41,58,46,82,37,167,3422,2525,138,3,148,0,0,5,0
2021-02-14T23:59:59+01:00,0,0,47,57,247,331,274,506,231,650,177,324,61,79,80,135,68,238,0,0,24,39,175,231,200,334,156,455,111,225,41,58,45,80,36,160,3409,2478,126,3,124,0,0,5,0
2021-02-13T23:59:59+01:00,0,0,46,57,247,331,272,506,231,649,177,324,61,79,79,135,68,237,0,0,24,39,173,230,197,334,155,453,110,222,40,57,44,79,33,156,3405,2455,126,1,122,0,0,5,0
2021-02-12T23:59:59+01:00,0,0,45,55,245,327,269,497,227,638,174,321,61,78,77,135,68,236,0,0,24,39,172,226,196,333,154,451,108,221,38,56,44,75,29,148,3396,2423,126,1,83,0,0,5,0
2021-02-11T23:59:59+01:00,0,0,44,54,235,304,262,480,220,614,162,311,59,77,76,133,68,230,0,0,24,36,157,204,189,303,145,405,103,202,34,55,39,65,27,134,3358,2221,102,1,18,0,0,5,0
2021-02-10T23:59:59+01:00,0,0,44,53,232,296,260,473,215,606,160,306,56,77,75,133,67,228,0,0,22,33,144,180,174,263,125,356,96,179,30,52,38,62,24,122,3325,1987,92,1,8,0,0,5,0
2021-02-09T23:59:59+01:00,0,0,42,52,231,293,258,463,210,598,156,302,56,77,75,131,67,228,0,0,22,31,126,154,159,240,112,313,91,153,24,47,37,49,21,110,3301,1765,77,1,4,0,0,5,0
2021-02-08T23:59:59+01:00,0,0,42,52,228,291,251,448,206,586,152,297,53,77,74,130,67,228,0,0,20,30,109,130,137,200,92,275,86,143,17,45,30,40,20,97,3257,1540,61,1,4,0,0,4,0
2021-02-07T23:59:59+01:00,0,0,42,51,225,290,249,447,205,583,151,297,53,77,73,129,67,228,0,0,19,24,104,120,127,188,87,255,82,133,16,43,28,33,19,89,3249,1433,57,1,0,0,0,3,0
2021-02-06T23:59:59+01:00,0,0,42,51,225,290,249,446,205,583,150,296,52,77,72,129,66,223,0,0,15,20,103,119,126,184,85,248,82,131,15,42,28,30,16,89,3245,1395,50,1,0,0,0,3,0
2021-02-05T23:59:59+01:00,0,0,41,50,224,290,249,445,204,581,148,295,52,77,72,128,65,213,0,0,13,16,94,111,122,179,84,244,81,123,14,42,28,26,14,86,3230,1335,41,0,0,0,0,3,0
2021-02-04T23:59:59+01:00,0,0,41,50,221,286,244,441,199,575,146,292,52,75,71,126,65,212,0,0,12,11,65,79,99,133,72,208,64,103,14,37,25,22,11,75,3191,1074,41,0,0,0,0,3,0
2021-02-03T23:59:59+01:00,0,0,40,49,220,283,243,429,197,568,145,289,52,74,70,124,65,212,0,0,9,6,49,60,75,110,55,160,55,74,11,17,19,15,6,59,3159,813,38,0,0,0,0,2,0
2021-02-02T23:59:59+01:00,0,0,39,49,219,280,239,423,196,562,141,288,51,74,68,121,63,209,0,0,7,4,33,42,59,80,43,103,45,52,9,14,13,9,2,42,3120,579,37,0,0,0,0,2,0
2021-02-01T23:59:59+01:00,0,0,38,47,217,280,234,416,192,556,138,281,51,73,65,120,63,209,0,0,5,2,26,23,33,47,29,64,28,28,7,9,9,5,2,24,3077,353,37,0,0,0,0,1,0
2021-01-31T23:59:59+01:00,0,0,38,47,216,279,232,410,190,548,137,281,51,73,64,119,63,207,0,0,5,2,24,18,24,37,23,52,21,24,7,6,8,5,2,20,3052,288,35,0,0,0,0,1,0
2021-01-30T23:59:59+01:00,0,0,38,47,216,279,232,409,189,548,137,281,51,73,63,119,63,204,0,0,5,2,23,17,22,37,21,48,20,23,7,5,8,4,2,19,3047,272,34,0,0,0,0,1,0
2021-01-29T23:59:59+01:00,0,0,37,47,216,277,231,408,188,547,135,279,51,73,62,118,61,203,0,0,5,1,17,11,16,30,18,42,16,21,6,4,7,4,2,18,3035,225,30,0,0,0,0,0,0
2021-01-28T23:59:59+01:00,0,0,37,46,206,274,230,403,186,538,133,275,51,73,61,117,59,202,0,0,5,1,6,3,9,17,10,24,9,9,3,2,5,1,0,17,3001,124,22,0,0,0,0,0,0
2021-01-27T23:59:59+01:00,0,0,36,45,202,267,226,393,184,525,130,266,48,71,61,115,58,200,0,0,2,1,4,3,8,15,9,20,8,9,3,2,4,1,0,14,2935,105,18,0,0,0,0,0,0
2021-01-26T23:59:59+01:00,0,0,32,45,199,254,220,380,180,507,126,259,47,66,55,107,50,191,0,0,2,1,3,3,8,15,9,20,8,9,3,2,4,1,0,11,2829,101,14,0,0,0,0,0,0
2021-01-25T23:59:59+01:00,0,0,32,44,190,250,217,369,177,498,123,249,45,64,54,104,44,188,0,0,2,1,2,3,6,13,8,17,8,9,3,2,3,0,0,9,2765,88,5,0,0,0,0,0,0
2021-01-24T23:59:59+01:00,0,0,31,43,187,247,215,368,176,496,123,248,45,64,52,100,43,187,0,0,2,1,1,3,5,13,8,17,8,9,3,2,3,0,0,9,2743,86,3,0,0,0,0,0,0
2021-01-23T23:59:59+01:00,0,0,31,43,186,247,213,368,176,495,123,248,45,63,52,99,42,185,0,0,2,1,1,3,5,12,8,16,7,9,3,2,3,0,0,9,2733,83,3,0,0,0,0,0,0
2021-01-22T23:59:59+01:00,0,0,30,42,185,243,212,368,176,493,122,248,45,63,52,99,39,179,0,0,2,0,1,3,4,12,8,15,7,9,3,2,3,0,0,9,2713,80,3,0,0,0,0,0,0
2021-01-21T23:59:59+01:00,0,0,26,40,176,230,206,352,172,472,120,235,44,63,49,91,38,176,0,0,2,0,1,3,1,7,7,10,5,5,3,2,2,0,0,7,2600,57,3,0,0,0,0,0,0
2021-01-20T23:59:59+01:00,0,0,25,38,158,204,189,308,143,416,110,213,39,59,47,86,33,159,0,0,2,0,1,3,1,7,7,9,5,4,3,2,2,0,0,7,2326,55,2,0,0,0,0,0,0
2021-01-19T23:59:59+01:00,0,0,25,35,132,176,173,274,134,372,106,191,28,53,38,71,30,145,0,0,1,0,1,3,1,5,4,7,3,3,2,0,2,0,0,4,2070,37,2,0,0,0,0,0,0
2021-01-18T23:59:59+01:00,0,0,21,34,119,155,151,233,117,323,99,167,25,50,34,58,27,125,0,0,1,0,1,1,0,2,3,5,2,3,1,0,1,0,0,4,1818,25,2,0,0,0,0,0,0
2021-01-17T23:59:59+01:00,0,0,19,25,114,141,143,219,108,296,95,156,24,45,33,52,26,112,0,0,1,0,0,0,0,1,1,4,2,2,1,0,1,0,0,1,1680,14,2,0,0,0,0,0,0
2021-01-16T23:59:59+01:00,0,0,16,22,111,139,141,214,105,286,94,149,21,44,32,46,20,109,0,0,0,0,0,0,0,0,0,0,0,0,0,0,0,0,0,0,1619,0,0,0,0,0,0,0,0
2021-01-15T23:59:59+01:00,0,0,13,18,105,130,136,208,102,277,94,139,20,44,32,41,19,106,0,0,0,0,0,0,0,0,0,0,0,0,0,0,0,0,0,0,1549,0,0,0,0,0,0,0,0
2021-01-14T23:59:59+01:00,0,0,11,13,81,98,117,170,86,235,81,123,16,39,29,33,17,91,0,0,0,0,0,0,0,0,0,0,0,0,0,0,0,0,0,0,1291,0,0,0,0,0,0,0,0
2021-01-13T23:59:59+01:00,0,0,9,12,67,87,102,141,79,192,76,98,16,25,23,24,15,71,0,0,0,0,0,0,0,0,0,0,0,0,0,0,0,0,0,0,1080,0,0,0,0,0,0,0,0
2021-01-12T23:59:59+01:00,0,0,7,8,54,68,84,110,71,137,64,76,12,19,18,20,7,55,0,0,0,0,0,0,0,0,0,0,0,0,0,0,0,0,0,0,846,0,0,0,0,0,0,0,0
2021-01-11T23:59:59+01:00,0,0,5,6,47,52,70,84,56,109,49,55,11,14,9,11,4,29,0,0,0,0,0,0,0,0,0,0,0,0,0,0,0,0,0,0,636,0,0,0,0,0,0,0,0
2021-01-10T23:59:59+01:00,0,0,5,6,43,41,52,68,42,87,40,47,10,9,8,10,4,23,0,0,0,0,0,0,0,0,0,0,0,0,0,0,0,0,0,0,511,0,0,0,0,0,0,0,0
2021-01-09T23:59:59+01:00,0,0,5,5,39,40,47,65,39,79,37,43,10,9,8,8,4,22,0,0,0,0,0,0,0,0,0,0,0,0,0,0,0,0,0,0,474,0,0,0,0,0,0,0,0
2021-01-08T23:59:59+01:00,0,0,5,5,31,31,40,57,30,66,31,38,7,6,6,7,3,20,0,0,0,0,0,0,0,0,0,0,0,0,0,0,0,0,0,0,394,0,0,0,0,0,0,0,0
2021-01-07T23:59:59+01:00,0,0,5,2,13,3,12,19,12,30,8,18,6,3,5,2,1,18,0,0,0,0,0,0,0,0,0,0,0,0,0,0,0,0,0,0,160,0,0,0,0,0,0,0,0
2021-01-06T23:59:59+01:00,0,0,5,1,6,3,7,16,9,24,7,10,4,3,4,2,1,16,0,0,0,0,0,0,0,0,0,0,0,0,0,0,0,0,0,0,121,0,0,0,0,0,0,0,0
2021-01-05T23:59:59+01:00,0,0,3,1,3,3,7,15,9,22,7,9,4,2,4,2,0,15,0,0,0,0,0,0,0,0,0,0,0,0,0,0,0,0,0,0,109,0,0,0,0,0,0,0,0
2021-01-04T23:59:59+01:00,0,0,2,1,3,3,7,14,8,18,7,9,3,2,3,1,0,10,0,0,0,0,0,0,0,0,0,0,0,0,0,0,0,0,0,0,93,0,0,0,0,0,0,0,0
2021-01-03T23:59:59+01:00,0,0,2,1,1,3,6,14,8,18,7,9,3,2,3,1,0,10,0,0,0,0,0,0,0,0,0,0,0,0,0,0,0,0,0,0,90,0,0,0,0,0,0,0,0
2021-01-02T23:59:59+01:00,0,0,2,1,1,3,6,14,7,18,6,9,3,2,3,1,0,10,0,0,0,0,0,0,0,0,0,0,0,0,0,0,0,0,0,0,88,0,0,0,0,0,0,0,0
2021-01-01T23:59:59+01:00,0,0,2,0,1,3,5,14,7,18,6,9,3,2,3,1,0,10,0,0,0,0,0,0,0,0,0,0,0,0,0,0,0,0,0,0,86,0,0,0,0,0,0,0,0
2020-12-31T23:59:59+01:00,0,0,2,0,1,3,5,13,7,18,6,9,3,2,3,1,0,10,0,0,0,0,0,0,0,0,0,0,0,0,0,0,0,0,0,0,85,0,0,0,0,0,0,0,0
2020-12-30T23:59:59+01:00,0,0,2,0,1,3,5,13,7,16,6,9,3,2,3,1,0,10,0,0,0,0,0,0,0,0,0,0,0,0,0,0,0,0,0,0,83,0,0,0,0,0,0,0,0
2020-12-29T23:59:59+01:00,0,0,1,0,1,3,4,8,4,13,4,7,2,1,3,0,0,8,0,0,0,0,0,0,0,0,0,0,0,0,0,0,0,0,0,0,60,0,0,0,0,0,0,0,0
2020-12-28T23:59:59+01:00,0,0,1,0,1,1,1,1,2,6,3,4,2,0,2,0,0,4,0,0,0,0,0,0,0,0,0,0,0,0,0,0,0,0,0,0,29,0,0,0,0,0,0,0,0
2020-12-27T23:59:59+01:00,0,0,1,0,0,0,0,1,1,6,1,2,1,0,1,0,0,2,0,0,0,0,0,0,0,0,0,0,0,0,0,0,0,0,0,0,16,0,0,0,0,0,0,0,0
