Datum,<15_m,<15_w,15-24_1_m,15-24_1_w,25-34_1_m,25-34_1_w,35-44_1_m,35-44_1_w,45-54_1_m,45-54_1_w,55-64_1_m,55-64_1_w,65-74_1_m,65-74_1_w,75-84_1_m,75-84_1_w,>84_1_m,>84_1_w,<24_2_m,<24_2_w,25-34_2_m,25-34_2_w,35-44_2_m,35-44_2_w,45-54_2_m,45-54_2_w,55-64_2_m,55-64_2_w,65-74_2_m,65-74_2_w,75-84_2_m,75-84_2_w,>84_2_m,>84_2_w,bp_1,bp_2,mo_1,mo_2,az_1,az_2,ja,unb_1,unb_2
2021-10-19T23:59:59+02:00,222,211,4089,3515,9924,7023,9435,6462,8142,8595,5422,6005,1850,2309,1170,1616,316,912,3487,3029,8887,6285,8593,5886,7531,7873,5030,5594,1729,2176,1097,1523,278,840,49643,44066,7650,6984,9150,7875,12381,43,43
2021-10-18T23:59:59+02:00,222,209,4078,3508,9911,7015,9416,6451,8131,8584,5418,5994,1849,2305,1169,1615,316,912,3476,3017,8872,6274,8581,5878,7522,7866,5029,5586,1728,2174,1097,1523,278,838,49549,43990,7647,6978,9149,7875,12364,43,43
2021-10-17T23:59:59+02:00,222,207,4064,3504,9902,7006,9404,6447,8125,8581,5416,5990,1848,2305,1169,1614,315,912,3464,3011,8862,6271,8575,5873,7511,7860,5027,5582,1727,2170,1095,1523,278,838,49494,43929,7641,6976,9149,7875,12352,43,43
2021-10-16T23:59:59+02:00,222,207,4059,3502,9897,7004,9402,6446,8123,8578,5415,5989,1847,2305,1168,1613,315,912,3462,3010,8858,6269,8575,5872,7509,7859,5027,5582,1727,2170,1095,1523,278,838,49473,43921,7640,6976,9149,7874,12347,43,43
2021-10-15T23:59:59+02:00,218,206,4044,3494,9878,6994,9388,6439,8113,8563,5408,5983,1846,2305,1168,1613,315,912,3449,3004,8843,6258,8562,5868,7502,7852,5020,5578,1727,2170,1095,1522,278,838,49382,43855,7636,6974,9149,7874,12325,43,43
2021-10-14T23:59:59+02:00,217,206,4027,3483,9847,6974,9367,6422,8091,8543,5399,5974,1846,2303,1168,1612,314,911,3426,2993,8810,6231,8530,5840,7478,7839,5010,5568,1726,2166,1092,1522,278,838,49254,43692,7627,6958,9149,7872,12279,43,43
2021-10-13T23:59:59+02:00,214,205,4010,3475,9828,6962,9350,6410,8080,8528,5391,5967,1844,2302,1168,1610,314,911,3411,2985,8784,6215,8513,5829,7460,7829,5003,5563,1726,2166,1091,1521,278,838,49156,43594,7623,6952,9149,7872,12246,43,43
2021-10-12T23:59:59+02:00,212,204,4000,3469,9810,6949,9328,6400,8068,8512,5382,5958,1843,2300,1167,1610,314,911,3403,2971,8761,6196,8489,5814,7446,7817,4988,5552,1722,2161,1091,1520,278,838,49051,43452,7617,6947,9149,7871,12225,43,43
2021-10-11T23:59:59+02:00,210,202,3979,3463,9786,6943,9306,6388,8059,8495,5378,5948,1842,2299,1167,1610,314,911,3388,2960,8726,6184,8462,5794,7428,7797,4981,5543,1721,2160,1091,1520,278,838,48955,43317,7608,6936,9149,7871,12193,43,43
2021-10-10T23:59:59+02:00,209,200,3968,3456,9773,6932,9298,6378,8048,8486,5375,5940,1842,2299,1166,1610,314,911,3379,2958,8707,6178,8449,5787,7416,7794,4977,5537,1720,2159,1091,1519,278,838,48884,43251,7602,6933,9149,7871,12175,43,43
2021-10-09T23:59:59+02:00,209,200,3967,3455,9769,6932,9286,6373,8045,8484,5373,5940,1842,2298,1166,1610,314,911,3377,2952,8705,6177,8440,5781,7413,7793,4974,5536,1720,2159,1091,1519,278,838,48866,43234,7602,6929,9149,7870,12162,43,43
2021-10-08T23:59:59+02:00,207,200,3954,3446,9747,6922,9273,6362,8031,8469,5368,5937,1840,2297,1166,1610,314,911,3369,2941,8679,6167,8426,5773,7408,7776,4965,5534,1716,2157,1090,1518,278,838,48783,43151,7600,6928,9149,7870,12127,43,43
2021-10-07T23:59:59+02:00,205,198,3927,3432,9709,6902,9230,6352,8009,8448,5362,5931,1839,2292,1166,1610,314,911,3337,2915,8633,6146,8397,5760,7385,7747,4946,5524,1713,2152,1090,1517,278,838,48626,42967,7595,6908,9149,7870,12072,43,43
2021-10-06T23:59:59+02:00,203,197,3918,3425,9682,6884,9215,6346,8001,8440,5355,5923,1837,2289,1166,1608,314,910,3324,2902,8612,6133,8379,5751,7377,7731,4944,5514,1711,2149,1090,1516,278,838,48532,42869,7591,6903,9149,7869,12046,43,43
2021-10-05T23:59:59+02:00,203,195,3901,3413,9665,6866,9194,6332,7984,8418,5347,5918,1836,2287,1166,1607,314,910,3307,2889,8588,6122,8353,5733,7359,7705,4934,5507,1709,2145,1089,1515,278,838,48424,42744,7589,6895,9149,7869,11999,43,43
2021-10-04T23:59:59+02:00,203,194,3878,3400,9636,6850,9157,6317,7968,8408,5341,5909,1834,2286,1165,1602,314,908,3294,2879,8562,6103,8316,5721,7339,7680,4925,5492,1708,2143,1089,1514,277,838,48306,42616,7581,6890,9148,7869,11940,43,43
2021-10-03T23:59:59+02:00,203,194,3857,3390,9610,6835,9142,6307,7954,8397,5339,5901,1832,2284,1164,1601,314,908,3276,2873,8532,6092,8305,5712,7330,7668,4920,5486,1706,2140,1089,1513,277,838,48222,42547,7576,6888,9148,7866,11891,43,43
2021-10-02T23:59:59+02:00,203,194,3854,3389,9608,6833,9139,6306,7952,8397,5336,5899,1831,2283,1164,1601,314,908,3273,2873,8528,6091,8303,5712,7325,7667,4919,5482,1705,2139,1089,1513,277,838,48212,42535,7574,6888,9148,7864,11882,43,43
2021-10-01T23:59:59+02:00,202,193,3842,3385,9586,6827,9127,6298,7939,8387,5332,5890,1828,2281,1164,1601,314,907,3256,2861,8509,6082,8288,5702,7316,7656,4913,5475,1703,2139,1088,1513,277,838,48148,42460,7571,6884,9148,7860,11841,43,43
2021-09-30T23:59:59+02:00,201,191,3813,3366,9539,6808,9094,6274,7914,8362,5315,5876,1825,2278,1163,1601,314,906,3234,2835,8461,6054,8254,5681,7297,7626,4898,5461,1702,2133,1088,1513,277,837,47992,42321,7563,6859,9148,7856,11740,43,43
2021-09-29T23:59:59+02:00,199,189,3794,3354,9495,6795,9077,6252,7902,8335,5306,5871,1823,2275,1162,1599,314,905,3216,2825,8428,6048,8238,5659,7286,7605,4888,5449,1702,2131,1088,1512,277,837,47865,42231,7558,6852,9148,7851,11678,43,43
2021-09-28T23:59:59+02:00,197,189,3780,3342,9457,6776,9046,6241,7877,8302,5297,5855,1822,2268,1162,1599,314,903,3197,2813,8402,6024,8215,5647,7261,7577,4879,5437,1702,2125,1088,1511,277,836,47737,42124,7555,6847,9148,7850,11588,43,43
2021-09-27T23:59:59+02:00,195,189,3758,3329,9421,6748,9021,6215,7860,8272,5283,5843,1819,2257,1161,1599,313,902,3172,2804,8359,5997,8186,5619,7239,7548,4866,5428,1699,2116,1088,1510,277,835,47616,41991,7543,6844,9148,7846,11479,43,43
2021-09-26T23:59:59+02:00,193,189,3746,3320,9402,6739,9010,6207,7847,8260,5279,5838,1814,2256,1159,1598,313,902,3161,2798,8338,5993,8175,5608,7225,7541,4858,5418,1695,2116,1088,1509,277,834,47552,41931,7539,6841,9147,7842,11435,43,43
2021-09-25T23:59:59+02:00,192,188,3739,3319,9393,6735,9006,6204,7842,8259,5277,5837,1814,2255,1159,1597,313,902,3154,2795,8331,5989,8171,5605,7222,7536,4857,5415,1694,2115,1087,1506,277,834,47535,41911,7537,6838,9147,7840,11413,43,43
2021-09-24T23:59:59+02:00,191,186,3720,3308,9362,6721,8991,6193,7820,8239,5269,5825,1813,2253,1159,1596,313,902,3140,2783,8305,5974,8159,5593,7200,7521,4850,5406,1694,2111,1087,1506,277,834,47447,41848,7535,6832,9147,7840,11332,43,43
2021-09-23T23:59:59+02:00,189,184,3684,3292,9302,6689,8940,6146,7779,8191,5249,5805,1807,2247,1157,1593,313,902,3119,2769,8253,5946,8112,5554,7158,7475,4831,5388,1685,2107,1086,1504,277,834,47286,41740,7525,6823,9147,7836,11108,43,43
2021-09-22T23:59:59+02:00,186,184,3663,3282,9276,6668,8913,6126,7745,8177,5233,5795,1805,2244,1156,1593,313,902,3096,2763,8225,5924,8087,5538,7128,7455,4816,5382,1683,2100,1084,1504,277,833,47164,41620,7520,6820,9145,7830,11028,43,43
2021-09-21T23:59:59+02:00,184,180,3641,3267,9248,6645,8866,6104,7712,8151,5218,5784,1804,2244,1156,1593,313,902,3072,2749,8188,5897,8042,5522,7092,7423,4799,5362,1681,2099,1083,1503,277,833,47033,41465,7513,6813,9145,7830,10916,43,43
2021-09-20T23:59:59+02:00,182,180,3614,3251,9209,6631,8831,6083,7678,8119,5211,5769,1800,2242,1156,1593,313,900,3050,2724,8145,5880,8004,5498,7057,7395,4791,5342,1678,2097,1082,1502,276,833,46903,41324,7511,6807,9145,7825,10795,43,43
2021-09-19T23:59:59+02:00,181,179,3597,3243,9180,6623,8817,6077,7672,8109,5203,5762,1799,2239,1155,1591,313,899,3043,2717,8116,5867,7985,5491,7042,7380,4783,5334,1678,2093,1081,1501,276,832,46841,41258,7505,6799,9145,7819,10738,43,43
2021-09-18T23:59:59+02:00,180,179,3593,3241,9174,6621,8811,6074,7669,8107,5201,5761,1799,2239,1155,1591,313,899,3036,2715,8106,5864,7974,5487,7036,7378,4779,5329,1678,2093,1081,1500,276,832,46828,41216,7503,6798,9144,7819,10722,43,43
2021-09-17T23:59:59+02:00,180,178,3574,3232,9136,6605,8782,6060,7650,8094,5192,5752,1798,2234,1153,1591,313,899,3020,2707,8065,5849,7943,5475,7013,7367,4771,5320,1678,2091,1080,1500,276,832,46735,41135,7496,6786,9142,7816,10639,43,43
2021-09-16T23:59:59+02:00,180,178,3548,3207,9081,6579,8735,6033,7614,8060,5172,5739,1796,2229,1152,1591,313,898,3009,2694,8025,5824,7910,5450,6992,7342,4758,5313,1676,2090,1080,1500,275,831,46529,41018,7471,6778,9141,7808,10551,43,43
2021-09-15T23:59:59+02:00,178,178,3524,3193,9049,6562,8705,6008,7587,8039,5166,5721,1793,2225,1149,1591,312,897,2992,2690,7999,5811,7883,5423,6959,7323,4742,5297,1674,2087,1080,1497,273,828,46380,40886,7465,6771,9141,7807,10475,43,43
2021-09-14T23:59:59+02:00,177,177,3504,3173,9004,6541,8659,5980,7560,8008,5154,5704,1791,2221,1148,1591,311,897,2972,2674,7956,5787,7843,5404,6933,7298,4727,5281,1673,2087,1079,1494,273,827,46221,40754,7455,6762,9141,7804,10366,43,43
2021-09-13T23:59:59+02:00,175,176,3489,3158,8964,6521,8629,5960,7542,7978,5139,5687,1789,2217,1148,1591,311,896,2958,2663,7925,5772,7826,5391,6924,7276,4718,5276,1672,2084,1079,1493,273,827,46061,40655,7435,6757,9141,7802,10314,43,43
2021-09-12T23:59:59+02:00,175,175,3471,3154,8939,6511,8618,5951,7531,7962,5132,5679,1788,2216,1147,1588,311,895,2945,2654,7899,5757,7816,5381,6909,7260,4714,5267,1668,2083,1079,1493,273,826,45978,40575,7433,6751,9141,7795,10271,43,43
2021-09-11T23:59:59+02:00,175,175,3468,3152,8931,6507,8614,5949,7530,7960,5130,5677,1787,2215,1146,1588,311,895,2943,2653,7890,5754,7812,5378,6908,7255,4714,5265,1668,2083,1079,1493,273,826,45961,40560,7431,6749,9140,7795,10256,43,43
2021-09-10T23:59:59+02:00,174,171,3440,3145,8905,6488,8596,5935,7504,7940,5118,5657,1783,2212,1145,1588,311,895,2929,2647,7865,5731,7794,5363,6885,7235,4699,5246,1667,2082,1079,1491,273,826,45877,40497,7428,6744,9140,7794,10139,43,43
2021-09-09T23:59:59+02:00,172,168,3422,3125,8859,6460,8560,5911,7482,7901,5102,5646,1780,2209,1145,1588,311,895,2915,2636,7831,5703,7768,5342,6862,7205,4686,5231,1666,2078,1079,1491,273,826,45704,40383,7420,6733,9140,7786,10048,43,42
2021-09-08T23:59:59+02:00,171,167,3403,3111,8825,6449,8534,5882,7464,7872,5087,5630,1776,2207,1144,1586,311,894,2898,2624,7788,5685,7732,5318,6834,7169,4674,5209,1665,2077,1078,1491,272,826,45600,40252,7412,6724,9138,7782,9935,43,42
2021-09-07T23:59:59+02:00,170,165,3382,3105,8807,6423,8505,5861,7443,7853,5072,5619,1776,2205,1143,1585,311,891,2881,2613,7759,5661,7707,5295,6816,7143,4661,5197,1662,2073,1077,1490,272,826,45469,40121,7409,6714,9138,7778,9870,43,42
2021-09-06T23:59:59+02:00,170,165,3362,3096,8776,6403,8480,5850,7423,7828,5064,5606,1772,2195,1141,1585,310,891,2862,2601,7733,5647,7682,5285,6799,7115,4654,5183,1656,2071,1077,1490,272,826,45340,40013,7407,6711,9137,7777,9802,43,42
2021-09-05T23:59:59+02:00,170,164,3348,3091,8767,6395,8468,5840,7420,7818,5057,5595,1769,2194,1141,1585,310,890,2851,2599,7717,5635,7671,5271,6792,7108,4644,5176,1653,2070,1077,1489,272,826,45286,39958,7405,6702,9136,7776,9764,43,42
2021-09-04T23:59:59+02:00,170,163,3343,3089,8764,6389,8461,5839,7417,7817,5057,5594,1768,2194,1141,1585,310,890,2847,2594,7713,5627,7664,5271,6787,7106,4643,5175,1650,2069,1076,1489,272,826,45270,39935,7405,6699,9136,7774,9749,43,42
2021-09-03T23:59:59+02:00,168,162,3329,3070,8730,6379,8441,5822,7399,7802,5044,5579,1765,2191,1141,1584,310,888,2829,2579,7684,5613,7643,5253,6768,7084,4630,5155,1646,2068,1076,1487,272,824,45186,39849,7394,6676,9136,7773,9656,43,42
2021-09-02T23:59:59+02:00,168,160,3307,3051,8680,6354,8400,5802,7378,7776,5031,5561,1760,2186,1139,1583,309,887,2812,2566,7635,5592,7609,5236,6743,7057,4621,5134,1642,2063,1074,1485,272,821,45053,39740,7382,6666,9134,7770,9527,43,41
2021-09-01T23:59:59+02:00,166,160,3290,3039,8640,6338,8373,5789,7358,7759,5020,5554,1759,2183,1138,1580,309,887,2796,2558,7589,5568,7576,5219,6715,7035,4610,5121,1639,2061,1073,1482,272,821,44941,39596,7369,6645,9134,7768,9460,43,41
2021-08-31T23:59:59+02:00,164,159,3274,3030,8597,6314,8352,5778,7340,7738,5013,5545,1756,2181,1137,1579,308,886,2781,2547,7545,5548,7554,5201,6691,7007,4598,5102,1635,2059,1072,1482,271,821,44839,39480,7364,6636,9134,7755,9373,43,41
2021-08-30T23:59:59+02:00,163,159,3247,3012,8557,6288,8309,5754,7303,7708,5000,5529,1752,2179,1136,1579,308,886,2751,2533,7499,5526,7517,5182,6657,6987,4587,5083,1631,2057,1071,1482,271,820,44682,39354,7363,6626,9133,7753,9248,43,41
2021-08-29T23:59:59+02:00,162,158,3235,2996,8532,6280,8290,5745,7295,7698,4992,5520,1751,2176,1136,1579,307,886,2728,2513,7466,5517,7498,5164,6644,6973,4576,5078,1629,2056,1070,1481,270,820,44611,39251,7358,6615,9133,7748,9190,43,41
2021-08-28T23:59:59+02:00,161,158,3230,2995,8526,6277,8285,5743,7288,7695,4992,5518,1751,2175,1136,1578,307,886,2722,2508,7460,5512,7493,5162,6639,6969,4573,5077,1629,2056,1070,1480,270,820,44594,39227,7358,6614,9133,7748,9170,43,41
2021-08-27T23:59:59+02:00,159,158,3220,2992,8508,6266,8263,5735,7268,7685,4980,5510,1751,2175,1136,1577,307,886,2709,2504,7442,5504,7472,5149,6624,6961,4563,5069,1629,2056,1069,1478,270,820,44531,39166,7357,6613,9132,7747,9108,43,41
2021-08-26T23:59:59+02:00,159,157,3196,2980,8469,6243,8227,5721,7245,7663,4967,5499,1749,2172,1136,1576,307,885,2686,2482,7403,5476,7423,5121,6589,6933,4539,5054,1623,2050,1069,1477,270,820,44394,38978,7351,6594,9132,7727,9019,43,41
2021-08-25T23:59:59+02:00,155,155,3173,2971,8431,6226,8192,5706,7220,7639,4954,5477,1747,2169,1136,1574,307,885,2649,2464,7351,5437,7374,5085,6552,6895,4522,5027,1622,2045,1068,1476,270,820,44283,38744,7346,6586,9132,7720,8900,43,41
2021-08-24T23:59:59+02:00,155,154,3167,2962,8412,6211,8174,5687,7204,7617,4944,5466,1744,2168,1135,1572,307,883,2629,2444,7318,5408,7341,5062,6526,6868,4506,5009,1622,2043,1067,1476,270,819,44208,38582,7342,6576,9132,7716,8824,43,41
2021-08-23T23:59:59+02:00,154,147,3143,2941,8366,6190,8130,5666,7174,7587,4930,5453,1744,2167,1133,1571,307,882,2603,2423,7272,5370,7301,5045,6491,6836,4491,4992,1618,2042,1067,1475,269,819,44067,38424,7331,6564,9129,7710,8697,43,41
2021-08-22T23:59:59+02:00,153,147,3132,2931,8351,6171,8115,5659,7155,7576,4923,5447,1743,2166,1132,1571,307,882,2589,2408,7240,5348,7277,5032,6472,6817,4487,4983,1615,2037,1066,1475,268,818,43993,38295,7323,6553,9129,7707,8652,43,41
2021-08-21T23:59:59+02:00,152,147,3124,2927,8340,6163,8105,5657,7150,7571,4921,5441,1742,2166,1132,1570,307,882,2580,2400,7222,5335,7257,5022,6460,6810,4479,4975,1614,2035,1065,1475,268,818,43946,38217,7320,6526,9129,7705,8635,43,41
2021-08-20T23:59:59+02:00,151,145,3114,2919,8315,6147,8075,5638,7131,7551,4909,5429,1740,2163,1132,1569,307,880,2551,2388,7178,5300,7223,4993,6425,6774,4463,4955,1608,2031,1064,1472,268,816,43876,38051,7311,6489,9128,7696,8531,43,41
2021-08-19T23:59:59+02:00,150,143,3094,2906,8272,6122,8036,5619,7111,7524,4896,5412,1734,2160,1131,1567,307,879,2505,2369,7097,5249,7163,4957,6378,6716,4433,4924,1604,2027,1064,1471,268,816,43748,37724,7299,6459,9126,7685,8416,43,41
2021-08-18T23:59:59+02:00,149,141,3081,2899,8247,6105,8006,5606,7079,7506,4884,5403,1729,2158,1131,1567,306,878,2479,2352,7031,5215,7107,4922,6336,6683,4410,4901,1599,2023,1062,1470,268,816,43638,37486,7294,6407,9126,7677,8341,43,41
2021-08-17T23:59:59+02:00,149,141,3064,2888,8224,6078,7978,5593,7065,7484,4873,5391,1726,2156,1130,1566,305,878,2452,2332,6974,5169,7064,4887,6308,6643,4392,4881,1591,2018,1061,1466,267,816,43517,37218,7288,6372,9125,7671,8282,43,41
2021-08-16T23:59:59+02:00,147,140,3053,2877,8204,6061,7959,5587,7053,7469,4860,5378,1725,2155,1129,1566,305,878,2421,2304,6901,5126,6996,4851,6260,6600,4361,4854,1589,2016,1058,1465,267,816,43429,36849,7283,6358,9125,7659,8230,43,41
2021-08-15T23:59:59+02:00,146,139,3045,2863,8178,6051,7943,5574,7035,7455,4855,5368,1723,2152,1129,1565,305,878,2389,2268,6841,5096,6958,4823,6220,6571,4349,4842,1585,2010,1057,1463,267,816,43336,36571,7276,6337,9124,7654,8189,43,41
2021-08-14T23:59:59+02:00,145,139,3039,2856,8167,6047,7934,5573,7034,7453,4851,5366,1721,2151,1129,1564,305,878,2380,2260,6815,5084,6945,4813,6212,6558,4330,4833,1582,2007,1057,1461,267,815,43315,36477,7275,6324,9124,7653,8159,43,41
2021-08-13T23:59:59+02:00,145,138,3025,2852,8147,6038,7924,5560,7020,7443,4843,5359,1721,2147,1128,1563,305,878,2344,2237,6769,5054,6907,4786,6171,6531,4319,4818,1581,2003,1056,1461,267,815,43250,36241,7274,6309,9124,7652,8106,43,41
2021-08-12T23:59:59+02:00,143,133,3007,2843,8116,6016,7894,5542,6998,7419,4829,5345,1719,2145,1125,1561,305,878,2306,2203,6682,5006,6855,4749,6124,6482,4294,4788,1578,2000,1053,1460,267,815,43148,35932,7266,6282,9123,7630,7998,41,41
2021-08-11T23:59:59+02:00,141,130,2991,2826,8076,5991,7874,5532,6976,7398,4818,5331,1717,2143,1125,1560,304,878,2279,2172,6600,4950,6780,4708,6067,6420,4273,4749,1573,1992,1053,1458,267,813,43024,35518,7255,6251,9118,7623,7930,41,41
2021-08-10T23:59:59+02:00,141,129,2973,2816,8045,5978,7848,5513,6947,7382,4800,5322,1714,2143,1125,1558,304,877,2207,2117,6489,4891,6694,4640,5978,6354,4226,4724,1564,1984,1051,1456,267,812,42918,34924,7245,6228,9116,7609,7851,41,41
2021-08-09T23:59:59+02:00,138,129,2954,2809,8016,5958,7824,5503,6923,7363,4791,5311,1713,2142,1125,1558,304,876,2145,2059,6389,4821,6597,4597,5908,6299,4198,4691,1558,1974,1050,1455,267,812,42835,34442,7239,6178,9116,7586,7760,41,41
2021-08-08T23:59:59+02:00,138,128,2941,2803,8000,5948,7808,5491,6914,7355,4785,5307,1710,2142,1125,1558,304,876,2120,2032,6329,4785,6556,4570,5870,6277,4186,4674,1549,1970,1049,1453,267,812,42780,34210,7236,6134,9113,7578,7716,41,41
2021-08-07T23:59:59+02:00,137,127,2934,2796,7981,5935,7794,5484,6908,7345,4780,5302,1708,2142,1124,1558,304,876,2089,2011,6251,4736,6501,4536,5837,6240,4169,4660,1545,1969,1049,1450,267,812,42723,33896,7231,6106,9113,7568,7680,41,41
2021-08-06T23:59:59+02:00,137,126,2923,2788,7953,5924,7764,5462,6888,7324,4769,5288,1703,2140,1124,1557,304,876,2050,1976,6155,4663,6429,4501,5797,6202,4148,4639,1542,1966,1048,1447,267,812,42661,33555,7214,6078,9113,7551,7574,41,41
2021-08-05T23:59:59+02:00,136,125,2898,2772,7929,5905,7727,5442,6865,7302,4750,5265,1699,2137,1122,1553,304,875,2009,1929,6028,4555,6321,4441,5728,6138,4111,4598,1535,1958,1045,1445,267,812,42532,33069,7206,5991,9112,7494,7464,41,41
2021-08-04T23:59:59+02:00,133,121,2857,2752,7861,5874,7690,5417,6837,7270,4732,5250,1695,2133,1119,1552,304,875,1951,1897,5908,4489,6199,4388,5661,6071,4083,4560,1525,1951,1040,1442,267,811,42324,32583,7193,5941,9112,7461,7339,41,41
2021-08-03T23:59:59+02:00,131,120,2842,2734,7834,5862,7654,5401,6815,7244,4720,5236,1691,2132,1118,1549,304,875,1918,1867,5810,4427,6093,4336,5592,6013,4043,4519,1520,1944,1039,1440,267,811,42191,32111,7188,5897,9111,7437,7267,41,41
2021-08-02T23:59:59+02:00,131,120,2819,2711,7803,5839,7630,5390,6793,7228,4703,5225,1690,2128,1117,1549,303,875,1894,1832,5686,4336,5981,4276,5525,5959,3998,4486,1514,1931,1038,1437,266,810,42056,31551,7181,5857,9110,7419,7201,41,41
2021-08-01T23:59:59+02:00,131,119,2804,2695,7774,5818,7616,5374,6781,7220,4698,5218,1689,2127,1115,1549,303,875,1875,1813,5611,4292,5921,4233,5481,5937,3983,4466,1512,1928,1036,1434,266,810,41966,31263,7169,5829,9109,7398,7154,41,41
2021-07-31T23:59:59+02:00,129,118,2796,2687,7760,5811,7608,5370,6775,7211,4697,5216,1688,2126,1115,1549,303,875,1836,1771,5513,4228,5856,4187,5429,5899,3957,4442,1507,1925,1036,1433,266,810,41925,30783,7167,5817,9109,7394,7125,41,41
2021-07-30T23:59:59+02:00,127,116,2786,2679,7736,5795,7596,5353,6758,7197,4690,5208,1687,2125,1115,1548,303,875,1814,1749,5433,4191,5792,4134,5372,5853,3931,4423,1503,1923,1035,1430,266,810,41848,30429,7155,5791,9109,7383,7071,41,41
2021-07-29T23:59:59+02:00,125,114,2751,2662,7684,5753,7556,5310,6729,7156,4665,5188,1686,2120,1113,1547,303,875,1775,1720,5312,4094,5662,4060,5282,5767,3882,4372,1496,1914,1032,1428,266,810,41646,29860,7140,5737,9103,7344,6930,41,41
2021-07-28T23:59:59+02:00,123,112,2733,2648,7654,5726,7529,5283,6706,7134,4651,5174,1682,2118,1112,1545,302,874,1738,1674,5216,4023,5546,3990,5196,5694,3844,4339,1484,1907,1030,1426,266,809,41473,29303,7130,5678,9099,7302,6886,41,41
2021-07-27T23:59:59+02:00,118,110,2717,2628,7616,5710,7498,5264,6687,7116,4640,5162,1682,2117,1112,1544,301,874,1694,1646,5083,3944,5422,3909,5105,5626,3805,4287,1477,1896,1029,1423,265,809,41355,28729,7114,5596,9098,7259,6811,41,41
2021-07-26T23:59:59+02:00,116,108,2694,2612,7581,5684,7466,5244,6664,7095,4634,5151,1680,2117,1110,1543,301,874,1649,1593,4946,3876,5320,3841,5032,5556,3744,4253,1474,1884,1028,1417,265,808,41210,28157,7092,5526,9095,7210,6754,41,41
2021-07-25T23:59:59+02:00,110,106,2679,2598,7545,5665,7439,5236,6645,7077,4625,5147,1678,2114,1109,1541,301,873,1626,1566,4887,3829,5262,3811,4984,5521,3711,4229,1470,1880,1027,1417,265,808,41077,27870,7084,5494,9093,7176,6705,41,41
2021-07-24T23:59:59+02:00,110,104,2665,2588,7518,5654,7415,5220,6632,7064,4615,5143,1677,2111,1109,1541,301,873,1607,1544,4840,3809,5191,3764,4942,5497,3691,4221,1469,1878,1026,1415,265,807,41002,27677,7062,5406,9092,7175,6653,41,41
2021-07-23T23:59:59+02:00,108,102,2641,2567,7470,5633,7391,5196,6595,7040,4595,5132,1675,2107,1107,1541,301,873,1549,1514,4700,3703,5061,3693,4869,5427,3639,4191,1467,1869,1025,1410,264,807,40833,27026,7055,5379,9090,7154,6558,41,41
2021-07-22T23:59:59+02:00,108,99,2610,2540,7396,5588,7339,5158,6549,6993,4560,5108,1668,2100,1106,1540,301,872,1496,1473,4535,3627,4909,3612,4715,5345,3558,4137,1454,1860,1020,1408,264,806,40531,26368,7032,5238,9079,7086,6445,41,41
2021-07-21T23:59:59+02:00,107,95,2583,2524,7332,5556,7289,5118,6491,6953,4539,5085,1661,2094,1106,1537,301,870,1460,1429,4414,3544,4775,3547,4611,5238,3487,4095,1443,1848,1018,1407,264,804,40286,25894,6992,5031,9073,7025,6336,41,40
2021-07-20T23:59:59+02:00,107,95,2562,2500,7281,5522,7253,5089,6453,6912,4512,5066,1657,2090,1106,1536,301,870,1427,1397,4297,3477,4688,3494,4512,5157,3433,4063,1438,1839,1017,1406,264,803,40043,25413,6982,4956,9071,6971,6257,41,40
2021-07-19T23:59:59+02:00,106,95,2542,2476,7227,5485,7208,5068,6409,6880,4493,5050,1651,2084,1104,1533,301,869,1404,1370,4223,3430,4603,3459,4437,5095,3397,4035,1432,1833,1013,1403,262,802,39763,25095,6971,4832,9069,6931,6215,41,40
2021-07-18T23:59:59+02:00,106,93,2515,2451,7163,5449,7173,5040,6373,6841,4476,5040,1645,2079,1103,1533,300,868,1385,1346,4175,3391,4565,3428,4389,5071,3363,4022,1426,1824,1012,1403,262,800,39479,24893,6956,4753,9063,6905,6182,41,39
2021-07-17T23:59:59+02:00,101,91,2503,2437,7143,5436,7155,5024,6353,6827,4454,5029,1640,2078,1103,1532,300,866,1373,1333,4140,3359,4515,3406,4347,5041,3333,4010,1419,1821,1012,1401,262,800,39372,24723,6946,4697,9061,6896,6123,41,39
2021-07-16T23:59:59+02:00,101,88,2468,2417,7085,5401,7095,4984,6310,6784,4427,5001,1634,2072,1102,1531,300,866,1330,1306,4043,3306,4424,3363,4265,4985,3272,3963,1406,1812,1006,1399,262,799,39192,24375,6924,4664,9054,6831,5920,41,39
2021-07-15T23:59:59+02:00,99,84,2423,2390,7017,5366,7038,4946,6264,6731,4409,4975,1631,2067,1100,1528,298,866,1278,1272,3848,3197,4235,3261,4122,4888,3207,3897,1397,1804,1002,1395,260,799,38875,23675,6907,4425,9048,6767,5819,41,39
2021-07-14T23:59:59+02:00,98,81,2389,2374,6949,5334,6968,4912,6210,6684,4387,4952,1623,2060,1098,1526,298,866,1232,1229,3726,3108,4131,3195,4012,4822,3160,3854,1385,1794,1001,1392,260,799,38564,23172,6887,4321,9046,6696,5723,41,39
2021-07-13T23:59:59+02:00,94,78,2355,2347,6895,5304,6904,4874,6169,6635,4365,4934,1613,2055,1096,1526,298,866,1200,1190,3621,3019,4008,3124,3924,4733,3108,3794,1356,1787,998,1387,258,797,38243,22670,6880,4187,9043,6595,5648,41,39
2021-07-12T23:59:59+02:00,89,78,2330,2324,6830,5262,6837,4831,6118,6594,4338,4909,1608,2052,1093,1526,298,866,1168,1168,3513,2934,3895,3054,3822,4654,3056,3748,1343,1777,993,1379,258,797,37912,22211,6866,4057,9040,6510,5564,41,38
2021-07-11T23:59:59+02:00,83,75,2317,2312,6794,5237,6808,4809,6090,6576,4328,4901,1605,2048,1091,1526,297,866,1154,1151,3465,2889,3835,3018,3769,4626,3034,3734,1333,1764,990,1375,258,797,37800,22022,6846,4018,9035,6450,5479,41,38
2021-07-10T23:59:59+02:00,82,74,2288,2279,6712,5196,6744,4771,6041,6541,4304,4890,1602,2045,1091,1523,297,865,1131,1130,3408,2849,3787,2988,3732,4595,3017,3722,1327,1757,990,1373,258,797,37553,21840,6820,4017,9021,6435,5340,41,38
2021-07-09T23:59:59+02:00,80,71,2260,2259,6646,5163,6699,4749,5994,6509,4286,4867,1600,2039,1091,1522,297,865,1107,1114,3360,2800,3736,2947,3682,4557,2990,3694,1324,1741,988,1372,258,797,37331,21608,6792,3984,9009,6381,5247,41,38
2021-07-08T23:59:59+02:00,75,68,2212,2218,6558,5095,6602,4698,5929,6444,4249,4832,1593,2030,1089,1518,297,865,1034,1063,3194,2709,3543,2867,3503,4463,2919,3630,1309,1725,985,1363,257,796,37009,21108,6719,3694,8976,6241,5044,41,38
2021-07-07T23:59:59+02:00,75,67,2140,2172,6450,5021,6499,4646,5857,6386,4218,4785,1586,2021,1086,1513,297,865,979,1028,3042,2625,3366,2783,3344,4359,2864,3567,1293,1695,976,1353,257,793,36526,20538,6680,3449,8955,6159,4889,41,38
2021-07-06T23:59:59+02:00,72,67,2093,2132,6343,4971,6409,4599,5803,6318,4178,4750,1579,2016,1083,1508,297,865,942,986,2926,2519,3278,2723,3269,4268,2812,3510,1267,1664,972,1345,257,793,36080,20030,6631,3335,8939,6074,4790,41,38
2021-07-05T23:59:59+02:00,69,67,2027,2092,6206,4903,6294,4561,5734,6260,4139,4713,1574,2009,1081,1506,297,863,900,950,2818,2448,3196,2678,3194,4200,2768,3456,1246,1647,966,1335,257,789,35593,19643,6587,3259,8914,5989,4644,41,37
2021-07-04T23:59:59+02:00,69,66,1984,2048,6125,4862,6256,4531,5691,6240,4122,4691,1571,2007,1081,1504,297,862,859,923,2754,2400,3159,2653,3162,4165,2747,3435,1232,1627,964,1334,256,789,35383,19495,6548,3202,8890,5916,4525,41,37
2021-07-03T23:59:59+02:00,66,53,1887,1968,5907,4699,6104,4446,5607,6153,4075,4658,1568,2003,1080,1500,297,862,820,895,2684,2352,3102,2625,3122,4117,2717,3404,1226,1622,963,1330,256,787,34551,19300,6514,3199,8882,5891,4309,41,37
2021-07-02T23:59:59+02:00,57,45,1850,1931,5834,4658,6061,4417,5587,6126,4060,4640,1567,1996,1078,1499,296,862,798,869,2611,2299,3034,2580,3077,4066,2686,3367,1206,1605,959,1324,256,785,34274,18985,6479,3170,8877,5789,4249,41,37
2021-07-01T23:59:59+02:00,52,38,1802,1895,5729,4585,5980,4366,5508,6059,4033,4610,1564,1990,1077,1498,296,861,724,824,2418,2218,2848,2490,2894,3947,2586,3277,1182,1581,948,1309,256,783,33855,18184,6431,2955,8862,5686,4105,41,37
2021-06-30T23:59:59+02:00,52,36,1752,1840,5610,4506,5880,4317,5448,6010,4019,4585,1560,1982,1075,1495,296,861,689,787,2310,2145,2734,2434,2784,3854,2519,3199,1158,1554,940,1299,255,782,33423,17706,6370,2830,8847,5551,3982,41,37
2021-06-29T23:59:59+02:00,50,34,1692,1758,5496,4424,5778,4258,5396,5951,3990,4555,1552,1977,1074,1494,296,860,657,737,2222,2064,2659,2370,2682,3735,2462,3147,1145,1520,927,1289,255,779,32886,17206,6335,2759,8839,5434,3861,40,37
2021-06-28T23:59:59+02:00,49,33,1656,1701,5374,4361,5710,4207,5348,5910,3961,4530,1550,1968,1073,1492,296,860,644,710,2122,1997,2580,2310,2609,3650,2409,3099,1130,1502,920,1283,255,777,32464,16863,6275,2615,8829,5334,3783,40,37
2021-06-27T23:59:59+02:00,49,32,1625,1672,5323,4322,5667,4176,5302,5896,3948,4518,1547,1964,1073,1491,296,860,626,693,2071,1957,2538,2284,2564,3612,2378,3080,1123,1490,919,1273,255,777,32273,16712,6243,2561,8806,5250,3710,40,37
2021-06-26T23:59:59+02:00,42,27,1594,1646,5253,4274,5575,4132,5261,5862,3929,4503,1547,1962,1073,1489,296,860,619,682,2038,1929,2503,2262,2546,3586,2355,3062,1105,1480,918,1271,255,777,31910,16479,6159,2556,8806,5232,3710,40,37
2021-06-25T23:59:59+02:00,36,21,1555,1608,5150,4201,5519,4105,5224,5838,3905,4493,1544,1960,1071,1488,295,860,610,658,1985,1901,2437,2193,2447,3453,2313,2959,1093,1458,915,1267,254,776,31487,16008,6129,2528,8805,5051,3707,40,37
2021-06-24T23:59:59+02:00,20,17,1501,1555,4965,4090,5389,4049,5122,5795,3865,4466,1540,1956,1071,1487,294,860,571,637,1873,1828,2257,2121,2275,3369,2207,2865,1061,1436,907,1261,253,773,30830,15491,6070,2199,8795,4969,3591,40,37
2021-06-23T23:59:59+02:00,19,17,1468,1509,4879,4035,5309,3991,5074,5751,3843,4431,1531,1950,1068,1484,293,860,540,614,1799,1765,2146,2068,2155,3278,2104,2777,1037,1414,902,1253,251,772,30388,14918,6016,2120,8791,4826,3555,40,37
2021-06-22T23:59:59+02:00,19,17,1440,1491,4806,3970,5224,3943,5029,5706,3817,4408,1526,1944,1067,1482,293,860,524,593,1735,1718,2058,2016,2068,3170,2001,2688,1023,1392,892,1241,251,767,29976,14489,5972,1993,8786,4656,3529,40,36
2021-06-21T23:59:59+02:00,18,17,1410,1449,4686,3878,5143,3899,4961,5645,3787,4386,1522,1931,1065,1477,292,858,508,577,1696,1674,2022,1974,2018,3088,1936,2604,1003,1363,870,1221,251,764,29429,14187,5929,1896,8784,4516,3491,40,36
2021-06-20T23:59:59+02:00,17,15,1383,1416,4610,3810,5093,3879,4926,5624,3764,4375,1519,1930,1064,1477,291,858,492,560,1666,1644,1998,1950,1988,3061,1895,2567,995,1348,868,1215,251,763,29130,14006,5893,1857,8771,4453,3457,40,35
2021-06-19T23:59:59+02:00,16,14,1369,1397,4569,3778,5068,3854,4896,5599,3745,4362,1514,1928,1064,1476,291,858,483,556,1646,1623,1979,1924,1973,3035,1869,2529,986,1341,864,1214,249,762,28949,13828,5829,1826,8771,4446,3439,40,34
2021-06-18T23:59:59+02:00,11,10,1344,1380,4497,3736,5017,3810,4846,5562,3720,4350,1510,1925,1062,1474,291,858,467,547,1626,1606,1950,1893,1927,2988,1818,2472,973,1326,862,1210,248,760,28611,13520,5782,1822,8770,4400,3426,40,34
2021-06-17T23:59:59+02:00,7,9,1304,1341,4331,3659,4827,3730,4672,5473,3665,4305,1504,1922,1062,1473,290,858,428,526,1523,1571,1765,1832,1768,2891,1716,2390,952,1307,851,1199,246,758,27992,13047,5727,1713,8763,4314,3130,39,34
2021-06-16T23:59:59+02:00,7,8,1273,1310,4226,3573,4729,3676,4568,5408,3620,4278,1498,1918,1061,1469,290,857,409,504,1460,1533,1705,1799,1687,2805,1657,2314,935,1280,841,1184,246,755,27497,12629,5612,1642,8751,4237,3078,39,34
2021-06-15T23:59:59+02:00,7,8,1237,1275,4088,3488,4657,3616,4491,5337,3577,4246,1488,1911,1056,1467,290,856,396,484,1405,1480,1653,1754,1619,2749,1587,2245,918,1251,836,1173,245,754,26938,12292,5575,1557,8736,4167,2998,39,34
2021-06-14T23:59:59+02:00,7,6,1209,1238,3997,3433,4573,3562,4409,5265,3523,4215,1484,1903,1055,1462,288,854,387,473,1358,1446,1603,1720,1568,2686,1531,2193,908,1226,832,1166,244,751,26465,12038,5481,1486,8732,4082,2944,38,33
2021-06-13T23:59:59+02:00,7,6,1193,1221,3948,3393,4525,3521,4358,5221,3502,4199,1483,1897,1055,1461,288,853,380,465,1325,1428,1566,1695,1528,2649,1498,2152,890,1205,829,1156,244,749,26208,11854,5444,1463,8726,4008,2885,38,33
2021-06-12T23:59:59+02:00,7,5,1178,1193,3918,3372,4495,3497,4340,5206,3487,4189,1481,1894,1054,1460,288,852,375,464,1312,1409,1543,1670,1507,2627,1473,2133,882,1195,819,1153,244,748,26014,11713,5433,1463,8724,3947,2873,38,32
2021-06-11T23:59:59+02:00,6,5,1159,1179,3878,3325,4424,3468,4299,5168,3457,4177,1480,1892,1053,1457,288,851,363,450,1291,1369,1515,1649,1461,2585,1427,2091,872,1181,815,1147,244,747,25709,11469,5404,1455,8721,3867,2851,38,32
2021-06-10T23:59:59+02:00,6,4,1094,1125,3754,3242,4287,3386,4200,5102,3402,4140,1475,1885,1051,1456,288,851,343,433,1226,1330,1448,1589,1397,2514,1339,1993,845,1149,811,1137,243,744,25099,11041,5262,1442,8702,3705,2775,38,31
2021-06-09T23:59:59+02:00,6,2,1043,1087,3610,3136,4149,3324,4109,5025,3354,4098,1470,1879,1049,1453,288,851,325,413,1165,1287,1384,1553,1340,2433,1258,1926,819,1095,804,1123,242,742,24598,10736,5076,1382,8693,3565,2636,38,31
2021-06-08T23:59:59+02:00,5,2,990,1050,3474,3041,4028,3243,3999,4942,3304,4067,1463,1875,1046,1450,287,849,310,393,1119,1248,1327,1518,1281,2377,1211,1853,800,1061,793,1107,238,739,24030,10498,4933,1332,8682,3426,2519,38,30
2021-06-07T23:59:59+02:00,4,2,962,1021,3362,2960,3891,3208,3876,4872,3251,4041,1448,1870,1045,1448,287,848,303,387,1075,1208,1270,1497,1233,2325,1143,1799,787,1040,780,1091,237,735,23631,10329,4747,1296,8675,3296,2379,38,30
2021-06-06T23:59:59+02:00,4,2,939,1010,3300,2925,3812,3160,3808,4843,3220,4026,1446,1864,1042,1447,286,848,295,376,1060,1181,1239,1468,1211,2268,1116,1740,774,1025,773,1083,237,732,23419,10219,4611,1242,8662,3186,2314,38,30
2021-06-05T23:59:59+02:00,4,2,927,992,3232,2864,3758,3130,3773,4819,3210,4022,1445,1862,1042,1447,286,847,288,365,1042,1161,1220,1453,1187,2239,1084,1718,761,1002,771,1080,237,732,23139,10055,4605,1238,8658,3143,2277,38,29
2021-06-04T23:59:59+02:00,2,2,899,971,3186,2808,3685,3092,3709,4766,3184,4002,1441,1858,1040,1447,286,847,276,357,1017,1129,1198,1438,1163,2201,1055,1691,745,981,765,1075,237,730,22820,9918,4559,1233,8654,3082,2194,38,29
2021-06-03T23:59:59+02:00,2,2,855,936,3026,2713,3501,2985,3534,4650,3092,3926,1432,1848,1036,1442,286,847,265,347,986,1089,1142,1383,1096,2117,993,1633,706,943,757,1062,237,729,22128,9701,4320,1215,8637,2919,2007,38,29
2021-06-02T23:59:59+02:00,2,2,830,924,2956,2649,3445,2944,3471,4592,3050,3900,1430,1843,1036,1441,286,847,252,338,961,1067,1102,1365,1053,2078,942,1588,693,912,754,1057,237,728,21773,9489,4301,1201,8637,2883,1903,38,29
2021-06-01T23:59:59+02:00,2,2,783,891,2804,2535,3265,2852,3304,4486,2991,3838,1419,1836,1033,1436,286,847,241,324,880,1009,1014,1310,971,1969,893,1509,662,859,748,1048,237,722,21161,9203,4091,1166,8626,2689,1670,38,28
2021-05-31T23:59:59+02:00,2,2,745,863,2680,2446,3127,2755,3198,4396,2938,3786,1413,1824,1032,1432,286,846,228,308,841,967,949,1258,927,1892,853,1450,642,835,742,1043,235,719,20750,9032,3856,1150,8607,2553,1475,38,28
2021-05-30T23:59:59+02:00,2,2,734,851,2622,2400,3061,2716,3148,4355,2920,3765,1409,1818,1032,1431,286,845,218,291,800,925,897,1217,888,1832,830,1396,628,819,738,1033,235,718,20600,8934,3794,1142,8595,2384,1318,38,28
2021-05-29T23:59:59+02:00,2,2,732,849,2603,2384,3038,2704,3129,4338,2912,3756,1407,1817,1032,1431,286,845,214,280,794,912,877,1189,871,1786,816,1364,614,799,736,1028,234,718,20475,8843,3792,1141,8592,2242,1317,37,28
2021-05-28T23:59:59+02:00,2,2,724,837,2564,2343,2993,2676,3106,4315,2902,3741,1407,1814,1030,1426,286,845,210,271,782,895,865,1165,855,1746,785,1324,597,770,732,1020,233,716,20226,8666,3783,1136,8590,2155,1313,37,28
2021-05-27T23:59:59+02:00,2,2,678,814,2437,2280,2860,2606,2961,4239,2818,3692,1398,1803,1029,1424,285,843,195,255,719,842,783,1110,768,1654,721,1242,574,737,723,1004,232,714,19736,8463,3649,1098,8556,1896,1111,37,27
2021-05-26T23:59:59+02:00,2,2,644,779,2327,2209,2696,2541,2836,4175,2767,3642,1388,1792,1027,1417,283,838,186,233,677,802,735,1076,726,1585,682,1184,558,711,705,971,231,711,19317,8240,3402,1087,8529,1757,979,37,27
2021-05-25T23:59:59+02:00,2,2,622,761,2234,2147,2595,2498,2737,4094,2720,3605,1377,1784,1024,1413,283,836,177,220,654,773,700,1041,689,1527,634,1122,541,693,686,944,230,709,18950,8030,3223,1052,8487,1622,925,36,24
2021-05-24T23:59:59+02:00,2,2,607,737,2175,2106,2519,2464,2667,4038,2662,3563,1364,1777,1018,1412,283,835,172,212,632,755,673,1009,655,1471,608,1069,524,679,679,940,230,709,18752,7939,3041,1041,8453,1501,825,36,23
2021-05-23T23:59:59+02:00,2,2,603,736,2157,2092,2506,2449,2657,4023,2651,3550,1361,1775,1018,1410,283,835,170,211,626,747,665,1003,639,1458,601,1062,521,671,674,934,229,706,18632,7859,3038,1035,8453,1489,824,36,22
2021-05-22T23:59:59+02:00,2,2,596,723,2132,2069,2469,2427,2636,3990,2619,3522,1353,1771,1018,1408,283,834,168,203,617,744,660,993,627,1452,596,1056,511,663,668,922,229,706,18383,7797,3037,1035,8450,1454,815,36,22
2021-05-21T23:59:59+02:00,2,2,582,708,2042,2032,2384,2374,2567,3943,2578,3476,1346,1758,1016,1406,283,833,168,200,611,735,650,984,615,1440,581,1036,500,637,661,916,229,704,17896,7714,3009,1034,8430,1393,812,36,22
2021-05-20T23:59:59+02:00,2,2,550,687,1915,1961,2252,2296,2439,3843,2499,3393,1331,1742,1014,1401,283,831,159,189,578,697,618,945,585,1383,557,974,476,606,656,907,229,703,17249,7592,2883,1023,8356,1179,743,36,22
2021-05-19T23:59:59+02:00,2,2,514,652,1802,1877,2105,2224,2298,3743,2395,3297,1314,1723,1006,1398,281,831,145,182,551,673,585,909,553,1331,531,914,462,586,646,884,228,701,16480,7443,2814,1006,8314,1078,622,36,22
2021-05-18T23:59:59+02:00,2,1,486,631,1721,1801,2003,2167,2188,3623,2303,3206,1303,1704,999,1391,281,827,138,173,527,644,562,877,537,1254,512,853,446,562,639,870,227,698,15964,7327,2648,968,8257,966,519,36,22
2021-05-17T23:59:59+02:00,2,0,466,617,1663,1765,1950,2117,2114,3512,2246,3131,1285,1684,992,1384,281,825,132,165,510,629,554,839,526,1193,497,800,429,531,637,862,227,696,15664,7254,2497,938,8191,866,423,36,22
2021-05-16T23:59:59+02:00,2,0,461,616,1637,1739,1913,2090,2073,3463,2192,3074,1271,1675,990,1380,281,824,128,162,501,608,543,824,512,1147,479,763,403,502,634,857,227,695,15491,7198,2427,910,8149,779,345,36,22
2021-05-15T23:59:59+02:00,2,0,456,611,1610,1721,1894,2070,2052,3439,2168,3036,1263,1674,989,1378,280,824,127,159,497,607,542,821,507,1143,473,753,400,500,631,855,227,695,15287,7167,2426,909,8141,768,340,34,22
2021-05-14T23:59:59+02:00,2,0,438,597,1579,1687,1851,2029,1974,3370,2126,2991,1255,1664,987,1378,278,824,125,154,492,592,523,796,488,1111,459,737,384,483,626,850,227,693,14918,7107,2384,893,8120,664,318,34,22
2021-05-13T23:59:59+02:00,1,0,412,576,1517,1634,1741,1976,1854,3284,2060,2899,1231,1647,980,1376,276,820,120,151,480,584,514,780,482,1095,446,725,368,456,616,825,227,689,14481,7026,2141,854,8064,628,289,34,22
2021-05-12T23:59:59+02:00,1,0,405,571,1497,1625,1726,1967,1829,3261,2045,2885,1229,1641,976,1374,276,820,120,149,477,584,513,774,479,1090,444,719,363,444,615,819,227,688,14352,6984,2117,845,8057,627,287,33,22
2021-05-11T23:59:59+02:00,1,0,387,552,1424,1586,1624,1926,1718,3168,1941,2814,1215,1617,971,1365,276,820,113,140,462,552,491,746,460,1058,416,698,344,416,605,813,227,688,13949,6888,1949,816,7946,532,224,33,22
2021-05-10T23:59:59+02:00,1,0,372,537,1379,1554,1570,1893,1646,3102,1883,2747,1208,1603,967,1359,276,817,113,137,455,547,482,725,452,1035,411,678,335,403,603,807,227,687,13678,6840,1865,808,7823,480,199,33,21
2021-05-09T23:59:59+02:00,1,0,366,526,1334,1529,1537,1872,1602,3066,1822,2706,1195,1590,965,1354,276,816,108,134,448,538,472,717,442,1025,401,667,325,392,598,803,227,686,13438,6804,1809,797,7774,428,179,33,20
2021-05-08T23:59:59+02:00,1,0,360,522,1320,1508,1507,1852,1580,3040,1792,2685,1188,1582,962,1353,275,816,107,134,447,538,470,716,441,1020,401,660,324,391,594,795,227,686,13228,6789,1803,791,7771,416,178,33,20
2021-05-07T23:59:59+02:00,1,0,349,515,1292,1480,1453,1833,1517,2980,1743,2635,1182,1574,961,1348,275,813,104,131,435,524,457,690,429,985,385,636,322,372,581,782,227,684,12957,6741,1774,767,7706,314,142,33,18
2021-05-06T23:59:59+02:00,1,0,326,502,1196,1436,1340,1776,1376,2866,1611,2541,1151,1542,959,1337,275,811,101,126,421,508,445,672,416,962,372,617,312,355,569,770,227,682,12465,6679,1584,750,7483,229,116,31,17
2021-05-05T23:59:59+02:00,1,0,312,487,1156,1404,1294,1736,1310,2797,1533,2462,1134,1519,953,1322,275,806,100,122,410,497,441,660,408,952,367,600,295,344,551,751,227,681,12049,6608,1521,730,7417,180,108,31,15
2021-05-04T23:59:59+02:00,1,0,302,477,1111,1372,1255,1710,1265,2751,1481,2402,1118,1489,948,1312,274,802,96,119,400,485,438,653,397,933,359,583,282,329,540,731,227,681,11728,6533,1459,702,7374,142,96,31,14
2021-05-03T23:59:59+02:00,1,0,296,471,1079,1348,1220,1692,1234,2717,1440,2363,1102,1462,942,1306,273,797,89,115,388,479,429,645,390,925,349,575,270,321,523,715,226,679,11484,6455,1435,695,7334,120,67,31,13
2021-05-02T23:59:59+02:00,1,0,291,470,1065,1334,1187,1675,1209,2699,1429,2341,1093,1448,940,1305,273,794,87,114,381,472,425,640,385,918,346,572,265,313,505,705,226,679,11355,6416,1420,678,7300,106,50,30,12
2021-05-01T23:59:59+02:00,1,0,287,465,1056,1326,1175,1662,1195,2686,1412,2324,1087,1443,937,1303,273,793,87,113,381,471,422,640,383,914,346,571,263,313,505,705,226,679,11222,6407,1419,678,7299,103,49,30,11
2021-04-30T23:59:59+02:00,1,0,283,456,1044,1302,1155,1643,1167,2625,1359,2270,1074,1428,931,1299,273,790,85,111,380,466,418,633,381,889,342,561,258,307,503,700,226,678,10926,6393,1414,669,7296,76,19,30,10
2021-04-29T23:59:59+02:00,1,0,268,442,991,1272,1115,1603,1122,2569,1265,2201,1031,1385,926,1290,272,788,85,107,375,464,414,628,373,877,333,552,250,298,492,690,225,674,10453,6334,1375,648,7235,53,18,29,10
2021-04-28T23:59:59+02:00,1,0,257,436,974,1254,1088,1589,1089,2528,1200,2147,1000,1332,918,1288,272,786,81,105,369,460,410,619,370,869,329,539,236,283,480,676,224,673,10166,6269,1326,611,7181,39,17,29,10
2021-04-27T23:59:59+02:00,1,0,253,426,955,1238,1069,1577,1063,2505,1178,2120,976,1299,912,1284,272,783,79,102,364,456,408,613,368,864,323,533,233,275,469,657,223,672,9974,6220,1299,584,7146,32,17,25,8
2021-04-26T23:59:59+02:00,1,0,250,420,947,1229,1059,1562,1036,2488,1130,2072,957,1279,905,1277,271,782,79,102,360,450,408,610,364,861,322,528,228,267,459,648,223,672,9801,6187,1284,560,7081,30,17,25,8
2021-04-25T23:59:59+02:00,1,0,250,418,939,1215,1043,1555,1019,2471,1101,2044,935,1256,901,1270,271,782,78,101,359,443,405,609,363,857,321,528,227,262,454,640,223,671,9672,6171,1260,544,7034,22,17,25,8
2021-04-24T23:59:59+02:00,1,0,246,412,925,1203,1031,1540,1005,2452,1074,2028,924,1233,898,1267,271,782,78,101,359,443,404,609,363,855,320,525,226,260,453,637,223,671,9509,6164,1260,536,7010,22,17,24,8
2021-04-23T23:59:59+02:00,1,0,244,402,914,1188,1022,1529,989,2435,1021,1985,903,1210,896,1260,271,779,77,99,359,443,404,608,362,853,317,522,222,254,449,632,223,671,9360,6144,1247,524,6917,22,17,24,7
2021-04-22T23:59:59+02:00,1,0,241,392,891,1165,998,1507,960,2394,978,1925,871,1169,887,1248,271,776,77,98,357,437,399,601,358,844,315,516,217,248,440,622,222,669,9093,6091,1198,509,6850,15,17,24,7
2021-04-21T23:59:59+02:00,1,0,236,387,868,1146,972,1491,925,2358,934,1879,839,1119,879,1234,271,772,76,96,355,436,397,598,354,838,311,508,216,243,431,607,221,666,8805,6042,1173,490,6793,15,17,24,7
2021-04-20T23:59:59+02:00,1,0,229,382,851,1120,954,1471,901,2309,894,1826,794,1057,867,1217,270,770,76,96,353,435,394,594,348,833,309,502,212,235,419,588,220,666,8530,5985,1105,475,6731,14,17,24,7
2021-04-19T23:59:59+02:00,1,0,226,372,833,1108,941,1451,885,2278,866,1791,767,1026,863,1210,269,767,75,95,352,432,388,589,345,823,305,492,212,230,409,571,218,661,8351,5926,1089,453,6665,12,16,23,7
2021-04-18T23:59:59+02:00,1,0,225,368,825,1098,929,1443,864,2257,848,1774,742,987,860,1204,268,764,74,93,349,432,388,589,344,820,305,489,211,226,403,568,218,661,8230,5907,1063,444,6606,12,16,23,7
2021-04-17T23:59:59+02:00,1,0,224,365,822,1095,922,1442,857,2252,844,1768,726,963,858,1198,268,764,74,90,347,428,386,589,341,816,304,485,209,221,397,561,218,660,8166,5865,1062,442,6582,12,16,23,7
2021-04-16T23:59:59+02:00,1,0,223,364,812,1090,909,1424,841,2231,814,1731,686,904,848,1188,267,761,70,88,345,421,383,587,332,803,298,472,197,205,394,552,215,657,7976,5796,1047,404,6508,11,16,23,6
2021-04-15T23:59:59+02:00,1,0,222,357,788,1073,891,1410,816,2186,775,1694,655,857,840,1169,267,757,68,87,342,414,378,582,325,796,291,469,189,199,378,531,213,652,7757,5716,1037,378,6394,10,16,22,6
2021-04-14T23:59:59+02:00,1,0,221,350,777,1064,882,1397,801,2151,758,1666,618,817,811,1123,267,753,65,83,337,411,374,577,323,786,283,461,179,183,363,508,211,647,7543,5624,1021,346,6319,10,16,20,6
2021-04-13T23:59:59+02:00,1,0,217,345,767,1059,871,1385,792,2126,730,1640,572,767,790,1089,266,749,62,80,330,406,364,573,316,779,278,456,176,179,349,495,210,644,7391,5562,974,315,6225,8,16,18,6
2021-04-12T23:59:59+02:00,1,0,215,344,763,1054,864,1372,766,2106,713,1623,541,739,779,1072,266,747,61,76,318,397,360,567,312,772,271,450,169,174,341,483,209,638,7300,5485,952,289,6135,8,16,16,6
2021-04-11T23:59:59+02:00,0,0,212,341,755,1044,857,1366,754,2090,703,1607,526,715,771,1048,265,744,59,73,313,395,357,565,310,769,270,445,164,167,334,480,207,636,7240,5439,932,279,6045,8,16,15,6
2021-04-10T23:59:59+02:00,0,0,212,339,755,1041,853,1364,744,2082,694,1600,520,700,764,1034,264,744,55,66,287,379,337,550,298,755,255,437,156,160,330,466,206,634,7187,5267,925,271,6016,8,15,14,6
2021-04-09T23:59:59+02:00,0,0,212,336,751,1038,841,1341,736,2000,678,1516,483,638,743,1014,261,740,46,63,274,367,321,538,282,740,244,424,147,155,307,444,202,625,7073,5075,901,263,5766,8,12,13,6
2021-04-08T23:59:59+02:00,0,0,210,332,746,1031,830,1332,722,1980,660,1497,438,580,715,991,259,737,44,61,265,351,307,526,269,724,229,408,136,139,292,427,200,608,6961,4887,862,252,5648,8,11,13,6
2021-04-07T23:59:59+02:00,0,0,205,328,736,1024,817,1317,706,1952,642,1464,400,538,685,952,256,733,41,58,246,338,297,520,262,710,221,396,121,129,274,407,195,599,6830,4718,828,243,5500,8,11,13,5
2021-04-06T23:59:59+02:00,0,0,203,326,728,1019,803,1301,687,1928,614,1438,380,502,660,921,255,731,39,57,245,334,293,518,252,706,216,390,115,124,266,387,191,589,6741,4647,801,223,5352,7,11,11,5
2021-04-05T23:59:59+02:00,0,0,203,325,725,1012,796,1289,679,1912,608,1423,363,479,643,897,255,730,39,55,245,330,292,513,248,700,211,389,115,120,251,367,188,583,6699,4586,790,207,5243,7,10,11,5
2021-04-04T23:59:59+02:00,0,0,202,322,721,1003,791,1278,670,1894,601,1404,353,468,640,893,255,730,38,54,244,329,291,513,248,700,210,389,113,120,244,355,184,581,6676,4555,786,206,5158,7,8,11,5
2021-04-03T23:59:59+02:00,0,0,202,322,719,1003,789,1276,669,1890,594,1402,345,462,637,886,255,729,38,54,244,329,291,513,248,699,210,387,113,120,243,353,184,579,6643,4547,786,206,5144,7,8,11,5
2021-04-02T23:59:59+02:00,0,0,202,320,718,1002,788,1273,665,1883,590,1392,336,453,626,876,255,728,38,53,241,328,289,511,246,691,205,382,111,119,236,334,183,566,6597,4476,780,203,5121,7,8,10,5
2021-04-01T23:59:59+02:00,0,0,199,317,713,988,776,1260,660,1863,573,1373,324,429,596,843,254,722,36,52,232,322,287,508,245,684,203,378,104,116,221,308,179,545,6510,4369,738,195,5028,7,8,10,5
2021-03-31T23:59:59+02:00,0,0,195,314,705,981,766,1246,650,1817,563,1334,315,418,575,794,252,719,36,52,231,321,282,506,242,682,197,374,99,113,207,282,177,524,6442,4283,692,188,4895,7,6,10,5
2021-03-30T23:59:59+02:00,0,0,192,308,700,970,761,1225,638,1778,554,1290,305,402,549,758,251,719,36,51,229,317,278,503,241,677,194,369,96,111,198,264,174,510,6366,4208,657,183,4760,7,6,10,5
2021-03-29T23:59:59+02:00,0,0,188,303,694,953,756,1213,629,1747,545,1252,301,388,519,721,249,712,36,50,227,316,277,501,240,672,192,362,92,109,189,251,169,498,6259,4148,635,177,4657,5,6,10,5
2021-03-28T23:59:59+02:00,0,0,181,287,686,944,749,1205,625,1725,542,1237,299,373,492,697,247,710,36,49,225,316,274,495,236,669,191,359,89,107,182,241,166,497,6214,4105,601,171,4561,5,6,10,5
2021-03-27T23:59:59+01:00,0,0,181,283,681,938,744,1201,619,1714,540,1229,294,365,486,687,247,709,36,49,225,316,274,495,235,663,188,355,88,106,178,234,162,487,6174,4070,593,165,4525,5,6,10,5
2021-03-26T23:59:59+01:00,0,0,177,280,669,926,736,1186,607,1697,532,1205,287,354,482,673,245,706,36,49,225,316,273,493,235,662,181,342,83,98,164,218,154,475,6109,3985,575,164,4448,5,4,10,5
2021-03-25T23:59:59+01:00,0,0,173,278,661,913,715,1162,590,1661,522,1165,280,342,466,649,244,702,36,49,221,311,271,492,229,659,181,341,76,98,148,201,151,451,6036,3899,559,157,4294,5,4,10,5
2021-03-24T23:59:59+01:00,0,0,171,269,650,900,707,1147,581,1624,510,1135,270,327,449,624,241,699,36,49,220,309,268,490,227,659,177,338,74,95,136,194,143,417,5963,3824,536,150,4167,4,4,10,5
2021-03-23T23:59:59+01:00,0,0,168,266,641,887,694,1135,570,1601,498,1097,264,315,431,608,236,695,34,49,218,308,266,488,222,654,175,334,71,92,129,187,134,392,5910,3749,519,145,4037,3,4,10,5
2021-03-22T23:59:59+01:00,0,0,164,258,622,866,675,1116,559,1569,485,1073,260,304,420,593,235,689,34,49,217,306,263,486,220,647,174,332,71,88,123,179,119,362,5854,3668,495,142,3895,2,4,10,5
2021-03-21T23:59:59+01:00,0,0,160,256,614,859,670,1112,555,1545,479,1040,255,297,407,586,233,685,34,49,214,306,262,484,219,646,172,330,70,85,121,178,115,359,5833,3647,482,138,3791,2,3,8,4
2021-03-20T23:59:59+01:00,0,0,158,256,606,855,665,1107,549,1541,476,1039,252,290,395,572,231,683,34,49,214,306,261,484,218,644,172,326,69,84,118,174,111,353,5800,3622,477,136,3747,2,3,8,4
2021-03-19T23:59:59+01:00,0,0,148,244,601,837,654,1101,544,1523,464,1026,238,268,379,546,225,674,32,49,213,305,260,484,216,636,171,323,66,82,110,164,106,331,5721,3554,438,135,3658,2,2,8,4
2021-03-18T23:59:59+01:00,0,0,143,238,583,821,636,1067,526,1473,450,981,222,253,366,525,222,657,32,49,212,302,258,476,216,631,169,316,66,79,101,156,100,316,5639,3491,406,126,3455,2,2,8,4
2021-03-17T23:59:59+01:00,0,0,136,232,571,802,623,1060,521,1460,441,963,210,240,348,507,219,651,32,48,212,300,257,474,215,630,169,315,66,79,96,151,95,304,5543,3454,379,125,3392,2,2,6,4
2021-03-16T23:59:59+01:00,0,0,131,224,556,787,606,1049,509,1420,429,938,202,225,328,473,215,639,32,47,212,297,257,468,213,629,168,314,62,79,91,146,93,284,5451,3407,344,121,3259,2,1,6,4
2021-03-15T23:59:59+01:00,0,0,125,217,541,772,597,1027,500,1388,413,901,196,217,313,449,214,633,31,47,211,294,257,465,212,628,166,313,61,77,85,141,90,269,5361,3363,314,119,3144,2,0,6,4
2021-03-14T23:59:59+01:00,0,0,120,204,529,755,583,1006,491,1345,400,858,187,206,303,438,207,629,31,47,211,292,256,464,211,623,165,308,60,77,84,138,88,266,5297,3348,300,108,2976,2,0,5,4
2021-03-13T23:59:59+01:00,0,0,116,192,501,729,553,980,467,1321,378,839,171,197,295,426,205,626,31,47,211,292,256,464,210,623,165,307,60,77,81,134,77,251,5103,3311,294,108,2891,2,0,5,4
2021-03-12T23:59:59+01:00,0,0,105,185,473,703,534,952,446,1282,356,808,155,185,270,398,204,606,31,47,211,291,256,463,210,623,165,306,56,76,78,128,75,245,4879,3284,288,108,2774,2,0,5,3
2021-03-11T23:59:59+01:00,0,0,97,178,441,657,497,915,408,1206,335,755,140,163,247,355,199,584,31,46,210,288,251,459,208,619,162,304,56,74,74,122,73,233,4637,3254,280,88,2518,2,0,5,2
2021-03-10T23:59:59+01:00,0,0,94,168,418,635,480,897,393,1168,319,718,125,147,231,325,194,553,31,46,208,283,247,454,205,613,162,302,53,73,70,120,70,222,4467,3212,270,76,2382,2,0,5,2
2021-03-09T23:59:59+01:00,0,0,94,163,407,608,450,868,378,1124,308,686,120,138,219,307,188,541,31,46,207,280,244,446,203,609,157,298,53,71,68,118,63,213,4383,3169,254,66,2203,2,0,5,2
2021-03-08T23:59:59+01:00,0,0,91,156,392,591,432,851,369,1072,300,650,115,129,205,287,184,528,31,46,207,276,241,441,198,605,151,294,51,70,63,115,62,212,4305,3141,238,50,2045,1,0,5,1
2021-03-07T23:59:59+01:00,0,0,87,151,387,579,424,836,359,1058,297,644,113,129,198,273,182,527,31,46,206,275,241,439,197,604,151,294,51,70,61,114,61,211,4259,3132,227,48,1989,0,0,5,1
2021-03-06T23:59:59+01:00,0,0,86,144,385,572,417,812,350,1007,288,612,112,128,192,265,180,522,31,46,206,275,240,438,197,603,151,294,51,70,59,114,60,206,4227,3127,227,42,1846,0,0,5,1
2021-03-05T23:59:59+01:00,0,0,85,139,380,560,412,804,349,990,279,588,106,118,178,245,171,509,31,46,205,273,239,437,196,601,150,292,51,70,57,113,60,198,4141,3112,218,34,1775,0,0,5,1
2021-03-04T23:59:59+01:00,0,0,82,125,369,524,394,770,331,944,269,561,96,117,159,220,165,485,31,46,203,267,237,431,194,588,147,291,49,70,57,113,60,197,4042,3072,201,33,1586,0,0,5,1
2021-03-03T23:59:59+01:00,0,0,75,114,360,506,385,751,327,923,260,543,94,114,149,211,157,450,31,45,203,267,236,429,191,579,147,285,49,70,56,112,60,197,3969,3049,195,30,1469,0,0,5,1
2021-03-02T23:59:59+01:00,0,0,72,111,349,490,369,734,319,904,254,521,92,111,141,203,148,423,30,45,203,267,236,423,186,572,145,282,49,70,56,110,60,196,3889,3020,189,30,1370,0,0,5,1
2021-03-01T23:59:59+01:00,0,0,71,109,343,476,362,713,310,880,248,493,91,109,134,193,130,388,30,44,202,266,234,414,184,565,145,279,49,70,56,109,59,196,3803,2990,184,30,1265,0,0,5,1
2021-02-28T23:59:59+01:00,0,0,71,107,336,467,359,705,307,856,243,475,87,101,132,189,126,384,30,44,201,265,233,414,184,565,145,279,49,70,56,109,59,195,3779,2986,179,30,1186,0,0,5,1
2021-02-27T23:59:59+01:00,0,0,68,98,330,461,354,699,301,845,240,466,85,99,131,184,119,373,30,44,201,264,233,413,183,564,144,278,49,70,56,109,59,195,3746,2985,173,25,1129,0,0,5,1
2021-02-26T23:59:59+01:00,0,0,66,93,322,438,328,664,280,814,230,445,82,95,122,174,115,353,30,43,201,263,233,411,182,561,141,276,49,70,56,109,59,193,3689,2970,171,25,949,0,0,5,0
2021-02-25T23:59:59+01:00,0,0,58,82,309,417,317,635,274,788,218,422,77,95,113,167,110,339,30,43,199,260,229,408,180,554,136,275,49,68,54,107,57,193,3635,2942,165,17,800,0,0,5,0
2021-02-24T23:59:59+01:00,0,0,54,75,302,404,309,620,269,772,215,414,76,95,108,163,104,328,29,43,197,259,226,395,178,546,134,270,47,67,52,107,57,193,3599,2904,160,11,725,0,0,5,0
2021-02-23T23:59:59+01:00,0,0,49,66,289,385,299,601,263,754,210,406,72,93,102,159,102,304,28,43,196,257,224,390,177,540,130,267,47,67,52,103,57,191,3545,2875,155,8,625,0,0,5,0
2021-02-22T23:59:59+01:00,0,0,47,63,284,374,295,592,261,745,208,402,70,90,94,152,99,290,28,41,193,255,221,377,169,530,127,264,46,67,51,103,56,191,3498,2827,148,4,586,0,0,4,0
2021-02-21T23:59:59+01:00,0,0,46,62,278,368,292,582,256,738,203,398,69,88,93,150,97,288,28,40,192,253,220,374,169,521,127,263,46,67,51,102,55,190,3488,2804,145,4,538,0,0,3,0
2021-02-20T23:59:59+01:00,0,0,45,62,276,367,292,579,255,732,203,392,68,88,90,146,86,273,28,40,192,253,220,374,169,521,125,262,46,67,50,102,55,188,3453,2798,144,4,517,0,0,3,0
2021-02-19T23:59:59+01:00,0,0,44,62,273,362,286,556,244,706,201,380,65,86,87,138,84,266,28,39,192,253,219,373,169,520,125,262,46,67,49,101,54,186,3424,2789,143,4,429,0,0,2,0
2021-02-18T23:59:59+01:00,0,0,42,59,255,338,278,535,236,685,187,356,64,82,85,133,82,256,27,38,188,245,216,367,164,505,124,252,46,65,48,99,50,182,3395,2721,134,4,296,0,0,2,0
2021-02-17T23:59:59+01:00,0,0,42,57,248,333,276,520,229,672,184,336,62,80,81,131,79,246,25,37,184,239,209,353,160,489,121,241,42,63,48,97,49,179,3347,2638,133,3,242,0,0,2,0
2021-02-16T23:59:59+01:00,0,0,41,52,235,318,272,509,223,658,179,329,60,79,78,129,72,237,22,37,175,230,201,334,154,477,117,229,42,59,38,83,42,170,3308,2511,130,3,177,0,0,2,0
2021-02-15T23:59:59+01:00,0,0,40,52,230,315,265,496,220,653,175,323,58,79,73,125,71,236,21,36,168,223,196,326,148,466,113,222,39,56,38,77,39,162,3281,2430,129,3,145,0,0,2,0
2021-02-14T23:59:59+01:00,0,0,37,52,227,311,263,489,217,647,175,318,57,76,70,125,70,232,20,36,166,219,192,321,147,454,112,220,39,56,37,76,37,155,3270,2386,117,3,122,0,0,2,0
2021-02-13T23:59:59+01:00,0,0,36,52,227,311,261,489,217,646,175,318,57,76,69,125,70,231,20,36,165,218,189,321,146,452,111,217,38,56,36,75,35,151,3266,2366,117,1,120,0,0,2,0
2021-02-12T23:59:59+01:00,0,0,35,50,225,306,258,480,213,635,172,315,57,75,68,125,70,230,20,36,164,215,188,320,145,450,109,216,36,55,36,71,32,142,3257,2335,117,1,81,0,0,2,0
2021-02-11T23:59:59+01:00,0,0,34,49,217,285,251,463,206,610,160,304,55,74,67,123,70,225,20,34,148,195,181,289,136,405,104,197,32,54,33,61,30,128,3219,2138,95,1,18,0,0,2,0
2021-02-10T23:59:59+01:00,0,0,34,48,214,277,249,456,202,601,158,299,52,74,66,123,69,223,18,31,137,171,167,251,117,356,97,175,28,52,32,59,27,117,3187,1914,85,1,8,0,0,2,0
2021-02-09T23:59:59+01:00,0,0,33,47,213,274,247,446,197,593,154,296,52,74,66,121,69,223,18,29,120,146,150,231,104,314,92,150,23,47,31,47,23,105,3165,1699,70,1,4,0,0,2,0
2021-02-08T23:59:59+01:00,0,0,33,47,212,272,241,431,194,581,149,291,50,74,66,120,69,223,16,28,103,123,128,192,85,275,87,140,16,45,25,40,22,90,3125,1478,54,1,4,0,0,2,0
2021-02-07T23:59:59+01:00,0,0,33,46,209,271,239,430,194,578,149,291,50,74,65,119,69,223,15,22,98,114,121,181,80,256,83,131,16,44,24,34,22,85,3117,1386,51,1,0,0,0,2,0
2021-02-06T23:59:59+01:00,0,0,33,46,209,271,239,429,194,578,149,290,49,74,64,119,68,218,12,18,97,113,120,177,78,249,83,129,15,43,24,31,20,84,3114,1350,44,1,0,0,0,2,0
2021-02-05T23:59:59+01:00,0,0,32,45,209,271,239,428,193,576,147,289,49,74,64,119,68,208,10,15,88,105,116,173,77,245,82,121,14,41,23,27,18,81,3101,1290,36,0,0,0,0,2,0
2021-02-04T23:59:59+01:00,0,0,32,45,206,268,234,424,188,570,145,286,49,72,64,117,68,207,9,11,60,74,93,128,66,207,65,102,13,36,20,23,16,71,3064,1036,36,0,0,0,0,2,0
2021-02-03T23:59:59+01:00,0,0,32,44,206,267,233,412,186,564,144,283,49,71,63,116,68,206,6,6,44,55,72,105,51,158,55,74,10,17,16,17,11,54,3036,782,33,0,0,0,0,2,0
2021-02-02T23:59:59+01:00,0,0,31,44,205,265,229,406,185,558,141,282,48,71,61,113,66,203,4,3,28,39,56,75,40,102,44,51,8,14,11,12,7,36,2998,551,33,0,0,0,0,2,0
2021-02-01T23:59:59+01:00,0,0,30,42,203,265,225,401,182,553,138,275,48,70,60,112,66,203,4,1,22,21,30,44,26,62,27,28,5,9,8,8,6,21,2962,334,33,0,0,0,0,1,0
2021-01-31T23:59:59+01:00,0,0,30,42,202,263,223,396,180,545,137,275,48,70,59,112,65,202,4,1,20,16,21,36,20,50,21,24,5,6,6,7,5,19,2937,271,32,0,0,0,0,1,0
2021-01-30T23:59:59+01:00,0,0,30,42,202,263,223,395,179,545,137,275,48,70,58,112,65,199,4,1,19,15,19,36,18,46,20,23,5,5,6,6,5,18,2932,255,31,0,0,0,0,1,0
2021-01-29T23:59:59+01:00,0,0,30,42,202,261,222,394,178,544,135,273,48,70,57,111,64,198,4,0,16,9,14,29,16,40,16,21,4,4,5,6,5,17,2922,213,27,0,0,0,0,0,0
2021-01-28T23:59:59+01:00,0,0,30,41,194,258,221,389,177,535,132,269,48,70,55,110,60,196,4,0,5,3,7,16,9,22,9,9,2,2,3,3,1,17,2886,115,19,0,0,0,0,0,0
2021-01-27T23:59:59+01:00,0,0,29,40,191,252,217,379,175,522,129,260,45,68,55,109,59,194,1,0,3,3,6,14,8,19,8,9,2,2,2,3,1,13,2823,96,15,0,0,0,0,0,0
2021-01-26T23:59:59+01:00,0,0,26,40,188,240,211,366,171,504,126,253,45,64,49,101,53,186,1,0,2,3,6,14,8,19,8,9,2,2,2,3,1,10,2724,92,12,0,0,0,0,0,0
2021-01-25T23:59:59+01:00,0,0,26,39,179,237,208,356,168,495,123,243,43,62,48,98,48,184,1,0,1,3,4,12,7,16,8,9,2,2,2,1,1,8,2664,79,4,0,0,0,0,0,0
2021-01-24T23:59:59+01:00,0,0,25,38,177,234,205,355,167,493,123,242,43,62,46,95,47,183,1,0,1,3,3,12,7,16,8,9,2,2,2,1,1,8,2642,78,3,0,0,0,0,0,0
2021-01-23T23:59:59+01:00,0,0,25,38,177,234,203,355,167,492,123,242,43,62,46,94,47,181,1,0,1,3,3,11,7,15,7,9,2,2,2,1,1,8,2636,75,3,0,0,0,0,0,0
2021-01-22T23:59:59+01:00,0,0,24,37,176,230,202,355,167,491,122,242,43,62,46,94,45,174,1,0,1,3,3,11,7,15,7,9,2,2,2,1,1,8,2617,75,3,0,0,0,0,0,0
2021-01-21T23:59:59+01:00,0,0,21,36,167,221,196,338,163,470,120,229,42,62,42,86,44,171,1,0,1,3,1,6,6,10,5,5,2,2,2,0,1,7,2509,54,3,0,0,0,0,0,0
2021-01-20T23:59:59+01:00,0,0,20,34,153,195,180,297,135,414,110,208,37,59,39,82,40,157,1,0,1,3,1,6,6,9,5,4,2,2,2,0,1,7,2250,52,2,0,0,0,0,0,0
2021-01-19T23:59:59+01:00,0,0,20,31,128,168,163,265,126,371,106,187,27,53,31,68,35,143,1,0,1,3,1,5,4,7,3,3,1,0,2,0,0,4,2000,36,2,0,0,0,0,0,0
2021-01-18T23:59:59+01:00,0,0,17,31,113,147,140,224,109,323,99,163,24,50,28,56,31,121,1,0,1,1,0,2,3,5,2,3,0,0,1,0,0,4,1749,24,2,0,0,0,0,0,0
2021-01-17T23:59:59+01:00,0,0,16,22,108,133,132,211,100,298,95,154,24,45,28,51,29,109,1,0,0,0,0,1,1,4,2,2,0,0,1,0,0,1,1620,13,2,0,0,0,0,0,0
2021-01-16T23:59:59+01:00,0,0,14,19,105,131,130,206,97,288,94,147,21,44,27,45,25,105,0,0,0,0,0,0,0,0,0,0,0,0,0,0,0,0,1562,0,0,0,0,0,0,0,0
2021-01-15T23:59:59+01:00,0,0,11,17,99,122,126,201,95,279,94,137,20,43,26,40,23,102,0,0,0,0,0,0,0,0,0,0,0,0,0,0,0,0,1495,0,0,0,0,0,0,0,0
2021-01-14T23:59:59+01:00,0,0,9,13,75,91,107,165,79,235,82,122,15,38,23,33,22,88,0,0,0,0,0,0,0,0,0,0,0,0,0,0,0,0,1245,0,0,0,0,0,0,0,0
2021-01-13T23:59:59+01:00,0,0,7,12,61,80,94,136,73,190,76,97,15,24,19,25,20,68,0,0,0,0,0,0,0,0,0,0,0,0,0,0,0,0,1038,0,0,0,0,0,0,0,0
2021-01-12T23:59:59+01:00,0,0,5,8,49,62,76,106,66,135,63,75,11,19,15,21,12,51,0,0,0,0,0,0,0,0,0,0,0,0,0,0,0,0,809,0,0,0,0,0,0,0,0
2021-01-11T23:59:59+01:00,0,0,4,6,43,49,64,81,52,106,48,55,10,15,8,12,9,28,0,0,0,0,0,0,0,0,0,0,0,0,0,0,0,0,615,0,0,0,0,0,0,0,0
2021-01-10T23:59:59+01:00,0,0,4,6,39,38,49,67,38,85,40,47,8,10,6,11,8,24,0,0,0,0,0,0,0,0,0,0,0,0,0,0,0,0,496,0,0,0,0,0,0,0,0
2021-01-09T23:59:59+01:00,0,0,4,5,36,37,44,64,35,77,37,43,8,9,6,10,8,23,0,0,0,0,0,0,0,0,0,0,0,0,0,0,0,0,460,0,0,0,0,0,0,0,0
2021-01-08T23:59:59+01:00,0,0,4,5,29,28,38,56,27,64,31,38,6,6,4,9,7,21,0,0,0,0,0,0,0,0,0,0,0,0,0,0,0,0,384,0,0,0,0,0,0,0,0
2021-01-07T23:59:59+01:00,0,0,4,2,11,3,10,18,11,28,8,18,5,3,3,4,3,20,0,0,0,0,0,0,0,0,0,0,0,0,0,0,0,0,154,0,0,0,0,0,0,0,0
2021-01-06T23:59:59+01:00,0,0,4,0,4,3,5,15,8,22,7,10,3,3,2,4,3,17,0,0,0,0,0,0,0,0,0,0,0,0,0,0,0,0,113,0,0,0,0,0,0,0,0
2021-01-05T23:59:59+01:00,0,0,2,0,2,3,5,14,8,20,7,9,3,2,2,4,2,16,0,0,0,0,0,0,0,0,0,0,0,0,0,0,0,0,102,0,0,0,0,0,0,0,0
2021-01-04T23:59:59+01:00,0,0,1,0,2,3,5,13,7,17,7,9,2,2,2,2,2,10,0,0,0,0,0,0,0,0,0,0,0,0,0,0,0,0,86,0,0,0,0,0,0,0,0
2021-01-03T23:59:59+01:00,0,0,1,0,1,3,4,13,7,17,7,9,2,2,2,2,2,10,0,0,0,0,0,0,0,0,0,0,0,0,0,0,0,0,84,0,0,0,0,0,0,0,0
2021-01-02T23:59:59+01:00,0,0,1,0,1,3,4,13,6,17,6,9,2,2,2,2,2,10,0,0,0,0,0,0,0,0,0,0,0,0,0,0,0,0,82,0,0,0,0,0,0,0,0
2021-01-01T23:59:59+01:00,0,0,1,0,1,3,4,13,6,17,6,9,2,2,2,2,2,10,0,0,0,0,0,0,0,0,0,0,0,0,0,0,0,0,82,0,0,0,0,0,0,0,0
2020-12-31T23:59:59+01:00,0,0,1,0,1,3,4,12,6,17,6,9,2,2,2,2,2,10,0,0,0,0,0,0,0,0,0,0,0,0,0,0,0,0,81,0,0,0,0,0,0,0,0
2020-12-30T23:59:59+01:00,0,0,1,0,1,3,4,12,6,16,6,9,2,2,2,2,2,10,0,0,0,0,0,0,0,0,0,0,0,0,0,0,0,0,80,0,0,0,0,0,0,0,0
2020-12-29T23:59:59+01:00,0,0,1,0,1,3,3,8,4,13,4,7,1,1,2,1,0,8,0,0,0,0,0,0,0,0,0,0,0,0,0,0,0,0,58,0,0,0,0,0,0,0,0
2020-12-28T23:59:59+01:00,0,0,1,0,1,1,1,1,2,6,3,4,1,0,1,0,0,4,0,0,0,0,0,0,0,0,0,0,0,0,0,0,0,0,27,0,0,0,0,0,0,0,0
2020-12-27T23:59:59+01:00,0,0,1,0,0,0,0,1,1,6,1,2,0,0,1,0,0,2,0,0,0,0,0,0,0,0,0,0,0,0,0,0,0,0,15,0,0,0,0,0,0,0,0
