Datum,<15_1_m,<15_1_w,15-24_1_m,15-24_1_w,25-34_1_m,25-34_1_w,35-44_1_m,35-44_1_w,45-54_1_m,45-54_1_w,55-64_1_m,55-64_1_w,65-74_1_m,65-74_1_w,75-84_1_m,75-84_1_w,>84_1_m,>84_1_w,<15_2_m,<15_2_w,15-24_2_m,15-24_2_w,25-34_2_m,25-34_2_w,35-44_2_m,35-44_2_w,45-54_2_m,45-54_2_w,55-64_2_m,55-64_2_w,65-74_2_m,65-74_2_w,75-84_2_m,75-84_2_w,>84_2_m,>84_2_w,bp_1,bp_2,mo_1,mo_2,az_1,az_2,ja,unb_1,unb_2
2021-11-03T23:59:59+01:00,224,210,4350,3628,10723,7363,10168,6797,8689,9035,5623,6213,1879,2357,1186,1638,324,925,169,154,3682,3131,9420,6589,9015,6094,7827,8129,5170,5723,1761,2205,1115,1558,287,853,52745,45773,7810,7132,9245,7970,13291,46,46
2021-11-02T23:59:59+01:00,224,209,4313,3613,10654,7338,10094,6770,8621,9009,5597,6195,1877,2354,1186,1637,324,925,169,154,3673,3121,9400,6572,8986,6083,7810,8104,5163,5715,1758,2203,1115,1557,287,853,52429,45686,7800,7127,9245,7969,13225,46,46
2021-11-01T23:59:59+01:00,223,209,4281,3599,10587,7313,10004,6739,8563,8984,5573,6176,1875,2348,1186,1635,324,924,169,154,3654,3112,9372,6553,8955,6066,7788,8091,5150,5703,1757,2203,1115,1557,287,853,52120,45588,7794,7123,9245,7969,13143,46,46
2021-10-31T23:59:59+01:00,221,209,4269,3598,10573,7307,9993,6734,8557,8978,5572,6174,1875,2348,1186,1635,324,924,168,154,3650,3111,9365,6551,8950,6064,7786,8089,5148,5701,1756,2203,1115,1557,287,853,52080,45582,7792,7122,9245,7969,13119,46,46
2021-10-30T23:59:59+02:00,220,208,4264,3596,10556,7303,9981,6731,8548,8970,5562,6170,1874,2347,1186,1635,324,924,168,154,3648,3111,9358,6548,8946,6064,7783,8088,5142,5698,1756,2203,1115,1557,287,853,52021,45572,7792,7122,9245,7969,13100,46,46
2021-10-29T23:59:59+02:00,219,208,4227,3584,10491,7279,9910,6705,8503,8929,5545,6160,1874,2344,1186,1635,323,923,167,154,3631,3105,9330,6544,8921,6059,7765,8073,5138,5693,1754,2203,1115,1557,287,852,51748,45517,7784,7119,9245,7969,13027,46,46
2021-10-28T23:59:59+02:00,219,207,4186,3571,10391,7250,9812,6673,8443,8874,5518,6132,1872,2337,1184,1635,323,923,167,153,3605,3095,9284,6518,8872,6036,7739,8048,5123,5684,1753,2200,1115,1557,286,852,51403,45404,7772,7108,9245,7969,12889,46,46
2021-10-27T23:59:59+02:00,219,206,4161,3562,10334,7231,9760,6638,8389,8845,5502,6115,1869,2334,1184,1634,323,923,165,153,3589,3086,9252,6496,8846,6022,7718,8033,5116,5671,1750,2199,1114,1554,286,851,51159,45293,7762,7100,9245,7968,12822,46,46
2021-10-26T23:59:59+02:00,218,204,4127,3547,10286,7203,9703,6612,8349,8799,5486,6102,1866,2331,1183,1633,323,923,164,152,3574,3077,9214,6478,8815,6008,7698,8011,5105,5664,1748,2199,1112,1550,286,851,50911,45178,7755,7099,9245,7968,12743,46,46
2021-10-25T23:59:59+02:00,216,204,4122,3543,10270,7196,9682,6599,8335,8782,5484,6097,1864,2330,1183,1633,323,923,164,152,3572,3077,9203,6466,8799,5999,7687,7996,5101,5662,1747,2199,1112,1550,286,851,50846,45141,7754,7097,9245,7968,12699,46,46
2021-10-24T23:59:59+02:00,213,203,4111,3533,10229,7179,9653,6581,8319,8760,5479,6089,1863,2330,1182,1633,323,923,163,151,3563,3074,9180,6460,8781,5989,7677,7984,5097,5658,1747,2199,1112,1549,286,851,50711,45087,7748,7093,9245,7966,12657,46,46
2021-10-23T23:59:59+02:00,211,203,4107,3530,10208,7177,9641,6575,8315,8753,5478,6085,1863,2330,1182,1633,323,923,163,151,3561,3072,9174,6459,8775,5986,7672,7983,5096,5657,1747,2199,1112,1549,286,851,50658,45072,7747,7092,9245,7966,12645,46,46
2021-10-22T23:59:59+02:00,210,202,4084,3520,10174,7161,9615,6562,8289,8720,5466,6065,1863,2329,1182,1633,323,923,161,150,3553,3070,9154,6448,8755,5978,7660,7972,5088,5645,1747,2195,1112,1548,286,851,50496,45006,7742,7087,9245,7966,12596,46,46
2021-10-21T23:59:59+02:00,205,200,4065,3508,10107,7140,9574,6527,8258,8674,5459,6042,1863,2325,1181,1632,323,923,159,150,3526,3055,9109,6436,8727,5960,7633,7948,5073,5631,1746,2192,1110,1547,286,851,50265,44852,7729,7079,9245,7966,12523,46,46
2021-10-20T23:59:59+02:00,205,200,4054,3497,10091,7127,9545,6514,8234,8657,5453,6029,1861,2322,1181,1632,323,923,158,149,3516,3044,9081,6423,8701,5947,7616,7935,5065,5621,1743,2190,1110,1545,286,849,50139,44729,7727,7072,9245,7965,12494,45,46
2021-10-19T23:59:59+02:00,202,199,4047,3491,10078,7122,9521,6504,8219,8645,5447,6023,1860,2321,1181,1632,323,922,154,148,3506,3030,9065,6410,8688,5936,7605,7921,5053,5611,1742,2185,1109,1544,286,849,50054,44613,7720,7068,9245,7965,12475,45,46
2021-10-18T23:59:59+02:00,202,197,4035,3485,10067,7114,9505,6496,8209,8634,5443,6011,1859,2318,1180,1631,323,922,154,148,3497,3018,9049,6398,8674,5929,7597,7912,5052,5599,1739,2183,1109,1544,286,847,49967,44525,7716,7062,9245,7965,12459,45,46
2021-10-17T23:59:59+02:00,202,195,4029,3481,10058,7106,9493,6493,8202,8631,5441,6007,1858,2318,1180,1630,322,921,154,145,3486,3010,9040,6394,8668,5924,7587,7904,5050,5595,1738,2179,1107,1544,286,847,49920,44462,7710,7059,9245,7965,12447,45,46
2021-10-16T23:59:59+02:00,202,195,4027,3479,10054,7104,9491,6491,8201,8628,5440,6006,1857,2318,1179,1629,322,921,154,144,3485,3009,9036,6392,8668,5923,7584,7903,5050,5595,1738,2179,1107,1544,286,847,49904,44455,7709,7059,9245,7964,12441,45,46
2021-10-15T23:59:59+02:00,201,195,4016,3475,10038,7096,9477,6486,8192,8614,5434,6000,1856,2318,1179,1629,322,921,154,142,3476,3006,9024,6382,8656,5917,7577,7897,5043,5591,1738,2179,1107,1543,286,847,49828,44395,7706,7057,9245,7964,12423,45,46
2021-10-14T23:59:59+02:00,200,195,4005,3468,10013,7081,9455,6469,8171,8594,5425,5991,1856,2315,1179,1628,322,921,153,139,3453,2999,8993,6359,8622,5892,7554,7885,5033,5581,1737,2175,1104,1543,286,847,49719,44246,7699,7042,9245,7962,12378,45,46
2021-10-13T23:59:59+02:00,198,195,3993,3464,9997,7071,9438,6459,8158,8580,5417,5984,1854,2314,1179,1626,322,921,151,139,3439,2993,8968,6344,8605,5881,7536,7875,5025,5575,1737,2175,1103,1542,286,847,49634,44147,7695,7036,9245,7962,12349,45,46
2021-10-12T23:59:59+02:00,196,194,3986,3459,9981,7063,9419,6449,8147,8564,5405,5975,1853,2312,1178,1626,322,921,150,137,3432,2983,8946,6328,8582,5866,7521,7863,5011,5565,1733,2170,1103,1541,286,847,49540,44014,7689,7033,9245,7961,12329,45,46
2021-10-11T23:59:59+02:00,196,192,3975,3453,9956,7058,9398,6436,8139,8547,5400,5966,1852,2311,1178,1626,322,921,148,137,3418,2973,8908,6317,8557,5846,7503,7845,5004,5556,1732,2169,1103,1541,286,847,49457,43885,7681,7022,9245,7960,12296,45,46
2021-10-10T23:59:59+02:00,195,190,3964,3451,9947,7049,9392,6426,8131,8539,5398,5958,1852,2311,1177,1626,322,921,147,137,3407,2970,8890,6311,8546,5839,7491,7841,4999,5549,1731,2168,1103,1540,286,847,49399,43811,7675,7020,9245,7960,12283,45,46
2021-10-09T23:59:59+02:00,195,190,3962,3450,9944,7048,9379,6421,8128,8537,5396,5958,1852,2310,1177,1626,322,921,147,136,3403,2967,8888,6308,8537,5833,7487,7840,4996,5548,1731,2168,1103,1540,286,847,49381,43792,7675,7017,9245,7959,12268,45,46
2021-10-08T23:59:59+02:00,193,189,3952,3442,9926,7040,9367,6410,8115,8520,5391,5955,1850,2309,1177,1626,322,921,147,136,3396,2960,8868,6300,8523,5824,7482,7825,4986,5546,1729,2166,1102,1539,286,847,49301,43717,7671,7016,9245,7959,12240,45,46
2021-10-07T23:59:59+02:00,192,188,3935,3431,9900,7026,9329,6401,8094,8498,5386,5950,1849,2304,1177,1626,322,921,147,136,3372,2936,8828,6281,8497,5811,7459,7795,4968,5534,1726,2161,1102,1538,286,847,49168,43534,7664,6998,9245,7959,12202,45,46
2021-10-06T23:59:59+02:00,190,187,3927,3426,9875,7009,9315,6394,8088,8490,5379,5942,1847,2301,1177,1624,322,920,146,136,3358,2924,8806,6269,8480,5800,7451,7781,4965,5524,1724,2158,1102,1537,286,847,49080,43437,7662,6992,9245,7957,12176,45,46
2021-10-05T23:59:59+02:00,190,186,3914,3416,9860,6993,9297,6382,8069,8468,5371,5935,1846,2299,1177,1623,322,919,145,136,3343,2912,8783,6258,8456,5786,7431,7756,4955,5516,1722,2154,1101,1535,286,847,48976,43312,7660,6984,9245,7957,12136,45,46
2021-10-04T23:59:59+02:00,190,185,3896,3408,9838,6978,9261,6366,8053,8457,5363,5927,1843,2299,1176,1618,322,917,145,136,3330,2904,8761,6239,8422,5773,7411,7731,4944,5501,1721,2152,1101,1534,285,847,48864,43179,7651,6980,9245,7957,12087,45,46
2021-10-03T23:59:59+02:00,190,185,3882,3405,9813,6964,9250,6358,8040,8445,5361,5920,1841,2297,1175,1617,321,917,145,136,3316,2897,8733,6229,8411,5765,7402,7718,4939,5496,1720,2149,1101,1533,284,847,48794,43113,7649,6977,9245,7954,12043,45,46
2021-10-02T23:59:59+02:00,190,185,3880,3404,9812,6962,9247,6357,8038,8445,5359,5918,1840,2296,1175,1617,321,917,145,136,3313,2897,8729,6228,8409,5765,7398,7717,4938,5492,1719,2148,1101,1533,284,847,48787,43102,7647,6977,9245,7952,12034,45,46
2021-10-01T23:59:59+02:00,189,184,3872,3401,9792,6955,9234,6348,8026,8434,5354,5908,1837,2293,1175,1617,321,916,143,135,3297,2890,8710,6219,8394,5753,7390,7706,4931,5485,1717,2148,1101,1533,284,847,48724,43034,7644,6974,9245,7948,11993,45,46
2021-09-30T23:59:59+02:00,188,183,3840,3385,9742,6934,9200,6322,7997,8408,5337,5894,1834,2290,1174,1617,321,915,141,134,3277,2869,8662,6192,8362,5732,7373,7674,4916,5471,1715,2142,1101,1533,284,846,48555,42903,7637,6949,9245,7945,11891,45,46
2021-09-29T23:59:59+02:00,187,181,3826,3374,9699,6920,9183,6302,7984,8380,5328,5888,1832,2287,1173,1615,321,914,141,134,3264,2860,8629,6185,8346,5710,7363,7652,4905,5458,1715,2140,1101,1532,284,846,48435,42812,7630,6944,9245,7941,11828,45,46
2021-09-28T23:59:59+02:00,185,181,3816,3366,9662,6901,9153,6290,7958,8346,5320,5871,1831,2280,1173,1614,321,912,138,133,3248,2848,8602,6164,8325,5696,7337,7625,4897,5446,1715,2134,1101,1531,284,845,48311,42707,7625,6939,9245,7940,11741,45,46
2021-09-27T23:59:59+02:00,184,181,3799,3353,9627,6874,9129,6266,7940,8316,5306,5859,1828,2269,1172,1613,320,911,138,132,3230,2837,8562,6138,8296,5669,7314,7596,4885,5438,1712,2125,1101,1529,284,844,48193,42581,7616,6936,9245,7936,11635,45,46
2021-09-26T23:59:59+02:00,182,181,3791,3344,9611,6864,9117,6258,7927,8304,5301,5853,1822,2268,1170,1612,320,911,137,131,3221,2831,8543,6134,8286,5659,7300,7589,4878,5428,1708,2125,1101,1528,284,843,48123,42523,7615,6933,9245,7932,11595,45,46
2021-09-25T23:59:59+02:00,182,180,3787,3343,9602,6860,9113,6254,7920,8303,5298,5853,1822,2267,1170,1611,320,911,137,130,3215,2828,8536,6131,8282,5655,7296,7584,4876,5426,1708,2124,1100,1525,284,843,48107,42504,7613,6930,9245,7930,11573,45,46
2021-09-24T23:59:59+02:00,181,178,3772,3336,9571,6847,9098,6244,7898,8284,5290,5841,1820,2265,1170,1610,320,911,136,130,3203,2820,8510,6117,8269,5644,7274,7570,4869,5417,1707,2120,1100,1525,284,843,48023,42444,7612,6924,9245,7930,11496,45,46
2021-09-23T23:59:59+02:00,179,177,3737,3321,9505,6817,9043,6201,7858,8235,5272,5821,1815,2258,1167,1607,320,911,136,129,3178,2807,8451,6087,8217,5608,7235,7523,4851,5399,1699,2116,1099,1523,284,843,47873,42337,7603,6916,9245,7926,11259,45,46
2021-09-22T23:59:59+02:00,176,177,3712,3306,9476,6796,9014,6181,7826,8221,5256,5810,1813,2254,1166,1607,320,911,134,126,3153,2799,8422,6064,8192,5594,7205,7503,4836,5392,1696,2109,1097,1523,284,842,47743,42215,7599,6913,9243,7920,11172,45,46
2021-09-21T23:59:59+02:00,175,175,3696,3293,9451,6775,8968,6158,7795,8194,5241,5799,1812,2254,1166,1607,320,911,133,126,3132,2785,8386,6038,8147,5579,7171,7470,4819,5372,1695,2108,1096,1522,284,842,47621,42062,7592,6905,9243,7920,11065,45,46
2021-09-20T23:59:59+02:00,173,175,3665,3280,9414,6760,8932,6136,7762,8163,5234,5784,1808,2252,1166,1607,320,909,133,124,3108,2762,8345,6019,8107,5556,7138,7441,4811,5352,1692,2106,1095,1521,283,842,47494,41924,7589,6900,9243,7915,10940,45,46
2021-09-19T23:59:59+02:00,173,174,3647,3273,9382,6753,8917,6130,7755,8153,5227,5777,1807,2249,1165,1605,320,908,131,124,3099,2754,8317,6009,8087,5549,7122,7426,4804,5344,1691,2102,1094,1520,283,841,47431,41856,7583,6894,9243,7909,10882,45,46
2021-09-18T23:59:59+02:00,173,174,3644,3272,9377,6751,8912,6127,7750,8151,5225,5776,1807,2249,1165,1605,320,908,131,124,3092,2751,8308,6008,8076,5546,7116,7424,4800,5339,1691,2102,1094,1519,283,841,47419,41817,7582,6893,9242,7909,10866,45,46
2021-09-17T23:59:59+02:00,173,173,3624,3264,9340,6738,8883,6113,7730,8140,5215,5767,1806,2244,1163,1605,320,908,131,124,3078,2743,8268,5994,8048,5535,7094,7415,4793,5330,1691,2101,1093,1519,283,841,47328,41748,7576,6881,9239,7906,10783,45,46
2021-09-16T23:59:59+02:00,173,173,3598,3238,9283,6714,8837,6085,7693,8104,5196,5754,1804,2239,1162,1605,320,907,131,123,3065,2728,8229,5972,8016,5511,7073,7391,4779,5323,1689,2100,1093,1519,282,839,47119,41633,7551,6871,9237,7897,10696,45,46
2021-09-15T23:59:59+02:00,171,173,3573,3226,9247,6696,8804,6060,7664,8086,5189,5734,1801,2235,1159,1605,319,906,128,123,3048,2724,8200,5955,7986,5484,7039,7372,4761,5306,1686,2097,1093,1516,280,836,46970,41497,7545,6864,9237,7893,10611,45,46
2021-09-14T23:59:59+02:00,170,172,3551,3207,9203,6674,8761,6033,7636,8054,5177,5715,1799,2232,1158,1604,318,906,128,121,3027,2707,8160,5929,7948,5466,7012,7347,4747,5288,1685,2097,1092,1513,280,835,46811,41364,7534,6855,9237,7890,10501,45,46
2021-09-13T23:59:59+02:00,168,172,3532,3193,9163,6656,8731,6011,7618,8022,5160,5698,1797,2228,1158,1604,318,905,126,119,3011,2699,8128,5914,7931,5452,7002,7325,4738,5282,1684,2093,1092,1512,280,835,46645,41260,7515,6849,9237,7889,10448,45,46
2021-09-12T23:59:59+02:00,168,171,3514,3191,9140,6647,8721,6001,7608,8007,5153,5690,1796,2227,1157,1601,318,904,125,118,2995,2691,8105,5900,7922,5441,6984,7309,4734,5273,1680,2092,1092,1512,280,834,46567,41178,7514,6844,9237,7881,10406,45,46
2021-09-11T23:59:59+02:00,168,171,3511,3188,9133,6643,8718,5999,7607,8005,5150,5688,1795,2226,1156,1601,318,904,124,118,2993,2690,8097,5897,7920,5438,6983,7304,4733,5271,1680,2092,1092,1512,280,834,46549,41163,7513,6844,9236,7881,10391,45,46
2021-09-10T23:59:59+02:00,167,167,3482,3182,9106,6622,8700,5986,7584,7984,5136,5668,1791,2223,1155,1601,318,904,123,115,2978,2685,8069,5873,7901,5423,6963,7285,4717,5252,1679,2091,1091,1510,280,834,46462,41096,7510,6839,9236,7880,10274,45,46
2021-09-09T23:59:59+02:00,165,166,3467,3163,9059,6595,8665,5963,7562,7944,5118,5657,1790,2220,1155,1601,318,904,121,114,2967,2675,8033,5846,7875,5402,6939,7255,4702,5237,1678,2087,1091,1510,280,834,46297,40983,7502,6827,9236,7872,10182,45,46
2021-09-08T23:59:59+02:00,164,165,3448,3153,9026,6586,8642,5934,7544,7913,5102,5640,1786,2218,1154,1599,318,903,119,112,2951,2663,7991,5828,7842,5378,6911,7219,4690,5215,1677,2086,1090,1510,280,834,46195,40854,7494,6818,9234,7868,10073,45,46
2021-09-07T23:59:59+02:00,163,163,3427,3148,9007,6562,8613,5914,7524,7894,5086,5629,1786,2216,1153,1598,318,900,117,111,2933,2655,7965,5804,7817,5355,6894,7194,4675,5203,1674,2082,1089,1509,280,834,46066,40729,7492,6808,9234,7862,10008,45,46
2021-09-06T23:59:59+02:00,163,163,3407,3138,8976,6542,8587,5903,7505,7868,5078,5617,1781,2207,1151,1598,317,900,117,111,2914,2642,7940,5791,7794,5345,6877,7166,4668,5189,1669,2080,1089,1509,280,834,45935,40624,7490,6805,9233,7861,9941,45,46
2021-09-05T23:59:59+02:00,163,162,3396,3133,8967,6533,8576,5893,7503,7858,5072,5607,1780,2206,1151,1598,317,899,117,110,2905,2640,7925,5777,7782,5333,6870,7158,4658,5183,1667,2079,1089,1508,280,834,45884,40567,7488,6797,9232,7860,9907,45,46
2021-09-04T23:59:59+02:00,163,161,3391,3131,8964,6528,8570,5892,7500,7857,5072,5606,1780,2206,1151,1598,317,899,116,110,2901,2636,7920,5770,7777,5333,6865,7156,4657,5182,1665,2078,1088,1508,280,834,45871,40546,7488,6794,9232,7859,9892,45,46
2021-09-03T23:59:59+02:00,161,160,3377,3114,8931,6518,8551,5874,7482,7841,5059,5591,1777,2203,1151,1597,317,897,115,107,2884,2620,7892,5756,7756,5314,6845,7134,4644,5162,1661,2076,1088,1506,280,832,45789,40458,7477,6772,9232,7858,9798,45,46
2021-09-02T23:59:59+02:00,161,158,3355,3096,8881,6495,8510,5854,7461,7816,5046,5573,1772,2198,1149,1596,317,896,114,106,2866,2607,7844,5738,7720,5294,6820,7107,4635,5141,1657,2071,1086,1505,280,829,45657,40347,7468,6762,9230,7854,9671,45,45
2021-09-01T23:59:59+02:00,159,158,3338,3085,8843,6481,8485,5842,7442,7799,5034,5565,1771,2196,1148,1593,317,896,111,104,2848,2599,7800,5715,7688,5278,6792,7084,4623,5127,1653,2069,1085,1502,280,829,45548,40202,7456,6739,9230,7852,9605,45,45
2021-08-31T23:59:59+02:00,157,157,3324,3076,8800,6459,8465,5833,7425,7778,5027,5556,1768,2194,1147,1592,317,895,110,104,2831,2589,7756,5695,7666,5260,6768,7056,4612,5108,1649,2067,1084,1502,280,829,45450,40085,7451,6730,9230,7838,9521,45,45
2021-08-30T23:59:59+02:00,156,157,3293,3058,8761,6432,8423,5811,7388,7745,5014,5539,1763,2192,1146,1592,317,895,110,103,2800,2576,7709,5671,7630,5242,6734,7033,4601,5089,1645,2065,1083,1502,280,828,45290,39958,7450,6720,9229,7836,9393,45,45
2021-08-29T23:59:59+02:00,155,157,3283,3041,8735,6424,8402,5802,7380,7735,5007,5530,1762,2189,1146,1592,316,895,110,100,2780,2553,7673,5664,7609,5223,6721,7019,4591,5084,1643,2064,1082,1501,279,828,45223,39857,7445,6709,9229,7831,9330,45,45
2021-08-28T23:59:59+02:00,154,157,3278,3040,8731,6422,8396,5801,7373,7733,5007,5528,1762,2188,1146,1591,316,895,110,99,2775,2548,7668,5659,7604,5220,6715,7015,4588,5083,1643,2064,1082,1500,279,828,45208,39831,7444,6708,9229,7831,9312,45,45
2021-08-27T23:59:59+02:00,153,157,3266,3037,8712,6413,8371,5794,7355,7724,4996,5520,1762,2188,1146,1590,316,895,110,98,2759,2542,7649,5652,7583,5207,6703,7008,4579,5075,1643,2064,1081,1498,279,828,45145,39769,7443,6707,9229,7830,9250,45,45
2021-08-26T23:59:59+02:00,153,156,3239,3024,8671,6389,8337,5781,7333,7702,4981,5509,1761,2185,1146,1589,316,894,107,95,2735,2520,7607,5623,7533,5179,6668,6979,4554,5060,1638,2058,1081,1497,279,828,45009,39573,7436,6690,9228,7810,9156,45,45
2021-08-25T23:59:59+02:00,149,154,3221,3015,8634,6373,8305,5766,7309,7679,4968,5487,1759,2182,1146,1587,316,894,104,92,2699,2500,7557,5586,7487,5143,6631,6941,4538,5033,1637,2053,1080,1496,279,828,44900,39337,7431,6682,9228,7803,9044,45,45
2021-08-24T23:59:59+02:00,149,153,3216,3006,8614,6358,8287,5749,7294,7658,4959,5475,1757,2181,1145,1585,316,892,103,92,2679,2481,7523,5553,7453,5122,6604,6915,4522,5016,1637,2051,1079,1496,279,827,44827,39168,7427,6673,9228,7799,8968,45,45
2021-08-23T23:59:59+02:00,148,148,3189,2989,8570,6337,8245,5728,7263,7629,4945,5461,1757,2179,1143,1584,316,891,102,91,2650,2462,7478,5514,7412,5105,6569,6884,4507,5000,1633,2051,1079,1494,278,827,44684,39011,7418,6658,9225,7793,8843,45,45
2021-08-22T23:59:59+02:00,148,148,3176,2982,8556,6320,8231,5721,7243,7618,4939,5455,1756,2178,1142,1584,316,891,101,91,2634,2446,7446,5491,7391,5091,6549,6863,4504,4990,1630,2046,1078,1494,277,826,44614,38876,7411,6648,9225,7790,8799,45,45
2021-08-21T23:59:59+02:00,147,148,3168,2977,8545,6311,8221,5719,7238,7613,4937,5449,1755,2178,1142,1583,316,891,96,89,2625,2438,7428,5481,7371,5081,6538,6856,4496,4981,1629,2044,1077,1494,277,826,44565,38798,7408,6621,9225,7789,8782,45,45
2021-08-20T23:59:59+02:00,146,146,3158,2969,8520,6295,8188,5699,7219,7592,4925,5437,1752,2175,1142,1582,316,889,94,87,2596,2424,7381,5448,7335,5050,6501,6819,4480,4961,1623,2040,1076,1491,277,824,44490,38625,7399,6583,9224,7779,8677,45,45
2021-08-19T23:59:59+02:00,145,143,3139,2955,8478,6271,8151,5680,7199,7566,4912,5419,1746,2172,1141,1580,316,888,91,82,2550,2404,7302,5398,7274,5014,6454,6761,4450,4928,1618,2036,1076,1490,277,824,44363,38293,7387,6552,9221,7768,8565,45,45
2021-08-18T23:59:59+02:00,144,141,3128,2946,8455,6254,8123,5666,7166,7548,4898,5410,1741,2170,1141,1580,315,887,89,80,2523,2386,7236,5364,7217,4980,6413,6727,4425,4905,1613,2032,1074,1490,277,823,44253,38052,7382,6500,9220,7758,8491,45,45
2021-08-17T23:59:59+02:00,144,141,3112,2937,8431,6229,8096,5653,7153,7525,4887,5398,1738,2168,1140,1579,314,887,85,77,2495,2366,7181,5316,7175,4944,6383,6688,4407,4885,1604,2026,1073,1486,276,823,44139,37785,7375,6461,9219,7752,8431,45,45
2021-08-16T23:59:59+02:00,142,140,3103,2926,8411,6213,8077,5647,7140,7509,4874,5385,1737,2167,1140,1579,314,887,78,75,2466,2336,7106,5272,7106,4911,6334,6647,4377,4858,1602,2023,1071,1485,276,823,44051,37417,7370,6446,9219,7739,8381,45,45
2021-08-15T23:59:59+02:00,141,139,3094,2912,8383,6204,8060,5637,7122,7495,4868,5375,1735,2164,1140,1578,314,887,70,72,2430,2300,7041,5239,7069,4883,6288,6617,4364,4845,1598,2017,1070,1483,276,823,43960,37119,7363,6425,9218,7734,8337,45,45
2021-08-14T23:59:59+02:00,139,139,3089,2906,8373,6201,8053,5636,7122,7492,4864,5373,1733,2163,1140,1577,314,887,70,71,2421,2292,7014,5226,7057,4873,6281,6603,4345,4836,1594,2014,1070,1481,276,822,43942,37023,7363,6412,9218,7732,8308,45,45
2021-08-13T23:59:59+02:00,139,138,3074,2903,8351,6193,8044,5623,7108,7481,4856,5364,1733,2159,1139,1576,314,887,70,69,2387,2272,6965,5195,7020,4845,6241,6574,4335,4821,1593,2010,1069,1481,276,822,43876,36788,7362,6398,9218,7731,8253,45,45
2021-08-12T23:59:59+02:00,137,133,3056,2895,8321,6172,8011,5603,7085,7457,4843,5349,1730,2157,1136,1574,314,887,69,68,2346,2237,6873,5144,6966,4807,6193,6525,4310,4791,1589,2007,1066,1480,276,822,43770,36468,7354,6366,9216,7708,8145,44,45
2021-08-11T23:59:59+02:00,135,130,3038,2880,8284,6146,7989,5592,7063,7436,4832,5336,1729,2155,1136,1573,314,887,67,66,2318,2204,6797,5086,6888,4765,6134,6461,4289,4752,1584,1999,1066,1478,276,820,43647,36047,7343,6335,9211,7701,8078,44,45
2021-08-10T23:59:59+02:00,135,129,3019,2870,8254,6134,7964,5572,7034,7420,4814,5327,1725,2155,1136,1571,314,886,66,62,2246,2148,6680,5024,6802,4693,6042,6396,4242,4728,1574,1991,1064,1476,276,818,43541,35438,7333,6310,9208,7687,7999,44,45
2021-08-09T23:59:59+02:00,132,129,3000,2861,8225,6112,7940,5563,7009,7401,4804,5316,1724,2154,1136,1571,314,885,62,61,2183,2089,6572,4944,6703,4651,5970,6340,4211,4695,1568,1981,1063,1475,276,818,43456,34935,7327,6255,9208,7664,7904,44,45
2021-08-08T23:59:59+02:00,132,128,2987,2854,8207,6104,7923,5551,6999,7393,4797,5312,1720,2154,1136,1571,314,884,62,60,2158,2062,6506,4911,6660,4624,5930,6318,4199,4678,1558,1977,1062,1473,276,817,43397,34698,7325,6212,9205,7654,7857,44,45
2021-08-07T23:59:59+02:00,131,127,2979,2847,8188,6092,7909,5544,6992,7382,4792,5307,1718,2154,1135,1571,314,884,59,53,2123,2039,6430,4863,6603,4593,5895,6282,4183,4664,1554,1976,1062,1470,276,817,43339,34382,7320,6184,9205,7645,7819,44,45
2021-08-06T23:59:59+02:00,131,126,2968,2837,8161,6081,7877,5522,6973,7360,4781,5293,1713,2152,1135,1570,314,884,53,50,2082,1999,6325,4792,6525,4559,5851,6243,4164,4643,1551,1973,1061,1467,276,817,43279,34026,7303,6156,9205,7628,7707,44,45
2021-08-05T23:59:59+02:00,130,125,2944,2821,8138,6060,7839,5502,6949,7337,4762,5270,1709,2149,1133,1566,314,883,49,46,2041,1951,6193,4686,6413,4500,5779,6179,4126,4601,1544,1965,1058,1465,276,817,43149,33533,7294,6065,9204,7571,7595,44,45
2021-08-04T23:59:59+02:00,127,121,2904,2800,8069,6026,7801,5477,6920,7306,4746,5254,1705,2145,1130,1565,314,883,49,41,1985,1915,6068,4616,6292,4446,5711,6111,4098,4562,1534,1959,1053,1462,276,816,42937,33033,7280,6017,9204,7536,7471,44,45
2021-08-03T23:59:59+02:00,125,120,2888,2782,8042,6013,7765,5460,6898,7281,4733,5241,1701,2144,1129,1562,314,883,46,41,1949,1885,5977,4551,6186,4394,5643,6053,4054,4521,1529,1952,1052,1460,276,816,42799,32558,7275,5973,9203,7511,7400,44,45
2021-08-02T23:59:59+02:00,125,120,2863,2756,8009,5990,7739,5446,6874,7264,4716,5232,1699,2140,1128,1562,313,883,45,40,1921,1849,5850,4457,6072,4332,5572,6000,4008,4488,1523,1939,1051,1457,275,815,42657,31990,7268,5932,9202,7492,7326,44,45
2021-08-01T23:59:59+02:00,125,119,2847,2740,7980,5968,7726,5429,6863,7256,4711,5225,1698,2139,1126,1562,313,883,42,39,1898,1829,5772,4412,6008,4287,5528,5976,3992,4469,1521,1936,1049,1454,275,815,42565,31692,7256,5903,9202,7469,7278,44,45
2021-07-31T23:59:59+02:00,123,118,2840,2733,7967,5961,7718,5425,6857,7247,4710,5223,1697,2139,1126,1562,313,883,39,29,1859,1786,5672,4347,5942,4240,5476,5938,3963,4445,1515,1933,1049,1453,275,815,42526,31201,7254,5891,9202,7463,7251,44,45
2021-07-30T23:59:59+02:00,120,116,2833,2726,7940,5945,7706,5409,6838,7233,4703,5215,1696,2137,1126,1561,313,883,35,28,1839,1763,5590,4305,5880,4187,5419,5892,3936,4426,1511,1931,1048,1450,275,815,42445,30839,7242,5866,9202,7452,7199,44,45
2021-07-29T23:59:59+02:00,118,114,2801,2710,7883,5903,7664,5365,6809,7192,4680,5195,1694,2132,1124,1560,313,883,30,24,1799,1735,5461,4203,5747,4110,5329,5806,3888,4374,1504,1921,1045,1448,275,815,42243,30255,7229,5810,9196,7413,7053,44,45
2021-07-28T23:59:59+02:00,115,112,2783,2696,7854,5876,7637,5337,6786,7169,4666,5179,1689,2130,1123,1558,312,882,29,21,1762,1690,5359,4130,5630,4039,5243,5732,3850,4340,1491,1913,1043,1446,275,814,42068,29689,7219,5751,9192,7369,7006,44,45
2021-07-27T23:59:59+02:00,111,111,2768,2677,7814,5861,7606,5320,6767,7152,4654,5167,1689,2128,1122,1557,311,882,27,21,1717,1662,5222,4045,5505,3957,5152,5665,3810,4289,1482,1902,1041,1443,274,814,41954,29100,7203,5670,9191,7325,6930,44,45
2021-07-26T23:59:59+02:00,109,109,2743,2659,7779,5837,7572,5303,6745,7131,4648,5156,1687,2128,1120,1557,311,882,27,21,1673,1606,5083,3978,5402,3890,5079,5595,3751,4256,1479,1890,1040,1438,274,813,41810,28524,7180,5602,9188,7278,6874,44,45
2021-07-25T23:59:59+02:00,103,107,2728,2646,7743,5816,7545,5295,6725,7113,4638,5151,1685,2125,1119,1556,311,881,24,18,1649,1581,5023,3932,5343,3859,5029,5561,3718,4232,1475,1886,1039,1437,274,813,41672,28234,7172,5568,9186,7242,6826,44,45
2021-07-24T23:59:59+02:00,103,105,2715,2634,7717,5803,7520,5281,6710,7100,4628,5146,1684,2122,1119,1556,311,881,23,17,1628,1560,4975,3911,5270,3812,4988,5538,3698,4224,1474,1884,1038,1435,274,812,41591,28035,7149,5479,9185,7241,6777,44,45
2021-07-23T23:59:59+02:00,101,103,2691,2612,7664,5782,7492,5257,6672,7074,4609,5135,1682,2118,1117,1556,311,881,19,14,1570,1530,4824,3805,5133,3743,4913,5467,3645,4193,1472,1875,1037,1430,273,812,41426,27378,7141,5450,9183,7220,6667,44,45
2021-07-22T23:59:59+02:00,100,100,2657,2583,7593,5732,7438,5220,6626,7025,4574,5111,1675,2111,1116,1555,311,880,18,14,1518,1493,4652,3727,4979,3661,4756,5386,3566,4140,1459,1865,1032,1428,273,811,41116,26718,7115,5306,9173,7151,6553,44,45
2021-07-21T23:59:59+02:00,99,97,2628,2568,7529,5702,7388,5181,6566,6985,4551,5087,1668,2105,1115,1552,311,878,18,12,1480,1446,4530,3644,4847,3593,4656,5280,3491,4099,1446,1853,1029,1427,273,808,40868,26233,7077,5096,9167,7091,6442,44,44
2021-07-20T23:59:59+02:00,99,97,2607,2545,7475,5670,7352,5152,6527,6945,4527,5068,1664,2101,1115,1551,311,877,17,12,1447,1413,4401,3575,4757,3540,4556,5200,3440,4065,1442,1843,1028,1426,273,807,40623,25738,7068,5015,9164,7036,6367,44,44
2021-07-19T23:59:59+02:00,98,97,2585,2520,7420,5630,7307,5132,6484,6913,4509,5052,1658,2095,1113,1548,311,876,17,10,1423,1386,4326,3525,4672,3503,4482,5139,3406,4036,1436,1837,1023,1423,271,806,40342,25416,7054,4888,9162,6996,6325,44,44
2021-07-18T23:59:59+02:00,98,95,2558,2497,7352,5595,7273,5104,6442,6874,4492,5042,1652,2088,1112,1548,310,875,15,10,1403,1361,4280,3484,4635,3473,4433,5115,3372,4023,1430,1827,1022,1423,271,804,40049,25212,7038,4810,9157,6970,6290,44,43
2021-07-17T23:59:59+02:00,93,92,2546,2483,7335,5582,7256,5087,6424,6860,4471,5031,1648,2087,1112,1547,310,873,15,10,1389,1348,4243,3452,4584,3450,4393,5084,3342,4011,1425,1824,1022,1421,271,804,39943,25036,7029,4752,9155,6962,6235,44,43
2021-07-16T23:59:59+02:00,93,89,2508,2461,7271,5546,7197,5046,6379,6817,4444,5003,1641,2081,1111,1546,310,873,14,9,1346,1320,4143,3399,4493,3408,4307,5027,3280,3964,1412,1816,1017,1419,271,803,39754,24687,7008,4718,9147,6896,6026,44,43
2021-07-15T23:59:59+02:00,90,85,2459,2435,7201,5511,7140,5009,6332,6763,4426,4977,1637,2076,1109,1543,309,873,12,9,1289,1286,3948,3288,4307,3306,4164,4930,3219,3899,1401,1808,1012,1414,270,803,39432,23985,6991,4486,9141,6831,5923,44,43
2021-07-14T23:59:59+02:00,89,82,2424,2418,7128,5482,7069,4975,6279,6716,4403,4954,1629,2069,1107,1541,309,872,11,9,1242,1246,3817,3194,4199,3238,4053,4865,3172,3855,1389,1798,1011,1410,270,803,39115,23466,6971,4382,9139,6757,5826,44,43
2021-07-13T23:59:59+02:00,85,79,2393,2392,7075,5453,7005,4936,6240,6665,4383,4936,1619,2063,1105,1541,309,872,10,7,1210,1207,3702,3096,4077,3169,3965,4775,3119,3797,1361,1792,1009,1404,268,801,38802,22964,6962,4236,9136,6653,5751,44,43
2021-07-12T23:59:59+02:00,80,79,2367,2369,7005,5409,6937,4891,6189,6624,4355,4910,1614,2060,1102,1541,309,872,9,7,1178,1184,3590,3006,3960,3096,3864,4696,3066,3752,1347,1782,1005,1396,268,801,38460,22494,6948,4104,9132,6567,5665,44,42
2021-07-11T23:59:59+02:00,73,76,2353,2354,6967,5383,6909,4867,6160,6606,4346,4903,1611,2056,1100,1541,308,872,9,7,1164,1166,3537,2959,3902,3059,3809,4667,3043,3738,1338,1770,1002,1392,268,801,38339,22299,6929,4064,9127,6506,5579,44,42
2021-07-10T23:59:59+02:00,72,75,2324,2320,6886,5344,6844,4829,6110,6571,4323,4892,1607,2053,1100,1538,308,871,9,7,1141,1144,3481,2917,3854,3029,3771,4635,3025,3726,1332,1763,1002,1390,268,801,38089,22109,6903,4063,9114,6492,5441,44,42
2021-07-09T23:59:59+02:00,71,72,2298,2302,6818,5309,6799,4806,6061,6538,4305,4870,1605,2047,1100,1537,308,871,5,3,1116,1127,3430,2868,3802,2987,3717,4594,2997,3697,1330,1747,1000,1389,268,801,37866,21862,6876,4030,9103,6439,5344,44,42
2021-07-08T23:59:59+02:00,66,69,2246,2257,6726,5242,6698,4753,5996,6472,4267,4835,1598,2037,1098,1534,308,871,4,3,1041,1073,3262,2776,3606,2906,3535,4497,2927,3634,1315,1731,998,1380,267,800,37532,21351,6799,3739,9071,6300,5137,44,42
2021-07-07T23:59:59+02:00,66,68,2169,2208,6613,5168,6596,4699,5923,6414,4234,4788,1591,2028,1095,1530,307,871,4,3,986,1038,3111,2693,3425,2820,3376,4391,2874,3573,1299,1701,991,1371,267,798,37035,20781,6759,3493,9046,6220,4983,44,42
2021-07-06T23:59:59+02:00,63,67,2123,2168,6505,5112,6506,4653,5866,6346,4194,4754,1584,2022,1092,1525,307,871,4,3,950,995,2995,2590,3336,2760,3302,4299,2821,3513,1273,1670,987,1362,267,798,36581,20269,6706,3383,9030,6130,4885,44,42
2021-07-05T23:59:59+02:00,61,67,2053,2123,6370,5042,6388,4616,5795,6289,4156,4717,1578,2015,1090,1523,307,869,4,3,906,958,2887,2517,3256,2714,3226,4231,2777,3457,1252,1652,981,1352,267,795,36092,19880,6657,3305,9004,6046,4734,44,41
2021-07-04T23:59:59+02:00,61,66,2014,2079,6283,4995,6350,4586,5752,6269,4138,4694,1575,2013,1090,1521,307,868,4,3,868,933,2822,2463,3219,2687,3193,4196,2753,3435,1238,1633,979,1351,266,795,35879,19729,6619,3247,8979,5974,4608,44,41
2021-07-03T23:59:59+02:00,57,51,1914,1994,6065,4830,6195,4498,5665,6181,4088,4659,1571,2009,1089,1517,307,868,4,3,829,902,2750,2416,3162,2658,3152,4146,2723,3404,1232,1628,978,1347,265,793,35025,19532,6584,3244,8971,5949,4385,44,41
2021-07-02T23:59:59+02:00,48,44,1875,1955,5987,4785,6151,4470,5643,6152,4073,4641,1570,2003,1087,1516,306,868,4,3,805,876,2678,2363,3092,2610,3107,4096,2692,3367,1213,1609,974,1341,265,791,34737,19212,6549,3217,8966,5847,4321,44,41
2021-07-01T23:59:59+02:00,44,37,1826,1916,5877,4712,6068,4421,5562,6085,4046,4610,1567,1997,1086,1515,306,867,4,3,730,825,2477,2273,2901,2519,2925,3977,2591,3274,1191,1585,964,1325,265,789,34313,18397,6500,2989,8949,5742,4174,44,41
2021-06-30T23:59:59+02:00,44,35,1777,1856,5751,4627,5965,4367,5501,6036,4032,4585,1563,1989,1084,1512,306,867,4,2,694,789,2364,2198,2787,2461,2815,3884,2525,3196,1167,1559,956,1315,264,788,33863,17914,6437,2863,8933,5610,4045,44,41
2021-06-29T23:59:59+02:00,42,34,1713,1776,5636,4537,5865,4306,5446,5977,4004,4556,1555,1984,1083,1511,306,865,3,2,661,741,2278,2111,2710,2395,2710,3765,2467,3144,1154,1525,944,1305,263,785,33308,17403,6402,2790,8925,5493,3926,43,41
2021-06-28T23:59:59+02:00,41,33,1676,1716,5517,4465,5795,4254,5400,5938,3974,4531,1553,1975,1082,1510,306,865,3,2,647,711,2172,2039,2629,2334,2633,3678,2416,3095,1137,1507,937,1299,263,783,32879,17052,6345,2641,8916,5387,3841,43,41
2021-06-27T23:59:59+02:00,41,32,1644,1689,5463,4426,5751,4221,5350,5923,3963,4519,1550,1971,1082,1509,306,865,3,2,628,693,2116,1996,2584,2305,2585,3637,2385,3074,1129,1493,935,1290,263,783,32685,16891,6311,2579,8894,5298,3763,43,41
2021-06-26T23:59:59+02:00,34,27,1611,1661,5391,4379,5659,4177,5309,5891,3944,4503,1550,1969,1082,1507,306,865,3,2,620,682,2083,1969,2549,2283,2566,3611,2362,3056,1112,1483,934,1288,263,783,32317,16657,6228,2574,8894,5280,3763,43,41
2021-06-25T23:59:59+02:00,28,21,1574,1622,5282,4309,5604,4149,5268,5868,3921,4493,1547,1968,1080,1506,305,865,2,2,612,659,2029,1938,2481,2215,2466,3477,2318,2954,1101,1461,931,1285,262,782,31888,16181,6199,2544,8893,5101,3761,43,41
2021-06-24T23:59:59+02:00,21,16,1521,1569,5098,4194,5475,4091,5165,5824,3882,4466,1543,1964,1080,1505,304,864,2,2,572,638,1919,1867,2303,2145,2297,3393,2211,2859,1071,1438,922,1279,261,778,31229,15661,6137,2216,8883,5018,3650,43,41
2021-06-23T23:59:59+02:00,20,16,1487,1520,5007,4133,5396,4034,5116,5780,3860,4430,1534,1958,1077,1502,303,864,2,2,541,615,1843,1803,2191,2092,2176,3298,2108,2770,1045,1416,918,1271,260,777,30771,15080,6084,2134,8877,4874,3614,43,41
2021-06-22T23:59:59+02:00,20,16,1455,1503,4931,4064,5309,3985,5070,5734,3833,4407,1529,1952,1076,1501,303,864,2,2,523,593,1776,1753,2102,2038,2091,3190,2004,2682,1030,1393,908,1259,260,773,30343,14646,6040,1997,8872,4707,3588,43,40
2021-06-21T23:59:59+02:00,19,16,1422,1461,4804,3972,5225,3941,5000,5674,3804,4384,1525,1939,1074,1496,302,862,2,2,507,577,1736,1708,2064,1997,2038,3104,1937,2599,1012,1364,885,1238,260,770,29781,14338,5999,1898,8870,4565,3549,43,40
2021-06-20T23:59:59+02:00,18,14,1393,1428,4725,3900,5173,3922,4965,5653,3780,4374,1522,1938,1073,1496,301,862,2,2,491,560,1704,1679,2040,1973,2009,3076,1894,2562,1004,1348,883,1231,260,769,29473,14152,5962,1860,8856,4501,3515,43,39
2021-06-19T23:59:59+02:00,17,14,1376,1408,4680,3866,5148,3896,4935,5628,3760,4362,1515,1936,1073,1495,301,862,2,2,483,555,1683,1655,2021,1947,1995,3050,1869,2523,994,1341,879,1230,258,768,29282,13971,5896,1828,8856,4494,3497,43,38
2021-06-18T23:59:59+02:00,12,10,1350,1390,4603,3823,5096,3853,4886,5589,3734,4350,1512,1933,1071,1493,301,862,2,2,468,545,1662,1640,1992,1916,1950,3001,1819,2469,981,1326,877,1226,257,766,28936,13665,5848,1826,8855,4446,3484,43,38
2021-06-17T23:59:59+02:00,9,9,1312,1352,4430,3743,4905,3775,4708,5501,3678,4305,1506,1930,1071,1492,300,862,2,2,430,524,1558,1603,1809,1853,1791,2904,1716,2387,960,1308,866,1214,255,764,28308,13196,5790,1715,8848,4357,3185,42,38
2021-06-16T23:59:59+02:00,9,8,1281,1321,4324,3657,4805,3720,4605,5438,3631,4279,1499,1926,1069,1488,300,861,2,2,412,503,1495,1563,1746,1819,1709,2820,1658,2310,943,1282,856,1198,254,761,27814,12776,5674,1644,8832,4279,3131,42,38
2021-06-15T23:59:59+02:00,9,8,1248,1290,4184,3566,4729,3657,4530,5368,3589,4245,1489,1918,1064,1485,300,859,2,2,399,482,1436,1511,1692,1773,1640,2763,1589,2242,926,1256,851,1187,252,760,27244,12433,5636,1561,8818,4208,3051,42,38
2021-06-14T23:59:59+02:00,9,6,1222,1251,4090,3508,4647,3600,4447,5294,3534,4215,1484,1910,1063,1480,298,858,2,2,391,469,1390,1475,1642,1738,1588,2698,1533,2190,917,1233,847,1180,251,759,26765,12181,5538,1487,8814,4122,2996,41,37
2021-06-13T23:59:59+02:00,9,6,1205,1233,4041,3470,4596,3558,4396,5249,3514,4199,1483,1904,1063,1478,297,857,2,2,383,461,1355,1458,1601,1713,1546,2661,1500,2149,899,1214,843,1170,250,757,26502,11997,5502,1463,8809,4043,2935,41,37
2021-06-12T23:59:59+02:00,9,5,1191,1207,4010,3450,4566,3534,4378,5231,3501,4189,1481,1900,1062,1477,297,856,2,2,379,459,1342,1438,1577,1689,1525,2639,1475,2130,891,1204,832,1167,250,756,26307,11854,5491,1463,8808,3982,2923,41,36
2021-06-11T23:59:59+02:00,8,5,1174,1192,3970,3404,4493,3506,4338,5193,3470,4177,1480,1898,1061,1474,297,855,2,2,369,446,1319,1397,1548,1667,1482,2597,1428,2088,880,1189,829,1161,250,755,26001,11607,5460,1454,8805,3903,2904,41,36
2021-06-10T23:59:59+02:00,8,4,1110,1136,3846,3316,4356,3422,4240,5127,3417,4140,1475,1890,1059,1473,297,855,2,2,348,429,1254,1357,1475,1608,1415,2525,1343,1992,854,1158,825,1152,249,752,25386,11178,5318,1441,8785,3739,2827,41,35
2021-06-09T23:59:59+02:00,7,2,1058,1098,3698,3207,4215,3359,4151,5049,3370,4098,1469,1884,1057,1470,297,855,1,2,330,409,1191,1313,1412,1572,1361,2445,1263,1926,826,1103,818,1138,248,750,24872,10875,5133,1381,8776,3597,2687,41,35
2021-06-08T23:59:59+02:00,6,2,1002,1056,3553,3110,4095,3278,4040,4966,3317,4067,1463,1880,1055,1467,296,853,1,1,314,389,1141,1275,1354,1537,1302,2387,1216,1854,803,1068,807,1122,244,747,24288,10629,4987,1331,8765,3455,2569,41,34
2021-06-07T23:59:59+02:00,5,2,974,1028,3440,3029,3957,3242,3917,4897,3264,4041,1449,1875,1054,1465,296,851,1,0,307,383,1096,1235,1296,1515,1254,2336,1150,1801,789,1048,793,1105,242,742,23887,10460,4800,1296,8759,3324,2426,41,34
2021-06-06T23:59:59+02:00,5,2,950,1017,3376,2991,3878,3192,3844,4867,3233,4025,1447,1870,1051,1464,295,851,1,0,299,373,1082,1207,1264,1484,1234,2279,1121,1742,777,1033,785,1097,242,738,23670,10349,4657,1241,8746,3214,2359,41,34
2021-06-05T23:59:59+02:00,5,2,938,998,3300,2927,3822,3162,3807,4842,3223,4021,1446,1868,1051,1463,295,850,1,0,292,363,1062,1184,1245,1468,1207,2250,1090,1722,765,1010,783,1093,242,738,23375,10181,4651,1238,8742,3170,2319,41,33
2021-06-04T23:59:59+02:00,3,2,911,978,3252,2872,3747,3123,3742,4787,3195,4000,1442,1864,1049,1463,295,850,1,0,282,355,1040,1155,1221,1452,1181,2210,1059,1694,749,988,777,1088,242,736,23050,10045,4605,1233,8738,3109,2232,41,33
2021-06-03T23:59:59+02:00,3,2,867,944,3092,2774,3557,3017,3567,4673,3104,3925,1432,1853,1045,1458,295,850,0,0,271,345,1007,1115,1165,1395,1112,2125,996,1636,710,950,769,1075,242,735,22353,9823,4369,1214,8721,2943,2042,41,33
2021-06-02T23:59:59+02:00,3,2,839,932,3020,2706,3500,2976,3506,4611,3063,3898,1430,1848,1045,1457,295,850,0,0,258,336,979,1092,1121,1377,1071,2084,943,1592,697,918,766,1070,242,734,21991,9607,4349,1200,8721,2905,1934,41,33
2021-06-01T23:59:59+02:00,3,2,793,896,2856,2587,3320,2880,3339,4504,3002,3837,1420,1841,1042,1451,295,850,0,0,246,322,895,1030,1028,1319,990,1976,893,1513,669,865,759,1061,241,727,21368,9323,4133,1166,8708,2700,1694,41,32
2021-05-31T23:59:59+02:00,3,2,755,868,2732,2501,3177,2783,3232,4413,2949,3785,1415,1828,1040,1446,295,850,0,0,232,306,854,988,962,1269,943,1900,855,1455,649,841,753,1056,240,727,20959,9153,3890,1151,8688,2563,1500,41,32
2021-05-30T23:59:59+02:00,3,2,744,856,2674,2457,3111,2745,3181,4372,2930,3764,1411,1822,1040,1446,295,849,0,0,222,289,811,945,910,1230,903,1840,831,1400,636,825,749,1047,240,726,20809,9055,3828,1141,8677,2392,1344,41,32
2021-05-29T23:59:59+02:00,3,2,741,853,2655,2441,3089,2731,3163,4356,2922,3755,1409,1821,1040,1446,295,849,0,0,219,278,806,932,892,1201,887,1792,818,1367,623,804,747,1042,239,726,20683,8963,3826,1140,8674,2253,1343,40,32
2021-05-28T23:59:59+02:00,3,2,732,841,2616,2400,3040,2702,3139,4333,2912,3740,1409,1818,1038,1441,295,849,0,0,215,269,794,913,881,1176,871,1750,790,1327,605,774,742,1034,238,724,20429,8783,3816,1135,8671,2165,1339,40,32
2021-05-27T23:59:59+02:00,3,2,687,818,2484,2333,2905,2630,2996,4254,2829,3690,1400,1807,1037,1439,294,847,0,0,201,252,732,861,798,1122,784,1656,725,1244,581,741,733,1017,237,722,19932,8574,3678,1099,8637,1905,1134,40,31
2021-05-26T23:59:59+02:00,3,2,653,784,2373,2259,2740,2563,2872,4188,2779,3640,1390,1796,1036,1431,292,842,0,0,192,232,690,822,750,1086,742,1588,685,1187,566,716,715,984,236,719,19504,8351,3430,1088,8609,1766,1005,40,31
2021-05-25T23:59:59+02:00,3,2,630,764,2281,2197,2637,2517,2771,4105,2732,3603,1378,1788,1033,1427,291,840,0,0,180,219,667,792,715,1050,705,1530,636,1125,547,696,696,955,235,717,19127,8133,3252,1053,8566,1630,948,39,28
2021-05-24T23:59:59+02:00,3,2,615,740,2222,2155,2562,2483,2698,4048,2677,3561,1365,1781,1027,1426,291,839,0,0,175,211,645,774,688,1018,669,1473,612,1074,530,683,689,951,235,715,18928,8040,3069,1042,8531,1509,850,39,27
2021-05-23T23:59:59+02:00,3,2,611,739,2204,2141,2550,2468,2688,4032,2665,3548,1362,1779,1027,1424,291,839,0,0,173,210,640,766,679,1012,653,1461,602,1067,527,676,684,946,234,712,18806,7960,3066,1036,8531,1497,849,39,26
2021-05-22T23:59:59+02:00,3,2,604,726,2180,2119,2514,2447,2666,3999,2632,3520,1355,1775,1027,1422,291,838,0,0,171,202,632,763,674,1001,641,1454,597,1061,517,668,678,935,234,712,18558,7899,3065,1036,8529,1461,840,39,26
2021-05-21T23:59:59+02:00,3,2,590,711,2092,2082,2427,2393,2597,3950,2589,3475,1348,1762,1025,1421,290,837,0,0,170,199,626,753,664,992,629,1442,582,1041,505,643,671,928,234,710,18067,7814,3038,1035,8506,1399,837,39,26
2021-05-20T23:59:59+02:00,3,2,555,688,1967,2005,2292,2315,2464,3850,2511,3391,1333,1746,1023,1415,290,835,0,0,161,188,594,714,631,952,597,1386,558,979,484,613,665,919,234,709,17406,7693,2913,1024,8431,1189,763,39,26
2021-05-19T23:59:59+02:00,2,2,519,654,1850,1919,2144,2243,2322,3749,2410,3295,1316,1728,1016,1412,288,835,0,0,147,181,565,690,597,918,565,1333,532,919,470,591,655,895,233,707,16637,7539,2842,1006,8389,1088,639,39,26
2021-05-18T23:59:59+02:00,2,1,490,633,1770,1838,2042,2185,2210,3630,2315,3204,1305,1707,1009,1405,288,831,0,0,140,172,542,661,573,888,549,1256,513,857,452,565,646,882,232,704,16111,7418,2675,969,8332,977,534,39,26
2021-05-17T23:59:59+02:00,2,0,470,619,1710,1800,1988,2134,2133,3517,2255,3129,1286,1687,1002,1398,287,829,0,0,134,164,525,647,564,849,538,1195,497,802,434,534,644,874,232,703,15806,7344,2515,939,8262,873,437,39,26
2021-05-16T23:59:59+02:00,2,0,466,618,1683,1772,1948,2105,2092,3467,2200,3070,1271,1678,1000,1393,287,828,0,0,130,163,515,628,552,834,523,1149,480,765,409,504,642,871,232,702,15622,7293,2445,910,8219,787,357,39,26
2021-05-15T23:59:59+02:00,2,0,461,613,1653,1754,1929,2084,2071,3442,2176,3032,1263,1677,999,1391,286,828,0,0,129,160,512,627,551,831,519,1145,474,755,406,502,640,869,232,702,15414,7265,2444,909,8210,776,352,37,26
2021-05-14T23:59:59+02:00,2,0,444,598,1624,1719,1884,2043,1990,3373,2134,2990,1255,1667,997,1391,284,828,0,0,126,154,507,612,532,807,500,1113,460,739,390,486,635,864,232,700,15046,7207,2401,893,8189,671,329,37,26
2021-05-13T23:59:59+02:00,1,0,418,576,1559,1667,1776,1989,1873,3288,2067,2900,1231,1649,990,1389,282,824,0,0,120,151,492,605,522,791,494,1097,446,726,373,458,624,838,232,695,14614,7122,2155,853,8135,632,297,37,26
2021-05-12T23:59:59+02:00,1,0,411,571,1539,1656,1758,1980,1849,3265,2052,2885,1229,1644,986,1387,282,824,0,0,120,149,489,605,521,785,491,1092,443,720,367,446,623,832,232,695,14482,7079,2131,844,8127,631,295,36,26
2021-05-11T23:59:59+02:00,1,0,393,551,1460,1617,1648,1939,1736,3170,1944,2817,1214,1620,982,1377,282,824,0,0,113,140,472,573,500,757,471,1060,414,699,344,419,614,826,232,695,14073,6982,1953,815,8012,534,230,36,26
2021-05-10T23:59:59+02:00,1,0,377,536,1416,1586,1595,1906,1663,3105,1887,2750,1207,1606,978,1371,282,821,0,0,113,137,467,568,491,735,463,1035,408,679,335,407,612,822,232,694,13801,6936,1872,807,7888,482,205,36,24
2021-05-09T23:59:59+02:00,1,0,370,525,1372,1560,1560,1886,1618,3068,1826,2710,1194,1594,975,1366,282,820,0,0,108,134,460,559,481,727,454,1025,398,668,325,396,607,817,232,693,13563,6899,1814,796,7836,431,185,36,23
2021-05-08T23:59:59+02:00,1,0,365,520,1358,1539,1527,1867,1595,3043,1796,2688,1187,1587,972,1365,281,820,0,0,107,134,459,559,478,726,453,1020,398,662,324,394,603,809,232,693,13351,6883,1809,790,7833,420,183,36,23
2021-05-07T23:59:59+02:00,1,0,353,512,1329,1509,1473,1848,1535,2982,1748,2638,1180,1579,971,1359,281,817,0,0,103,130,448,545,465,698,441,984,382,638,322,374,588,797,231,691,13077,6832,1780,765,7767,316,146,36,21
2021-05-06T23:59:59+02:00,1,0,329,498,1231,1466,1363,1790,1393,2866,1617,2546,1149,1548,968,1348,281,814,0,0,100,126,434,527,454,679,428,960,369,618,313,359,575,784,231,688,12584,6772,1591,747,7543,229,118,34,20
2021-05-05T23:59:59+02:00,1,0,314,483,1191,1435,1317,1749,1326,2798,1539,2462,1131,1523,962,1335,281,809,0,0,99,122,424,517,449,667,420,950,364,600,296,348,558,767,231,687,12161,6703,1527,728,7478,180,110,34,18
2021-05-04T23:59:59+02:00,1,0,305,472,1142,1401,1277,1722,1281,2752,1487,2404,1115,1494,957,1324,279,805,0,0,95,119,415,504,446,660,409,930,355,583,284,333,547,747,231,687,11835,6628,1465,702,7433,140,98,34,16
2021-05-03T23:59:59+02:00,1,0,299,466,1106,1377,1241,1703,1251,2717,1444,2365,1099,1468,951,1317,278,801,0,0,87,115,403,497,437,653,402,924,346,575,273,325,530,730,229,685,11587,6549,1440,694,7389,121,70,34,14
2021-05-02T23:59:59+02:00,1,0,295,465,1092,1362,1209,1686,1225,2699,1433,2343,1090,1454,948,1316,278,798,0,0,85,114,396,489,432,648,397,917,343,573,269,317,511,720,229,685,11458,6511,1424,675,7355,107,53,33,13
2021-05-01T23:59:59+02:00,1,0,291,460,1083,1354,1199,1673,1210,2687,1416,2326,1084,1449,945,1313,278,797,0,0,85,113,396,488,429,648,395,913,343,572,267,317,511,720,229,685,11325,6502,1423,675,7354,104,52,33,12
2021-04-30T23:59:59+02:00,1,0,286,451,1072,1330,1177,1653,1180,2625,1362,2275,1071,1432,940,1310,278,794,0,0,83,111,394,483,425,641,393,888,339,562,262,310,509,715,229,684,11026,6486,1418,666,7350,77,22,33,11
2021-04-29T23:59:59+02:00,1,0,270,437,1017,1300,1130,1613,1133,2569,1272,2211,1028,1390,935,1302,277,792,0,0,83,109,389,481,420,636,384,876,331,553,252,300,498,705,228,681,10553,6426,1380,646,7287,53,21,32,11
2021-04-28T23:59:59+02:00,1,0,259,431,1002,1282,1102,1599,1101,2529,1205,2158,996,1337,927,1300,277,791,0,0,79,107,383,478,416,627,379,868,328,541,237,285,488,693,227,680,10269,6360,1331,613,7233,39,20,32,11
2021-04-27T23:59:59+02:00,1,0,255,421,981,1266,1082,1588,1077,2506,1181,2134,971,1303,921,1296,277,788,0,0,77,104,378,473,414,621,377,864,321,535,234,277,475,674,226,679,10080,6307,1303,587,7196,32,19,28,10
2021-04-26T23:59:59+02:00,1,0,252,415,974,1257,1073,1573,1049,2489,1132,2087,952,1283,915,1289,276,787,0,0,77,104,374,466,414,618,373,861,320,530,229,269,466,665,226,679,9908,6274,1288,563,7131,30,19,28,10
2021-04-25T23:59:59+02:00,1,0,251,413,966,1244,1058,1566,1032,2472,1102,2059,931,1260,912,1282,276,787,0,0,76,103,372,458,411,617,372,856,319,529,228,265,461,657,226,678,9783,6255,1263,547,7083,22,19,28,10
2021-04-24T23:59:59+02:00,1,0,247,408,951,1231,1046,1551,1017,2453,1077,2042,922,1236,909,1278,276,787,0,0,76,103,372,458,410,617,372,854,318,526,227,264,460,654,226,678,9616,6249,1263,539,7061,22,19,27,10
2021-04-23T23:59:59+02:00,1,0,245,398,940,1215,1038,1541,1000,2434,1025,1999,901,1212,907,1271,276,784,0,0,75,102,372,457,410,616,371,852,315,523,223,258,455,648,226,678,9466,6227,1250,526,6968,22,19,26,9
2021-04-22T23:59:59+02:00,1,0,241,388,916,1191,1014,1521,971,2394,980,1938,873,1172,900,1258,276,781,0,0,75,101,370,451,405,609,367,843,313,518,217,252,446,638,225,676,9197,6173,1202,512,6902,15,19,26,9
2021-04-21T23:59:59+02:00,1,0,237,383,891,1173,988,1504,937,2359,934,1890,841,1122,892,1244,276,778,0,0,74,99,368,450,403,606,363,837,309,510,215,247,436,623,224,673,8907,6122,1177,493,6844,15,19,26,9
2021-04-20T23:59:59+02:00,1,0,230,378,873,1146,970,1484,912,2309,894,1838,797,1059,880,1227,274,775,0,0,74,99,366,449,400,601,357,832,306,504,211,238,425,604,223,673,8629,6062,1109,479,6781,14,19,26,9
2021-04-19T23:59:59+02:00,1,0,227,368,853,1134,957,1464,896,2278,867,1804,769,1030,876,1220,274,771,0,0,73,98,365,447,395,596,354,822,302,494,211,233,413,586,221,668,8452,6000,1094,459,6713,12,18,25,9
2021-04-18T23:59:59+02:00,1,0,226,364,845,1124,944,1456,875,2258,848,1786,743,991,874,1215,273,769,0,0,72,96,362,446,395,596,353,819,302,491,210,229,407,582,221,668,8334,5981,1066,448,6653,12,18,25,9
2021-04-17T23:59:59+02:00,1,0,225,361,843,1121,938,1453,868,2252,844,1780,728,966,872,1209,273,769,0,0,72,93,360,442,393,596,350,815,301,486,208,224,401,575,221,667,8269,5938,1065,446,6629,12,18,25,9
2021-04-16T23:59:59+02:00,1,0,224,360,833,1116,925,1433,852,2231,815,1743,690,909,862,1199,271,765,0,0,68,91,358,435,390,594,341,802,296,474,194,208,397,567,218,664,8077,5870,1049,407,6559,11,18,25,8
2021-04-15T23:59:59+02:00,1,0,222,353,809,1098,908,1418,827,2186,776,1705,657,862,853,1180,271,761,0,0,66,90,355,428,385,588,334,794,289,471,186,202,381,544,216,659,7858,5788,1037,379,6441,10,18,24,8
2021-04-14T23:59:59+02:00,1,0,220,346,800,1088,898,1405,813,2151,759,1678,619,822,824,1132,271,757,0,0,63,86,348,425,381,583,332,784,279,463,176,186,364,523,214,654,7638,5695,1021,344,6370,10,18,22,8
2021-04-13T23:59:59+02:00,1,0,215,342,790,1083,889,1394,804,2126,732,1650,572,770,802,1099,270,754,0,0,61,83,343,419,371,579,325,777,275,459,173,182,351,510,213,651,7482,5635,976,316,6279,8,18,19,8
2021-04-12T23:59:59+02:00,1,0,213,341,786,1077,880,1380,778,2106,715,1631,542,743,791,1082,269,752,0,0,60,79,330,413,367,573,321,770,269,453,166,177,343,498,212,645,7388,5560,955,291,6187,8,18,16,8
2021-04-11T23:59:59+02:00,0,0,209,339,778,1066,872,1374,765,2090,705,1615,528,719,783,1061,268,749,0,0,59,77,325,411,363,571,319,766,268,448,160,169,336,495,210,642,7329,5512,935,281,6097,7,18,15,8
2021-04-10T23:59:59+02:00,0,0,209,337,778,1063,868,1372,755,2082,695,1607,521,704,776,1048,267,749,0,0,55,70,299,394,344,556,306,752,254,440,153,162,331,480,209,640,7276,5336,928,275,6066,7,17,14,8
2021-04-09T23:59:59+02:00,0,0,209,334,772,1060,855,1349,747,2000,679,1523,485,643,756,1026,265,745,0,0,46,66,284,382,327,542,290,737,244,427,143,157,309,459,206,632,7160,5143,903,267,5819,7,13,13,8
2021-04-08T23:59:59+02:00,0,0,207,331,766,1053,843,1341,733,1980,659,1503,443,581,726,1003,263,742,0,0,44,63,273,364,312,530,275,722,228,409,134,141,294,442,204,615,7041,4948,863,255,5700,7,12,13,8
2021-04-07T23:59:59+02:00,0,0,202,327,757,1047,831,1326,713,1952,640,1470,405,540,698,965,260,738,0,0,41,60,254,350,302,525,267,708,220,397,120,131,275,422,198,606,6907,4778,831,245,5553,7,12,13,7
2021-04-06T23:59:59+02:00,0,0,200,325,747,1042,816,1310,696,1928,613,1445,384,504,673,934,259,737,0,0,39,58,253,345,297,523,256,704,215,391,115,127,267,402,194,596,6816,4706,805,224,5405,6,12,12,7
2021-04-05T23:59:59+02:00,0,0,200,324,743,1035,809,1299,688,1911,606,1429,366,483,656,910,259,736,0,0,39,57,252,341,296,519,252,698,211,390,115,123,254,382,190,590,6777,4646,792,209,5292,6,12,12,7
2021-04-04T23:59:59+02:00,0,0,199,321,739,1025,803,1288,679,1894,599,1410,355,470,653,906,259,736,0,0,39,56,251,340,295,519,252,698,210,390,113,123,248,368,187,588,6752,4615,787,209,5206,6,10,12,7
2021-04-03T23:59:59+02:00,0,0,199,321,738,1025,801,1286,679,1890,592,1408,348,464,650,899,259,735,0,0,39,56,251,340,295,519,252,697,210,388,113,123,248,365,187,586,6721,4607,787,209,5193,6,10,12,7
2021-04-02T23:59:59+02:00,0,0,199,319,738,1023,800,1284,675,1883,588,1398,339,454,637,889,259,734,0,0,39,55,248,338,292,517,250,689,205,382,111,122,242,346,184,573,6672,4532,782,206,5170,6,10,11,7
2021-04-01T23:59:59+02:00,0,0,196,316,733,1009,788,1271,670,1863,573,1379,324,430,606,856,258,728,0,0,37,54,239,332,290,514,249,682,203,378,103,119,225,321,181,552,6583,4424,739,199,5078,5,10,11,7
2021-03-31T23:59:59+02:00,0,0,192,313,725,1001,779,1257,660,1817,563,1340,315,419,584,810,254,725,0,0,37,54,238,331,285,511,246,680,197,374,98,116,210,294,179,530,6514,4334,695,192,4944,5,8,11,7
2021-03-30T23:59:59+02:00,0,0,189,307,720,992,774,1236,648,1778,553,1296,304,402,558,774,253,725,0,0,37,53,236,327,281,508,245,675,193,369,95,114,202,276,175,515,6437,4257,659,187,4810,5,8,11,7
2021-03-29T23:59:59+02:00,0,0,185,302,715,974,769,1223,639,1747,545,1258,300,388,527,736,251,718,0,0,37,51,234,326,280,506,244,671,191,362,91,112,193,263,168,504,6328,4196,638,181,4706,3,8,11,7
2021-03-28T23:59:59+02:00,0,0,178,286,705,964,760,1216,634,1725,542,1241,298,374,499,712,248,716,0,0,37,50,232,326,277,500,241,668,190,359,88,110,186,254,165,502,6283,4152,603,177,4602,3,8,11,7
2021-03-27T23:59:59+01:00,0,0,178,283,700,958,755,1212,628,1714,540,1232,294,365,493,702,248,715,0,0,37,50,232,326,277,500,238,662,187,355,87,109,182,247,160,492,6242,4114,595,171,4566,3,8,11,7
2021-03-26T23:59:59+01:00,0,0,174,281,689,946,746,1197,616,1696,532,1209,287,354,489,687,246,712,0,0,37,50,232,326,276,498,238,661,180,343,82,102,171,231,153,480,6178,4035,576,170,4488,3,6,11,7
2021-03-25T23:59:59+01:00,0,0,170,279,681,932,725,1171,599,1659,521,1170,279,342,472,663,245,708,0,0,37,50,228,321,274,497,231,658,180,342,76,102,154,213,148,456,6101,3946,562,162,4330,3,6,11,7
2021-03-24T23:59:59+01:00,0,0,168,271,670,919,717,1155,590,1622,507,1140,270,329,454,639,242,705,0,0,37,50,226,319,271,495,229,658,176,339,74,99,141,207,142,422,6026,3872,539,155,4206,2,6,11,7
2021-03-23T23:59:59+01:00,0,0,165,268,662,905,704,1141,579,1599,494,1102,264,317,437,623,237,701,0,0,36,50,224,318,269,492,224,653,174,335,72,95,133,199,132,396,5973,3792,523,150,4073,2,6,11,7
2021-03-22T23:59:59+01:00,0,0,161,259,643,887,686,1122,568,1567,480,1078,259,308,425,607,236,695,0,0,36,50,222,316,266,490,222,646,173,333,72,92,127,190,117,366,5917,3710,501,147,3930,1,6,11,7
2021-03-21T23:59:59+01:00,0,0,157,257,635,879,680,1118,564,1543,474,1046,253,300,412,599,234,690,0,0,36,50,219,316,264,488,221,645,171,331,71,89,125,189,113,363,5894,3689,486,143,3825,1,4,10,6
2021-03-20T23:59:59+01:00,0,0,155,257,627,874,675,1115,559,1539,471,1045,250,293,398,585,232,688,0,0,36,50,219,316,263,488,220,643,171,327,70,88,122,185,109,357,5860,3664,481,141,3782,1,4,10,6
2021-03-19T23:59:59+01:00,0,0,145,247,620,856,664,1108,554,1521,460,1032,233,271,381,560,227,680,0,0,34,50,218,315,262,488,218,636,170,324,68,86,114,174,104,336,5782,3598,439,140,3694,1,3,10,6
2021-03-18T23:59:59+01:00,0,0,140,241,602,840,646,1074,536,1470,446,986,218,256,368,537,224,662,0,0,34,50,217,312,260,480,218,631,168,317,68,83,106,166,100,323,5698,3539,405,131,3489,1,3,10,6
2021-03-17T23:59:59+01:00,0,0,134,235,589,821,633,1067,531,1457,438,968,206,243,350,520,220,656,0,0,34,49,217,310,259,478,217,630,168,316,68,83,101,160,94,309,5603,3499,377,129,3426,1,3,8,6
2021-03-16T23:59:59+01:00,0,0,130,226,573,806,614,1056,519,1417,427,943,200,229,329,486,216,644,0,0,34,48,217,307,259,472,215,629,167,315,64,83,97,154,91,291,5512,3453,345,125,3289,1,2,8,6
2021-03-15T23:59:59+01:00,0,0,124,219,558,791,604,1035,510,1385,413,906,194,221,316,461,213,638,0,0,33,48,216,304,259,469,214,628,165,314,63,81,91,148,89,277,5424,3410,316,123,3172,1,1,8,6
2021-03-14T23:59:59+01:00,0,0,119,207,544,772,589,1014,501,1342,401,861,184,209,305,450,207,634,0,0,33,48,216,301,258,468,213,623,164,309,62,81,90,145,87,274,5357,3394,303,113,3000,1,0,7,6
2021-03-13T23:59:59+01:00,0,0,116,195,516,743,560,988,476,1318,381,842,169,200,298,437,206,631,0,0,33,48,216,301,258,468,212,623,164,308,62,81,87,141,75,259,5162,3356,299,113,2915,1,0,7,6
2021-03-12T23:59:59+01:00,0,0,105,187,486,717,540,958,455,1279,360,810,153,188,275,409,203,611,0,0,33,48,216,300,258,468,212,623,164,307,57,79,84,135,70,252,4933,3324,293,113,2797,1,0,7,5
2021-03-11T23:59:59+01:00,0,0,97,178,452,670,502,922,415,1205,338,758,140,166,248,368,199,589,0,0,33,47,215,298,253,464,210,619,161,305,57,77,80,129,68,239,4686,3295,283,92,2541,1,0,7,4
2021-03-10T23:59:59+01:00,0,0,94,168,428,647,483,903,398,1167,321,720,125,151,231,337,193,556,0,0,32,47,213,293,249,459,207,613,161,303,54,75,76,126,65,229,4508,3251,272,80,2401,1,0,7,4
2021-03-09T23:59:59+01:00,0,0,94,163,416,618,452,873,383,1123,309,688,119,143,221,319,187,544,0,0,32,47,212,290,246,451,205,609,157,299,53,73,74,123,59,221,4425,3210,256,70,2217,1,0,7,3
2021-03-08T23:59:59+01:00,0,0,91,155,400,601,434,856,374,1072,300,650,115,134,207,299,181,532,0,0,32,47,212,286,243,446,200,605,151,295,51,72,69,120,58,220,4346,3182,240,53,2056,1,0,7,2
2021-03-07T23:59:59+01:00,0,0,88,151,395,589,425,841,363,1057,297,644,113,134,200,285,179,530,0,0,32,47,211,285,243,444,199,604,151,295,51,72,67,118,57,219,4299,3173,230,50,1998,0,0,7,2
2021-03-06T23:59:59+01:00,0,0,87,144,393,582,418,817,353,1005,288,612,112,133,194,277,176,525,0,0,32,47,211,285,242,443,199,603,151,295,51,72,65,118,56,214,4264,3168,230,44,1855,0,0,7,2
2021-03-05T23:59:59+01:00,0,0,86,139,388,569,413,809,352,988,279,589,106,124,183,257,168,512,0,0,32,47,210,283,241,442,198,601,150,293,51,72,63,117,55,206,4184,3153,221,35,1783,0,0,7,2
2021-03-04T23:59:59+01:00,0,0,83,124,377,533,395,775,335,944,269,561,97,123,164,231,161,487,0,0,32,47,208,277,239,436,196,588,147,292,50,72,63,117,55,205,4082,3114,205,34,1595,0,0,7,2
2021-03-03T23:59:59+01:00,0,0,76,113,367,517,386,757,331,923,260,543,95,120,153,224,155,453,0,0,32,46,208,277,238,434,193,580,147,286,50,72,62,116,55,205,4012,3091,199,31,1479,0,0,7,2
2021-03-02T23:59:59+01:00,0,0,73,110,356,502,370,739,324,904,254,521,94,115,143,214,145,425,0,0,31,46,208,277,238,428,188,573,145,283,50,72,62,114,55,204,3925,3062,193,31,1381,0,0,7,2
2021-03-01T23:59:59+01:00,0,0,72,108,350,489,363,717,313,879,248,493,93,114,136,203,127,390,0,0,31,45,207,276,236,419,186,566,145,280,50,72,61,113,54,204,3839,3031,188,31,1273,0,0,7,2
2021-02-28T23:59:59+01:00,0,0,72,106,343,480,360,709,311,855,243,475,88,106,134,200,123,386,0,0,31,45,206,276,235,419,185,566,145,280,50,72,61,113,54,204,3815,3029,185,31,1193,0,0,7,1
2021-02-27T23:59:59+01:00,0,0,69,97,337,474,355,702,305,844,240,466,86,104,133,195,116,376,0,0,31,45,206,275,235,418,184,565,143,279,50,72,61,113,54,204,3783,3027,179,26,1135,0,0,7,1
2021-02-26T23:59:59+01:00,0,0,67,92,329,450,329,667,284,813,230,445,83,100,125,184,112,356,0,0,31,44,206,274,235,416,183,562,139,277,50,72,61,113,54,202,3726,3011,177,26,954,0,0,7,0
2021-02-25T23:59:59+01:00,0,0,59,81,316,428,319,639,276,787,218,422,78,100,117,177,109,344,0,0,31,44,204,270,230,413,181,555,134,276,50,70,59,111,53,202,3676,2982,170,18,804,0,0,7,0
2021-02-24T23:59:59+01:00,0,0,55,74,309,415,311,624,271,771,215,414,77,100,112,172,102,331,0,0,30,44,202,268,227,400,179,547,132,271,48,69,56,111,53,202,3636,2942,165,12,729,0,0,7,0
2021-02-23T23:59:59+01:00,0,0,52,65,296,397,301,606,265,753,209,406,73,98,107,167,99,309,0,0,29,44,201,266,224,394,178,541,128,268,47,69,56,107,53,200,3583,2911,160,8,631,0,0,7,0
2021-02-22T23:59:59+01:00,0,0,50,63,290,385,297,597,263,744,207,401,71,95,99,159,97,297,0,0,29,42,198,264,221,380,171,531,125,265,46,69,55,107,53,200,3538,2864,152,4,590,0,0,6,0
2021-02-21T23:59:59+01:00,0,0,49,62,284,378,294,587,258,736,202,397,70,93,98,157,95,295,0,0,29,41,197,262,220,377,171,522,125,264,46,69,55,107,53,198,3528,2842,149,4,540,0,0,5,0
2021-02-20T23:59:59+01:00,0,0,48,62,282,377,294,584,257,730,202,392,69,93,95,153,83,280,0,0,29,40,197,262,220,377,171,522,123,263,46,69,54,107,53,196,3492,2835,148,4,520,0,0,5,0
2021-02-19T23:59:59+01:00,0,0,47,62,279,372,288,561,246,704,200,380,66,90,91,145,78,272,0,0,29,39,197,262,219,376,171,521,123,263,46,69,53,106,52,194,3458,2826,147,4,431,0,0,4,0
2021-02-18T23:59:59+01:00,0,0,44,60,261,348,280,538,238,683,186,357,65,86,89,140,76,263,0,0,28,38,192,253,216,369,166,506,123,253,46,67,53,104,49,189,3430,2757,138,4,297,0,0,4,0
2021-02-17T23:59:59+01:00,0,0,44,58,254,342,278,523,231,670,183,337,63,83,85,137,73,251,0,0,26,37,188,247,209,355,162,490,120,242,42,65,53,102,48,186,3379,2674,136,3,242,0,0,4,0
2021-02-16T23:59:59+01:00,0,0,43,53,240,328,274,512,225,654,178,330,61,82,82,135,67,244,0,0,23,37,179,238,201,335,156,478,116,230,42,60,43,88,40,176,3342,2543,133,3,176,0,0,4,0
2021-02-15T23:59:59+01:00,0,0,42,53,235,325,267,500,222,649,174,324,59,82,77,131,66,243,0,0,22,36,171,231,196,327,150,467,112,223,39,57,43,82,36,167,3315,2459,132,3,145,0,0,4,0
2021-02-14T23:59:59+01:00,0,0,39,53,232,321,265,493,219,643,174,319,58,79,74,131,65,240,0,0,20,36,169,226,193,322,149,455,111,220,39,57,42,80,35,160,3304,2413,121,3,122,0,0,4,0
2021-02-13T23:59:59+01:00,0,0,38,53,232,321,263,493,219,642,174,319,58,79,73,131,65,239,0,0,20,36,168,225,190,322,148,453,110,217,38,57,41,79,32,156,3300,2392,121,1,120,0,0,4,0
2021-02-12T23:59:59+01:00,0,0,37,51,230,317,260,484,215,631,171,316,58,78,72,131,65,238,0,0,20,36,167,221,189,321,147,451,108,216,36,56,41,75,28,148,3292,2360,121,1,81,0,0,4,0
2021-02-11T23:59:59+01:00,0,0,36,50,222,295,253,467,208,607,159,305,57,77,71,129,65,232,0,0,20,33,151,200,182,291,138,406,103,197,32,55,37,65,26,134,3255,2161,98,1,18,0,0,4,0
2021-02-10T23:59:59+01:00,0,0,36,49,219,287,251,460,204,599,157,300,54,77,70,129,64,230,0,0,18,30,138,176,168,252,119,357,96,175,28,52,36,62,23,122,3223,1931,88,1,8,0,0,4,0
2021-02-09T23:59:59+01:00,0,0,34,48,218,284,249,450,199,591,153,297,54,77,70,127,64,230,0,0,18,28,119,150,152,232,106,315,91,150,23,47,35,49,20,110,3200,1714,73,1,4,0,0,4,0
2021-02-08T23:59:59+01:00,0,0,34,48,217,282,243,435,196,580,149,292,51,77,69,126,64,230,0,0,16,27,103,127,130,193,86,276,86,140,16,45,29,40,19,97,3161,1493,57,1,4,0,0,3,0
2021-02-07T23:59:59+01:00,0,0,34,47,214,281,241,434,195,577,148,292,51,77,68,126,64,230,0,0,15,21,98,117,122,182,81,256,82,130,15,44,27,33,18,89,3153,1390,54,1,0,0,0,2,0
2021-02-06T23:59:59+01:00,0,0,34,47,214,281,241,433,195,577,147,291,50,77,67,126,63,225,0,0,12,17,97,116,121,178,79,249,82,128,14,43,27,30,16,88,3149,1354,47,1,0,0,0,2,0
2021-02-05T23:59:59+01:00,0,0,33,46,214,281,241,432,194,576,145,290,50,77,67,126,62,215,0,0,10,14,88,108,117,173,78,245,81,120,13,42,27,26,14,85,3137,1295,38,0,0,0,0,2,0
2021-02-04T23:59:59+01:00,0,0,33,46,211,277,236,428,189,570,143,287,50,75,67,124,62,214,0,0,9,10,60,76,95,128,67,207,64,101,13,37,24,22,11,74,3099,1040,38,0,0,0,0,2,0
2021-02-03T23:59:59+01:00,0,0,33,45,211,276,235,416,187,564,142,284,50,74,66,122,62,214,0,0,6,5,44,57,74,105,52,158,55,73,10,17,18,15,6,58,3071,784,35,0,0,0,0,2,0
2021-02-02T23:59:59+01:00,0,0,32,45,210,273,231,410,186,558,139,283,49,74,64,119,60,211,0,0,4,3,28,40,58,75,41,102,44,51,8,14,12,9,2,41,3032,553,35,0,0,0,0,2,0
2021-02-01T23:59:59+01:00,0,0,31,43,208,273,226,403,183,553,136,276,49,73,62,118,60,211,0,0,4,1,22,22,32,44,27,63,27,28,6,9,8,5,2,23,2992,335,35,0,0,0,0,1,0
2021-01-31T23:59:59+01:00,0,0,31,43,207,272,224,398,181,545,135,276,49,73,61,118,60,209,0,0,4,1,20,17,23,36,21,51,21,24,6,6,7,5,2,19,2968,273,34,0,0,0,0,1,0
2021-01-30T23:59:59+01:00,0,0,31,43,207,272,224,397,180,545,135,276,49,73,60,118,60,206,0,0,4,1,19,16,21,36,19,47,20,23,6,5,7,4,2,18,2963,257,33,0,0,0,0,1,0
2021-01-29T23:59:59+01:00,0,0,31,43,207,270,223,396,179,544,133,274,49,73,59,117,59,205,0,0,4,0,16,10,15,29,16,41,16,21,5,4,6,4,2,17,2953,213,29,0,0,0,0,0,0
2021-01-28T23:59:59+01:00,0,0,31,42,198,267,222,391,178,535,131,270,49,73,58,116,57,204,0,0,4,0,5,3,8,16,9,23,9,9,2,2,4,1,0,16,2921,114,21,0,0,0,0,0,0
2021-01-27T23:59:59+01:00,0,0,30,41,195,260,218,381,176,522,128,261,46,71,58,114,56,202,0,0,1,0,3,3,7,14,8,19,8,9,2,2,3,1,0,13,2856,95,17,0,0,0,0,0,0
2021-01-26T23:59:59+01:00,0,0,27,41,192,248,212,368,172,504,125,254,45,66,52,107,49,193,0,0,1,0,2,3,7,14,8,19,8,9,2,2,3,1,0,10,2755,91,13,0,0,0,0,0,0
2021-01-25T23:59:59+01:00,0,0,27,40,183,245,209,358,169,495,122,244,43,64,51,104,43,190,0,0,1,0,1,3,5,12,7,16,8,9,2,2,2,0,0,8,2693,78,5,0,0,0,0,0,0
2021-01-24T23:59:59+01:00,0,0,26,39,181,242,207,357,168,493,122,243,43,64,49,100,42,189,0,0,1,0,1,3,4,12,7,16,8,9,2,2,2,0,0,8,2672,77,3,0,0,0,0,0,0
2021-01-23T23:59:59+01:00,0,0,26,39,181,242,205,357,168,492,122,243,43,64,49,99,41,187,0,0,1,0,1,3,4,11,7,15,7,9,2,2,2,0,0,8,2665,74,3,0,0,0,0,0,0
2021-01-22T23:59:59+01:00,0,0,25,38,180,238,204,357,168,491,121,243,43,64,49,99,38,181,0,0,1,0,1,3,4,11,7,15,7,9,2,2,2,0,0,8,2646,74,3,0,0,0,0,0,0
2021-01-21T23:59:59+01:00,0,0,21,36,170,226,198,341,164,470,119,230,42,64,45,91,37,178,0,0,1,0,1,3,1,6,6,10,5,5,2,2,2,0,0,7,2533,53,3,0,0,0,0,0,0
2021-01-20T23:59:59+01:00,0,0,20,34,153,200,182,298,136,414,109,209,37,60,43,86,32,161,0,0,1,0,1,3,1,6,6,9,5,4,2,2,2,0,0,7,2264,51,2,0,0,0,0,0,0
2021-01-19T23:59:59+01:00,0,0,20,31,127,172,165,266,127,371,105,188,27,54,35,71,29,146,0,0,1,0,1,3,1,5,4,7,3,3,1,0,2,0,0,4,2012,36,2,0,0,0,0,0,0
2021-01-18T23:59:59+01:00,0,0,17,31,113,151,142,226,110,323,98,164,24,51,32,58,26,126,0,0,1,0,1,1,0,2,3,5,2,3,0,0,1,0,0,4,1765,24,2,0,0,0,0,0,0
2021-01-17T23:59:59+01:00,0,0,16,22,108,137,134,212,101,298,94,153,23,46,31,52,25,113,0,0,1,0,0,0,0,1,1,4,2,2,0,0,1,0,0,1,1630,13,2,0,0,0,0,0,0
2021-01-16T23:59:59+01:00,0,0,14,19,105,135,132,207,98,288,93,146,20,45,30,46,20,109,0,0,0,0,0,0,0,0,0,0,0,0,0,0,0,0,0,0,1571,0,0,0,0,0,0,0,0
2021-01-15T23:59:59+01:00,0,0,11,16,99,126,128,201,96,279,93,136,19,44,30,41,19,106,0,0,0,0,0,0,0,0,0,0,0,0,0,0,0,0,0,0,1504,0,0,0,0,0,0,0,0
2021-01-14T23:59:59+01:00,0,0,9,12,75,94,110,165,80,235,81,121,15,39,27,33,17,91,0,0,0,0,0,0,0,0,0,0,0,0,0,0,0,0,0,0,1252,0,0,0,0,0,0,0,0
2021-01-13T23:59:59+01:00,0,0,7,11,61,83,97,136,74,190,76,96,15,25,21,24,15,71,0,0,0,0,0,0,0,0,0,0,0,0,0,0,0,0,0,0,1043,0,0,0,0,0,0,0,0
2021-01-12T23:59:59+01:00,0,0,5,7,49,66,79,106,67,135,63,74,11,19,16,20,7,55,0,0,0,0,0,0,0,0,0,0,0,0,0,0,0,0,0,0,814,0,0,0,0,0,0,0,0
2021-01-11T23:59:59+01:00,0,0,4,5,43,50,67,81,53,107,48,55,10,14,8,11,4,29,0,0,0,0,0,0,0,0,0,0,0,0,0,0,0,0,0,0,614,0,0,0,0,0,0,0,0
2021-01-10T23:59:59+01:00,0,0,4,5,39,39,50,67,39,86,40,47,9,9,7,10,4,23,0,0,0,0,0,0,0,0,0,0,0,0,0,0,0,0,0,0,494,0,0,0,0,0,0,0,0
2021-01-09T23:59:59+01:00,0,0,4,4,36,38,45,64,36,78,37,43,9,9,7,8,4,22,0,0,0,0,0,0,0,0,0,0,0,0,0,0,0,0,0,0,458,0,0,0,0,0,0,0,0
2021-01-08T23:59:59+01:00,0,0,4,4,29,29,38,56,27,65,31,38,6,6,5,7,3,20,0,0,0,0,0,0,0,0,0,0,0,0,0,0,0,0,0,0,379,0,0,0,0,0,0,0,0
2021-01-07T23:59:59+01:00,0,0,4,1,11,3,11,18,11,29,8,18,5,3,4,2,1,18,0,0,0,0,0,0,0,0,0,0,0,0,0,0,0,0,0,0,150,0,0,0,0,0,0,0,0
2021-01-06T23:59:59+01:00,0,0,4,0,4,3,6,15,8,23,7,10,3,3,3,2,1,16,0,0,0,0,0,0,0,0,0,0,0,0,0,0,0,0,0,0,111,0,0,0,0,0,0,0,0
2021-01-05T23:59:59+01:00,0,0,2,0,2,3,6,14,8,21,7,9,3,2,3,2,0,15,0,0,0,0,0,0,0,0,0,0,0,0,0,0,0,0,0,0,100,0,0,0,0,0,0,0,0
2021-01-04T23:59:59+01:00,0,0,1,0,2,3,6,13,7,17,7,9,2,2,2,1,0,10,0,0,0,0,0,0,0,0,0,0,0,0,0,0,0,0,0,0,84,0,0,0,0,0,0,0,0
2021-01-03T23:59:59+01:00,0,0,1,0,1,3,5,13,7,17,7,9,2,2,2,1,0,10,0,0,0,0,0,0,0,0,0,0,0,0,0,0,0,0,0,0,82,0,0,0,0,0,0,0,0
2021-01-02T23:59:59+01:00,0,0,1,0,1,3,5,13,6,17,6,9,2,2,2,1,0,10,0,0,0,0,0,0,0,0,0,0,0,0,0,0,0,0,0,0,80,0,0,0,0,0,0,0,0
2021-01-01T23:59:59+01:00,0,0,1,0,1,3,5,13,6,17,6,9,2,2,2,1,0,10,0,0,0,0,0,0,0,0,0,0,0,0,0,0,0,0,0,0,80,0,0,0,0,0,0,0,0
2020-12-31T23:59:59+01:00,0,0,1,0,1,3,5,12,6,17,6,9,2,2,2,1,0,10,0,0,0,0,0,0,0,0,0,0,0,0,0,0,0,0,0,0,79,0,0,0,0,0,0,0,0
2020-12-30T23:59:59+01:00,0,0,1,0,1,3,5,12,6,16,6,9,2,2,2,1,0,10,0,0,0,0,0,0,0,0,0,0,0,0,0,0,0,0,0,0,78,0,0,0,0,0,0,0,0
2020-12-29T23:59:59+01:00,0,0,1,0,1,3,4,8,4,13,4,7,1,1,2,0,0,8,0,0,0,0,0,0,0,0,0,0,0,0,0,0,0,0,0,0,58,0,0,0,0,0,0,0,0
2020-12-28T23:59:59+01:00,0,0,1,0,1,1,1,1,2,6,3,4,1,0,2,0,0,4,0,0,0,0,0,0,0,0,0,0,0,0,0,0,0,0,0,0,28,0,0,0,0,0,0,0,0
2020-12-27T23:59:59+01:00,0,0,1,0,0,0,0,1,1,6,1,2,0,0,1,0,0,2,0,0,0,0,0,0,0,0,0,0,0,0,0,0,0,0,0,0,15,0,0,0,0,0,0,0,0
