Datum,<24_1_m,<24_1_w,25-34_1_m,25-34_1_w,35-44_1_m,35-44_1_w,45-54_1_m,45-54_1_w,55-64_1_m,55-64_1_w,65-74_1_m,65-74_1_w,75-84_1_m,75-84_1_w,>84_1_m,>84_1_w,<24_2_m,<24_2_w,25-34_2_m,25-34_2_w,35-44_2_m,35-44_2_w,45-54_2_m,45-54_2_w,55-64_2_m,55-64_2_w,65-74_2_m,65-74_2_w,75-84_2_m,75-84_2_w,>84_2_m,>84_2_w,bp_1,bp_2,mo_1,mo_2,az_1,az_2,ja
2021-05-09T23:59:59+02:00,322,479,1023,1177,1251,1770,1345,2794,1609,2500,1242,1623,1687,2056,1276,2909,89,132,383,446,389,709,372,907,391,624,409,467,994,1225,770,1919,16724,9068,1755,780,6661,346,109
2021-05-08T23:59:59+02:00,315,477,1017,1158,1228,1759,1333,2778,1590,2487,1236,1619,1686,2056,1275,2909,89,132,382,446,389,708,371,901,391,620,408,466,990,1219,770,1919,16589,9057,1752,774,6659,338,109
2021-05-07T23:59:59+02:00,307,470,1001,1136,1187,1741,1278,2731,1554,2447,1231,1612,1685,2051,1275,2906,86,129,370,433,381,683,360,873,378,596,402,446,981,1209,770,1918,16374,9014,1727,755,6616,242,81
2021-05-06T23:59:59+02:00,295,459,947,1097,1105,1689,1171,2625,1461,2378,1210,1586,1684,2043,1275,2904,84,128,358,423,374,667,348,858,363,581,396,437,972,1199,770,1916,15968,8975,1615,742,6475,177,57
2021-05-05T23:59:59+02:00,284,452,919,1079,1071,1658,1109,2571,1406,2320,1197,1563,1679,2033,1275,2901,84,123,355,417,370,661,346,851,357,570,384,424,959,1187,770,1916,15625,8926,1589,726,6436,146,53
2021-05-04T23:59:59+02:00,277,445,895,1065,1038,1639,1067,2529,1366,2273,1185,1537,1675,2027,1275,2900,83,121,349,407,368,657,339,837,352,554,376,410,951,1168,770,1916,15369,8867,1555,706,6405,113,49
2021-05-03T23:59:59+02:00,277,438,873,1049,1008,1628,1039,2498,1337,2239,1174,1511,1670,2023,1274,2899,82,118,343,404,363,648,338,833,345,546,366,399,942,1157,769,1914,15175,8810,1537,700,6368,93,41
2021-05-02T23:59:59+02:00,274,436,857,1039,989,1617,1021,2486,1329,2217,1167,1503,1669,2022,1274,2898,80,118,338,401,362,645,336,827,343,541,358,392,928,1149,769,1914,15087,8784,1524,684,6344,83,27
2021-05-01T23:59:59+02:00,271,433,851,1032,980,1609,1011,2474,1319,2203,1163,1497,1668,2020,1274,2898,80,118,338,400,361,645,336,824,342,540,357,392,928,1149,769,1914,14992,8777,1524,684,6344,82,27
2021-04-30T23:59:59+02:00,267,426,843,1018,960,1593,978,2409,1279,2161,1155,1483,1665,2018,1274,2895,79,116,337,398,358,637,335,799,338,535,353,387,927,1144,769,1913,14743,8766,1521,675,6342,59,2
2021-04-29T23:59:59+02:00,255,419,811,997,929,1562,937,2358,1204,2097,1125,1451,1663,2013,1274,2895,79,115,333,396,354,633,331,787,333,526,345,378,919,1137,769,1911,14387,8726,1491,656,6294,39,2
2021-04-28T23:59:59+02:00,244,416,799,986,902,1550,905,2323,1151,2036,1104,1411,1658,2012,1274,2895,75,115,327,391,349,626,330,780,331,517,332,366,910,1127,769,1911,14136,8673,1456,632,6256,26,2
2021-04-27T23:59:59+02:00,241,408,789,975,889,1541,885,2305,1131,2012,1084,1380,1653,2009,1274,2894,74,112,325,388,348,623,328,775,326,511,328,358,902,1115,769,1910,13987,8635,1435,611,6230,21,2
2021-04-26T23:59:59+02:00,239,403,782,968,879,1535,864,2285,1089,1972,1071,1360,1646,2006,1273,2893,74,112,323,386,347,622,326,773,324,507,322,348,898,1108,769,1910,13842,8609,1424,596,6181,19,2
2021-04-25T23:59:59+02:00,239,401,775,961,866,1526,852,2272,1061,1944,1057,1342,1643,2000,1273,2892,74,112,323,382,345,621,326,771,323,507,320,345,896,1101,769,1909,13740,8602,1403,585,6142,12,2
2021-04-24T23:59:59+02:00,234,398,768,958,854,1516,842,2256,1039,1930,1051,1322,1641,1998,1273,2892,74,112,323,382,345,621,325,771,323,504,319,344,896,1100,769,1909,13620,8599,1403,581,6130,12,2
2021-04-23T23:59:59+02:00,231,392,759,949,850,1510,825,2243,980,1893,1042,1302,1638,1993,1273,2889,74,112,323,382,345,620,324,769,322,503,313,337,894,1096,769,1909,13508,8585,1393,570,6047,12,2
2021-04-22T23:59:59+02:00,230,385,739,931,835,1492,794,2203,943,1847,1020,1265,1631,1983,1273,2886,74,109,321,380,343,614,321,764,321,499,310,332,887,1087,768,1908,13297,8546,1348,562,5990,5,2
2021-04-21T23:59:59+02:00,224,381,724,918,816,1480,766,2172,898,1806,995,1219,1627,1971,1273,2885,72,107,319,379,342,611,320,760,318,493,309,328,880,1072,766,1904,13062,8504,1327,545,5944,5,2
2021-04-20T23:59:59+02:00,221,377,712,901,804,1462,746,2124,872,1765,964,1161,1615,1958,1272,2884,72,107,318,379,339,609,318,756,318,489,307,321,871,1052,765,1904,12853,8461,1265,533,5896,5,2
2021-04-19T23:59:59+02:00,219,369,702,891,791,1447,736,2100,853,1737,943,1128,1611,1955,1272,2882,72,106,316,376,336,604,317,750,316,481,307,317,858,1036,764,1898,12715,8411,1253,514,5844,3,2
2021-04-18T23:59:59+02:00,218,367,694,888,776,1438,723,2088,837,1721,923,1098,1609,1951,1271,2881,71,104,315,375,336,604,316,747,316,480,306,312,852,1033,763,1898,12627,8394,1236,505,5796,3,2
2021-04-17T23:59:59+02:00,217,363,688,885,772,1438,719,2082,834,1714,911,1081,1607,1947,1271,2881,70,101,314,373,336,604,315,743,316,477,305,308,848,1026,763,1898,12570,8365,1236,503,5780,3,2
2021-04-16T23:59:59+02:00,217,360,683,883,759,1424,712,2065,803,1675,880,1032,1601,1938,1270,2879,66,99,311,367,335,602,311,735,311,462,293,288,845,1016,759,1893,12408,8300,1223,464,5726,3,2
2021-04-15T23:59:59+02:00,215,357,668,866,747,1412,691,2027,765,1636,854,995,1592,1919,1269,2874,65,99,308,361,330,601,305,731,304,459,287,281,826,996,757,1886,12223,8229,1212,438,5626,3,2
2021-04-14T23:59:59+02:00,212,351,660,860,739,1400,684,1997,752,1613,821,961,1568,1880,1266,2870,62,94,305,359,327,597,303,726,297,450,281,271,808,980,756,1880,12042,8156,1196,411,5568,3,2
2021-04-13T23:59:59+02:00,209,346,653,856,730,1391,676,1977,726,1587,789,912,1551,1853,1264,2866,60,93,302,355,319,592,299,720,292,444,277,266,797,970,751,1877,11915,8099,1155,387,5488,2,2
2021-04-12T23:59:59+02:00,208,345,650,853,722,1380,661,1961,712,1571,761,880,1541,1841,1264,2862,59,89,293,349,315,586,294,715,287,440,268,258,791,961,751,1871,11833,8036,1138,361,5412,2,2
2021-04-11T23:59:59+02:00,204,344,644,849,716,1376,654,1949,702,1557,743,858,1534,1824,1264,2859,57,87,288,347,314,584,292,714,285,433,264,253,783,957,750,1870,11793,7999,1121,348,5334,2,2
2021-04-10T23:59:59+02:00,204,344,644,848,714,1374,650,1942,697,1552,737,842,1529,1815,1264,2859,52,79,264,335,301,572,281,702,269,425,255,245,778,945,748,1868,11756,7849,1114,339,5315,2,2
2021-04-09T23:59:59+02:00,204,340,642,846,706,1348,641,1862,682,1473,711,791,1510,1796,1264,2854,43,74,251,322,283,558,265,690,257,413,244,240,758,922,745,1864,11654,7669,1094,329,5092,2,2
2021-04-08T23:59:59+02:00,203,336,638,842,700,1341,631,1843,665,1454,673,739,1484,1778,1263,2852,41,71,242,306,269,551,249,675,240,398,232,222,744,905,740,1847,11557,7489,1059,310,4996,2,2
2021-04-07T23:59:59+02:00,197,333,632,835,693,1330,618,1819,654,1426,639,699,1459,1738,1260,2846,39,67,225,292,260,544,243,664,231,384,217,212,716,883,737,1834,11431,7320,1030,295,4887,2,2
2021-04-06T23:59:59+02:00,194,333,626,832,682,1316,602,1795,632,1405,619,663,1441,1709,1259,2845,38,66,224,290,257,542,234,661,226,379,213,207,701,860,735,1826,11359,7249,1008,278,4756,2,1
2021-04-05T23:59:59+02:00,194,333,626,825,676,1308,596,1779,625,1393,599,640,1431,1687,1259,2843,38,66,223,287,255,537,230,655,225,377,213,201,682,839,735,1821,11332,7190,995,261,4654,2,1
2021-04-04T23:59:59+02:00,194,331,626,820,672,1299,591,1761,621,1376,590,628,1430,1685,1259,2842,38,66,222,287,255,537,230,655,224,377,212,201,672,825,735,1818,11322,7160,994,261,4576,2,1
2021-04-03T23:59:59+02:00,194,331,626,820,671,1297,591,1758,616,1374,578,622,1429,1678,1258,2841,38,66,222,287,255,537,230,655,224,376,212,201,672,822,735,1816,11294,7154,994,261,4563,2,1
2021-04-02T23:59:59+02:00,194,331,626,818,670,1294,588,1751,611,1366,570,613,1421,1668,1257,2840,38,66,221,286,254,535,229,649,220,371,208,199,658,799,732,1803,11251,7080,988,255,4545,2,1
2021-04-01T23:59:59+02:00,190,325,623,811,660,1281,583,1731,598,1347,551,589,1401,1640,1256,2828,37,65,213,283,253,531,226,641,216,366,200,197,638,772,725,1779,11169,6962,950,247,4459,2,1
2021-03-31T23:59:59+02:00,187,323,617,804,652,1266,575,1686,590,1311,540,578,1382,1597,1250,2821,37,65,211,282,252,529,225,635,210,364,194,193,611,738,721,1753,11102,6849,911,238,4329,2,1
2021-03-30T23:59:59+02:00,185,317,612,797,649,1238,570,1651,580,1274,530,563,1356,1558,1247,2814,37,63,209,280,250,527,222,630,208,357,189,189,599,716,710,1738,11020,6762,883,228,4199,2,1
2021-03-29T23:59:59+02:00,183,312,606,782,645,1228,562,1623,572,1236,517,545,1327,1518,1240,2800,37,63,208,279,249,525,222,624,205,349,186,186,585,700,706,1728,10895,6698,857,220,4105,2,1
2021-03-28T23:59:59+02:00,175,296,600,774,641,1221,558,1605,570,1220,512,528,1303,1492,1237,2793,37,62,205,279,245,519,220,620,205,347,184,185,577,693,705,1724,10846,6658,825,215,4015,2,1
2021-03-27T23:59:59+01:00,174,294,597,770,638,1216,554,1596,568,1212,508,520,1299,1485,1237,2792,37,61,205,279,245,519,220,614,203,343,181,183,571,684,698,1714,10813,6615,821,208,3986,2,1
2021-03-26T23:59:59+01:00,172,292,590,760,634,1206,546,1577,563,1192,498,507,1291,1469,1229,2787,37,61,205,279,245,517,220,614,196,332,179,178,550,660,689,1697,10744,6517,801,208,3926,2,1
2021-03-25T23:59:59+01:00,170,291,581,749,622,1187,530,1543,554,1158,487,492,1266,1448,1224,2780,37,61,201,273,245,517,215,611,194,329,172,177,526,636,669,1663,10670,6396,779,196,3790,2,1
2021-03-24T23:59:59+01:00,167,280,574,738,617,1172,526,1514,547,1126,479,479,1245,1418,1218,2771,36,61,201,272,245,516,215,610,190,326,169,171,504,619,656,1619,10596,6289,752,188,3681,2,0
2021-03-23T23:59:59+01:00,165,278,568,729,603,1161,520,1494,536,1093,471,464,1225,1401,1209,2764,35,60,200,270,242,515,211,605,187,321,164,168,485,608,632,1578,10538,6165,734,182,3566,2,0
2021-03-22T23:59:59+01:00,159,271,550,715,590,1142,511,1470,525,1069,468,454,1214,1385,1206,2756,35,59,200,268,241,514,210,599,187,318,162,163,472,590,595,1539,10492,6038,712,179,3437,2,0
2021-03-21T23:59:59+01:00,157,270,546,708,587,1137,508,1445,517,1037,462,447,1198,1380,1203,2749,35,59,200,267,240,513,209,598,186,316,161,161,467,588,589,1535,10469,6015,699,174,3336,2,0
2021-03-20T23:59:59+01:00,156,270,543,706,586,1136,505,1443,517,1033,457,440,1186,1365,1198,2744,35,59,200,267,239,513,209,596,186,311,158,160,463,582,584,1526,10434,5982,695,171,3308,2,0
2021-03-19T23:59:59+01:00,148,259,537,695,580,1128,504,1430,504,1015,439,408,1155,1336,1190,2738,35,59,200,266,238,513,208,589,184,307,158,157,454,559,576,1501,10336,5903,649,166,3231,2,0
2021-03-18T23:59:59+01:00,145,256,522,689,558,1095,490,1383,483,972,419,391,1130,1308,1182,2718,35,59,197,264,237,504,208,583,182,305,156,155,441,548,569,1475,10222,5827,613,155,3054,2,0
2021-03-17T23:59:59+01:00,139,249,513,678,548,1091,484,1371,472,957,404,376,1106,1287,1176,2705,35,58,197,264,236,501,208,583,182,304,156,153,433,542,555,1451,10108,5767,584,153,3011,2,0
2021-03-16T23:59:59+01:00,133,245,503,666,535,1078,472,1335,460,930,396,359,1076,1247,1172,2692,35,57,197,263,236,495,208,582,180,304,153,153,428,529,543,1425,10001,5699,552,151,2890,2,0
2021-03-15T23:59:59+01:00,131,239,490,652,525,1052,462,1299,451,897,384,345,1056,1218,1166,2681,34,57,197,260,235,492,208,581,178,304,151,150,419,522,536,1401,9893,5639,512,148,2784,2,0
2021-03-14T23:59:59+01:00,126,225,478,635,517,1029,456,1252,442,859,371,337,1036,1201,1162,2670,34,57,197,258,233,491,207,577,177,299,150,147,417,518,532,1396,9819,5621,489,131,2627,2,0
2021-03-13T23:59:59+01:00,121,211,452,617,492,1005,435,1230,419,843,355,330,1023,1187,1161,2666,34,57,196,258,233,491,207,577,176,298,149,147,412,510,515,1378,9636,5570,481,130,2562,2,0
2021-03-12T23:59:59+01:00,111,200,428,593,471,975,417,1199,397,810,337,316,986,1149,1152,2645,34,57,196,258,233,490,207,577,176,298,146,145,405,500,506,1368,9393,5525,470,130,2454,2,0
2021-03-11T23:59:59+01:00,103,188,398,558,437,935,386,1132,374,751,320,287,945,1104,1128,2611,34,57,195,255,227,486,204,572,174,294,144,144,396,490,494,1348,9114,5476,442,97,2226,2,0
2021-03-10T23:59:59+01:00,98,180,381,538,421,915,372,1096,356,714,304,273,901,1065,1117,2569,34,57,192,252,225,479,202,567,174,291,142,142,383,484,485,1325,8899,5407,423,86,2102,2,0
2021-03-09T23:59:59+01:00,97,175,368,518,402,885,358,1052,345,680,295,263,869,1041,1096,2550,34,57,191,248,224,473,200,564,171,289,142,141,375,478,480,1310,8766,5362,407,74,1937,2,0
2021-03-08T23:59:59+01:00,94,169,355,505,386,864,349,1006,339,643,285,255,843,1009,1085,2537,34,57,191,246,220,467,196,557,167,287,140,141,369,475,475,1302,8656,5327,385,57,1797,1,0
2021-03-07T23:59:59+01:00,91,162,352,497,377,846,339,993,338,638,282,252,835,997,1081,2530,34,57,191,245,220,465,195,556,167,287,140,141,365,472,471,1300,8603,5311,367,55,1752,0,0
2021-03-06T23:59:59+01:00,91,157,347,494,370,823,335,944,329,608,281,250,828,987,1076,2524,34,57,191,245,219,464,195,555,167,287,140,141,364,472,470,1294,8567,5306,367,49,1622,0,0
2021-03-05T23:59:59+01:00,89,152,343,489,368,818,333,930,318,585,276,239,798,953,1064,2498,34,57,190,244,218,463,194,554,166,285,139,140,361,471,467,1283,8439,5290,351,36,1570,0,0
2021-03-04T23:59:59+01:00,89,143,330,456,358,787,317,883,308,564,265,237,763,912,1030,2458,34,57,188,239,217,456,192,544,163,283,138,139,360,469,465,1280,8267,5248,332,35,1407,0,0
2021-03-03T23:59:59+01:00,86,138,321,444,354,774,312,866,299,544,259,228,732,886,1006,2398,34,56,188,239,216,453,190,535,163,277,138,136,359,466,462,1277,8118,5218,317,30,1314,0,0
2021-03-02T23:59:59+01:00,82,135,313,434,344,760,304,848,293,519,249,224,709,865,960,2337,33,56,188,239,216,445,186,530,161,275,137,136,358,461,462,1269,7932,5180,302,30,1241,0,0
2021-03-01T23:59:59+01:00,80,132,309,422,337,745,297,821,287,491,248,218,690,839,903,2263,33,55,187,238,213,437,185,523,160,271,137,136,357,457,458,1264,7745,5138,288,30,1146,0,0
2021-02-28T23:59:59+01:00,80,130,304,415,334,734,297,797,282,471,244,213,685,835,896,2256,33,55,185,237,213,437,185,523,160,271,136,136,357,454,458,1263,7715,5130,279,30,1075,0,0
2021-02-27T23:59:59+01:00,77,121,300,406,330,733,293,784,279,461,240,211,678,823,886,2239,33,55,185,236,213,436,184,522,159,270,136,136,357,454,458,1263,7662,5129,270,25,1023,0,0
2021-02-26T23:59:59+01:00,75,116,294,387,303,701,275,758,270,441,238,209,661,799,876,2208,33,55,185,235,213,434,183,520,157,268,136,136,357,454,458,1261,7573,5116,268,25,862,0,0
2021-02-25T23:59:59+01:00,68,103,282,371,297,670,267,732,259,420,230,206,650,782,860,2180,33,55,184,233,210,431,179,512,153,267,135,133,349,449,454,1257,7478,5073,257,17,733,0,0
2021-02-24T23:59:59+01:00,63,97,277,361,292,656,264,722,255,411,227,206,634,771,837,2147,32,55,183,231,207,418,178,504,151,262,134,131,345,448,453,1250,7386,5024,250,12,673,0,0
2021-02-23T23:59:59+01:00,58,87,268,352,282,636,258,707,250,403,223,204,623,755,821,2108,31,55,182,228,205,413,176,499,149,258,134,129,342,442,451,1242,7291,4981,241,9,591,0,0
2021-02-22T23:59:59+01:00,54,84,263,338,280,628,256,696,247,401,216,200,609,743,807,2081,31,53,178,225,199,399,170,490,144,255,132,128,336,439,448,1235,7208,4912,231,3,551,0,0
2021-02-21T23:59:59+01:00,50,82,262,332,278,618,251,687,242,398,215,199,605,739,802,2076,31,52,177,223,199,397,169,480,144,253,132,128,332,439,446,1227,7191,4878,226,3,505,0,0
2021-02-20T23:59:59+01:00,49,82,260,331,278,614,250,680,239,393,214,199,595,729,783,2055,31,52,177,223,199,397,169,480,143,252,132,128,331,439,445,1226,7132,4873,220,3,485,0,0
2021-02-19T23:59:59+01:00,48,82,254,326,273,587,243,660,235,382,211,195,584,717,768,2042,31,51,177,223,198,396,169,479,142,252,132,127,326,438,441,1219,7076,4850,214,3,399,0,0
2021-02-18T23:59:59+01:00,46,76,236,310,265,566,234,642,221,356,208,189,577,709,754,2026,31,50,175,217,197,387,165,465,141,245,130,123,313,430,427,1181,7024,4725,197,3,274,0,0
2021-02-17T23:59:59+01:00,46,74,231,305,263,552,229,629,219,339,204,186,562,703,740,1998,29,48,172,212,190,373,160,450,137,236,125,119,307,420,415,1161,6935,4599,192,3,231,0,0
2021-02-16T23:59:59+01:00,43,68,223,294,260,539,224,616,213,334,200,186,551,697,728,1980,27,48,163,203,181,354,156,437,133,225,124,114,287,396,398,1127,6872,4418,190,3,170,0,0
2021-02-15T23:59:59+01:00,42,67,217,291,252,527,222,610,210,326,199,185,541,693,724,1967,27,46,158,198,177,348,152,429,129,220,112,110,272,382,379,1081,6830,4265,184,3,135,0,0
2021-02-14T23:59:59+01:00,40,67,214,288,249,520,220,607,210,323,199,181,535,691,720,1956,26,45,157,196,173,343,152,416,128,218,112,107,265,376,370,1060,6814,4188,163,3,117,0,0
2021-02-13T23:59:59+01:00,39,67,214,288,248,520,220,606,210,323,199,181,534,690,720,1956,26,45,155,195,170,343,151,413,126,216,112,107,263,374,366,1055,6810,4163,163,1,116,0,0
2021-02-12T23:59:59+01:00,38,65,212,284,245,509,216,596,207,318,198,179,529,689,718,1950,26,44,153,193,169,342,148,411,126,214,111,104,262,364,348,1019,6787,4080,163,1,76,0,0
2021-02-11T23:59:59+01:00,37,63,204,266,238,491,207,572,196,304,196,178,523,676,703,1929,25,42,137,176,162,308,138,368,122,196,102,94,237,336,316,930,6725,3731,114,1,16,0,0
2021-02-10T23:59:59+01:00,37,63,199,261,236,485,205,564,193,299,194,178,519,673,698,1921,23,41,126,156,151,270,122,324,113,173,91,89,218,315,284,863,6685,3394,105,1,7,0,0
2021-02-09T23:59:59+01:00,36,61,197,258,235,472,201,559,189,297,192,174,518,667,695,1913,23,39,110,130,137,248,109,281,103,150,77,81,196,268,256,781,6645,3020,87,1,3,0,0
2021-02-08T23:59:59+01:00,36,61,196,254,228,457,199,548,186,292,189,174,512,664,692,1910,21,37,92,112,117,199,94,249,93,138,67,77,172,233,224,700,6594,2651,70,1,3,0,0
2021-02-07T23:59:59+01:00,36,60,193,252,228,455,199,546,186,292,189,174,511,661,692,1909,20,32,88,105,110,186,88,233,90,128,62,74,165,221,217,672,6583,2514,67,1,0,0,0
2021-02-06T23:59:59+01:00,36,60,193,252,228,454,199,545,185,292,189,174,511,661,691,1903,15,25,88,104,109,180,86,229,90,124,61,74,165,217,212,662,6580,2463,60,1,0,0,0
2021-02-05T23:59:59+01:00,36,60,193,252,228,453,198,543,183,291,189,174,511,661,685,1884,12,20,81,98,106,175,84,227,85,113,59,73,160,214,200,650,6566,2378,40,0,0,0,0
2021-02-04T23:59:59+01:00,35,60,193,250,223,449,194,537,181,288,189,171,509,656,682,1877,9,11,55,70,82,132,73,194,63,93,54,66,142,189,174,579,6519,2003,40,0,0,0,0
2021-02-03T23:59:59+01:00,35,57,193,248,222,437,190,531,181,285,189,169,503,655,677,1866,6,6,39,54,66,108,56,150,48,71,40,42,113,133,136,428,6468,1508,35,0,0,0,0
2021-02-02T23:59:59+01:00,34,57,192,245,219,431,188,526,179,282,187,168,497,649,672,1853,4,5,26,36,50,76,43,95,37,54,32,27,82,98,95,279,6408,1049,35,0,0,0,0
2021-02-01T23:59:59+01:00,33,54,190,245,215,426,185,520,175,274,187,165,492,646,669,1845,2,2,20,19,25,40,26,62,22,32,19,18,52,70,53,171,6350,640,35,0,0,0,0
2021-01-31T23:59:59+01:00,33,54,190,243,213,422,183,511,174,272,186,165,487,643,667,1836,2,2,18,14,16,35,18,48,15,27,18,14,42,62,52,150,6308,538,34,0,0,0,0
2021-01-30T23:59:59+01:00,33,54,190,243,213,422,182,511,174,272,186,165,486,643,667,1834,2,2,17,13,14,35,16,44,13,26,18,13,42,60,50,146,6305,515,33,0,0,0,0
2021-01-29T23:59:59+01:00,33,54,190,240,211,421,182,510,173,270,186,165,481,641,661,1830,2,0,15,9,8,29,16,39,10,22,18,13,40,59,50,143,6282,476,29,0,0,0,0
2021-01-28T23:59:59+01:00,33,53,186,238,211,414,181,502,171,267,185,164,469,637,651,1818,2,0,2,3,3,18,10,19,5,11,15,9,26,38,33,105,6221,299,21,0,0,0,0
2021-01-27T23:59:59+01:00,32,51,182,233,206,406,178,491,168,258,178,160,459,626,636,1795,0,0,1,3,3,15,9,18,4,11,14,8,21,32,27,81,6098,247,18,0,0,0,0
2021-01-26T23:59:59+01:00,29,51,178,221,199,392,175,473,165,251,177,156,444,611,618,1763,0,0,1,3,3,15,9,18,4,11,14,7,19,26,27,72,5946,229,14,0,0,0,0
2021-01-25T23:59:59+01:00,29,50,172,219,196,383,172,462,160,244,169,153,428,601,604,1734,0,0,1,3,2,13,8,15,4,10,14,6,15,25,23,67,5828,206,4,0,0,0,0
2021-01-24T23:59:59+01:00,28,49,171,216,194,382,171,460,160,244,169,153,425,598,603,1731,0,0,1,3,2,13,8,15,4,10,14,6,15,25,22,66,5806,204,3,0,0,0,0
2021-01-23T23:59:59+01:00,28,49,171,216,192,382,171,460,160,244,169,153,425,598,598,1726,0,0,1,3,2,13,8,15,4,10,14,6,15,25,22,66,5794,204,3,0,0,0,0
2021-01-22T23:59:59+01:00,28,48,169,212,191,382,171,459,160,244,169,152,424,596,583,1699,0,0,1,3,2,13,8,15,4,10,14,6,15,25,22,66,5739,204,3,0,0,0,0
2021-01-21T23:59:59+01:00,28,47,160,204,185,364,165,439,159,232,161,148,403,574,562,1673,0,0,1,3,0,7,7,11,3,5,13,6,13,19,20,53,5554,161,3,0,0,0,0
2021-01-20T23:59:59+01:00,27,46,145,181,172,321,141,388,147,210,150,137,373,541,516,1540,0,0,1,3,0,7,7,11,3,4,13,5,13,18,16,51,5079,152,3,0,0,0,0
2021-01-19T23:59:59+01:00,25,45,125,151,154,289,131,346,135,190,123,118,323,474,462,1367,0,0,1,3,0,6,5,7,1,3,7,2,6,14,9,34,4495,98,2,0,0,0,0
2021-01-18T23:59:59+01:00,22,41,106,139,130,240,119,301,118,164,99,108,269,396,376,1144,0,0,1,1,0,3,4,5,0,3,0,1,1,4,5,19,3807,47,2,0,0,0,0
2021-01-17T23:59:59+01:00,21,30,102,126,121,224,112,274,112,155,92,97,257,371,344,1084,0,0,0,0,0,1,2,4,0,1,0,1,1,2,1,4,3551,17,2,0,0,0,0
2021-01-16T23:59:59+01:00,17,24,99,124,119,217,109,265,109,148,91,97,255,363,335,1066,0,0,0,0,0,0,0,0,0,0,0,0,0,0,0,1,3468,1,0,0,0,0,0
2021-01-15T23:59:59+01:00,13,22,95,116,117,209,106,259,108,135,87,95,250,354,318,1042,0,0,0,0,0,0,0,0,0,0,0,0,0,0,0,1,3354,1,0,0,0,0,0
2021-01-14T23:59:59+01:00,10,13,69,86,99,170,89,219,90,117,75,82,216,319,277,898,0,0,0,0,0,0,0,0,0,0,0,0,0,0,0,0,2851,0,0,0,0,0,0
2021-01-13T23:59:59+01:00,7,10,58,76,90,143,79,180,79,95,59,59,169,215,235,699,0,0,0,0,0,0,0,0,0,0,0,0,0,0,0,0,2271,0,0,0,0,0,0
2021-01-12T23:59:59+01:00,6,10,49,58,73,110,68,130,64,74,44,40,125,159,170,482,0,0,0,0,0,0,0,0,0,0,0,0,0,0,0,0,1677,0,0,0,0,0,0
2021-01-11T23:59:59+01:00,3,8,44,45,61,81,52,103,49,56,28,24,70,110,93,269,0,0,0,0,0,0,0,0,0,0,0,0,0,0,0,0,1107,0,0,0,0,0,0
2021-01-10T23:59:59+01:00,2,7,38,33,45,65,36,81,39,47,25,19,58,99,90,229,0,0,0,0,0,0,0,0,0,0,0,0,0,0,0,0,921,0,0,0,0,0,0
2021-01-09T23:59:59+01:00,2,6,35,31,39,63,34,72,34,44,25,19,58,98,88,228,0,0,0,0,0,0,0,0,0,0,0,0,0,0,0,0,882,0,0,0,0,0,0
2021-01-08T23:59:59+01:00,2,4,28,25,32,57,27,61,31,38,24,18,55,95,86,222,0,0,0,0,0,0,0,0,0,0,0,0,0,0,0,0,810,0,0,0,0,0,0
2021-01-07T23:59:59+01:00,2,2,8,3,5,20,12,28,11,19,21,12,41,61,57,163,0,0,0,0,0,0,0,0,0,0,0,0,0,0,0,0,465,0,0,0,0,0,0
2021-01-06T23:59:59+01:00,2,0,2,3,3,17,9,19,6,14,18,11,35,50,49,132,0,0,0,0,0,0,0,0,0,0,0,0,0,0,0,0,370,0,0,0,0,0,0
2021-01-05T23:59:59+01:00,1,0,1,3,3,15,9,18,6,13,18,10,34,49,46,125,0,0,0,0,0,0,0,0,0,0,0,0,0,0,0,0,351,0,0,0,0,0,0
2021-01-04T23:59:59+01:00,0,0,1,3,3,14,8,16,6,12,17,8,24,38,35,101,0,0,0,0,0,0,0,0,0,0,0,0,0,0,0,0,286,0,0,0,0,0,0
2021-01-03T23:59:59+01:00,0,0,1,3,3,14,8,16,6,12,17,8,24,38,35,100,0,0,0,0,0,0,0,0,0,0,0,0,0,0,0,0,285,0,0,0,0,0,0
2021-01-02T23:59:59+01:00,0,0,1,3,3,14,8,16,6,12,17,8,24,38,35,100,0,0,0,0,0,0,0,0,0,0,0,0,0,0,0,0,285,0,0,0,0,0,0
2021-01-01T23:59:59+01:00,0,0,1,3,3,14,8,16,6,12,17,8,24,38,35,100,0,0,0,0,0,0,0,0,0,0,0,0,0,0,0,0,285,0,0,0,0,0,0
2020-12-31T23:59:59+01:00,0,0,1,3,3,14,8,16,6,12,17,8,24,38,35,100,0,0,0,0,0,0,0,0,0,0,0,0,0,0,0,0,285,0,0,0,0,0,0
2020-12-30T23:59:59+01:00,0,0,1,3,3,14,8,16,6,12,17,8,24,38,35,100,0,0,0,0,0,0,0,0,0,0,0,0,0,0,0,0,285,0,0,0,0,0,0
2020-12-29T23:59:59+01:00,0,0,1,3,2,10,6,11,4,10,11,5,18,32,25,80,0,0,0,0,0,0,0,0,0,0,0,0,0,0,0,0,218,0,0,0,0,0,0
2020-12-28T23:59:59+01:00,0,0,1,1,1,2,4,6,3,5,7,2,4,12,14,40,0,0,0,0,0,0,0,0,0,0,0,0,0,0,0,0,102,0,0,0,0,0,0
2020-12-27T23:59:59+01:00,0,0,0,0,0,1,2,6,0,2,0,1,3,4,2,13,0,0,0,0,0,0,0,0,0,0,0,0,0,0,0,0,34,0,0,0,0,0,0
