Datum,<15_m,<15_w,15-24_1_m,15-24_1_w,25-34_1_m,25-34_1_w,35-44_1_m,35-44_1_w,45-54_1_m,45-54_1_w,55-64_1_m,55-64_1_w,65-74_1_m,65-74_1_w,75-84_1_m,75-84_1_w,>84_1_m,>84_1_w,<24_2_m,<24_2_w,25-34_2_m,25-34_2_w,35-44_2_m,35-44_2_w,45-54_2_m,45-54_2_w,55-64_2_m,55-64_2_w,65-74_2_m,65-74_2_w,75-84_2_m,75-84_2_w,>84_2_m,>84_2_w,bp_1,bp_2,mo_1,mo_2,az_1,az_2,ja,unb_1,unb_2
2021-08-23T23:59:59+02:00,142,157,3125,2867,8389,6022,8141,5583,7253,7656,5382,5719,2722,2830,3227,3284,2741,5172,2547,2309,7195,5167,7278,4943,6523,6885,4762,5164,2140,2427,2405,2586,1979,3847,54640,45362,8181,7030,9576,7555,8951,34,30
2021-08-22T23:59:59+02:00,141,157,3113,2858,8373,6002,8127,5576,7237,7649,5376,5712,2719,2827,3227,3284,2741,5172,2532,2300,7165,5146,7256,4927,6500,6868,4758,5155,2135,2423,2405,2586,1978,3847,54569,45239,8175,7021,9575,7552,8908,34,30
2021-08-21T23:59:59+02:00,139,156,3098,2854,8361,5993,8116,5571,7231,7643,5372,5706,2718,2827,3227,3283,2741,5172,2521,2293,7146,5130,7236,4917,6487,6861,4749,5149,2134,2421,2404,2585,1978,3847,54505,45156,8172,6996,9575,7550,8892,34,30
2021-08-20T23:59:59+02:00,138,154,3082,2843,8330,5975,8088,5556,7213,7621,5362,5695,2717,2824,3227,3283,2741,5170,2489,2281,7095,5097,7199,4894,6450,6824,4732,5128,2130,2416,2404,2582,1978,3845,54434,44993,8160,6956,9575,7539,8786,34,30
2021-08-19T23:59:59+02:00,138,151,3059,2825,8279,5948,8054,5534,7193,7596,5348,5680,2711,2821,3227,3283,2741,5169,2442,2258,7020,5049,7139,4856,6403,6768,4703,5097,2126,2412,2403,2582,1978,3845,54300,44668,8148,6929,9573,7531,8672,34,30
2021-08-18T23:59:59+02:00,137,149,3039,2815,8246,5927,8023,5516,7160,7581,5336,5673,2706,2818,3226,3283,2740,5168,2411,2241,6946,5016,7079,4824,6359,6739,4677,5072,2122,2408,2400,2582,1978,3844,54167,44425,8142,6869,9573,7523,8597,34,30
2021-08-17T23:59:59+02:00,137,148,3021,2800,8215,5903,7993,5505,7151,7560,5324,5662,2703,2816,3225,3282,2739,5168,2381,2217,6880,4968,7030,4790,6331,6701,4657,5052,2115,2403,2399,2579,1977,3844,54050,44150,8132,6833,9572,7516,8533,34,30
2021-08-16T23:59:59+02:00,134,146,3012,2786,8186,5888,7975,5496,7137,7544,5312,5649,2703,2816,3224,3281,2739,5168,2349,2185,6803,4926,6965,4758,6278,6661,4627,5028,2113,2401,2396,2576,1977,3844,53959,43788,8126,6819,9572,7506,8474,34,30
2021-08-15T23:59:59+02:00,134,146,3006,2776,8160,5876,7956,5485,7119,7535,5308,5642,2702,2814,3224,3280,2739,5168,2324,2147,6749,4893,6923,4724,6245,6633,4617,5015,2109,2397,2395,2574,1977,3844,53878,43522,8122,6798,9571,7503,8434,34,30
2021-08-14T23:59:59+02:00,133,146,3002,2770,8150,5871,7947,5484,7119,7532,5305,5640,2700,2813,3224,3279,2739,5168,2317,2137,6721,4880,6908,4713,6235,6616,4598,5005,2106,2394,2395,2572,1977,3843,53858,43414,8121,6785,9571,7501,8407,34,30
2021-08-13T23:59:59+02:00,131,145,2982,2762,8124,5855,7935,5470,7104,7522,5294,5632,2699,2809,3224,3278,2739,5168,2279,2112,6670,4845,6866,4679,6199,6590,4581,4991,2105,2389,2394,2572,1977,3843,53773,43169,8119,6764,9571,7500,8345,34,30
2021-08-12T23:59:59+02:00,128,139,2965,2752,8090,5832,7904,5451,7086,7497,5281,5619,2698,2807,3222,3278,2739,5168,2241,2078,6577,4789,6812,4641,6153,6538,4554,4960,2101,2386,2390,2571,1977,3843,53661,42829,8114,6738,9570,7479,8246,34,30
2021-08-11T23:59:59+02:00,125,136,2947,2738,8051,5807,7874,5437,7065,7483,5271,5602,2696,2804,3222,3277,2739,5168,2209,2048,6488,4738,6726,4593,6099,6480,4530,4918,2093,2377,2389,2569,1977,3842,53526,42399,8105,6702,9567,7470,8179,34,30
2021-08-10T23:59:59+02:00,125,135,2930,2724,8007,5789,7848,5423,7035,7467,5258,5595,2693,2804,3222,3275,2739,5167,2136,1991,6365,4674,6634,4529,6009,6409,4487,4895,2087,2368,2387,2568,1977,3841,53409,41788,8097,6683,9566,7455,8099,34,30
2021-08-09T23:59:59+02:00,124,134,2912,2719,7975,5767,7818,5412,7013,7448,5247,5583,2692,2803,3222,3275,2739,5166,2081,1942,6264,4606,6533,4483,5942,6355,4459,4860,2081,2359,2386,2566,1977,3841,53321,41324,8089,6630,9566,7436,8008,34,30
2021-08-08T23:59:59+02:00,124,132,2896,2708,7952,5752,7798,5400,7002,7438,5240,5579,2689,2803,3222,3275,2739,5166,2055,1916,6198,4560,6475,4454,5904,6331,4445,4846,2071,2354,2384,2564,1977,3841,53251,41069,8088,6588,9563,7430,7948,34,30
2021-08-07T23:59:59+02:00,123,131,2888,2701,7922,5738,7780,5393,6994,7429,5236,5574,2687,2803,3222,3275,2739,5166,2017,1893,6116,4507,6414,4419,5868,6292,4428,4832,2068,2353,2384,2561,1977,3841,53184,40735,8084,6560,9563,7421,7905,34,30
2021-08-06T23:59:59+02:00,122,130,2873,2691,7891,5724,7751,5371,6973,7407,5226,5561,2683,2801,3222,3274,2739,5166,1980,1849,6014,4434,6340,4381,5825,6248,4410,4812,2066,2350,2383,2558,1977,3841,53125,40384,8064,6528,9563,7409,7788,34,30
2021-08-05T23:59:59+02:00,120,129,2842,2674,7857,5701,7712,5346,6950,7386,5207,5535,2680,2798,3219,3271,2739,5165,1930,1798,5879,4330,6224,4320,5756,6184,4373,4767,2060,2342,2380,2556,1977,3841,52978,39892,8056,6432,9560,7353,7671,34,30
2021-08-04T23:59:59+02:00,117,126,2773,2646,7769,5663,7663,5317,6917,7349,5189,5521,2674,2795,3217,3270,2739,5165,1848,1764,5740,4256,6088,4267,5687,6118,4343,4725,2049,2336,2375,2553,1977,3840,52755,39403,8039,6378,9559,7317,7491,34,30
2021-08-03T23:59:59+02:00,114,126,2752,2625,7738,5646,7626,5298,6892,7325,5178,5509,2670,2793,3216,3267,2739,5165,1815,1734,5644,4188,5986,4216,5616,6059,4304,4686,2044,2331,2374,2551,1977,3840,52603,38937,8034,6336,9557,7292,7419,34,30
2021-08-02T23:59:59+02:00,114,126,2730,2604,7693,5618,7600,5289,6869,7311,5160,5500,2668,2789,3215,3266,2738,5165,1785,1705,5523,4100,5876,4150,5549,6010,4255,4654,2038,2318,2373,2546,1976,3839,52454,38390,8026,6298,9557,7271,7351,34,30
2021-08-01T23:59:59+02:00,113,124,2714,2592,7658,5594,7587,5276,6858,7302,5154,5494,2666,2788,3213,3266,2738,5165,1767,1686,5445,4058,5811,4104,5506,5987,4237,4635,2036,2315,2371,2543,1976,3839,52361,38109,8013,6267,9556,7246,7303,34,30
2021-07-31T23:59:59+02:00,111,123,2708,2585,7640,5586,7580,5271,6854,7292,5153,5493,2664,2788,3213,3266,2738,5165,1728,1642,5347,3997,5750,4057,5453,5951,4209,4610,2033,2312,2371,2542,1976,3839,52322,37642,8008,6250,9556,7242,7275,34,30
2021-07-30T23:59:59+02:00,108,120,2697,2576,7616,5573,7567,5250,6835,7280,5146,5485,2663,2787,3213,3265,2738,5165,1708,1625,5263,3956,5685,4000,5394,5905,4183,4593,2028,2310,2370,2539,1976,3839,52243,37288,8002,6222,9556,7234,7214,34,30
2021-07-29T23:59:59+02:00,107,119,2664,2558,7560,5528,7524,5205,6806,7240,5123,5463,2662,2783,3211,3264,2738,5165,1668,1595,5140,3858,5553,3931,5306,5815,4137,4537,2020,2301,2367,2537,1975,3839,52037,36715,7987,6167,9551,7197,7075,34,30
2021-07-28T23:59:59+02:00,105,117,2643,2546,7521,5489,7494,5181,6782,7218,5108,5453,2659,2782,3209,3261,2737,5164,1631,1551,5038,3782,5438,3866,5214,5740,4101,4502,2008,2293,2365,2535,1975,3837,51850,36152,7976,6109,9547,7158,7026,34,30
2021-07-27T23:59:59+02:00,102,115,2627,2529,7475,5466,7458,5163,6762,7199,5096,5439,2658,2780,3209,3260,2736,5164,1587,1521,4900,3696,5313,3787,5124,5668,4057,4450,2002,2280,2364,2532,1974,3837,51717,35568,7958,6025,9546,7117,6947,34,30
2021-07-26T23:59:59+02:00,101,112,2601,2513,7442,5444,7423,5146,6735,7180,5091,5427,2654,2780,3208,3260,2736,5164,1552,1467,4760,3634,5204,3723,5050,5593,4003,4415,1998,2266,2363,2526,1974,3836,51573,35015,7938,5952,9543,7068,6891,34,30
2021-07-25T23:59:59+02:00,97,109,2586,2491,7404,5420,7390,5133,6715,7159,5082,5422,2652,2777,3207,3259,2736,5163,1532,1439,4704,3591,5150,3693,5003,5554,3973,4393,1995,2262,2362,2526,1974,3836,51419,34744,7929,5920,9540,7037,6842,34,30
2021-07-24T23:59:59+02:00,97,108,2571,2484,7372,5406,7365,5121,6698,7144,5074,5417,2651,2774,3207,3259,2736,5163,1513,1421,4658,3571,5076,3648,4961,5527,3952,4385,1994,2260,2361,2524,1974,3835,51340,34551,7907,5834,9539,7037,6788,34,30
2021-07-23T23:59:59+02:00,95,106,2542,2458,7317,5380,7334,5097,6665,7120,5052,5408,2649,2771,3205,3259,2736,5163,1459,1389,4519,3471,4941,3570,4888,5460,3904,4353,1993,2252,2360,2520,1973,3835,51161,33917,7901,5807,9537,7017,6684,34,30
2021-07-22T23:59:59+02:00,93,103,2508,2429,7230,5342,7280,5059,6616,7075,5019,5385,2643,2766,3203,3258,2736,5161,1400,1349,4359,3399,4790,3498,4739,5379,3819,4303,1981,2243,2355,2518,1973,3834,50842,33288,7883,5660,9526,6948,6577,34,30
2021-07-21T23:59:59+02:00,92,99,2475,2411,7163,5306,7221,5019,6556,7037,4998,5359,2636,2760,3202,3255,2736,5159,1371,1307,4238,3316,4649,3438,4631,5271,3748,4260,1969,2231,2352,2517,1973,3832,50584,32824,7832,5450,9520,6887,6468,34,30
2021-07-20T23:59:59+02:00,91,98,2453,2383,7108,5275,7185,4988,6519,6993,4968,5341,2633,2756,3202,3255,2736,5159,1336,1278,4121,3251,4561,3389,4542,5193,3693,4229,1966,2222,2351,2516,1973,3831,50330,32364,7822,5378,9518,6837,6392,34,30
2021-07-19T23:59:59+02:00,90,98,2430,2357,7055,5234,7135,4967,6481,6961,4947,5326,2628,2751,3201,3251,2736,5158,1316,1256,4047,3204,4479,3356,4463,5129,3659,4205,1962,2216,2347,2513,1972,3831,50048,32065,7810,5260,9517,6794,6349,34,30
2021-07-18T23:59:59+02:00,90,96,2402,2330,6985,5191,7094,4936,6444,6921,4929,5316,2621,2745,3199,3251,2735,5157,1300,1236,4002,3163,4440,3326,4414,5109,3623,4190,1956,2206,2346,2513,1972,3829,49734,31865,7795,5186,9513,6768,6316,34,29
2021-07-17T23:59:59+02:00,88,92,2386,2316,6966,5178,7075,4918,6424,6904,4909,5305,2617,2744,3199,3250,2735,5156,1289,1223,3968,3129,4397,3306,4374,5077,3595,4178,1950,2203,2346,2511,1972,3829,49621,31707,7786,5132,9512,6759,6258,34,29
2021-07-16T23:59:59+02:00,88,89,2346,2288,6903,5144,7015,4884,6379,6861,4877,5277,2610,2738,3197,3249,2735,5156,1251,1200,3866,3079,4304,3264,4286,5018,3534,4131,1936,2192,2340,2509,1972,3828,49439,31361,7757,5105,9499,6690,6054,34,29
2021-07-15T23:59:59+02:00,85,84,2304,2257,6827,5106,6953,4842,6329,6807,4860,5250,2607,2732,3194,3246,2735,5156,1199,1168,3666,2969,4122,3160,4133,4919,3472,4069,1927,2183,2337,2504,1972,3828,49098,30670,7739,4877,9493,6623,5952,34,29
2021-07-14T23:59:59+02:00,83,82,2267,2239,6756,5072,6878,4807,6274,6763,4839,5227,2599,2726,3191,3244,2735,5156,1151,1131,3550,2882,4020,3098,4029,4849,3429,4024,1914,2175,2336,2501,1972,3828,48781,30201,7724,4780,9490,6549,5849,34,29
2021-07-13T23:59:59+02:00,80,76,2236,2208,6698,5041,6813,4770,6232,6717,4816,5209,2591,2721,3189,3244,2735,5156,1117,1100,3450,2805,3896,3032,3940,4762,3375,3962,1887,2168,2333,2496,1971,3826,48456,29724,7717,4647,9489,6455,5776,33,29
2021-07-12T23:59:59+02:00,74,74,2208,2182,6629,4997,6744,4724,6181,6678,4791,5182,2586,2718,3186,3243,2735,5156,1087,1078,3351,2730,3784,2966,3837,4680,3324,3914,1876,2157,2328,2486,1971,3826,48111,29278,7704,4528,9485,6375,5692,33,28
2021-07-11T23:59:59+02:00,69,73,2197,2167,6593,4979,6714,4703,6151,6661,4782,5173,2583,2713,3184,3243,2734,5156,1078,1062,3309,2689,3726,2937,3784,4653,3302,3899,1867,2145,2325,2482,1971,3826,47999,29103,7684,4495,9483,6319,5612,33,28
2021-07-10T23:59:59+02:00,68,72,2174,2133,6514,4928,6651,4670,6101,6624,4756,5162,2580,2710,3184,3240,2734,5155,1061,1044,3255,2647,3680,2907,3744,4622,3286,3887,1861,2138,2325,2480,1971,3826,47742,28927,7662,4494,9468,6302,5483,33,28
2021-07-09T23:59:59+02:00,67,70,2151,2110,6441,4887,6601,4645,6051,6589,4738,5141,2578,2705,3183,3239,2734,5155,1041,1027,3198,2602,3629,2872,3695,4587,3258,3860,1858,2123,2323,2479,1971,3826,47512,28719,7628,4464,9461,6248,5378,33,28
2021-07-08T23:59:59+02:00,63,67,2096,2063,6342,4821,6496,4588,5984,6524,4702,5107,2571,2696,3180,3235,2734,5155,968,975,3032,2514,3436,2800,3521,4493,3183,3792,1841,2107,2321,2470,1970,3825,47181,28236,7551,4176,9428,6124,5155,33,28
2021-07-07T23:59:59+02:00,63,66,2026,2018,6219,4745,6390,4531,5910,6465,4666,5059,2565,2686,3175,3230,2734,5155,917,940,2884,2435,3266,2722,3364,4386,3125,3728,1822,2078,2313,2462,1970,3823,46675,27691,7504,3935,9409,6042,5001,33,28
2021-07-06T23:59:59+02:00,61,66,1980,1981,6106,4689,6298,4488,5855,6396,4622,5023,2559,2680,3172,3226,2734,5155,880,904,2772,2338,3175,2661,3289,4292,3066,3674,1797,2047,2308,2455,1970,3823,46228,27187,7457,3833,9393,5959,4898,33,28
2021-07-05T23:59:59+02:00,59,66,1908,1931,5960,4613,6185,4447,5785,6342,4580,4983,2555,2673,3170,3224,2734,5153,835,862,2664,2264,3098,2613,3210,4219,3018,3620,1776,2028,2301,2446,1969,3820,45745,26808,7414,3761,9368,5875,4721,33,28
2021-07-04T23:59:59+02:00,59,65,1863,1894,5873,4572,6140,4417,5744,6322,4562,4962,2553,2671,3170,3222,2734,5152,797,838,2603,2214,3061,2589,3180,4186,2995,3597,1761,2004,2298,2445,1968,3820,45538,26673,7375,3705,9340,5797,4600,33,28
2021-07-03T23:59:59+02:00,56,51,1761,1817,5662,4416,5989,4328,5656,6231,4514,4925,2551,2668,3170,3218,2734,5152,756,813,2538,2167,3011,2567,3142,4140,2964,3567,1755,1997,2297,2441,1968,3818,44705,26499,7342,3703,9332,5768,4388,33,28
2021-07-02T23:59:59+02:00,50,43,1722,1774,5585,4371,5943,4294,5636,6205,4501,4907,2550,2662,3169,3217,2733,5152,735,786,2468,2118,2941,2528,3098,4092,2934,3527,1737,1980,2293,2435,1968,3816,44431,26215,7308,3677,9327,5669,4310,33,28
2021-07-01T23:59:59+02:00,43,37,1674,1738,5478,4301,5854,4246,5558,6133,4473,4877,2546,2657,3168,3216,2733,5151,668,747,2279,2042,2753,2442,2922,3979,2835,3440,1708,1956,2284,2422,1967,3814,44015,25454,7248,3473,9312,5563,4168,33,28
2021-06-30T23:59:59+02:00,43,35,1624,1688,5359,4215,5754,4198,5499,6084,4461,4853,2542,2650,3166,3213,2733,5151,632,711,2177,1977,2642,2390,2813,3891,2773,3363,1688,1926,2275,2410,1966,3813,43589,24992,7187,3358,9295,5439,4053,33,28
2021-06-29T23:59:59+02:00,42,32,1569,1611,5248,4124,5659,4144,5445,6024,4434,4825,2536,2645,3165,3212,2732,5150,604,671,2098,1898,2563,2327,2713,3774,2711,3312,1672,1892,2262,2396,1965,3810,43067,24506,7157,3284,9287,5329,3937,33,28
2021-06-28T23:59:59+02:00,40,30,1534,1553,5134,4064,5591,4088,5400,5981,4406,4800,2532,2637,3164,3210,2732,5150,587,647,2001,1834,2486,2272,2642,3692,2665,3265,1654,1873,2254,2390,1965,3807,42669,24190,7096,3145,9275,5233,3851,33,28
2021-06-27T23:59:59+02:00,40,29,1503,1527,5084,4023,5544,4057,5357,5962,4395,4790,2530,2633,3164,3209,2732,5150,567,630,1950,1788,2448,2252,2597,3654,2635,3248,1644,1859,2253,2380,1965,3807,42483,24044,7059,3090,9255,5149,3777,33,28
2021-06-26T23:59:59+02:00,31,24,1471,1499,5012,3977,5451,4013,5316,5927,4374,4776,2530,2631,3164,3207,2732,5150,561,621,1918,1768,2413,2233,2576,3632,2614,3227,1622,1849,2252,2378,1965,3807,42120,23828,6974,3087,9255,5125,3777,32,28
2021-06-25T23:59:59+02:00,25,16,1437,1458,4903,3902,5398,3984,5281,5901,4349,4765,2526,2628,3162,3206,2732,5150,552,596,1871,1746,2352,2166,2481,3493,2568,3127,1614,1828,2248,2374,1963,3806,41693,23377,6940,3061,9254,4945,3775,32,28
2021-06-24T23:59:59+02:00,18,13,1386,1408,4721,3789,5272,3933,5184,5858,4305,4734,2521,2625,3162,3205,2731,5150,513,574,1760,1681,2184,2100,2319,3414,2457,3032,1581,1805,2238,2368,1962,3803,41053,22869,6885,2754,9246,4860,3666,32,28
2021-06-23T23:59:59+02:00,18,13,1355,1375,4638,3735,5188,3882,5131,5813,4281,4699,2511,2618,3158,3203,2730,5149,479,557,1695,1624,2084,2052,2203,3323,2355,2939,1558,1781,2232,2361,1961,3801,40629,22330,6831,2680,9241,4716,3631,32,28
2021-06-22T23:59:59+02:00,17,13,1328,1354,4563,3671,5106,3836,5084,5767,4253,4672,2507,2612,3158,3202,2729,5149,465,539,1638,1583,2000,2000,2123,3214,2252,2845,1545,1757,2223,2349,1961,3797,40219,21911,6784,2563,9237,4558,3606,32,27
2021-06-21T23:59:59+02:00,17,13,1299,1313,4449,3588,5025,3791,5019,5705,4226,4654,2503,2599,3157,3197,2728,5147,449,523,1604,1549,1966,1959,2073,3134,2186,2767,1522,1721,2201,2326,1961,3793,39703,21623,6741,2467,9234,4414,3573,32,27
2021-06-20T23:59:59+02:00,16,11,1275,1282,4377,3527,4981,3772,4984,5685,4203,4642,2499,2597,3156,3197,2727,5147,433,508,1571,1520,1942,1935,2041,3108,2137,2726,1515,1706,2199,2320,1961,3792,39425,21440,6711,2430,9221,4350,3536,32,26
2021-06-19T23:59:59+02:00,15,11,1264,1263,4337,3497,4961,3746,4952,5661,4186,4633,2496,2595,3156,3196,2726,5147,428,504,1554,1503,1926,1908,2028,3085,2114,2691,1507,1698,2196,2317,1959,3791,39265,21287,6649,2401,9221,4341,3516,32,26
2021-06-18T23:59:59+02:00,11,8,1247,1243,4268,3456,4911,3709,4902,5622,4162,4621,2492,2591,3155,3194,2726,5147,415,494,1533,1486,1900,1876,1983,3036,2059,2630,1493,1683,2196,2312,1958,3788,38949,20975,6602,2398,9220,4297,3502,32,26
2021-06-17T23:59:59+02:00,9,7,1203,1207,4108,3386,4724,3635,4730,5531,4102,4576,2486,2588,3155,3193,2725,5147,382,477,1435,1453,1726,1814,1822,2943,1959,2551,1470,1661,2185,2300,1956,3786,38349,20512,6541,2294,9212,4220,3216,30,26
2021-06-16T23:59:59+02:00,9,7,1180,1174,4007,3303,4628,3585,4625,5463,4057,4547,2478,2584,3154,3189,2724,5146,367,456,1377,1417,1664,1783,1741,2864,1897,2478,1455,1635,2172,2287,1956,3782,37875,20116,6418,2226,9203,4142,3164,30,26
2021-06-15T23:59:59+02:00,9,7,1148,1141,3870,3221,4559,3529,4549,5390,4016,4515,2469,2577,3149,3187,2724,5145,357,433,1327,1370,1617,1742,1672,2806,1828,2410,1438,1605,2167,2273,1955,3781,37335,19796,6381,2141,9191,4070,3087,30,26
2021-06-14T23:59:59+02:00,9,5,1122,1109,3780,3169,4475,3473,4471,5320,3964,4482,2465,2567,3149,3183,2723,5144,347,420,1288,1337,1572,1711,1626,2750,1770,2358,1426,1579,2162,2266,1954,3779,36881,19555,6293,2074,9185,3992,3033,29,26
2021-06-13T23:59:59+02:00,9,5,1107,1095,3730,3129,4418,3430,4422,5283,3945,4467,2464,2561,3148,3182,2723,5142,341,413,1255,1321,1537,1686,1583,2715,1732,2316,1411,1558,2156,2255,1954,3777,36625,19369,6257,2052,9180,3917,2976,29,26
2021-06-12T23:59:59+02:00,9,4,1090,1074,3702,3103,4389,3408,4406,5269,3929,4457,2461,2558,3147,3181,2723,5141,337,412,1247,1304,1514,1664,1557,2696,1686,2295,1400,1547,2144,2252,1954,3777,36439,19209,6245,2052,9180,3860,2963,29,26
2021-06-11T23:59:59+02:00,8,4,1073,1062,3663,3059,4315,3380,4367,5234,3903,4446,2460,2554,3146,3179,2723,5140,327,400,1226,1271,1489,1644,1512,2646,1630,2248,1390,1532,2142,2247,1954,3776,36152,18959,6218,2044,9176,3784,2940,29,26
2021-06-10T23:59:59+02:00,7,4,1014,1020,3545,2979,4186,3299,4266,5166,3847,4411,2457,2546,3144,3177,2722,5140,311,388,1166,1235,1424,1584,1447,2576,1543,2142,1357,1499,2137,2237,1953,3773,35580,18533,6086,2037,9158,3628,2861,29,26
2021-06-09T23:59:59+02:00,7,2,965,988,3416,2884,4047,3241,4173,5088,3803,4369,2453,2540,3141,3174,2722,5140,293,372,1105,1201,1356,1556,1385,2496,1467,2069,1331,1441,2129,2223,1952,3770,35093,18215,5920,1985,9155,3497,2731,29,26
2021-06-08T23:59:59+02:00,6,2,917,949,3287,2800,3924,3156,4073,5004,3747,4342,2445,2535,3138,3171,2721,5138,281,351,1061,1162,1299,1525,1332,2438,1420,1995,1307,1406,2118,2205,1948,3766,34543,17977,5784,1938,9145,3360,2616,29,25
2021-06-07T23:59:59+02:00,5,2,889,923,3182,2726,3792,3120,3949,4931,3697,4314,2431,2529,3137,3169,2721,5136,272,344,1015,1123,1245,1504,1287,2384,1351,1942,1292,1386,2102,2188,1947,3758,34164,17807,5605,1903,9138,3229,2470,29,25
2021-06-06T23:59:59+02:00,5,2,870,913,3124,2686,3705,3075,3878,4901,3664,4301,2428,2523,3135,3168,2719,5135,265,331,1001,1097,1214,1475,1264,2326,1320,1883,1276,1370,2095,2181,1945,3755,33951,17701,5473,1855,9132,3115,2391,29,25
2021-06-05T23:59:59+02:00,5,2,855,895,3054,2628,3660,3047,3841,4877,3651,4298,2427,2521,3135,3167,2719,5134,260,324,985,1076,1192,1455,1240,2297,1285,1862,1258,1346,2093,2177,1945,3755,33682,17540,5468,1851,9126,3066,2352,29,24
2021-06-04T23:59:59+02:00,3,2,832,879,3001,2579,3585,3006,3772,4823,3623,4279,2423,2518,3132,3167,2719,5134,250,317,965,1046,1171,1441,1206,2262,1253,1827,1240,1322,2083,2172,1945,3753,33361,17383,5423,1846,9123,3008,2274,29,24
2021-06-03T23:59:59+02:00,3,2,787,848,2849,2483,3404,2902,3594,4708,3531,4206,2415,2508,3128,3162,2719,5134,239,304,934,1011,1115,1389,1139,2171,1194,1763,1204,1277,2073,2158,1945,3751,32691,17164,5195,1831,9108,2845,2076,29,24
2021-06-02T23:59:59+02:00,3,2,758,841,2777,2409,3338,2850,3531,4643,3488,4179,2413,2504,3128,3161,2719,5134,224,300,914,982,1063,1360,1091,2126,1142,1714,1189,1238,2069,2155,1945,3751,32338,16949,5177,1817,9108,2808,1931,29,24
2021-06-01T23:59:59+02:00,3,2,713,813,2619,2299,3148,2750,3355,4527,3424,4118,2402,2496,3125,3155,2719,5134,211,287,837,934,964,1297,1006,2009,1087,1641,1156,1182,2060,2143,1943,3746,31734,16672,4959,1778,9098,2615,1667,29,24
2021-05-31T23:59:59+02:00,3,2,679,791,2494,2219,3010,2659,3241,4428,3366,4070,2396,2483,3123,3150,2719,5133,197,274,790,894,898,1249,957,1930,1045,1583,1134,1151,2054,2138,1941,3744,31346,16499,4731,1763,9080,2482,1456,29,24
2021-05-30T23:59:59+02:00,3,2,669,780,2440,2170,2937,2622,3186,4384,3346,4048,2392,2478,3122,3149,2718,5131,188,257,752,857,847,1204,914,1867,1022,1531,1120,1135,2048,2128,1941,3742,31197,16403,4669,1753,9069,2327,1286,29,24
2021-05-29T23:59:59+02:00,3,1,667,778,2426,2153,2914,2610,3169,4366,3336,4039,2391,2477,3122,3149,2718,5131,185,247,746,847,829,1180,896,1816,1007,1494,1106,1116,2047,2120,1940,3742,31073,16308,4667,1753,9067,2186,1285,29,24
2021-05-28T23:59:59+02:00,3,1,660,768,2395,2117,2870,2585,3144,4348,3324,4023,2391,2473,3120,3143,2718,5131,182,239,735,836,819,1160,886,1776,972,1451,1083,1087,2044,2112,1939,3740,30848,16130,4657,1751,9063,2110,1281,29,24
2021-05-27T23:59:59+02:00,3,1,617,748,2269,2063,2738,2513,3008,4271,3242,3970,2382,2459,3119,3141,2718,5128,168,223,672,788,744,1104,807,1678,906,1365,1061,1056,2030,2091,1938,3738,30369,15917,4527,1711,9030,1861,1085,29,23
2021-05-26T23:59:59+02:00,3,1,588,723,2171,1999,2579,2454,2883,4206,3187,3917,2371,2447,3114,3134,2715,5122,162,209,635,749,698,1068,760,1609,860,1308,1044,1027,2011,2058,1933,3732,29973,15688,4297,1698,9002,1726,954,29,23
2021-05-25T23:59:59+02:00,3,1,566,708,2089,1941,2480,2413,2776,4123,3137,3882,2358,2438,3111,3129,2714,5118,154,201,616,720,667,1034,715,1550,810,1247,1021,1004,1983,2024,1932,3728,29623,15465,4119,1661,8962,1592,890,28,22
2021-05-24T23:59:59+02:00,3,1,553,687,2036,1901,2405,2382,2708,4070,3084,3841,2346,2430,3105,3128,2711,5117,150,193,597,702,640,1002,677,1488,786,1193,1000,987,1977,2020,1927,3727,29442,15360,3950,1648,8926,1468,791,28,22
2021-05-23T23:59:59+02:00,3,1,550,685,2023,1890,2393,2368,2698,4057,3073,3827,2342,2427,3105,3126,2711,5117,149,192,593,696,633,998,661,1475,775,1185,995,981,1972,2016,1925,3723,29334,15282,3947,1641,8925,1458,789,28,22
2021-05-22T23:59:59+02:00,3,1,545,676,2000,1872,2362,2352,2674,4027,3044,3799,2333,2422,3103,3123,2711,5116,146,184,586,691,629,988,648,1469,769,1176,982,974,1964,2001,1925,3723,29108,15212,3946,1641,8923,1420,780,28,22
2021-05-21T23:59:59+02:00,3,1,533,658,1919,1841,2274,2308,2610,3977,3001,3752,2326,2409,3100,3122,2711,5114,146,181,581,684,617,979,635,1457,749,1156,965,945,1952,1995,1925,3722,28645,15111,3919,1640,8906,1359,777,28,22
2021-05-20T23:59:59+02:00,3,1,495,638,1787,1773,2146,2234,2487,3884,2917,3666,2307,2395,3091,3114,2709,5111,139,172,553,649,584,939,607,1399,718,1093,938,911,1940,1980,1923,3719,27985,14977,3804,1624,8833,1152,705,28,22
2021-05-19T23:59:59+02:00,3,1,455,603,1681,1700,2010,2168,2351,3788,2814,3571,2288,2376,3084,3107,2703,5110,126,164,526,629,552,905,578,1348,691,1032,917,890,1920,1950,1916,3715,27252,14801,3733,1603,8791,1056,587,28,22
2021-05-18T23:59:59+02:00,3,0,433,581,1606,1640,1913,2109,2238,3666,2718,3473,2276,2356,3076,3099,2702,5106,118,157,502,609,530,872,561,1271,673,970,900,863,1907,1930,1912,3708,26750,14666,3561,1563,8736,950,488,28,22
2021-05-17T23:59:59+02:00,3,0,412,569,1551,1605,1860,2056,2162,3557,2665,3400,2257,2336,3065,3091,2700,5101,113,149,482,595,520,837,548,1207,661,915,882,829,1902,1919,1911,3703,26446,14578,3414,1527,8670,852,396,28,21
2021-05-16T23:59:59+02:00,3,0,408,568,1523,1576,1829,2033,2119,3505,2606,3342,2243,2327,3062,3087,2700,5100,110,147,474,576,511,821,534,1157,641,873,853,798,1896,1914,1911,3702,26263,14518,3346,1490,8632,763,323,28,21
2021-05-15T23:59:59+02:00,3,0,403,564,1497,1559,1810,2014,2099,3482,2582,3304,2236,2327,3061,3084,2699,5100,109,144,472,575,511,820,529,1153,633,865,849,796,1892,1911,1911,3702,26066,14486,3346,1489,8625,755,318,26,21
2021-05-14T23:59:59+02:00,3,0,390,552,1468,1529,1770,1971,2020,3410,2529,3256,2226,2315,3058,3084,2697,5100,107,141,470,559,493,795,509,1122,619,849,836,782,1885,1902,1911,3701,25688,14427,3304,1473,8603,654,300,26,21
2021-05-13T23:59:59+02:00,2,0,369,536,1411,1480,1668,1928,1904,3322,2459,3166,2199,2297,3049,3078,2695,5094,102,138,458,551,483,780,503,1107,608,836,809,752,1869,1877,1910,3695,25245,14342,3088,1421,8551,614,273,26,19
2021-05-12T23:59:59+02:00,1,0,362,532,1393,1472,1651,1919,1883,3298,2444,3148,2196,2290,3043,3075,2695,5093,102,136,455,551,482,773,499,1102,604,830,801,738,1865,1869,1908,3695,25112,14287,3066,1411,8545,613,270,25,19
2021-05-11T23:59:59+02:00,1,0,342,512,1326,1435,1554,1882,1774,3202,2342,3071,2179,2262,3034,3064,2691,5092,96,126,440,523,463,746,479,1071,570,808,775,705,1853,1858,1906,3691,24703,14168,2899,1371,8434,525,214,25,19
2021-05-10T23:59:59+02:00,1,0,327,495,1288,1405,1503,1852,1709,3144,2283,3000,2166,2247,3025,3055,2690,5088,96,123,434,516,454,726,472,1047,565,785,761,687,1847,1851,1904,3687,24430,14103,2824,1363,8319,471,186,25,18
2021-05-09T23:59:59+02:00,1,0,321,485,1247,1385,1479,1835,1663,3107,2216,2953,2155,2233,3022,3049,2690,5083,93,120,425,507,446,720,462,1038,554,771,747,677,1840,1846,1903,3684,24196,14057,2770,1356,8269,422,163,25,17
2021-05-08T23:59:59+02:00,1,0,315,482,1238,1366,1448,1816,1633,3081,2164,2935,2148,2225,3020,3048,2688,5082,92,120,424,506,444,719,461,1033,554,765,742,676,1834,1836,1903,3684,23966,14038,2766,1348,8265,409,162,25,17
2021-05-07T23:59:59+02:00,1,0,305,475,1211,1339,1399,1796,1575,3018,2109,2886,2139,2215,3019,3043,2686,5077,89,117,412,493,434,692,448,998,531,740,736,651,1813,1822,1903,3680,23689,13967,2737,1323,8201,305,128,25,15
2021-05-06T23:59:59+02:00,1,0,288,462,1123,1302,1281,1733,1436,2907,1969,2794,2100,2182,3015,3030,2685,5073,87,111,399,479,422,675,436,975,512,719,722,633,1796,1806,1899,3673,23186,13886,2546,1302,7993,220,100,23,14
2021-05-05T23:59:59+02:00,1,0,273,448,1083,1276,1236,1697,1369,2842,1880,2711,2076,2149,3001,3015,2685,5062,87,107,391,470,417,663,429,964,505,701,701,620,1770,1784,1899,3670,22728,13799,2486,1279,7933,172,93,23,13
2021-05-04T23:59:59+02:00,1,0,265,437,1048,1253,1197,1676,1325,2795,1821,2645,2056,2114,2991,3001,2675,5049,83,103,384,459,414,658,419,944,496,681,684,597,1752,1758,1895,3670,22383,13698,2423,1246,7887,131,87,23,12
2021-05-03T23:59:59+02:00,1,0,260,429,1017,1231,1162,1659,1296,2761,1774,2608,2039,2085,2978,2992,2673,5043,78,97,372,453,406,650,415,936,488,674,665,586,1725,1730,1893,3666,22132,13593,2399,1235,7839,110,60,23,11
2021-05-02T23:59:59+02:00,1,0,254,427,1003,1219,1134,1643,1270,2747,1759,2584,2031,2070,2973,2989,2671,5040,76,97,366,450,402,645,411,930,485,668,657,573,1702,1716,1893,3665,22006,13547,2382,1211,7799,96,45,23,11
2021-05-01T23:59:59+02:00,1,0,250,423,995,1210,1122,1634,1256,2734,1742,2565,2022,2064,2970,2985,2671,5040,76,97,366,449,401,645,410,926,485,667,655,573,1702,1716,1893,3665,21871,13540,2382,1211,7799,93,45,23,11
2021-04-30T23:59:59+02:00,1,0,248,417,985,1188,1101,1614,1218,2670,1679,2505,2008,2046,2963,2980,2670,5036,75,95,365,443,398,639,409,901,480,656,648,567,1699,1710,1893,3663,21551,13524,2377,1199,7795,68,14,23,10
2021-04-29T23:59:59+02:00,1,0,234,402,937,1164,1064,1578,1169,2615,1587,2430,1956,1999,2953,2968,2665,5024,75,94,359,442,393,634,403,890,469,645,633,555,1684,1697,1887,3657,21059,13447,2341,1172,7735,47,13,23,10
2021-04-28T23:59:59+02:00,1,0,223,399,922,1149,1034,1567,1133,2576,1519,2374,1913,1937,2940,2963,2663,5021,72,93,353,439,390,625,400,880,462,631,615,537,1665,1679,1887,3655,20745,13369,2296,1127,7679,34,12,23,10
2021-04-27T23:59:59+02:00,1,0,222,391,908,1135,1018,1554,1110,2551,1496,2347,1880,1894,2934,2956,2661,5017,70,90,351,436,388,620,398,876,456,626,607,526,1653,1656,1883,3652,20542,13308,2268,1098,7644,29,12,22,10
2021-04-26T23:59:59+02:00,1,0,219,384,899,1126,1008,1541,1083,2533,1442,2297,1862,1873,2924,2945,2658,5011,70,90,347,432,388,619,392,873,452,620,598,514,1638,1641,1881,3648,20351,13263,2252,1059,7576,27,12,22,10
2021-04-25T23:59:59+02:00,1,0,219,383,891,1116,995,1533,1066,2514,1409,2262,1838,1850,2916,2938,2658,5010,69,89,346,427,385,618,390,869,450,619,595,508,1632,1631,1881,3646,20215,13244,2228,1039,7524,19,12,22,9
2021-04-24T23:59:59+02:00,1,0,215,379,880,1106,982,1519,1052,2496,1375,2240,1828,1826,2913,2932,2658,5010,69,89,346,427,384,618,390,867,449,616,594,505,1631,1628,1881,3646,20044,13237,2228,1030,7504,19,12,22,9
2021-04-23T23:59:59+02:00,1,0,211,372,869,1094,975,1509,1032,2477,1316,2193,1803,1799,2906,2926,2658,5007,68,87,346,427,384,617,389,864,446,612,587,498,1622,1619,1881,3641,19883,13211,2216,1003,7406,19,12,22,9
2021-04-22T23:59:59+02:00,1,0,209,364,843,1075,951,1486,1002,2435,1261,2128,1756,1747,2893,2906,2656,4998,68,86,344,422,378,609,386,854,441,606,575,490,1603,1605,1876,3636,19575,13136,2160,976,7328,12,12,22,9
2021-04-21T23:59:59+02:00,1,0,203,357,824,1060,927,1467,963,2398,1210,2077,1709,1678,2872,2885,2649,4990,66,84,341,420,376,606,383,849,438,599,570,484,1591,1583,1865,3631,19224,13065,2126,954,7267,12,12,22,9
2021-04-20T23:59:59+02:00,1,0,197,352,808,1036,909,1446,942,2345,1169,2024,1651,1611,2842,2859,2643,4975,65,84,339,419,372,602,378,843,438,592,563,476,1568,1550,1861,3627,18904,12980,2053,931,7196,11,12,22,9
2021-04-19T23:59:59+02:00,1,0,195,343,794,1025,895,1428,925,2312,1144,1990,1611,1565,2829,2844,2641,4970,65,83,338,417,367,597,374,834,433,581,559,470,1540,1523,1855,3614,18691,12885,2036,903,7127,8,11,21,9
2021-04-18T23:59:59+02:00,1,0,194,340,787,1016,884,1418,905,2292,1123,1970,1572,1524,2820,2837,2635,4964,64,81,337,416,367,597,373,829,432,578,556,464,1530,1517,1852,3612,18556,12855,2005,887,7055,8,11,21,9
2021-04-17T23:59:59+02:00,1,0,192,336,784,1013,878,1416,896,2287,1116,1962,1552,1497,2815,2828,2635,4964,64,78,335,411,366,597,371,825,432,575,551,458,1520,1509,1852,3609,18474,12805,2004,885,7027,8,11,21,9
2021-04-16T23:59:59+02:00,1,0,191,335,775,1007,865,1399,882,2264,1078,1922,1496,1430,2801,2813,2631,4957,59,76,332,404,365,595,366,813,425,561,525,428,1507,1487,1841,3596,18243,12698,1987,819,6948,7,11,20,8
2021-04-15T23:59:59+02:00,1,0,190,330,753,990,847,1387,857,2220,1036,1882,1444,1375,2772,2785,2616,4941,57,75,327,398,360,594,358,807,415,558,510,420,1473,1454,1829,3581,17966,12581,1970,772,6817,6,11,19,8
2021-04-14T23:59:59+02:00,1,0,189,324,744,983,840,1374,842,2186,1017,1852,1386,1328,2722,2720,2603,4925,54,71,322,395,356,589,355,799,405,544,494,402,1438,1423,1822,3562,17683,12443,1949,725,6728,6,11,17,8
2021-04-13T23:59:59+02:00,1,0,185,318,735,979,829,1363,831,2161,984,1823,1322,1253,2669,2662,2595,4910,52,71,319,392,348,583,348,791,397,536,481,394,1411,1401,1813,3551,17432,12345,1897,680,6615,5,11,16,8
2021-04-12T23:59:59+02:00,1,0,185,317,730,974,821,1351,805,2138,968,1802,1272,1217,2649,2632,2591,4896,51,67,309,385,343,577,343,783,391,529,463,384,1394,1386,1810,3543,17295,12254,1872,638,6504,5,11,14,8
2021-04-11T23:59:59+02:00,0,0,183,316,724,964,814,1346,792,2122,952,1785,1250,1186,2628,2610,2586,4889,50,65,304,383,341,575,342,779,386,521,458,375,1379,1381,1805,3536,17222,12201,1847,612,6397,4,11,14,8
2021-04-10T23:59:59+02:00,0,0,183,314,724,961,811,1345,785,2114,945,1778,1236,1171,2615,2594,2585,4889,45,60,281,370,326,560,328,767,371,511,445,368,1367,1362,1800,3530,17166,12024,1838,596,6365,4,10,14,8
2021-04-09T23:59:59+02:00,0,0,183,310,720,957,801,1322,777,2030,925,1696,1181,1100,2573,2565,2582,4881,38,58,267,356,308,548,309,753,358,495,428,359,1325,1333,1787,3516,17005,11795,1801,566,6114,4,8,12,7
2021-04-08T23:59:59+02:00,0,0,182,307,716,950,790,1314,763,2012,901,1674,1107,1018,2515,2526,2569,4871,37,56,259,342,295,540,293,737,332,477,401,336,1276,1294,1763,3482,16832,11506,1735,533,5965,4,7,12,7
2021-04-07T23:59:59+02:00,0,0,176,304,708,944,782,1300,746,1984,878,1642,1053,959,2461,2466,2560,4856,35,53,241,326,285,534,284,724,317,464,372,316,1229,1255,1744,3444,16638,11234,1690,502,5804,4,7,12,7
2021-04-06T23:59:59+02:00,0,0,172,303,702,940,768,1285,726,1961,850,1617,1019,912,2421,2416,2552,4846,33,52,240,323,281,531,274,721,307,459,361,302,1200,1225,1724,3422,16519,11100,1655,468,5625,4,7,12,7
2021-04-05T23:59:59+02:00,0,0,172,303,701,934,764,1276,717,1945,839,1602,991,886,2394,2373,2547,4838,33,52,240,319,280,527,271,714,301,457,359,295,1166,1200,1716,3403,16456,11006,1638,438,5493,4,7,12,7
2021-04-04T23:59:59+02:00,0,0,171,300,698,927,759,1265,708,1929,832,1580,976,872,2388,2367,2547,4837,33,52,240,319,279,527,271,714,300,457,357,295,1148,1187,1712,3399,16426,10962,1635,438,5401,4,7,11,7
2021-04-03T23:59:59+02:00,0,0,171,300,698,927,757,1263,707,1924,824,1576,963,862,2382,2357,2544,4836,33,52,240,319,279,527,271,713,300,455,357,295,1148,1182,1712,3396,16380,10951,1635,438,5380,4,7,11,7
2021-04-02T23:59:59+02:00,0,0,171,299,698,926,756,1260,704,1917,816,1565,951,852,2360,2335,2542,4833,33,52,237,319,277,525,268,706,293,450,352,293,1127,1154,1700,3369,16310,10832,1623,431,5353,4,7,11,7
2021-04-01T23:59:59+02:00,0,0,168,296,692,915,743,1247,698,1897,798,1544,920,817,2320,2286,2536,4814,32,51,229,316,275,521,265,699,287,445,340,285,1088,1115,1667,3326,16177,10630,1560,417,5250,4,7,11,7
2021-03-31T23:59:59+02:00,0,0,165,293,685,908,733,1231,690,1851,784,1501,904,798,2273,2222,2515,4795,32,51,228,315,270,519,260,697,277,434,325,279,1023,1062,1643,3294,16058,10418,1494,398,5092,4,6,11,7
2021-03-30T23:59:59+02:00,0,0,161,286,679,899,729,1210,679,1812,773,1457,882,780,2225,2157,2501,4773,32,50,225,312,267,516,258,691,272,426,314,273,989,1033,1621,3258,15912,10261,1447,380,4938,4,6,11,7
2021-03-29T23:59:59+02:00,0,0,158,280,673,886,723,1199,669,1780,760,1418,863,762,2150,2089,2480,4743,32,49,224,310,266,514,254,683,264,415,307,267,961,1012,1608,3231,15703,10130,1403,370,4819,4,6,11,7
2021-03-28T23:59:59+02:00,0,0,150,263,663,879,716,1190,664,1759,755,1400,856,741,2103,2045,2475,4731,32,48,221,310,262,508,250,680,262,412,305,265,950,1001,1602,3223,15622,10072,1349,362,4710,4,6,11,7
2021-03-27T23:59:59+01:00,0,0,150,260,659,872,712,1186,658,1748,753,1393,845,726,2091,2031,2475,4728,32,48,221,310,262,508,249,673,259,407,303,264,943,991,1585,3199,15566,10005,1340,352,4670,4,6,11,7
2021-03-26T23:59:59+01:00,0,0,148,258,649,860,706,1170,649,1729,745,1362,826,707,2065,2006,2465,4718,32,48,221,310,261,506,249,672,253,395,298,256,911,959,1552,3150,15458,9825,1303,352,4588,4,4,11,7
2021-03-25T23:59:59+01:00,0,0,145,257,639,848,685,1149,632,1691,726,1319,806,687,2022,1962,2449,4700,32,47,218,305,260,505,243,669,251,393,290,252,872,928,1490,3071,15342,9589,1249,338,4410,3,4,10,7
2021-03-24T23:59:59+01:00,0,0,142,248,625,835,678,1135,623,1653,711,1285,781,669,1980,1918,2432,4676,32,47,216,303,258,503,241,669,245,390,283,246,827,903,1439,2978,15204,9361,1215,322,4255,2,3,10,7
2021-03-23T23:59:59+01:00,0,0,139,246,618,825,664,1123,613,1631,698,1245,763,655,1939,1887,2416,4657,31,46,214,302,256,499,234,664,242,383,273,242,802,879,1361,2880,15110,9098,1186,311,4104,2,3,10,7
2021-03-22T23:59:59+01:00,0,0,136,241,600,808,646,1104,602,1598,683,1219,752,642,1908,1862,2405,4641,31,45,213,300,254,497,233,656,241,379,270,237,775,857,1269,2774,15028,8833,1154,299,3945,2,3,9,7
2021-03-21T23:59:59+01:00,0,0,134,239,596,802,642,1101,597,1574,673,1184,746,631,1884,1855,2398,4625,31,45,212,300,253,495,232,655,239,377,268,233,769,854,1260,2765,14994,8799,1133,290,3828,2,3,9,6
2021-03-20T23:59:59+01:00,0,0,132,239,590,799,638,1098,594,1570,671,1182,741,622,1860,1833,2391,4613,31,45,212,300,252,495,231,653,236,371,266,231,760,848,1242,2751,14933,8745,1123,280,3789,2,3,9,6
2021-03-19T23:59:59+01:00,0,0,123,227,584,785,630,1092,591,1552,654,1168,706,579,1802,1791,2361,4592,30,45,212,299,251,495,230,646,233,368,264,225,734,829,1206,2698,14765,8600,1048,265,3692,2,3,8,6
2021-03-18T23:59:59+01:00,0,0,120,222,565,775,610,1060,572,1502,624,1120,670,554,1752,1743,2334,4549,30,45,210,297,249,487,230,640,229,359,262,217,716,817,1173,2655,14571,8469,986,246,3477,2,3,8,6
2021-03-17T23:59:59+01:00,0,0,114,216,554,762,598,1055,561,1489,609,1097,646,530,1707,1708,2313,4510,30,44,210,296,248,484,229,639,228,356,261,215,704,805,1138,2608,14368,8352,936,240,3422,2,3,7,6
2021-03-16T23:59:59+01:00,0,0,109,210,542,750,585,1043,549,1447,593,1069,627,506,1653,1653,2291,4474,30,43,210,294,248,479,228,637,226,355,257,215,688,786,1108,2553,14190,8217,883,237,3279,2,2,7,6
2021-03-15T23:59:59+01:00,0,0,105,203,528,735,573,1019,538,1412,578,1031,607,487,1611,1615,2269,4450,29,43,209,291,248,476,226,635,224,355,249,211,669,774,1083,2517,14034,8114,828,223,3146,2,0,7,6
2021-03-14T23:59:59+01:00,0,0,101,191,519,720,562,997,530,1367,561,986,589,472,1582,1594,2253,4425,29,43,209,289,247,475,225,630,223,350,247,207,665,767,1075,2502,13927,8087,793,194,2971,2,0,7,6
2021-03-13T23:59:59+01:00,0,0,97,181,493,699,533,971,502,1344,538,965,562,463,1556,1569,2245,4417,29,43,209,289,247,475,224,630,223,349,246,207,660,757,1045,2473,13703,8009,779,193,2879,2,0,7,6
2021-03-12T23:59:59+01:00,0,0,88,175,467,671,513,943,478,1309,512,929,532,442,1501,1522,2222,4378,29,43,209,288,247,474,224,630,223,348,242,205,646,745,1020,2446,13398,7920,750,193,2749,2,0,7,5
2021-03-11T23:59:59+01:00,0,0,82,164,436,634,478,911,440,1230,474,865,502,409,1422,1454,2174,4319,29,42,208,285,242,470,222,626,219,345,237,203,630,723,995,2405,13014,7833,697,142,2480,2,0,7,5
2021-03-10T23:59:59+01:00,0,0,80,158,412,609,459,894,422,1194,446,821,471,383,1344,1390,2135,4263,29,42,206,280,238,466,219,620,219,343,232,200,611,715,972,2365,12672,7723,664,125,2338,2,0,7,5
2021-03-09T23:59:59+01:00,0,0,79,154,401,588,433,865,409,1144,428,790,449,364,1292,1357,2094,4218,29,42,205,277,236,458,216,616,215,338,230,199,600,708,953,2334,12446,7640,637,106,2162,2,0,7,5
2021-03-08T23:59:59+01:00,0,0,76,149,387,570,414,847,397,1091,417,748,433,349,1234,1321,2070,4180,29,42,205,276,233,452,212,611,210,334,228,198,587,703,943,2323,12256,7587,600,90,2004,1,0,7,4
2021-03-07T23:59:59+01:00,0,0,73,145,384,560,406,831,385,1077,410,742,430,344,1221,1301,2061,4171,29,42,204,275,233,450,210,610,210,333,227,197,583,700,935,2316,12189,7557,573,88,1952,0,0,7,4
2021-03-06T23:59:59+01:00,0,0,73,138,381,555,399,810,375,1022,402,707,428,343,1214,1290,2046,4156,29,42,204,275,232,449,210,609,210,333,227,197,580,700,933,2303,12131,7549,573,75,1806,0,0,7,4
2021-03-05T23:59:59+01:00,0,0,73,133,377,549,395,804,372,1005,390,681,416,329,1174,1248,2002,4097,29,42,203,274,231,448,209,607,209,330,225,196,575,699,925,2282,11915,7525,551,49,1743,0,0,7,4
2021-03-04T23:59:59+01:00,0,0,73,122,368,516,381,771,352,963,376,651,399,327,1122,1198,1918,4001,28,42,201,269,229,441,207,596,206,329,224,195,573,696,922,2279,11612,7477,518,48,1569,0,0,7,4
2021-03-03T23:59:59+01:00,0,0,68,115,359,500,373,754,347,941,362,631,389,319,1077,1164,1848,3879,28,42,201,268,228,439,204,586,206,322,223,192,568,693,915,2273,11336,7433,491,43,1457,0,0,6,4
2021-03-02T23:59:59+01:00,0,0,65,109,349,487,360,736,336,920,354,603,376,312,1042,1133,1750,3758,27,42,201,268,228,432,199,579,204,319,221,192,566,685,908,2260,11011,7374,467,43,1363,0,0,6,4
2021-03-01T23:59:59+01:00,0,0,64,107,343,473,353,716,325,895,347,569,371,308,1015,1101,1632,3603,27,41,200,267,226,423,197,571,204,315,220,192,563,678,899,2252,10669,7317,446,43,1255,0,0,6,4
2021-02-28T23:59:59+01:00,0,0,64,105,336,464,350,708,323,871,342,549,366,296,1006,1097,1622,3591,27,41,199,266,225,423,197,571,204,315,219,192,562,674,896,2249,10623,7302,435,43,1178,0,0,6,4
2021-02-27T23:59:59+01:00,0,0,61,96,332,455,346,704,317,858,338,539,362,292,997,1086,1600,3569,27,41,199,265,225,422,196,570,203,314,219,192,562,674,896,2249,10552,7301,423,38,1121,0,0,6,4
2021-02-26T23:59:59+01:00,0,0,59,93,325,431,321,673,297,827,325,518,358,288,972,1066,1558,3507,27,40,199,264,225,420,194,567,200,312,219,192,562,674,895,2246,10391,7283,420,38,946,0,0,6,3
2021-02-25T23:59:59+01:00,0,0,52,80,312,412,310,643,291,798,310,492,348,278,953,1047,1520,3461,27,40,198,261,221,417,191,559,195,311,214,189,551,666,884,2240,10238,7221,406,28,798,0,0,6,3
2021-02-24T23:59:59+01:00,0,0,48,75,303,400,303,630,286,783,306,482,342,277,933,1035,1473,3402,26,40,196,259,218,404,189,551,192,306,212,186,545,660,882,2227,10090,7156,392,20,728,0,0,6,3
2021-02-23T23:59:59+01:00,0,0,45,66,290,384,295,611,280,764,296,472,335,275,904,1016,1432,3329,25,40,195,257,216,399,188,545,188,303,211,185,543,649,876,2207,9913,7093,373,16,636,0,0,6,3
2021-02-22T23:59:59+01:00,0,0,42,63,283,372,291,600,276,753,292,468,328,268,882,1001,1402,3293,25,38,191,254,213,386,180,535,183,300,207,182,531,641,869,2190,9791,7001,357,5,593,0,0,5,3
2021-02-21T23:59:59+01:00,0,0,41,62,278,364,289,591,272,745,285,464,325,265,877,996,1395,3284,25,37,190,252,212,384,180,526,183,299,207,182,527,640,861,2177,9765,6956,349,5,543,0,0,4,3
2021-02-20T23:59:59+01:00,0,0,40,62,275,363,289,588,271,739,282,456,324,265,864,984,1362,3253,25,37,190,252,212,384,180,526,182,298,207,182,526,640,859,2176,9679,6950,338,5,521,0,0,4,3
2021-02-19T23:59:59+01:00,0,0,39,62,271,358,283,565,261,713,277,442,320,260,840,967,1328,3223,25,36,190,252,211,383,180,525,181,298,206,181,521,639,854,2159,9572,6915,323,5,432,0,0,3,3
2021-02-18T23:59:59+01:00,0,0,39,58,253,337,274,544,252,692,260,414,316,251,828,946,1302,3191,24,35,186,245,209,377,176,509,179,287,203,176,506,625,817,2092,9478,6720,297,5,298,0,0,3,3
2021-02-17T23:59:59+01:00,0,0,39,56,246,331,271,530,247,679,257,392,311,246,808,935,1273,3144,22,33,183,240,201,362,172,492,174,275,195,172,495,610,798,2053,9345,6549,287,4,244,0,0,3,3
2021-02-16T23:59:59+01:00,0,0,38,51,235,319,268,519,241,664,250,384,306,244,797,924,1247,3112,20,33,174,232,193,343,166,480,170,261,192,165,462,579,763,1985,9249,6289,279,4,180,0,0,3,3
2021-02-15T23:59:59+01:00,0,0,37,50,229,316,261,506,237,658,246,376,302,243,778,915,1235,3093,19,31,168,226,188,335,161,469,164,254,182,159,432,550,727,1914,9183,6050,265,4,143,0,0,3,3
2021-02-14T23:59:59+01:00,0,0,35,50,226,313,259,500,235,652,246,372,302,239,771,909,1226,3074,18,31,166,223,184,330,160,457,162,251,181,156,424,541,709,1870,9160,5933,232,4,125,0,0,3,3
2021-02-13T23:59:59+01:00,0,0,34,50,226,313,257,500,235,651,246,372,302,239,769,908,1225,3074,18,31,164,222,181,330,159,455,161,248,179,153,419,538,701,1855,9154,5886,232,1,123,0,0,3,3
2021-02-12T23:59:59+01:00,0,0,33,48,223,307,254,491,231,640,243,365,301,238,763,907,1222,3064,18,31,162,219,180,329,157,453,159,247,177,149,415,522,670,1789,9125,5749,232,1,79,0,0,3,3
2021-02-11T23:59:59+01:00,0,0,32,47,215,288,247,475,224,616,230,352,297,237,755,890,1197,3031,18,30,146,199,172,298,146,406,152,224,160,133,369,473,607,1621,9054,5221,165,1,18,0,0,3,3
2021-02-10T23:59:59+01:00,0,0,31,47,212,281,244,468,220,607,227,345,293,237,743,887,1189,3021,17,27,133,176,156,260,127,356,141,199,144,125,342,442,545,1496,8999,4746,148,1,7,0,0,3,1
2021-02-09T23:59:59+01:00,0,0,30,45,211,278,242,455,215,599,223,342,289,233,739,880,1180,3008,17,26,118,147,143,237,110,313,127,172,126,116,308,385,490,1338,8943,4227,124,1,3,0,0,3,1
2021-02-08T23:59:59+01:00,0,0,30,45,210,276,236,441,212,587,220,337,284,233,731,874,1174,3001,15,24,102,125,122,193,91,272,119,160,103,107,269,333,428,1202,8877,3714,109,1,3,0,0,3,1
2021-02-07T23:59:59+01:00,0,0,30,44,208,275,234,440,212,584,220,336,284,233,729,870,1169,2998,14,18,98,117,115,182,86,254,113,150,96,102,262,320,412,1152,8856,3537,106,1,0,0,0,3,1
2021-02-06T23:59:59+01:00,0,0,30,44,208,275,234,439,212,584,220,335,283,233,728,870,1168,2986,11,14,97,115,114,178,84,247,113,148,95,101,262,316,401,1137,8853,3476,92,1,0,0,0,3,1
2021-02-05T23:59:59+01:00,0,0,29,43,208,275,234,438,210,581,218,334,282,233,726,870,1156,2959,10,10,89,107,110,175,83,242,107,136,92,99,253,310,377,1108,8833,3349,57,0,0,0,0,3,1
2021-02-04T23:59:59+01:00,0,0,29,43,205,272,230,433,205,575,216,330,279,229,720,863,1147,2945,9,7,62,74,87,131,71,203,87,117,88,85,221,274,333,982,8758,2861,57,0,0,0,0,3,1
2021-02-03T23:59:59+01:00,0,0,29,42,205,270,229,421,202,569,215,327,276,226,710,860,1140,2929,6,4,45,56,68,107,53,157,74,87,63,60,166,200,252,719,8694,2141,50,0,0,0,0,3,1
2021-02-02T23:59:59+01:00,0,0,28,42,204,268,225,415,201,564,212,326,273,225,702,849,1133,2904,3,3,29,39,53,77,41,101,55,64,54,49,119,134,168,475,8614,1480,49,0,0,0,0,3,1
2021-02-01T23:59:59+01:00,0,0,27,40,202,268,222,410,198,558,208,318,271,222,695,846,1128,2892,3,1,22,21,27,45,28,62,31,34,38,31,72,86,97,286,8548,892,49,0,0,0,0,3,1
2021-01-31T23:59:59+01:00,0,0,27,40,202,266,220,406,196,550,207,317,270,222,691,842,1122,2877,3,1,20,16,18,37,21,49,23,30,35,25,57,74,94,256,8497,765,48,0,0,0,0,3,1
2021-01-30T23:59:59+01:00,0,0,27,40,202,266,220,405,195,550,207,317,270,222,690,842,1121,2875,3,1,19,15,16,37,19,45,21,29,34,24,57,71,92,250,8492,738,47,0,0,0,0,3,1
2021-01-29T23:59:59+01:00,0,0,27,40,202,263,219,404,194,549,205,315,270,222,685,839,1115,2867,3,0,16,10,11,31,18,40,17,26,34,23,54,70,90,244,8464,690,43,0,0,0,0,2,1
2021-01-28T23:59:59+01:00,0,0,27,39,195,260,219,398,193,540,202,310,269,222,673,831,1092,2847,3,0,3,3,6,18,10,22,8,12,26,16,37,47,60,173,8374,445,34,0,0,0,0,2,1
2021-01-27T23:59:59+01:00,0,0,26,37,190,255,214,389,191,526,199,300,261,217,658,813,1068,2809,1,0,2,3,5,14,9,20,7,11,25,15,31,41,50,132,8210,366,29,0,0,0,0,2,1
2021-01-26T23:59:59+01:00,0,0,23,37,187,244,208,376,186,508,196,292,255,212,636,796,1040,2758,1,0,1,3,5,14,9,20,7,11,24,12,30,37,49,115,8015,338,24,0,0,0,0,2,1
2021-01-25T23:59:59+01:00,0,0,23,36,179,242,205,366,181,498,191,281,245,207,613,776,1014,2713,1,0,1,3,4,12,8,17,7,10,21,10,26,36,41,104,7847,301,6,0,0,0,0,2,1
2021-01-24T23:59:59+01:00,0,0,22,35,177,239,202,365,180,496,190,279,245,205,609,771,1011,2708,1,0,1,3,3,12,8,17,7,10,21,10,26,36,40,102,7811,297,5,0,0,0,0,2,1
2021-01-23T23:59:59+01:00,0,0,22,35,177,239,200,365,180,495,190,279,245,205,608,771,1003,2695,1,0,1,3,3,11,8,17,6,10,21,10,26,36,40,102,7786,295,5,0,0,0,0,2,1
2021-01-22T23:59:59+01:00,0,0,21,34,175,235,199,365,180,494,189,279,245,203,606,769,975,2653,1,0,1,3,3,11,8,17,6,10,21,10,26,36,40,102,7699,295,5,0,0,0,0,2,1
2021-01-21T23:59:59+01:00,0,0,20,34,166,226,192,347,175,471,187,263,233,198,581,743,939,2600,1,0,1,3,1,6,7,12,4,6,20,8,22,26,35,85,7448,237,5,0,0,0,0,2,1
2021-01-20T23:59:59+01:00,0,0,19,32,151,200,174,305,146,415,173,239,215,187,539,697,870,2400,1,0,1,3,1,6,7,11,4,5,19,7,21,23,31,79,6828,219,4,0,0,0,0,2,1
2021-01-19T23:59:59+01:00,0,0,19,30,128,168,158,271,133,372,157,216,180,166,476,606,772,2126,1,0,1,3,1,6,5,7,2,3,11,3,10,15,22,57,6037,147,3,0,0,0,0,2,1
2021-01-18T23:59:59+01:00,0,0,16,29,113,150,136,227,115,323,140,189,142,151,386,501,637,1785,1,0,1,1,0,3,4,5,1,3,2,1,4,6,10,28,5095,70,3,0,0,0,0,2,1
2021-01-17T23:59:59+01:00,0,0,15,19,109,136,128,214,107,299,132,177,133,137,371,471,587,1682,1,0,0,0,0,1,2,4,1,2,1,1,3,1,2,5,4765,23,3,0,0,0,0,2,1
2021-01-16T23:59:59+01:00,0,0,13,15,105,133,126,209,104,289,130,171,130,133,366,463,570,1654,0,0,0,0,0,0,0,0,1,0,0,0,0,0,0,0,4659,0,0,0,0,0,0,2,1
2021-01-15T23:59:59+01:00,0,0,11,13,100,124,122,204,102,279,128,159,126,130,358,447,540,1610,0,0,0,0,0,0,0,0,1,0,0,0,0,0,0,0,4498,0,0,0,0,0,0,2,1
2021-01-14T23:59:59+01:00,0,0,9,9,75,91,103,167,84,234,111,142,114,109,306,397,475,1394,0,0,0,0,0,0,0,0,1,0,0,0,0,0,0,0,3855,0,0,0,0,0,0,2,1
2021-01-13T23:59:59+01:00,0,0,7,8,62,81,92,140,74,192,101,116,86,80,236,282,377,1064,0,0,0,0,0,0,0,0,1,0,0,0,0,0,0,0,3027,0,0,0,0,0,0,2,1
2021-01-12T23:59:59+01:00,0,0,5,6,53,62,75,110,66,135,79,92,70,64,166,202,274,745,0,0,0,0,0,0,0,0,1,0,0,0,0,0,0,0,2230,0,0,0,0,0,0,0,1
2021-01-11T23:59:59+01:00,0,0,4,4,45,49,62,81,52,108,57,65,50,43,96,123,145,419,0,0,0,0,0,0,0,0,1,0,0,0,0,0,0,0,1424,0,0,0,0,0,0,0,1
2021-01-10T23:59:59+01:00,0,0,3,4,41,37,46,67,38,86,47,56,45,33,79,109,136,365,0,0,0,0,0,0,0,0,1,0,0,0,0,0,0,0,1204,0,0,0,0,0,0,0,1
2021-01-09T23:59:59+01:00,0,0,3,3,38,36,41,64,35,76,41,51,44,33,79,107,133,363,0,0,0,0,0,0,0,0,1,0,0,0,0,0,0,0,1157,0,0,0,0,0,0,0,1
2021-01-08T23:59:59+01:00,0,0,3,2,31,28,34,57,29,63,36,45,42,30,74,104,129,352,0,0,0,0,0,0,0,0,1,0,0,0,0,0,0,0,1067,0,0,0,0,0,0,0,1
2021-01-07T23:59:59+01:00,0,0,3,2,9,3,9,20,12,28,12,22,35,21,52,69,89,250,0,0,0,0,0,0,0,0,1,0,0,0,0,0,0,0,638,0,0,0,0,0,0,0,1
2021-01-06T23:59:59+01:00,0,0,3,0,2,3,5,15,9,22,8,13,31,19,44,58,74,199,0,0,0,0,0,0,0,0,1,0,0,0,0,0,0,0,507,0,0,0,0,0,0,0,1
2021-01-05T23:59:59+01:00,0,0,2,0,1,3,5,14,9,20,8,12,30,18,43,57,71,191,0,0,0,0,0,0,0,0,1,0,0,0,0,0,0,0,486,0,0,0,0,0,0,0,1
2021-01-04T23:59:59+01:00,0,0,1,0,1,3,5,13,8,18,7,11,26,14,34,48,55,145,0,0,0,0,0,0,0,0,1,0,0,0,0,0,0,0,390,0,0,0,0,0,0,0,1
2021-01-03T23:59:59+01:00,0,0,1,0,1,3,4,13,8,18,6,11,26,14,34,48,55,144,0,0,0,0,0,0,0,0,1,0,0,0,0,0,0,0,387,0,0,0,0,0,0,0,1
2021-01-02T23:59:59+01:00,0,0,1,0,1,3,4,13,7,18,5,11,26,14,34,48,55,144,0,0,0,0,0,0,0,0,1,0,0,0,0,0,0,0,385,0,0,0,0,0,0,0,1
2021-01-01T23:59:59+01:00,0,0,1,0,1,3,4,13,7,18,5,11,26,14,34,48,55,144,0,0,0,0,0,0,0,0,1,0,0,0,0,0,0,0,385,0,0,0,0,0,0,0,1
2020-12-31T23:59:59+01:00,0,0,1,0,1,3,4,12,7,18,5,11,26,14,34,48,55,144,0,0,0,0,0,0,0,0,1,0,0,0,0,0,0,0,384,0,0,0,0,0,0,0,1
2020-12-30T23:59:59+01:00,0,0,1,0,1,3,4,12,7,17,5,11,26,14,34,48,55,144,0,0,0,0,0,0,0,0,1,0,0,0,0,0,0,0,383,0,0,0,0,0,0,0,1
2020-12-29T23:59:59+01:00,0,0,1,0,1,3,3,8,5,12,3,8,19,10,25,40,40,117,0,0,0,0,0,0,0,0,1,0,0,0,0,0,0,0,296,0,0,0,0,0,0,0,1
2020-12-28T23:59:59+01:00,0,0,1,0,1,1,1,2,3,6,2,4,11,3,8,15,24,58,0,0,0,0,0,0,0,0,1,0,0,0,0,0,0,0,141,0,0,0,0,0,0,0,1
2020-12-27T23:59:59+01:00,0,0,1,0,0,0,0,1,2,6,0,2,2,1,5,4,5,20,0,0,0,0,0,0,0,0,0,0,0,0,0,0,0,0,49,0,0,0,0,0,0,0,0
