Datum,<24_1_m,<24_1_w,25-34_1_m,25-34_1_w,35-44_1_m,35-44_1_w,45-54_1_m,45-54_1_w,55-64_1_m,55-64_1_w,65-74_1_m,65-74_1_w,75-84_1_m,75-84_1_w,>84_1_m,>84_1_w,<24_2_m,<24_2_w,25-34_2_m,25-34_2_w,35-44_2_m,35-44_2_w,45-54_2_m,45-54_2_w,55-64_2_m,55-64_2_w,65-74_2_m,65-74_2_w,75-84_2_m,75-84_2_w,>84_2_m,>84_2_w,bp_1,bp_2,mo_1,mo_2,az_1,az_2,ja
2021-06-09T23:59:59+02:00,1063,1115,3092,2478,3563,3048,3486,4647,2899,3740,1487,1901,1784,2178,1297,2964,304,385,976,989,1114,1473,1066,2186,1093,1780,787,1104,1167,1491,788,1972,26745,12418,4650,1281,7680,3122,1973
2021-06-08T23:59:59+02:00,1010,1077,2966,2411,3458,2976,3415,4576,2856,3722,1481,1897,1782,2177,1296,2962,285,375,938,965,1074,1443,1026,2139,1067,1722,769,1073,1159,1481,785,1971,26279,12228,4528,1257,7672,3018,1888
2021-06-07T23:59:59+02:00,981,1051,2867,2349,3354,2944,3340,4522,2818,3706,1472,1890,1781,2176,1296,2961,278,366,898,937,1028,1419,981,2091,1018,1673,760,1054,1151,1467,785,1969,25941,12090,4436,1223,7666,2911,1770
2021-06-06T23:59:59+02:00,957,1034,2811,2320,3276,2915,3291,4495,2793,3693,1471,1887,1779,2175,1296,2961,269,353,885,916,1005,1401,970,2045,995,1618,748,1041,1146,1462,785,1967,25752,12006,4317,1180,7661,2810,1729
2021-06-05T23:59:59+02:00,943,1015,2754,2279,3230,2895,3262,4476,2783,3691,1471,1886,1779,2175,1296,2960,265,347,877,903,992,1389,950,2025,970,1603,738,1022,1146,1459,785,1967,25518,11889,4313,1177,7658,2779,1711
2021-06-04T23:59:59+02:00,919,998,2714,2237,3156,2861,3219,4427,2759,3680,1467,1883,1777,2175,1296,2960,257,341,861,885,979,1379,936,2006,948,1580,731,1002,1140,1454,785,1965,25221,11784,4275,1172,7656,2730,1681
2021-06-03T23:59:59+02:00,871,961,2569,2158,2990,2780,3070,4315,2692,3623,1461,1874,1773,2172,1296,2960,243,334,834,865,947,1338,881,1938,910,1533,705,964,1135,1444,785,1964,24591,11616,4076,1160,7642,2601,1561
2021-06-02T23:59:59+02:00,846,954,2518,2104,2956,2755,3012,4270,2668,3603,1459,1871,1773,2171,1296,2960,236,329,823,855,926,1325,850,1915,874,1495,697,936,1132,1441,785,1964,24290,11443,4058,1149,7642,2576,1531
2021-06-01T23:59:59+02:00,794,907,2380,2013,2800,2667,2872,4181,2619,3547,1450,1861,1770,2167,1296,2960,224,311,753,818,855,1275,796,1822,826,1420,675,890,1127,1431,785,1960,23718,11201,3861,1115,7630,2390,1378
2021-05-31T23:59:59+02:00,747,879,2270,1962,2701,2597,2788,4109,2573,3505,1448,1853,1768,2165,1296,2960,209,301,727,800,814,1252,767,1761,791,1375,659,866,1121,1427,784,1959,23382,11063,3642,1102,7611,2275,1289
2021-05-30T23:59:59+02:00,734,870,2233,1930,2661,2577,2758,4078,2561,3483,1446,1851,1768,2165,1296,2959,203,288,702,778,786,1219,750,1709,778,1331,649,853,1118,1422,784,1957,23250,10986,3588,1094,7605,2133,1229
2021-05-29T23:59:59+02:00,729,866,2215,1916,2640,2570,2744,4063,2552,3476,1445,1850,1768,2165,1296,2959,200,281,694,770,770,1196,740,1659,765,1304,642,838,1117,1418,783,1957,23137,10925,3587,1094,7603,2001,1229
2021-05-28T23:59:59+02:00,724,854,2186,1886,2603,2550,2721,4041,2540,3464,1445,1848,1766,2160,1296,2959,198,277,688,760,763,1175,728,1629,739,1267,628,813,1115,1411,782,1955,22941,10789,3576,1092,7601,1933,1227
2021-05-27T23:59:59+02:00,669,831,2056,1834,2483,2489,2589,3970,2472,3420,1439,1839,1765,2157,1296,2957,186,258,626,717,694,1111,656,1545,682,1192,613,785,1108,1397,782,1953,22507,10623,3447,1055,7576,1705,1034
2021-05-26T23:59:59+02:00,641,797,1969,1768,2337,2429,2496,3909,2426,3381,1429,1832,1763,2150,1294,2952,180,241,591,682,646,1075,620,1477,642,1139,601,759,1097,1369,781,1951,22143,10426,3261,1046,7556,1581,909
2021-05-25T23:59:59+02:00,611,779,1887,1723,2241,2390,2405,3830,2386,3354,1421,1824,1761,2148,1293,2950,170,229,572,660,613,1041,588,1417,609,1084,584,739,1082,1351,780,1949,21836,10257,3091,1015,7523,1460,847
2021-05-24T23:59:59+02:00,593,760,1838,1683,2173,2358,2345,3782,2343,3318,1412,1820,1757,2147,1293,2949,168,220,551,644,586,1009,564,1372,589,1040,570,724,1078,1349,780,1949,21682,10194,2940,1006,7492,1354,750
2021-05-23T23:59:59+02:00,589,759,1827,1674,2163,2344,2340,3771,2333,3303,1411,1818,1757,2146,1293,2949,166,218,548,643,578,1005,553,1363,581,1034,569,718,1075,1346,779,1947,21591,10139,2939,1002,7491,1344,749
2021-05-22T23:59:59+02:00,581,751,1807,1659,2140,2333,2320,3745,2313,3279,1404,1811,1757,2145,1293,2948,164,212,541,638,574,999,544,1358,577,1027,559,709,1071,1337,779,1947,21409,10092,2938,1002,7489,1312,740
2021-05-21T23:59:59+02:00,569,735,1729,1629,2068,2289,2270,3705,2282,3240,1398,1805,1756,2144,1293,2948,164,209,537,632,563,991,532,1346,563,1012,551,686,1065,1333,779,1946,21027,10025,2912,1002,7471,1255,737
2021-05-20T23:59:59+02:00,531,705,1601,1566,1945,2219,2150,3616,2213,3163,1383,1794,1753,2139,1293,2946,156,199,501,597,541,954,504,1290,540,957,535,661,1058,1327,779,1945,20433,9931,2808,994,7394,1061,667
2021-05-19T23:59:59+02:00,496,663,1503,1511,1813,2156,2033,3518,2131,3084,1369,1781,1747,2136,1291,2946,142,187,475,577,513,923,476,1237,518,903,524,647,1049,1306,778,1942,19796,9804,2751,979,7362,971,549
2021-05-18T23:59:59+02:00,464,641,1427,1459,1734,2099,1935,3401,2051,3001,1359,1765,1742,2129,1291,2943,125,179,455,556,495,890,459,1161,498,841,512,627,1045,1294,777,1939,19361,9703,2602,945,7316,870,441
2021-05-17T23:59:59+02:00,439,627,1385,1423,1689,2051,1878,3315,2017,2938,1340,1749,1739,2123,1291,2942,119,172,441,544,488,851,452,1099,493,794,498,598,1043,1286,777,1939,19107,9647,2501,922,7265,780,351
2021-05-16T23:59:59+02:00,434,626,1358,1397,1657,2031,1840,3264,1972,2894,1325,1740,1737,2119,1291,2942,115,170,434,525,477,832,441,1053,478,756,477,579,1041,1282,777,1938,18959,9607,2437,895,7232,701,276
2021-05-15T23:59:59+02:00,427,619,1336,1380,1643,2012,1825,3242,1946,2868,1321,1738,1737,2118,1290,2942,115,168,432,525,477,831,438,1048,472,749,474,576,1039,1281,777,1938,18785,9582,2437,895,7227,695,272
2021-05-14T23:59:59+02:00,416,606,1309,1348,1602,1973,1753,3180,1907,2833,1316,1733,1736,2118,1288,2942,113,165,430,509,457,807,423,1019,461,731,464,566,1037,1277,777,1937,18472,9543,2398,881,7208,595,258
2021-05-13T23:59:59+02:00,396,583,1253,1313,1507,1926,1652,3101,1850,2755,1294,1723,1730,2117,1286,2939,110,161,421,504,449,794,418,1005,450,718,448,543,1029,1259,777,1933,18104,9477,2198,849,7164,563,233
2021-05-12T23:59:59+02:00,389,577,1238,1308,1495,1918,1635,3080,1840,2742,1292,1718,1725,2116,1286,2939,109,160,421,504,448,789,412,1000,448,712,442,532,1028,1254,777,1933,18003,9435,2179,843,7160,563,230
2021-05-11T23:59:59+02:00,372,555,1170,1279,1399,1881,1536,2987,1764,2681,1282,1696,1720,2108,1286,2939,104,150,407,477,426,767,400,970,426,691,429,509,1021,1250,777,1933,17649,9361,2027,818,7070,479,181
2021-05-10T23:59:59+02:00,358,539,1138,1256,1348,1851,1474,2930,1719,2624,1276,1685,1717,2102,1286,2936,102,147,401,469,417,745,394,951,421,666,423,498,1020,1247,777,1933,17419,9320,1958,811,6976,427,155
2021-05-09T23:59:59+02:00,352,525,1100,1243,1326,1833,1427,2897,1673,2590,1269,1674,1715,2097,1286,2935,97,144,397,462,409,737,387,940,412,659,414,487,1017,1245,777,1932,17225,9292,1912,805,6937,385,136
2021-05-08T23:59:59+02:00,345,523,1094,1222,1301,1823,1414,2879,1653,2577,1263,1670,1714,2096,1285,2935,97,144,396,462,407,736,386,934,412,655,413,486,1013,1237,777,1932,17082,9279,1909,799,6935,375,136
2021-05-07T23:59:59+02:00,337,515,1076,1198,1258,1802,1360,2828,1615,2532,1257,1663,1713,2091,1285,2932,94,140,384,449,398,709,375,904,397,631,407,463,1004,1227,777,1931,16860,9231,1883,778,6876,275,108
2021-05-06T23:59:59+02:00,321,503,990,1158,1147,1746,1227,2715,1508,2459,1234,1637,1712,2083,1285,2930,91,135,371,436,391,689,363,887,381,613,401,453,994,1217,777,1929,16436,9187,1717,764,6684,197,82
2021-05-05T23:59:59+02:00,309,489,958,1135,1108,1713,1163,2653,1451,2394,1220,1614,1707,2072,1285,2926,91,130,367,430,386,677,360,880,373,596,388,440,980,1204,777,1928,16075,9131,1664,746,6642,156,76
2021-05-04T23:59:59+02:00,299,478,925,1116,1074,1690,1117,2607,1410,2343,1207,1586,1703,2065,1284,2924,89,128,361,420,384,671,352,865,365,580,379,425,972,1185,777,1928,15797,9067,1607,723,6609,121,71
2021-05-03T23:59:59+02:00,296,468,898,1097,1041,1678,1086,2575,1379,2308,1196,1559,1698,2059,1283,2922,84,122,351,416,376,661,350,860,356,572,369,413,963,1174,776,1926,15591,9001,1586,717,6571,101,49
2021-05-02T23:59:59+02:00,293,466,882,1086,1022,1665,1066,2563,1370,2285,1189,1549,1697,2058,1283,2920,82,122,346,413,374,657,347,854,354,566,361,405,948,1166,776,1926,15493,8972,1573,701,6546,89,34
2021-05-01T23:59:59+02:00,290,463,876,1079,1013,1656,1056,2551,1359,2271,1185,1542,1696,2056,1283,2920,82,122,346,412,373,656,346,851,353,565,360,405,948,1166,776,1926,15394,8965,1573,701,6546,86,34
2021-04-30T23:59:59+02:00,286,456,867,1064,993,1639,1023,2484,1319,2228,1176,1527,1693,2054,1283,2917,81,120,345,409,370,648,345,825,348,560,356,400,946,1161,776,1925,15139,8953,1570,692,6544,63,6
2021-04-29T23:59:59+02:00,274,449,832,1041,961,1608,981,2428,1243,2163,1146,1494,1691,2048,1283,2916,81,119,341,407,366,644,340,813,342,551,348,391,938,1154,776,1923,14768,8913,1538,672,6494,42,6
2021-04-28T23:59:59+02:00,263,446,820,1027,934,1596,948,2393,1190,2102,1124,1453,1686,2046,1283,2916,77,119,335,402,362,637,338,805,340,540,335,379,928,1144,776,1922,14511,8857,1501,646,6455,28,6
2021-04-27T23:59:59+02:00,260,437,810,1015,919,1586,928,2372,1170,2074,1104,1419,1681,2043,1283,2914,76,116,333,399,361,632,336,800,335,534,331,370,919,1131,775,1921,14347,8814,1480,624,6427,23,6
2021-04-26T23:59:59+02:00,258,432,803,1007,909,1580,906,2350,1125,2032,1091,1398,1674,2040,1282,2913,76,116,331,397,360,631,334,798,332,530,325,360,914,1124,775,1921,14193,8787,1467,608,6378,21,6
2021-04-25T23:59:59+02:00,258,429,796,1000,897,1570,892,2336,1097,2004,1077,1380,1671,2034,1282,2912,75,116,331,393,357,629,334,796,331,529,323,357,912,1117,775,1920,14085,8777,1446,596,6339,14,6
2021-04-24T23:59:59+02:00,253,425,789,997,884,1560,882,2319,1075,1990,1071,1360,1669,2032,1282,2912,75,116,331,393,357,629,333,796,331,526,322,356,912,1116,775,1920,13960,8774,1446,592,6327,14,6
2021-04-23T23:59:59+02:00,250,419,779,988,880,1553,864,2306,1016,1951,1062,1339,1666,2027,1282,2909,75,115,331,393,357,628,332,794,330,525,316,348,910,1112,775,1920,13843,8758,1436,581,6241,14,6
2021-04-22T23:59:59+02:00,249,411,759,970,865,1535,830,2262,980,1901,1040,1301,1659,2016,1282,2906,75,112,329,391,354,621,329,787,329,521,313,343,902,1102,774,1919,13620,8714,1390,572,6182,7,6
2021-04-21T23:59:59+02:00,243,406,744,956,843,1519,801,2230,934,1857,1016,1256,1654,2004,1282,2905,73,110,327,389,353,618,327,783,326,514,312,339,894,1087,772,1915,13368,8669,1369,555,6136,7,6
2021-04-20T23:59:59+02:00,238,400,731,936,829,1499,781,2179,906,1812,982,1195,1642,1991,1281,2904,73,110,325,389,350,615,325,778,326,510,310,332,884,1067,771,1915,13136,8622,1306,543,6085,7,6
2021-04-19T23:59:59+02:00,236,391,721,925,816,1483,769,2153,886,1784,959,1158,1638,1987,1281,2901,73,109,323,386,347,610,323,770,323,502,310,327,870,1050,770,1909,12985,8566,1293,524,6031,5,5
2021-04-18T23:59:59+02:00,234,387,711,920,801,1474,755,2140,869,1766,939,1127,1635,1982,1279,2899,72,107,322,385,346,610,322,766,323,500,309,322,864,1047,769,1909,12888,8546,1267,515,5982,5,5
2021-04-17T23:59:59+02:00,232,383,705,917,797,1474,751,2134,866,1759,927,1110,1633,1978,1279,2899,71,104,321,383,346,610,321,762,323,497,308,317,860,1040,769,1909,12831,8516,1266,513,5966,5,5
2021-04-16T23:59:59+02:00,231,380,700,915,783,1459,741,2115,836,1720,896,1058,1627,1969,1278,2897,67,102,318,378,345,608,317,754,318,482,296,297,857,1029,765,1903,12661,8450,1253,473,5909,5,5
2021-04-15T23:59:59+02:00,228,376,685,897,768,1447,719,2076,797,1678,870,1021,1617,1950,1277,2891,66,102,315,372,340,607,310,749,311,479,290,290,837,1009,763,1896,12465,8376,1242,447,5807,5,5
2021-04-14T23:59:59+02:00,225,370,677,891,760,1433,711,2047,782,1653,837,983,1594,1908,1274,2886,63,97,312,370,337,603,308,743,304,469,284,278,818,992,762,1890,12271,8299,1228,418,5747,5,5
2021-04-13T23:59:59+02:00,221,365,670,887,751,1422,703,2025,754,1624,803,932,1578,1881,1272,2881,61,96,309,366,329,598,304,737,299,463,280,273,807,982,757,1887,12133,8242,1185,394,5666,4,5
2021-04-12T23:59:59+02:00,220,364,667,883,743,1410,688,2008,739,1607,774,900,1567,1868,1272,2877,60,92,300,360,325,592,299,732,294,458,271,265,802,973,757,1881,12043,8179,1168,368,5589,4,5
2021-04-11T23:59:59+02:00,216,363,661,879,737,1405,681,1996,728,1591,756,876,1560,1851,1272,2873,58,90,295,358,324,590,297,730,291,451,267,260,794,969,755,1880,11999,8139,1150,355,5509,4,5
2021-04-10T23:59:59+02:00,216,363,661,878,735,1403,676,1989,723,1586,749,860,1554,1841,1272,2873,53,82,272,345,311,577,287,718,275,442,258,252,789,956,753,1878,11958,7986,1144,345,5489,4,5
2021-04-09T23:59:59+02:00,216,359,658,876,727,1376,667,1910,708,1505,722,809,1534,1822,1272,2868,44,77,258,331,293,563,271,706,265,429,247,247,769,932,750,1874,11852,7803,1124,335,5265,4,4
2021-04-08T23:59:59+02:00,215,355,653,872,721,1369,657,1891,690,1485,683,754,1507,1803,1271,2866,42,74,249,316,278,556,256,691,247,413,234,228,755,914,745,1857,11749,7618,1088,316,5167,4,4
2021-04-07T23:59:59+02:00,209,352,647,865,713,1358,642,1866,677,1456,649,712,1482,1763,1268,2859,40,70,232,302,269,549,250,680,238,399,220,218,726,892,743,1844,11619,7447,1055,301,5053,4,4
2021-04-06T23:59:59+02:00,206,351,641,861,701,1344,626,1842,654,1435,628,674,1464,1734,1266,2858,39,69,231,300,266,547,241,677,232,393,216,212,710,866,741,1836,11541,7370,1031,282,4920,4,4
2021-04-05T23:59:59+02:00,206,351,641,854,695,1335,620,1826,646,1422,607,650,1454,1712,1266,2857,39,69,230,297,265,542,237,670,231,391,216,206,691,845,741,1830,11508,7311,1020,264,4818,4,4
2021-04-04T23:59:59+02:00,205,349,641,849,689,1324,614,1808,642,1405,598,638,1453,1710,1266,2856,39,69,229,297,265,542,237,670,230,391,215,206,681,831,741,1827,11493,7281,1019,264,4739,4,4
2021-04-03T23:59:59+02:00,205,349,641,849,688,1322,614,1805,636,1403,586,631,1452,1702,1265,2855,39,69,229,297,265,542,237,670,230,389,215,206,681,827,741,1825,11463,7273,1019,264,4725,4,4
2021-04-02T23:59:59+02:00,205,348,641,847,687,1319,611,1798,631,1395,577,622,1444,1692,1264,2854,39,69,226,296,264,540,236,663,225,384,211,204,667,804,738,1812,11419,7195,1013,258,4706,4,4
2021-04-01T23:59:59+02:00,201,342,638,839,676,1306,605,1778,618,1375,556,597,1423,1664,1263,2842,38,68,218,293,263,536,233,654,221,379,203,202,647,777,731,1788,11333,7076,973,250,4617,4,4
2021-03-31T23:59:59+02:00,198,340,632,832,668,1291,597,1733,609,1339,545,586,1401,1621,1257,2834,38,68,216,292,262,534,232,648,214,377,197,198,620,743,727,1762,11264,6962,932,241,4487,4,4
2021-03-30T23:59:59+02:00,196,334,627,825,665,1263,591,1698,599,1301,535,571,1374,1582,1254,2827,38,66,214,290,260,532,229,643,212,370,192,194,608,721,716,1747,11182,6875,903,231,4355,4,4
2021-03-29T23:59:59+02:00,192,328,621,809,661,1253,582,1668,591,1263,522,551,1342,1542,1247,2813,38,66,213,289,259,530,229,637,209,362,188,191,593,705,712,1738,11052,6810,876,223,4255,3,4
2021-03-28T23:59:59+02:00,184,312,615,801,657,1246,578,1650,589,1246,517,534,1317,1516,1244,2806,38,65,210,289,254,524,227,633,209,360,186,190,585,698,711,1734,11002,6769,843,218,4165,3,4
2021-03-27T23:59:59+01:00,183,310,612,797,654,1241,574,1641,587,1238,513,526,1313,1509,1244,2805,38,64,210,289,254,524,227,627,207,356,183,188,579,689,704,1724,10969,6726,839,211,4136,3,4
2021-03-26T23:59:59+01:00,181,308,605,787,650,1231,565,1622,582,1218,503,513,1305,1493,1236,2800,38,64,210,289,253,522,227,627,200,345,181,183,559,665,695,1707,10900,6628,819,211,4074,3,4
2021-03-25T23:59:59+01:00,177,307,596,776,638,1211,549,1586,572,1184,492,497,1279,1471,1231,2793,38,64,206,283,253,522,221,624,198,343,174,182,535,641,675,1674,10823,6506,795,199,3934,3,4
2021-03-24T23:59:59+01:00,174,296,587,767,633,1196,544,1554,564,1152,484,484,1258,1440,1225,2784,37,64,206,282,253,521,221,623,194,340,171,176,513,625,662,1628,10747,6398,768,191,3819,3,3
2021-03-23T23:59:59+01:00,172,294,581,758,618,1185,537,1533,553,1118,476,470,1238,1422,1215,2777,36,63,205,280,250,520,217,618,191,335,166,173,493,614,638,1586,10687,6272,750,185,3700,3,3
2021-03-22T23:59:59+01:00,166,286,563,744,605,1165,527,1509,542,1094,473,459,1227,1406,1212,2769,36,62,204,278,248,519,216,612,190,332,164,168,479,596,601,1547,10640,6143,728,181,3568,3,3
2021-03-21T23:59:59+01:00,164,285,557,737,602,1160,523,1483,534,1062,466,451,1211,1401,1209,2761,36,62,203,277,247,518,215,611,189,330,163,165,474,594,595,1543,10616,6118,715,176,3461,3,2
2021-03-20T23:59:59+01:00,162,285,553,735,601,1158,520,1481,534,1058,460,444,1199,1386,1204,2756,36,62,203,277,246,518,215,609,189,325,160,164,470,588,590,1534,10578,6085,711,173,3432,3,2
2021-03-19T23:59:59+01:00,154,274,548,723,595,1149,519,1468,521,1040,442,412,1168,1356,1196,2750,36,62,203,276,245,518,214,601,187,322,160,161,459,565,582,1509,10479,6004,665,168,3352,2,2
2021-03-18T23:59:59+01:00,151,270,533,716,573,1116,505,1420,500,996,422,395,1143,1327,1188,2730,36,62,200,274,244,508,214,595,185,320,158,158,446,554,575,1483,10365,5926,629,157,3167,2,2
2021-03-17T23:59:59+01:00,145,262,522,705,563,1112,498,1407,489,980,407,381,1117,1306,1183,2717,36,61,200,274,243,505,213,595,185,318,158,156,438,548,561,1458,10248,5863,597,155,3122,2,2
2021-03-16T23:59:59+01:00,139,256,512,692,550,1099,486,1370,477,953,399,364,1084,1263,1179,2704,36,60,200,272,243,500,213,594,183,318,155,156,433,535,548,1432,10135,5794,564,153,2998,2,1
2021-03-15T23:59:59+01:00,137,250,498,677,539,1073,476,1334,467,920,387,350,1064,1234,1173,2693,35,60,199,269,242,497,213,593,181,318,153,153,424,528,541,1408,10027,5734,524,150,2889,2,0
2021-03-14T23:59:59+01:00,132,236,486,661,530,1050,470,1287,457,881,374,342,1043,1217,1169,2682,35,60,199,267,240,496,212,589,180,313,152,150,421,524,537,1403,9952,5715,501,133,2729,2,0
2021-03-13T23:59:59+01:00,127,222,461,640,505,1026,449,1263,435,864,358,335,1030,1202,1168,2678,35,60,199,267,240,496,212,589,179,312,151,150,416,516,520,1386,9766,5665,492,132,2661,2,0
2021-03-12T23:59:59+01:00,117,211,435,615,485,996,430,1232,413,829,340,321,993,1164,1159,2657,35,60,199,267,240,495,212,589,179,312,148,148,408,506,511,1376,9517,5619,481,132,2552,2,0
2021-03-11T23:59:59+01:00,109,199,403,578,449,957,398,1163,388,768,323,292,953,1120,1135,2623,35,60,198,264,234,491,210,584,177,308,146,147,399,496,499,1356,9235,5571,453,99,2315,2,0
2021-03-10T23:59:59+01:00,104,191,385,559,434,936,383,1125,369,731,307,278,909,1080,1124,2581,35,60,195,259,232,484,208,579,177,305,144,145,386,490,490,1333,9018,5501,434,87,2187,2,0
2021-03-09T23:59:59+01:00,103,185,373,539,415,906,369,1081,357,696,298,268,877,1055,1103,2562,35,60,194,255,231,477,205,575,174,302,144,144,378,484,485,1318,8884,5452,416,75,2021,2,0
2021-03-08T23:59:59+01:00,100,178,360,525,399,883,360,1031,350,658,288,260,850,1023,1092,2547,35,60,194,253,227,471,201,568,170,300,142,144,371,481,479,1310,8772,5415,390,58,1874,1,0
2021-03-07T23:59:59+01:00,97,171,357,517,387,864,350,1018,349,653,285,257,842,1011,1088,2540,35,60,194,252,227,469,200,567,170,300,142,144,367,478,475,1308,8718,5399,372,56,1826,0,0
2021-03-06T23:59:59+01:00,97,166,352,514,381,839,345,968,339,624,284,255,835,1001,1083,2534,35,60,194,252,226,468,200,566,170,300,142,144,366,478,474,1302,8682,5394,372,50,1691,0,0
2021-03-05T23:59:59+01:00,95,160,348,508,379,834,343,952,328,601,279,244,805,967,1071,2509,35,60,193,251,225,467,199,564,169,298,141,143,363,477,471,1291,8554,5377,356,37,1635,0,0
2021-03-04T23:59:59+01:00,95,151,334,474,370,803,326,905,317,580,268,242,770,925,1037,2469,35,60,191,246,224,460,197,554,166,296,140,142,362,475,469,1288,8380,5335,336,36,1470,0,0
2021-03-03T23:59:59+01:00,92,144,325,461,365,790,321,885,308,560,262,233,739,899,1013,2408,35,59,191,246,223,457,196,545,166,289,140,139,361,472,466,1285,8229,5305,321,31,1371,0,0
2021-03-02T23:59:59+01:00,87,139,317,451,354,775,314,866,301,535,252,229,716,878,967,2347,34,59,191,246,223,449,191,541,164,287,139,139,360,466,466,1277,8043,5265,306,31,1291,0,0
2021-03-01T23:59:59+01:00,85,136,313,439,346,758,306,837,293,506,251,223,697,852,910,2274,34,58,190,245,220,440,190,534,162,283,139,139,359,462,462,1272,7856,5222,292,31,1188,0,0
2021-02-28T23:59:59+01:00,85,134,307,430,343,747,306,813,288,487,247,217,692,848,903,2267,34,58,188,244,220,440,190,534,162,283,138,139,359,459,462,1271,7825,5214,283,31,1114,0,0
2021-02-27T23:59:59+01:00,82,124,303,420,337,746,302,801,284,477,243,215,685,836,893,2252,34,58,188,243,220,439,189,533,161,282,138,139,359,459,462,1271,7774,5213,274,26,1058,0,0
2021-02-26T23:59:59+01:00,80,119,297,398,310,712,283,772,275,458,241,213,667,812,883,2221,34,57,188,242,220,437,188,530,159,280,138,139,359,459,462,1269,7684,5198,272,26,888,0,0
2021-02-25T23:59:59+01:00,73,106,285,380,304,681,275,745,263,438,233,210,656,795,867,2191,34,57,187,240,216,434,184,522,155,279,137,136,351,454,458,1265,7587,5154,261,18,755,0,0
2021-02-24T23:59:59+01:00,67,99,280,370,298,667,271,733,259,429,230,210,640,784,844,2156,33,57,186,238,213,421,183,514,153,274,136,134,347,453,457,1258,7492,5105,254,13,690,0,0
2021-02-23T23:59:59+01:00,59,89,271,361,288,647,265,718,254,421,226,208,629,768,827,2117,32,57,185,235,211,416,181,509,151,270,136,132,344,447,455,1250,7396,5061,245,10,604,0,0
2021-02-22T23:59:59+01:00,55,86,265,347,285,639,263,707,251,419,219,204,615,756,813,2090,32,55,181,232,205,402,175,500,146,266,135,131,338,444,452,1243,7313,4992,234,4,563,0,0
2021-02-21T23:59:59+01:00,51,84,264,341,283,629,258,698,246,415,218,203,611,752,808,2085,32,54,180,230,205,400,174,491,146,264,135,131,334,444,450,1235,7296,4959,229,4,515,0,0
2021-02-20T23:59:59+01:00,50,84,262,340,283,625,257,691,243,410,217,203,601,742,789,2065,32,54,180,230,205,400,174,491,145,263,135,131,333,444,449,1234,7237,4954,223,4,495,0,0
2021-02-19T23:59:59+01:00,49,84,256,335,278,598,250,671,239,399,214,199,589,730,774,2052,32,53,180,230,204,399,174,490,144,263,135,130,328,443,445,1227,7180,4931,217,4,409,0,0
2021-02-18T23:59:59+01:00,47,78,238,318,270,576,241,653,225,373,211,193,582,722,760,2036,32,52,178,224,203,390,170,476,143,256,133,126,315,434,431,1189,7128,4805,200,4,282,0,0
2021-02-17T23:59:59+01:00,47,76,233,313,268,560,236,639,223,355,207,189,567,716,746,2008,30,50,175,218,195,374,165,459,137,246,127,122,309,423,419,1169,7037,4670,195,3,236,0,0
2021-02-16T23:59:59+01:00,44,70,225,302,265,546,231,626,217,350,203,189,556,710,734,1990,28,50,166,209,186,355,161,446,133,234,126,117,289,399,402,1135,6974,4488,193,3,174,0,0
2021-02-15T23:59:59+01:00,43,69,219,299,257,533,229,620,214,341,202,188,546,706,729,1977,27,48,161,204,181,349,157,436,129,229,114,113,274,385,383,1089,6930,4331,187,3,138,0,0
2021-02-14T23:59:59+01:00,41,69,216,296,254,526,227,617,214,337,202,184,540,704,725,1966,26,47,159,202,177,344,157,423,128,227,114,110,267,379,374,1068,6913,4253,166,3,120,0,0
2021-02-13T23:59:59+01:00,40,69,216,296,253,526,227,616,214,337,202,184,539,703,725,1966,26,47,157,201,174,344,156,420,126,225,114,110,265,376,369,1063,6909,4226,166,1,119,0,0
2021-02-12T23:59:59+01:00,39,67,214,292,250,515,223,606,211,332,201,182,534,702,723,1960,26,46,155,199,173,343,153,418,126,223,113,107,264,366,351,1026,6886,4142,166,1,79,0,0
2021-02-11T23:59:59+01:00,38,65,206,274,243,497,213,582,199,317,199,181,528,689,708,1939,25,44,139,181,166,309,143,375,122,204,104,97,238,338,319,936,6823,3789,117,1,17,0,0
2021-02-10T23:59:59+01:00,38,65,201,268,241,489,211,574,196,311,197,181,524,686,703,1931,23,43,127,161,154,270,126,332,112,179,92,91,219,317,287,868,6781,3442,107,1,7,0,0
2021-02-09T23:59:59+01:00,37,63,199,265,240,476,207,569,192,309,195,177,523,679,700,1923,23,41,111,135,139,248,113,287,102,156,78,83,197,270,259,786,6740,3065,89,1,3,0,0
2021-02-08T23:59:59+01:00,37,63,198,261,233,461,204,558,188,304,192,177,517,676,697,1920,21,38,93,116,119,199,97,254,92,143,67,79,173,234,226,704,6687,2688,72,1,3,0,0
2021-02-07T23:59:59+01:00,37,62,195,259,233,459,204,556,188,304,192,177,516,673,697,1919,20,32,89,109,112,186,91,237,89,132,62,76,166,222,219,676,6676,2548,69,1,0,0,0
2021-02-06T23:59:59+01:00,37,62,195,259,233,458,204,555,187,304,192,177,516,673,696,1913,15,25,89,108,111,180,89,233,89,128,61,76,166,218,214,666,6673,2497,62,1,0,0,0
2021-02-05T23:59:59+01:00,37,61,195,259,233,457,203,552,185,303,192,177,516,673,690,1894,12,20,82,102,108,176,87,231,84,117,59,75,161,214,201,653,6657,2409,42,0,0,0,0
2021-02-04T23:59:59+01:00,36,61,195,257,228,453,199,546,183,300,192,174,514,668,687,1887,9,11,57,72,84,134,76,197,63,96,54,68,143,189,174,582,6610,2029,42,0,0,0,0
2021-02-03T23:59:59+01:00,36,58,195,255,227,441,195,540,183,297,192,172,507,667,682,1876,6,6,41,56,68,110,59,151,48,73,40,44,114,134,136,429,6558,1530,37,0,0,0,0
2021-02-02T23:59:59+01:00,35,58,194,252,224,435,193,535,181,294,190,171,501,660,677,1863,4,5,27,37,52,78,47,97,37,56,32,29,82,98,95,278,6496,1065,37,0,0,0,0
2021-02-01T23:59:59+01:00,34,55,192,252,220,430,190,529,177,286,190,168,496,657,674,1855,2,2,21,19,26,41,29,62,21,32,19,20,52,70,53,170,6438,647,37,0,0,0,0
2021-01-31T23:59:59+01:00,34,55,192,250,218,426,188,521,176,284,189,168,491,654,672,1846,2,2,19,14,17,36,21,48,15,27,18,16,42,62,52,149,6397,545,36,0,0,0,0
2021-01-30T23:59:59+01:00,34,55,192,250,218,426,187,521,176,284,189,168,490,654,672,1844,2,2,18,13,15,36,19,44,13,26,18,15,42,60,50,145,6394,522,35,0,0,0,0
2021-01-29T23:59:59+01:00,34,55,192,247,216,425,187,520,175,282,189,168,485,652,666,1840,2,0,16,9,9,30,19,39,10,22,18,15,40,59,50,142,6371,482,31,0,0,0,0
2021-01-28T23:59:59+01:00,34,54,188,245,216,418,186,512,173,279,188,167,473,648,656,1828,2,0,3,3,4,19,11,19,5,11,15,10,26,38,33,104,6310,303,23,0,0,0,0
2021-01-27T23:59:59+01:00,33,52,184,239,210,408,183,499,169,269,181,163,463,635,641,1805,0,0,2,3,4,16,10,18,4,11,14,9,21,32,27,80,6178,251,20,0,0,0,0
2021-01-26T23:59:59+01:00,30,52,180,227,203,394,180,481,166,261,180,159,448,620,623,1773,0,0,1,3,4,16,10,18,4,11,14,8,19,26,27,71,6025,232,16,0,0,0,0
2021-01-25T23:59:59+01:00,30,51,174,225,200,385,177,468,161,253,172,156,432,610,609,1744,0,0,1,3,3,14,9,15,4,10,14,7,15,25,23,66,5905,209,5,0,0,0,0
2021-01-24T23:59:59+01:00,29,50,172,222,198,384,176,466,161,253,172,156,429,607,607,1741,0,0,1,3,3,14,9,15,4,10,14,7,15,25,22,65,5881,207,4,0,0,0,0
2021-01-23T23:59:59+01:00,29,50,172,222,196,384,176,466,161,253,172,156,429,607,602,1736,0,0,1,3,3,13,8,15,4,10,14,7,15,25,22,65,5869,205,4,0,0,0,0
2021-01-22T23:59:59+01:00,29,49,170,218,195,384,176,465,161,253,172,155,428,605,587,1709,0,0,1,3,3,13,8,15,4,10,14,7,15,25,22,65,5814,205,4,0,0,0,0
2021-01-21T23:59:59+01:00,28,48,161,209,189,367,170,445,160,240,164,151,407,583,566,1683,0,0,1,3,1,7,7,11,3,5,13,7,13,19,20,52,5626,162,4,0,0,0,0
2021-01-20T23:59:59+01:00,27,47,146,186,174,323,145,394,147,216,151,139,377,550,520,1550,0,0,1,3,1,7,7,11,3,4,13,6,13,18,16,50,5141,153,3,0,0,0,0
2021-01-19T23:59:59+01:00,25,46,126,156,156,291,135,350,134,195,124,120,327,482,466,1376,0,0,1,3,1,6,5,7,1,3,7,2,6,14,9,34,4552,99,2,0,0,0,0
2021-01-18T23:59:59+01:00,22,41,107,143,132,241,122,305,117,168,99,110,273,404,380,1153,0,0,1,1,0,3,4,5,0,3,0,1,1,4,5,19,3858,47,2,0,0,0,0
2021-01-17T23:59:59+01:00,21,30,103,130,123,225,115,278,111,158,92,99,261,379,348,1093,0,0,0,0,0,1,2,4,0,1,0,1,1,2,1,4,3601,17,2,0,0,0,0
2021-01-16T23:59:59+01:00,17,24,100,128,121,218,112,269,108,151,91,99,259,371,339,1075,0,0,0,0,0,0,0,0,0,0,0,0,0,0,0,1,3518,1,0,0,0,0,0
2021-01-15T23:59:59+01:00,13,22,96,120,119,211,109,263,107,138,87,97,254,361,321,1050,0,0,0,0,0,0,0,0,0,0,0,0,0,0,0,1,3401,1,0,0,0,0,0
2021-01-14T23:59:59+01:00,10,13,70,89,101,172,92,222,90,119,75,84,219,325,278,905,0,0,0,0,0,0,0,0,0,0,0,0,0,0,0,0,2890,0,0,0,0,0,0
2021-01-13T23:59:59+01:00,7,10,59,79,92,145,82,181,79,96,59,61,172,221,236,704,0,0,0,0,0,0,0,0,0,0,0,0,0,0,0,0,2305,0,0,0,0,0,0
2021-01-12T23:59:59+01:00,6,10,50,60,75,112,71,132,64,75,44,42,126,161,170,483,0,0,0,0,0,0,0,0,0,0,0,0,0,0,0,0,1699,0,0,0,0,0,0
2021-01-11T23:59:59+01:00,3,8,44,46,62,82,54,103,48,56,28,26,71,112,93,270,0,0,0,0,0,0,0,0,0,0,0,0,0,0,0,0,1120,0,0,0,0,0,0
2021-01-10T23:59:59+01:00,2,7,38,34,46,66,38,81,38,47,25,21,59,101,90,230,0,0,0,0,0,0,0,0,0,0,0,0,0,0,0,0,934,0,0,0,0,0,0
2021-01-09T23:59:59+01:00,2,6,35,32,40,64,36,72,33,44,25,21,59,100,88,229,0,0,0,0,0,0,0,0,0,0,0,0,0,0,0,0,895,0,0,0,0,0,0
2021-01-08T23:59:59+01:00,2,4,28,26,33,58,30,61,30,38,24,20,56,97,86,223,0,0,0,0,0,0,0,0,0,0,0,0,0,0,0,0,823,0,0,0,0,0,0
2021-01-07T23:59:59+01:00,2,2,9,3,6,21,13,28,11,19,21,13,42,63,57,164,0,0,0,0,0,0,0,0,0,0,0,0,0,0,0,0,474,0,0,0,0,0,0
2021-01-06T23:59:59+01:00,2,0,3,3,4,18,10,19,6,14,18,12,35,50,49,132,0,0,0,0,0,0,0,0,0,0,0,0,0,0,0,0,375,0,0,0,0,0,0
2021-01-05T23:59:59+01:00,1,0,1,3,4,16,10,18,6,13,18,11,34,49,46,125,0,0,0,0,0,0,0,0,0,0,0,0,0,0,0,0,355,0,0,0,0,0,0
2021-01-04T23:59:59+01:00,0,0,1,3,4,15,9,16,6,12,17,9,24,38,35,101,0,0,0,0,0,0,0,0,0,0,0,0,0,0,0,0,290,0,0,0,0,0,0
2021-01-03T23:59:59+01:00,0,0,1,3,4,15,9,16,6,12,17,9,24,38,35,100,0,0,0,0,0,0,0,0,0,0,0,0,0,0,0,0,289,0,0,0,0,0,0
2021-01-02T23:59:59+01:00,0,0,1,3,4,15,8,16,6,12,17,9,24,38,35,100,0,0,0,0,0,0,0,0,0,0,0,0,0,0,0,0,288,0,0,0,0,0,0
2021-01-01T23:59:59+01:00,0,0,1,3,4,15,8,16,6,12,17,9,24,38,35,100,0,0,0,0,0,0,0,0,0,0,0,0,0,0,0,0,288,0,0,0,0,0,0
2020-12-31T23:59:59+01:00,0,0,1,3,4,14,8,16,6,12,17,9,24,38,35,100,0,0,0,0,0,0,0,0,0,0,0,0,0,0,0,0,287,0,0,0,0,0,0
2020-12-30T23:59:59+01:00,0,0,1,3,4,14,8,16,6,12,17,9,24,38,35,100,0,0,0,0,0,0,0,0,0,0,0,0,0,0,0,0,287,0,0,0,0,0,0
2020-12-29T23:59:59+01:00,0,0,1,3,3,10,6,11,4,10,11,5,18,32,25,80,0,0,0,0,0,0,0,0,0,0,0,0,0,0,0,0,219,0,0,0,0,0,0
2020-12-28T23:59:59+01:00,0,0,1,1,1,2,4,6,3,5,7,2,4,12,14,40,0,0,0,0,0,0,0,0,0,0,0,0,0,0,0,0,102,0,0,0,0,0,0
2020-12-27T23:59:59+01:00,0,0,0,0,0,1,2,6,0,2,0,1,3,4,2,13,0,0,0,0,0,0,0,0,0,0,0,0,0,0,0,0,34,0,0,0,0,0,0
