Datum,<15_1_m,<15_1_w,15-24_1_m,15-24_1_w,25-34_1_m,25-34_1_w,35-44_1_m,35-44_1_w,45-54_1_m,45-54_1_w,55-64_1_m,55-64_1_w,65-74_1_m,65-74_1_w,75-84_1_m,75-84_1_w,>84_1_m,>84_1_w,<15_2_m,<15_2_w,15-24_2_m,15-24_2_w,25-34_2_m,25-34_2_w,35-44_2_m,35-44_2_w,45-54_2_m,45-54_2_w,55-64_2_m,55-64_2_w,65-74_2_m,65-74_2_w,75-84_2_m,75-84_2_w,>84_2_m,>84_2_w,bp_1,bp_2,mo_1,mo_2,az_1,az_2,ja,unb_1,unb_2
2021-11-09T23:59:59+01:00,232,225,4605,3782,11264,7603,10692,7004,9076,9284,5760,6332,1908,2378,1195,1651,325,926,175,163,3784,3214,9596,6703,9188,6189,7951,8234,5225,5765,1780,2223,1123,1564,287,856,55183,46466,7917,7212,9277,7995,13684,60,62
2021-11-08T23:59:59+01:00,231,220,4557,3766,11156,7571,10595,6974,9012,9236,5738,6309,1905,2376,1194,1648,325,926,174,163,3770,3207,9571,6689,9164,6176,7936,8224,5220,5759,1779,2220,1122,1564,287,856,54744,46385,7907,7207,9276,7995,13631,60,62
2021-11-07T23:59:59+01:00,230,219,4531,3751,11099,7547,10533,6958,8971,9214,5725,6296,1903,2373,1193,1647,324,926,173,162,3761,3196,9552,6683,9147,6168,7928,8214,5217,5756,1778,2219,1121,1563,287,856,54490,46326,7894,7198,9276,7995,13599,60,62
2021-11-06T23:59:59+01:00,230,219,4519,3742,11065,7535,10495,6939,8947,9198,5713,6286,1901,2371,1193,1647,324,926,173,162,3760,3191,9546,6681,9144,6164,7925,8208,5214,5754,1776,2219,1121,1563,287,856,54310,46296,7891,7198,9276,7995,13592,60,62
2021-11-05T23:59:59+01:00,229,218,4482,3725,11007,7512,10426,6912,8886,9162,5697,6272,1900,2368,1193,1646,324,926,172,162,3747,3185,9532,6669,9130,6159,7910,8197,5210,5749,1775,2218,1121,1563,287,856,53980,46228,7888,7196,9276,7995,13560,60,62
2021-11-04T23:59:59+01:00,227,216,4429,3699,10896,7451,10315,6863,8799,9112,5670,6251,1896,2361,1192,1645,324,925,171,160,3726,3173,9498,6646,9090,6135,7886,8168,5195,5740,1775,2215,1120,1563,287,856,53488,46102,7873,7192,9276,7995,13452,60,62
2021-11-03T23:59:59+01:00,226,214,4398,3679,10808,7415,10231,6838,8735,9070,5647,6229,1893,2359,1192,1644,324,925,170,157,3710,3169,9471,6632,9061,6129,7866,8153,5190,5736,1773,2209,1120,1563,287,855,53094,46001,7867,7185,9276,7995,13407,60,62
2021-11-02T23:59:59+01:00,226,213,4353,3663,10725,7386,10150,6808,8663,9039,5619,6211,1890,2356,1192,1643,324,925,170,156,3701,3157,9450,6613,9031,6117,7848,8128,5182,5726,1770,2207,1120,1562,287,854,52730,45907,7857,7177,9276,7992,13339,60,62
2021-11-01T23:59:59+01:00,225,213,4320,3649,10655,7360,10054,6777,8604,9014,5595,6192,1888,2350,1192,1641,324,924,170,156,3682,3148,9421,6591,8998,6099,7826,8115,5169,5715,1769,2207,1120,1562,287,854,52410,45805,7851,7172,9276,7992,13256,60,62
2021-10-31T23:59:59+01:00,223,213,4307,3648,10639,7353,10042,6772,8598,9008,5594,6190,1888,2350,1192,1641,324,924,169,156,3678,3147,9414,6589,8992,6097,7824,8112,5167,5713,1768,2207,1120,1562,287,854,52365,45797,7849,7171,9276,7992,13232,60,62
2021-10-30T23:59:59+02:00,222,212,4302,3646,10618,7349,10029,6769,8589,9000,5584,6186,1887,2349,1192,1641,324,924,169,156,3676,3147,9404,6586,8987,6097,7821,8111,5161,5710,1768,2207,1120,1562,287,854,52305,45787,7849,7171,9276,7992,13209,60,62
2021-10-29T23:59:59+02:00,221,212,4261,3635,10551,7325,9954,6742,8543,8959,5567,6176,1887,2346,1192,1641,323,923,168,156,3655,3140,9374,6582,8958,6092,7802,8096,5156,5705,1766,2207,1120,1562,287,853,52028,45727,7841,7168,9276,7992,13128,60,62
2021-10-28T23:59:59+02:00,221,210,4220,3619,10446,7293,9851,6707,8482,8903,5540,6148,1885,2339,1190,1641,323,923,168,155,3628,3129,9325,6554,8905,6066,7775,8070,5141,5696,1765,2204,1120,1562,286,853,51671,45609,7829,7156,9276,7992,12979,60,62
2021-10-27T23:59:59+02:00,221,209,4194,3610,10387,7273,9800,6672,8428,8874,5523,6131,1882,2336,1190,1640,323,923,166,155,3612,3120,9293,6531,8880,6052,7755,8055,5134,5684,1762,2203,1119,1559,286,852,51423,45500,7819,7148,9276,7991,12912,60,62
2021-10-26T23:59:59+02:00,220,207,4159,3595,10338,7244,9743,6646,8387,8828,5506,6118,1879,2333,1189,1639,323,922,165,154,3597,3111,9252,6511,8848,6038,7735,8033,5123,5677,1760,2203,1117,1555,286,851,51170,45378,7811,7147,9276,7991,12833,60,62
2021-10-25T23:59:59+02:00,218,207,4154,3590,10323,7237,9723,6633,8373,8811,5504,6113,1877,2332,1189,1639,323,922,165,154,3595,3110,9242,6499,8831,6029,7724,8018,5119,5675,1759,2203,1116,1555,286,851,51105,45338,7810,7145,9276,7991,12790,60,62
2021-10-24T23:59:59+02:00,215,206,4143,3579,10282,7220,9694,6614,8357,8789,5499,6105,1876,2331,1188,1639,323,922,164,153,3585,3105,9219,6493,8813,6018,7713,8006,5115,5671,1759,2203,1116,1554,286,851,50969,45281,7804,7141,9276,7989,12746,60,62
2021-10-23T23:59:59+02:00,213,206,4139,3576,10261,7218,9682,6608,8353,8782,5498,6101,1876,2331,1188,1639,323,922,164,153,3583,3103,9213,6492,8807,6015,7708,8005,5114,5670,1759,2203,1116,1554,286,851,50916,45266,7803,7140,9276,7989,12734,60,62
2021-10-22T23:59:59+02:00,212,205,4116,3566,10226,7202,9656,6595,8326,8748,5486,6081,1876,2330,1188,1639,323,922,162,152,3575,3101,9193,6480,8787,6007,7695,7994,5106,5658,1759,2199,1116,1553,286,851,50752,45199,7798,7135,9276,7989,12684,60,62
2021-10-21T23:59:59+02:00,207,203,4096,3554,10159,7181,9614,6560,8295,8702,5478,6058,1875,2327,1187,1638,323,922,160,152,3547,3084,9148,6467,8759,5989,7669,7970,5090,5644,1757,2196,1114,1552,286,851,50520,45041,7785,7127,9276,7989,12610,60,62
2021-10-20T23:59:59+02:00,207,203,4085,3543,10143,7168,9585,6547,8270,8684,5472,6045,1873,2324,1187,1638,323,922,159,151,3536,3071,9120,6454,8733,5976,7652,7957,5082,5634,1754,2194,1114,1550,286,849,50392,44916,7783,7119,9276,7988,12581,59,62
2021-10-19T23:59:59+02:00,204,202,4078,3537,10129,7162,9561,6537,8254,8672,5465,6039,1872,2323,1187,1638,323,921,155,150,3526,3057,9105,6441,8720,5965,7640,7944,5069,5624,1753,2189,1113,1549,286,849,50305,44801,7776,7115,9276,7988,12560,59,62
2021-10-18T23:59:59+02:00,204,200,4065,3530,10117,7154,9544,6529,8243,8661,5460,6026,1871,2321,1186,1637,323,921,155,150,3517,3045,9089,6429,8706,5958,7632,7935,5068,5611,1750,2187,1113,1549,286,847,50213,44713,7772,7109,9276,7988,12543,59,62
2021-10-17T23:59:59+02:00,204,198,4059,3526,10108,7147,9530,6526,8236,8658,5458,6022,1870,2321,1186,1636,322,920,155,147,3506,3037,9080,6425,8698,5953,7622,7927,5066,5607,1749,2183,1111,1549,286,847,50166,44650,7766,7106,9276,7987,12530,59,62
2021-10-16T23:59:59+02:00,204,198,4057,3524,10103,7145,9528,6524,8235,8654,5457,6020,1869,2321,1185,1635,322,920,155,146,3505,3036,9076,6423,8698,5952,7619,7926,5066,5607,1749,2183,1111,1549,286,847,50147,44643,7765,7106,9276,7986,12524,59,62
2021-10-15T23:59:59+02:00,202,198,4045,3518,10086,7136,9514,6519,8227,8640,5450,6013,1868,2321,1185,1635,322,920,155,144,3495,3033,9064,6413,8686,5946,7612,7920,5059,5603,1749,2183,1111,1548,286,847,50063,44582,7762,7104,9276,7986,12506,59,62
2021-10-14T23:59:59+02:00,201,198,4034,3509,10060,7119,9492,6502,8206,8619,5442,6004,1868,2318,1185,1634,322,920,154,141,3472,3025,9033,6389,8654,5921,7589,7907,5049,5593,1748,2179,1108,1548,286,847,49950,44431,7754,7089,9276,7984,12461,59,62
2021-10-13T23:59:59+02:00,199,198,4022,3505,10044,7108,9475,6492,8193,8604,5434,5997,1866,2317,1185,1632,322,920,152,141,3458,3019,9007,6374,8637,5910,7571,7897,5040,5586,1748,2179,1107,1547,286,847,49863,44329,7750,7083,9276,7984,12432,59,62
2021-10-12T23:59:59+02:00,197,196,4015,3500,10028,7100,9456,6481,8182,8587,5422,5988,1865,2315,1184,1631,322,920,151,139,3451,3009,8985,6358,8613,5894,7556,7885,5026,5576,1744,2174,1107,1546,286,847,49766,44196,7744,7080,9276,7983,12410,59,62
2021-10-11T23:59:59+02:00,197,194,4004,3493,10003,7093,9434,6467,8174,8570,5416,5979,1864,2314,1184,1631,322,920,149,139,3438,2999,8947,6346,8587,5874,7538,7867,5019,5567,1743,2173,1107,1546,286,847,49680,44068,7735,7069,9276,7982,12375,59,62
2021-10-10T23:59:59+02:00,196,192,3992,3491,9994,7083,9428,6456,8166,8561,5414,5971,1864,2314,1183,1631,322,920,148,139,3427,2996,8929,6340,8576,5867,7526,7863,5014,5560,1741,2172,1107,1545,286,847,49620,43994,7727,7066,9276,7982,12362,59,62
2021-10-09T23:59:59+02:00,196,192,3990,3490,9991,7082,9415,6451,8163,8559,5411,5971,1864,2313,1183,1631,322,920,148,138,3423,2993,8927,6337,8567,5861,7522,7862,5010,5559,1741,2172,1107,1545,286,847,49602,43975,7727,7063,9276,7981,12346,59,62
2021-10-08T23:59:59+02:00,194,191,3979,3481,9971,7073,9403,6440,8150,8542,5406,5967,1862,2312,1183,1631,322,920,148,138,3416,2986,8907,6329,8553,5852,7517,7847,5000,5557,1739,2170,1106,1544,286,847,49516,43900,7723,7062,9276,7981,12318,59,62
2021-10-07T23:59:59+02:00,193,190,3962,3469,9944,7059,9365,6431,8129,8520,5401,5962,1861,2307,1183,1631,322,920,148,138,3392,2962,8866,6310,8527,5840,7494,7817,4982,5546,1736,2164,1106,1543,286,847,49381,43717,7716,7044,9276,7981,12280,59,62
2021-10-06T23:59:59+02:00,191,189,3954,3464,9918,7042,9351,6424,8123,8512,5394,5954,1859,2304,1183,1629,322,919,147,138,3378,2950,8844,6298,8510,5828,7486,7803,4979,5535,1734,2161,1106,1542,286,847,49292,43618,7714,7038,9276,7979,12254,59,62
2021-10-05T23:59:59+02:00,191,188,3941,3454,9903,7026,9332,6412,8104,8489,5386,5947,1858,2302,1183,1628,322,918,146,138,3363,2938,8821,6287,8486,5815,7465,7777,4969,5527,1732,2157,1105,1540,286,847,49187,43492,7712,7030,9276,7979,12213,59,62
2021-10-04T23:59:59+02:00,191,187,3923,3446,9880,7011,9295,6395,8087,8476,5378,5939,1855,2302,1182,1623,322,916,146,138,3349,2930,8798,6268,8452,5799,7444,7750,4958,5512,1731,2155,1105,1539,285,847,49074,43356,7703,7026,9276,7979,12159,59,62
2021-10-03T23:59:59+02:00,191,187,3907,3442,9855,6997,9283,6386,8073,8464,5376,5932,1853,2300,1181,1622,321,916,146,138,3334,2922,8770,6258,8441,5791,7435,7737,4953,5507,1730,2152,1105,1538,284,847,48999,43289,7701,7023,9276,7976,12114,59,62
2021-10-02T23:59:59+02:00,191,187,3905,3441,9854,6995,9280,6385,8071,8464,5374,5930,1852,2299,1181,1622,321,916,146,138,3331,2922,8766,6257,8439,5791,7431,7736,4952,5503,1729,2151,1105,1538,284,847,48992,43278,7699,7023,9276,7974,12105,59,62
2021-10-01T23:59:59+02:00,190,186,3896,3438,9833,6987,9266,6376,8059,8452,5369,5920,1849,2296,1181,1622,321,915,144,137,3315,2915,8747,6248,8423,5779,7423,7725,4945,5496,1727,2151,1105,1538,284,847,48924,43209,7696,7020,9276,7970,12064,59,62
2021-09-30T23:59:59+02:00,189,185,3864,3419,9783,6964,9231,6350,8030,8426,5352,5906,1846,2293,1179,1622,321,914,142,136,3295,2894,8699,6221,8391,5758,7406,7693,4930,5482,1725,2145,1105,1538,284,846,48748,43078,7689,6995,9276,7967,11962,59,62
2021-09-29T23:59:59+02:00,188,183,3849,3406,9739,6950,9214,6330,8017,8398,5343,5900,1844,2290,1178,1620,321,913,142,136,3282,2885,8665,6214,8375,5736,7396,7671,4919,5469,1725,2143,1105,1537,284,846,48626,42987,7681,6990,9276,7963,11898,59,62
2021-09-28T23:59:59+02:00,186,183,3839,3398,9700,6930,9184,6318,7991,8364,5335,5883,1843,2283,1178,1619,321,911,139,135,3266,2873,8638,6193,8354,5722,7370,7644,4911,5457,1725,2137,1105,1536,284,845,48499,42882,7676,6985,9276,7962,11811,59,62
2021-09-27T23:59:59+02:00,185,183,3822,3384,9665,6903,9159,6294,7973,8334,5321,5871,1840,2272,1177,1618,320,910,139,134,3248,2862,8597,6167,8325,5694,7347,7615,4899,5449,1722,2128,1105,1534,284,844,48379,42753,7667,6982,9276,7958,11705,59,62
2021-09-26T23:59:59+02:00,183,183,3814,3375,9648,6893,9147,6286,7960,8323,5316,5865,1834,2271,1175,1617,320,910,138,133,3239,2856,8577,6163,8315,5683,7333,7609,4892,5439,1718,2128,1105,1533,284,843,48309,42695,7666,6978,9276,7954,11664,59,62
2021-09-25T23:59:59+02:00,183,182,3810,3374,9639,6889,9143,6282,7953,8322,5313,5865,1834,2270,1175,1616,320,910,138,132,3233,2853,8570,6160,8311,5679,7329,7604,4890,5437,1718,2127,1104,1530,284,843,48293,42676,7664,6975,9276,7952,11642,59,62
2021-09-24T23:59:59+02:00,182,180,3794,3366,9608,6876,9128,6272,7931,8303,5305,5853,1832,2268,1175,1615,320,910,137,132,3221,2845,8544,6146,8298,5668,7307,7590,4883,5428,1717,2123,1104,1530,284,843,48207,42616,7663,6969,9276,7952,11565,59,62
2021-09-23T23:59:59+02:00,180,179,3759,3350,9543,6846,9074,6228,7891,8254,5287,5833,1827,2261,1172,1612,320,910,137,131,3196,2831,8485,6116,8246,5632,7268,7543,4865,5410,1709,2119,1103,1528,284,843,48056,42509,7654,6961,9276,7948,11327,59,62
2021-09-22T23:59:59+02:00,177,179,3734,3335,9513,6825,9045,6208,7859,8240,5270,5822,1825,2257,1171,1612,320,910,135,128,3171,2823,8456,6093,8221,5618,7238,7523,4850,5403,1706,2112,1101,1528,284,842,47924,42387,7650,6958,9274,7942,11240,59,62
2021-09-21T23:59:59+02:00,176,177,3718,3322,9488,6804,8999,6185,7828,8213,5255,5811,1824,2257,1171,1612,320,910,134,128,3149,2809,8420,6067,8176,5603,7204,7490,4833,5383,1705,2111,1100,1527,284,842,47802,42233,7643,6950,9274,7942,11133,59,62
2021-09-20T23:59:59+02:00,174,177,3688,3309,9451,6788,8963,6162,7795,8181,5248,5796,1820,2255,1171,1612,320,908,134,126,3125,2786,8379,6047,8136,5579,7171,7460,4825,5363,1702,2109,1099,1526,283,842,47676,42095,7640,6945,9274,7937,11005,59,62
2021-09-19T23:59:59+02:00,174,176,3670,3302,9419,6781,8948,6156,7788,8171,5241,5789,1817,2252,1170,1610,320,907,132,126,3116,2778,8351,6037,8116,5572,7155,7445,4818,5355,1701,2105,1098,1525,283,841,47612,42027,7633,6939,9274,7931,10947,59,62
2021-09-18T23:59:59+02:00,174,176,3666,3301,9414,6779,8943,6153,7782,8169,5239,5788,1817,2252,1170,1610,320,907,132,126,3108,2775,8343,6036,8105,5569,7148,7443,4814,5350,1701,2105,1098,1524,283,841,47600,41988,7632,6938,9273,7931,10929,59,62
2021-09-17T23:59:59+02:00,174,175,3646,3293,9377,6766,8914,6139,7762,8158,5229,5779,1816,2247,1168,1610,320,907,132,126,3094,2767,8303,6022,8077,5558,7126,7434,4807,5341,1701,2104,1097,1524,283,841,47509,41919,7626,6926,9270,7928,10846,59,62
2021-09-16T23:59:59+02:00,174,175,3620,3267,9320,6742,8868,6111,7725,8122,5210,5766,1814,2242,1167,1610,320,906,132,125,3081,2752,8263,6000,8045,5534,7105,7410,4793,5334,1699,2103,1097,1524,282,839,47300,41803,7601,6916,9268,7919,10759,59,62
2021-09-15T23:59:59+02:00,172,175,3595,3255,9284,6724,8835,6086,7696,8104,5203,5746,1811,2238,1164,1610,319,905,129,125,3064,2748,8234,5983,8015,5507,7071,7391,4775,5317,1696,2100,1097,1521,280,836,47151,41667,7595,6909,9268,7915,10674,59,62
2021-09-14T23:59:59+02:00,171,174,3573,3236,9240,6702,8792,6059,7668,8072,5191,5727,1809,2235,1163,1609,318,905,129,123,3043,2731,8194,5956,7977,5489,7044,7366,4761,5299,1695,2100,1096,1518,280,835,46992,41533,7584,6900,9268,7912,10564,59,62
2021-09-13T23:59:59+02:00,169,174,3554,3222,9199,6684,8762,6035,7650,8040,5174,5710,1807,2231,1163,1609,318,904,127,121,3027,2723,8161,5941,7960,5475,7034,7344,4752,5293,1694,2096,1096,1516,280,835,46824,41428,7565,6894,9268,7911,10510,59,62
2021-09-12T23:59:59+02:00,169,173,3536,3220,9176,6674,8752,6025,7640,8025,5167,5702,1806,2230,1162,1606,318,903,126,120,3011,2715,8138,5927,7951,5464,7016,7328,4748,5284,1690,2095,1096,1516,280,834,46745,41346,7564,6889,9268,7903,10468,59,62
2021-09-11T23:59:59+02:00,169,173,3533,3217,9169,6670,8749,6023,7639,8023,5164,5700,1805,2229,1161,1606,318,903,125,120,3009,2714,8130,5924,7949,5461,7015,7323,4747,5282,1690,2095,1096,1516,280,834,46727,41331,7563,6889,9267,7903,10453,59,62
2021-09-10T23:59:59+02:00,168,169,3504,3211,9143,6649,8731,6010,7616,8001,5150,5680,1801,2226,1160,1606,318,903,124,117,2994,2709,8102,5900,7930,5446,6995,7303,4731,5263,1689,2094,1095,1514,280,834,46640,41263,7560,6884,9267,7902,10335,59,62
2021-09-09T23:59:59+02:00,166,168,3489,3192,9096,6622,8695,5987,7594,7961,5132,5669,1800,2223,1160,1606,318,903,122,116,2983,2699,8066,5873,7903,5425,6971,7273,4716,5248,1688,2090,1095,1514,280,834,46475,41150,7552,6872,9267,7894,10242,59,62
2021-09-08T23:59:59+02:00,165,167,3470,3182,9063,6613,8672,5958,7576,7931,5116,5652,1796,2221,1159,1604,318,902,120,114,2967,2687,8024,5856,7870,5401,6943,7236,4704,5226,1687,2089,1094,1514,280,834,46374,41020,7544,6863,9265,7890,10133,59,62
2021-09-07T23:59:59+02:00,164,165,3449,3177,9043,6589,8643,5939,7556,7912,5100,5641,1796,2219,1158,1603,318,899,118,113,2949,2679,7998,5832,7845,5378,6926,7211,4689,5214,1684,2085,1093,1513,280,834,46244,40895,7542,6853,9265,7884,10068,59,62
2021-09-06T23:59:59+02:00,164,165,3429,3167,9012,6569,8617,5927,7537,7885,5092,5629,1791,2210,1156,1603,317,899,118,113,2930,2665,7973,5819,7822,5368,6909,7182,4682,5200,1679,2083,1093,1513,280,834,46111,40789,7540,6850,9264,7883,10000,59,62
2021-09-05T23:59:59+02:00,164,164,3418,3162,9003,6560,8606,5917,7535,7875,5086,5619,1790,2209,1156,1603,317,898,118,112,2921,2663,7958,5805,7810,5356,6902,7174,4672,5194,1677,2082,1093,1512,280,834,46060,40732,7538,6842,9263,7882,9966,59,62
2021-09-04T23:59:59+02:00,164,163,3413,3160,9000,6555,8600,5916,7532,7874,5086,5618,1790,2209,1156,1603,317,898,117,112,2917,2659,7953,5798,7805,5356,6897,7172,4671,5193,1675,2081,1092,1512,280,834,46047,40711,7538,6839,9263,7881,9951,59,62
2021-09-03T23:59:59+02:00,162,162,3399,3143,8967,6545,8580,5898,7514,7858,5073,5603,1787,2206,1156,1602,317,896,116,109,2900,2643,7925,5784,7784,5337,6877,7150,4658,5173,1671,2079,1092,1510,280,832,45964,40623,7527,6817,9263,7880,9857,59,62
2021-09-02T23:59:59+02:00,162,160,3377,3125,8917,6522,8539,5878,7493,7833,5060,5585,1782,2201,1154,1601,317,895,115,108,2882,2629,7877,5766,7748,5316,6852,7123,4649,5152,1667,2074,1090,1509,280,829,45832,40512,7518,6806,9261,7875,9730,59,61
2021-09-01T23:59:59+02:00,160,160,3360,3114,8879,6508,8514,5865,7474,7816,5048,5577,1781,2199,1153,1598,317,895,112,106,2864,2621,7833,5743,7715,5299,6824,7100,4637,5138,1663,2072,1089,1506,280,829,45723,40366,7506,6783,9261,7873,9663,59,61
2021-08-31T23:59:59+02:00,158,159,3345,3105,8835,6486,8494,5856,7457,7795,5040,5568,1778,2197,1152,1597,317,894,111,106,2847,2610,7788,5723,7693,5281,6800,7072,4625,5119,1659,2070,1088,1506,280,829,45624,40249,7501,6774,9261,7858,9577,59,61
2021-08-30T23:59:59+02:00,157,159,3314,3087,8796,6459,8452,5835,7420,7762,5027,5551,1773,2195,1151,1597,317,894,111,105,2816,2597,7741,5699,7657,5264,6766,7049,4614,5100,1655,2068,1087,1506,280,828,45464,40122,7500,6764,9260,7856,9449,59,61
2021-08-29T23:59:59+02:00,156,159,3304,3070,8769,6451,8431,5826,7412,7752,5020,5542,1772,2192,1151,1597,316,894,111,102,2797,2574,7705,5691,7636,5245,6753,7035,4604,5095,1653,2067,1086,1505,279,828,45396,40020,7495,6753,9260,7851,9386,59,61
2021-08-28T23:59:59+02:00,155,159,3299,3069,8766,6449,8425,5825,7405,7750,5020,5540,1772,2191,1151,1596,316,894,111,101,2792,2569,7700,5686,7631,5242,6747,7031,4601,5094,1653,2067,1086,1504,279,828,45381,39994,7494,6752,9260,7851,9368,59,61
2021-08-27T23:59:59+02:00,154,159,3287,3065,8747,6440,8400,5817,7387,7741,5009,5532,1772,2191,1151,1595,316,894,111,100,2775,2563,7681,5679,7610,5228,6735,7024,4592,5086,1653,2067,1085,1502,279,828,45318,39931,7493,6751,9259,7850,9305,59,61
2021-08-26T23:59:59+02:00,154,158,3259,3052,8706,6416,8365,5804,7365,7719,4994,5521,1771,2188,1151,1594,316,893,108,97,2751,2541,7639,5650,7560,5200,6700,6994,4567,5071,1648,2061,1085,1501,279,828,45180,39734,7486,6734,9258,7830,9211,59,61
2021-08-25T23:59:59+02:00,150,156,3241,3043,8668,6399,8333,5788,7341,7696,4981,5499,1769,2185,1151,1592,316,893,105,94,2715,2521,7589,5614,7514,5164,6663,6956,4551,5044,1647,2056,1084,1500,279,828,45070,39498,7480,6726,9257,7823,9099,59,61
2021-08-24T23:59:59+02:00,150,155,3236,3034,8648,6383,8315,5771,7325,7674,4972,5487,1767,2184,1150,1590,316,891,104,94,2695,2501,7555,5581,7480,5143,6635,6929,4535,5027,1647,2054,1083,1500,279,827,44996,39328,7476,6717,9257,7819,9022,59,61
2021-08-23T23:59:59+02:00,149,150,3209,3017,8604,6362,8273,5750,7294,7645,4958,5473,1767,2182,1148,1588,316,890,103,93,2666,2482,7510,5541,7439,5125,6600,6898,4520,5011,1643,2054,1083,1498,278,827,44852,39169,7467,6702,9254,7813,8897,59,61
2021-08-22T23:59:59+02:00,149,150,3196,3010,8590,6345,8259,5743,7274,7634,4952,5467,1766,2181,1147,1588,316,890,102,93,2650,2466,7478,5518,7418,5111,6580,6877,4517,5001,1640,2049,1082,1498,277,826,44782,39034,7460,6692,9254,7810,8853,59,61
2021-08-21T23:59:59+02:00,148,150,3188,3005,8579,6336,8249,5741,7269,7629,4950,5461,1765,2181,1147,1587,316,890,97,91,2641,2458,7460,5508,7398,5101,6569,6870,4509,4992,1639,2047,1081,1498,277,826,44733,38956,7457,6665,9254,7809,8836,59,61
2021-08-20T23:59:59+02:00,147,148,3178,2997,8554,6320,8216,5721,7250,7608,4938,5449,1762,2178,1147,1586,316,888,95,89,2612,2444,7413,5475,7362,5070,6531,6833,4493,4972,1633,2043,1080,1495,277,824,44658,38782,7448,6627,9253,7799,8731,59,61
2021-08-19T23:59:59+02:00,146,145,3159,2983,8512,6296,8180,5702,7230,7582,4925,5431,1756,2175,1146,1584,316,887,92,84,2566,2424,7334,5425,7302,5034,6484,6774,4463,4939,1628,2039,1080,1494,277,824,44531,38449,7436,6596,9250,7788,8619,59,61
2021-08-18T23:59:59+02:00,145,143,3148,2974,8489,6280,8152,5688,7197,7564,4911,5422,1751,2173,1146,1584,315,886,90,82,2538,2404,7268,5391,7245,5000,6443,6740,4438,4916,1623,2035,1078,1494,277,823,44421,38205,7431,6544,9249,7778,8545,59,61
2021-08-17T23:59:59+02:00,145,143,3132,2965,8465,6255,8125,5675,7184,7541,4900,5410,1748,2171,1145,1583,314,886,86,79,2510,2384,7213,5342,7203,4964,6413,6701,4419,4895,1614,2029,1077,1490,276,823,44307,37937,7424,6503,9248,7772,8485,59,61
2021-08-16T23:59:59+02:00,143,142,3122,2953,8445,6239,8106,5669,7171,7525,4887,5397,1747,2170,1145,1583,314,886,79,77,2481,2354,7137,5298,7133,4931,6364,6659,4389,4868,1612,2026,1075,1489,276,823,44217,37566,7419,6488,9248,7759,8435,59,61
2021-08-15T23:59:59+02:00,142,141,3113,2939,8416,6230,8089,5659,7153,7510,4881,5386,1745,2167,1145,1582,314,886,71,74,2444,2318,7072,5265,7096,4903,6318,6629,4376,4855,1608,2020,1074,1487,276,823,44123,37266,7412,6467,9247,7754,8391,59,61
2021-08-14T23:59:59+02:00,140,141,3108,2933,8406,6227,8082,5658,7153,7507,4877,5384,1743,2166,1145,1581,314,886,71,73,2435,2310,7045,5252,7084,4893,6311,6615,4357,4846,1604,2017,1074,1485,276,822,44105,37170,7412,6454,9247,7752,8362,59,61
2021-08-13T23:59:59+02:00,140,140,3093,2930,8384,6219,8073,5645,7139,7496,4869,5375,1743,2162,1144,1580,314,886,71,71,2401,2290,6995,5221,7047,4865,6271,6586,4347,4831,1603,2013,1073,1485,276,822,44039,36934,7411,6440,9247,7751,8307,59,61
2021-08-12T23:59:59+02:00,138,135,3075,2922,8354,6198,8040,5625,7116,7472,4855,5360,1740,2160,1141,1578,314,886,70,70,2359,2254,6902,5170,6993,4826,6221,6537,4322,4801,1599,2010,1070,1484,276,822,43932,36610,7403,6406,9245,7728,8199,58,61
2021-08-11T23:59:59+02:00,136,132,3057,2907,8317,6172,8018,5613,7094,7451,4844,5347,1739,2158,1141,1577,314,886,68,68,2331,2221,6827,5112,6915,4784,6162,6473,4301,4762,1594,2002,1070,1482,276,820,43808,36189,7392,6375,9240,7721,8132,58,61
2021-08-10T23:59:59+02:00,136,131,3038,2897,8287,6160,7993,5593,7065,7435,4826,5338,1735,2158,1141,1575,314,885,67,64,2259,2165,6710,5050,6828,4712,6070,6408,4254,4738,1584,1994,1068,1480,276,818,43702,35577,7382,6350,9237,7707,8053,58,61
2021-08-09T23:59:59+02:00,133,131,3019,2888,8258,6138,7969,5584,7040,7416,4816,5326,1734,2157,1141,1575,314,884,63,63,2196,2106,6602,4970,6729,4670,5998,6352,4223,4705,1578,1984,1067,1479,276,818,43616,35074,7376,6295,9237,7684,7958,58,61
2021-08-08T23:59:59+02:00,133,130,3007,2881,8240,6129,7952,5572,7030,7408,4809,5322,1730,2157,1141,1575,314,883,63,62,2171,2079,6536,4937,6686,4643,5957,6330,4211,4688,1568,1980,1066,1477,276,817,43556,34837,7374,6251,9234,7674,7911,58,61
2021-08-07T23:59:59+02:00,132,129,2999,2874,8221,6117,7938,5565,7023,7397,4804,5317,1728,2157,1140,1575,314,883,60,55,2136,2056,6460,4889,6629,4611,5922,6294,4195,4674,1564,1979,1066,1474,276,817,43498,34520,7369,6223,9234,7665,7873,58,61
2021-08-06T23:59:59+02:00,132,128,2987,2864,8193,6106,7906,5542,7004,7375,4793,5303,1723,2155,1140,1574,314,883,54,52,2095,2016,6353,4817,6551,4577,5878,6255,4176,4653,1561,1976,1065,1471,276,817,43437,34164,7351,6195,9234,7648,7760,58,59
2021-08-05T23:59:59+02:00,131,127,2963,2848,8170,6085,7868,5522,6980,7351,4774,5280,1719,2152,1138,1570,314,882,50,48,2054,1968,6221,4711,6439,4518,5806,6190,4137,4611,1554,1968,1062,1469,276,817,43306,33669,7342,6104,9233,7591,7648,58,59
2021-08-04T23:59:59+02:00,128,123,2924,2827,8101,6051,7830,5497,6950,7320,4758,5264,1715,2148,1135,1569,314,882,50,43,1999,1931,6096,4641,6318,4464,5736,6122,4109,4572,1544,1962,1057,1466,276,816,43094,33167,7328,6056,9233,7556,7523,58,59
2021-08-03T23:59:59+02:00,126,122,2908,2807,8074,6038,7794,5480,6928,7295,4745,5251,1711,2147,1134,1566,314,882,47,43,1963,1901,6002,4576,6212,4412,5668,6064,4065,4531,1539,1955,1056,1464,276,816,42954,32688,7323,6012,9232,7531,7452,58,58
2021-08-02T23:59:59+02:00,126,122,2883,2781,8041,6014,7768,5466,6904,7278,4728,5242,1709,2143,1133,1566,313,882,46,42,1934,1865,5874,4483,6098,4350,5597,6011,4019,4498,1533,1942,1055,1461,275,815,42811,32118,7316,5971,9231,7512,7378,58,58
2021-08-01T23:59:59+02:00,126,121,2867,2765,8012,5992,7755,5449,6893,7270,4723,5235,1708,2142,1131,1566,313,882,43,41,1911,1844,5796,4438,6034,4305,5553,5987,4003,4479,1531,1939,1053,1458,275,815,42719,31819,7304,5942,9231,7489,7330,58,58
2021-07-31T23:59:59+02:00,124,120,2860,2758,7999,5985,7747,5445,6886,7261,4722,5233,1707,2142,1131,1566,313,882,40,31,1872,1801,5696,4373,5968,4257,5500,5948,3974,4455,1525,1936,1053,1457,275,815,42680,31326,7302,5930,9231,7483,7302,58,58
2021-07-30T23:59:59+02:00,121,118,2853,2750,7972,5969,7735,5429,6866,7247,4715,5225,1706,2140,1131,1565,313,882,36,30,1852,1778,5615,4331,5906,4205,5442,5902,3947,4436,1521,1934,1052,1454,275,815,42598,30963,7290,5905,9230,7472,7250,58,58
2021-07-29T23:59:59+02:00,119,116,2821,2734,7915,5927,7693,5385,6837,7206,4692,5205,1704,2135,1129,1564,313,882,31,26,1812,1750,5486,4228,5773,4129,5351,5816,3900,4384,1514,1924,1049,1452,275,815,42396,30378,7277,5848,9224,7433,7104,58,58
2021-07-28T23:59:59+02:00,116,114,2802,2720,7886,5900,7666,5357,6814,7183,4678,5189,1699,2133,1128,1562,312,881,30,23,1775,1705,5384,4154,5656,4058,5265,5742,3862,4350,1501,1916,1047,1450,275,814,42220,29811,7267,5789,9220,7389,7057,58,58
2021-07-27T23:59:59+02:00,112,113,2787,2701,7846,5884,7635,5340,6795,7165,4666,5177,1699,2131,1127,1561,311,881,28,23,1730,1677,5247,4068,5530,3975,5174,5674,3822,4299,1492,1905,1045,1447,274,814,42104,29218,7251,5708,9219,7345,6981,58,58
2021-07-26T23:59:59+02:00,110,111,2761,2683,7811,5860,7601,5323,6773,7144,4661,5165,1697,2131,1125,1561,311,881,28,23,1685,1620,5108,4002,5427,3908,5101,5604,3764,4265,1489,1893,1044,1441,274,813,41960,28640,7228,5640,9216,7298,6924,58,58
2021-07-25T23:59:59+02:00,104,109,2746,2669,7776,5839,7574,5315,6753,7125,4651,5160,1695,2128,1124,1560,311,880,25,20,1661,1595,5047,3955,5368,3877,5051,5570,3731,4241,1485,1888,1043,1440,274,813,41820,28346,7220,5606,9214,7262,6876,58,58
2021-07-24T23:59:59+02:00,104,107,2733,2657,7750,5826,7549,5301,6738,7112,4641,5155,1694,2125,1124,1560,311,880,24,19,1640,1574,4999,3934,5294,3830,5009,5546,3711,4233,1484,1886,1042,1438,274,812,41739,28147,7197,5514,9213,7261,6827,58,58
2021-07-23T23:59:59+02:00,102,105,2709,2635,7695,5805,7521,5277,6700,7086,4622,5144,1692,2121,1122,1560,311,880,20,16,1581,1544,4847,3828,5157,3762,4934,5475,3658,4202,1482,1877,1041,1433,273,812,41572,27488,7189,5485,9211,7240,6716,58,58
2021-07-22T23:59:59+02:00,101,102,2675,2606,7623,5755,7467,5240,6653,7037,4587,5120,1685,2114,1121,1559,311,879,19,16,1529,1507,4676,3749,5002,3680,4775,5394,3579,4149,1469,1867,1036,1431,273,811,41260,26824,7163,5341,9201,7171,6602,58,58
2021-07-21T23:59:59+02:00,100,99,2646,2591,7559,5725,7417,5201,6593,6997,4564,5097,1678,2108,1120,1556,311,877,19,14,1491,1460,4554,3666,4870,3612,4675,5288,3504,4109,1456,1855,1033,1430,273,808,41012,26339,7125,5131,9195,7111,6491,58,57
2021-07-20T23:59:59+02:00,100,99,2625,2566,7505,5693,7381,5172,6554,6957,4540,5078,1674,2104,1120,1555,311,876,18,14,1458,1426,4424,3597,4780,3559,4574,5208,3453,4075,1452,1845,1032,1429,273,807,40766,25842,7116,5050,9192,7055,6415,58,57
2021-07-19T23:59:59+02:00,99,99,2603,2541,7449,5653,7336,5152,6511,6925,4522,5062,1668,2098,1118,1552,311,875,17,10,1434,1399,4349,3547,4695,3522,4500,5147,3418,4046,1446,1839,1027,1426,271,806,40484,25517,7102,4923,9190,7014,6373,58,57
2021-07-18T23:59:59+02:00,99,97,2575,2518,7381,5618,7301,5123,6469,6886,4505,5052,1662,2091,1117,1552,310,874,15,10,1414,1374,4303,3506,4658,3492,4451,5123,3384,4033,1440,1829,1026,1426,271,804,40187,25313,7086,4845,9185,6988,6338,58,56
2021-07-17T23:59:59+02:00,94,94,2563,2504,7364,5605,7284,5106,6451,6871,4484,5041,1658,2090,1117,1551,310,872,15,10,1400,1361,4265,3474,4607,3469,4411,5091,3354,4021,1435,1826,1026,1424,271,804,40080,25135,7077,4787,9183,6980,6283,58,56
2021-07-16T23:59:59+02:00,94,91,2525,2482,7300,5569,7226,5065,6406,6828,4457,5013,1651,2084,1116,1550,310,872,14,9,1357,1333,4165,3421,4517,3427,4324,5034,3292,3974,1422,1818,1021,1422,271,803,39891,24785,7056,4753,9175,6914,6074,58,56
2021-07-15T23:59:59+02:00,91,87,2475,2456,7229,5533,7168,5027,6359,6773,4439,4987,1647,2079,1114,1547,309,872,12,9,1299,1299,3971,3309,4330,3325,4181,4936,3231,3909,1411,1810,1016,1417,270,803,39568,24081,7037,4519,9168,6849,5971,56,56
2021-07-14T23:59:59+02:00,90,84,2440,2440,7156,5504,7097,4993,6305,6726,4416,4964,1639,2072,1112,1545,309,871,11,9,1252,1259,3840,3215,4222,3257,4070,4871,3184,3865,1399,1800,1015,1413,270,803,39251,23562,7017,4415,9166,6775,5874,56,56
2021-07-13T23:59:59+02:00,86,81,2409,2414,7103,5475,7033,4954,6266,6675,4396,4946,1629,2066,1110,1545,309,871,10,7,1219,1220,3725,3117,4100,3188,3982,4781,3131,3807,1372,1794,1013,1407,268,801,38938,23059,7008,4269,9163,6671,5799,56,56
2021-07-12T23:59:59+02:00,81,81,2383,2391,7032,5431,6964,4909,6215,6634,4368,4920,1624,2063,1107,1545,309,871,9,7,1187,1197,3613,3026,3982,3115,3881,4702,3078,3762,1358,1784,1009,1399,268,801,38596,22588,6994,4137,9159,6585,5712,55,55
2021-07-11T23:59:59+02:00,74,78,2369,2376,6994,5405,6936,4885,6186,6616,4359,4913,1621,2059,1105,1545,308,871,9,7,1173,1179,3560,2979,3924,3078,3826,4673,3055,3748,1349,1772,1006,1395,268,801,38475,22393,6975,4097,9154,6524,5626,55,55
2021-07-10T23:59:59+02:00,73,77,2340,2341,6913,5366,6871,4847,6136,6581,4336,4902,1617,2056,1105,1542,308,870,9,7,1150,1158,3504,2937,3876,3048,3788,4641,3037,3736,1343,1765,1006,1393,268,801,38224,22203,6949,4096,9141,6510,5488,55,55
2021-07-09T23:59:59+02:00,72,74,2314,2323,6845,5331,6826,4824,6086,6548,4318,4880,1615,2050,1105,1541,308,870,5,3,1125,1141,3453,2889,3824,3006,3733,4601,3009,3707,1341,1749,1004,1392,268,801,38000,21955,6922,4063,9130,6457,5391,55,55
2021-07-08T23:59:59+02:00,67,71,2263,2278,6753,5264,6725,4771,6021,6482,4280,4845,1608,2040,1103,1538,308,870,4,3,1051,1087,3285,2797,3628,2925,3551,4504,2939,3644,1326,1733,1002,1383,267,800,37666,21444,6845,3772,9098,6318,5184,55,55
2021-07-07T23:59:59+02:00,67,70,2186,2227,6640,5190,6623,4717,5948,6424,4246,4796,1601,2031,1100,1534,307,870,4,3,996,1050,3133,2714,3448,2839,3392,4398,2886,3582,1310,1703,995,1374,267,798,37169,20874,6803,3526,9073,6238,5027,55,55
2021-07-06T23:59:59+02:00,64,69,2140,2187,6533,5133,6533,4671,5891,6356,4206,4762,1594,2025,1097,1529,307,870,4,3,960,1006,3017,2610,3359,2780,3318,4306,2832,3522,1284,1672,991,1365,267,798,36715,20360,6750,3416,9057,6148,4928,55,55
2021-07-05T23:59:59+02:00,62,69,2070,2142,6396,5063,6415,4634,5820,6298,4168,4725,1588,2018,1095,1527,307,868,4,3,916,969,2907,2537,3279,2734,3243,4238,2788,3466,1263,1654,985,1355,267,795,36225,19971,6701,3338,9031,6064,4775,55,54
2021-07-04T23:59:59+02:00,62,68,2031,2098,6309,5015,6377,4604,5777,6278,4150,4702,1585,2016,1095,1525,307,867,4,3,878,944,2841,2482,3242,2707,3210,4203,2763,3444,1249,1635,983,1354,266,795,36012,19819,6663,3280,9006,5991,4648,55,54
2021-07-03T23:59:59+02:00,58,53,1930,2014,6092,4850,6221,4515,5690,6189,4100,4667,1581,2012,1094,1521,307,867,4,3,839,914,2770,2435,3184,2678,3169,4153,2732,3413,1243,1630,982,1350,265,793,35155,19621,6628,3277,8998,5966,4425,55,54
2021-07-02T23:59:59+02:00,49,46,1891,1974,6012,4804,6177,4487,5668,6160,4085,4649,1580,2006,1092,1520,306,867,4,3,815,887,2697,2383,3114,2630,3124,4103,2701,3376,1224,1611,978,1344,265,791,34865,19301,6593,3250,8993,5864,4359,55,54
2021-07-01T23:59:59+02:00,45,39,1840,1933,5903,4731,6094,4438,5587,6093,4058,4618,1577,2000,1091,1519,306,866,4,3,737,834,2496,2293,2923,2539,2943,3984,2600,3283,1202,1587,968,1328,265,789,34440,18486,6544,3021,8976,5758,4208,55,54
2021-06-30T23:59:59+02:00,45,38,1791,1873,5776,4646,5991,4384,5525,6044,4044,4593,1573,1992,1089,1516,306,866,4,2,701,797,2382,2218,2809,2480,2833,3891,2534,3204,1178,1561,960,1318,264,788,33991,18000,6480,2895,8960,5626,4078,55,54
2021-06-29T23:59:59+02:00,43,36,1727,1793,5660,4556,5891,4323,5470,5985,4016,4564,1565,1987,1088,1515,306,864,3,2,667,748,2296,2130,2732,2414,2727,3772,2476,3152,1165,1527,948,1308,263,785,33432,17488,6445,2819,8952,5509,3959,54,54
2021-06-28T23:59:59+02:00,41,34,1690,1733,5541,4485,5821,4271,5424,5946,3986,4539,1563,1978,1087,1514,306,864,3,2,653,718,2189,2058,2651,2352,2648,3685,2424,3103,1148,1509,941,1302,263,783,33001,17134,6388,2668,8943,5403,3874,54,54
2021-06-27T23:59:59+02:00,41,33,1658,1706,5487,4446,5777,4238,5374,5931,3975,4527,1560,1974,1087,1513,306,864,3,2,634,700,2133,2015,2606,2322,2600,3642,2393,3082,1140,1495,939,1293,263,783,32807,16970,6354,2606,8921,5314,3796,54,54
2021-06-26T23:59:59+02:00,34,28,1625,1677,5415,4399,5684,4194,5333,5899,3956,4511,1560,1972,1087,1511,306,864,3,2,626,689,2100,1988,2570,2300,2581,3616,2370,3064,1123,1485,938,1291,263,783,32438,16735,6270,2601,8921,5296,3796,54,54
2021-06-25T23:59:59+02:00,28,22,1588,1638,5306,4329,5629,4166,5292,5876,3933,4501,1557,1971,1085,1510,305,864,2,2,618,666,2046,1957,2502,2232,2481,3482,2325,2962,1112,1463,935,1288,262,782,32009,16258,6241,2571,8920,5117,3794,54,54
2021-06-24T23:59:59+02:00,21,17,1535,1585,5122,4214,5500,4110,5189,5831,3893,4474,1553,1967,1085,1509,304,863,2,2,576,644,1932,1886,2319,2162,2311,3398,2218,2867,1082,1440,925,1282,261,778,31348,15737,6179,2229,8910,5034,3683,54,54
2021-06-23T23:59:59+02:00,20,17,1501,1536,5031,4152,5421,4053,5140,5787,3871,4438,1544,1961,1082,1506,303,863,2,2,545,621,1857,1821,2208,2109,2190,3303,2115,2778,1055,1418,921,1274,260,777,30889,15153,6126,2147,8904,4890,3647,54,54
2021-06-22T23:59:59+02:00,20,17,1469,1519,4955,4083,5334,4004,5094,5741,3844,4415,1539,1955,1081,1505,303,863,2,2,528,599,1789,1771,2118,2054,2105,3195,2011,2690,1040,1396,911,1262,260,773,30461,14717,6081,2009,8899,4723,3621,54,53
2021-06-21T23:59:59+02:00,19,17,1436,1476,4827,3991,5250,3960,5024,5681,3815,4392,1535,1942,1079,1500,302,861,2,2,512,581,1749,1725,2078,2012,2052,3109,1944,2607,1022,1367,888,1241,260,770,29898,14406,6040,1909,8897,4580,3581,54,53
2021-06-20T23:59:59+02:00,18,15,1407,1443,4747,3919,5197,3940,4989,5660,3791,4382,1532,1941,1078,1500,301,861,2,2,496,564,1717,1695,2054,1988,2023,3081,1901,2570,1014,1351,886,1234,260,769,29587,14219,6003,1871,8883,4516,3547,54,52
2021-06-19T23:59:59+02:00,17,15,1389,1422,4702,3885,5172,3913,4958,5634,3771,4370,1525,1939,1078,1499,301,861,2,2,487,559,1696,1671,2034,1962,2009,3055,1876,2530,1004,1344,882,1233,258,768,29395,14036,5934,1839,8883,4509,3528,54,51
2021-06-18T23:59:59+02:00,12,11,1363,1404,4625,3842,5120,3870,4909,5595,3745,4358,1522,1936,1076,1497,301,861,2,2,472,549,1675,1656,2006,1931,1963,3007,1826,2477,991,1329,880,1229,257,766,29049,13729,5886,1837,8882,4461,3515,54,51
2021-06-17T23:59:59+02:00,9,10,1325,1366,4452,3760,4928,3792,4731,5507,3690,4313,1516,1933,1076,1496,300,861,2,2,434,528,1571,1618,1823,1868,1803,2910,1723,2395,970,1311,869,1217,255,764,28419,13260,5828,1726,8875,4372,3215,53,50
2021-06-16T23:59:59+02:00,9,9,1294,1335,4347,3674,4827,3737,4628,5444,3643,4287,1509,1929,1074,1492,300,860,2,2,416,507,1508,1578,1760,1834,1722,2827,1665,2318,953,1285,859,1201,254,761,27923,12840,5712,1655,8859,4294,3161,53,50
2021-06-15T23:59:59+02:00,9,9,1261,1304,4207,3583,4750,3673,4552,5374,3601,4253,1499,1921,1069,1489,300,858,2,2,403,486,1449,1525,1706,1788,1653,2770,1596,2250,936,1259,854,1190,252,760,27350,12497,5674,1572,8845,4222,3081,53,50
2021-06-14T23:59:59+02:00,9,6,1234,1263,4113,3525,4668,3616,4469,5299,3546,4223,1494,1913,1068,1483,298,857,2,2,395,473,1403,1489,1656,1753,1601,2703,1540,2198,927,1236,850,1183,251,759,26865,12245,5576,1497,8841,4136,3025,52,49
2021-06-13T23:59:59+02:00,9,6,1217,1245,4063,3487,4617,3574,4418,5254,3526,4207,1493,1907,1068,1481,297,856,2,2,387,465,1368,1472,1615,1728,1558,2666,1507,2156,909,1217,846,1173,250,757,26601,12058,5540,1473,8836,4057,2964,52,49
2021-06-12T23:59:59+02:00,9,5,1203,1219,4032,3467,4587,3550,4400,5236,3513,4197,1491,1903,1067,1480,297,855,2,2,383,463,1355,1452,1591,1704,1537,2644,1480,2137,901,1207,836,1170,250,756,26406,11913,5529,1473,8835,3996,2952,52,48
2021-06-11T23:59:59+02:00,8,5,1186,1204,3991,3421,4514,3523,4359,5198,3482,4185,1490,1901,1066,1477,297,854,2,2,373,450,1332,1411,1562,1682,1494,2602,1433,2096,890,1192,833,1164,250,755,26099,11666,5498,1464,8831,3917,2933,52,48
2021-06-10T23:59:59+02:00,8,4,1122,1148,3868,3333,4378,3439,4259,5132,3429,4148,1485,1893,1064,1476,297,854,2,2,352,433,1267,1371,1489,1623,1427,2530,1348,2000,864,1161,829,1155,249,752,25483,11237,5355,1451,8812,3753,2856,52,47
2021-06-09T23:59:59+02:00,7,2,1070,1110,3719,3224,4237,3376,4170,5054,3382,4106,1479,1887,1062,1473,297,854,1,2,334,413,1204,1327,1426,1587,1373,2450,1268,1934,836,1106,822,1141,248,750,24968,10934,5170,1391,8803,3611,2716,52,47
2021-06-08T23:59:59+02:00,6,2,1011,1066,3573,3127,4117,3295,4059,4970,3329,4075,1473,1883,1060,1470,296,852,1,1,317,393,1153,1289,1369,1551,1314,2391,1221,1862,813,1071,811,1125,244,747,24380,10688,5024,1341,8791,3469,2595,52,45
2021-06-07T23:59:59+02:00,5,2,983,1038,3460,3047,3979,3259,3936,4902,3276,4049,1459,1878,1059,1468,296,850,1,0,310,387,1107,1249,1311,1528,1265,2341,1155,1809,799,1051,797,1108,242,742,23979,10517,4837,1306,8785,3337,2452,52,45
2021-06-06T23:59:59+02:00,5,2,959,1027,3397,3009,3899,3208,3863,4872,3244,4033,1457,1873,1056,1467,295,850,1,0,302,377,1091,1221,1278,1495,1245,2284,1125,1750,787,1036,789,1100,242,738,23763,10403,4694,1251,8772,3227,2382,52,45
2021-06-05T23:59:59+02:00,5,2,946,1009,3321,2946,3843,3177,3826,4847,3234,4029,1456,1871,1056,1466,295,849,1,0,295,367,1071,1198,1259,1479,1218,2255,1094,1730,775,1013,787,1096,242,738,23467,10235,4687,1248,8768,3183,2342,52,44
2021-06-04T23:59:59+02:00,3,2,919,989,3273,2890,3767,3138,3761,4791,3205,4008,1452,1867,1054,1466,295,849,1,0,285,359,1049,1169,1234,1463,1192,2214,1063,1702,759,991,781,1091,242,735,23139,10099,4641,1243,8764,3121,2253,52,44
2021-06-03T23:59:59+02:00,3,2,874,955,3112,2790,3577,3031,3585,4676,3115,3933,1442,1856,1050,1461,295,849,0,0,274,349,1014,1127,1178,1405,1122,2128,1001,1644,720,953,773,1078,242,734,22440,9877,4405,1224,8747,2954,2059,52,43
2021-06-02T23:59:59+02:00,3,2,846,943,3039,2722,3520,2989,3522,4614,3073,3906,1440,1851,1050,1460,295,849,0,0,261,340,986,1104,1134,1386,1079,2087,947,1600,706,921,770,1073,242,733,22077,9660,4385,1210,8747,2916,1947,52,43
2021-06-01T23:59:59+02:00,3,2,800,907,2875,2603,3338,2893,3353,4507,3012,3845,1430,1844,1047,1454,295,849,0,0,249,325,902,1041,1040,1327,996,1979,897,1520,678,868,763,1064,241,726,21452,9374,4168,1176,8734,2708,1705,52,42
2021-05-31T23:59:59+02:00,3,2,762,879,2751,2516,3195,2796,3247,4416,2959,3792,1425,1831,1045,1449,295,849,0,0,235,309,861,998,974,1277,949,1902,859,1461,658,844,757,1059,240,726,21042,9203,3925,1161,8714,2571,1509,52,42
2021-05-30T23:59:59+02:00,3,2,751,867,2693,2470,3129,2758,3195,4375,2940,3771,1421,1825,1045,1449,295,848,0,0,225,292,818,953,921,1238,908,1842,835,1406,645,828,753,1050,240,725,20892,9104,3863,1151,8703,2400,1350,52,42
2021-05-29T23:59:59+02:00,3,2,748,864,2674,2454,3107,2744,3177,4359,2932,3762,1419,1824,1045,1449,295,848,0,0,222,281,813,940,903,1209,892,1794,822,1373,632,807,751,1045,239,725,20766,9012,3861,1150,8700,2261,1349,51,42
2021-05-28T23:59:59+02:00,3,2,739,852,2635,2414,3058,2715,3152,4336,2922,3747,1419,1821,1043,1444,295,848,0,0,218,272,801,920,891,1184,876,1752,794,1333,614,777,746,1037,238,723,20511,8830,3851,1145,8697,2173,1345,51,42
2021-05-27T23:59:59+02:00,3,2,692,829,2503,2347,2922,2643,3009,4256,2839,3697,1410,1810,1042,1442,294,846,0,0,202,255,739,868,808,1130,789,1658,728,1250,590,744,737,1020,237,721,20012,8620,3713,1109,8663,1913,1139,51,41
2021-05-26T23:59:59+02:00,3,2,657,794,2392,2272,2757,2576,2885,4190,2789,3647,1400,1799,1041,1434,292,841,0,0,193,235,697,829,759,1094,746,1590,688,1193,575,719,719,987,236,718,19585,8397,3462,1098,8635,1773,1009,51,41
2021-05-25T23:59:59+02:00,3,2,634,774,2299,2210,2654,2530,2783,4107,2742,3610,1388,1791,1038,1430,291,839,0,0,181,222,673,799,724,1058,709,1532,638,1131,556,699,699,958,235,716,19208,8178,3282,1063,8592,1635,952,50,38
2021-05-24T23:59:59+02:00,3,2,619,749,2239,2168,2579,2496,2711,4050,2686,3568,1375,1784,1032,1429,291,838,0,0,176,214,650,781,697,1026,674,1475,614,1080,538,686,692,954,235,714,19007,8084,3099,1052,8557,1514,854,50,37
2021-05-23T23:59:59+02:00,3,2,615,748,2221,2154,2567,2481,2701,4034,2674,3554,1372,1782,1032,1427,291,838,0,0,174,213,644,773,688,1020,658,1463,604,1073,535,679,687,949,234,711,18884,8004,3096,1046,8557,1502,853,50,35
2021-05-22T23:59:59+02:00,3,2,608,735,2197,2132,2530,2460,2679,4001,2641,3526,1365,1778,1031,1425,291,837,0,0,172,205,636,770,683,1009,646,1456,599,1067,525,671,681,938,234,711,18634,7943,3095,1046,8555,1466,844,50,35
2021-05-21T23:59:59+02:00,3,2,593,719,2109,2095,2443,2406,2610,3952,2597,3480,1358,1765,1029,1424,290,836,0,0,170,202,630,760,673,1000,634,1444,584,1047,513,646,674,931,234,709,18139,7857,3068,1045,8532,1404,840,50,35
2021-05-20T23:59:59+02:00,3,2,557,696,1985,2018,2308,2328,2477,3852,2518,3396,1343,1749,1027,1418,290,834,0,0,161,191,597,720,640,961,602,1388,559,984,492,616,668,922,234,708,17478,7735,2942,1034,8456,1193,766,50,33
2021-05-19T23:59:59+02:00,2,2,521,662,1869,1931,2160,2256,2334,3751,2417,3300,1326,1731,1020,1415,288,834,0,0,147,184,568,696,606,927,569,1334,534,924,478,594,658,898,233,706,16708,7580,2871,1016,8414,1092,642,49,32
2021-05-18T23:59:59+02:00,2,1,493,640,1789,1850,2057,2198,2220,3632,2322,3209,1315,1711,1013,1408,288,830,0,0,140,175,545,667,581,897,553,1256,515,862,460,567,649,885,232,703,16181,7458,2702,978,8357,981,536,49,32
2021-05-17T23:59:59+02:00,2,0,473,626,1729,1812,2003,2147,2142,3519,2261,3134,1296,1691,1006,1401,287,828,0,0,134,167,528,653,572,858,541,1196,499,807,442,536,647,877,232,702,15874,7383,2541,948,8287,877,440,49,32
2021-05-16T23:59:59+02:00,2,0,469,625,1702,1784,1961,2116,2101,3469,2206,3075,1281,1682,1004,1396,287,827,0,0,130,166,518,634,558,843,526,1149,482,769,417,506,645,874,232,701,15688,7330,2471,919,8243,791,359,49,31
2021-05-15T23:59:59+02:00,2,0,464,620,1672,1766,1942,2095,2080,3444,2182,3036,1273,1681,1003,1394,286,827,0,0,129,163,515,633,557,840,521,1144,476,759,414,504,643,872,232,701,15479,7302,2470,918,8234,779,354,47,30
2021-05-14T23:59:59+02:00,2,0,447,605,1643,1730,1898,2054,1999,3376,2140,2995,1265,1671,1001,1394,284,827,0,0,126,157,510,618,538,816,502,1112,462,743,398,488,638,867,232,699,15110,7244,2427,902,8213,674,331,47,30
2021-05-13T23:59:59+02:00,1,0,420,583,1571,1678,1784,2000,1881,3290,2073,2905,1241,1653,994,1392,282,823,0,0,120,154,495,611,528,800,495,1096,448,730,381,460,627,841,232,694,14677,7159,2168,862,8159,635,298,46,30
2021-05-12T23:59:59+02:00,1,0,412,578,1550,1667,1766,1990,1858,3268,2058,2890,1239,1648,990,1390,282,823,0,0,120,152,492,611,527,794,492,1091,445,723,375,448,626,835,232,694,14544,7116,2142,853,8151,633,296,44,30
2021-05-11T23:59:59+02:00,1,0,393,557,1470,1628,1656,1949,1745,3173,1950,2822,1224,1624,986,1380,282,823,0,0,113,143,475,579,506,766,472,1059,416,702,352,421,617,829,232,694,14134,7019,1963,824,8035,536,231,44,30
2021-05-10T23:59:59+02:00,1,0,377,541,1426,1596,1603,1915,1672,3108,1893,2755,1217,1610,982,1374,282,820,0,0,113,140,470,574,497,743,464,1034,410,682,343,410,615,825,232,693,13861,6973,1881,816,7911,484,205,44,28
2021-05-09T23:59:59+02:00,1,0,370,530,1382,1570,1568,1895,1627,3071,1833,2715,1204,1598,979,1369,282,819,0,0,108,137,463,565,487,735,455,1024,400,671,333,399,610,820,232,692,13623,6936,1823,805,7859,433,185,44,27
2021-05-08T23:59:59+02:00,1,0,365,525,1368,1549,1535,1876,1604,3046,1801,2693,1197,1591,976,1368,281,819,0,0,107,137,462,565,484,734,454,1019,400,665,332,397,606,812,232,692,13409,6920,1818,799,7856,422,183,44,27
2021-05-07T23:59:59+02:00,1,0,353,517,1339,1519,1481,1857,1544,2985,1753,2643,1190,1583,975,1362,281,816,0,0,103,133,451,551,471,706,442,984,384,641,330,377,591,800,231,690,13135,6869,1789,774,7790,318,146,44,26
2021-05-06T23:59:59+02:00,1,0,329,503,1241,1476,1371,1799,1402,2870,1622,2551,1159,1552,972,1351,281,813,0,0,100,129,437,533,460,687,429,961,371,621,321,362,578,787,231,687,12642,6809,1600,756,7566,231,118,42,25
2021-05-05T23:59:59+02:00,1,0,314,488,1200,1445,1326,1758,1335,2802,1544,2467,1141,1527,966,1338,281,808,0,0,99,125,426,523,455,674,421,951,366,603,304,351,561,770,231,686,12218,6739,1536,737,7501,182,110,42,22
2021-05-04T23:59:59+02:00,1,0,305,476,1150,1411,1287,1731,1289,2756,1492,2409,1125,1498,961,1327,279,804,0,0,95,122,417,510,452,667,410,931,357,586,292,335,550,750,231,686,11892,6663,1474,711,7453,142,98,42,20
2021-05-03T23:59:59+02:00,1,0,299,470,1114,1387,1251,1711,1259,2721,1449,2370,1108,1472,955,1320,278,800,0,0,87,118,405,503,443,660,403,925,348,578,281,327,532,733,229,684,11643,6583,1449,703,7409,123,70,42,18
2021-05-02T23:59:59+02:00,1,0,295,469,1098,1372,1219,1694,1232,2703,1438,2348,1099,1458,952,1319,278,797,0,0,85,117,398,495,438,655,398,918,345,576,277,319,513,722,229,684,11511,6544,1433,684,7375,109,53,41,17
2021-05-01T23:59:59+02:00,1,0,291,464,1089,1364,1209,1681,1217,2691,1421,2331,1093,1453,949,1316,278,796,0,0,85,116,398,494,434,655,396,914,345,575,275,319,513,722,229,684,11378,6535,1432,684,7374,106,52,41,15
2021-04-30T23:59:59+02:00,1,0,286,455,1078,1340,1187,1661,1187,2629,1367,2281,1080,1436,944,1313,278,793,0,0,83,114,396,489,430,648,394,889,341,565,270,312,511,717,229,683,11079,6519,1427,675,7370,79,22,41,14
2021-04-29T23:59:59+02:00,1,0,270,441,1023,1310,1140,1621,1140,2573,1277,2217,1037,1394,939,1305,277,791,0,0,83,112,391,487,425,643,385,877,333,556,260,302,500,707,228,680,10606,6459,1389,655,7307,55,21,40,14
2021-04-28T23:59:59+02:00,1,0,259,435,1008,1292,1112,1607,1108,2532,1210,2164,1005,1341,931,1303,277,790,0,0,79,110,385,484,420,634,380,869,330,544,245,287,490,695,227,679,10322,6393,1340,621,7253,41,20,39,14
2021-04-27T23:59:59+02:00,1,0,255,425,987,1276,1092,1595,1084,2509,1186,2140,980,1306,925,1299,277,787,0,0,77,107,380,479,418,627,378,865,323,538,241,279,477,676,226,678,10131,6340,1312,594,7216,34,19,35,12
2021-04-26T23:59:59+02:00,1,0,252,419,980,1267,1083,1580,1056,2492,1137,2093,961,1286,919,1292,276,786,0,0,77,107,376,471,418,624,374,862,322,533,235,271,468,667,226,678,9959,6306,1297,569,7151,32,19,35,12
2021-04-25T23:59:59+02:00,1,0,251,417,971,1254,1066,1573,1039,2475,1107,2065,940,1263,916,1285,276,786,0,0,76,106,374,463,415,623,373,857,321,532,234,267,463,659,226,677,9832,6287,1272,553,7103,24,19,34,12
2021-04-24T23:59:59+02:00,1,0,247,412,956,1241,1054,1558,1023,2456,1082,2048,931,1239,913,1281,276,786,0,0,76,106,374,463,413,623,373,855,320,529,233,266,462,656,226,677,9665,6281,1272,545,7081,23,19,32,12
2021-04-23T23:59:59+02:00,1,0,245,402,945,1224,1045,1548,1006,2437,1028,2005,910,1215,911,1274,276,783,0,0,75,105,374,462,412,622,372,853,317,526,229,260,457,650,226,677,9513,6258,1259,532,6986,23,19,31,11
2021-04-22T23:59:59+02:00,1,0,241,392,921,1200,1021,1528,977,2397,981,1944,882,1175,904,1261,276,780,0,0,75,104,372,456,407,615,368,844,315,521,223,254,448,640,225,675,9242,6204,1211,518,6920,16,19,31,11
2021-04-21T23:59:59+02:00,1,0,237,387,895,1181,995,1511,943,2362,936,1896,850,1125,896,1247,276,777,0,0,74,102,369,455,405,612,364,838,310,512,220,249,438,625,224,672,8952,6152,1186,497,6862,15,19,29,11
2021-04-20T23:59:59+02:00,1,0,230,382,876,1154,977,1491,918,2312,896,1844,806,1062,884,1230,274,774,0,0,74,102,367,453,402,607,358,833,307,506,215,240,427,606,223,672,8672,6091,1118,482,6799,14,19,29,11
2021-04-19T23:59:59+02:00,1,0,227,372,856,1142,964,1471,902,2281,869,1810,777,1033,880,1223,274,770,0,0,73,101,366,451,397,602,355,823,303,496,215,235,415,588,221,667,8494,6029,1103,462,6731,12,18,28,11
2021-04-18T23:59:59+02:00,1,0,226,368,848,1132,951,1463,881,2261,850,1791,751,994,878,1218,273,768,0,0,72,99,362,450,397,602,354,819,303,493,214,231,409,584,221,667,8375,6009,1075,451,6671,12,18,28,10
2021-04-17T23:59:59+02:00,1,0,225,365,846,1129,945,1460,874,2255,846,1785,736,969,876,1212,273,768,0,0,72,96,360,446,395,602,351,815,302,488,211,225,403,577,221,666,8310,5966,1074,447,6647,12,18,28,10
2021-04-16T23:59:59+02:00,1,0,224,364,836,1124,932,1440,858,2234,817,1748,698,912,866,1202,271,764,0,0,68,94,358,439,392,600,342,802,297,476,197,209,399,569,218,663,8118,5898,1058,408,6577,11,18,28,9
2021-04-15T23:59:59+02:00,1,0,222,357,812,1106,915,1425,832,2189,778,1710,665,865,857,1183,271,760,0,0,66,93,354,432,387,594,335,794,290,473,189,203,383,546,216,658,7899,5816,1046,380,6458,10,18,27,8
2021-04-14T23:59:59+02:00,1,0,220,350,803,1096,905,1411,818,2154,761,1683,627,825,828,1135,271,756,0,0,63,89,347,429,383,588,333,784,280,465,179,187,366,525,214,653,7679,5722,1030,345,6387,10,18,24,8
2021-04-13T23:59:59+02:00,1,0,215,346,793,1091,896,1400,809,2129,734,1655,580,773,806,1102,270,753,0,0,61,86,341,422,373,584,326,777,276,461,176,183,353,512,213,650,7522,5660,985,317,6296,8,18,21,8
2021-04-12T23:59:59+02:00,1,0,213,345,788,1085,887,1386,783,2109,717,1636,550,746,795,1085,269,751,0,0,60,82,328,416,369,578,322,770,270,455,169,178,345,500,212,644,7428,5585,964,292,6203,8,18,18,8
2021-04-11T23:59:59+02:00,0,0,209,343,780,1074,879,1381,770,2092,707,1620,536,722,787,1063,268,748,0,0,59,80,323,414,365,576,320,766,269,450,163,170,338,497,210,641,7367,5537,944,282,6114,7,18,17,8
2021-04-10T23:59:59+02:00,0,0,209,341,780,1071,874,1379,760,2084,697,1612,529,707,780,1050,267,748,0,0,55,73,297,397,346,561,307,751,255,442,156,163,333,482,209,639,7314,5360,937,276,6083,7,17,15,8
2021-04-09T23:59:59+02:00,0,0,209,338,774,1068,861,1356,752,2002,681,1528,493,646,760,1028,265,744,0,0,46,69,282,385,329,547,291,736,245,429,146,157,311,461,206,631,7197,5166,912,268,5836,7,13,14,8
2021-04-08T23:59:59+02:00,0,0,207,335,768,1061,849,1348,738,1982,661,1508,451,584,729,1005,263,741,0,0,44,66,271,367,314,535,276,721,229,411,137,141,296,443,204,614,7077,4970,872,256,5717,7,12,14,8
2021-04-07T23:59:59+02:00,0,0,202,331,759,1055,836,1333,717,1954,642,1475,414,543,701,967,260,737,0,0,41,63,252,353,304,530,268,707,221,399,123,131,277,423,198,605,6941,4800,840,246,5570,7,12,14,7
2021-04-06T23:59:59+02:00,0,0,200,329,749,1050,821,1316,700,1930,615,1450,393,507,676,936,259,736,0,0,39,61,251,348,299,528,257,703,216,393,118,127,268,403,194,595,6850,4727,814,225,5421,6,12,13,7
2021-04-05T23:59:59+02:00,0,0,200,328,745,1043,814,1305,691,1913,608,1434,374,486,659,912,259,735,0,0,39,60,250,344,298,524,253,697,212,392,117,123,255,383,190,589,6810,4666,801,210,5307,6,12,13,7
2021-04-04T23:59:59+02:00,0,0,199,325,741,1033,808,1294,682,1896,601,1415,363,473,656,908,259,735,0,0,39,59,249,343,297,524,253,697,211,392,115,123,249,369,187,587,6785,4635,796,210,5221,6,10,13,7
2021-04-03T23:59:59+02:00,0,0,199,325,740,1033,806,1292,682,1892,594,1413,356,467,653,901,259,734,0,0,39,59,249,343,297,524,253,696,211,390,115,123,249,366,187,585,6754,4627,796,210,5208,6,10,13,7
2021-04-02T23:59:59+02:00,0,0,199,323,740,1031,804,1290,678,1885,590,1403,347,457,640,891,259,733,0,0,39,58,246,341,294,522,251,688,206,384,113,122,243,347,184,572,6704,4552,791,207,5185,6,10,12,7
2021-04-01T23:59:59+02:00,0,0,196,320,735,1017,792,1277,673,1865,575,1384,332,433,609,858,258,727,0,0,37,57,237,335,292,519,250,681,204,379,105,119,226,322,181,551,6615,4443,748,200,5093,5,10,12,7
2021-03-31T23:59:59+02:00,0,0,192,317,727,1009,783,1263,663,1819,565,1345,323,422,587,812,254,724,0,0,37,57,236,334,287,516,247,679,198,375,100,116,211,295,179,529,6546,4353,704,193,4959,5,8,12,7
2021-03-30T23:59:59+02:00,0,0,189,311,722,1000,777,1241,651,1780,555,1301,311,404,561,776,253,724,0,0,37,56,234,330,283,513,246,674,194,370,97,114,203,277,175,514,6468,4276,666,188,4825,5,8,11,7
2021-03-29T23:59:59+02:00,0,0,185,306,717,982,772,1228,642,1749,546,1263,307,390,530,738,251,717,0,0,37,54,232,328,282,511,245,670,192,363,93,112,194,264,168,503,6359,4214,644,182,4721,3,8,11,7
2021-03-28T23:59:59+02:00,0,0,178,290,707,972,763,1221,637,1727,543,1246,305,376,502,714,248,715,0,0,37,53,230,328,279,505,242,667,191,360,90,110,187,255,165,501,6314,4170,609,178,4617,3,8,11,7
2021-03-27T23:59:59+01:00,0,0,178,287,702,966,758,1217,631,1716,541,1237,301,367,496,704,248,714,0,0,37,53,230,328,279,505,239,661,188,356,89,109,183,248,160,491,6273,4132,601,172,4581,3,8,11,7
2021-03-26T23:59:59+01:00,0,0,174,285,691,954,749,1202,619,1698,533,1214,294,356,492,689,246,710,0,0,37,53,230,328,278,503,239,660,181,344,84,102,171,232,153,479,6209,4052,582,171,4502,3,6,11,7
2021-03-25T23:59:59+01:00,0,0,170,283,681,940,728,1176,602,1661,522,1175,286,344,475,665,245,706,0,0,37,52,226,323,276,502,232,657,181,343,77,102,154,214,148,455,6130,3961,568,163,4344,3,6,11,7
2021-03-24T23:59:59+01:00,0,0,168,275,670,927,720,1160,593,1624,508,1144,276,331,457,641,242,703,0,0,37,52,224,321,273,500,230,657,177,340,75,99,141,208,142,421,6055,3887,543,156,4220,2,6,11,7
2021-03-23T23:59:59+01:00,0,0,165,272,662,912,707,1145,582,1601,495,1105,270,319,439,625,237,699,0,0,36,52,222,320,270,497,225,652,175,336,72,95,133,200,132,395,6001,3805,527,151,4084,2,6,11,7
2021-03-22T23:59:59+01:00,0,0,161,263,643,893,689,1126,571,1569,481,1081,265,310,427,609,236,693,0,0,36,52,220,318,267,495,223,645,174,334,72,92,127,191,117,365,5944,3723,505,148,3941,1,6,11,7
2021-03-21T23:59:59+01:00,0,0,157,261,635,884,683,1122,567,1545,475,1049,259,302,414,601,234,688,0,0,36,52,217,318,265,493,222,644,172,332,71,89,125,190,113,362,5921,3702,489,144,3836,1,4,10,6
2021-03-20T23:59:59+01:00,0,0,155,261,627,879,678,1119,561,1540,472,1048,255,294,401,587,232,686,0,0,36,52,217,318,264,493,221,642,172,328,70,88,122,186,109,356,5886,3677,482,142,3792,1,4,10,6
2021-03-19T23:59:59+01:00,0,0,145,251,620,861,667,1112,556,1522,461,1035,238,272,384,562,227,678,0,0,34,52,216,317,263,493,219,635,171,324,68,86,114,175,104,335,5808,3610,440,141,3704,1,3,10,6
2021-03-18T23:59:59+01:00,0,0,140,245,601,845,649,1079,538,1471,447,989,223,257,371,539,224,660,0,0,34,52,215,314,261,485,219,630,168,317,68,83,106,167,100,322,5723,3550,406,132,3499,1,3,10,6
2021-03-17T23:59:59+01:00,0,0,134,239,588,826,636,1072,533,1458,439,970,211,244,353,522,220,654,0,0,34,51,215,312,260,483,218,629,168,316,68,83,101,161,94,308,5628,3510,378,130,3435,1,3,8,6
2021-03-16T23:59:59+01:00,0,0,130,230,571,811,617,1061,521,1417,428,945,203,230,332,488,216,642,0,0,34,50,215,309,260,477,216,628,167,315,64,83,97,155,91,290,5535,3464,346,126,3296,1,2,8,6
2021-03-15T23:59:59+01:00,0,0,124,223,556,796,607,1040,512,1385,414,908,197,222,319,463,213,636,0,0,33,50,214,306,260,474,215,627,165,314,63,81,91,149,89,276,5447,3421,317,124,3179,1,1,8,6
2021-03-14T23:59:59+01:00,0,0,119,211,542,777,592,1019,503,1342,402,863,187,210,308,452,207,632,0,0,33,50,214,303,259,473,214,622,164,309,62,81,90,146,87,273,5380,3405,304,114,3007,1,0,7,6
2021-03-13T23:59:59+01:00,0,0,116,199,514,748,563,993,478,1317,382,844,172,201,301,439,206,629,0,0,33,50,214,303,259,473,213,622,164,308,62,81,87,142,75,258,5185,3367,300,114,2921,1,0,7,6
2021-03-12T23:59:59+01:00,0,0,105,191,484,722,543,963,457,1278,361,812,156,189,277,410,203,609,0,0,33,50,214,302,259,473,213,622,164,307,57,79,84,136,70,251,4955,3335,294,114,2802,1,0,7,5
2021-03-11T23:59:59+01:00,0,0,97,182,450,675,505,927,417,1204,339,759,143,167,249,369,199,587,0,0,33,49,213,300,254,469,211,618,161,305,57,77,80,130,68,238,4706,3306,284,93,2546,1,0,7,4
2021-03-10T23:59:59+01:00,0,0,94,172,426,651,486,908,400,1166,322,721,127,152,232,338,193,554,0,0,32,49,211,295,250,464,208,612,161,303,54,75,76,127,65,228,4527,3262,273,81,2405,1,0,7,4
2021-03-09T23:59:59+01:00,0,0,94,167,414,621,455,878,385,1122,310,689,121,144,222,320,187,542,0,0,32,49,210,292,247,456,206,608,157,299,53,73,74,124,59,220,4444,3221,257,71,2220,1,0,7,3
2021-03-08T23:59:59+01:00,0,0,91,159,398,604,437,861,376,1071,301,651,117,135,208,300,181,530,0,0,32,49,210,288,244,451,201,604,151,295,51,72,69,121,58,219,4365,3193,241,54,2059,1,0,7,2
2021-03-07T23:59:59+01:00,0,0,88,155,393,592,428,846,365,1056,298,645,115,135,201,286,179,528,0,0,32,49,209,287,244,449,200,603,151,295,51,72,67,119,57,218,4318,3184,231,51,2001,0,0,7,2
2021-03-06T23:59:59+01:00,0,0,87,148,391,584,421,822,355,1004,289,613,114,134,195,278,176,523,0,0,32,49,209,287,243,448,200,602,151,295,51,72,65,119,56,213,4282,3179,231,45,1858,0,0,7,2
2021-03-05T23:59:59+01:00,0,0,86,143,386,571,416,814,354,987,280,590,108,124,184,258,168,510,0,0,32,49,208,285,242,447,199,600,150,293,51,72,63,118,55,205,4201,3164,222,36,1786,0,0,7,2
2021-03-04T23:59:59+01:00,0,0,83,127,375,535,398,780,337,943,270,561,99,123,165,232,161,485,0,0,32,49,206,279,240,441,197,587,147,292,50,72,63,118,55,204,4098,3125,206,35,1597,0,0,7,2
2021-03-03T23:59:59+01:00,0,0,76,116,365,519,389,762,332,922,261,543,97,120,154,225,155,451,0,0,32,48,206,279,239,439,194,579,147,286,50,72,62,116,55,204,4028,3101,200,32,1480,0,0,7,2
2021-03-02T23:59:59+01:00,0,0,73,113,354,504,372,744,325,903,255,521,95,115,144,215,145,423,0,0,31,48,206,279,239,433,189,572,145,283,50,72,62,114,55,203,3939,3072,194,32,1382,0,0,7,2
2021-03-01T23:59:59+01:00,0,0,72,111,348,491,365,722,314,878,249,494,93,114,137,204,127,388,0,0,31,47,205,278,237,424,187,565,145,280,50,72,61,113,54,203,3852,3041,189,32,1275,0,0,7,2
2021-02-28T23:59:59+01:00,0,0,72,109,341,482,362,714,312,854,244,476,88,106,135,201,123,384,0,0,31,47,204,278,236,423,186,565,145,280,50,72,61,113,54,203,3828,3039,186,31,1195,0,0,7,1
2021-02-27T23:59:59+01:00,0,0,69,100,335,476,357,707,306,843,241,467,86,104,134,196,116,374,0,0,31,47,204,277,236,422,185,564,143,279,50,72,61,113,54,203,3796,3037,180,26,1137,0,0,7,1
2021-02-26T23:59:59+01:00,0,0,67,95,327,452,331,672,285,812,231,446,83,100,126,185,112,354,0,0,31,46,204,276,236,420,184,561,139,277,50,72,61,113,54,201,3739,3021,178,26,956,0,0,7,0
2021-02-25T23:59:59+01:00,0,0,59,84,314,430,321,644,277,786,219,423,78,100,118,178,109,342,0,0,31,46,202,272,231,417,182,554,134,276,50,70,59,111,53,201,3689,2992,171,18,806,0,0,7,0
2021-02-24T23:59:59+01:00,0,0,55,77,307,417,313,629,272,770,216,415,77,100,113,173,102,329,0,0,30,46,200,270,228,404,180,546,132,271,48,69,56,111,53,201,3649,2952,166,12,731,0,0,7,0
2021-02-23T23:59:59+01:00,0,0,52,68,294,399,303,611,266,752,210,407,73,98,108,168,99,307,0,0,29,46,199,268,225,398,179,540,128,268,47,69,56,107,53,199,3596,2921,161,8,633,0,0,7,0
2021-02-22T23:59:59+01:00,0,0,50,66,288,387,299,602,264,743,208,402,71,95,100,160,97,295,0,0,29,44,196,266,222,384,172,530,125,265,46,69,55,107,53,199,3551,2874,153,4,592,0,0,6,0
2021-02-21T23:59:59+01:00,0,0,49,65,282,380,296,592,259,735,203,398,70,93,99,158,95,293,0,0,29,43,195,264,221,381,172,521,125,264,46,69,55,107,53,197,3541,2852,150,4,542,0,0,5,0
2021-02-20T23:59:59+01:00,0,0,48,65,280,379,295,589,258,729,203,393,69,93,96,154,83,278,0,0,29,42,195,264,221,381,172,521,123,263,46,69,54,107,53,195,3505,2845,149,4,521,0,0,5,0
2021-02-19T23:59:59+01:00,0,0,47,65,277,374,289,566,247,703,201,381,66,90,92,146,78,270,0,0,29,41,195,264,220,380,172,520,123,263,46,69,53,106,52,193,3471,2836,148,4,432,0,0,4,0
2021-02-18T23:59:59+01:00,0,0,44,63,259,350,281,543,239,682,186,357,65,86,90,141,76,261,0,0,28,40,190,255,217,373,167,505,123,253,46,67,53,104,49,188,3442,2767,139,4,297,0,0,4,0
2021-02-17T23:59:59+01:00,0,0,44,61,252,344,279,528,232,669,183,337,63,83,86,138,73,249,0,0,26,39,186,249,210,359,163,489,120,242,42,65,53,102,48,185,3391,2684,137,3,242,0,0,4,0
2021-02-16T23:59:59+01:00,0,0,43,56,238,330,275,517,226,653,178,330,61,82,83,136,67,242,0,0,23,39,177,240,202,339,157,477,116,230,42,60,43,88,40,175,3354,2553,134,3,176,0,0,4,0
2021-02-15T23:59:59+01:00,0,0,42,56,233,327,268,505,223,648,174,324,59,82,78,132,66,241,0,0,22,38,169,233,197,331,151,466,112,223,39,57,43,82,36,166,3327,2469,133,3,145,0,0,4,0
2021-02-14T23:59:59+01:00,0,0,39,56,230,323,266,498,220,642,174,319,58,79,75,132,65,238,0,0,20,38,167,228,194,326,150,454,111,220,39,57,42,80,35,159,3316,2423,122,3,122,0,0,4,0
2021-02-13T23:59:59+01:00,0,0,38,56,230,323,264,498,220,641,174,319,58,79,74,132,65,237,0,0,20,38,166,227,191,326,149,452,110,217,38,57,41,79,32,155,3312,2402,122,1,120,0,0,4,0
2021-02-12T23:59:59+01:00,0,0,37,54,228,319,261,489,216,630,171,316,58,78,72,132,65,236,0,0,20,38,165,223,190,325,148,450,108,216,36,56,41,75,28,147,3303,2370,122,1,81,0,0,4,0
2021-02-11T23:59:59+01:00,0,0,36,53,220,297,254,472,209,606,159,305,57,77,71,130,65,230,0,0,20,35,150,201,183,295,139,405,103,197,32,55,37,65,26,133,3266,2170,99,1,18,0,0,4,0
2021-02-10T23:59:59+01:00,0,0,36,52,217,289,252,465,205,598,157,300,54,77,70,130,64,228,0,0,18,32,137,177,169,256,120,356,96,175,28,52,36,62,23,121,3234,1940,89,1,8,0,0,4,0
2021-02-09T23:59:59+01:00,0,0,34,51,216,286,250,455,200,590,153,297,54,77,70,128,64,228,0,0,18,30,119,151,153,234,107,314,91,150,23,47,35,49,20,109,3211,1721,74,1,4,0,0,4,0
2021-02-08T23:59:59+01:00,0,0,34,51,215,284,244,440,197,579,149,292,51,77,69,127,64,228,0,0,16,29,103,128,131,195,87,275,86,140,16,45,29,40,19,96,3172,1500,58,1,4,0,0,3,0
2021-02-07T23:59:59+01:00,0,0,34,50,212,283,242,439,196,576,148,292,51,77,68,127,64,228,0,0,15,23,98,118,123,184,82,255,82,130,15,44,27,33,18,88,3164,1397,55,1,0,0,0,2,0
2021-02-06T23:59:59+01:00,0,0,34,50,212,283,242,438,196,576,147,291,50,77,67,127,63,223,0,0,12,19,97,117,122,180,80,248,82,128,14,43,27,30,16,88,3160,1361,48,1,0,0,0,2,0
2021-02-05T23:59:59+01:00,0,0,33,49,212,283,242,437,195,575,145,290,50,77,67,127,62,213,0,0,10,15,88,109,118,175,79,244,81,120,13,42,27,26,14,85,3148,1301,39,0,0,0,0,2,0
2021-02-04T23:59:59+01:00,0,0,33,49,209,279,237,433,190,569,143,287,50,75,67,125,62,212,0,0,9,11,60,77,95,130,68,207,64,101,13,37,24,22,11,74,3110,1045,39,0,0,0,0,2,0
2021-02-03T23:59:59+01:00,0,0,33,48,209,278,236,421,188,563,142,284,50,74,66,123,62,212,0,0,6,6,44,58,74,107,53,158,55,73,10,17,18,15,6,58,3082,789,36,0,0,0,0,2,0
2021-02-02T23:59:59+01:00,0,0,32,48,208,275,232,415,187,557,139,283,49,74,64,120,60,209,0,0,4,4,28,41,58,77,41,102,44,51,8,14,12,9,2,41,3043,557,36,0,0,0,0,2,0
2021-02-01T23:59:59+01:00,0,0,31,46,206,275,227,408,184,552,136,276,49,73,62,119,60,209,0,0,4,2,22,22,32,46,27,63,27,28,6,9,8,5,2,23,3003,338,36,0,0,0,0,1,0
2021-01-31T23:59:59+01:00,0,0,31,46,205,274,225,402,182,544,135,276,49,73,61,118,60,207,0,0,4,2,20,17,23,36,21,51,21,24,6,6,7,5,2,19,2978,274,34,0,0,0,0,1,0
2021-01-30T23:59:59+01:00,0,0,31,46,205,274,225,401,181,544,135,276,49,73,60,118,60,204,0,0,4,2,19,16,21,36,19,47,20,23,6,5,7,4,2,18,2973,258,33,0,0,0,0,1,0
2021-01-29T23:59:59+01:00,0,0,31,46,205,272,224,400,180,543,133,274,49,73,59,117,59,203,0,0,4,1,16,10,15,29,16,41,16,21,5,4,6,4,2,17,2963,214,29,0,0,0,0,0,0
2021-01-28T23:59:59+01:00,0,0,31,45,196,269,223,395,179,534,131,270,49,73,58,116,57,202,0,0,4,1,5,3,8,16,9,23,9,9,2,2,4,1,0,16,2931,115,21,0,0,0,0,0,0
2021-01-27T23:59:59+01:00,0,0,30,44,193,262,219,385,177,521,128,261,46,71,58,114,56,200,0,0,1,1,3,3,7,14,8,19,8,9,2,2,3,1,0,13,2866,96,17,0,0,0,0,0,0
2021-01-26T23:59:59+01:00,0,0,27,44,190,250,213,372,173,503,125,254,45,66,52,107,49,191,0,0,1,1,2,3,7,14,8,19,8,9,2,2,3,1,0,10,2765,92,13,0,0,0,0,0,0
2021-01-25T23:59:59+01:00,0,0,27,43,181,247,210,362,170,494,122,244,43,64,51,104,43,188,0,0,1,1,1,3,5,12,7,16,8,9,2,2,2,0,0,8,2703,79,5,0,0,0,0,0,0
2021-01-24T23:59:59+01:00,0,0,26,42,179,244,208,361,169,492,122,243,43,64,49,100,42,187,0,0,1,1,1,3,4,12,7,16,8,9,2,2,2,0,0,8,2682,78,3,0,0,0,0,0,0
2021-01-23T23:59:59+01:00,0,0,26,42,179,244,206,361,169,491,122,243,43,64,49,99,41,185,0,0,1,1,1,3,4,11,7,15,7,9,2,2,2,0,0,8,2675,75,3,0,0,0,0,0,0
2021-01-22T23:59:59+01:00,0,0,25,41,178,240,205,361,169,490,121,243,43,64,49,99,38,179,0,0,1,0,1,3,4,11,7,15,7,9,2,2,2,0,0,8,2656,74,3,0,0,0,0,0,0
2021-01-21T23:59:59+01:00,0,0,21,39,169,227,199,345,165,469,119,230,42,64,45,91,37,176,0,0,1,0,1,3,1,6,6,10,5,5,2,2,2,0,0,7,2542,53,3,0,0,0,0,0,0
2021-01-20T23:59:59+01:00,0,0,20,37,152,201,183,302,137,413,109,209,37,60,43,86,32,159,0,0,1,0,1,3,1,6,6,9,5,4,2,2,2,0,0,7,2273,51,2,0,0,0,0,0,0
2021-01-19T23:59:59+01:00,0,0,20,34,126,173,166,268,128,370,105,188,27,54,35,71,29,145,0,0,1,0,1,3,1,5,4,7,3,3,1,0,2,0,0,4,2020,36,2,0,0,0,0,0,0
2021-01-18T23:59:59+01:00,0,0,17,33,113,152,143,228,111,322,98,164,24,51,32,58,26,125,0,0,1,0,1,1,0,2,3,5,2,3,0,0,1,0,0,4,1772,24,2,0,0,0,0,0,0
2021-01-17T23:59:59+01:00,0,0,16,24,108,138,135,214,102,297,94,153,23,46,31,52,25,112,0,0,1,0,0,0,0,1,1,4,2,2,0,0,1,0,0,1,1637,13,2,0,0,0,0,0,0
2021-01-16T23:59:59+01:00,0,0,14,21,105,136,133,209,99,287,93,146,20,45,30,46,20,109,0,0,0,0,0,0,0,0,0,0,0,0,0,0,0,0,0,0,1578,0,0,0,0,0,0,0,0
2021-01-15T23:59:59+01:00,0,0,11,17,99,127,129,203,97,278,93,136,19,44,30,41,19,106,0,0,0,0,0,0,0,0,0,0,0,0,0,0,0,0,0,0,1510,0,0,0,0,0,0,0,0
2021-01-14T23:59:59+01:00,0,0,9,13,75,95,110,167,81,234,81,121,15,39,27,33,17,91,0,0,0,0,0,0,0,0,0,0,0,0,0,0,0,0,0,0,1257,0,0,0,0,0,0,0,0
2021-01-13T23:59:59+01:00,0,0,7,12,61,84,97,138,75,190,76,96,15,25,21,24,15,71,0,0,0,0,0,0,0,0,0,0,0,0,0,0,0,0,0,0,1048,0,0,0,0,0,0,0,0
2021-01-12T23:59:59+01:00,0,0,5,8,49,67,79,108,67,135,63,74,11,19,16,20,7,55,0,0,0,0,0,0,0,0,0,0,0,0,0,0,0,0,0,0,818,0,0,0,0,0,0,0,0
2021-01-11T23:59:59+01:00,0,0,4,6,43,51,67,83,53,107,48,55,10,14,8,11,4,29,0,0,0,0,0,0,0,0,0,0,0,0,0,0,0,0,0,0,618,0,0,0,0,0,0,0,0
2021-01-10T23:59:59+01:00,0,0,4,6,39,40,50,67,39,86,40,47,9,9,7,10,4,23,0,0,0,0,0,0,0,0,0,0,0,0,0,0,0,0,0,0,496,0,0,0,0,0,0,0,0
2021-01-09T23:59:59+01:00,0,0,4,5,36,39,45,64,36,78,37,43,9,9,7,8,4,22,0,0,0,0,0,0,0,0,0,0,0,0,0,0,0,0,0,0,460,0,0,0,0,0,0,0,0
2021-01-08T23:59:59+01:00,0,0,4,5,29,30,38,56,27,65,31,38,6,6,5,7,3,20,0,0,0,0,0,0,0,0,0,0,0,0,0,0,0,0,0,0,381,0,0,0,0,0,0,0,0
2021-01-07T23:59:59+01:00,0,0,4,2,11,3,11,18,11,29,8,18,5,3,4,2,1,18,0,0,0,0,0,0,0,0,0,0,0,0,0,0,0,0,0,0,151,0,0,0,0,0,0,0,0
2021-01-06T23:59:59+01:00,0,0,4,1,4,3,6,15,8,23,7,10,3,3,3,2,1,16,0,0,0,0,0,0,0,0,0,0,0,0,0,0,0,0,0,0,112,0,0,0,0,0,0,0,0
2021-01-05T23:59:59+01:00,0,0,2,1,2,3,6,14,8,21,7,9,3,2,3,2,0,15,0,0,0,0,0,0,0,0,0,0,0,0,0,0,0,0,0,0,101,0,0,0,0,0,0,0,0
2021-01-04T23:59:59+01:00,0,0,1,1,2,3,6,13,7,17,7,9,2,2,2,1,0,10,0,0,0,0,0,0,0,0,0,0,0,0,0,0,0,0,0,0,85,0,0,0,0,0,0,0,0
2021-01-03T23:59:59+01:00,0,0,1,1,1,3,5,13,7,17,7,9,2,2,2,1,0,10,0,0,0,0,0,0,0,0,0,0,0,0,0,0,0,0,0,0,83,0,0,0,0,0,0,0,0
2021-01-02T23:59:59+01:00,0,0,1,1,1,3,5,13,6,17,6,9,2,2,2,1,0,10,0,0,0,0,0,0,0,0,0,0,0,0,0,0,0,0,0,0,81,0,0,0,0,0,0,0,0
2021-01-01T23:59:59+01:00,0,0,1,0,1,3,5,13,6,17,6,9,2,2,2,1,0,10,0,0,0,0,0,0,0,0,0,0,0,0,0,0,0,0,0,0,80,0,0,0,0,0,0,0,0
2020-12-31T23:59:59+01:00,0,0,1,0,1,3,5,12,6,17,6,9,2,2,2,1,0,10,0,0,0,0,0,0,0,0,0,0,0,0,0,0,0,0,0,0,79,0,0,0,0,0,0,0,0
2020-12-30T23:59:59+01:00,0,0,1,0,1,3,5,12,6,16,6,9,2,2,2,1,0,10,0,0,0,0,0,0,0,0,0,0,0,0,0,0,0,0,0,0,78,0,0,0,0,0,0,0,0
2020-12-29T23:59:59+01:00,0,0,1,0,1,3,4,8,4,13,4,7,1,1,2,0,0,8,0,0,0,0,0,0,0,0,0,0,0,0,0,0,0,0,0,0,58,0,0,0,0,0,0,0,0
2020-12-28T23:59:59+01:00,0,0,1,0,1,1,1,1,2,6,3,4,1,0,2,0,0,4,0,0,0,0,0,0,0,0,0,0,0,0,0,0,0,0,0,0,28,0,0,0,0,0,0,0,0
2020-12-27T23:59:59+01:00,0,0,1,0,0,0,0,1,1,6,1,2,0,0,1,0,0,2,0,0,0,0,0,0,0,0,0,0,0,0,0,0,0,0,0,0,15,0,0,0,0,0,0,0,0
