Datum,<15_m,<15_w,15-24_1_m,15-24_1_w,25-34_1_m,25-34_1_w,35-44_1_m,35-44_1_w,45-54_1_m,45-54_1_w,55-64_1_m,55-64_1_w,65-74_1_m,65-74_1_w,75-84_1_m,75-84_1_w,>84_1_m,>84_1_w,<24_2_m,<24_2_w,25-34_2_m,25-34_2_w,35-44_2_m,35-44_2_w,45-54_2_m,45-54_2_w,55-64_2_m,55-64_2_w,65-74_2_m,65-74_2_w,75-84_2_m,75-84_2_w,>84_2_m,>84_2_w,bp_1,bp_2,mo_1,mo_2,az_1,az_2,ja,unb_1,unb_2
2021-09-08T23:59:59+02:00,186,191,3671,3240,9248,6583,8804,5997,7724,8102,5664,6002,2834,2945,3293,3336,2752,5197,2993,2686,8066,5752,7942,5396,7034,7365,5065,5480,2263,2537,2467,2639,1989,3864,57890,48622,8495,7399,9764,7749,10688,46,41
2021-09-07T23:59:59+02:00,184,190,3637,3229,9218,6555,8778,5975,7704,8080,5646,5987,2833,2943,3292,3335,2752,5195,2971,2675,8023,5723,7918,5368,7016,7338,5051,5467,2261,2533,2466,2638,1989,3864,57739,48479,8489,7387,9764,7744,10609,46,41
2021-09-06T23:59:59+02:00,184,189,3605,3216,9178,6528,8748,5959,7683,8055,5639,5974,2830,2936,3290,3335,2752,5195,2949,2661,7989,5706,7892,5358,6998,7313,5045,5454,2257,2531,2466,2638,1989,3864,57580,48367,8488,7383,9763,7744,10533,46,41
2021-09-05T23:59:59+02:00,183,188,3588,3211,9160,6519,8733,5951,7680,8045,5632,5968,2829,2935,3290,3335,2752,5194,2939,2655,7965,5689,7879,5342,6990,7306,5035,5449,2255,2530,2466,2637,1989,3864,57521,48297,8487,7375,9762,7743,10491,46,41
2021-09-04T23:59:59+02:00,183,187,3585,3208,9156,6511,8728,5951,7676,8043,5632,5967,2829,2935,3290,3335,2752,5194,2938,2651,7959,5682,7874,5341,6985,7303,5034,5448,2251,2529,2466,2637,1989,3864,57503,48276,8487,7371,9762,7742,10478,46,41
2021-09-03T23:59:59+02:00,181,186,3556,3178,9105,6493,8694,5925,7654,8026,5618,5950,2827,2933,3290,3334,2752,5192,2916,2630,7915,5659,7845,5319,6964,7279,5020,5427,2247,2527,2466,2635,1989,3862,57371,48163,8472,7352,9762,7741,10356,46,41
2021-09-02T23:59:59+02:00,180,184,3523,3159,9047,6465,8647,5906,7629,8000,5605,5931,2824,2930,3288,3333,2752,5191,2896,2609,7851,5634,7806,5300,6937,7252,5008,5406,2244,2524,2464,2634,1989,3859,57212,48020,8464,7339,9760,7738,10225,46,41
2021-09-01T23:59:59+02:00,177,183,3498,3143,8994,6445,8616,5890,7606,7984,5594,5924,2823,2927,3287,3330,2752,5191,2877,2599,7799,5602,7767,5277,6903,7232,4998,5395,2241,2521,2464,2631,1989,3859,57069,47850,8445,7314,9760,7735,10157,46,41
2021-08-31T23:59:59+02:00,173,183,3468,3127,8939,6421,8588,5880,7587,7960,5588,5915,2819,2925,3286,3328,2752,5189,2857,2581,7752,5576,7739,5260,6878,7203,4987,5377,2237,2519,2463,2631,1989,3859,56934,47718,8438,7305,9760,7723,10062,46,41
2021-08-30T23:59:59+02:00,172,183,3418,3106,8891,6387,8541,5851,7549,7929,5576,5900,2815,2922,3285,3327,2752,5189,2822,2565,7698,5554,7696,5239,6847,7182,4978,5360,2232,2515,2461,2631,1989,3858,56731,47573,8435,7297,9759,7722,9933,46,41
2021-08-29T23:59:59+02:00,169,182,3403,3091,8862,6369,8518,5839,7541,7919,5568,5891,2814,2919,3285,3327,2751,5189,2802,2542,7658,5538,7671,5220,6834,7165,4967,5354,2230,2514,2460,2629,1988,3858,56649,47459,8429,7285,9759,7717,9864,46,41
2021-08-28T23:59:59+02:00,168,182,3397,3090,8857,6367,8512,5836,7534,7918,5568,5890,2814,2918,3285,3327,2751,5189,2795,2536,7649,5535,7663,5215,6828,7162,4966,5353,2230,2514,2460,2629,1988,3858,56634,47431,8429,7282,9759,7717,9845,46,41
2021-08-27T23:59:59+02:00,166,181,3381,3082,8826,6351,8482,5826,7514,7907,5560,5882,2814,2918,3285,3327,2751,5189,2779,2528,7625,5525,7644,5201,6812,7154,4959,5346,2230,2514,2459,2627,1988,3858,56545,47370,8428,7281,9759,7717,9773,46,41
2021-08-26T23:59:59+02:00,166,179,3333,3062,8758,6325,8438,5810,7491,7885,5545,5870,2811,2915,3285,3326,2751,5188,2743,2502,7570,5489,7585,5168,6775,7131,4929,5330,2226,2510,2458,2626,1988,3858,56368,47161,8421,7262,9759,7695,9652,46,41
2021-08-25T23:59:59+02:00,163,178,3304,3049,8714,6295,8402,5793,7459,7860,5533,5848,2807,2910,3285,3323,2750,5188,2695,2474,7500,5444,7532,5133,6732,7089,4912,5303,2224,2505,2458,2623,1987,3858,56235,46887,8417,7254,9758,7689,9513,46,41
2021-08-24T23:59:59+02:00,162,176,3292,3035,8687,6275,8384,5773,7440,7838,5525,5837,2805,2909,3284,3320,2750,5187,2669,2448,7457,5412,7499,5108,6701,7057,4896,5285,2223,2503,2458,2622,1987,3858,56143,46701,8411,7239,9758,7685,9429,46,41
2021-08-23T23:59:59+02:00,160,168,3242,3012,8635,6248,8345,5752,7407,7807,5511,5823,2803,2908,3283,3319,2750,5186,2638,2428,7397,5370,7456,5090,6660,7025,4880,5268,2219,2501,2457,2621,1986,3858,55965,46517,8401,7224,9755,7681,9298,46,41
2021-08-22T23:59:59+02:00,159,168,3230,3002,8618,6228,8331,5744,7389,7796,5505,5816,2800,2905,3283,3319,2750,5186,2620,2416,7364,5344,7434,5074,6636,7007,4876,5258,2214,2496,2457,2621,1985,3858,55886,46379,8395,7214,9754,7678,9253,46,41
2021-08-21T23:59:59+02:00,157,167,3215,2996,8604,6218,8320,5738,7383,7790,5501,5810,2799,2905,3283,3318,2750,5186,2609,2408,7341,5325,7414,5062,6623,7000,4867,5252,2213,2494,2456,2620,1985,3858,55819,46285,8392,7188,9754,7676,9234,46,41
2021-08-20T23:59:59+02:00,156,164,3198,2984,8569,6195,8288,5719,7362,7767,5490,5797,2798,2902,3283,3317,2750,5184,2573,2393,7286,5283,7373,5032,6582,6960,4850,5229,2209,2489,2456,2617,1985,3856,55738,46102,8379,7144,9753,7664,9111,46,41
2021-08-19T23:59:59+02:00,156,161,3172,2965,8509,6166,8247,5694,7339,7742,5476,5782,2792,2899,3282,3315,2750,5183,2523,2368,7199,5229,7306,4994,6533,6901,4820,5196,2205,2485,2455,2616,1985,3856,55587,45753,8366,7114,9751,7655,8983,46,41
2021-08-18T23:59:59+02:00,155,159,3149,2954,8475,6144,8214,5676,7305,7726,5464,5775,2787,2896,3281,3315,2749,5182,2487,2349,7123,5194,7242,4959,6487,6871,4794,5169,2201,2481,2452,2616,1985,3855,55447,45493,8360,7051,9750,7646,8905,46,41
2021-08-17T23:59:59+02:00,155,158,3130,2938,8443,6120,8183,5662,7295,7705,5452,5764,2784,2894,3280,3314,2748,5182,2455,2324,7056,5143,7192,4922,6457,6830,4772,5148,2193,2475,2451,2613,1984,3855,55324,45203,8350,7009,9749,7639,8839,46,41
2021-08-16T23:59:59+02:00,152,156,3118,2924,8412,6104,8164,5653,7281,7688,5439,5751,2784,2894,3279,3313,2748,5182,2421,2287,6975,5099,7120,4885,6403,6788,4741,5123,2191,2473,2448,2610,1984,3855,55226,44813,8345,6995,9749,7628,8776,46,41
2021-08-15T23:59:59+02:00,152,155,3111,2912,8380,6091,8145,5642,7263,7677,5433,5744,2782,2891,3279,3312,2748,5182,2391,2241,6917,5061,7076,4849,6366,6755,4728,5110,2187,2468,2447,2608,1984,3855,55131,44510,8340,6973,9748,7624,8734,46,41
2021-08-14T23:59:59+02:00,151,155,3106,2906,8369,6086,8136,5641,7263,7674,5429,5742,2780,2890,3279,3311,2748,5182,2382,2230,6888,5047,7061,4838,6357,6738,4709,5100,2184,2465,2447,2606,1984,3854,55110,44399,8339,6960,9748,7622,8705,46,41
2021-08-13T23:59:59+02:00,149,154,3084,2895,8342,6070,8123,5627,7248,7664,5417,5734,2779,2885,3278,3310,2748,5182,2342,2204,6836,5006,7017,4802,6320,6712,4692,5085,2183,2459,2444,2606,1984,3854,55019,44140,8337,6937,9748,7621,8639,46,41
2021-08-12T23:59:59+02:00,146,148,3067,2882,8305,6047,8088,5606,7227,7639,5403,5720,2777,2883,3276,3310,2748,5182,2304,2168,6742,4948,6958,4762,6273,6659,4665,5053,2179,2456,2440,2605,1984,3854,54893,43789,8332,6911,9747,7600,8535,46,41
2021-08-11T23:59:59+02:00,143,145,3048,2868,8263,6021,8058,5592,7205,7623,5392,5703,2775,2880,3276,3309,2748,5182,2271,2138,6650,4891,6870,4713,6217,6597,4640,5009,2171,2446,2439,2603,1984,3853,54753,43343,8323,6871,9744,7589,8464,46,41
2021-08-10T23:59:59+02:00,142,144,3030,2854,8217,6001,8027,5574,7174,7606,5378,5696,2772,2880,3276,3307,2748,5181,2196,2078,6522,4822,6773,4645,6125,6526,4596,4986,2165,2437,2436,2602,1984,3852,54626,42712,8313,6848,9743,7573,8378,46,41
2021-08-09T23:59:59+02:00,141,143,3012,2849,8181,5978,7997,5563,7150,7587,5367,5684,2771,2879,3276,3307,2748,5180,2138,2026,6417,4749,6670,4598,6056,6472,4568,4950,2159,2428,2435,2600,1984,3852,54534,42234,8305,6793,9743,7552,8284,46,41
2021-08-08T23:59:59+02:00,141,141,2996,2838,8156,5961,7977,5549,7138,7576,5360,5679,2768,2879,3276,3307,2748,5180,2110,1997,6345,4700,6612,4566,6018,6447,4554,4934,2149,2423,2433,2598,1984,3852,54457,41964,8304,6749,9740,7545,8222,46,41
2021-08-07T23:59:59+02:00,140,140,2987,2831,8126,5945,7959,5542,7130,7567,5356,5674,2766,2879,3276,3307,2748,5180,2071,1973,6262,4645,6551,4531,5982,6407,4536,4919,2145,2422,2433,2595,1984,3852,54388,41623,8300,6719,9740,7536,8178,46,41
2021-08-06T23:59:59+02:00,139,139,2972,2820,8095,5930,7927,5520,7108,7544,5344,5661,2762,2877,3276,3306,2748,5180,2031,1927,6155,4568,6477,4491,5938,6362,4516,4899,2143,2419,2432,2592,1984,3851,54325,41256,8279,6685,9740,7524,8057,46,41
2021-08-05T23:59:59+02:00,137,138,2940,2803,8061,5905,7886,5494,7085,7523,5324,5635,2757,2874,3273,3302,2748,5179,1980,1872,6015,4461,6360,4425,5868,6298,4479,4854,2134,2411,2429,2589,1984,3851,54171,40746,8269,6586,9737,7466,7939,46,41
2021-08-04T23:59:59+02:00,132,133,2871,2772,7969,5865,7833,5464,7051,7486,5306,5620,2751,2870,3271,3301,2748,5179,1897,1838,5874,4382,6222,4369,5797,6232,4449,4812,2123,2405,2424,2586,1984,3850,53927,40248,8250,6527,9736,7429,7756,46,41
2021-08-03T23:59:59+02:00,129,133,2848,2750,7937,5847,7793,5443,7026,7461,5294,5607,2747,2868,3270,3298,2748,5179,1864,1808,5773,4310,6119,4317,5726,6172,4409,4771,2118,2399,2423,2584,1984,3850,53764,39769,8245,6484,9734,7405,7681,46,41
2021-08-02T23:59:59+02:00,129,133,2824,2723,7892,5815,7764,5432,7000,7447,5275,5598,2745,2862,3269,3297,2747,5179,1836,1777,5643,4217,6006,4251,5655,6120,4359,4736,2112,2386,2421,2578,1983,3849,53598,39200,8236,6442,9734,7382,7608,46,41
2021-08-01T23:59:59+02:00,128,131,2807,2707,7855,5792,7750,5418,6988,7438,5269,5591,2742,2861,3267,3297,2747,5179,1816,1758,5562,4174,5942,4203,5610,6097,4340,4716,2109,2383,2419,2575,1983,3849,53498,38910,8221,6410,9733,7356,7558,46,41
2021-07-31T23:59:59+02:00,126,130,2800,2699,7834,5784,7741,5413,6984,7427,5268,5590,2740,2861,3267,3297,2747,5179,1777,1714,5461,4112,5879,4157,5557,6061,4312,4691,2106,2380,2419,2574,1983,3849,53455,38440,8216,6393,9733,7352,7526,46,41
2021-07-30T23:59:59+02:00,123,127,2789,2689,7806,5767,7727,5391,6965,7415,5261,5582,2739,2860,3267,3296,2747,5179,1756,1695,5375,4069,5810,4100,5498,6011,4286,4674,2101,2378,2418,2571,1983,3849,53370,38076,8207,6363,9733,7341,7463,46,41
2021-07-29T23:59:59+02:00,121,126,2754,2669,7748,5718,7684,5347,6935,7375,5237,5560,2738,2855,3265,3295,2747,5179,1715,1664,5248,3969,5676,4028,5407,5918,4239,4618,2093,2368,2415,2569,1982,3849,53156,37489,8190,6305,9728,7304,7320,46,41
2021-07-28T23:59:59+02:00,118,124,2732,2655,7708,5679,7650,5320,6907,7353,5222,5548,2735,2854,3263,3292,2746,5178,1677,1619,5146,3889,5558,3961,5313,5842,4203,4583,2081,2360,2413,2567,1982,3847,52954,36914,8178,6245,9724,7265,7269,46,41
2021-07-27T23:59:59+02:00,115,122,2714,2636,7661,5655,7613,5302,6886,7329,5209,5533,2733,2852,3263,3291,2745,5178,1634,1589,5005,3800,5431,3883,5223,5769,4158,4531,2074,2347,2412,2564,1981,3847,52812,36321,8155,6161,9723,7223,7188,46,41
2021-07-26T23:59:59+02:00,114,119,2687,2617,7626,5631,7579,5283,6859,7310,5204,5520,2729,2852,3262,3291,2745,5178,1596,1533,4862,3738,5320,3817,5149,5693,4103,4495,2070,2333,2411,2558,1981,3846,52659,35754,8133,6086,9720,7174,7131,46,41
2021-07-25T23:59:59+02:00,110,116,2670,2593,7587,5605,7545,5269,6838,7288,5194,5515,2727,2849,3261,3290,2745,5177,1576,1505,4805,3693,5263,3786,5101,5653,4072,4471,2066,2328,2410,2558,1981,3846,52493,35471,8123,6053,9717,7142,7082,46,41
2021-07-24T23:59:59+02:00,110,115,2654,2582,7555,5588,7518,5256,6820,7273,5185,5510,2726,2846,3261,3290,2745,5177,1557,1486,4759,3672,5189,3741,5059,5625,4051,4463,2065,2326,2409,2556,1981,3845,52402,35277,8101,5966,9716,7142,7027,46,41
2021-07-23T23:59:59+02:00,107,113,2624,2555,7499,5558,7486,5232,6786,7248,5163,5499,2724,2843,3259,3290,2745,5177,1500,1452,4617,3571,5051,3663,4985,5554,4003,4430,2064,2318,2408,2551,1980,3845,52215,34630,8095,5938,9714,7121,6917,46,41
2021-07-22T23:59:59+02:00,105,110,2589,2525,7409,5512,7432,5192,6734,7201,5129,5475,2717,2837,3257,3289,2745,5175,1440,1411,4455,3496,4897,3590,4835,5472,3916,4378,2051,2308,2403,2549,1980,3844,51877,33988,8074,5789,9702,7050,6807,46,41
2021-07-21T23:59:59+02:00,104,106,2557,2506,7339,5475,7372,5151,6672,7161,5108,5449,2710,2831,3255,3286,2745,5173,1409,1366,4332,3410,4755,3524,4725,5362,3843,4332,2038,2296,2400,2548,1980,3842,51606,33506,8024,5571,9696,6989,6697,46,41
2021-07-20T23:59:59+02:00,103,105,2535,2478,7278,5443,7335,5118,6633,7117,5078,5430,2707,2826,3254,3286,2745,5173,1374,1332,4211,3343,4666,3472,4631,5282,3787,4301,2034,2286,2399,2547,1980,3841,51339,33027,8012,5492,9694,6939,6620,46,41
2021-07-19T23:59:59+02:00,102,104,2508,2449,7221,5400,7285,5095,6593,7085,5057,5413,2702,2821,3253,3282,2745,5172,1353,1308,4134,3297,4583,3438,4552,5216,3751,4275,2030,2280,2395,2544,1979,3841,51042,32720,7999,5374,9693,6894,6573,46,41
2021-07-18T23:59:59+02:00,102,102,2477,2420,7145,5350,7242,5062,6556,7042,5038,5403,2695,2815,3251,3282,2744,5171,1336,1286,4088,3254,4543,3408,4503,5195,3714,4260,2024,2270,2394,2544,1979,3839,50705,32515,7983,5300,9689,6867,6538,46,39
2021-07-17T23:59:59+02:00,100,98,2460,2405,7125,5335,7223,5043,6536,7025,5018,5392,2691,2814,3251,3281,2744,5170,1323,1273,4054,3220,4499,3387,4462,5162,3685,4248,2018,2267,2394,2542,1979,3839,50586,32354,7974,5243,9688,6858,6479,46,39
2021-07-16T23:59:59+02:00,100,95,2418,2377,7061,5300,7161,5007,6490,6982,4986,5364,2684,2808,3249,3280,2744,5170,1284,1249,3950,3169,4406,3345,4374,5102,3624,4200,2004,2256,2388,2540,1979,3838,50399,32003,7943,5215,9674,6788,6272,46,39
2021-07-15T23:59:59+02:00,97,90,2375,2346,6984,5261,7097,4964,6440,6928,4969,5337,2681,2802,3246,3276,2744,5170,1232,1216,3748,3054,4220,3240,4220,5004,3559,4137,1995,2247,2384,2534,1979,3838,50054,31295,7924,4982,9668,6721,6168,46,39
2021-07-14T23:59:59+02:00,94,88,2336,2327,6911,5225,7021,4928,6384,6883,4947,5313,2673,2796,3243,3274,2744,5170,1185,1174,3630,2966,4116,3177,4114,4933,3514,4092,1982,2239,2383,2531,1979,3838,49725,30813,7907,4882,9664,6647,6064,46,39
2021-07-13T23:59:59+02:00,91,83,2305,2295,6852,5190,6957,4889,6342,6834,4924,5295,2663,2789,3241,3274,2744,5170,1151,1142,3527,2883,3989,3110,4026,4844,3459,4029,1954,2232,2380,2526,1978,3836,49392,30328,7898,4746,9663,6552,5985,45,39
2021-07-12T23:59:59+02:00,84,81,2275,2269,6781,5145,6886,4843,6290,6793,4897,5267,2658,2786,3238,3273,2744,5170,1120,1120,3428,2805,3875,3044,3921,4762,3407,3981,1943,2221,2375,2516,1978,3836,49037,29876,7884,4626,9659,6469,5898,45,38
2021-07-11T23:59:59+02:00,79,79,2263,2253,6744,5127,6856,4820,6259,6774,4888,5258,2655,2781,3236,3273,2743,5170,1111,1104,3385,2763,3814,3012,3867,4734,3385,3966,1934,2209,2372,2512,1978,3836,48919,29693,7863,4593,9656,6413,5816,45,38
2021-07-10T23:59:59+02:00,77,78,2240,2218,6663,5077,6792,4785,6209,6737,4862,5247,2652,2778,3236,3270,2743,5169,1094,1084,3328,2719,3767,2982,3829,4702,3369,3954,1928,2202,2372,2510,1978,3836,48660,29512,7841,4591,9640,6397,5682,45,38
2021-07-09T23:59:59+02:00,76,76,2216,2195,6587,5033,6741,4759,6159,6701,4844,5226,2650,2773,3235,3269,2743,5169,1071,1067,3269,2671,3716,2945,3778,4666,3341,3926,1924,2187,2370,2509,1978,3836,48427,29296,7805,4559,9632,6340,5573,45,38
2021-07-08T23:59:59+02:00,72,73,2157,2147,6484,4966,6631,4701,6092,6635,4808,5192,2642,2764,3232,3265,2743,5169,995,1013,3100,2580,3521,2871,3601,4567,3265,3858,1907,2171,2368,2500,1977,3835,48085,28802,7726,4270,9597,6206,5346,45,38
2021-07-07T23:59:59+02:00,72,72,2082,2100,6360,4888,6523,4643,6016,6576,4772,5143,2636,2753,3227,3260,2743,5169,943,976,2947,2497,3347,2792,3442,4459,3207,3793,1887,2141,2360,2492,1977,3833,47570,28245,7676,4024,9577,6122,5188,45,38
2021-07-06T23:59:59+02:00,70,72,2035,2062,6248,4832,6429,4600,5959,6506,4727,5107,2629,2747,3223,3255,2743,5169,906,938,2832,2398,3255,2730,3365,4365,3146,3736,1861,2110,2355,2485,1977,3833,47114,27735,7625,3915,9561,6036,5084,45,38
2021-07-05T23:59:59+02:00,68,72,1960,2012,6102,4753,6316,4559,5888,6450,4685,5067,2625,2740,3221,3253,2743,5167,858,895,2723,2322,3177,2679,3285,4292,3098,3679,1839,2091,2348,2476,1976,3830,46625,27350,7581,3838,9535,5951,4903,45,38
2021-07-04T23:59:59+02:00,68,71,1913,1975,6009,4708,6270,4527,5846,6429,4667,5044,2622,2738,3221,3251,2743,5166,819,871,2658,2268,3139,2654,3253,4258,3074,3656,1824,2067,2345,2475,1975,3830,46404,27208,7542,3779,9507,5873,4777,44,38
2021-07-03T23:59:59+02:00,63,57,1808,1896,5796,4551,6119,4438,5758,6337,4617,5007,2620,2735,3221,3247,2743,5166,777,846,2592,2221,3089,2630,3214,4211,3043,3626,1818,2060,2344,2471,1975,3828,45559,27030,7508,3777,9499,5844,4563,44,38
2021-07-02T23:59:59+02:00,57,49,1767,1852,5716,4505,6071,4401,5738,6309,4604,4989,2619,2729,3220,3246,2742,5166,756,819,2518,2172,3016,2587,3170,4161,3013,3586,1800,2042,2340,2465,1975,3826,45276,26735,7470,3751,9494,5743,4483,44,38
2021-07-01T23:59:59+02:00,49,40,1719,1812,5607,4431,5980,4351,5660,6238,4576,4959,2615,2724,3219,3245,2742,5165,689,778,2320,2096,2826,2497,2991,4046,2913,3498,1769,2018,2331,2452,1974,3824,44848,25952,7409,3546,9478,5634,4338,44,38
2021-06-30T23:59:59+02:00,49,38,1668,1757,5484,4337,5879,4298,5601,6189,4563,4936,2611,2716,3217,3242,2742,5165,653,739,2216,2028,2713,2443,2880,3958,2850,3422,1749,1984,2322,2440,1973,3823,44406,25479,7344,3428,9461,5507,4217,44,38
2021-06-29T23:59:59+02:00,48,34,1611,1675,5371,4244,5781,4243,5545,6128,4535,4906,2606,2711,3216,3241,2741,5164,624,699,2134,1945,2632,2374,2779,3839,2788,3370,1732,1950,2309,2426,1972,3820,43867,24980,7312,3352,9453,5393,4097,44,38
2021-06-28T23:59:59+02:00,46,32,1576,1617,5253,4177,5710,4187,5498,6085,4507,4881,2602,2703,3215,3239,2741,5164,607,673,2037,1880,2554,2319,2707,3757,2742,3322,1714,1931,2301,2420,1972,3817,43454,24660,7248,3212,9441,5296,4010,44,38
2021-06-27T23:59:59+02:00,45,31,1544,1589,5203,4134,5662,4154,5454,6066,4496,4870,2599,2699,3215,3238,2741,5164,587,655,1986,1833,2516,2299,2662,3718,2712,3305,1703,1916,2300,2410,1972,3817,43261,24511,7211,3157,9418,5210,3934,44,38
2021-06-26T23:59:59+02:00,35,26,1512,1560,5130,4088,5567,4109,5413,6031,4475,4857,2599,2697,3215,3236,2741,5164,581,645,1953,1811,2479,2279,2639,3695,2691,3283,1681,1906,2299,2408,1972,3817,42891,24284,7126,3153,9418,5186,3934,44,38
2021-06-25T23:59:59+02:00,29,18,1476,1517,5015,4008,5512,4080,5378,6004,4450,4845,2595,2694,3213,3235,2741,5163,571,620,1906,1791,2415,2211,2541,3555,2645,3181,1673,1884,2295,2405,1970,3816,42445,23820,7090,3127,9417,5006,3932,44,38
2021-06-24T23:59:59+02:00,21,13,1424,1464,4824,3890,5384,4028,5282,5961,4406,4814,2590,2691,3213,3234,2740,5163,531,597,1794,1722,2244,2144,2379,3471,2532,3086,1639,1860,2285,2399,1969,3813,41784,23294,7035,2818,9407,4921,3821,44,38
2021-06-23T23:59:59+02:00,21,13,1392,1429,4738,3832,5299,3976,5227,5915,4381,4779,2580,2684,3209,3232,2739,5162,497,579,1727,1663,2143,2096,2260,3379,2428,2989,1614,1836,2279,2392,1968,3811,41347,22738,6978,2743,9402,4777,3785,44,38
2021-06-22T23:59:59+02:00,20,13,1365,1408,4660,3766,5216,3928,5181,5868,4352,4753,2576,2678,3209,3231,2738,5162,482,560,1669,1621,2059,2040,2179,3268,2321,2891,1601,1813,2270,2380,1967,3807,40929,22303,6931,2625,9398,4616,3759,44,37
2021-06-21T23:59:59+02:00,19,13,1336,1366,4544,3678,5134,3883,5115,5805,4325,4734,2572,2664,3208,3226,2737,5160,466,544,1633,1586,2024,1999,2129,3186,2253,2811,1576,1777,2247,2357,1967,3803,40400,22004,6886,2528,9395,4471,3725,44,37
2021-06-20T23:59:59+02:00,18,11,1312,1335,4470,3615,5088,3864,5080,5785,4302,4722,2568,2662,3207,3226,2736,5160,450,529,1599,1556,1998,1975,2094,3159,2204,2770,1569,1762,2245,2351,1967,3802,40119,21815,6855,2491,9382,4406,3686,44,36
2021-06-19T23:59:59+02:00,17,11,1301,1316,4428,3583,5068,3836,5048,5760,4284,4713,2565,2660,3207,3225,2735,5160,445,525,1582,1539,1982,1948,2081,3135,2179,2734,1561,1753,2241,2348,1965,3801,39953,21657,6791,2462,9382,4396,3665,44,36
2021-06-18T23:59:59+02:00,12,8,1282,1294,4358,3540,5018,3796,4998,5719,4260,4701,2561,2656,3206,3223,2735,5160,432,515,1561,1522,1955,1917,2035,3086,2122,2672,1548,1736,2241,2343,1964,3798,39624,21342,6744,2459,9381,4349,3651,44,36
2021-06-17T23:59:59+02:00,10,7,1236,1258,4197,3469,4831,3722,4823,5626,4200,4655,2555,2653,3206,3222,2734,5160,398,498,1462,1489,1778,1855,1871,2991,2018,2590,1524,1713,2230,2331,1962,3796,39019,20868,6682,2353,9371,4268,3363,42,36
2021-06-16T23:59:59+02:00,10,7,1211,1224,4090,3384,4732,3668,4716,5555,4154,4624,2547,2649,3205,3218,2733,5159,382,477,1403,1453,1714,1824,1790,2911,1954,2517,1508,1686,2216,2318,1962,3792,38528,20464,6554,2285,9361,4190,3308,42,36
2021-06-15T23:59:59+02:00,10,7,1177,1189,3953,3299,4661,3610,4640,5480,4112,4591,2537,2642,3200,3216,2733,5158,372,453,1353,1406,1667,1783,1720,2853,1883,2445,1490,1655,2211,2304,1961,3791,37975,20136,6514,2198,9349,4118,3230,42,36
2021-06-14T23:59:59+02:00,10,5,1150,1154,3862,3245,4577,3554,4561,5409,4060,4557,2533,2632,3200,3212,2732,5157,362,440,1314,1372,1621,1752,1672,2795,1822,2391,1477,1629,2206,2297,1960,3789,37512,19886,6425,2129,9343,4038,3176,41,36
2021-06-13T23:59:59+02:00,10,5,1135,1140,3811,3202,4519,3509,4511,5371,4041,4542,2532,2626,3199,3211,2732,5155,356,433,1281,1355,1586,1727,1629,2759,1782,2346,1461,1608,2200,2286,1960,3787,37251,19696,6388,2106,9338,3962,3116,41,36
2021-06-12T23:59:59+02:00,10,4,1118,1118,3783,3176,4491,3487,4493,5356,4025,4532,2529,2623,3198,3210,2732,5154,352,431,1273,1338,1561,1701,1600,2739,1736,2324,1451,1596,2188,2282,1960,3786,37063,19524,6376,2106,9338,3903,3102,41,36
2021-06-11T23:59:59+02:00,8,4,1100,1105,3743,3131,4417,3459,4454,5319,3998,4521,2528,2619,3197,3207,2732,5153,341,419,1252,1305,1534,1681,1554,2689,1678,2277,1440,1580,2186,2277,1960,3785,36768,19268,6349,2098,9334,3827,3078,41,36
2021-06-10T23:59:59+02:00,7,4,1040,1060,3623,3048,4286,3377,4349,5251,3941,4487,2524,2611,3195,3205,2731,5153,325,407,1190,1269,1467,1619,1489,2617,1587,2171,1406,1545,2181,2267,1959,3782,36181,18829,6211,2091,9316,3671,2996,41,35
2021-06-09T23:59:59+02:00,7,2,990,1025,3494,2950,4144,3318,4257,5172,3896,4445,2520,2605,3192,3202,2731,5153,307,390,1127,1233,1398,1591,1427,2535,1509,2095,1379,1486,2173,2253,1958,3779,35691,18502,6041,2037,9312,3539,2862,41,35
2021-06-08T23:59:59+02:00,6,2,941,985,3364,2863,4022,3230,4155,5085,3839,4416,2512,2600,3189,3199,2730,5151,293,368,1082,1193,1342,1558,1372,2475,1458,2021,1354,1449,2162,2235,1954,3775,35135,18255,5904,1990,9301,3401,2737,41,34
2021-06-07T23:59:59+02:00,5,2,913,959,3259,2786,3889,3191,4030,5011,3788,4388,2498,2594,3188,3197,2730,5149,284,361,1036,1154,1286,1536,1327,2420,1386,1967,1339,1428,2146,2218,1953,3766,34750,18078,5724,1955,9292,3269,2589,41,34
2021-06-06T23:59:59+02:00,5,2,894,949,3200,2745,3799,3140,3956,4980,3753,4372,2494,2588,3186,3196,2728,5148,277,348,1021,1128,1254,1502,1302,2363,1354,1907,1323,1411,2139,2211,1951,3763,34535,17972,5587,1906,9283,3155,2499,41,34
2021-06-05T23:59:59+02:00,5,2,879,930,3129,2686,3750,3109,3920,4954,3740,4367,2493,2586,3186,3195,2728,5147,272,341,1005,1107,1231,1482,1277,2332,1318,1885,1303,1385,2136,2207,1951,3763,34252,17800,5581,1903,9277,3104,2459,41,33
2021-06-04T23:59:59+02:00,3,2,855,914,3075,2634,3673,3068,3848,4897,3710,4347,2489,2583,3183,3195,2728,5147,261,334,983,1074,1208,1468,1242,2294,1282,1848,1284,1360,2126,2202,1951,3761,33927,17635,5533,1898,9274,3044,2370,41,33
2021-06-03T23:59:59+02:00,3,2,810,882,2918,2535,3485,2961,3668,4776,3614,4274,2481,2572,3178,3189,2728,5147,249,320,950,1038,1149,1413,1175,2199,1219,1783,1243,1314,2115,2188,1951,3759,33241,17407,5298,1878,9258,2878,2162,41,33
2021-06-02T23:59:59+02:00,3,2,780,873,2843,2453,3416,2905,3601,4711,3571,4248,2479,2568,3178,3188,2728,5147,233,315,929,1006,1094,1381,1125,2154,1166,1733,1228,1275,2111,2185,1951,3759,32878,17191,5280,1863,9257,2839,2004,41,33
2021-06-01T23:59:59+02:00,3,2,734,845,2678,2336,3221,2803,3423,4593,3507,4184,2468,2560,3175,3182,2728,5147,220,302,850,955,991,1316,1034,2036,1111,1657,1194,1215,2102,2173,1949,3754,32268,16908,5057,1823,9245,2643,1724,41,33
2021-05-31T23:59:59+02:00,3,2,699,819,2547,2253,3083,2704,3307,4488,3447,4133,2461,2547,3173,3177,2728,5146,205,286,801,911,921,1262,981,1949,1068,1598,1171,1184,2096,2168,1947,3752,31874,16729,4824,1808,9226,2507,1487,41,33
2021-05-30T23:59:59+02:00,3,2,688,805,2491,2202,3006,2666,3247,4440,3427,4109,2457,2542,3172,3176,2727,5144,195,266,761,872,864,1216,934,1881,1045,1545,1156,1168,2090,2158,1947,3750,31723,16630,4759,1797,9215,2350,1297,41,33
2021-05-29T23:59:59+02:00,3,1,686,803,2476,2185,2983,2654,3230,4422,3417,4100,2456,2541,3172,3176,2727,5144,192,256,755,862,845,1191,915,1829,1027,1507,1141,1147,2089,2150,1946,3750,31598,16526,4757,1796,9213,2208,1296,41,33
2021-05-28T23:59:59+02:00,3,1,679,793,2443,2149,2935,2627,3205,4401,3405,4084,2455,2537,3170,3170,2727,5144,189,248,744,851,835,1170,904,1787,992,1463,1118,1116,2086,2142,1945,3748,31361,16341,4746,1794,9208,2131,1292,41,33
2021-05-27T23:59:59+02:00,3,1,634,772,2314,2094,2800,2554,3067,4323,3321,4030,2447,2523,3169,3168,2727,5141,174,231,681,799,759,1114,822,1689,925,1376,1095,1083,2072,2121,1944,3746,30868,16121,4615,1753,9175,1877,1094,41,32
2021-05-26T23:59:59+02:00,3,1,603,747,2214,2028,2638,2494,2940,4259,3266,3977,2436,2511,3164,3161,2724,5135,167,213,644,760,713,1078,773,1620,879,1318,1076,1053,2053,2087,1939,3739,30466,15886,4379,1738,9146,1737,963,41,32
2021-05-25T23:59:59+02:00,3,1,580,731,2128,1969,2536,2451,2833,4177,3214,3940,2423,2502,3161,3156,2723,5131,157,204,624,731,678,1043,727,1559,827,1255,1052,1029,2022,2052,1938,3734,30105,15648,4199,1699,9104,1600,898,40,29
2021-05-24T23:59:59+02:00,3,1,567,708,2073,1928,2461,2420,2763,4124,3160,3897,2411,2494,3155,3155,2720,5130,152,196,605,713,651,1011,689,1497,802,1199,1029,1011,2016,2048,1933,3733,29921,15539,4024,1686,9068,1474,799,39,28
2021-05-23T23:59:59+02:00,3,1,564,706,2059,1916,2448,2406,2752,4111,3149,3883,2406,2491,3155,3153,2720,5130,151,195,601,707,643,1007,672,1484,789,1191,1023,1005,2011,2043,1931,3729,29808,15455,4021,1679,9067,1464,797,39,28
2021-05-22T23:59:59+02:00,3,1,559,696,2036,1897,2414,2389,2727,4081,3120,3854,2397,2486,3153,3150,2720,5129,148,187,594,702,639,997,658,1478,783,1182,1010,997,2003,2028,1931,3729,29574,15384,4020,1679,9065,1426,787,39,28
2021-05-21T23:59:59+02:00,3,1,547,678,1951,1867,2322,2341,2661,4031,3076,3805,2390,2472,3150,3149,2720,5127,148,184,588,695,627,987,644,1466,762,1161,993,968,1990,2022,1931,3728,29094,15280,3992,1677,9048,1363,784,39,28
2021-05-20T23:59:59+02:00,3,1,509,656,1818,1795,2191,2266,2536,3933,2989,3717,2369,2457,3141,3141,2718,5124,140,175,560,660,594,948,616,1407,730,1098,966,932,1978,2007,1929,3725,28410,15140,3874,1661,8974,1156,712,39,28
2021-05-19T23:59:59+02:00,3,1,469,621,1711,1721,2055,2198,2397,3836,2885,3617,2348,2437,3134,3134,2712,5123,127,167,533,639,562,914,588,1356,702,1037,944,911,1958,1976,1922,3721,27661,14961,3803,1640,8930,1059,594,39,28
2021-05-18T23:59:59+02:00,3,0,445,598,1634,1660,1957,2138,2283,3713,2785,3517,2335,2417,3126,3126,2711,5119,119,160,509,619,540,881,571,1278,684,974,926,884,1944,1954,1918,3714,27143,14821,3631,1599,8873,953,495,39,28
2021-05-17T23:59:59+02:00,3,0,423,586,1577,1625,1903,2085,2205,3602,2730,3444,2315,2397,3115,3118,2709,5114,114,152,488,605,530,846,558,1214,671,919,905,847,1939,1943,1917,3709,26830,14729,3481,1560,8807,855,402,39,27
2021-05-16T23:59:59+02:00,3,0,419,585,1548,1596,1872,2062,2161,3549,2669,3385,2301,2388,3112,3114,2709,5113,111,150,480,586,521,830,544,1164,651,877,877,816,1932,1938,1917,3708,26644,14667,3412,1523,8766,767,329,39,27
2021-05-15T23:59:59+02:00,3,0,414,580,1522,1579,1853,2043,2141,3525,2642,3347,2294,2388,3111,3111,2708,5113,110,147,478,585,521,829,539,1160,643,869,873,813,1926,1934,1917,3708,26441,14631,3412,1522,8759,759,324,37,27
2021-05-14T23:59:59+02:00,3,0,401,567,1491,1549,1812,1999,2061,3451,2588,3299,2284,2376,3108,3111,2706,5113,108,144,475,569,501,804,519,1129,629,853,858,798,1918,1925,1917,3707,26058,14568,3370,1506,8735,657,304,37,27
2021-05-13T23:59:59+02:00,2,0,378,551,1431,1500,1708,1954,1945,3363,2516,3206,2257,2358,3099,3105,2704,5107,103,141,463,561,491,789,513,1114,618,840,829,765,1901,1899,1916,3701,25606,14477,3151,1453,8681,617,277,37,25
2021-05-12T23:59:59+02:00,1,0,371,547,1413,1492,1690,1945,1925,3338,2501,3188,2254,2351,3093,3102,2704,5106,103,139,460,561,490,782,509,1109,614,834,821,749,1897,1890,1914,3701,25470,14419,3129,1443,8675,616,274,36,25
2021-05-11T23:59:59+02:00,1,0,351,527,1345,1455,1593,1906,1813,3240,2396,3110,2237,2323,3084,3091,2699,5105,97,129,445,533,469,755,489,1077,579,812,794,715,1884,1879,1912,3697,25052,14294,2960,1402,8561,528,217,36,25
2021-05-10T23:59:59+02:00,1,0,336,508,1306,1425,1540,1876,1746,3178,2334,3038,2222,2308,3075,3082,2698,5101,97,126,439,526,460,734,482,1053,574,789,778,696,1878,1872,1910,3693,24770,14226,2884,1393,8439,474,189,36,24
2021-05-09T23:59:59+02:00,1,0,330,498,1265,1405,1513,1859,1699,3141,2265,2988,2211,2294,3072,3076,2698,5096,94,123,430,517,452,728,472,1043,563,775,764,686,1869,1867,1909,3690,24529,14178,2829,1385,8388,425,166,36,23
2021-05-08T23:59:59+02:00,1,0,324,495,1254,1386,1480,1836,1668,3114,2213,2967,2204,2286,3069,3075,2696,5095,93,123,429,516,450,727,471,1038,563,769,758,685,1864,1856,1909,3690,24285,14157,2825,1377,8384,412,165,36,23
2021-05-07T23:59:59+02:00,1,0,313,488,1226,1359,1429,1816,1608,3050,2158,2918,2195,2275,3068,3070,2694,5090,90,120,417,503,440,700,458,1003,540,744,752,660,1843,1841,1909,3686,24001,14085,2796,1352,8318,308,131,36,21
2021-05-06T23:59:59+02:00,1,0,295,473,1138,1321,1312,1753,1467,2936,2015,2825,2155,2239,3064,3057,2693,5086,87,114,404,489,428,683,445,980,522,721,737,641,1825,1825,1905,3679,23487,14001,2603,1327,8105,223,103,34,20
2021-05-05T23:59:59+02:00,1,0,280,459,1097,1295,1265,1716,1399,2870,1923,2741,2130,2205,3049,3042,2693,5075,87,110,396,479,423,671,437,968,515,703,715,628,1799,1803,1905,3676,23022,13914,2543,1301,8039,174,96,34,18
2021-05-04T23:59:59+02:00,1,0,272,448,1060,1271,1226,1695,1354,2822,1859,2674,2110,2170,3039,3028,2683,5062,83,106,389,468,420,666,427,948,505,683,697,605,1779,1776,1901,3676,22672,13808,2480,1268,7986,133,90,34,17
2021-05-03T23:59:59+02:00,1,0,267,440,1029,1248,1189,1678,1325,2787,1811,2636,2092,2141,3026,3019,2681,5056,78,100,377,462,412,658,422,940,497,676,678,594,1752,1747,1899,3672,22415,13702,2456,1257,7936,112,63,34,15
2021-05-02T23:59:59+02:00,1,0,261,438,1015,1236,1161,1662,1299,2774,1796,2613,2084,2126,3021,3016,2679,5053,76,99,371,458,407,653,417,934,493,671,670,581,1727,1732,1899,3671,22289,13653,2439,1229,7896,98,49,34,14
2021-05-01T23:59:59+02:00,1,0,257,433,1007,1227,1148,1652,1283,2760,1778,2594,2075,2119,3017,3012,2679,5052,76,98,371,457,405,653,415,930,493,670,668,581,1727,1732,1899,3671,22145,13645,2438,1229,7896,95,47,34,14
2021-04-30T23:59:59+02:00,1,0,254,427,997,1205,1126,1632,1245,2696,1711,2532,2061,2101,3010,3007,2678,5048,75,96,370,451,402,647,414,905,488,658,661,575,1724,1726,1899,3669,21817,13629,2433,1217,7892,70,15,34,13
2021-04-29T23:59:59+02:00,1,0,240,412,948,1181,1087,1594,1197,2638,1616,2455,2010,2051,3000,2995,2673,5036,75,95,364,450,397,642,407,894,477,647,644,563,1708,1713,1893,3663,21312,13549,2396,1190,7832,48,14,33,13
2021-04-28T23:59:59+02:00,1,0,229,409,932,1166,1057,1582,1161,2597,1547,2399,1963,1988,2987,2990,2671,5033,72,94,357,447,394,633,403,884,470,632,626,544,1689,1692,1893,3661,20992,13469,2348,1140,7774,35,13,33,13
2021-04-27T23:59:59+02:00,1,0,226,401,918,1152,1040,1569,1137,2571,1524,2370,1928,1941,2980,2983,2669,5029,70,91,355,444,392,628,401,880,464,627,618,532,1677,1669,1889,3658,20782,13407,2316,1111,7739,30,13,29,13
2021-04-26T23:59:59+02:00,1,0,223,394,908,1143,1029,1556,1109,2552,1469,2321,1908,1918,2970,2972,2666,5023,70,91,351,440,392,626,395,877,460,621,608,519,1662,1654,1887,3653,20582,13358,2300,1072,7671,28,13,29,13
2021-04-25T23:59:59+02:00,1,0,223,393,900,1133,1016,1548,1092,2533,1436,2286,1883,1894,2962,2965,2666,5022,69,90,350,434,389,624,393,873,458,620,605,513,1656,1644,1887,3651,20445,13337,2275,1052,7619,20,13,29,12
2021-04-24T23:59:59+02:00,1,0,219,389,889,1123,1003,1534,1078,2515,1400,2262,1873,1869,2959,2959,2666,5022,69,90,350,434,388,624,393,871,457,617,603,510,1655,1641,1887,3651,20268,13330,2275,1042,7599,20,13,29,12
2021-04-23T23:59:59+02:00,1,0,215,382,878,1110,996,1523,1058,2494,1342,2213,1847,1841,2952,2953,2666,5019,68,88,350,434,388,623,392,867,454,613,596,502,1645,1631,1887,3646,20100,13301,2263,1014,7499,20,13,29,12
2021-04-22T23:59:59+02:00,1,0,213,374,852,1088,972,1500,1027,2452,1286,2148,1800,1789,2939,2933,2664,5010,68,87,348,429,382,615,389,857,449,607,582,494,1626,1616,1882,3641,19788,13224,2207,986,7420,13,13,29,12
2021-04-21T23:59:59+02:00,1,0,207,367,833,1073,947,1481,986,2415,1234,2095,1749,1718,2917,2911,2657,5001,66,85,345,427,380,612,386,852,446,600,577,488,1612,1594,1871,3636,19426,13152,2171,963,7357,13,13,29,12
2021-04-20T23:59:59+02:00,1,0,201,362,817,1049,927,1460,963,2361,1190,2039,1689,1649,2887,2885,2651,4983,65,85,343,426,376,608,381,846,445,593,570,479,1589,1561,1867,3632,19089,13066,2098,939,7284,12,13,29,12
2021-04-19T23:59:59+02:00,1,0,199,352,802,1038,913,1441,946,2328,1164,2004,1645,1602,2874,2870,2649,4978,65,84,342,424,371,602,377,837,440,582,566,473,1561,1534,1861,3619,18870,12970,2079,911,7213,9,12,28,12
2021-04-18T23:59:59+02:00,1,0,197,349,795,1029,901,1431,925,2305,1140,1983,1604,1560,2865,2862,2642,4972,64,82,341,423,371,602,376,832,439,579,563,467,1551,1528,1858,3617,18724,12940,2046,895,7139,9,12,28,12
2021-04-17T23:59:59+02:00,1,0,195,345,792,1026,894,1429,916,2300,1133,1975,1584,1529,2860,2853,2642,4972,64,79,339,418,370,602,374,828,438,576,558,461,1540,1520,1858,3614,18638,12888,2045,893,7110,9,12,28,12
2021-04-16T23:59:59+02:00,1,0,194,344,783,1019,881,1412,902,2277,1095,1934,1528,1461,2846,2838,2638,4965,59,77,336,411,369,600,369,816,431,562,531,430,1527,1498,1847,3601,18404,12780,2028,826,7031,8,12,27,11
2021-04-15T23:59:59+02:00,1,0,193,339,761,1002,863,1400,876,2232,1052,1892,1475,1402,2817,2810,2623,4949,57,76,331,405,364,599,361,809,421,559,516,422,1493,1464,1834,3586,18121,12662,2011,777,6896,7,12,26,11
2021-04-14T23:59:59+02:00,1,0,192,333,752,994,856,1387,861,2198,1033,1861,1415,1354,2766,2744,2610,4933,54,72,326,402,360,594,358,800,410,545,500,403,1457,1432,1827,3567,17836,12520,1988,730,6805,7,12,23,10
2021-04-13T23:59:59+02:00,1,0,188,327,743,990,845,1375,851,2173,999,1832,1349,1281,2712,2685,2602,4918,52,72,321,398,351,586,351,792,401,537,487,395,1430,1409,1818,3556,17583,12418,1935,682,6691,5,12,22,10
2021-04-12T23:59:59+02:00,1,0,188,326,737,985,837,1363,822,2150,983,1811,1296,1243,2692,2655,2598,4904,51,68,311,390,346,580,346,784,395,530,468,385,1412,1393,1815,3548,17442,12322,1909,640,6577,5,12,19,10
2021-04-11T23:59:59+02:00,0,0,186,324,731,974,829,1358,808,2131,966,1794,1273,1212,2670,2633,2593,4897,50,66,306,388,344,578,345,780,390,522,463,376,1397,1388,1810,3541,17364,12269,1881,614,6469,4,12,18,10
2021-04-10T23:59:59+02:00,0,0,186,322,731,971,826,1357,801,2123,958,1787,1259,1196,2657,2616,2592,4897,45,61,283,374,328,562,331,768,375,512,448,369,1385,1368,1805,3535,17304,12086,1872,598,6437,4,11,18,10
2021-04-09T23:59:59+02:00,0,0,186,318,726,968,816,1334,793,2038,938,1704,1203,1122,2613,2587,2589,4889,38,59,269,360,309,549,311,754,361,495,430,359,1342,1338,1792,3521,17137,11846,1833,568,6184,4,9,16,9
2021-04-08T23:59:59+02:00,0,0,184,314,722,961,805,1325,777,2020,914,1681,1127,1038,2553,2547,2576,4879,37,57,261,346,296,541,295,738,335,477,403,336,1292,1299,1768,3487,16958,11556,1763,535,6032,4,8,16,9
2021-04-07T23:59:59+02:00,0,0,178,311,713,955,797,1310,760,1991,891,1649,1072,975,2497,2486,2567,4864,35,54,243,330,286,535,286,725,320,464,373,316,1245,1260,1749,3449,16760,11283,1715,504,5866,4,8,16,9
2021-04-06T23:59:59+02:00,0,0,174,310,706,950,781,1295,740,1968,862,1623,1038,928,2456,2436,2559,4854,33,53,242,327,282,532,276,721,310,459,362,302,1214,1230,1729,3427,16636,11147,1680,469,5684,4,8,16,9
2021-04-05T23:59:59+02:00,0,0,174,310,705,944,775,1285,731,1952,851,1608,1009,901,2429,2393,2554,4845,33,53,242,323,281,528,272,714,304,457,360,295,1180,1205,1721,3408,16569,11052,1663,439,5550,4,8,16,9
2021-04-04T23:59:59+02:00,0,0,173,307,702,937,769,1273,720,1935,842,1586,994,886,2421,2387,2554,4844,33,53,242,323,280,528,272,714,303,457,358,295,1162,1191,1717,3404,16534,11007,1657,439,5456,4,8,15,9
2021-04-03T23:59:59+02:00,0,0,173,307,702,937,767,1271,719,1930,834,1582,981,875,2414,2376,2551,4843,33,53,242,323,280,528,272,713,303,455,358,295,1162,1186,1717,3401,16485,10996,1657,439,5435,4,8,15,9
2021-04-02T23:59:59+02:00,0,0,173,306,702,936,766,1268,715,1923,826,1571,968,862,2391,2353,2549,4840,33,53,239,323,278,526,269,706,296,450,353,293,1140,1158,1705,3374,16409,10876,1645,432,5407,4,8,15,9
2021-04-01T23:59:59+02:00,0,0,170,303,696,925,753,1254,709,1903,808,1550,936,826,2349,2303,2543,4821,32,52,231,320,276,522,266,699,290,445,341,285,1100,1117,1672,3331,16272,10671,1581,418,5303,4,8,15,9
2021-03-31T23:59:59+02:00,0,0,167,300,689,918,743,1238,700,1857,793,1507,918,806,2302,2237,2522,4802,32,52,230,319,271,520,261,697,280,434,326,279,1034,1064,1648,3299,16150,10458,1511,399,5145,4,7,15,9
2021-03-30T23:59:59+02:00,0,0,163,293,683,909,739,1217,689,1818,782,1461,895,787,2252,2171,2508,4780,32,51,227,316,268,517,259,691,274,426,315,273,1000,1035,1626,3263,15999,10300,1463,381,4990,4,7,15,9
2021-03-29T23:59:59+02:00,0,0,160,287,677,896,733,1205,679,1786,769,1422,876,769,2176,2102,2487,4750,32,50,226,314,267,515,255,683,266,415,308,266,972,1013,1613,3236,15787,10167,1419,371,4871,4,7,15,9
2021-03-28T23:59:59+02:00,0,0,152,270,667,889,726,1196,674,1765,764,1404,868,748,2128,2057,2482,4738,32,49,223,314,263,509,251,680,264,412,306,264,961,1002,1607,3228,15705,10109,1364,363,4761,4,7,15,9
2021-03-27T23:59:59+01:00,0,0,152,267,663,882,722,1192,668,1754,761,1397,857,733,2116,2041,2482,4735,32,49,223,314,263,509,250,673,261,407,304,263,954,992,1589,3204,15648,10042,1354,352,4719,4,7,15,9
2021-03-26T23:59:59+01:00,0,0,150,265,653,870,716,1176,658,1735,752,1365,838,713,2090,2015,2472,4725,32,49,223,314,262,507,250,672,255,395,298,255,922,960,1556,3153,15540,9859,1316,352,4633,4,5,15,9
2021-03-25T23:59:59+01:00,0,0,147,264,643,858,695,1155,640,1697,733,1322,818,693,2046,1971,2456,4707,32,48,220,309,261,506,244,669,253,393,290,251,883,929,1494,3074,15423,9623,1262,338,4454,3,5,14,9
2021-03-24T23:59:59+01:00,0,0,144,255,628,845,688,1141,631,1658,718,1288,793,675,2002,1927,2439,4683,32,48,218,306,259,504,242,669,247,390,283,245,837,904,1443,2981,15282,9393,1227,322,4299,2,4,14,9
2021-03-23T23:59:59+01:00,0,0,141,253,621,835,674,1128,621,1635,704,1248,775,661,1961,1896,2423,4664,31,47,216,305,257,500,235,664,244,383,273,241,811,880,1365,2883,15186,9129,1197,311,4148,2,4,14,9
2021-03-22T23:59:59+01:00,0,0,138,248,603,816,656,1109,610,1601,687,1222,764,647,1929,1871,2412,4648,31,46,215,303,255,498,234,656,243,379,270,237,784,858,1273,2777,15100,8864,1165,299,3987,2,4,12,9
2021-03-21T23:59:59+01:00,0,0,135,246,599,810,652,1106,605,1577,676,1187,757,636,1905,1864,2405,4632,31,46,214,303,254,496,233,655,241,377,268,233,778,855,1264,2768,15066,8830,1144,290,3868,2,4,11,8
2021-03-20T23:59:59+01:00,0,0,133,246,593,807,648,1102,601,1573,674,1185,750,627,1881,1840,2398,4620,31,46,214,303,253,496,232,653,238,371,266,231,768,849,1246,2754,15000,8775,1134,280,3828,2,4,11,8
2021-03-19T23:59:59+01:00,0,0,124,234,587,793,639,1095,597,1555,657,1171,714,582,1822,1798,2368,4599,30,46,214,302,252,496,230,646,235,368,264,225,742,830,1208,2701,14825,8627,1058,265,3732,2,4,10,8
2021-03-18T23:59:59+01:00,0,0,121,229,568,783,619,1063,578,1504,627,1123,678,557,1770,1749,2340,4556,30,46,212,300,250,488,230,641,231,359,262,217,724,818,1175,2657,14630,8495,993,246,3516,2,4,10,8
2021-03-17T23:59:59+01:00,0,0,115,223,557,769,607,1058,568,1491,612,1100,654,532,1725,1714,2319,4517,30,45,212,299,249,485,229,640,230,356,261,215,712,806,1140,2610,14426,8378,943,240,3460,2,4,9,8
2021-03-16T23:59:59+01:00,0,0,110,217,545,757,593,1044,556,1448,595,1072,635,508,1670,1658,2297,4481,30,44,212,297,249,479,228,638,228,355,257,215,695,787,1110,2554,14246,8241,887,237,3316,2,2,9,8
2021-03-15T23:59:59+01:00,0,0,106,210,530,741,581,1020,544,1414,580,1034,615,489,1628,1619,2275,4456,29,44,211,294,249,476,226,636,226,355,249,211,675,775,1085,2518,14088,8137,832,223,3180,2,0,9,8
2021-03-14T23:59:59+01:00,0,0,102,198,521,726,570,998,536,1369,563,989,597,473,1599,1598,2259,4431,29,44,211,292,248,475,225,631,225,350,247,207,671,768,1077,2503,13981,8110,797,194,3004,2,0,9,8
2021-03-13T23:59:59+01:00,0,0,98,188,495,705,541,972,508,1345,540,968,569,464,1573,1572,2251,4423,29,44,211,292,248,475,224,631,225,349,246,207,665,758,1047,2474,13756,8031,783,193,2910,2,0,9,8
2021-03-12T23:59:59+01:00,0,0,89,182,469,676,521,945,484,1310,513,931,537,442,1515,1525,2228,4384,29,44,211,291,248,474,224,631,225,348,242,205,649,746,1021,2447,13443,7939,753,193,2779,2,0,9,7
2021-03-11T23:59:59+01:00,0,0,83,171,438,639,486,913,444,1231,475,868,504,409,1435,1457,2180,4325,29,43,210,288,243,470,222,627,221,345,237,203,633,724,996,2406,13057,7852,700,142,2506,2,0,9,7
2021-03-10T23:59:59+01:00,0,0,81,165,414,614,467,896,425,1195,447,823,473,383,1356,1391,2141,4269,29,43,208,283,239,466,219,621,221,343,232,200,614,716,973,2366,12711,7742,667,125,2363,2,0,9,7
2021-03-09T23:59:59+01:00,0,0,81,161,403,593,440,867,411,1145,429,791,451,364,1304,1358,2100,4224,29,43,207,280,237,458,216,617,217,338,230,199,602,709,954,2335,12484,7658,640,106,2186,2,0,9,7
2021-03-08T23:59:59+01:00,0,0,78,156,390,575,419,849,399,1092,417,749,435,348,1246,1322,2076,4186,29,43,207,279,234,452,212,612,212,334,228,198,589,704,944,2324,12293,7605,603,90,2025,1,0,9,6
2021-03-07T23:59:59+01:00,0,0,75,152,387,565,411,833,387,1078,410,743,432,343,1233,1302,2067,4177,29,43,206,278,234,450,210,611,212,333,227,197,585,701,936,2317,12226,7575,576,88,1973,0,0,9,6
2021-03-06T23:59:59+01:00,0,0,75,145,384,560,404,812,377,1022,402,708,429,342,1226,1291,2052,4162,29,43,206,278,233,449,210,610,212,333,227,197,582,701,934,2303,12167,7566,576,75,1826,0,0,9,6
2021-03-05T23:59:59+01:00,0,0,75,140,380,554,400,805,374,1005,390,682,417,328,1185,1249,2008,4101,29,43,205,277,232,448,209,608,211,330,225,196,577,700,926,2282,11948,7542,554,49,1762,0,0,9,6
2021-03-04T23:59:59+01:00,0,0,74,127,371,521,386,772,354,963,376,652,399,326,1133,1199,1924,4005,28,43,203,271,230,441,207,597,208,329,224,195,575,697,923,2279,11645,7494,520,48,1585,0,0,9,5
2021-03-03T23:59:59+01:00,0,0,68,116,362,505,378,755,349,941,362,632,389,318,1088,1165,1854,3883,28,43,203,270,229,439,204,587,208,323,223,192,570,694,916,2273,11369,7450,493,43,1468,0,0,8,5
2021-03-02T23:59:59+01:00,0,0,65,109,352,492,363,737,338,920,354,604,376,311,1052,1134,1756,3762,27,43,203,270,229,432,199,580,206,320,221,192,568,686,909,2260,11043,7391,469,43,1371,0,0,8,5
2021-03-01T23:59:59+01:00,0,0,64,107,346,478,356,717,327,895,347,570,371,308,1024,1102,1638,3607,27,42,202,269,227,423,197,572,206,316,220,192,565,678,900,2252,10700,7333,448,43,1263,0,0,8,5
2021-02-28T23:59:59+01:00,0,0,64,105,339,469,353,709,325,871,342,550,366,296,1015,1098,1628,3595,27,42,201,268,226,423,197,572,206,316,219,192,564,674,897,2249,10654,7318,437,43,1186,0,0,8,5
2021-02-27T23:59:59+01:00,0,0,61,96,335,460,349,705,319,858,338,540,362,292,1005,1087,1605,3573,27,42,201,267,226,422,196,571,205,315,219,192,564,674,897,2249,10582,7317,424,38,1129,0,0,8,5
2021-02-26T23:59:59+01:00,0,0,59,93,328,436,323,673,297,827,325,519,358,288,980,1067,1561,3511,27,41,201,266,226,420,194,568,202,313,219,192,564,674,896,2246,10418,7299,421,38,951,0,0,8,4
2021-02-25T23:59:59+01:00,0,0,52,80,315,415,312,643,291,799,311,493,348,278,961,1048,1523,3464,27,41,200,263,222,417,191,560,197,312,214,189,553,666,885,2240,10264,7237,407,28,801,0,0,8,4
2021-02-24T23:59:59+01:00,0,0,48,75,306,403,304,630,286,784,307,483,342,277,941,1036,1476,3405,26,41,198,261,219,404,189,552,194,307,212,186,547,660,883,2227,10116,7172,392,20,731,0,0,8,4
2021-02-23T23:59:59+01:00,0,0,45,66,293,387,296,611,280,765,297,473,335,275,911,1017,1435,3332,25,41,197,259,217,399,188,546,190,304,211,185,545,649,877,2207,9938,7109,373,16,639,0,0,8,4
2021-02-22T23:59:59+01:00,0,0,42,63,286,375,292,600,276,754,293,469,328,268,888,1002,1405,3296,25,39,193,256,214,386,180,536,184,301,207,182,533,641,870,2190,9815,7016,357,5,596,0,0,7,4
2021-02-21T23:59:59+01:00,0,0,41,62,281,367,290,591,272,746,286,465,325,265,883,997,1398,3286,25,38,191,254,213,384,180,527,184,300,207,182,529,640,862,2177,9788,6970,349,5,546,0,0,6,4
2021-02-20T23:59:59+01:00,0,0,40,62,278,366,290,588,271,740,283,457,324,265,869,985,1365,3255,25,38,191,254,213,384,180,527,183,299,207,182,528,640,860,2176,9701,6964,338,5,524,0,0,6,4
2021-02-19T23:59:59+01:00,0,0,39,62,274,361,284,565,261,714,278,443,320,260,843,968,1330,3225,25,37,191,254,212,383,180,525,182,299,206,181,523,639,855,2159,9591,6928,323,5,435,0,0,5,4
2021-02-18T23:59:59+01:00,0,0,39,58,256,340,275,544,252,693,261,415,316,251,831,947,1304,3193,24,36,187,247,210,377,176,510,180,288,203,176,508,625,818,2092,9497,6733,297,5,301,0,0,5,4
2021-02-17T23:59:59+01:00,0,0,39,56,249,334,271,530,247,680,258,393,311,246,811,936,1275,3146,22,34,184,242,202,362,172,493,175,276,195,172,497,610,799,2053,9364,6562,287,4,245,0,0,5,4
2021-02-16T23:59:59+01:00,0,0,38,51,237,322,268,519,241,665,251,385,306,244,799,925,1249,3114,20,34,175,234,195,343,166,481,171,262,192,165,464,579,764,1985,9267,6302,279,4,180,0,0,5,4
2021-02-15T23:59:59+01:00,0,0,37,50,231,319,261,506,237,659,247,377,302,243,780,916,1237,3095,19,32,168,227,190,335,161,470,165,255,182,159,434,550,728,1914,9201,6061,265,4,143,0,0,5,4
2021-02-14T23:59:59+01:00,0,0,35,50,228,316,259,500,235,653,247,373,302,239,773,910,1228,3076,18,32,166,224,186,330,160,458,163,252,181,156,425,541,710,1870,9178,5943,232,4,125,0,0,5,4
2021-02-13T23:59:59+01:00,0,0,34,50,228,316,257,500,235,652,247,373,302,239,771,909,1227,3075,18,32,164,223,183,330,159,456,162,249,179,153,420,538,702,1855,9171,5896,232,1,123,0,0,5,4
2021-02-12T23:59:59+01:00,0,0,33,48,225,310,254,491,231,641,244,366,301,238,765,908,1224,3065,18,32,162,220,182,329,157,454,160,248,177,149,416,522,671,1789,9142,5759,232,1,79,0,0,5,4
2021-02-11T23:59:59+01:00,0,0,32,47,217,291,247,475,224,617,231,353,297,237,757,891,1199,3032,18,31,146,200,174,298,146,407,154,225,160,133,369,473,608,1621,9071,5230,165,1,18,0,0,5,4
2021-02-10T23:59:59+01:00,0,0,31,47,214,283,244,468,220,608,228,347,293,237,745,888,1191,3022,17,28,133,176,158,260,127,356,143,200,144,125,342,442,546,1496,9015,4753,148,1,7,0,0,5,2
2021-02-09T23:59:59+01:00,0,0,30,46,213,280,242,455,215,600,224,344,289,233,741,881,1182,3009,17,26,118,147,145,237,110,313,129,173,126,116,308,385,491,1338,8960,4233,124,1,3,0,0,5,2
2021-02-08T23:59:59+01:00,0,0,30,46,212,278,236,441,212,588,221,339,284,233,733,874,1176,3002,15,24,102,125,124,193,91,272,121,161,103,107,269,333,429,1202,8893,3720,109,1,3,0,0,5,2
2021-02-07T23:59:59+01:00,0,0,30,45,210,277,234,440,212,585,221,338,284,233,731,870,1171,2999,14,18,98,117,117,182,86,254,115,151,96,102,262,320,413,1152,8872,3543,106,1,0,0,0,5,2
2021-02-06T23:59:59+01:00,0,0,30,45,210,277,234,439,212,585,221,337,283,233,730,870,1170,2987,11,14,97,115,116,178,84,247,115,149,95,101,262,316,402,1137,8869,3482,92,1,0,0,0,5,2
2021-02-05T23:59:59+01:00,0,0,29,44,210,277,234,438,210,582,219,336,282,233,728,870,1158,2960,10,10,89,107,112,175,83,242,109,137,92,99,253,310,377,1108,8849,3354,57,0,0,0,0,5,2
2021-02-04T23:59:59+01:00,0,0,29,44,207,273,230,433,205,576,217,332,279,229,722,863,1149,2946,9,7,62,74,89,131,71,203,89,118,88,85,221,274,333,982,8774,2866,57,0,0,0,0,4,2
2021-02-03T23:59:59+01:00,0,0,29,43,207,271,229,421,202,570,216,329,276,226,712,860,1141,2929,6,4,45,56,70,107,53,157,76,88,63,60,166,200,252,719,8708,2146,50,0,0,0,0,4,2
2021-02-02T23:59:59+01:00,0,0,28,43,206,269,225,415,201,565,213,328,273,225,704,849,1134,2904,3,3,29,39,55,77,41,101,57,65,54,49,119,134,168,475,8628,1485,49,0,0,0,0,4,2
2021-02-01T23:59:59+01:00,0,0,27,41,204,269,222,410,198,559,208,320,271,222,697,846,1129,2892,3,1,22,21,28,45,28,62,33,34,38,31,72,86,97,286,8561,895,49,0,0,0,0,4,2
2021-01-31T23:59:59+01:00,0,0,27,41,203,267,220,406,196,551,207,319,270,222,693,842,1123,2877,3,1,20,16,19,37,21,49,25,30,35,25,57,74,94,256,8509,768,48,0,0,0,0,4,2
2021-01-30T23:59:59+01:00,0,0,27,41,203,267,220,405,195,551,207,319,270,222,692,842,1122,2875,3,1,19,15,17,37,19,45,23,29,34,24,57,71,92,250,8504,741,47,0,0,0,0,4,2
2021-01-29T23:59:59+01:00,0,0,27,41,203,264,219,404,194,550,205,317,270,222,687,839,1116,2867,3,0,16,10,12,31,18,40,19,26,34,23,54,70,90,244,8476,693,43,0,0,0,0,3,2
2021-01-28T23:59:59+01:00,0,0,27,40,196,261,219,398,193,541,202,312,269,222,675,831,1093,2847,3,0,3,3,7,18,10,21,9,12,26,16,37,47,60,173,8386,447,34,0,0,0,0,3,1
2021-01-27T23:59:59+01:00,0,0,26,38,191,256,214,389,191,528,199,302,261,217,660,813,1069,2809,1,0,2,3,6,14,9,19,8,11,25,15,31,41,50,132,8222,368,29,0,0,0,0,3,1
2021-01-26T23:59:59+01:00,0,0,23,38,188,245,208,376,186,510,196,294,255,212,638,796,1041,2758,1,0,1,3,6,14,9,19,8,11,24,12,30,37,49,115,8027,340,24,0,0,0,0,3,1
2021-01-25T23:59:59+01:00,0,0,23,37,179,242,205,366,181,500,191,283,245,207,615,776,1015,2713,1,0,1,3,4,12,8,16,8,10,21,10,26,36,41,104,7857,302,6,0,0,0,0,3,1
2021-01-24T23:59:59+01:00,0,0,22,36,177,239,202,365,180,498,190,281,245,205,611,771,1012,2708,1,0,1,3,3,12,8,16,8,10,21,10,26,36,40,102,7821,298,5,0,0,0,0,3,1
2021-01-23T23:59:59+01:00,0,0,22,36,177,239,200,365,180,497,190,281,245,205,610,771,1004,2695,1,0,1,3,3,11,8,16,7,10,21,10,26,36,40,102,7796,296,5,0,0,0,0,3,1
2021-01-22T23:59:59+01:00,0,0,21,35,175,235,199,365,180,496,189,281,245,203,608,769,976,2653,1,0,1,3,3,11,8,16,7,10,21,10,26,36,40,102,7709,296,5,0,0,0,0,3,1
2021-01-21T23:59:59+01:00,0,0,20,35,166,226,192,347,175,472,187,264,233,198,583,743,940,2600,1,0,1,3,1,6,7,11,5,6,20,8,22,26,35,85,7456,238,5,0,0,0,0,3,1
2021-01-20T23:59:59+01:00,0,0,19,33,151,200,174,305,146,415,173,240,215,187,540,697,871,2400,1,0,1,3,1,6,7,10,5,5,19,7,21,23,31,79,6834,220,4,0,0,0,0,3,1
2021-01-19T23:59:59+01:00,0,0,19,30,128,168,159,271,133,372,157,217,180,166,477,607,773,2126,1,0,1,3,1,6,5,7,3,3,11,3,10,15,22,57,6043,148,3,0,0,0,0,3,1
2021-01-18T23:59:59+01:00,0,0,16,29,113,150,137,227,115,323,140,190,142,151,387,502,638,1785,1,0,1,1,0,3,4,5,2,3,2,1,4,6,10,28,5101,71,3,0,0,0,0,3,1
2021-01-17T23:59:59+01:00,0,0,15,19,109,136,129,214,107,299,132,178,133,137,371,472,588,1682,1,0,0,0,0,1,2,4,2,2,1,1,3,1,2,5,4770,24,3,0,0,0,0,3,1
2021-01-16T23:59:59+01:00,0,0,13,15,105,133,127,209,104,289,130,172,130,133,366,464,571,1654,0,0,0,0,0,0,0,0,1,0,0,0,0,0,0,0,4664,0,0,0,0,0,0,3,1
2021-01-15T23:59:59+01:00,0,0,11,13,100,124,123,204,102,279,128,160,126,130,358,448,540,1610,0,0,0,0,0,0,0,0,1,0,0,0,0,0,0,0,4502,0,0,0,0,0,0,3,1
2021-01-14T23:59:59+01:00,0,0,9,9,75,91,104,167,84,234,112,143,114,109,306,398,475,1394,0,0,0,0,0,0,0,0,1,0,0,0,0,0,0,0,3859,0,0,0,0,0,0,3,1
2021-01-13T23:59:59+01:00,0,0,7,8,62,81,93,140,74,192,102,117,86,80,236,283,377,1064,0,0,0,0,0,0,0,0,1,0,0,0,0,0,0,0,3031,0,0,0,0,0,0,3,1
2021-01-12T23:59:59+01:00,0,0,5,6,53,62,76,110,66,135,80,93,70,64,166,203,274,745,0,0,0,0,0,0,0,0,1,0,0,0,0,0,0,0,2234,0,0,0,0,0,0,1,1
2021-01-11T23:59:59+01:00,0,0,4,4,45,49,63,81,52,108,58,65,50,43,96,123,145,419,0,0,0,0,0,0,0,0,1,0,0,0,0,0,0,0,1426,0,0,0,0,0,0,1,1
2021-01-10T23:59:59+01:00,0,0,3,4,41,37,47,67,38,86,48,56,45,33,79,109,136,365,0,0,0,0,0,0,0,0,1,0,0,0,0,0,0,0,1206,0,0,0,0,0,0,1,1
2021-01-09T23:59:59+01:00,0,0,3,3,38,36,42,64,35,76,42,51,44,33,79,107,133,363,0,0,0,0,0,0,0,0,1,0,0,0,0,0,0,0,1159,0,0,0,0,0,0,1,1
2021-01-08T23:59:59+01:00,0,0,3,2,31,28,35,57,29,63,37,45,42,30,74,104,129,352,0,0,0,0,0,0,0,0,1,0,0,0,0,0,0,0,1069,0,0,0,0,0,0,1,1
2021-01-07T23:59:59+01:00,0,0,3,2,9,3,10,20,12,27,13,22,35,21,52,69,89,250,0,0,0,0,0,0,0,0,1,0,0,0,0,0,0,0,640,0,0,0,0,0,0,0,1
2021-01-06T23:59:59+01:00,0,0,3,0,2,3,5,15,9,21,9,13,31,19,44,58,74,199,0,0,0,0,0,0,0,0,1,0,0,0,0,0,0,0,508,0,0,0,0,0,0,0,1
2021-01-05T23:59:59+01:00,0,0,2,0,1,3,5,14,9,19,9,12,30,18,43,57,71,191,0,0,0,0,0,0,0,0,1,0,0,0,0,0,0,0,487,0,0,0,0,0,0,0,1
2021-01-04T23:59:59+01:00,0,0,1,0,1,3,5,13,8,17,8,11,26,14,34,48,55,145,0,0,0,0,0,0,0,0,1,0,0,0,0,0,0,0,391,0,0,0,0,0,0,0,1
2021-01-03T23:59:59+01:00,0,0,1,0,1,3,4,13,8,17,7,11,26,14,34,48,55,144,0,0,0,0,0,0,0,0,1,0,0,0,0,0,0,0,388,0,0,0,0,0,0,0,1
2021-01-02T23:59:59+01:00,0,0,1,0,1,3,4,13,7,17,6,11,26,14,34,48,55,144,0,0,0,0,0,0,0,0,1,0,0,0,0,0,0,0,386,0,0,0,0,0,0,0,1
2021-01-01T23:59:59+01:00,0,0,1,0,1,3,4,13,7,17,6,11,26,14,34,48,55,144,0,0,0,0,0,0,0,0,1,0,0,0,0,0,0,0,386,0,0,0,0,0,0,0,1
2020-12-31T23:59:59+01:00,0,0,1,0,1,3,4,12,7,17,6,11,26,14,34,48,55,144,0,0,0,0,0,0,0,0,1,0,0,0,0,0,0,0,385,0,0,0,0,0,0,0,1
2020-12-30T23:59:59+01:00,0,0,1,0,1,3,4,12,7,16,6,11,26,14,34,48,55,144,0,0,0,0,0,0,0,0,1,0,0,0,0,0,0,0,384,0,0,0,0,0,0,0,1
2020-12-29T23:59:59+01:00,0,0,1,0,1,3,3,8,5,12,4,8,19,10,25,40,40,117,0,0,0,0,0,0,0,0,1,0,0,0,0,0,0,0,297,0,0,0,0,0,0,0,1
2020-12-28T23:59:59+01:00,0,0,1,0,1,1,1,2,3,6,3,4,11,3,8,15,24,58,0,0,0,0,0,0,0,0,1,0,0,0,0,0,0,0,142,0,0,0,0,0,0,0,1
2020-12-27T23:59:59+01:00,0,0,1,0,0,0,0,1,2,6,1,2,2,1,5,4,5,20,0,0,0,0,0,0,0,0,0,0,0,0,0,0,0,0,50,0,0,0,0,0,0,0,0
