Datum,<15_m,<15_w,15-24_1_m,15-24_1_w,25-34_1_m,25-34_1_w,35-44_1_m,35-44_1_w,45-54_1_m,45-54_1_w,55-64_1_m,55-64_1_w,65-74_1_m,65-74_1_w,75-84_1_m,75-84_1_w,>84_1_m,>84_1_w,<24_2_m,<24_2_w,25-34_2_m,25-34_2_w,35-44_2_m,35-44_2_w,45-54_2_m,45-54_2_w,55-64_2_m,55-64_2_w,65-74_2_m,65-74_2_w,75-84_2_m,75-84_2_w,>84_2_m,>84_2_w,bp_1,bp_2,mo_1,mo_2,az_1,az_2,ja,unb_1,unb_2
2021-10-21T23:59:59+02:00,228,216,4132,3561,9985,7071,9501,6503,8197,8642,5438,6032,1859,2319,1174,1618,318,913,3529,3075,8950,6337,8647,5919,7572,7918,5053,5624,1739,2188,1102,1528,280,842,50020,44435,7697,7027,9163,7888,12465,44,43
2021-10-20T23:59:59+02:00,227,214,4118,3545,9965,7055,9475,6487,8174,8625,5433,6022,1858,2316,1174,1618,318,913,3516,3063,8923,6320,8622,5907,7554,7906,5045,5615,1737,2187,1102,1526,280,840,49883,44309,7693,7020,9163,7886,12437,43,43
2021-10-19T23:59:59+02:00,225,213,4105,3534,9948,7050,9446,6475,8159,8613,5428,6015,1857,2315,1174,1618,318,912,3502,3046,8906,6304,8605,5895,7543,7892,5036,5606,1736,2182,1101,1525,280,840,49779,44183,7685,7017,9163,7886,12417,43,43
2021-10-18T23:59:59+02:00,225,211,4094,3527,9932,7041,9427,6464,8148,8602,5424,6004,1856,2311,1173,1617,318,912,3491,3033,8891,6290,8593,5887,7534,7883,5035,5596,1734,2180,1101,1525,280,838,49681,44101,7682,7008,9162,7886,12400,43,43
2021-10-17T23:59:59+02:00,225,209,4080,3523,9923,7032,9415,6460,8140,8599,5422,6000,1855,2311,1173,1616,317,912,3479,3027,8881,6287,8587,5882,7523,7875,5033,5592,1733,2176,1099,1525,280,838,49624,44039,7676,7005,9162,7886,12388,43,43
2021-10-16T23:59:59+02:00,225,209,4075,3521,9918,7030,9413,6459,8138,8596,5421,5999,1854,2311,1172,1615,317,912,3477,3025,8877,6285,8587,5881,7521,7874,5033,5592,1733,2176,1099,1525,280,838,49604,44031,7675,7005,9162,7885,12382,43,43
2021-10-15T23:59:59+02:00,221,208,4059,3513,9900,7020,9399,6452,8128,8581,5414,5993,1853,2311,1172,1615,317,912,3464,3019,8863,6274,8574,5877,7514,7867,5026,5588,1733,2176,1099,1524,280,838,49512,43965,7671,7003,9162,7885,12360,43,43
2021-10-14T23:59:59+02:00,220,208,4042,3502,9869,7000,9378,6434,8105,8561,5405,5984,1853,2308,1172,1614,316,911,3440,3008,8830,6247,8541,5849,7490,7854,5015,5578,1732,2171,1096,1524,280,838,49382,43799,7662,6987,9162,7883,12313,43,43
2021-10-13T23:59:59+02:00,217,207,4025,3494,9850,6988,9361,6422,8094,8546,5397,5977,1851,2307,1172,1612,316,911,3425,3000,8802,6229,8524,5838,7472,7844,5008,5573,1732,2171,1095,1523,280,838,49284,43697,7658,6981,9162,7883,12280,43,43
2021-10-12T23:59:59+02:00,215,206,4015,3488,9832,6975,9339,6412,8082,8530,5388,5968,1850,2305,1171,1612,316,911,3417,2986,8778,6210,8500,5823,7458,7831,4993,5562,1728,2166,1094,1522,280,838,49179,43552,7652,6976,9162,7882,12259,43,43
2021-10-11T23:59:59+02:00,213,204,3994,3482,9808,6969,9317,6400,8073,8513,5384,5958,1849,2304,1171,1612,316,911,3401,2975,8742,6198,8473,5803,7440,7811,4986,5553,1727,2165,1094,1522,280,838,49083,43416,7643,6964,9162,7882,12227,43,43
2021-10-10T23:59:59+02:00,212,202,3983,3475,9795,6958,9309,6390,8062,8504,5380,5950,1849,2304,1170,1612,316,911,3392,2972,8723,6192,8459,5795,7427,7808,4980,5546,1726,2164,1094,1521,280,838,49012,43344,7637,6961,9162,7882,12208,43,43
2021-10-09T23:59:59+02:00,212,202,3982,3474,9791,6958,9297,6385,8059,8502,5378,5950,1849,2303,1170,1612,316,911,3390,2965,8721,6191,8450,5788,7424,7807,4977,5545,1726,2164,1094,1521,280,838,48994,43325,7637,6957,9162,7881,12195,43,43
2021-10-08T23:59:59+02:00,210,202,3969,3465,9769,6948,9284,6374,8045,8487,5373,5947,1847,2302,1170,1612,316,911,3382,2954,8695,6181,8436,5780,7419,7790,4968,5543,1722,2162,1093,1520,280,838,48911,43242,7635,6956,9162,7881,12160,43,43
2021-10-07T23:59:59+02:00,208,200,3942,3450,9731,6928,9241,6364,8022,8466,5367,5941,1846,2297,1170,1612,316,911,3350,2928,8649,6160,8407,5767,7396,7761,4949,5533,1719,2157,1093,1519,280,838,48752,43058,7630,6936,9162,7881,12105,43,43
2021-10-06T23:59:59+02:00,206,199,3933,3443,9703,6910,9226,6358,8014,8458,5360,5933,1844,2294,1170,1610,316,910,3337,2915,8627,6147,8389,5758,7388,7745,4947,5522,1717,2154,1093,1518,280,838,48658,42960,7626,6931,9162,7879,12078,43,43
2021-10-05T23:59:59+02:00,206,197,3916,3431,9686,6892,9205,6344,7997,8436,5352,5928,1843,2292,1170,1609,316,910,3320,2901,8603,6136,8363,5740,7369,7719,4937,5515,1715,2150,1092,1516,280,838,48550,42832,7624,6923,9162,7879,12031,43,43
2021-10-04T23:59:59+02:00,206,196,3893,3418,9656,6876,9168,6328,7981,8426,5346,5919,1841,2291,1169,1604,316,908,3307,2891,8577,6116,8326,5728,7349,7694,4928,5500,1714,2148,1092,1515,279,838,48430,42703,7616,6918,9161,7879,11972,43,43
2021-10-03T23:59:59+02:00,206,196,3872,3408,9630,6861,9153,6318,7967,8415,5344,5911,1839,2289,1168,1603,316,908,3289,2885,8547,6105,8315,5719,7340,7682,4923,5494,1712,2145,1092,1514,279,838,48346,42634,7611,6916,9161,7876,11923,43,43
2021-10-02T23:59:59+02:00,206,196,3869,3407,9628,6859,9150,6317,7965,8415,5341,5909,1838,2288,1168,1603,316,908,3286,2885,8543,6104,8313,5719,7335,7681,4922,5490,1711,2144,1092,1514,279,838,48336,42622,7609,6916,9161,7874,11914,43,43
2021-10-01T23:59:59+02:00,205,195,3857,3403,9606,6853,9138,6309,7952,8405,5337,5900,1835,2286,1168,1603,316,907,3269,2873,8524,6095,8298,5708,7326,7670,4916,5483,1709,2144,1091,1514,279,838,48272,42546,7606,6912,9161,7870,11873,43,43
2021-09-30T23:59:59+02:00,204,193,3828,3384,9559,6834,9105,6285,7926,8379,5320,5886,1832,2283,1167,1603,316,906,3247,2847,8476,6066,8264,5687,7307,7640,4901,5469,1708,2138,1091,1514,279,837,48114,42406,7598,6887,9161,7866,11772,43,43
2021-09-29T23:59:59+02:00,202,191,3809,3371,9514,6819,9088,6263,7914,8352,5311,5880,1830,2280,1166,1601,316,905,3228,2837,8442,6059,8248,5665,7296,7619,4891,5457,1708,2136,1091,1513,279,837,47984,42315,7592,6879,9161,7861,11709,43,43
2021-09-28T23:59:59+02:00,200,191,3794,3359,9476,6796,9057,6252,7889,8319,5302,5863,1829,2273,1166,1600,316,903,3209,2825,8416,6035,8225,5653,7271,7591,4882,5445,1708,2130,1091,1512,279,836,47849,42208,7589,6874,9161,7860,11619,43,43
2021-09-27T23:59:59+02:00,198,191,3772,3345,9440,6767,9032,6226,7872,8289,5288,5851,1825,2262,1165,1600,315,902,3184,2816,8373,6008,8196,5625,7249,7562,4869,5436,1705,2121,1091,1511,279,835,47727,42075,7575,6871,9161,7856,11510,43,43
2021-09-26T23:59:59+02:00,196,191,3760,3336,9421,6757,9021,6218,7859,8277,5284,5846,1820,2261,1163,1599,315,902,3173,2810,8352,6004,8185,5614,7235,7555,4861,5426,1701,2121,1091,1510,279,834,47662,42015,7571,6868,9160,7852,11466,43,43
2021-09-25T23:59:59+02:00,195,190,3753,3335,9411,6753,9017,6214,7854,8276,5282,5845,1820,2260,1163,1598,315,902,3166,2807,8344,6000,8181,5611,7232,7550,4860,5423,1700,2120,1090,1507,279,834,47644,41995,7569,6865,9160,7850,11443,43,43
2021-09-24T23:59:59+02:00,194,188,3734,3324,9380,6739,9001,6203,7832,8256,5274,5833,1819,2258,1163,1597,315,902,3152,2795,8318,5985,8169,5599,7210,7535,4853,5414,1700,2116,1090,1507,279,834,47555,41931,7567,6859,9160,7850,11362,43,43
2021-09-23T23:59:59+02:00,192,186,3697,3308,9320,6707,8950,6156,7790,8208,5254,5813,1813,2252,1161,1594,315,902,3129,2781,8266,5957,8122,5560,7168,7489,4834,5396,1691,2112,1089,1505,279,834,47393,41822,7557,6851,9160,7846,11137,43,43
2021-09-22T23:59:59+02:00,189,186,3676,3297,9294,6684,8922,6136,7756,8194,5238,5803,1811,2249,1160,1594,315,902,3106,2775,8237,5935,8097,5544,7138,7469,4819,5390,1689,2105,1087,1505,279,833,47268,41701,7552,6848,9158,7840,11056,43,43
2021-09-21T23:59:59+02:00,187,182,3655,3282,9265,6661,8875,6113,7723,8168,5223,5792,1810,2249,1160,1594,315,902,3083,2761,8200,5908,8052,5528,7102,7437,4802,5370,1687,2104,1086,1504,279,833,47135,41546,7545,6841,9158,7840,10944,43,43
2021-09-20T23:59:59+02:00,185,182,3628,3266,9225,6646,8840,6091,7687,8135,5216,5777,1806,2247,1160,1594,315,900,3062,2736,8157,5890,8014,5504,7067,7408,4794,5350,1684,2102,1085,1503,278,833,47000,41404,7542,6835,9158,7835,10822,43,43
2021-09-19T23:59:59+02:00,184,181,3611,3257,9195,6638,8826,6085,7681,8124,5208,5770,1805,2244,1159,1592,315,899,3055,2729,8128,5876,7995,5497,7052,7392,4786,5342,1683,2098,1084,1502,278,832,46936,41336,7535,6826,9158,7829,10765,43,43
2021-09-18T23:59:59+02:00,183,181,3607,3254,9189,6636,8819,6082,7678,8122,5206,5769,1805,2244,1159,1592,315,899,3048,2727,8118,5873,7984,5493,7046,7390,4782,5337,1683,2098,1084,1501,278,832,46921,41294,7533,6825,9157,7829,10749,43,43
2021-09-17T23:59:59+02:00,183,180,3588,3245,9151,6620,8790,6068,7659,8109,5197,5760,1804,2239,1157,1592,315,899,3032,2719,8077,5857,7954,5481,7023,7379,4774,5328,1683,2096,1083,1501,278,832,46828,41212,7526,6813,9155,7826,10666,43,43
2021-09-16T23:59:59+02:00,183,180,3562,3220,9096,6594,8743,6041,7623,8075,5177,5747,1802,2234,1155,1592,315,898,3020,2706,8037,5832,7921,5456,7002,7354,4761,5321,1681,2095,1083,1501,277,831,46621,41094,7501,6805,9154,7818,10578,43,43
2021-09-15T23:59:59+02:00,181,180,3538,3206,9064,6577,8713,6016,7596,8054,5171,5729,1799,2230,1152,1592,314,897,3003,2702,8011,5819,7894,5429,6969,7335,4745,5305,1679,2092,1083,1498,275,828,46472,40962,7495,6798,9154,7817,10502,43,43
2021-09-14T23:59:59+02:00,180,179,3518,3185,9020,6556,8667,5988,7569,8023,5159,5712,1797,2226,1151,1591,313,897,2983,2686,7969,5795,7854,5410,6943,7311,4730,5289,1678,2092,1082,1495,275,827,46311,40830,7485,6789,9154,7814,10393,43,43
2021-09-13T23:59:59+02:00,178,178,3503,3170,8980,6534,8637,5968,7551,7993,5144,5695,1795,2222,1151,1591,313,896,2969,2676,7938,5780,7837,5397,6934,7289,4721,5284,1677,2089,1082,1494,275,827,46150,40731,7465,6784,9153,7812,10341,43,43
2021-09-12T23:59:59+02:00,178,177,3485,3166,8955,6524,8626,5959,7540,7977,5136,5686,1794,2221,1150,1588,313,895,2955,2667,7912,5765,7827,5386,6917,7273,4717,5275,1673,2088,1082,1494,275,826,46065,40647,7463,6778,9153,7805,10298,43,43
2021-09-11T23:59:59+02:00,178,177,3482,3164,8947,6519,8622,5957,7539,7975,5134,5684,1793,2220,1149,1588,313,895,2953,2666,7903,5762,7823,5383,6916,7268,4717,5273,1673,2088,1082,1494,275,826,46048,40632,7461,6776,9151,7805,10283,43,43
2021-09-10T23:59:59+02:00,177,173,3454,3157,8921,6500,8604,5943,7513,7954,5122,5664,1789,2217,1148,1588,313,895,2939,2660,7878,5739,7805,5368,6893,7248,4702,5254,1672,2087,1082,1492,275,826,45963,40568,7458,6771,9151,7804,10166,43,43
2021-09-09T23:59:59+02:00,175,170,3435,3137,8874,6472,8568,5918,7491,7915,5106,5653,1786,2214,1148,1588,313,895,2925,2648,7844,5711,7779,5347,6870,7218,4689,5239,1671,2083,1082,1492,275,826,45787,40454,7450,6760,9151,7795,10075,43,42
2021-09-08T23:59:59+02:00,174,169,3416,3123,8840,6460,8542,5889,7472,7886,5091,5636,1782,2212,1147,1586,313,894,2908,2636,7801,5693,7743,5323,6842,7182,4677,5217,1670,2082,1081,1492,274,826,45681,40323,7442,6751,9148,7791,9962,43,42
2021-09-07T23:59:59+02:00,173,167,3395,3117,8822,6434,8513,5868,7451,7867,5076,5625,1782,2210,1146,1585,313,891,2891,2625,7772,5669,7718,5300,6824,7156,4664,5205,1667,2078,1080,1491,274,826,45550,40192,7439,6741,9148,7787,9897,43,42
2021-09-06T23:59:59+02:00,173,167,3375,3108,8791,6413,8488,5857,7431,7842,5067,5612,1778,2200,1144,1585,312,891,2872,2613,7746,5655,7693,5290,6807,7128,4657,5191,1661,2076,1080,1491,274,826,45419,40084,7437,6738,9147,7786,9829,43,42
2021-09-05T23:59:59+02:00,173,166,3361,3103,8782,6404,8476,5847,7428,7832,5060,5601,1775,2199,1144,1585,312,890,2861,2611,7730,5642,7682,5276,6800,7121,4647,5184,1658,2075,1080,1490,274,826,45365,40029,7435,6729,9146,7785,9790,43,42
2021-09-04T23:59:59+02:00,173,165,3356,3101,8779,6398,8469,5845,7425,7831,5060,5600,1774,2199,1144,1585,312,890,2857,2606,7726,5634,7675,5276,6795,7119,4646,5183,1655,2074,1079,1490,274,826,45348,40006,7435,6726,9146,7783,9775,43,42
2021-09-03T23:59:59+02:00,171,163,3342,3082,8745,6388,8450,5828,7407,7816,5047,5585,1771,2196,1144,1584,312,888,2839,2591,7697,5620,7654,5258,6776,7097,4633,5163,1651,2073,1079,1488,274,824,45263,39920,7424,6703,9146,7782,9682,43,42
2021-09-02T23:59:59+02:00,171,161,3319,3063,8695,6363,8409,5808,7386,7790,5034,5567,1766,2191,1142,1583,311,887,2822,2578,7647,5599,7620,5241,6751,7070,4624,5142,1647,2068,1077,1486,274,821,45129,39810,7413,6693,9144,7779,9553,43,41
2021-09-01T23:59:59+02:00,168,161,3302,3051,8655,6348,8382,5795,7366,7772,5023,5560,1765,2188,1141,1580,311,887,2806,2570,7601,5575,7587,5224,6723,7047,4613,5129,1644,2066,1076,1483,274,821,45016,39666,7400,6672,9144,7777,9485,43,41
2021-08-31T23:59:59+02:00,166,160,3286,3042,8612,6324,8361,5784,7348,7751,5016,5551,1762,2186,1140,1579,310,886,2791,2559,7557,5554,7565,5206,6699,7019,4601,5110,1640,2064,1075,1483,273,821,44914,39550,7395,6663,9144,7763,9398,43,41
2021-08-30T23:59:59+02:00,165,160,3259,3024,8572,6297,8318,5760,7311,7721,5003,5535,1758,2184,1139,1579,310,886,2761,2545,7510,5532,7528,5187,6665,6999,4590,5091,1636,2062,1074,1483,273,820,44756,39423,7394,6653,9143,7761,9273,43,41
2021-08-29T23:59:59+02:00,164,159,3247,3008,8546,6289,8299,5751,7303,7711,4995,5526,1757,2181,1139,1579,309,886,2738,2525,7476,5523,7509,5169,6652,6985,4579,5086,1634,2061,1073,1482,272,820,44685,39320,7389,6642,9143,7756,9214,43,41
2021-08-28T23:59:59+02:00,163,159,3241,3007,8540,6286,8294,5749,7296,7708,4995,5524,1757,2180,1139,1578,309,886,2732,2520,7470,5518,7504,5167,6647,6981,4576,5085,1634,2061,1073,1481,272,820,44667,39296,7389,6641,9143,7756,9194,43,41
2021-08-27T23:59:59+02:00,161,159,3231,3004,8522,6274,8272,5741,7276,7698,4983,5516,1757,2180,1139,1577,309,886,2719,2516,7452,5510,7483,5154,6632,6973,4566,5077,1634,2061,1072,1479,272,820,44603,39235,7388,6640,9142,7755,9132,43,41
2021-08-26T23:59:59+02:00,161,158,3205,2991,8483,6251,8236,5727,7253,7676,4970,5505,1755,2177,1139,1576,309,885,2696,2493,7413,5483,7434,5126,6597,6945,4542,5062,1628,2055,1072,1478,272,820,44464,39047,7382,6621,9142,7735,9042,43,41
2021-08-25T23:59:59+02:00,157,156,3182,2982,8445,6234,8201,5712,7228,7651,4957,5483,1752,2174,1139,1574,309,885,2659,2475,7362,5444,7385,5090,6560,6907,4525,5035,1627,2050,1071,1477,272,820,44351,38813,7377,6613,9142,7728,8923,43,41
2021-08-24T23:59:59+02:00,157,155,3176,2973,8426,6219,8183,5694,7212,7629,4947,5472,1749,2173,1138,1572,309,883,2639,2455,7329,5415,7352,5068,6534,6880,4509,5017,1627,2048,1070,1477,272,819,44276,38651,7373,6603,9142,7724,8847,43,41
2021-08-23T23:59:59+02:00,156,148,3152,2953,8380,6198,8139,5673,7182,7599,4933,5459,1749,2172,1136,1571,309,882,2613,2434,7283,5377,7312,5051,6499,6848,4494,5000,1623,2047,1070,1476,271,819,44135,38493,7362,6591,9139,7718,8720,43,41
2021-08-22T23:59:59+02:00,155,148,3141,2943,8365,6179,8124,5665,7163,7588,4926,5453,1748,2171,1135,1571,309,882,2599,2419,7251,5355,7288,5038,6480,6829,4490,4991,1620,2042,1069,1476,270,818,44060,38364,7354,6580,9139,7715,8675,43,41
2021-08-21T23:59:59+02:00,154,148,3133,2939,8354,6171,8114,5663,7158,7583,4924,5447,1747,2171,1135,1570,309,882,2590,2411,7233,5342,7268,5028,6468,6822,4482,4983,1619,2040,1068,1476,270,818,44013,38286,7351,6553,9139,7713,8658,43,41
2021-08-20T23:59:59+02:00,153,146,3123,2931,8329,6155,8084,5644,7139,7563,4912,5435,1745,2168,1135,1569,309,880,2561,2399,7189,5307,7234,4999,6433,6786,4466,4963,1613,2036,1067,1473,270,816,43943,38120,7342,6516,9138,7704,8554,43,41
2021-08-19T23:59:59+02:00,152,143,3103,2918,8286,6130,8045,5625,7119,7536,4899,5417,1739,2165,1134,1567,309,879,2515,2380,7108,5256,7174,4963,6386,6728,4436,4931,1609,2032,1067,1472,270,816,43814,37793,7330,6486,9136,7693,8438,43,41
2021-08-18T23:59:59+02:00,151,141,3090,2911,8261,6113,8015,5612,7087,7518,4887,5408,1734,2163,1134,1567,308,878,2489,2363,7042,5222,7118,4928,6344,6695,4413,4908,1604,2028,1065,1471,270,816,43704,37555,7325,6434,9136,7685,8363,43,41
2021-08-17T23:59:59+02:00,151,141,3073,2900,8238,6086,7987,5599,7073,7496,4876,5396,1731,2161,1133,1566,307,878,2462,2343,6985,5176,7075,4893,6316,6655,4395,4888,1596,2023,1064,1467,269,816,43583,37287,7319,6399,9135,7679,8304,43,41
2021-08-16T23:59:59+02:00,149,140,3062,2889,8217,6069,7968,5593,7061,7481,4863,5383,1730,2160,1132,1566,307,878,2431,2315,6912,5133,7007,4857,6268,6612,4364,4861,1594,2021,1061,1466,269,816,43494,36918,7314,6385,9135,7667,8252,43,41
2021-08-15T23:59:59+02:00,148,139,3054,2875,8191,6059,7952,5580,7043,7467,4858,5373,1728,2157,1132,1565,307,878,2399,2279,6852,5103,6969,4829,6228,6583,4352,4849,1590,2015,1060,1464,269,816,43401,36640,7307,6364,9134,7662,8210,43,41
2021-08-14T23:59:59+02:00,147,139,3048,2868,8180,6055,7943,5579,7042,7465,4854,5371,1726,2156,1132,1564,307,878,2390,2271,6826,5091,6956,4819,6220,6570,4333,4840,1587,2012,1060,1462,269,815,43380,36546,7306,6351,9134,7661,8180,43,41
2021-08-13T23:59:59+02:00,147,138,3034,2864,8160,6046,7933,5566,7028,7454,4846,5364,1726,2152,1131,1563,307,878,2354,2248,6780,5061,6917,4792,6179,6542,4322,4825,1586,2008,1059,1462,269,815,43315,36309,7305,6336,9134,7660,8126,43,41
2021-08-12T23:59:59+02:00,145,133,3016,2855,8129,6024,7903,5548,7006,7430,4832,5350,1724,2150,1128,1561,307,878,2316,2214,6692,5013,6865,4755,6132,6493,4297,4795,1583,2005,1056,1461,269,815,43213,35999,7297,6309,9133,7638,8018,41,41
2021-08-11T23:59:59+02:00,143,130,3000,2838,8089,5999,7883,5538,6984,7409,4821,5336,1722,2148,1128,1560,306,878,2289,2183,6610,4957,6790,4714,6075,6431,4276,4756,1578,1997,1056,1459,269,813,43089,35585,7286,6278,9128,7631,7950,41,41
2021-08-10T23:59:59+02:00,143,129,2982,2828,8058,5986,7857,5519,6955,7394,4803,5327,1719,2148,1128,1558,306,877,2217,2127,6499,4898,6704,4646,5986,6365,4229,4731,1569,1989,1054,1457,269,812,42983,34990,7276,6255,9126,7617,7871,41,41
2021-08-09T23:59:59+02:00,140,129,2962,2821,8029,5966,7833,5509,6931,7375,4794,5316,1718,2147,1128,1558,306,876,2154,2069,6399,4828,6607,4603,5916,6310,4201,4698,1563,1979,1053,1456,269,812,42900,34508,7270,6205,9126,7594,7779,41,41
2021-08-08T23:59:59+02:00,140,128,2949,2815,8013,5956,7817,5497,6922,7367,4788,5312,1715,2147,1128,1558,306,876,2129,2042,6339,4792,6566,4576,5878,6288,4189,4681,1554,1975,1052,1454,269,812,42845,34276,7267,6161,9123,7586,7735,41,41
2021-08-07T23:59:59+02:00,139,127,2942,2808,7993,5943,7803,5490,6916,7357,4783,5307,1713,2147,1127,1558,306,876,2098,2021,6261,4743,6511,4542,5845,6251,4172,4667,1550,1974,1052,1451,269,812,42787,33962,7262,6133,9123,7576,7699,41,41
2021-08-06T23:59:59+02:00,139,126,2931,2800,7966,5932,7772,5468,6896,7336,4772,5293,1708,2145,1127,1557,306,876,2059,1986,6164,4670,6438,4507,5805,6213,4151,4646,1547,1970,1051,1448,269,812,42725,33619,7245,6105,9123,7559,7592,41,41
2021-08-05T23:59:59+02:00,138,125,2906,2783,7942,5913,7735,5448,6873,7314,4753,5270,1704,2142,1125,1553,306,875,2018,1939,6037,4562,6330,4447,5736,6149,4114,4606,1540,1962,1048,1446,269,812,42596,33133,7237,6018,9121,7502,7482,41,41
2021-08-04T23:59:59+02:00,135,121,2865,2763,7874,5882,7698,5423,6845,7282,4735,5255,1700,2138,1122,1552,306,875,1960,1907,5917,4496,6208,4394,5669,6082,4086,4568,1530,1955,1043,1443,269,811,42388,32647,7224,5968,9121,7469,7357,41,41
2021-08-03T23:59:59+02:00,133,120,2850,2745,7847,5870,7662,5407,6823,7256,4723,5241,1696,2137,1121,1549,306,875,1927,1877,5819,4434,6102,4342,5600,6024,4046,4527,1525,1948,1042,1441,269,811,42255,32175,7219,5924,9120,7445,7285,41,41
2021-08-02T23:59:59+02:00,133,120,2827,2722,7816,5848,7638,5396,6801,7240,4706,5230,1695,2133,1120,1549,305,875,1903,1842,5695,4343,5990,4281,5533,5970,4001,4493,1519,1935,1041,1438,268,810,42120,31615,7212,5883,9119,7427,7219,41,41
2021-08-01T23:59:59+02:00,133,119,2812,2706,7787,5827,7624,5380,6789,7232,4701,5223,1694,2132,1118,1549,305,875,1884,1823,5620,4299,5930,4238,5489,5948,3986,4473,1517,1932,1039,1435,268,810,42030,31327,7200,5855,9118,7406,7172,41,41
2021-07-31T23:59:59+02:00,131,118,2804,2698,7773,5820,7616,5376,6783,7223,4700,5221,1693,2131,1118,1549,305,875,1846,1781,5522,4235,5865,4192,5437,5910,3960,4449,1512,1929,1039,1434,268,810,41989,30847,7198,5843,9118,7402,7143,41,41
2021-07-30T23:59:59+02:00,129,116,2794,2690,7749,5804,7604,5359,6766,7209,4693,5213,1692,2130,1118,1548,305,875,1824,1759,5442,4198,5801,4139,5380,5864,3934,4430,1508,1927,1038,1431,268,810,41912,30493,7186,5817,9118,7391,7089,41,41
2021-07-29T23:59:59+02:00,127,114,2759,2673,7697,5762,7564,5316,6737,7168,4668,5193,1691,2125,1116,1547,305,875,1785,1730,5320,4100,5671,4065,5290,5778,3885,4379,1501,1918,1035,1429,268,810,41710,29923,7171,5762,9112,7352,6948,41,41
2021-07-28T23:59:59+02:00,125,112,2741,2659,7667,5735,7537,5289,6714,7146,4654,5179,1687,2123,1115,1545,304,874,1748,1684,5224,4029,5555,3994,5205,5705,3847,4346,1489,1911,1033,1427,268,809,41537,29365,7161,5703,9108,7310,6904,41,41
2021-07-27T23:59:59+02:00,120,110,2725,2639,7629,5719,7506,5270,6695,7128,4643,5167,1687,2122,1115,1544,303,874,1704,1656,5092,3950,5431,3913,5114,5637,3808,4294,1482,1900,1032,1424,267,809,41419,28791,7144,5621,9107,7267,6830,41,41
2021-07-26T23:59:59+02:00,118,108,2702,2623,7594,5693,7474,5250,6672,7107,4637,5156,1685,2122,1113,1543,303,874,1659,1602,4955,3882,5329,3845,5041,5567,3747,4260,1479,1888,1031,1418,267,808,41274,28218,7122,5551,9104,7218,6773,41,41
2021-07-25T23:59:59+02:00,112,106,2687,2609,7557,5674,7447,5242,6653,7089,4628,5152,1683,2119,1112,1541,303,873,1636,1575,4896,3835,5271,3815,4993,5532,3714,4236,1475,1884,1030,1418,267,808,41140,27930,7114,5519,9102,7184,6724,41,41
2021-07-24T23:59:59+02:00,112,104,2673,2599,7530,5663,7423,5226,6640,7076,4618,5148,1682,2116,1112,1541,303,873,1616,1553,4849,3815,5200,3768,4951,5508,3694,4228,1474,1882,1029,1416,267,807,41065,27736,7092,5431,9101,7183,6672,41,41
2021-07-23T23:59:59+02:00,110,102,2649,2578,7482,5642,7399,5201,6603,7052,4598,5137,1680,2112,1110,1541,303,873,1557,1523,4709,3709,5070,3696,4878,5438,3642,4198,1472,1873,1028,1411,266,807,40896,27084,7085,5404,9099,7162,6576,41,41
2021-07-22T23:59:59+02:00,110,99,2618,2551,7409,5597,7347,5163,6557,7005,4563,5113,1673,2105,1109,1540,303,872,1504,1482,4544,3633,4918,3615,4724,5356,3561,4144,1459,1864,1023,1409,266,806,40594,26425,7062,5263,9088,7094,6463,41,41
2021-07-21T23:59:59+02:00,109,95,2591,2535,7345,5565,7297,5123,6499,6965,4542,5090,1666,2099,1109,1537,303,870,1468,1437,4424,3551,4784,3550,4620,5249,3490,4102,1448,1852,1021,1408,266,804,40349,25950,7022,5056,9082,7033,6354,41,40
2021-07-20T23:59:59+02:00,109,95,2570,2511,7293,5531,7261,5094,6461,6924,4515,5071,1662,2095,1109,1536,303,870,1435,1405,4307,3484,4697,3497,4521,5168,3436,4070,1443,1843,1020,1407,266,803,40105,25469,7012,4981,9080,6979,6275,41,40
2021-07-19T23:59:59+02:00,108,95,2550,2487,7239,5494,7216,5073,6417,6892,4496,5055,1656,2089,1107,1533,303,869,1412,1378,4233,3437,4612,3462,4446,5105,3400,4042,1437,1837,1016,1404,264,802,39825,25151,7001,4856,9078,6939,6233,41,40
2021-07-18T23:59:59+02:00,108,93,2523,2462,7175,5458,7181,5045,6381,6853,4479,5045,1650,2084,1106,1533,302,868,1393,1353,4185,3398,4574,3431,4398,5081,3366,4029,1431,1828,1015,1404,264,800,39541,24948,6986,4777,9072,6913,6200,41,39
2021-07-17T23:59:59+02:00,103,91,2511,2448,7155,5445,7163,5029,6361,6839,4457,5034,1645,2083,1106,1532,302,866,1381,1340,4150,3365,4524,3409,4356,5051,3336,4017,1424,1825,1015,1402,264,800,39434,24777,6976,4721,9070,6904,6141,41,39
2021-07-16T23:59:59+02:00,103,88,2476,2428,7097,5410,7103,4989,6318,6796,4430,5006,1639,2077,1105,1531,302,866,1338,1313,4053,3312,4433,3366,4274,4995,3275,3970,1411,1816,1009,1400,264,799,39254,24429,6954,4688,9063,6839,5938,41,39
2021-07-15T23:59:59+02:00,101,84,2431,2401,7029,5374,7047,4951,6272,6743,4412,4980,1636,2072,1103,1528,300,866,1284,1279,3859,3203,4244,3265,4131,4899,3210,3904,1402,1808,1005,1396,262,799,38937,23729,6936,4448,9058,6775,5837,41,39
2021-07-14T23:59:59+02:00,100,81,2397,2385,6961,5342,6977,4917,6218,6696,4390,4957,1628,2065,1101,1526,300,866,1238,1236,3737,3113,4140,3199,4021,4833,3163,3861,1390,1798,1004,1393,262,799,38626,23225,6916,4344,9056,6704,5741,41,39
2021-07-13T23:59:59+02:00,96,78,2363,2358,6907,5312,6913,4879,6177,6647,4368,4939,1618,2060,1099,1526,300,866,1205,1197,3632,3023,4016,3128,3933,4744,3111,3801,1361,1791,1001,1388,260,797,38305,22722,6909,4209,9053,6602,5666,41,39
2021-07-12T23:59:59+02:00,91,78,2337,2335,6842,5270,6846,4836,6126,6606,4341,4914,1613,2057,1096,1526,300,866,1172,1175,3523,2936,3903,3058,3831,4665,3059,3755,1348,1781,996,1380,260,797,37974,22260,6895,4079,9050,6517,5581,41,38
2021-07-11T23:59:59+02:00,85,75,2324,2323,6806,5245,6817,4814,6098,6588,4331,4906,1610,2053,1094,1526,299,866,1158,1158,3475,2891,3843,3022,3778,4637,3037,3741,1338,1768,993,1376,260,797,37862,22071,6875,4040,9045,6457,5496,41,38
2021-07-10T23:59:59+02:00,84,74,2295,2290,6726,5204,6753,4776,6049,6553,4307,4895,1607,2050,1094,1523,299,865,1135,1137,3418,2851,3795,2992,3741,4606,3020,3729,1332,1761,993,1374,260,797,37616,21888,6849,4039,9031,6442,5357,41,38
2021-07-09T23:59:59+02:00,82,71,2267,2270,6659,5171,6707,4754,6002,6521,4289,4872,1605,2044,1094,1522,299,865,1110,1121,3369,2802,3744,2951,3691,4569,2993,3701,1329,1745,991,1373,260,797,37392,21653,6821,4006,9019,6388,5264,41,38
2021-07-08T23:59:59+02:00,77,68,2219,2229,6571,5103,6610,4703,5936,6456,4252,4837,1598,2035,1092,1518,299,865,1037,1070,3203,2711,3551,2871,3511,4475,2922,3637,1314,1729,988,1364,259,796,37070,21153,6748,3716,8986,6248,5060,41,38
2021-07-07T23:59:59+02:00,77,67,2147,2183,6463,5029,6507,4650,5865,6398,4221,4790,1591,2026,1089,1513,299,865,982,1035,3051,2627,3373,2787,3351,4371,2867,3574,1298,1699,979,1354,259,793,36586,20581,6709,3471,8965,6166,4905,41,38
2021-07-06T23:59:59+02:00,74,67,2100,2143,6356,4979,6417,4603,5811,6330,4181,4756,1584,2021,1086,1508,299,865,945,993,2935,2521,3285,2727,3276,4280,2815,3517,1272,1668,975,1346,259,793,36140,20073,6660,3357,8949,6081,4806,41,38
2021-07-05T23:59:59+02:00,71,67,2033,2102,6218,4911,6302,4565,5742,6272,4142,4719,1579,2014,1084,1506,299,863,902,956,2827,2450,3203,2682,3201,4213,2771,3463,1251,1651,969,1336,259,789,35653,19686,6615,3281,8924,5996,4658,41,37
2021-07-04T23:59:59+02:00,71,66,1990,2058,6137,4870,6264,4535,5699,6252,4125,4697,1576,2012,1084,1504,299,862,861,929,2763,2402,3166,2657,3169,4178,2750,3442,1237,1630,967,1335,258,789,35444,19538,6576,3224,8900,5922,4539,41,37
2021-07-03T23:59:59+02:00,68,53,1894,1977,5919,4707,6112,4450,5615,6165,4078,4664,1573,2008,1083,1500,299,862,822,900,2693,2354,3109,2629,3129,4130,2720,3411,1231,1625,966,1331,258,787,34612,19343,6542,3221,8892,5897,4322,41,37
2021-07-02T23:59:59+02:00,59,45,1857,1940,5846,4666,6069,4421,5595,6138,4063,4646,1572,2001,1081,1499,298,862,800,874,2620,2301,3041,2584,3084,4079,2689,3374,1211,1608,962,1325,258,785,34335,19028,6507,3192,8887,5795,4262,41,37
2021-07-01T23:59:59+02:00,54,38,1809,1904,5740,4593,5988,4370,5516,6071,4036,4616,1569,1995,1080,1498,298,861,726,829,2426,2220,2855,2494,2900,3959,2589,3283,1187,1584,951,1310,258,783,33915,18225,6459,2975,8872,5692,4118,41,37
2021-06-30T23:59:59+02:00,54,36,1759,1849,5621,4514,5888,4321,5456,6022,4022,4591,1565,1987,1078,1495,298,861,691,792,2318,2147,2741,2438,2789,3866,2522,3205,1163,1557,943,1300,257,782,33483,17746,6398,2850,8857,5557,3995,41,37
2021-06-29T23:59:59+02:00,52,34,1699,1765,5507,4432,5786,4262,5404,5963,3993,4561,1557,1982,1077,1494,298,860,659,741,2230,2066,2666,2374,2687,3747,2465,3153,1150,1523,930,1290,257,779,32945,17246,6363,2779,8849,5440,3873,40,37
2021-06-28T23:59:59+02:00,51,33,1663,1707,5385,4368,5718,4211,5356,5922,3964,4535,1555,1973,1076,1492,298,860,646,713,2130,1999,2587,2314,2614,3662,2412,3103,1135,1505,923,1284,257,777,32522,16901,6302,2634,8838,5340,3795,40,37
2021-06-27T23:59:59+02:00,51,32,1632,1677,5333,4329,5675,4180,5310,5908,3951,4523,1552,1969,1076,1491,298,860,628,695,2078,1959,2543,2287,2568,3623,2381,3084,1128,1493,922,1274,257,777,32331,16749,6270,2576,8815,5256,3720,40,37
2021-06-26T23:59:59+02:00,44,27,1601,1651,5263,4281,5583,4136,5269,5874,3932,4508,1552,1967,1076,1489,298,860,621,684,2045,1931,2508,2265,2550,3597,2358,3066,1110,1483,921,1272,257,777,31968,16516,6186,2571,8815,5238,3720,40,37
2021-06-25T23:59:59+02:00,38,21,1562,1613,5160,4208,5527,4109,5232,5850,3908,4498,1549,1964,1074,1488,297,860,611,660,1991,1903,2442,2196,2451,3464,2316,2963,1098,1461,918,1268,256,776,31544,16044,6156,2542,8814,5057,3717,40,37
2021-06-24T23:59:59+02:00,22,17,1508,1560,4975,4097,5397,4053,5130,5807,3869,4471,1545,1960,1074,1487,296,860,572,639,1879,1830,2262,2124,2279,3380,2211,2868,1066,1439,910,1262,255,773,30887,15527,6097,2213,8804,4974,3601,40,37
2021-06-23T23:59:59+02:00,21,17,1475,1514,4889,4043,5317,3995,5082,5763,3847,4436,1536,1954,1071,1484,295,860,541,616,1805,1767,2151,2070,2159,3289,2108,2780,1042,1417,905,1254,253,772,30445,14953,6043,2134,8800,4831,3565,40,37
2021-06-22T23:59:59+02:00,21,17,1447,1496,4816,3978,5232,3947,5037,5718,3821,4413,1531,1948,1070,1482,295,860,524,594,1739,1720,2059,2018,2072,3181,2004,2691,1028,1394,895,1242,253,767,30033,14523,5999,1998,8795,4661,3539,40,36
2021-06-21T23:59:59+02:00,20,17,1417,1454,4696,3886,5151,3902,4969,5657,3791,4391,1527,1935,1068,1477,294,858,508,578,1700,1676,2023,1976,2022,3099,1939,2607,1008,1365,873,1222,253,764,29485,14221,5956,1901,8793,4521,3501,40,36
2021-06-20T23:59:59+02:00,19,15,1390,1421,4620,3818,5101,3882,4934,5636,3768,4380,1524,1934,1067,1477,293,858,492,561,1670,1646,1999,1952,1992,3071,1898,2570,1000,1350,871,1216,253,763,29186,14039,5920,1862,8780,4458,3467,40,35
2021-06-19T23:59:59+02:00,18,14,1375,1402,4579,3786,5076,3857,4904,5611,3749,4367,1519,1932,1067,1476,293,858,483,557,1650,1625,1980,1926,1977,3045,1872,2532,991,1343,867,1215,251,762,29004,13861,5856,1831,8780,4451,3449,40,34
2021-06-18T23:59:59+02:00,13,10,1350,1385,4507,3744,5025,3813,4854,5573,3724,4355,1515,1929,1065,1474,293,858,467,548,1630,1608,1950,1895,1931,2996,1821,2475,978,1328,865,1211,250,760,28666,13552,5809,1827,8779,4404,3435,40,34
2021-06-17T23:59:59+02:00,9,9,1310,1346,4340,3666,4835,3734,4680,5486,3669,4310,1509,1926,1065,1473,292,858,428,527,1527,1573,1765,1834,1772,2899,1718,2393,957,1309,854,1200,248,758,28046,13079,5753,1717,8772,4318,3138,39,34
2021-06-16T23:59:59+02:00,9,8,1279,1315,4235,3580,4736,3680,4576,5421,3624,4283,1503,1922,1064,1469,292,857,409,505,1464,1535,1704,1801,1691,2813,1659,2317,940,1282,844,1185,248,755,27551,12661,5638,1646,8760,4241,3085,39,34
2021-06-15T23:59:59+02:00,9,8,1243,1280,4098,3495,4664,3620,4499,5350,3581,4251,1493,1915,1059,1467,292,856,396,485,1409,1482,1652,1756,1623,2757,1589,2248,923,1253,839,1174,247,754,26992,12324,5601,1561,8745,4171,3005,39,34
2021-06-14T23:59:59+02:00,9,6,1215,1242,4007,3440,4580,3566,4416,5277,3527,4220,1489,1907,1058,1462,290,854,387,474,1362,1448,1602,1722,1571,2693,1533,2196,913,1228,835,1167,246,751,26517,12070,5506,1488,8741,4086,2951,38,33
2021-06-13T23:59:59+02:00,9,6,1199,1225,3958,3400,4532,3525,4365,5233,3506,4204,1488,1901,1058,1461,290,853,380,466,1329,1430,1565,1697,1531,2656,1500,2155,895,1207,832,1157,246,749,26260,11886,5469,1465,8735,4012,2892,38,33
2021-06-12T23:59:59+02:00,9,5,1184,1197,3928,3378,4502,3501,4347,5218,3491,4194,1486,1898,1057,1460,290,852,375,464,1316,1411,1542,1672,1509,2634,1475,2136,887,1197,822,1154,246,748,26065,11743,5458,1465,8733,3951,2880,38,32
2021-06-11T23:59:59+02:00,8,5,1164,1183,3888,3331,4431,3472,4306,5180,3461,4182,1485,1896,1056,1457,290,851,363,450,1294,1371,1514,1651,1463,2592,1428,2094,877,1183,818,1148,246,747,25759,11498,5429,1457,8730,3871,2858,38,32
2021-06-10T23:59:59+02:00,8,4,1099,1129,3764,3247,4294,3390,4207,5114,3406,4145,1480,1889,1054,1456,290,851,343,433,1229,1332,1447,1591,1398,2520,1340,1996,850,1151,814,1138,245,744,25148,11068,5287,1444,8711,3709,2782,38,31
2021-06-09T23:59:59+02:00,7,2,1049,1091,3620,3140,4156,3328,4116,5036,3358,4103,1475,1883,1052,1453,290,851,326,413,1168,1289,1383,1555,1341,2438,1259,1930,824,1097,807,1124,244,742,24645,10762,5101,1384,8702,3569,2642,38,31
2021-06-08T23:59:59+02:00,6,2,994,1054,3484,3045,4035,3247,4005,4952,3308,4072,1468,1879,1049,1450,289,849,311,393,1122,1250,1326,1520,1281,2380,1212,1857,804,1063,796,1108,240,739,24076,10522,4957,1334,8691,3430,2523,38,30
2021-06-07T23:59:59+02:00,5,2,966,1025,3371,2965,3898,3212,3882,4882,3255,4046,1453,1874,1048,1448,289,848,304,387,1078,1210,1269,1499,1233,2328,1144,1803,791,1042,783,1092,238,735,23676,10353,4771,1298,8684,3299,2383,38,30
2021-06-06T23:59:59+02:00,5,2,943,1014,3308,2930,3819,3164,3814,4853,3224,4031,1451,1868,1045,1447,288,848,296,376,1062,1183,1238,1470,1211,2270,1117,1744,778,1027,776,1084,238,732,23464,10242,4635,1244,8671,3189,2317,38,30
2021-06-05T23:59:59+02:00,5,2,931,996,3239,2868,3765,3134,3778,4829,3214,4027,1450,1866,1045,1447,288,847,289,365,1044,1163,1219,1454,1186,2241,1085,1722,764,1004,774,1081,238,732,23182,10077,4629,1240,8667,3145,2279,38,29
2021-06-04T23:59:59+02:00,3,2,903,975,3192,2811,3692,3096,3714,4776,3188,4007,1446,1862,1043,1447,288,847,277,357,1019,1131,1197,1439,1162,2202,1056,1695,748,983,768,1076,238,730,22861,9940,4583,1235,8663,3084,2195,38,29
2021-06-03T23:59:59+02:00,3,2,859,940,3032,2716,3508,2989,3539,4660,3096,3931,1437,1852,1039,1442,288,847,266,347,988,1091,1142,1384,1095,2118,994,1637,709,945,760,1063,238,729,22169,9723,4344,1217,8646,2921,2008,38,29
2021-06-02T23:59:59+02:00,3,2,834,928,2962,2652,3452,2948,3476,4602,3054,3905,1435,1847,1039,1441,288,847,253,338,963,1069,1102,1366,1052,2080,943,1592,696,913,757,1058,238,728,21814,9511,4325,1203,8646,2885,1904,38,29
2021-06-01T23:59:59+02:00,3,2,787,895,2810,2538,3270,2855,3309,4496,2995,3843,1424,1840,1036,1436,288,847,242,324,882,1011,1013,1310,970,1972,894,1513,665,860,751,1049,238,722,21202,9225,4114,1168,8635,2691,1669,38,28
2021-05-31T23:59:59+02:00,3,2,749,867,2686,2449,3132,2757,3202,4405,2942,3790,1418,1828,1035,1432,288,846,229,308,843,969,949,1258,926,1895,854,1454,645,836,745,1044,236,719,20790,9054,3875,1152,8616,2555,1475,38,28
2021-05-30T23:59:59+02:00,3,2,738,855,2628,2403,3066,2718,3152,4364,2924,3769,1414,1822,1035,1431,288,845,219,291,802,927,897,1217,887,1835,831,1400,631,820,741,1034,236,718,20640,8956,3813,1144,8604,2386,1318,38,28
2021-05-29T23:59:59+02:00,3,2,736,852,2609,2387,3043,2706,3133,4347,2916,3760,1412,1821,1035,1431,288,845,215,280,796,914,877,1189,870,1789,817,1368,617,800,739,1029,235,718,20514,8865,3811,1143,8601,2244,1317,37,28
2021-05-28T23:59:59+02:00,3,2,728,840,2570,2346,2998,2678,3110,4324,2906,3745,1412,1818,1033,1426,288,845,211,271,784,897,865,1165,854,1749,785,1328,600,771,735,1021,234,716,20265,8687,3802,1138,8599,2157,1313,37,28
2021-05-27T23:59:59+02:00,3,2,681,817,2443,2283,2865,2608,2965,4248,2822,3696,1403,1807,1032,1424,287,843,196,255,721,844,783,1110,767,1657,722,1246,576,738,726,1005,233,714,19775,8484,3667,1100,8565,1897,1111,37,27
2021-05-26T23:59:59+02:00,3,2,647,782,2333,2212,2699,2543,2839,4184,2771,3646,1393,1796,1030,1417,285,838,187,233,679,804,735,1076,725,1588,683,1188,560,712,708,972,232,711,19353,8261,3420,1089,8538,1758,979,37,27
2021-05-25T23:59:59+02:00,3,2,625,763,2240,2150,2598,2500,2740,4103,2724,3609,1382,1788,1027,1413,285,836,178,220,656,775,700,1041,688,1530,635,1126,543,694,689,945,231,709,18986,8051,3240,1054,8496,1623,925,36,24
2021-05-24T23:59:59+02:00,3,2,610,739,2181,2109,2522,2466,2670,4047,2665,3567,1369,1781,1021,1412,285,835,173,212,634,757,673,1009,654,1474,609,1073,526,680,682,941,231,709,18788,7960,3057,1043,8462,1502,825,36,23
2021-05-23T23:59:59+02:00,3,2,606,738,2163,2095,2509,2451,2660,4031,2654,3554,1366,1779,1021,1410,285,835,171,211,628,749,665,1003,638,1460,602,1066,523,672,677,935,230,706,18667,7879,3054,1037,8462,1490,824,36,22
2021-05-22T23:59:59+02:00,3,2,599,725,2138,2072,2472,2429,2639,3998,2622,3526,1358,1775,1021,1408,285,834,169,203,619,746,660,993,626,1454,597,1060,513,664,671,923,230,706,18418,7817,3053,1037,8459,1455,815,36,22
2021-05-21T23:59:59+02:00,3,2,584,710,2048,2035,2387,2376,2570,3951,2581,3480,1351,1761,1019,1406,285,833,169,200,613,737,650,984,614,1442,582,1040,502,638,664,917,230,704,17929,7734,3025,1036,8439,1394,812,36,22
2021-05-20T23:59:59+02:00,3,2,552,689,1921,1964,2255,2298,2440,3850,2502,3397,1336,1745,1017,1401,285,831,160,189,579,699,618,945,584,1385,558,978,478,607,659,908,230,703,17280,7611,2898,1025,8365,1180,743,36,22
2021-05-19T23:59:59+02:00,2,2,516,654,1808,1880,2108,2225,2298,3749,2398,3301,1319,1726,1009,1398,283,831,146,182,552,675,585,909,552,1333,532,918,464,587,649,885,229,701,16509,7462,2827,1008,8323,1079,622,36,22
2021-05-18T23:59:59+02:00,2,1,488,633,1727,1804,2006,2168,2188,3629,2306,3210,1308,1707,1002,1391,283,827,139,173,528,646,562,877,536,1256,513,857,448,563,642,871,228,698,15993,7346,2661,970,8266,967,519,36,22
2021-05-17T23:59:59+02:00,2,0,468,619,1669,1768,1953,2118,2115,3518,2249,3133,1290,1687,995,1384,283,825,133,165,511,631,554,839,526,1195,498,803,431,532,640,863,228,696,15692,7272,2509,940,8200,867,423,36,22
2021-05-16T23:59:59+02:00,2,0,463,618,1643,1742,1916,2091,2074,3469,2195,3076,1276,1678,993,1380,283,824,129,162,502,610,543,824,512,1149,480,766,406,503,637,858,228,695,15519,7216,2439,912,8158,780,345,36,22
2021-05-15T23:59:59+02:00,2,0,458,613,1616,1724,1897,2071,2053,3445,2171,3038,1268,1677,992,1378,282,824,128,159,498,609,542,821,507,1145,474,756,402,501,634,856,228,695,15315,7184,2438,911,8150,769,340,34,22
2021-05-14T23:59:59+02:00,2,0,440,599,1585,1690,1854,2030,1975,3376,2129,2993,1260,1667,990,1378,280,824,126,154,493,594,523,796,488,1113,460,740,386,484,629,851,228,693,14946,7124,2396,895,8129,665,318,34,22
2021-05-13T23:59:59+02:00,1,0,414,578,1523,1637,1744,1977,1855,3290,2063,2901,1236,1650,983,1376,278,820,121,151,481,586,514,780,482,1097,447,728,370,457,619,826,228,689,14509,7043,2153,856,8073,629,289,34,22
2021-05-12T23:59:59+02:00,1,0,407,573,1503,1628,1729,1968,1830,3267,2048,2887,1234,1644,979,1374,278,820,121,149,478,586,513,774,479,1092,445,722,365,445,618,820,228,688,14380,7001,2129,847,8066,628,287,33,22
2021-05-11T23:59:59+02:00,1,0,388,553,1427,1589,1623,1927,1719,3174,1944,2816,1220,1619,974,1365,278,820,114,140,463,554,491,746,460,1060,417,701,345,417,608,814,228,688,13976,6904,1952,818,7955,533,224,33,22
2021-05-10T23:59:59+02:00,1,0,373,538,1382,1557,1569,1894,1647,3108,1886,2749,1213,1605,970,1359,278,817,114,137,456,549,482,725,452,1037,412,681,336,404,606,808,228,687,13705,6856,1868,810,7832,481,199,33,21
2021-05-09T23:59:59+02:00,1,0,367,527,1337,1532,1536,1873,1603,3071,1825,2708,1200,1592,968,1354,278,816,109,134,449,540,472,717,442,1027,402,670,326,393,601,803,228,686,13464,6819,1812,799,7783,429,179,33,20
2021-05-08T23:59:59+02:00,1,0,361,522,1323,1511,1506,1853,1580,3045,1795,2687,1193,1584,965,1353,277,816,108,134,448,540,470,716,441,1022,402,663,325,392,597,795,228,686,13252,6804,1806,793,7780,417,178,33,20
2021-05-07T23:59:59+02:00,1,0,350,515,1295,1483,1452,1834,1517,2985,1746,2637,1187,1576,964,1348,277,813,105,131,436,526,457,689,429,987,386,639,323,373,584,782,228,684,12981,6755,1777,769,7715,315,142,33,18
2021-05-06T23:59:59+02:00,1,0,327,502,1199,1439,1339,1777,1376,2870,1614,2544,1156,1544,962,1337,277,811,102,126,422,510,445,671,416,964,373,620,313,356,572,770,228,682,12488,6693,1587,752,7492,230,116,31,17
2021-05-05T23:59:59+02:00,1,0,313,487,1159,1407,1293,1737,1310,2801,1536,2465,1139,1521,956,1322,277,806,101,122,411,499,441,659,408,954,368,602,296,345,554,751,228,681,12072,6621,1524,732,7426,181,108,31,15
2021-05-04T23:59:59+02:00,1,0,303,477,1113,1375,1254,1711,1265,2755,1483,2405,1122,1491,951,1312,276,802,97,119,401,487,438,652,397,935,360,585,283,330,543,731,228,681,11750,6546,1461,704,7383,143,96,31,14
2021-05-03T23:59:59+02:00,1,0,297,471,1081,1351,1219,1693,1234,2721,1442,2366,1106,1464,945,1306,275,797,90,115,389,481,429,644,390,927,350,577,271,322,526,715,227,679,11506,6468,1437,697,7343,121,67,31,13
2021-05-02T23:59:59+02:00,1,0,292,470,1067,1337,1186,1676,1209,2702,1431,2344,1097,1450,943,1305,275,794,88,114,382,474,425,639,385,920,347,574,266,314,508,705,227,679,11376,6429,1422,680,7309,107,50,30,12
2021-05-01T23:59:59+02:00,1,0,288,465,1058,1329,1174,1662,1195,2689,1414,2327,1091,1445,940,1303,275,793,88,113,382,473,422,639,383,916,347,573,264,314,508,705,227,679,11242,6420,1421,680,7308,104,49,30,11
2021-04-30T23:59:59+02:00,1,0,284,456,1046,1305,1154,1643,1167,2628,1360,2273,1078,1430,934,1299,275,790,86,111,381,468,418,632,381,891,343,563,259,308,506,700,227,678,10945,6406,1416,671,7305,77,19,30,10
2021-04-29T23:59:59+02:00,1,0,269,442,993,1275,1114,1603,1122,2572,1266,2204,1035,1387,929,1290,274,788,86,107,376,466,414,627,373,879,334,554,251,298,495,690,226,674,10472,6346,1377,650,7244,54,18,29,10
2021-04-28T23:59:59+02:00,1,0,258,436,976,1257,1087,1589,1089,2531,1201,2150,1004,1334,921,1288,274,786,82,104,370,461,410,619,370,871,330,541,237,283,483,676,225,673,10185,6280,1328,612,7190,40,17,29,10
2021-04-27T23:59:59+02:00,1,0,254,426,957,1241,1068,1577,1063,2508,1179,2123,980,1301,915,1284,274,783,80,101,364,457,408,613,368,866,324,535,234,275,472,657,224,672,9993,6230,1301,585,7155,33,17,25,8
2021-04-26T23:59:59+02:00,1,0,251,420,949,1232,1058,1562,1036,2491,1131,2076,961,1281,908,1277,273,782,80,101,360,451,408,610,364,863,323,530,229,267,462,648,224,672,9820,6197,1286,561,7090,31,17,25,8
2021-04-25T23:59:59+02:00,1,0,251,418,941,1218,1042,1555,1019,2474,1102,2048,939,1258,904,1270,273,782,79,100,359,443,405,609,363,858,322,530,228,262,457,640,224,671,9691,6180,1262,545,7043,22,17,25,8
2021-04-24T23:59:59+02:00,1,0,247,412,927,1206,1030,1540,1005,2455,1075,2032,928,1235,901,1267,273,782,79,100,359,443,404,609,363,856,321,527,227,260,456,637,224,671,9528,6173,1262,537,7019,22,17,24,8
2021-04-23T23:59:59+02:00,1,0,245,402,916,1191,1021,1529,989,2438,1022,1989,907,1212,899,1260,273,779,78,99,359,443,404,608,362,854,318,524,223,254,451,632,224,671,9379,6152,1249,525,6926,22,17,24,7
2021-04-22T23:59:59+02:00,1,0,242,392,893,1168,997,1507,960,2397,980,1929,875,1171,890,1248,273,776,78,98,357,437,399,601,358,845,316,518,218,248,442,622,223,669,9112,6099,1200,510,6859,15,17,24,7
2021-04-21T23:59:59+02:00,1,0,237,387,870,1149,971,1491,925,2361,936,1883,843,1121,882,1234,273,772,77,96,355,436,397,598,354,839,312,510,217,243,433,607,222,666,8824,6050,1175,491,6802,15,17,24,7
2021-04-20T23:59:59+02:00,1,0,230,382,853,1122,953,1471,901,2312,896,1830,798,1059,870,1217,272,770,77,96,353,435,394,594,348,834,310,504,213,235,421,588,221,666,8549,5993,1107,476,6739,14,17,24,7
2021-04-19T23:59:59+02:00,1,0,227,372,835,1110,940,1451,885,2281,868,1795,771,1028,866,1210,271,767,76,95,352,432,388,589,345,824,306,494,213,230,411,571,219,661,8370,5934,1091,454,6673,12,16,23,7
2021-04-18T23:59:59+02:00,1,0,226,368,827,1100,928,1443,864,2259,850,1778,746,989,863,1204,270,764,75,93,349,432,388,589,344,821,306,491,212,226,405,568,219,661,8248,5915,1065,445,6614,12,16,23,7
2021-04-17T23:59:59+02:00,1,0,225,365,824,1097,921,1442,857,2254,846,1772,730,965,861,1198,270,764,75,90,347,428,386,589,341,817,305,487,210,221,399,561,219,660,8184,5873,1064,443,6590,12,16,23,7
2021-04-16T23:59:59+02:00,1,0,224,364,814,1092,908,1423,841,2233,815,1735,690,906,851,1188,269,761,71,88,345,421,383,587,332,804,298,473,198,205,396,552,216,657,7992,5802,1049,405,6516,11,16,23,6
2021-04-15T23:59:59+02:00,1,0,223,357,789,1075,890,1409,816,2188,776,1698,659,859,843,1169,269,757,69,87,342,414,378,582,325,796,291,470,190,199,380,531,214,652,7773,5721,1039,379,6401,10,16,22,6
2021-04-14T23:59:59+02:00,1,0,222,350,778,1066,881,1396,801,2153,759,1670,622,819,814,1123,269,753,66,83,337,411,374,577,323,786,283,462,180,183,365,508,212,647,7559,5629,1023,347,6326,10,16,20,6
2021-04-13T23:59:59+02:00,1,0,218,345,768,1061,870,1384,792,2128,731,1644,576,769,793,1089,268,749,63,80,330,406,364,573,316,779,278,457,177,179,351,495,211,644,7407,5567,976,316,6232,8,16,18,6
2021-04-12T23:59:59+02:00,1,0,216,344,764,1056,863,1371,766,2108,714,1627,545,741,782,1072,268,747,62,76,318,397,360,567,312,772,271,451,170,174,343,483,210,638,7316,5490,954,290,6142,8,16,16,6
2021-04-11T23:59:59+02:00,0,0,213,341,756,1046,856,1365,754,2092,704,1611,530,716,774,1048,267,744,60,73,313,395,357,565,310,769,270,446,165,167,336,480,208,636,7256,5444,934,280,6051,8,16,15,6
2021-04-10T23:59:59+02:00,0,0,213,339,756,1043,852,1363,744,2084,695,1603,523,701,767,1034,266,744,56,66,287,379,337,550,298,755,255,438,157,160,332,466,207,634,7202,5272,927,272,6021,8,15,14,6
2021-04-09T23:59:59+02:00,0,0,213,336,751,1040,840,1340,736,2002,679,1519,486,639,746,1014,263,740,47,63,274,367,321,538,282,740,244,425,148,155,309,444,203,625,7087,5080,903,264,5771,8,12,13,6
2021-04-08T23:59:59+02:00,0,0,211,332,746,1033,829,1331,722,1982,661,1500,442,580,718,991,261,737,45,61,265,351,307,526,269,724,229,409,137,139,294,427,201,608,6974,4892,864,253,5653,8,11,13,6
2021-04-07T23:59:59+02:00,0,0,206,328,736,1026,816,1316,706,1954,643,1467,404,538,688,952,258,733,42,58,246,338,297,520,262,710,221,397,122,129,276,407,196,599,6843,4723,830,244,5505,8,11,13,5
2021-04-06T23:59:59+02:00,0,0,204,326,728,1021,802,1300,687,1930,615,1441,383,502,663,921,257,731,40,57,245,334,293,518,252,706,216,391,116,124,268,387,191,589,6753,4651,803,224,5357,7,11,11,5
2021-04-05T23:59:59+02:00,0,0,204,325,725,1014,795,1288,679,1914,609,1426,366,479,646,897,257,730,40,55,245,330,292,513,248,700,211,390,116,120,253,367,188,583,6711,4590,792,208,5248,7,10,11,5
2021-04-04T23:59:59+02:00,0,0,203,321,721,1004,790,1277,670,1896,602,1407,356,468,643,893,257,730,39,54,244,329,291,513,248,700,210,390,114,120,246,355,184,581,6687,4559,787,207,5163,7,8,11,5
2021-04-03T23:59:59+02:00,0,0,203,321,719,1004,788,1275,669,1892,595,1405,348,462,640,886,257,729,39,54,244,329,291,513,248,699,210,388,114,120,245,353,184,579,6654,4551,787,207,5149,7,8,11,5
2021-04-02T23:59:59+02:00,0,0,203,319,718,1003,787,1272,665,1885,591,1395,339,453,629,876,257,728,39,53,241,328,289,511,246,691,205,383,112,119,238,334,183,566,6608,4480,781,204,5126,7,8,10,5
2021-04-01T23:59:59+02:00,0,0,200,316,713,989,775,1259,660,1865,574,1376,327,429,599,843,256,722,37,52,232,322,287,508,245,684,203,379,105,116,223,308,179,545,6521,4373,739,196,5033,7,8,10,5
2021-03-31T23:59:59+02:00,0,0,196,313,705,981,765,1245,650,1819,564,1337,318,418,578,794,254,719,37,52,231,321,282,506,242,682,197,375,100,113,209,282,177,524,6452,4287,693,189,4900,7,6,10,5
2021-03-30T23:59:59+02:00,0,0,193,307,700,970,760,1224,638,1780,555,1293,307,402,552,758,253,719,37,51,229,317,278,503,241,677,194,370,97,111,200,264,174,510,6376,4212,658,184,4764,7,6,10,5
2021-03-29T23:59:59+02:00,0,0,189,302,694,953,755,1212,629,1749,546,1255,303,388,522,721,251,712,37,50,227,316,277,501,240,672,192,363,93,109,191,251,169,498,6269,4152,636,178,4661,5,6,10,5
2021-03-28T23:59:59+02:00,0,0,182,286,686,944,748,1205,625,1727,543,1240,301,373,495,697,249,710,37,49,225,316,274,495,236,669,191,360,90,107,184,241,166,497,6224,4109,602,172,4565,5,6,10,5
2021-03-27T23:59:59+01:00,0,0,182,282,681,938,743,1201,619,1716,541,1232,296,365,489,687,249,709,37,49,225,316,274,495,235,663,188,356,89,106,180,234,162,487,6184,4074,594,166,4529,5,6,10,5
2021-03-26T23:59:59+01:00,0,0,178,280,669,926,735,1186,607,1698,532,1207,289,354,485,673,247,706,37,49,225,316,273,493,235,662,181,343,84,98,166,218,154,475,6117,3989,576,165,4451,5,4,10,5
2021-03-25T23:59:59+01:00,0,0,174,278,661,913,714,1162,590,1661,522,1167,282,342,469,649,246,702,37,49,221,311,271,492,229,659,181,342,77,98,150,201,151,451,6043,3903,560,158,4297,5,4,10,5
2021-03-24T23:59:59+01:00,0,0,172,269,650,900,706,1147,581,1624,510,1137,272,327,452,624,243,699,37,49,220,309,268,490,227,659,177,339,75,95,137,194,143,417,5970,3827,537,151,4170,4,4,10,5
2021-03-23T23:59:59+01:00,0,0,169,266,641,887,693,1135,570,1601,498,1099,266,315,434,608,238,695,35,49,218,308,266,488,222,654,175,335,72,92,130,187,134,392,5917,3752,520,146,4040,3,4,10,5
2021-03-22T23:59:59+01:00,0,0,165,258,622,866,674,1116,559,1569,485,1075,262,304,423,593,237,689,35,49,217,306,263,486,220,647,174,333,72,88,124,179,119,362,5861,3671,496,143,3898,2,4,10,5
2021-03-21T23:59:59+01:00,0,0,161,256,614,859,669,1112,555,1545,479,1042,257,297,410,586,235,685,35,49,214,306,262,484,219,646,172,331,71,85,122,178,115,359,5840,3650,483,139,3794,2,3,8,4
2021-03-20T23:59:59+01:00,0,0,159,256,606,855,664,1107,549,1541,476,1041,254,290,398,572,233,683,35,49,214,306,261,484,218,644,172,327,70,84,119,174,111,353,5807,3625,478,137,3750,2,3,8,4
2021-03-19T23:59:59+01:00,0,0,149,244,601,837,653,1101,544,1523,464,1028,240,268,382,546,227,674,33,49,213,305,260,484,216,636,171,324,67,82,110,164,106,331,5728,3557,439,135,3661,2,2,8,4
2021-03-18T23:59:59+01:00,0,0,144,238,583,821,636,1067,526,1473,450,983,224,253,369,525,224,657,33,49,212,302,258,476,216,631,169,317,67,79,101,156,100,316,5646,3494,407,126,3458,2,2,8,4
2021-03-17T23:59:59+01:00,0,0,137,232,571,802,623,1060,521,1460,441,965,212,240,351,507,221,651,33,48,212,300,257,474,215,630,169,316,67,79,96,151,95,304,5550,3457,380,125,3395,2,2,6,4
2021-03-16T23:59:59+01:00,0,0,132,224,556,787,606,1049,509,1420,429,940,204,225,331,473,216,639,33,47,212,297,257,468,213,629,168,315,63,79,91,146,93,284,5457,3410,345,121,3262,2,1,6,4
2021-03-15T23:59:59+01:00,0,0,126,217,541,772,597,1027,500,1388,413,903,198,217,316,449,214,633,32,47,211,294,257,465,212,628,166,314,62,77,85,141,90,269,5367,3366,315,119,3146,2,0,6,4
2021-03-14T23:59:59+01:00,0,0,121,204,529,755,583,1006,491,1345,400,860,189,206,306,438,207,629,32,47,211,292,256,464,211,623,165,309,61,77,84,138,88,266,5303,3351,301,108,2978,2,0,5,4
2021-03-13T23:59:59+01:00,0,0,117,192,501,729,553,980,467,1321,378,841,172,197,298,426,205,626,32,47,211,292,256,464,210,623,165,308,61,77,81,134,77,251,5109,3314,295,108,2892,2,0,5,4
2021-03-12T23:59:59+01:00,0,0,106,185,473,703,534,952,446,1282,356,810,156,185,273,398,204,606,32,47,211,291,256,463,210,623,165,307,56,76,78,128,75,245,4885,3286,289,108,2775,2,0,5,3
2021-03-11T23:59:59+01:00,0,0,98,178,441,657,497,915,408,1207,335,757,141,163,250,355,199,584,32,46,210,288,251,459,208,619,162,305,56,74,74,122,73,233,4643,3256,281,88,2519,2,0,5,2
2021-03-10T23:59:59+01:00,0,0,95,168,418,635,480,897,393,1169,319,720,126,147,234,325,194,553,32,46,208,283,247,454,205,613,162,303,53,73,70,120,70,222,4473,3214,271,76,2383,2,0,5,2
2021-03-09T23:59:59+01:00,0,0,95,163,407,608,450,868,378,1125,308,688,121,138,222,307,188,541,32,46,207,280,244,446,203,609,157,299,53,71,68,118,63,213,4389,3171,255,66,2204,2,0,5,2
2021-03-08T23:59:59+01:00,0,0,92,156,392,591,432,851,369,1073,300,652,116,129,208,287,184,528,32,46,207,276,241,441,198,605,151,295,51,70,63,115,62,212,4311,3143,239,50,2046,1,0,5,1
2021-03-07T23:59:59+01:00,0,0,88,151,387,579,424,836,359,1059,297,646,114,129,201,273,182,527,32,46,206,275,241,439,197,604,151,295,51,70,61,114,61,211,4265,3134,228,48,1990,0,0,5,1
2021-03-06T23:59:59+01:00,0,0,87,144,385,572,417,812,350,1008,288,614,113,128,195,265,180,522,32,46,206,275,240,438,197,603,151,295,51,70,59,114,60,206,4233,3129,228,42,1847,0,0,5,1
2021-03-05T23:59:59+01:00,0,0,86,139,380,560,412,804,349,991,279,590,107,118,181,245,171,509,32,46,205,273,239,437,196,601,150,293,51,70,57,113,60,198,4147,3114,219,34,1776,0,0,5,1
2021-03-04T23:59:59+01:00,0,0,83,125,369,524,394,770,331,945,269,563,97,117,162,220,165,485,32,46,203,267,237,431,194,588,147,292,49,70,57,113,60,197,4048,3074,202,33,1587,0,0,5,1
2021-03-03T23:59:59+01:00,0,0,76,114,360,506,385,751,327,924,260,545,95,114,151,211,157,450,32,45,203,267,236,429,191,579,147,286,49,70,56,112,60,197,3974,3051,196,30,1470,0,0,5,1
2021-03-02T23:59:59+01:00,0,0,73,111,349,490,369,734,319,905,254,523,93,111,142,203,148,423,31,45,203,267,236,423,186,572,145,283,49,70,56,110,60,196,3893,3022,190,30,1371,0,0,5,1
2021-03-01T23:59:59+01:00,0,0,72,109,343,476,362,713,310,881,248,495,92,109,135,193,130,388,31,44,202,266,234,414,184,565,145,280,49,70,56,109,59,196,3807,2992,185,30,1266,0,0,5,1
2021-02-28T23:59:59+01:00,0,0,72,107,336,467,359,705,307,857,243,477,88,101,133,189,126,384,31,44,201,265,233,414,184,565,145,280,49,70,56,109,59,195,3783,2988,180,30,1187,0,0,5,1
2021-02-27T23:59:59+01:00,0,0,69,98,330,461,354,699,301,846,240,468,86,99,132,184,119,373,31,44,201,264,233,413,183,564,144,279,49,70,56,109,59,195,3750,2987,174,25,1130,0,0,5,1
2021-02-26T23:59:59+01:00,0,0,67,93,322,438,328,664,280,815,230,447,83,95,123,174,115,353,31,43,201,263,233,411,182,561,141,277,49,70,56,109,59,193,3693,2972,172,25,950,0,0,5,0
2021-02-25T23:59:59+01:00,0,0,59,82,309,417,317,635,274,789,218,424,78,95,114,167,110,339,31,43,199,260,229,408,180,554,136,276,49,68,54,107,57,193,3639,2944,166,17,801,0,0,5,0
2021-02-24T23:59:59+01:00,0,0,55,75,302,404,309,620,269,773,215,416,77,95,109,163,104,328,30,43,197,259,226,395,178,546,134,271,47,67,52,107,57,193,3603,2906,161,11,726,0,0,5,0
2021-02-23T23:59:59+01:00,0,0,50,66,289,385,299,601,263,755,210,408,73,93,103,159,102,304,29,43,196,257,224,390,177,540,130,268,47,67,52,103,57,191,3549,2877,156,8,626,0,0,5,0
2021-02-22T23:59:59+01:00,0,0,48,63,284,374,295,592,261,746,208,404,71,90,95,152,99,290,29,41,193,255,221,377,169,530,127,265,46,67,51,103,56,191,3502,2829,149,4,587,0,0,4,0
2021-02-21T23:59:59+01:00,0,0,47,62,278,368,292,582,256,738,203,399,70,88,94,150,97,288,29,40,192,253,220,374,169,521,127,264,46,67,51,102,55,190,3491,2806,146,4,538,0,0,3,0
2021-02-20T23:59:59+01:00,0,0,46,62,276,367,292,579,255,732,203,393,69,88,91,146,86,273,29,40,192,253,220,374,169,521,125,263,46,67,50,102,55,188,3456,2800,145,4,517,0,0,3,0
2021-02-19T23:59:59+01:00,0,0,45,62,273,362,286,556,244,706,201,381,65,86,87,138,84,266,29,39,192,253,219,373,169,520,125,263,46,67,49,101,54,186,3426,2791,143,4,429,0,0,2,0
2021-02-18T23:59:59+01:00,0,0,43,59,255,338,278,535,236,685,187,357,64,82,85,133,82,256,28,38,188,245,216,367,164,505,124,253,46,65,48,99,50,182,3397,2723,134,4,296,0,0,2,0
2021-02-17T23:59:59+01:00,0,0,43,57,248,333,276,520,229,672,184,337,62,80,81,131,79,246,26,37,184,239,209,353,160,489,121,242,42,63,48,97,49,179,3349,2640,133,3,242,0,0,2,0
2021-02-16T23:59:59+01:00,0,0,42,52,235,318,272,509,223,658,179,330,60,79,78,129,72,237,23,37,175,230,201,334,154,477,117,230,42,59,38,83,42,170,3310,2513,130,3,177,0,0,2,0
2021-02-15T23:59:59+01:00,0,0,41,52,230,315,265,496,220,653,175,324,58,79,73,125,71,236,22,36,168,223,196,326,148,466,113,223,39,56,38,77,39,162,3283,2432,129,3,145,0,0,2,0
2021-02-14T23:59:59+01:00,0,0,38,52,227,311,263,489,217,647,175,319,57,76,70,125,70,232,20,36,166,219,192,321,147,454,112,221,39,56,37,76,37,155,3272,2387,117,3,122,0,0,2,0
2021-02-13T23:59:59+01:00,0,0,37,52,227,311,261,489,217,646,175,319,57,76,69,125,70,231,20,36,165,218,189,321,146,452,111,218,38,56,36,75,35,151,3268,2367,117,1,120,0,0,2,0
2021-02-12T23:59:59+01:00,0,0,36,50,225,306,258,480,213,635,172,316,57,75,68,125,70,230,20,36,164,215,188,320,145,450,109,217,36,55,36,71,32,142,3259,2336,117,1,81,0,0,2,0
2021-02-11T23:59:59+01:00,0,0,35,49,217,285,251,463,206,610,160,305,55,74,67,123,70,225,20,34,148,195,181,289,136,405,104,198,32,54,33,61,30,128,3221,2139,95,1,18,0,0,2,0
2021-02-10T23:59:59+01:00,0,0,35,48,214,277,249,456,202,601,158,300,52,74,66,123,69,223,18,31,137,171,167,251,117,356,97,176,28,52,32,59,27,117,3189,1915,85,1,8,0,0,2,0
2021-02-09T23:59:59+01:00,0,0,34,47,213,274,247,446,197,593,154,297,52,74,66,121,69,223,18,29,120,146,150,231,104,314,92,151,23,47,31,47,23,105,3167,1700,70,1,4,0,0,2,0
2021-02-08T23:59:59+01:00,0,0,34,47,212,272,241,431,194,581,149,292,50,74,66,120,69,223,16,28,103,123,128,192,85,275,87,141,16,45,25,40,22,90,3127,1479,54,1,4,0,0,2,0
2021-02-07T23:59:59+01:00,0,0,34,46,209,271,239,430,194,578,149,292,50,74,65,119,69,223,15,22,98,114,121,181,80,256,83,131,16,44,24,34,22,85,3119,1386,51,1,0,0,0,2,0
2021-02-06T23:59:59+01:00,0,0,34,46,209,271,239,429,194,578,149,291,49,74,64,119,68,218,12,18,97,113,120,177,78,249,83,129,15,43,24,31,20,84,3116,1350,44,1,0,0,0,2,0
2021-02-05T23:59:59+01:00,0,0,33,45,209,271,239,428,193,576,147,290,49,74,64,119,68,208,10,15,88,105,116,173,77,245,82,121,14,41,23,27,18,81,3103,1290,36,0,0,0,0,2,0
2021-02-04T23:59:59+01:00,0,0,33,45,206,268,234,424,188,570,145,287,49,72,64,117,68,207,9,11,60,74,93,128,66,207,65,102,13,36,20,23,16,71,3066,1036,36,0,0,0,0,2,0
2021-02-03T23:59:59+01:00,0,0,33,44,206,267,233,412,186,564,144,284,49,71,63,116,68,206,6,6,44,55,72,105,51,158,55,74,10,17,16,17,11,54,3038,782,33,0,0,0,0,2,0
2021-02-02T23:59:59+01:00,0,0,32,44,205,265,229,406,185,558,141,283,48,71,61,113,66,203,4,3,28,39,56,75,40,102,44,51,8,14,11,12,7,36,3000,551,33,0,0,0,0,2,0
2021-02-01T23:59:59+01:00,0,0,31,42,203,265,225,401,182,553,138,276,48,70,60,112,66,203,4,1,22,21,30,44,26,62,27,28,5,9,8,8,6,21,2964,334,33,0,0,0,0,1,0
2021-01-31T23:59:59+01:00,0,0,31,42,202,263,223,396,180,545,137,276,48,70,59,112,65,202,4,1,20,16,21,36,20,50,21,24,5,6,6,7,5,19,2939,271,32,0,0,0,0,1,0
2021-01-30T23:59:59+01:00,0,0,31,42,202,263,223,395,179,545,137,276,48,70,58,112,65,199,4,1,19,15,19,36,18,46,20,23,5,5,6,6,5,18,2934,255,31,0,0,0,0,1,0
2021-01-29T23:59:59+01:00,0,0,31,42,202,261,222,394,178,544,135,274,48,70,57,111,64,198,4,0,16,9,14,29,16,40,16,21,4,4,5,6,5,17,2924,213,27,0,0,0,0,0,0
2021-01-28T23:59:59+01:00,0,0,31,41,194,258,221,389,177,535,132,270,48,70,55,110,60,196,4,0,5,3,7,16,9,22,9,9,2,2,3,3,1,17,2888,115,19,0,0,0,0,0,0
2021-01-27T23:59:59+01:00,0,0,30,40,191,252,217,379,175,522,129,261,45,68,55,109,59,194,1,0,3,3,6,14,8,19,8,9,2,2,2,3,1,13,2825,96,15,0,0,0,0,0,0
2021-01-26T23:59:59+01:00,0,0,27,40,188,240,211,366,171,504,126,254,45,64,49,101,53,186,1,0,2,3,6,14,8,19,8,9,2,2,2,3,1,10,2726,92,12,0,0,0,0,0,0
2021-01-25T23:59:59+01:00,0,0,27,39,179,237,208,356,168,495,123,244,43,62,48,98,48,184,1,0,1,3,4,12,7,16,8,9,2,2,2,1,1,8,2666,79,4,0,0,0,0,0,0
2021-01-24T23:59:59+01:00,0,0,26,38,177,234,205,355,167,493,123,243,43,62,46,95,47,183,1,0,1,3,3,12,7,16,8,9,2,2,2,1,1,8,2644,78,3,0,0,0,0,0,0
2021-01-23T23:59:59+01:00,0,0,26,38,177,234,203,355,167,492,123,243,43,62,46,94,47,181,1,0,1,3,3,11,7,15,7,9,2,2,2,1,1,8,2638,75,3,0,0,0,0,0,0
2021-01-22T23:59:59+01:00,0,0,25,37,176,230,202,355,167,491,122,243,43,62,46,94,45,174,1,0,1,3,3,11,7,15,7,9,2,2,2,1,1,8,2619,75,3,0,0,0,0,0,0
2021-01-21T23:59:59+01:00,0,0,21,36,167,221,196,338,163,470,120,230,42,62,42,86,44,171,1,0,1,3,1,6,6,10,5,5,2,2,2,0,1,7,2510,54,3,0,0,0,0,0,0
2021-01-20T23:59:59+01:00,0,0,20,34,153,195,180,297,135,414,110,209,37,59,39,82,40,157,1,0,1,3,1,6,6,9,5,4,2,2,2,0,1,7,2251,52,2,0,0,0,0,0,0
2021-01-19T23:59:59+01:00,0,0,20,31,128,168,163,265,126,371,106,188,27,53,31,68,35,143,1,0,1,3,1,5,4,7,3,3,1,0,2,0,0,4,2001,36,2,0,0,0,0,0,0
2021-01-18T23:59:59+01:00,0,0,17,31,113,147,140,224,109,323,99,164,24,50,28,56,31,121,1,0,1,1,0,2,3,5,2,3,0,0,1,0,0,4,1750,24,2,0,0,0,0,0,0
2021-01-17T23:59:59+01:00,0,0,16,22,108,133,132,211,100,298,95,154,24,45,28,51,29,109,1,0,0,0,0,1,1,4,2,2,0,0,1,0,0,1,1620,13,2,0,0,0,0,0,0
2021-01-16T23:59:59+01:00,0,0,14,19,105,131,130,206,97,288,94,147,21,44,27,45,25,105,0,0,0,0,0,0,0,0,0,0,0,0,0,0,0,0,1562,0,0,0,0,0,0,0,0
2021-01-15T23:59:59+01:00,0,0,11,17,99,122,126,201,95,279,94,137,20,43,26,40,23,102,0,0,0,0,0,0,0,0,0,0,0,0,0,0,0,0,1495,0,0,0,0,0,0,0,0
2021-01-14T23:59:59+01:00,0,0,9,13,75,91,107,165,79,235,82,122,15,38,23,33,22,88,0,0,0,0,0,0,0,0,0,0,0,0,0,0,0,0,1245,0,0,0,0,0,0,0,0
2021-01-13T23:59:59+01:00,0,0,7,12,61,80,94,136,73,190,76,97,15,24,19,25,20,68,0,0,0,0,0,0,0,0,0,0,0,0,0,0,0,0,1038,0,0,0,0,0,0,0,0
2021-01-12T23:59:59+01:00,0,0,5,8,49,62,76,106,66,135,63,75,11,19,15,21,12,51,0,0,0,0,0,0,0,0,0,0,0,0,0,0,0,0,809,0,0,0,0,0,0,0,0
2021-01-11T23:59:59+01:00,0,0,4,6,43,49,64,81,52,106,48,55,10,15,8,12,9,28,0,0,0,0,0,0,0,0,0,0,0,0,0,0,0,0,615,0,0,0,0,0,0,0,0
2021-01-10T23:59:59+01:00,0,0,4,6,39,38,49,67,38,85,40,47,8,10,6,11,8,24,0,0,0,0,0,0,0,0,0,0,0,0,0,0,0,0,496,0,0,0,0,0,0,0,0
2021-01-09T23:59:59+01:00,0,0,4,5,36,37,44,64,35,77,37,43,8,9,6,10,8,23,0,0,0,0,0,0,0,0,0,0,0,0,0,0,0,0,460,0,0,0,0,0,0,0,0
2021-01-08T23:59:59+01:00,0,0,4,5,29,28,38,56,27,64,31,38,6,6,4,9,7,21,0,0,0,0,0,0,0,0,0,0,0,0,0,0,0,0,384,0,0,0,0,0,0,0,0
2021-01-07T23:59:59+01:00,0,0,4,2,11,3,10,18,11,28,8,18,5,3,3,4,3,20,0,0,0,0,0,0,0,0,0,0,0,0,0,0,0,0,154,0,0,0,0,0,0,0,0
2021-01-06T23:59:59+01:00,0,0,4,0,4,3,5,15,8,22,7,10,3,3,2,4,3,17,0,0,0,0,0,0,0,0,0,0,0,0,0,0,0,0,113,0,0,0,0,0,0,0,0
2021-01-05T23:59:59+01:00,0,0,2,0,2,3,5,14,8,20,7,9,3,2,2,4,2,16,0,0,0,0,0,0,0,0,0,0,0,0,0,0,0,0,102,0,0,0,0,0,0,0,0
2021-01-04T23:59:59+01:00,0,0,1,0,2,3,5,13,7,17,7,9,2,2,2,2,2,10,0,0,0,0,0,0,0,0,0,0,0,0,0,0,0,0,86,0,0,0,0,0,0,0,0
2021-01-03T23:59:59+01:00,0,0,1,0,1,3,4,13,7,17,7,9,2,2,2,2,2,10,0,0,0,0,0,0,0,0,0,0,0,0,0,0,0,0,84,0,0,0,0,0,0,0,0
2021-01-02T23:59:59+01:00,0,0,1,0,1,3,4,13,6,17,6,9,2,2,2,2,2,10,0,0,0,0,0,0,0,0,0,0,0,0,0,0,0,0,82,0,0,0,0,0,0,0,0
2021-01-01T23:59:59+01:00,0,0,1,0,1,3,4,13,6,17,6,9,2,2,2,2,2,10,0,0,0,0,0,0,0,0,0,0,0,0,0,0,0,0,82,0,0,0,0,0,0,0,0
2020-12-31T23:59:59+01:00,0,0,1,0,1,3,4,12,6,17,6,9,2,2,2,2,2,10,0,0,0,0,0,0,0,0,0,0,0,0,0,0,0,0,81,0,0,0,0,0,0,0,0
2020-12-30T23:59:59+01:00,0,0,1,0,1,3,4,12,6,16,6,9,2,2,2,2,2,10,0,0,0,0,0,0,0,0,0,0,0,0,0,0,0,0,80,0,0,0,0,0,0,0,0
2020-12-29T23:59:59+01:00,0,0,1,0,1,3,3,8,4,13,4,7,1,1,2,1,0,8,0,0,0,0,0,0,0,0,0,0,0,0,0,0,0,0,58,0,0,0,0,0,0,0,0
2020-12-28T23:59:59+01:00,0,0,1,0,1,1,1,1,2,6,3,4,1,0,1,0,0,4,0,0,0,0,0,0,0,0,0,0,0,0,0,0,0,0,27,0,0,0,0,0,0,0,0
2020-12-27T23:59:59+01:00,0,0,1,0,0,0,0,1,1,6,1,2,0,0,1,0,0,2,0,0,0,0,0,0,0,0,0,0,0,0,0,0,0,0,15,0,0,0,0,0,0,0,0
