Datum,<15_1_m,<15_1_w,15-24_1_m,15-24_1_w,25-34_1_m,25-34_1_w,35-44_1_m,35-44_1_w,45-54_1_m,45-54_1_w,55-64_1_m,55-64_1_w,65-74_1_m,65-74_1_w,75-84_1_m,75-84_1_w,>84_1_m,>84_1_w,<15_2_m,<15_2_w,15-24_2_m,15-24_2_w,25-34_2_m,25-34_2_w,35-44_2_m,35-44_2_w,45-54_2_m,45-54_2_w,55-64_2_m,55-64_2_w,65-74_2_m,65-74_2_w,75-84_2_m,75-84_2_w,>84_2_m,>84_2_w,bp_1,bp_2,mo_1,mo_2,az_1,az_2,ja,unb_1,unb_2
2021-11-16T23:59:59+01:00,255,247,5057,4018,12094,7998,11390,7320,9608,9648,5999,6576,1947,2428,1215,1666,327,934,190,171,3943,3324,9880,6860,9425,6321,8148,8381,5316,5867,1805,2252,1147,1580,289,860,59134,47724,8078,7302,9335,8048,14083,74,78
2021-11-15T23:59:59+01:00,253,244,5004,3982,12006,7952,11305,7278,9547,9594,5968,6546,1943,2420,1215,1665,327,933,188,171,3914,3312,9862,6849,9390,6308,8136,8365,5309,5852,1802,2251,1146,1580,289,859,58620,47575,8070,7298,9335,8048,14060,74,78
2021-11-14T23:59:59+01:00,252,239,4958,3961,11942,7916,11234,7255,9490,9560,5946,6524,1939,2418,1213,1664,327,933,187,170,3904,3302,9822,6832,9372,6300,8125,8351,5303,5846,1801,2251,1144,1579,289,859,58247,47462,8059,7292,9335,8048,14033,74,78
2021-11-13T23:59:59+01:00,248,238,4935,3949,11885,7891,11183,7237,9455,9537,5935,6511,1937,2417,1213,1663,327,933,185,170,3900,3297,9812,6826,9363,6299,8119,8349,5301,5844,1800,2250,1144,1579,289,859,58002,47430,8040,7287,9335,8048,14019,74,78
2021-11-12T23:59:59+01:00,243,234,4889,3918,11800,7845,11115,7205,9393,9496,5919,6485,1936,2410,1212,1663,327,933,182,170,3883,3289,9785,6813,9347,6289,8099,8338,5292,5839,1800,2247,1144,1579,289,859,57560,47313,8032,7284,9335,8048,13997,74,78
2021-11-11T23:59:59+01:00,242,232,4824,3898,11688,7795,10998,7165,9318,9433,5878,6444,1930,2401,1212,1661,327,932,181,169,3860,3278,9746,6796,9321,6267,8069,8315,5287,5827,1800,2246,1143,1578,289,859,56971,47146,8011,7273,9335,8048,13961,74,78
2021-11-10T23:59:59+01:00,237,230,4756,3876,11532,7724,10897,7117,9238,9378,5844,6415,1926,2395,1210,1658,327,930,179,168,3844,3265,9719,6783,9298,6255,8047,8303,5276,5821,1797,2244,1142,1575,289,859,56345,47025,7991,7268,9334,8048,13920,74,78
2021-11-09T23:59:59+01:00,237,228,4700,3846,11417,7692,10814,7084,9182,9351,5814,6386,1925,2392,1210,1658,327,930,178,165,3830,3259,9688,6772,9273,6245,8030,8281,5267,5807,1797,2240,1140,1574,289,859,55904,46905,7978,7262,9334,8047,13876,74,78
2021-11-08T23:59:59+01:00,235,223,4642,3820,11292,7656,10705,7046,9109,9295,5785,6361,1922,2390,1209,1654,327,929,177,165,3814,3248,9657,6756,9244,6229,8013,8269,5262,5799,1795,2235,1139,1574,289,859,55382,46798,7964,7255,9333,8047,13820,74,78
2021-11-07T23:59:59+01:00,234,222,4610,3804,11228,7623,10638,7028,9062,9271,5770,6346,1920,2388,1208,1653,326,929,176,164,3803,3237,9638,6748,9225,6221,8004,8259,5259,5795,1794,2234,1138,1573,289,859,55087,46733,7951,7245,9333,8047,13787,74,78
2021-11-06T23:59:59+01:00,234,222,4597,3795,11190,7610,10598,7008,9038,9254,5758,6336,1917,2386,1208,1653,326,929,176,164,3801,3232,9631,6744,9221,6217,8000,8253,5256,5793,1791,2234,1138,1573,289,859,54900,46700,7948,7245,9333,8047,13776,74,78
2021-11-05T23:59:59+01:00,233,221,4556,3777,11125,7585,10525,6976,8971,9214,5742,6320,1916,2383,1207,1652,326,929,175,164,3787,3226,9616,6730,9204,6212,7982,8242,5252,5787,1790,2233,1138,1573,289,859,54535,46621,7944,7243,9333,8047,13744,74,78
2021-11-04T23:59:59+01:00,231,219,4492,3749,11010,7523,10411,6925,8877,9162,5713,6296,1912,2376,1206,1651,326,928,174,162,3765,3213,9580,6707,9163,6186,7956,8211,5236,5775,1790,2228,1137,1573,289,859,54012,46487,7929,7239,9333,8047,13626,74,78
2021-11-03T23:59:59+01:00,230,217,4458,3728,10915,7486,10321,6899,8811,9117,5689,6274,1909,2374,1206,1650,326,928,173,159,3749,3208,9548,6689,9132,6179,7934,8195,5230,5771,1786,2221,1137,1573,289,858,53605,46376,7921,7232,9333,8047,13571,74,78
2021-11-02T23:59:59+01:00,230,216,4413,3712,10830,7456,10240,6869,8739,9086,5661,6256,1906,2371,1206,1649,326,928,173,158,3740,3192,9525,6669,9101,6167,7915,8170,5222,5761,1782,2219,1137,1571,289,856,53239,46272,7911,7224,9333,8044,13501,74,78
2021-11-01T23:59:59+01:00,229,216,4380,3698,10758,7430,10144,6837,8679,9061,5637,6237,1904,2365,1206,1647,326,927,173,158,3721,3182,9494,6647,9068,6148,7892,8157,5209,5750,1781,2219,1137,1571,289,856,52918,46169,7905,7218,9333,8044,13415,74,78
2021-10-31T23:59:59+01:00,227,216,4367,3697,10742,7423,10131,6832,8673,9055,5636,6235,1904,2365,1206,1647,326,927,172,158,3716,3181,9487,6645,9062,6146,7890,8154,5207,5747,1780,2219,1137,1571,289,856,52872,46159,7903,7217,9333,8044,13391,74,78
2021-10-30T23:59:59+02:00,226,215,4362,3695,10721,7419,10118,6829,8664,9047,5626,6231,1903,2364,1206,1647,326,927,172,158,3714,3181,9477,6642,9057,6146,7887,8153,5201,5744,1780,2219,1137,1571,289,856,52812,46149,7903,7217,9333,8044,13368,74,78
2021-10-29T23:59:59+02:00,225,215,4308,3684,10637,7392,10038,6800,8617,9006,5607,6218,1903,2361,1206,1647,325,926,171,158,3689,3174,9443,6636,9028,6141,7867,8136,5195,5738,1778,2219,1137,1571,289,855,52502,46086,7894,7214,9333,8044,13274,74,78
2021-10-28T23:59:59+02:00,225,213,4263,3668,10533,7360,9935,6764,8555,8952,5580,6190,1901,2354,1204,1647,325,926,171,157,3661,3163,9394,6606,8975,6114,7839,8111,5180,5729,1777,2216,1137,1571,288,855,52142,45966,7882,7202,9333,8044,13123,74,78
2021-10-27T23:59:59+02:00,225,212,4238,3660,10475,7340,9884,6727,8501,8922,5562,6173,1898,2351,1204,1646,325,926,168,157,3645,3154,9362,6583,8951,6099,7819,8095,5173,5717,1774,2215,1136,1568,288,854,51889,45851,7871,7193,9333,8043,13058,74,78
2021-10-26T23:59:59+02:00,224,210,4205,3644,10425,7310,9827,6701,8461,8876,5545,6160,1895,2348,1203,1645,325,925,166,156,3629,3145,9321,6562,8918,6084,7799,8073,5162,5710,1772,2215,1134,1564,288,853,51634,45723,7862,7192,9333,8043,12979,74,78
2021-10-25T23:59:59+02:00,222,210,4199,3639,10409,7303,9807,6688,8447,8859,5543,6155,1893,2347,1203,1645,325,925,166,156,3626,3144,9311,6550,8902,6075,7788,8058,5158,5708,1771,2215,1133,1564,288,853,51568,45683,7861,7190,9333,8043,12935,74,78
2021-10-24T23:59:59+02:00,219,209,4189,3626,10366,7287,9778,6669,8430,8837,5537,6147,1892,2347,1202,1645,325,925,165,155,3616,3138,9287,6544,8884,6064,7777,8044,5153,5704,1771,2214,1133,1563,288,853,51429,45621,7855,7186,9333,8041,12890,74,78
2021-10-23T23:59:59+02:00,216,209,4184,3623,10345,7284,9766,6663,8426,8829,5536,6143,1892,2347,1202,1645,325,925,165,155,3614,3135,9281,6543,8878,6061,7772,8042,5152,5703,1771,2214,1133,1563,288,853,51373,45605,7854,7185,9333,8041,12877,74,78
2021-10-22T23:59:59+02:00,215,208,4161,3613,10309,7268,9740,6648,8399,8794,5524,6122,1892,2346,1202,1645,325,925,163,154,3606,3133,9261,6531,8858,6053,7759,8031,5143,5691,1771,2210,1133,1562,288,853,51203,45537,7849,7180,9333,8041,12827,74,78
2021-10-21T23:59:59+02:00,210,206,4141,3598,10242,7246,9695,6613,8368,8747,5516,6097,1891,2343,1201,1644,325,925,161,154,3577,3115,9216,6516,8830,6035,7732,8007,5127,5677,1769,2207,1131,1561,288,853,50961,45374,7836,7172,9333,8041,12753,74,78
2021-10-20T23:59:59+02:00,210,206,4130,3587,10223,7232,9666,6599,8343,8729,5509,6084,1889,2340,1201,1644,325,925,160,153,3567,3102,9187,6502,8804,6022,7715,7994,5119,5667,1766,2205,1131,1559,288,851,50829,45250,7834,7164,9333,8040,12722,73,78
2021-10-19T23:59:59+02:00,207,205,4122,3581,10206,7225,9640,6589,8327,8717,5502,6078,1888,2339,1201,1644,325,924,155,151,3557,3086,9170,6489,8791,6011,7703,7981,5106,5657,1765,2200,1130,1558,288,851,50734,45129,7827,7160,9333,8040,12701,73,78
2021-10-18T23:59:59+02:00,207,203,4108,3573,10194,7216,9623,6581,8316,8706,5497,6065,1887,2336,1199,1643,325,924,155,151,3547,3073,9153,6477,8777,6004,7694,7972,5105,5644,1762,2197,1130,1558,288,849,50639,45039,7823,7153,9333,8039,12682,73,78
2021-10-17T23:59:59+02:00,207,201,4102,3569,10185,7207,9608,6578,8309,8703,5495,6061,1886,2336,1199,1642,324,923,155,148,3535,3065,9144,6473,8769,5999,7684,7964,5103,5639,1760,2193,1128,1558,288,849,50589,44973,7817,7150,9333,8038,12669,73,78
2021-10-16T23:59:59+02:00,207,201,4100,3567,10180,7205,9606,6576,8308,8698,5494,6059,1885,2336,1198,1641,324,923,155,147,3534,3064,9140,6471,8769,5998,7681,7963,5102,5639,1760,2193,1128,1558,288,849,50569,44965,7816,7150,9333,8037,12663,73,78
2021-10-15T23:59:59+02:00,205,201,4088,3561,10163,7196,9592,6571,8299,8683,5487,6052,1884,2336,1198,1641,324,923,155,145,3524,3061,9128,6460,8755,5992,7674,7957,5095,5635,1760,2193,1128,1557,288,849,50483,44901,7813,7148,9333,8037,12645,73,78
2021-10-14T23:59:59+02:00,204,201,4075,3553,10136,7178,9567,6553,8278,8662,5479,6042,1883,2332,1198,1640,324,923,154,142,3499,3052,9097,6434,8723,5967,7651,7944,5085,5624,1759,2189,1125,1557,288,849,50363,44745,7803,7133,9333,8035,12599,73,78
2021-10-13T23:59:59+02:00,202,201,4063,3548,10120,7164,9550,6543,8263,8647,5471,6034,1881,2331,1198,1638,324,923,152,142,3485,3046,9071,6419,8706,5956,7633,7934,5076,5617,1759,2189,1124,1556,288,849,50269,44643,7799,7127,9333,8035,12570,73,78
2021-10-12T23:59:59+02:00,200,199,4056,3542,10102,7157,9530,6532,8251,8630,5459,6025,1879,2329,1197,1637,324,923,151,140,3477,3036,9049,6403,8681,5939,7618,7922,5062,5607,1755,2184,1124,1555,288,849,50168,44509,7793,7123,9333,8034,12547,73,78
2021-10-11T23:59:59+02:00,200,197,4044,3535,10077,7150,9508,6518,8243,8612,5453,6015,1878,2327,1197,1637,324,923,149,140,3464,3026,9010,6391,8655,5918,7600,7903,5055,5598,1754,2183,1124,1555,288,849,50078,44378,7784,7112,9333,8033,12512,73,78
2021-10-10T23:59:59+02:00,199,195,4031,3533,10068,7138,9502,6507,8235,8601,5450,6006,1878,2327,1196,1637,324,923,148,140,3453,3023,8991,6384,8644,5911,7588,7897,5049,5591,1752,2182,1124,1554,288,849,50016,44304,7775,7109,9333,8032,12495,73,78
2021-10-09T23:59:59+02:00,199,195,4029,3531,10065,7137,9489,6502,8232,8599,5447,6006,1878,2326,1196,1637,324,923,148,139,3449,3020,8989,6381,8635,5905,7584,7896,5045,5590,1752,2182,1124,1554,288,849,49997,44285,7775,7106,9333,8031,12479,73,78
2021-10-08T23:59:59+02:00,197,194,4017,3522,10045,7128,9475,6490,8219,8582,5441,6001,1876,2325,1196,1637,324,923,148,139,3441,3013,8969,6373,8620,5896,7579,7881,5035,5587,1750,2180,1123,1553,288,849,49908,44209,7770,7105,9333,8031,12449,73,78
2021-10-07T23:59:59+02:00,196,193,3998,3509,10016,7112,9437,6480,8198,8560,5436,5995,1875,2320,1196,1637,324,923,148,139,3416,2989,8928,6354,8594,5884,7556,7851,5017,5576,1747,2175,1123,1552,288,849,49765,44027,7763,7087,9333,8031,12410,73,78
2021-10-06T23:59:59+02:00,194,192,3990,3502,9989,7095,9423,6472,8192,8552,5429,5987,1873,2317,1196,1635,324,922,147,139,3403,2976,8906,6342,8577,5871,7547,7837,5014,5565,1745,2172,1123,1551,288,849,49673,43926,7760,7081,9333,8029,12384,73,78
2021-10-05T23:59:59+02:00,194,191,3976,3491,9974,7078,9404,6460,8173,8528,5421,5980,1872,2315,1196,1634,324,921,146,139,3388,2963,8884,6329,8553,5858,7526,7811,5004,5557,1743,2168,1122,1549,288,849,49566,43800,7758,7073,9333,8029,12341,73,78
2021-10-04T23:59:59+02:00,194,190,3957,3483,9951,7063,9369,6443,8156,8514,5413,5971,1869,2315,1195,1629,324,919,146,139,3374,2955,8861,6310,8520,5842,7505,7784,4993,5542,1742,2166,1122,1548,287,849,49450,43664,7749,7069,9333,8029,12287,73,78
2021-10-03T23:59:59+02:00,194,190,3940,3476,9926,7049,9356,6433,8142,8501,5411,5964,1867,2312,1194,1628,323,919,146,139,3359,2947,8832,6300,8509,5834,7496,7771,4988,5537,1741,2163,1122,1547,286,849,49367,43597,7747,7066,9333,8025,12242,73,78
2021-10-02T23:59:59+02:00,194,190,3938,3475,9925,7047,9352,6432,8140,8501,5409,5962,1866,2311,1194,1628,323,919,146,139,3356,2946,8828,6299,8507,5834,7492,7770,4987,5533,1740,2162,1122,1547,286,849,49359,43586,7745,7065,9333,8023,12233,73,78
2021-10-01T23:59:59+02:00,192,189,3928,3471,9904,7038,9338,6423,8128,8488,5404,5952,1863,2308,1194,1628,323,918,144,138,3340,2939,8809,6288,8491,5822,7484,7759,4980,5526,1738,2162,1122,1547,286,849,49287,43516,7742,7062,9333,8019,12191,73,78
2021-09-30T23:59:59+02:00,191,188,3895,3451,9854,7013,9301,6395,8099,8462,5387,5938,1860,2305,1192,1628,323,917,142,137,3319,2917,8762,6260,8458,5801,7467,7727,4964,5512,1736,2156,1122,1547,286,848,49104,43381,7735,7037,9333,8016,12088,73,78
2021-09-29T23:59:59+02:00,190,186,3881,3438,9811,6998,9284,6374,8086,8435,5378,5932,1858,2302,1191,1626,323,916,142,136,3305,2908,8729,6253,8442,5779,7456,7706,4953,5499,1736,2154,1122,1546,286,848,48980,43287,7727,7032,9333,8012,12024,73,78
2021-09-28T23:59:59+02:00,188,186,3870,3430,9772,6978,9253,6361,8059,8401,5369,5915,1857,2295,1191,1625,323,914,139,135,3290,2896,8702,6232,8420,5764,7429,7679,4945,5487,1736,2148,1122,1545,286,847,48851,43181,7721,7027,9333,8011,11935,73,78
2021-09-27T23:59:59+02:00,186,186,3853,3414,9737,6950,9228,6337,8041,8371,5355,5903,1854,2283,1190,1624,322,913,139,134,3272,2883,8661,6205,8391,5736,7406,7649,4933,5479,1733,2139,1122,1543,286,846,48726,43048,7712,7024,9333,8007,11828,73,78
2021-09-26T23:59:59+02:00,184,186,3845,3405,9718,6940,9216,6328,8028,8360,5350,5897,1848,2282,1188,1623,322,913,138,133,3263,2877,8640,6201,8381,5724,7392,7643,4926,5469,1729,2139,1122,1542,286,845,48655,42990,7711,7020,9333,8003,11785,73,78
2021-09-25T23:59:59+02:00,184,185,3841,3403,9709,6936,9212,6324,8021,8359,5347,5897,1848,2281,1188,1622,322,913,138,132,3257,2874,8633,6198,8377,5720,7388,7638,4924,5467,1729,2138,1121,1539,286,845,48638,42971,7709,7017,9333,8001,11763,73,78
2021-09-24T23:59:59+02:00,183,183,3825,3395,9677,6924,9196,6314,7999,8340,5339,5885,1846,2279,1188,1621,322,913,137,132,3245,2866,8606,6184,8364,5709,7366,7624,4917,5458,1728,2134,1121,1539,286,845,48550,42911,7708,7011,9333,8001,11685,73,78
2021-09-23T23:59:59+02:00,181,181,3789,3379,9612,6894,9142,6270,7959,8291,5321,5865,1841,2272,1185,1618,322,913,137,131,3220,2852,8547,6154,8312,5673,7327,7577,4899,5440,1720,2130,1120,1537,286,845,48397,42804,7699,7003,9333,7997,11447,73,78
2021-09-22T23:59:59+02:00,177,181,3764,3364,9580,6873,9113,6250,7926,8277,5304,5854,1839,2268,1184,1618,322,913,135,128,3195,2844,8517,6131,8286,5659,7296,7557,4883,5433,1717,2123,1118,1537,286,844,48264,42680,7694,7000,9331,7991,11358,73,78
2021-09-21T23:59:59+02:00,176,179,3748,3350,9555,6852,9067,6227,7895,8250,5289,5843,1838,2268,1184,1618,322,913,134,128,3173,2830,8482,6105,8241,5643,7262,7524,4866,5413,1716,2121,1117,1536,286,844,48142,42524,7687,6992,9330,7991,11251,73,78
2021-09-20T23:59:59+02:00,174,179,3717,3337,9517,6836,9031,6203,7862,8218,5282,5827,1834,2266,1184,1618,322,911,134,126,3149,2807,8440,6084,8200,5619,7229,7493,4858,5393,1713,2119,1116,1535,285,844,48012,42383,7684,6987,9330,7985,11123,73,78
2021-09-19T23:59:59+02:00,174,178,3699,3329,9485,6828,9016,6196,7856,8208,5275,5820,1831,2263,1183,1616,322,910,132,126,3140,2799,8412,6074,8180,5611,7214,7478,4851,5385,1712,2115,1115,1534,285,843,47946,42315,7677,6981,9330,7979,11064,73,78
2021-09-18T23:59:59+02:00,174,178,3695,3328,9480,6826,9011,6193,7850,8206,5273,5819,1831,2263,1183,1616,322,910,132,126,3132,2796,8404,6073,8169,5608,7207,7476,4847,5380,1712,2115,1115,1533,285,843,47934,42276,7676,6980,9329,7979,11046,73,78
2021-09-17T23:59:59+02:00,174,177,3675,3320,9443,6813,8982,6179,7830,8195,5262,5810,1830,2258,1181,1616,322,910,132,126,3118,2787,8364,6059,8141,5597,7185,7467,4839,5371,1712,2114,1114,1533,285,843,47843,42206,7670,6968,9326,7976,10962,73,78
2021-09-16T23:59:59+02:00,174,177,3646,3294,9386,6789,8934,6150,7793,8159,5242,5797,1827,2253,1180,1616,322,909,132,125,3103,2772,8323,6037,8107,5571,7163,7443,4824,5364,1710,2113,1114,1533,284,841,47632,42087,7645,6958,9324,7967,10869,73,78
2021-09-15T23:59:59+02:00,172,177,3621,3281,9350,6770,8900,6125,7763,8141,5235,5777,1824,2249,1178,1616,321,908,129,125,3086,2768,8294,6020,8076,5544,7128,7424,4806,5347,1707,2110,1114,1530,282,838,47480,41951,7639,6950,9324,7963,10783,73,78
2021-09-14T23:59:59+02:00,171,176,3599,3262,9306,6747,8857,6097,7733,8109,5223,5758,1822,2246,1177,1615,320,908,129,123,3065,2751,8254,5993,8038,5526,7101,7399,4792,5329,1706,2110,1113,1527,282,837,47317,41817,7628,6941,9324,7960,10673,73,78
2021-09-13T23:59:59+02:00,169,176,3580,3248,9265,6729,8827,6072,7715,8077,5206,5741,1820,2242,1177,1615,320,907,127,121,3048,2743,8221,5978,8021,5512,7091,7377,4783,5323,1705,2106,1113,1525,282,837,47150,41712,7608,6935,9324,7959,10618,73,78
2021-09-12T23:59:59+02:00,169,175,3562,3246,9242,6719,8817,6062,7705,8062,5199,5733,1819,2241,1176,1612,320,906,126,120,3032,2735,8198,5964,8012,5501,7073,7361,4779,5314,1701,2105,1113,1525,282,836,47071,41630,7607,6930,9324,7951,10576,73,78
2021-09-11T23:59:59+02:00,169,175,3559,3243,9235,6715,8814,6060,7704,8060,5196,5731,1818,2240,1175,1612,320,906,125,120,3030,2734,8191,5961,8010,5498,7072,7356,4778,5312,1701,2105,1113,1525,282,836,47053,41615,7606,6930,9323,7951,10561,73,78
2021-09-10T23:59:59+02:00,168,171,3530,3237,9209,6693,8794,6047,7681,8038,5182,5711,1814,2237,1174,1612,320,906,124,117,3015,2729,8163,5936,7990,5483,7052,7336,4762,5293,1700,2104,1112,1523,282,836,46964,41547,7603,6925,9323,7950,10442,73,77
2021-09-09T23:59:59+02:00,166,170,3515,3219,9162,6665,8758,6024,7659,7997,5163,5700,1813,2234,1174,1612,320,906,122,116,3004,2720,8126,5909,7962,5462,7028,7305,4747,5278,1699,2100,1112,1523,282,836,46797,41434,7595,6913,9323,7941,10348,73,76
2021-09-08T23:59:59+02:00,165,168,3495,3209,9128,6656,8735,5995,7641,7967,5148,5683,1809,2232,1173,1610,320,905,120,114,2988,2708,8083,5892,7929,5438,7000,7268,4736,5256,1698,2099,1111,1523,282,836,46694,41304,7587,6904,9320,7937,10239,73,76
2021-09-07T23:59:59+02:00,164,166,3474,3204,9107,6632,8706,5975,7621,7948,5132,5672,1809,2230,1172,1609,320,902,118,113,2970,2700,8057,5869,7903,5415,6983,7243,4721,5244,1695,2095,1110,1522,282,836,46562,41178,7585,6894,9320,7931,10174,73,76
2021-09-06T23:59:59+02:00,164,166,3454,3191,9076,6611,8679,5963,7602,7920,5125,5660,1804,2221,1170,1609,319,902,118,113,2951,2686,8032,5856,7879,5405,6966,7214,4715,5229,1690,2093,1110,1522,282,836,46424,41071,7582,6891,9319,7930,10105,73,76
2021-09-05T23:59:59+02:00,164,165,3443,3186,9066,6602,8668,5953,7600,7910,5119,5650,1803,2220,1170,1609,319,901,118,112,2942,2684,8017,5842,7867,5393,6959,7206,4705,5223,1688,2092,1110,1521,282,836,46372,41014,7580,6883,9318,7929,10071,73,76
2021-09-04T23:59:59+02:00,164,164,3437,3184,9063,6597,8662,5952,7597,7909,5119,5649,1803,2220,1170,1609,319,901,117,112,2938,2680,8012,5835,7862,5393,6954,7204,4704,5222,1686,2091,1109,1521,282,836,46358,40993,7580,6880,9318,7928,10056,73,76
2021-09-03T23:59:59+02:00,162,163,3423,3167,9030,6586,8642,5935,7579,7893,5106,5634,1800,2217,1170,1608,319,899,116,109,2921,2664,7984,5821,7841,5374,6933,7181,4691,5202,1682,2089,1109,1519,282,834,46275,40903,7569,6858,9318,7927,9962,73,76
2021-09-02T23:59:59+02:00,162,160,3401,3149,8980,6563,8601,5915,7558,7868,5093,5616,1795,2212,1168,1607,319,898,115,108,2903,2650,7936,5803,7805,5353,6908,7154,4682,5181,1678,2084,1107,1518,282,831,46142,40792,7560,6847,9316,7922,9835,73,75
2021-09-01T23:59:59+02:00,160,160,3383,3138,8942,6549,8575,5902,7538,7851,5081,5608,1794,2210,1167,1604,319,898,112,106,2885,2642,7892,5780,7772,5336,6880,7131,4670,5167,1674,2082,1106,1515,282,831,46030,40646,7548,6824,9316,7920,9768,73,75
2021-08-31T23:59:59+02:00,158,159,3368,3129,8899,6527,8555,5892,7521,7830,5073,5599,1791,2208,1166,1603,319,897,111,105,2868,2631,7847,5760,7750,5318,6856,7103,4658,5148,1670,2080,1105,1515,282,831,45930,40528,7543,6815,9316,7905,9682,73,75
2021-08-30T23:59:59+02:00,157,159,3337,3111,8860,6498,8513,5871,7484,7796,5059,5582,1786,2206,1165,1603,319,897,111,104,2836,2618,7800,5736,7714,5301,6822,7080,4646,5129,1666,2078,1104,1515,282,830,45768,40400,7542,6805,9314,7903,9553,73,75
2021-08-29T23:59:59+02:00,156,159,3327,3093,8833,6490,8492,5861,7475,7786,5052,5572,1784,2203,1165,1603,318,897,111,101,2817,2594,7764,5728,7693,5281,6808,7066,4636,5124,1664,2077,1102,1514,281,830,45698,40297,7537,6794,9314,7898,9487,73,75
2021-08-28T23:59:59+02:00,155,159,3322,3092,8830,6487,8486,5860,7468,7784,5052,5570,1784,2202,1165,1602,318,897,111,100,2812,2589,7759,5722,7688,5278,6802,7062,4633,5123,1664,2077,1102,1513,281,830,45683,40271,7536,6793,9314,7898,9467,73,75
2021-08-27T23:59:59+02:00,154,159,3310,3088,8811,6478,8461,5852,7450,7775,5041,5562,1784,2202,1165,1601,318,897,111,99,2795,2583,7739,5715,7667,5264,6790,7055,4624,5115,1664,2077,1101,1511,281,830,45620,40207,7535,6792,9313,7897,9404,73,75
2021-08-26T23:59:59+02:00,154,158,3282,3074,8771,6454,8426,5839,7427,7753,5026,5551,1783,2199,1165,1600,318,896,108,96,2771,2560,7697,5686,7617,5236,6754,7025,4599,5100,1659,2071,1101,1510,281,830,45482,40010,7528,6775,9312,7877,9308,73,75
2021-08-25T23:59:59+02:00,150,156,3263,3065,8733,6437,8394,5823,7402,7730,5012,5529,1781,2195,1165,1598,318,896,105,93,2735,2540,7647,5650,7571,5200,6717,6987,4583,5071,1658,2066,1100,1509,281,830,45368,39773,7522,6767,9311,7869,9196,73,75
2021-08-24T23:59:59+02:00,150,155,3258,3056,8713,6421,8376,5806,7386,7708,5003,5517,1779,2194,1164,1596,318,894,104,93,2714,2520,7612,5617,7537,5179,6689,6960,4567,5054,1658,2064,1099,1509,281,829,45294,39601,7518,6758,9311,7865,9119,73,75
2021-08-23T23:59:59+02:00,149,150,3231,3039,8669,6400,8334,5785,7355,7679,4989,5503,1779,2192,1162,1594,318,893,103,92,2684,2501,7567,5577,7496,5161,6654,6929,4552,5038,1654,2064,1099,1507,280,829,45150,39440,7509,6743,9308,7859,8994,73,75
2021-08-22T23:59:59+02:00,149,150,3218,3031,8655,6383,8321,5778,7335,7668,4983,5497,1778,2191,1161,1594,318,893,102,92,2668,2485,7535,5554,7475,5147,6634,6908,4549,5028,1650,2059,1098,1507,279,828,45079,39304,7502,6733,9308,7856,8950,73,75
2021-08-21T23:59:59+02:00,148,150,3210,3026,8645,6374,8311,5776,7330,7663,4981,5491,1777,2191,1161,1593,318,893,97,90,2659,2477,7517,5544,7455,5137,6623,6901,4541,5019,1649,2057,1097,1507,279,828,45030,39226,7499,6706,9308,7855,8933,73,75
2021-08-20T23:59:59+02:00,147,148,3200,3018,8620,6358,8278,5756,7311,7640,4969,5479,1774,2188,1161,1592,318,891,95,88,2630,2463,7470,5511,7419,5106,6585,6863,4525,4998,1643,2053,1096,1504,279,826,44954,39051,7490,6668,9307,7845,8827,73,75
2021-08-19T23:59:59+02:00,146,145,3181,3004,8577,6334,8241,5737,7291,7614,4956,5461,1768,2185,1160,1590,318,890,92,83,2585,2443,7389,5461,7358,5069,6538,6804,4495,4965,1638,2049,1096,1503,279,826,44827,38718,7478,6635,9304,7834,8713,73,75
2021-08-18T23:59:59+02:00,145,143,3170,2995,8554,6317,8213,5722,7258,7596,4942,5452,1763,2183,1160,1590,317,889,90,81,2557,2423,7323,5426,7301,5035,6497,6770,4470,4942,1633,2045,1094,1503,279,825,44716,38474,7473,6583,9303,7824,8638,73,75
2021-08-17T23:59:59+02:00,145,143,3154,2986,8530,6292,8185,5708,7245,7573,4931,5440,1760,2181,1159,1589,316,889,86,78,2529,2403,7268,5377,7258,4999,6467,6731,4451,4921,1624,2039,1093,1499,278,825,44600,38204,7466,6542,9302,7818,8578,73,75
2021-08-16T23:59:59+02:00,143,142,3144,2974,8509,6277,8166,5702,7232,7557,4918,5427,1759,2180,1159,1589,316,889,79,76,2500,2373,7190,5333,7188,4966,6418,6689,4420,4895,1622,2036,1091,1498,278,825,44509,37830,7461,6527,9302,7805,8528,73,75
2021-08-15T23:59:59+02:00,142,141,3135,2960,8480,6267,8149,5692,7214,7542,4912,5416,1757,2177,1159,1588,316,889,71,73,2463,2337,7125,5300,7151,4938,6371,6659,4407,4882,1618,2031,1090,1496,278,825,44414,37529,7454,6506,9301,7800,8484,73,75
2021-08-14T23:59:59+02:00,140,141,3130,2954,8470,6264,8142,5691,7214,7539,4908,5414,1755,2176,1159,1587,316,889,71,72,2454,2328,7099,5287,7139,4927,6364,6645,4388,4873,1614,2028,1090,1494,278,824,44396,37432,7454,6493,9301,7797,8455,73,75
2021-08-13T23:59:59+02:00,140,140,3114,2951,8447,6256,8133,5678,7198,7527,4900,5405,1755,2172,1158,1586,316,889,71,70,2421,2308,7049,5256,7102,4899,6324,6616,4378,4858,1613,2024,1089,1494,278,824,44325,37196,7453,6479,9301,7796,8400,73,75
2021-08-12T23:59:59+02:00,138,135,3096,2943,8417,6235,8100,5658,7174,7503,4886,5390,1752,2170,1155,1584,316,889,70,69,2378,2272,6956,5205,7048,4860,6273,6566,4353,4828,1609,2021,1086,1493,278,824,44218,36872,7445,6445,9299,7771,8291,72,75
2021-08-11T23:59:59+02:00,136,132,3078,2927,8380,6209,8077,5646,7152,7482,4875,5377,1751,2168,1155,1583,316,889,68,67,2351,2239,6881,5147,6971,4818,6214,6501,4332,4789,1604,2012,1086,1491,278,822,44092,36449,7434,6414,9294,7764,8224,72,75
2021-08-10T23:59:59+02:00,136,130,3059,2917,8349,6197,8052,5626,7123,7466,4857,5368,1747,2168,1155,1581,316,888,67,63,2279,2182,6763,5084,6884,4746,6122,6436,4285,4765,1594,2004,1084,1489,278,820,43985,35835,7423,6389,9291,7750,8145,72,75
2021-08-09T23:59:59+02:00,133,130,3039,2908,8320,6175,8028,5617,7098,7447,4847,5356,1746,2167,1155,1581,316,887,63,62,2217,2123,6654,5004,6784,4704,6050,6380,4254,4732,1588,1994,1083,1488,278,820,43898,35330,7417,6334,9291,7727,8050,72,75
2021-08-08T23:59:59+02:00,133,129,3027,2901,8302,6166,8011,5605,7088,7439,4840,5352,1742,2167,1155,1581,316,886,63,61,2192,2096,6588,4971,6740,4677,6009,6358,4242,4715,1578,1990,1082,1486,278,819,43838,35092,7415,6290,9288,7717,8003,72,75
2021-08-07T23:59:59+02:00,132,128,3019,2894,8283,6154,7997,5598,7081,7428,4835,5347,1740,2167,1154,1581,316,886,60,54,2156,2073,6511,4922,6683,4645,5974,6322,4225,4701,1574,1989,1082,1483,278,819,43780,34771,7410,6262,9288,7708,7965,72,75
2021-08-06T23:59:59+02:00,132,127,3007,2884,8255,6143,7965,5575,7062,7406,4824,5333,1735,2165,1154,1580,316,886,54,51,2115,2033,6403,4850,6604,4610,5930,6283,4207,4680,1571,1986,1081,1480,278,819,43719,34412,7392,6234,9288,7691,7852,72,73
2021-08-05T23:59:59+02:00,131,126,2983,2868,8230,6122,7926,5555,7038,7382,4805,5310,1731,2162,1152,1576,316,885,50,47,2074,1984,6269,4743,6490,4551,5858,6218,4168,4638,1564,1978,1078,1478,278,819,43588,33913,7383,6143,9287,7634,7737,72,73
2021-08-04T23:59:59+02:00,128,122,2947,2847,8161,6088,7888,5530,7008,7351,4789,5294,1727,2158,1149,1575,316,885,50,42,2020,1947,6144,4671,6369,4497,5788,6150,4140,4599,1554,1972,1073,1475,278,818,43377,33407,7369,6095,9287,7599,7613,72,73
2021-08-03T23:59:59+02:00,126,121,2930,2827,8134,6075,7852,5513,6986,7326,4776,5281,1723,2157,1148,1572,316,885,47,42,1984,1916,6050,4606,6263,4444,5720,6092,4095,4557,1549,1965,1072,1473,278,818,43236,32925,7364,6050,9286,7574,7542,72,72
2021-08-02T23:59:59+02:00,126,121,2905,2801,8100,6051,7826,5499,6962,7309,4759,5272,1720,2153,1147,1572,315,885,46,41,1955,1880,5921,4513,6149,4380,5649,6039,4049,4524,1543,1951,1071,1470,277,817,43091,32351,7357,6009,9285,7555,7468,72,72
2021-08-01T23:59:59+02:00,126,120,2888,2785,8071,6029,7813,5482,6951,7301,4754,5265,1719,2152,1145,1572,315,885,43,40,1931,1859,5843,4468,6085,4334,5604,6015,4033,4505,1541,1948,1069,1467,277,817,42999,32051,7345,5980,9285,7532,7419,72,71
2021-07-31T23:59:59+02:00,124,119,2881,2778,8058,6022,7805,5478,6944,7292,4753,5262,1718,2152,1145,1572,315,885,40,30,1891,1815,5743,4403,6019,4286,5551,5976,4004,4481,1535,1945,1069,1466,277,817,42959,31556,7343,5968,9285,7526,7391,72,71
2021-07-30T23:59:59+02:00,121,117,2874,2770,8031,6006,7793,5461,6924,7278,4745,5254,1717,2150,1145,1571,315,885,36,29,1870,1792,5662,4360,5957,4233,5494,5929,3976,4462,1531,1943,1068,1463,277,817,42877,31190,7331,5943,9284,7515,7337,72,71
2021-07-29T23:59:59+02:00,119,115,2841,2754,7974,5964,7751,5417,6893,7237,4722,5234,1715,2145,1143,1570,315,885,31,25,1830,1764,5533,4256,5823,4157,5400,5843,3928,4409,1524,1933,1065,1461,277,817,42673,30603,7318,5884,9278,7474,7189,72,71
2021-07-28T23:59:59+02:00,116,113,2822,2740,7945,5937,7724,5389,6870,7214,4708,5218,1710,2143,1142,1568,314,884,30,22,1793,1719,5431,4181,5706,4086,5314,5769,3890,4375,1511,1925,1063,1459,277,816,42497,30035,7308,5825,9274,7430,7142,72,71
2021-07-27T23:59:59+02:00,112,112,2806,2721,7905,5921,7692,5372,6851,7196,4696,5206,1710,2141,1141,1567,313,884,28,22,1747,1690,5294,4095,5580,4003,5224,5701,3850,4324,1502,1914,1061,1456,276,816,42380,29441,7292,5744,9273,7386,7065,72,71
2021-07-26T23:59:59+02:00,110,110,2780,2702,7870,5897,7658,5355,6829,7175,4691,5194,1708,2141,1139,1567,313,884,28,22,1702,1632,5153,4028,5478,3936,5151,5631,3792,4290,1499,1902,1060,1450,276,815,42236,28860,7269,5676,9270,7339,7007,72,71
2021-07-25T23:59:59+02:00,104,108,2765,2688,7834,5876,7631,5347,6808,7156,4681,5188,1706,2138,1138,1566,313,883,25,19,1678,1607,5092,3981,5418,3905,5101,5597,3759,4266,1495,1897,1059,1449,276,815,42094,28565,7261,5642,9267,7303,6959,72,71
2021-07-24T23:59:59+02:00,104,106,2752,2675,7809,5863,7606,5333,6793,7143,4671,5183,1705,2135,1138,1566,313,883,24,18,1657,1586,5044,3959,5344,3857,5059,5573,3739,4258,1493,1895,1058,1447,276,814,42012,28364,7238,5549,9266,7302,6910,72,71
2021-07-23T23:59:59+02:00,102,104,2729,2653,7753,5842,7578,5309,6754,7117,4652,5172,1703,2131,1136,1566,313,883,20,15,1599,1556,4892,3853,5207,3789,4984,5502,3685,4227,1491,1886,1057,1442,275,814,41843,27703,7230,5520,9264,7281,6799,72,71
2021-07-22T23:59:59+02:00,101,101,2696,2624,7681,5792,7524,5272,6707,7068,4617,5148,1696,2124,1135,1565,313,882,19,15,1547,1519,4721,3774,5052,3707,4824,5420,3606,4174,1478,1876,1052,1440,275,813,41531,27039,7204,5375,9254,7211,6685,72,71
2021-07-21T23:59:59+02:00,100,98,2668,2609,7616,5761,7474,5233,6647,7027,4594,5125,1689,2118,1134,1562,313,880,19,13,1509,1471,4599,3691,4919,3639,4724,5314,3531,4134,1465,1864,1049,1439,275,810,41281,26551,7165,5165,9248,7151,6574,72,70
2021-07-20T23:59:59+02:00,100,98,2647,2584,7561,5729,7438,5204,6608,6987,4570,5106,1685,2114,1134,1561,313,879,18,13,1476,1437,4468,3622,4829,3585,4622,5234,3480,4100,1461,1854,1048,1438,275,809,41034,26051,7156,5084,9245,7095,6498,72,70
2021-07-19T23:59:59+02:00,99,98,2625,2559,7505,5689,7393,5183,6565,6955,4552,5090,1679,2108,1132,1558,313,878,17,10,1452,1410,4392,3572,4744,3548,4548,5173,3445,4071,1455,1848,1043,1435,273,808,40751,25726,7142,4957,9243,7054,6456,72,70
2021-07-18T23:59:59+02:00,99,96,2597,2536,7437,5654,7358,5154,6522,6916,4535,5080,1673,2100,1130,1558,312,877,15,10,1431,1385,4346,3531,4706,3518,4499,5149,3411,4058,1449,1838,1042,1435,273,806,40451,25520,7126,4879,9238,7028,6421,72,69
2021-07-17T23:59:59+02:00,94,93,2585,2522,7420,5640,7341,5137,6504,6901,4514,5069,1669,2099,1130,1557,312,875,15,10,1417,1371,4307,3499,4654,3495,4459,5117,3381,4046,1444,1835,1042,1433,273,806,40344,25339,7117,4821,9235,7020,6366,72,69
2021-07-16T23:59:59+02:00,94,90,2548,2500,7356,5604,7283,5096,6459,6858,4487,5041,1662,2093,1129,1556,312,875,14,9,1374,1343,4206,3445,4564,3453,4372,5060,3319,3999,1431,1827,1037,1431,273,805,40154,24988,7096,4786,9227,6954,6157,72,69
2021-07-15T23:59:59+02:00,91,86,2498,2474,7285,5569,7225,5057,6412,6802,4469,5015,1658,2088,1127,1553,311,875,12,9,1316,1309,4011,3332,4377,3351,4228,4961,3258,3934,1420,1819,1032,1426,272,805,39831,24283,7076,4550,9220,6889,6053,70,69
2021-07-14T23:59:59+02:00,90,83,2464,2458,7212,5540,7154,5023,6358,6755,4446,4992,1650,2081,1125,1551,311,874,11,9,1269,1269,3881,3237,4268,3283,4115,4896,3211,3890,1408,1809,1031,1422,272,805,39513,23761,7056,4445,9218,6815,5956,70,69
2021-07-13T23:59:59+02:00,86,80,2434,2432,7159,5511,7090,4983,6319,6704,4426,4974,1640,2075,1123,1551,311,874,10,7,1236,1230,3765,3139,4145,3214,4027,4806,3158,3832,1381,1803,1029,1416,270,803,39199,23257,7047,4299,9215,6710,5881,70,69
2021-07-12T23:59:59+02:00,81,80,2408,2408,7087,5467,7021,4938,6268,6663,4397,4948,1635,2072,1120,1551,311,874,9,7,1203,1206,3653,3048,4026,3141,3926,4725,3105,3786,1367,1793,1025,1408,270,803,38853,22782,7033,4165,9211,6624,5794,69,68
2021-07-11T23:59:59+02:00,74,77,2394,2392,7048,5441,6992,4914,6238,6645,4388,4941,1632,2069,1118,1551,310,874,9,7,1189,1187,3599,3000,3967,3104,3870,4696,3082,3772,1358,1781,1023,1404,270,803,38732,22586,7014,4125,9205,6563,5706,68,68
2021-07-10T23:59:59+02:00,73,76,2365,2357,6967,5402,6927,4876,6188,6610,4365,4930,1628,2066,1118,1548,310,873,9,7,1166,1166,3542,2957,3919,3074,3832,4664,3064,3759,1352,1774,1023,1402,270,803,38481,22395,6988,4124,9192,6547,5568,68,68
2021-07-09T23:59:59+02:00,72,73,2339,2339,6899,5367,6882,4853,6138,6577,4347,4907,1626,2060,1118,1547,310,873,5,3,1141,1149,3491,2908,3867,3031,3777,4623,3036,3729,1350,1758,1021,1401,270,803,38257,22146,6961,4090,9181,6493,5470,68,68
2021-07-08T23:59:59+02:00,67,70,2288,2294,6806,5299,6782,4800,6073,6511,4309,4872,1619,2050,1116,1544,310,873,4,3,1067,1095,3322,2816,3671,2951,3593,4525,2966,3666,1335,1741,1019,1392,269,802,37921,21634,6884,3797,9149,6353,5263,68,68
2021-07-07T23:59:59+02:00,67,69,2211,2242,6693,5225,6680,4746,6000,6453,4274,4823,1612,2041,1113,1540,309,873,4,3,1012,1057,3170,2733,3490,2865,3434,4419,2913,3604,1319,1711,1012,1383,269,800,37423,21062,6842,3551,9124,6273,5105,68,68
2021-07-06T23:59:59+02:00,64,68,2165,2202,6586,5168,6590,4700,5944,6385,4234,4789,1605,2035,1110,1535,309,873,4,3,976,1014,3054,2629,3402,2806,3360,4327,2858,3544,1293,1680,1008,1374,269,800,36969,20548,6789,3442,9108,6182,5005,68,68
2021-07-05T23:59:59+02:00,62,68,2094,2156,6447,5098,6472,4663,5873,6327,4196,4752,1599,2027,1108,1533,309,871,4,3,931,976,2944,2556,3322,2760,3285,4259,2814,3488,1272,1662,1002,1364,269,797,36477,20159,6740,3364,9082,6098,4850,68,67
2021-07-04T23:59:59+02:00,62,67,2055,2110,6359,5050,6434,4633,5830,6307,4178,4729,1596,2024,1108,1531,309,870,4,3,893,950,2876,2501,3285,2733,3249,4224,2789,3465,1258,1642,1000,1363,268,797,36263,20004,6702,3306,9058,6024,4719,68,67
2021-07-03T23:59:59+02:00,58,52,1954,2026,6142,4885,6279,4544,5743,6218,4128,4694,1592,2020,1107,1527,309,870,4,3,854,921,2804,2454,3227,2704,3208,4174,2758,3434,1252,1637,999,1359,267,795,35406,19805,6666,3303,9050,5999,4497,68,67
2021-07-02T23:59:59+02:00,49,45,1914,1986,6060,4839,6235,4516,5721,6188,4113,4676,1591,2014,1105,1526,308,870,4,3,830,894,2730,2403,3157,2656,3163,4123,2727,3397,1233,1618,995,1353,267,793,35115,19485,6631,3276,9045,5897,4429,67,67
2021-07-01T23:59:59+02:00,45,38,1861,1944,5950,4766,6152,4467,5640,6121,4086,4645,1588,2008,1104,1525,308,869,4,3,752,841,2529,2313,2966,2565,2983,4004,2626,3304,1210,1594,985,1337,267,791,34686,18667,6582,3047,9028,5791,4278,67,67
2021-06-30T23:59:59+02:00,45,37,1811,1884,5823,4680,6049,4413,5577,6072,4072,4620,1584,2000,1102,1522,308,869,4,2,715,805,2415,2237,2852,2506,2873,3910,2559,3224,1186,1568,976,1327,266,790,34236,18180,6518,2921,9012,5656,4146,66,67
2021-06-29T23:59:59+02:00,43,35,1746,1802,5707,4589,5949,4352,5520,6013,4044,4591,1576,1994,1101,1521,308,867,3,2,679,756,2329,2149,2775,2440,2767,3791,2501,3173,1173,1534,964,1317,265,787,33672,17667,6482,2844,9004,5539,4027,65,67
2021-06-28T23:59:59+02:00,41,33,1709,1742,5585,4518,5877,4300,5474,5974,4014,4566,1574,1985,1100,1520,308,867,3,2,665,726,2222,2075,2694,2376,2687,3704,2449,3124,1156,1516,957,1311,265,785,33237,17309,6425,2692,8994,5433,3942,65,67
2021-06-27T23:59:59+02:00,41,32,1676,1715,5531,4479,5833,4267,5424,5959,4003,4554,1571,1981,1100,1519,308,867,3,2,645,708,2166,2032,2649,2346,2638,3661,2417,3103,1148,1502,955,1302,265,785,33043,17142,6391,2630,8972,5344,3863,65,67
2021-06-26T23:59:59+02:00,34,27,1642,1686,5458,4431,5740,4222,5383,5927,3984,4538,1570,1979,1100,1517,308,867,3,2,637,697,2133,2004,2613,2324,2619,3635,2394,3085,1131,1492,954,1300,265,785,32670,16907,6306,2625,8972,5326,3863,65,66
2021-06-25T23:59:59+02:00,28,21,1605,1646,5347,4359,5684,4193,5342,5903,3962,4528,1567,1978,1098,1516,307,867,2,2,629,674,2078,1973,2544,2256,2518,3501,2347,2984,1120,1470,951,1297,264,784,32233,16426,6277,2595,8971,5146,3861,65,66
2021-06-24T23:59:59+02:00,21,16,1552,1593,5164,4243,5553,4137,5238,5858,3922,4501,1563,1974,1098,1515,306,866,2,2,587,652,1961,1900,2359,2186,2346,3416,2240,2889,1090,1447,941,1291,263,780,31570,15901,6215,2249,8961,5062,3749,65,66
2021-06-23T23:59:59+02:00,20,16,1518,1544,5073,4180,5474,4080,5189,5814,3900,4464,1554,1968,1095,1512,305,866,2,2,556,629,1885,1835,2245,2133,2225,3321,2137,2799,1063,1425,936,1283,262,779,31109,15311,6162,2167,8955,4918,3713,65,66
2021-06-22T23:59:59+02:00,20,16,1486,1527,4997,4111,5386,4031,5143,5768,3873,4441,1549,1962,1094,1511,305,866,2,2,538,607,1816,1784,2154,2078,2140,3213,2033,2710,1048,1403,926,1271,262,775,30680,14871,6117,2026,8950,4751,3687,65,65
2021-06-21T23:59:59+02:00,19,16,1452,1484,4869,4019,5303,3986,5073,5707,3844,4418,1545,1949,1092,1506,304,864,2,2,522,589,1775,1739,2114,2036,2086,3126,1966,2628,1030,1373,902,1250,262,772,30115,14559,6076,1926,8948,4605,3646,65,65
2021-06-20T23:59:59+02:00,18,14,1421,1451,4789,3947,5249,3966,5038,5686,3820,4408,1542,1948,1091,1506,303,864,2,2,504,572,1743,1709,2088,2012,2057,3098,1923,2591,1022,1357,900,1243,262,771,29803,14370,6039,1887,8934,4541,3610,65,64
2021-06-19T23:59:59+02:00,17,14,1402,1429,4744,3913,5223,3939,5007,5660,3799,4395,1535,1946,1091,1505,303,864,2,2,495,566,1722,1685,2067,1986,2043,3072,1898,2551,1012,1350,896,1242,260,770,29610,14187,5970,1855,8932,4534,3589,65,63
2021-06-18T23:59:59+02:00,12,10,1376,1411,4667,3869,5170,3896,4958,5621,3773,4383,1532,1943,1089,1503,303,864,2,2,480,556,1701,1670,2039,1955,1997,3023,1847,2498,999,1335,894,1238,259,768,29262,13879,5922,1853,8931,4485,3576,65,63
2021-06-17T23:59:59+02:00,9,9,1338,1373,4493,3787,4976,3818,4779,5531,3718,4338,1525,1940,1089,1502,302,864,2,2,442,535,1596,1632,1855,1892,1835,2925,1744,2415,977,1317,883,1226,257,766,28632,13407,5860,1742,8923,4395,3273,64,62
2021-06-16T23:59:59+02:00,9,8,1307,1341,4388,3701,4874,3764,4676,5468,3671,4312,1518,1936,1087,1498,302,863,2,2,424,514,1533,1592,1792,1858,1754,2842,1686,2337,959,1291,873,1210,256,763,28134,12987,5744,1670,8907,4316,3219,64,62
2021-06-15T23:59:59+02:00,9,8,1273,1310,4246,3610,4797,3697,4600,5398,3629,4278,1508,1928,1082,1495,302,861,2,2,411,493,1472,1539,1738,1811,1685,2785,1616,2269,942,1265,868,1199,254,762,27559,12644,5706,1587,8892,4243,3136,64,62
2021-06-14T23:59:59+02:00,9,6,1246,1269,4152,3550,4715,3640,4516,5323,3574,4248,1503,1920,1081,1489,300,860,2,2,403,480,1425,1503,1688,1776,1632,2718,1559,2217,933,1242,864,1192,253,761,27072,12390,5608,1511,8888,4157,3080,63,61
2021-06-13T23:59:59+02:00,9,6,1229,1251,4101,3512,4664,3598,4465,5278,3554,4232,1502,1914,1081,1487,299,859,2,2,395,472,1390,1486,1647,1751,1589,2681,1524,2175,915,1223,860,1182,252,759,26807,12201,5572,1487,8883,4078,3019,63,61
2021-06-12T23:59:59+02:00,9,5,1215,1225,4070,3492,4634,3574,4447,5260,3541,4222,1500,1910,1080,1486,299,858,2,2,391,470,1377,1466,1621,1726,1568,2659,1497,2156,907,1213,850,1179,252,758,26612,12054,5561,1486,8882,4017,3007,63,60
2021-06-11T23:59:59+02:00,8,5,1198,1210,4029,3446,4561,3547,4404,5222,3510,4210,1499,1908,1079,1483,299,857,2,2,381,457,1354,1425,1592,1704,1525,2616,1451,2114,896,1198,847,1173,252,757,26304,11806,5528,1477,8878,3938,2988,63,60
2021-06-10T23:59:59+02:00,8,4,1134,1154,3905,3356,4424,3463,4306,5156,3457,4173,1494,1900,1077,1482,299,857,2,2,360,439,1289,1384,1517,1646,1458,2544,1365,2016,870,1167,843,1164,251,754,25687,11372,5384,1464,8859,3774,2909,63,59
2021-06-09T23:59:59+02:00,7,2,1082,1116,3754,3246,4282,3400,4217,5078,3409,4131,1488,1894,1075,1479,299,857,1,2,342,419,1225,1340,1453,1610,1403,2464,1284,1949,842,1112,836,1150,250,752,25169,11066,5199,1403,8850,3632,2767,63,59
2021-06-08T23:59:59+02:00,6,2,1023,1072,3608,3146,4161,3318,4106,4994,3356,4101,1482,1890,1073,1476,298,855,1,1,325,399,1174,1299,1395,1573,1344,2405,1237,1876,819,1077,825,1134,246,749,24581,10818,5053,1353,8838,3490,2641,63,57
2021-06-07T23:59:59+02:00,5,2,995,1044,3495,3066,4022,3281,3983,4926,3301,4074,1468,1885,1072,1474,298,853,1,0,318,393,1128,1259,1337,1550,1295,2355,1170,1823,805,1057,811,1117,244,744,24176,10647,4866,1318,8832,3358,2497,63,57
2021-06-06T23:59:59+02:00,5,2,971,1033,3432,3027,3942,3230,3908,4896,3269,4058,1466,1880,1069,1473,297,853,1,0,310,383,1112,1231,1303,1517,1274,2298,1140,1764,793,1042,803,1109,244,740,23960,10533,4722,1263,8819,3248,2424,63,56
2021-06-05T23:59:59+02:00,5,2,958,1015,3356,2963,3886,3199,3871,4871,3259,4054,1465,1878,1069,1472,297,852,1,0,303,373,1092,1208,1283,1501,1247,2268,1108,1744,781,1019,801,1105,244,740,23664,10362,4715,1260,8815,3204,2384,62,55
2021-06-04T23:59:59+02:00,3,2,931,995,3308,2907,3809,3159,3806,4815,3230,4033,1461,1874,1067,1472,297,852,1,0,293,365,1070,1179,1257,1485,1220,2227,1077,1716,765,997,795,1100,244,737,23334,10225,4669,1255,8811,3141,2295,62,55
2021-06-03T23:59:59+02:00,3,2,886,961,3148,2806,3618,3052,3628,4699,3140,3958,1451,1863,1063,1467,297,852,0,0,282,355,1034,1138,1201,1427,1149,2139,1015,1658,726,959,787,1087,244,736,22633,10001,4434,1236,8793,2974,2099,62,54
2021-06-02T23:59:59+02:00,3,2,858,949,3072,2736,3560,3010,3564,4636,3098,3931,1449,1858,1063,1466,297,852,0,0,269,346,1004,1114,1157,1408,1105,2096,961,1614,712,927,784,1082,244,735,22267,9784,4414,1222,8793,2935,1982,62,54
2021-06-01T23:59:59+02:00,3,2,811,913,2907,2616,3377,2914,3394,4529,3037,3869,1439,1851,1060,1460,297,852,0,0,257,331,920,1050,1061,1349,1021,1988,911,1534,683,874,776,1073,243,728,21640,9496,4196,1188,8780,2726,1737,62,53
2021-05-31T23:59:59+02:00,3,2,772,884,2783,2529,3231,2816,3287,4437,2984,3816,1434,1838,1058,1455,297,852,0,0,242,314,879,1007,993,1298,972,1911,873,1475,663,850,770,1068,242,728,21230,9325,3951,1173,8760,2589,1535,62,52
2021-05-30T23:59:59+02:00,3,2,761,872,2724,2482,3162,2776,3229,4395,2963,3795,1430,1832,1058,1455,297,851,0,0,232,297,835,961,937,1256,927,1849,848,1417,650,834,766,1059,242,727,21075,9223,3889,1163,8749,2415,1364,62,52
2021-05-29T23:59:59+02:00,3,2,758,869,2705,2465,3140,2762,3211,4379,2955,3786,1428,1831,1058,1455,297,851,0,0,229,286,830,948,918,1227,911,1801,834,1384,637,813,764,1054,241,727,20948,9131,3887,1162,8746,2275,1363,61,51
2021-05-28T23:59:59+02:00,3,2,749,857,2665,2424,3090,2733,3186,4355,2945,3771,1428,1828,1056,1450,297,851,0,0,225,277,817,928,906,1202,895,1759,806,1344,619,783,759,1046,240,725,20692,8949,3875,1157,8743,2187,1359,61,50
2021-05-27T23:59:59+02:00,3,2,703,834,2532,2357,2954,2662,3042,4274,2862,3721,1419,1817,1055,1448,296,849,0,0,210,260,754,876,824,1145,807,1661,740,1261,594,750,750,1027,239,723,20191,8737,3737,1121,8709,1921,1151,61,48
2021-05-26T23:59:59+02:00,3,2,668,800,2421,2281,2789,2595,2918,4207,2812,3671,1409,1806,1054,1440,294,844,0,0,201,240,712,836,775,1109,764,1592,700,1203,579,725,732,994,238,720,19763,8513,3486,1110,8681,1781,1019,61,48
2021-05-25T23:59:59+02:00,3,2,645,780,2328,2219,2685,2549,2816,4123,2765,3634,1397,1798,1051,1436,293,842,0,0,189,227,688,806,739,1072,726,1534,650,1141,559,705,712,965,237,718,19386,8291,3306,1075,8637,1643,961,60,45
2021-05-24T23:59:59+02:00,3,2,630,755,2268,2177,2610,2514,2744,4066,2708,3591,1384,1791,1045,1435,293,841,0,0,184,219,665,788,712,1040,691,1477,625,1089,541,692,705,961,237,716,19184,8197,3123,1064,8602,1522,861,60,44
2021-05-23T23:59:59+02:00,3,2,626,754,2250,2162,2598,2499,2733,4050,2696,3577,1381,1789,1045,1433,293,841,0,0,182,218,659,780,703,1034,675,1465,615,1082,538,685,700,956,236,713,19059,8116,3120,1058,8602,1510,860,60,42
2021-05-22T23:59:59+02:00,3,2,619,741,2224,2139,2560,2478,2711,4017,2663,3549,1374,1785,1044,1431,293,840,0,0,180,210,651,777,697,1023,663,1458,610,1076,528,676,694,945,236,713,18805,8054,3119,1058,8600,1473,851,60,42
2021-05-21T23:59:59+02:00,3,2,604,725,2136,2101,2473,2424,2642,3968,2619,3504,1367,1772,1042,1430,292,839,0,0,178,207,645,767,687,1014,651,1446,595,1056,516,651,687,937,236,711,18309,7967,3092,1057,8577,1411,847,60,42
2021-05-20T23:59:59+02:00,3,2,568,701,2012,2024,2338,2346,2509,3867,2540,3419,1351,1756,1040,1424,292,837,0,0,169,196,612,727,654,975,619,1390,569,992,495,621,681,928,236,710,17644,7843,2966,1046,8501,1200,773,60,40
2021-05-19T23:59:59+02:00,2,2,531,667,1894,1937,2189,2274,2366,3766,2439,3322,1334,1738,1032,1421,290,837,0,0,155,189,583,703,620,941,586,1336,544,932,481,599,671,904,235,708,16869,7688,2894,1028,8459,1099,649,59,39
2021-05-18T23:59:59+02:00,2,1,502,645,1813,1854,2084,2216,2251,3647,2344,3231,1323,1718,1025,1414,290,833,0,0,148,180,561,674,595,911,570,1258,525,869,463,572,662,890,234,705,16337,7564,2723,990,8402,989,543,59,39
2021-05-17T23:59:59+02:00,2,0,482,631,1753,1815,2030,2165,2173,3534,2282,3156,1304,1698,1018,1407,289,831,0,0,142,172,544,660,586,872,557,1198,508,813,445,541,660,882,234,704,16029,7487,2562,960,8332,885,446,59,39
2021-05-16T23:59:59+02:00,2,0,477,630,1726,1788,1988,2134,2132,3484,2226,3097,1289,1689,1016,1402,289,830,0,0,138,171,534,641,572,855,542,1151,491,775,419,511,658,879,234,703,15842,7431,2492,931,8287,799,365,59,38
2021-05-15T23:59:59+02:00,2,0,472,625,1696,1769,1969,2113,2111,3459,2201,3057,1281,1688,1015,1400,288,830,0,0,137,168,531,639,571,851,537,1146,485,765,416,509,656,877,234,703,15630,7402,2491,930,8278,787,359,58,37
2021-05-14T23:59:59+02:00,2,0,455,610,1664,1733,1925,2072,2030,3389,2160,3016,1273,1678,1013,1400,286,830,0,0,134,162,524,624,551,826,518,1112,471,749,400,493,651,871,234,701,15258,7342,2448,914,8257,680,333,58,37
2021-05-13T23:59:59+02:00,1,0,428,588,1589,1681,1811,2018,1911,3303,2093,2926,1249,1660,1006,1398,284,826,0,0,128,159,509,617,541,810,509,1096,457,736,383,465,639,845,234,696,14824,7256,2186,874,8203,640,300,57,36
2021-05-12T23:59:59+02:00,1,0,420,583,1568,1670,1793,2008,1888,3281,2078,2911,1247,1655,1002,1396,284,826,0,0,128,157,506,617,540,804,506,1091,453,729,377,453,638,839,234,696,14691,7212,2160,865,8195,638,298,55,36
2021-05-11T23:59:59+02:00,1,0,401,562,1487,1630,1683,1967,1775,3187,1970,2843,1232,1631,998,1386,284,826,0,0,121,148,489,583,519,776,485,1059,425,708,354,425,629,833,234,696,14281,7113,1979,836,8078,540,232,55,36
2021-05-10T23:59:59+02:00,1,0,385,545,1442,1598,1629,1933,1700,3122,1912,2776,1225,1617,994,1380,284,823,0,0,121,145,483,578,510,753,477,1034,419,688,345,413,627,829,234,695,14002,7065,1897,828,7954,488,206,55,34
2021-05-09T23:59:59+02:00,1,0,378,534,1397,1571,1594,1913,1655,3085,1850,2736,1212,1605,991,1375,284,822,0,0,116,142,476,568,500,745,468,1024,409,676,335,402,622,824,234,694,13762,7028,1839,817,7901,436,185,55,33
2021-05-08T23:59:59+02:00,1,0,373,529,1383,1550,1560,1893,1632,3060,1818,2714,1205,1598,988,1374,283,822,0,0,115,142,475,568,497,744,467,1019,409,670,334,400,618,816,234,694,13546,7012,1833,811,7898,425,183,55,33
2021-05-07T23:59:59+02:00,1,0,361,521,1354,1520,1506,1874,1572,2999,1770,2663,1198,1590,987,1368,283,819,0,0,111,138,464,554,484,716,455,984,393,645,332,380,603,804,233,692,13271,6960,1804,786,7832,321,146,55,32
2021-05-06T23:59:59+02:00,1,0,337,507,1256,1478,1394,1817,1429,2884,1639,2570,1167,1559,984,1357,283,816,0,0,109,134,448,536,473,697,440,960,379,625,323,365,590,791,233,689,12775,6897,1614,768,7608,233,118,52,29
2021-05-05T23:59:59+02:00,1,0,322,492,1215,1447,1349,1776,1362,2815,1559,2484,1148,1534,978,1344,283,811,0,0,108,130,436,526,468,684,432,950,374,607,306,353,573,774,233,688,12347,6826,1549,749,7542,184,110,52,25
2021-05-04T23:59:59+02:00,1,0,313,480,1164,1413,1310,1749,1315,2769,1506,2425,1132,1505,973,1333,281,807,0,0,104,127,427,513,465,677,420,930,363,590,294,337,562,754,233,688,12019,6749,1487,722,7493,143,98,51,23
2021-05-03T23:59:59+02:00,1,0,307,474,1128,1389,1274,1729,1284,2734,1463,2386,1115,1479,967,1326,280,803,0,0,96,123,415,505,455,670,413,923,353,582,283,329,544,737,231,686,11770,6666,1462,713,7448,124,70,51,21
2021-05-02T23:59:59+02:00,1,0,303,473,1112,1374,1242,1712,1257,2715,1452,2364,1106,1465,964,1325,280,800,0,0,93,121,408,497,449,665,408,917,349,579,279,321,524,726,231,686,11638,6624,1446,692,7413,110,53,50,19
2021-05-01T23:59:59+02:00,1,0,299,468,1103,1366,1232,1699,1242,2703,1434,2347,1100,1459,961,1322,280,799,0,0,93,120,408,496,445,665,406,913,349,577,277,321,524,726,231,686,11503,6614,1445,692,7412,107,52,50,17
2021-04-30T23:59:59+02:00,1,0,294,459,1092,1342,1209,1679,1212,2640,1380,2297,1087,1441,956,1319,280,796,0,0,91,118,405,491,441,658,404,888,344,567,272,314,522,721,231,685,11201,6597,1440,682,7408,80,22,50,16
2021-04-29T23:59:59+02:00,1,0,278,445,1037,1312,1161,1639,1165,2583,1290,2233,1044,1399,951,1311,279,794,0,0,91,116,400,489,436,653,395,876,336,559,262,304,511,711,230,682,10727,6537,1402,662,7344,56,21,49,16
2021-04-28T23:59:59+02:00,1,0,267,439,1023,1294,1133,1625,1132,2542,1223,2180,1012,1346,943,1309,279,793,0,0,87,114,394,486,431,643,389,868,333,547,247,287,501,699,229,681,10443,6469,1352,628,7290,41,20,48,15
2021-04-27T23:59:59+02:00,1,0,263,429,1002,1278,1112,1613,1108,2519,1199,2156,987,1311,937,1305,279,790,0,0,85,111,390,481,429,636,387,864,325,541,243,279,487,680,228,680,10252,6416,1324,600,7253,34,19,43,13
2021-04-26T23:59:59+02:00,1,0,260,423,995,1269,1102,1597,1078,2502,1150,2109,968,1291,931,1298,278,789,0,0,85,111,386,473,429,633,383,861,324,535,237,271,477,671,228,680,10079,6380,1309,575,7187,32,19,41,13
2021-04-25T23:59:59+02:00,1,0,259,421,986,1256,1084,1588,1061,2484,1120,2081,947,1268,928,1290,278,789,0,0,84,110,384,465,426,632,382,856,323,534,236,267,472,663,228,679,9947,6361,1284,559,7139,24,19,40,13
2021-04-24T23:59:59+02:00,1,0,255,416,971,1243,1072,1572,1045,2464,1095,2064,938,1244,925,1286,278,789,0,0,84,110,384,465,424,632,382,853,322,531,235,266,471,660,228,679,9778,6354,1284,551,7117,23,19,38,13
2021-04-23T23:59:59+02:00,1,0,253,406,960,1226,1062,1561,1028,2445,1041,2021,917,1220,923,1279,278,786,0,0,83,109,384,464,423,631,381,851,319,528,231,260,466,654,228,679,9624,6331,1271,538,7022,23,19,37,12
2021-04-22T23:59:59+02:00,1,0,249,396,936,1202,1038,1541,999,2405,994,1959,889,1180,916,1266,278,783,0,0,83,107,382,458,417,624,376,842,317,523,225,254,457,644,227,677,9353,6276,1223,523,6955,16,19,37,11
2021-04-21T23:59:59+02:00,1,0,245,391,911,1184,1012,1524,965,2370,949,1911,856,1130,908,1252,278,780,0,0,82,105,379,457,415,620,372,836,312,514,222,249,447,629,226,674,9062,6223,1198,502,6897,15,19,37,11
2021-04-20T23:59:59+02:00,1,0,238,386,892,1157,994,1503,939,2320,910,1859,811,1067,896,1235,276,777,0,0,82,104,377,455,412,615,365,831,309,508,216,240,436,610,225,674,8779,6159,1130,487,6834,14,19,37,11
2021-04-19T23:59:59+02:00,1,0,235,376,871,1145,981,1483,923,2289,883,1824,782,1038,892,1228,276,773,0,0,81,103,376,453,407,610,362,821,305,498,216,235,424,592,223,669,8600,6097,1114,467,6766,12,18,36,11
2021-04-18T23:59:59+02:00,1,0,234,372,863,1135,968,1474,902,2269,864,1805,756,999,890,1223,275,771,0,0,80,101,372,451,407,610,361,817,305,495,215,231,418,588,223,669,8479,6077,1086,455,6706,12,18,36,10
2021-04-17T23:59:59+02:00,1,0,233,369,861,1132,962,1471,894,2263,860,1798,741,974,888,1217,275,771,0,0,80,98,370,447,405,610,358,813,304,490,212,225,412,581,223,668,8414,6034,1085,451,6680,12,18,36,10
2021-04-16T23:59:59+02:00,1,0,232,368,851,1127,949,1451,878,2242,831,1761,703,917,877,1207,273,767,0,0,76,96,367,440,402,608,349,800,299,478,198,210,407,573,220,665,8221,5964,1069,412,6610,11,18,36,9
2021-04-15T23:59:59+02:00,1,0,230,361,825,1109,932,1436,850,2196,790,1722,669,869,868,1187,273,763,0,0,74,95,363,433,396,602,342,792,292,475,190,204,391,550,218,660,7993,5881,1057,384,6490,10,18,33,8
2021-04-14T23:59:59+02:00,1,0,228,354,814,1098,922,1422,836,2161,773,1694,631,827,839,1139,273,759,0,0,71,91,355,430,391,594,339,782,282,467,180,188,374,529,216,654,7770,5781,1041,349,6417,10,18,29,8
2021-04-13T23:59:59+02:00,1,0,223,350,804,1093,913,1411,825,2136,745,1665,584,775,817,1107,272,756,0,0,69,88,346,422,378,589,330,775,277,463,177,184,361,516,215,651,7610,5708,996,321,6326,8,18,26,8
2021-04-12T23:59:59+02:00,1,0,221,349,799,1087,904,1397,798,2115,727,1646,553,748,806,1090,271,754,0,0,68,84,332,416,374,583,325,767,271,457,170,179,353,504,214,645,7513,5629,975,296,6233,8,18,22,8
2021-04-11T23:59:59+02:00,0,0,217,347,791,1075,895,1392,783,2098,716,1629,539,724,797,1069,270,751,0,0,67,82,327,414,370,581,323,763,270,452,164,171,346,501,212,642,7449,5581,955,286,6142,7,18,20,8
2021-04-10T23:59:59+02:00,0,0,217,345,791,1072,890,1390,773,2090,706,1620,532,709,790,1056,269,751,0,0,63,74,301,397,351,566,309,748,256,444,157,163,341,486,211,640,7395,5401,948,280,6111,7,17,18,8
2021-04-09T23:59:59+02:00,0,0,217,342,785,1069,875,1367,765,2008,690,1535,496,648,770,1033,267,747,0,0,54,70,286,385,334,552,293,733,246,431,147,157,319,465,208,632,7276,5207,923,272,5862,7,13,17,8
2021-04-08T23:59:59+02:00,0,0,215,339,779,1062,863,1359,751,1988,670,1515,454,586,739,1010,265,744,0,0,52,67,274,367,319,538,278,719,230,413,138,141,303,447,206,615,7156,5008,883,259,5743,7,12,17,8
2021-04-07T23:59:59+02:00,0,0,209,335,770,1056,850,1343,730,1960,651,1481,417,545,711,972,262,740,0,0,49,64,255,353,309,533,270,706,222,401,124,131,284,427,200,606,7019,4839,851,249,5595,7,12,16,7
2021-04-06T23:59:59+02:00,0,0,207,333,760,1051,835,1325,713,1936,622,1455,396,509,686,941,261,739,0,0,47,62,254,348,304,531,259,702,217,395,119,127,274,406,196,596,6928,4766,824,226,5444,6,12,14,7
2021-04-05T23:59:59+02:00,0,0,207,332,756,1044,828,1314,704,1919,615,1438,377,488,669,917,261,738,0,0,46,61,253,344,303,527,255,696,213,394,118,123,261,386,192,589,6887,4703,811,211,5330,6,12,14,7
2021-04-04T23:59:59+02:00,0,0,206,328,752,1034,822,1303,695,1902,608,1419,365,475,666,913,261,738,0,0,46,60,252,343,302,527,255,696,212,394,116,123,254,372,189,587,6861,4671,805,211,5244,6,10,14,7
2021-04-03T23:59:59+02:00,0,0,206,328,751,1034,820,1301,695,1897,601,1417,358,469,663,906,261,737,0,0,46,60,252,343,302,527,255,695,212,392,116,123,254,369,189,585,6829,4663,805,211,5231,6,10,14,7
2021-04-02T23:59:59+02:00,0,0,206,326,750,1032,818,1299,691,1889,597,1406,349,459,650,896,261,736,0,0,46,59,249,341,299,525,253,687,207,385,114,122,247,350,186,572,6779,4586,799,208,5206,6,10,13,7
2021-04-01T23:59:59+02:00,0,0,203,323,745,1018,806,1286,686,1869,582,1387,334,435,618,863,260,730,0,0,44,58,240,335,296,522,252,680,205,380,106,119,229,324,183,551,6689,4474,756,201,5114,5,10,13,7
2021-03-31T23:59:59+02:00,0,0,199,320,737,1010,796,1272,676,1823,572,1348,325,423,596,817,256,727,0,0,44,58,239,334,291,519,249,678,199,376,101,116,214,297,181,529,6619,4384,711,194,4980,5,8,13,7
2021-03-30T23:59:59+02:00,0,0,196,314,732,1001,790,1250,663,1784,562,1304,313,405,569,782,255,727,0,0,44,57,237,330,287,516,248,673,195,371,98,114,206,279,177,514,6541,4307,672,189,4846,5,8,12,7
2021-03-29T23:59:59+02:00,0,0,192,308,727,983,785,1237,653,1753,553,1266,309,391,538,744,253,720,0,0,44,55,235,328,286,514,247,669,193,364,94,112,196,266,170,503,6431,4244,650,183,4741,3,8,12,7
2021-03-28T23:59:59+02:00,0,0,185,292,717,973,776,1229,648,1731,550,1249,307,377,510,720,250,718,0,0,44,54,233,328,283,508,244,666,192,361,91,110,189,257,167,501,6385,4200,615,179,4637,3,8,12,7
2021-03-27T23:59:59+01:00,0,0,185,289,712,967,771,1225,642,1719,548,1240,303,368,504,710,250,717,0,0,44,54,233,328,283,508,241,660,189,357,90,109,185,250,162,491,6344,4162,607,173,4600,3,8,12,7
2021-03-26T23:59:59+01:00,0,0,181,287,700,955,762,1210,630,1701,540,1217,296,357,500,695,248,713,0,0,43,54,233,328,282,506,241,659,182,345,85,102,173,234,155,479,6279,4081,588,172,4521,3,6,12,7
2021-03-25T23:59:59+01:00,0,0,177,285,690,941,740,1184,613,1664,529,1178,288,345,483,670,247,708,0,0,43,53,230,323,280,505,234,656,181,344,78,102,156,215,150,455,6198,3988,574,164,4362,3,6,12,7
2021-03-24T23:59:59+01:00,0,0,175,276,678,928,732,1168,603,1627,515,1147,278,331,465,646,244,705,0,0,43,53,228,321,278,503,232,656,177,341,76,99,143,209,144,421,6120,3914,548,157,4238,2,6,12,7
2021-03-23T23:59:59+01:00,0,0,172,273,670,913,718,1151,592,1604,501,1108,272,320,447,630,239,701,0,0,42,53,226,320,275,500,227,651,175,337,73,95,135,201,134,395,6063,3832,532,152,4102,2,6,12,7
2021-03-22T23:59:59+01:00,0,0,168,264,650,893,698,1132,579,1571,486,1084,267,311,435,614,238,695,0,0,42,53,224,318,271,498,225,644,174,335,73,92,129,192,119,365,5998,3749,510,149,3958,1,6,12,7
2021-03-21T23:59:59+01:00,0,0,164,262,640,883,690,1127,573,1547,480,1052,261,303,422,606,236,690,0,0,42,53,221,318,269,496,224,643,172,333,72,89,127,191,115,362,5968,3728,493,145,3853,1,4,11,6
2021-03-20T23:59:59+01:00,0,0,162,262,632,878,685,1124,565,1542,477,1051,257,294,409,592,234,688,0,0,42,53,221,318,268,496,223,641,172,329,71,88,124,187,111,356,5931,3703,486,143,3809,1,4,10,6
2021-03-19T23:59:59+01:00,0,0,152,252,625,860,674,1117,560,1524,466,1038,240,273,392,567,229,680,0,0,40,53,220,317,267,496,221,634,171,325,68,86,116,176,106,335,5853,3635,444,142,3721,1,3,10,6
2021-03-18T23:59:59+01:00,0,0,147,246,605,844,656,1082,542,1471,452,992,225,258,379,544,226,662,0,0,40,53,219,314,265,488,221,629,168,318,68,83,108,168,101,322,5766,3574,410,133,3513,1,3,10,6
2021-03-17T23:59:59+01:00,0,0,141,240,592,825,643,1075,537,1458,444,973,213,245,360,527,222,656,0,0,40,52,219,312,264,486,220,628,168,317,68,83,103,162,95,308,5670,3534,382,131,3449,1,3,8,6
2021-03-16T23:59:59+01:00,0,0,137,231,575,810,624,1064,525,1417,433,948,205,231,339,493,218,644,0,0,40,51,219,309,264,480,218,627,167,316,64,83,99,156,92,290,5577,3488,350,127,3310,1,2,8,6
2021-03-15T23:59:59+01:00,0,0,131,224,559,795,613,1043,516,1385,419,911,199,223,326,468,215,637,0,0,39,51,218,306,264,477,217,626,165,315,63,81,93,150,90,276,5487,3445,321,125,3192,1,1,8,6
2021-03-14T23:59:59+01:00,0,0,126,212,545,776,598,1022,507,1342,407,865,189,211,314,457,209,633,0,0,39,51,218,303,263,476,216,621,164,310,62,81,92,147,88,273,5419,3429,308,115,3019,1,0,7,6
2021-03-13T23:59:59+01:00,0,0,123,200,517,747,569,996,482,1317,387,846,174,202,307,444,208,630,0,0,39,51,218,303,262,476,215,621,164,309,62,81,89,143,76,258,5224,3390,304,115,2933,1,0,7,6
2021-03-12T23:59:59+01:00,0,0,112,192,487,721,549,966,460,1278,366,813,158,190,282,414,205,610,0,0,39,51,218,302,262,476,215,621,164,308,57,79,86,137,71,251,4992,3358,298,115,2812,1,0,7,5
2021-03-11T23:59:59+01:00,0,0,104,183,453,675,510,929,420,1205,344,760,145,167,253,372,201,588,0,0,39,50,217,300,257,472,213,617,161,306,57,77,82,131,69,238,4740,3329,288,94,2554,1,0,7,4
2021-03-10T23:59:59+01:00,0,0,101,173,429,651,491,910,403,1166,327,722,129,152,236,341,195,554,0,0,38,50,215,295,253,467,210,611,161,304,54,75,78,128,66,228,4560,3285,277,82,2412,1,0,7,4
2021-03-09T23:59:59+01:00,0,0,101,168,417,621,460,880,388,1122,315,690,123,144,225,322,189,542,0,0,38,50,214,292,250,459,208,607,157,300,53,73,76,125,60,220,4477,3244,259,72,2227,1,0,7,3
2021-03-08T23:59:59+01:00,0,0,98,160,401,604,442,863,379,1071,306,652,119,135,210,302,183,530,0,0,38,50,214,288,247,454,203,603,151,296,51,72,71,122,59,219,4397,3216,243,55,2066,1,0,7,2
2021-03-07T23:59:59+01:00,0,0,95,156,396,592,433,847,368,1056,303,646,117,135,203,288,181,528,0,0,38,50,213,287,247,452,202,602,151,296,51,72,69,119,58,218,4350,3207,232,51,2008,0,0,7,2
2021-03-06T23:59:59+01:00,0,0,94,149,394,584,426,823,357,1004,293,614,116,134,197,280,178,523,0,0,38,50,213,287,246,451,202,601,151,296,51,72,67,119,57,213,4314,3202,232,45,1863,0,0,7,2
2021-03-05T23:59:59+01:00,0,0,92,144,389,571,421,815,356,986,284,591,110,124,186,260,170,510,0,0,38,50,212,285,245,450,201,599,150,294,51,72,65,118,56,205,4232,3187,223,36,1790,0,0,7,2
2021-03-04T23:59:59+01:00,0,0,89,128,379,535,403,781,339,942,273,562,101,123,167,233,163,485,0,0,38,50,210,279,243,444,199,586,147,293,50,72,65,118,56,204,4127,3148,207,35,1601,0,0,7,2
2021-03-03T23:59:59+01:00,0,0,82,117,369,519,395,763,334,921,264,544,99,120,156,226,157,451,0,0,38,49,210,279,242,442,196,578,147,287,50,72,64,116,56,204,4057,3124,201,32,1484,0,0,7,2
2021-03-02T23:59:59+01:00,0,0,79,114,358,504,378,745,327,902,258,522,97,115,146,216,147,423,0,0,37,49,210,279,242,436,191,571,145,284,50,72,64,114,56,203,3968,3095,195,32,1386,0,0,7,2
2021-03-01T23:59:59+01:00,0,0,78,112,352,491,371,723,316,877,252,494,95,114,139,205,129,388,0,0,37,48,209,278,240,427,189,564,145,281,50,72,63,113,55,203,3881,3064,190,32,1278,0,0,7,2
2021-02-28T23:59:59+01:00,0,0,78,110,345,482,368,715,314,853,247,476,90,106,137,202,125,384,0,0,37,48,208,278,239,426,188,564,145,281,50,72,63,113,55,203,3857,3062,187,31,1198,0,0,7,1
2021-02-27T23:59:59+01:00,0,0,75,101,339,476,363,708,308,842,244,467,88,104,136,197,118,374,0,0,37,48,208,277,239,425,187,563,143,280,50,72,63,113,55,203,3825,3060,181,26,1140,0,0,7,1
2021-02-26T23:59:59+01:00,0,0,72,96,331,452,337,673,287,811,233,446,85,100,128,186,114,354,0,0,36,47,208,276,239,423,186,560,139,278,50,72,63,113,55,201,3767,3043,179,26,958,0,0,7,0
2021-02-25T23:59:59+01:00,0,0,64,85,318,430,326,645,279,785,220,423,80,100,120,179,110,342,0,0,36,47,206,272,234,420,184,553,134,277,50,70,61,111,54,201,3715,3014,172,18,807,0,0,7,0
2021-02-24T23:59:59+01:00,0,0,60,78,311,417,318,630,274,769,217,415,79,100,115,174,103,329,0,0,33,47,204,270,231,407,182,545,132,272,48,69,58,111,54,201,3675,2972,167,12,732,0,0,7,0
2021-02-23T23:59:59+01:00,0,0,57,69,298,399,308,613,268,751,210,407,75,98,110,169,100,307,0,0,31,47,203,268,228,401,181,539,128,269,47,69,58,107,54,199,3623,2940,162,8,633,0,0,7,0
2021-02-22T23:59:59+01:00,0,0,55,67,292,387,304,604,266,742,208,402,73,95,102,161,98,295,0,0,31,45,200,266,225,387,174,529,125,266,46,69,57,107,54,199,3578,2893,154,4,592,0,0,6,0
2021-02-21T23:59:59+01:00,0,0,54,66,286,380,301,594,261,734,203,398,72,93,101,159,96,293,0,0,31,44,199,264,224,384,174,520,125,265,46,69,57,107,54,197,3568,2871,151,4,542,0,0,5,0
2021-02-20T23:59:59+01:00,0,0,53,66,284,379,300,591,260,728,203,393,70,93,98,155,84,278,0,0,31,42,199,264,224,384,173,520,123,264,46,69,56,107,54,195,3531,2862,150,4,521,0,0,5,0
2021-02-19T23:59:59+01:00,0,0,52,66,281,374,294,568,249,702,201,381,67,90,94,147,79,270,0,0,31,41,199,264,223,383,173,519,123,264,46,69,55,106,52,193,3497,2852,149,4,432,0,0,4,0
2021-02-18T23:59:59+01:00,0,0,49,64,263,350,286,545,241,681,186,357,66,86,92,142,77,261,0,0,30,40,194,255,220,376,168,504,123,254,46,67,55,104,49,188,3468,2783,140,4,297,0,0,4,0
2021-02-17T23:59:59+01:00,0,0,49,62,256,344,284,530,234,668,183,337,64,83,88,139,74,249,0,0,28,39,190,249,213,362,164,488,120,243,42,65,55,102,48,185,3417,2700,138,3,242,0,0,4,0
2021-02-16T23:59:59+01:00,0,0,48,57,242,330,280,519,228,652,178,330,62,82,85,137,68,242,0,0,25,39,181,240,205,342,158,476,116,231,42,60,45,88,40,175,3380,2569,135,3,176,0,0,4,0
2021-02-15T23:59:59+01:00,0,0,48,56,237,327,273,507,225,647,174,324,60,82,80,133,67,241,0,0,24,38,173,233,200,334,152,465,112,224,39,57,45,82,36,166,3352,2485,134,3,145,0,0,4,0
2021-02-14T23:59:59+01:00,0,0,45,56,234,323,271,500,222,642,174,319,59,79,77,133,66,238,0,0,22,38,171,228,197,329,151,453,111,221,39,57,44,80,35,159,3341,2439,123,3,122,0,0,4,0
2021-02-13T23:59:59+01:00,0,0,44,56,234,323,269,500,222,641,174,319,59,79,76,133,66,237,0,0,22,38,170,227,194,329,150,451,110,218,38,57,43,79,32,155,3337,2418,123,1,120,0,0,4,0
2021-02-12T23:59:59+01:00,0,0,43,54,232,319,266,491,218,630,171,316,59,78,74,133,66,236,0,0,22,38,169,223,193,328,149,449,108,217,36,56,43,75,28,147,3328,2386,123,1,81,0,0,4,0
2021-02-11T23:59:59+01:00,0,0,42,53,224,297,259,474,211,606,159,306,57,77,73,131,66,230,0,0,22,35,154,201,186,298,140,404,103,198,32,55,39,65,26,133,3290,2186,100,1,18,0,0,4,0
2021-02-10T23:59:59+01:00,0,0,42,52,221,289,257,467,207,598,157,301,54,77,72,131,65,228,0,0,20,32,141,177,171,259,121,355,96,176,28,52,38,62,23,121,3258,1955,90,1,8,0,0,4,0
2021-02-09T23:59:59+01:00,0,0,40,51,220,286,255,457,202,590,153,298,54,77,72,129,65,228,0,0,20,30,123,151,156,236,108,313,91,151,23,47,37,49,20,109,3235,1736,75,1,4,0,0,4,0
2021-02-08T23:59:59+01:00,0,0,40,51,219,284,249,442,199,579,149,293,51,77,71,128,65,228,0,0,18,29,106,128,134,196,88,274,86,141,16,45,30,40,19,96,3196,1512,59,1,4,0,0,3,0
2021-02-07T23:59:59+01:00,0,0,40,50,216,283,247,441,198,576,148,293,51,77,70,127,65,228,0,0,17,23,101,118,124,184,83,254,82,131,15,44,28,33,18,88,3188,1406,55,1,0,0,0,2,0
2021-02-06T23:59:59+01:00,0,0,40,50,216,283,247,440,198,576,147,292,50,77,69,127,64,223,0,0,13,19,100,117,123,180,81,247,82,129,14,43,28,30,16,88,3184,1369,48,1,0,0,0,2,0
2021-02-05T23:59:59+01:00,0,0,39,49,216,283,247,439,197,574,145,291,50,77,69,127,63,213,0,0,11,15,91,109,119,175,80,243,81,121,13,42,28,26,14,85,3171,1309,39,0,0,0,0,2,0
2021-02-04T23:59:59+01:00,0,0,39,49,213,279,242,435,192,568,143,288,50,75,69,125,63,212,0,0,10,11,63,77,96,130,68,207,64,102,13,37,25,22,11,74,3133,1052,39,0,0,0,0,2,0
2021-02-03T23:59:59+01:00,0,0,38,48,213,278,241,423,190,562,142,285,50,74,68,123,63,212,0,0,7,6,47,58,74,107,53,158,55,74,10,17,19,15,6,58,3104,795,36,0,0,0,0,2,0
2021-02-02T23:59:59+01:00,0,0,37,48,212,275,237,417,189,556,139,284,49,74,66,120,61,209,0,0,5,4,31,41,58,77,41,102,44,52,8,14,13,9,2,41,3065,563,36,0,0,0,0,2,0
2021-02-01T23:59:59+01:00,0,0,36,46,210,275,232,410,185,551,136,277,49,73,64,119,61,209,0,0,4,2,24,22,32,46,27,63,27,28,6,9,9,5,2,23,3024,341,36,0,0,0,0,1,0
2021-01-31T23:59:59+01:00,0,0,36,46,209,274,230,404,183,543,135,277,49,73,63,118,61,207,0,0,4,2,22,17,23,36,21,51,21,24,6,6,8,5,2,19,2999,277,34,0,0,0,0,1,0
2021-01-30T23:59:59+01:00,0,0,36,46,209,274,230,403,182,543,135,277,49,73,62,118,61,204,0,0,4,2,21,16,21,36,19,47,20,23,6,5,8,4,2,18,2994,261,33,0,0,0,0,1,0
2021-01-29T23:59:59+01:00,0,0,35,46,209,272,229,402,181,542,133,275,49,73,61,117,59,203,0,0,4,1,17,10,15,29,16,41,16,21,5,4,7,4,2,17,2982,216,29,0,0,0,0,0,0
2021-01-28T23:59:59+01:00,0,0,35,45,200,269,228,397,180,533,131,271,49,73,60,116,57,202,0,0,4,1,6,3,8,16,9,23,9,9,2,2,5,1,0,16,2950,117,21,0,0,0,0,0,0
2021-01-27T23:59:59+01:00,0,0,34,44,197,262,224,387,178,520,128,262,46,71,60,114,56,200,0,0,1,1,4,3,7,14,8,19,8,9,2,2,4,1,0,13,2885,98,17,0,0,0,0,0,0
2021-01-26T23:59:59+01:00,0,0,30,44,194,250,218,374,174,502,125,255,45,66,54,107,49,191,0,0,1,1,3,3,7,14,8,19,8,9,2,2,4,1,0,10,2783,94,13,0,0,0,0,0,0
2021-01-25T23:59:59+01:00,0,0,30,43,185,247,215,364,171,493,122,245,43,64,53,104,43,188,0,0,1,1,2,3,5,12,7,16,8,9,2,2,3,0,0,8,2721,81,5,0,0,0,0,0,0
2021-01-24T23:59:59+01:00,0,0,29,42,183,244,213,363,170,491,122,244,43,64,51,100,42,187,0,0,1,1,1,3,4,12,7,16,8,9,2,2,3,0,0,8,2700,79,3,0,0,0,0,0,0
2021-01-23T23:59:59+01:00,0,0,29,42,183,244,211,363,170,490,122,244,43,64,51,99,41,185,0,0,1,1,1,3,4,11,7,15,7,9,2,2,3,0,0,8,2693,76,3,0,0,0,0,0,0
2021-01-22T23:59:59+01:00,0,0,28,41,182,240,210,363,170,489,121,244,43,64,51,99,38,179,0,0,1,0,1,3,4,11,7,15,7,9,2,2,3,0,0,8,2674,75,3,0,0,0,0,0,0
2021-01-21T23:59:59+01:00,0,0,24,39,173,227,204,347,166,468,119,231,42,64,48,91,37,176,0,0,1,0,1,3,1,6,6,10,5,5,2,2,2,0,0,7,2561,53,3,0,0,0,0,0,0
2021-01-20T23:59:59+01:00,0,0,23,37,155,201,187,304,138,412,109,210,37,60,46,86,32,159,0,0,1,0,1,3,1,6,6,9,5,4,2,2,2,0,0,7,2290,51,2,0,0,0,0,0,0
2021-01-19T23:59:59+01:00,0,0,23,34,129,173,171,270,129,369,105,189,27,54,38,71,29,145,0,0,1,0,1,3,1,5,4,7,3,3,1,0,2,0,0,4,2038,36,2,0,0,0,0,0,0
2021-01-18T23:59:59+01:00,0,0,20,33,116,152,148,229,112,321,98,165,24,51,34,58,26,125,0,0,1,0,1,1,0,2,3,5,2,3,0,0,1,0,0,4,1788,24,2,0,0,0,0,0,0
2021-01-17T23:59:59+01:00,0,0,18,24,111,138,140,215,103,296,94,154,23,46,33,52,25,112,0,0,1,0,0,0,0,1,1,4,2,2,0,0,1,0,0,1,1652,13,2,0,0,0,0,0,0
2021-01-16T23:59:59+01:00,0,0,15,21,108,136,138,210,100,286,93,147,20,45,32,46,20,109,0,0,0,0,0,0,0,0,0,0,0,0,0,0,0,0,0,0,1592,0,0,0,0,0,0,0,0
2021-01-15T23:59:59+01:00,0,0,12,17,102,127,133,204,98,277,93,137,19,44,32,41,19,106,0,0,0,0,0,0,0,0,0,0,0,0,0,0,0,0,0,0,1523,0,0,0,0,0,0,0,0
2021-01-14T23:59:59+01:00,0,0,10,13,78,95,114,168,82,234,81,122,15,39,29,33,17,91,0,0,0,0,0,0,0,0,0,0,0,0,0,0,0,0,0,0,1270,0,0,0,0,0,0,0,0
2021-01-13T23:59:59+01:00,0,0,8,12,64,84,100,139,76,190,76,97,15,25,23,24,15,71,0,0,0,0,0,0,0,0,0,0,0,0,0,0,0,0,0,0,1060,0,0,0,0,0,0,0,0
2021-01-12T23:59:59+01:00,0,0,6,8,52,67,82,108,68,135,63,75,11,19,18,20,7,55,0,0,0,0,0,0,0,0,0,0,0,0,0,0,0,0,0,0,829,0,0,0,0,0,0,0,0
2021-01-11T23:59:59+01:00,0,0,4,6,45,51,68,83,54,107,48,55,10,14,9,11,4,29,0,0,0,0,0,0,0,0,0,0,0,0,0,0,0,0,0,0,623,0,0,0,0,0,0,0,0
2021-01-10T23:59:59+01:00,0,0,4,6,41,40,50,67,40,86,40,47,9,9,8,10,4,23,0,0,0,0,0,0,0,0,0,0,0,0,0,0,0,0,0,0,500,0,0,0,0,0,0,0,0
2021-01-09T23:59:59+01:00,0,0,4,5,38,39,45,64,37,78,37,43,9,9,8,8,4,22,0,0,0,0,0,0,0,0,0,0,0,0,0,0,0,0,0,0,464,0,0,0,0,0,0,0,0
2021-01-08T23:59:59+01:00,0,0,4,5,30,30,38,56,28,65,31,38,6,6,6,7,3,20,0,0,0,0,0,0,0,0,0,0,0,0,0,0,0,0,0,0,384,0,0,0,0,0,0,0,0
2021-01-07T23:59:59+01:00,0,0,4,2,12,3,11,18,11,29,8,18,5,3,5,2,1,18,0,0,0,0,0,0,0,0,0,0,0,0,0,0,0,0,0,0,153,0,0,0,0,0,0,0,0
2021-01-06T23:59:59+01:00,0,0,4,1,5,3,6,15,8,23,7,10,3,3,4,2,1,16,0,0,0,0,0,0,0,0,0,0,0,0,0,0,0,0,0,0,114,0,0,0,0,0,0,0,0
2021-01-05T23:59:59+01:00,0,0,2,1,3,3,6,14,8,21,7,9,3,2,4,2,0,15,0,0,0,0,0,0,0,0,0,0,0,0,0,0,0,0,0,0,103,0,0,0,0,0,0,0,0
2021-01-04T23:59:59+01:00,0,0,1,1,3,3,6,13,7,17,7,9,2,2,3,1,0,10,0,0,0,0,0,0,0,0,0,0,0,0,0,0,0,0,0,0,87,0,0,0,0,0,0,0,0
2021-01-03T23:59:59+01:00,0,0,1,1,1,3,5,13,7,17,7,9,2,2,3,1,0,10,0,0,0,0,0,0,0,0,0,0,0,0,0,0,0,0,0,0,84,0,0,0,0,0,0,0,0
2021-01-02T23:59:59+01:00,0,0,1,1,1,3,5,13,6,17,6,9,2,2,3,1,0,10,0,0,0,0,0,0,0,0,0,0,0,0,0,0,0,0,0,0,82,0,0,0,0,0,0,0,0
2021-01-01T23:59:59+01:00,0,0,1,0,1,3,5,13,6,17,6,9,2,2,3,1,0,10,0,0,0,0,0,0,0,0,0,0,0,0,0,0,0,0,0,0,81,0,0,0,0,0,0,0,0
2020-12-31T23:59:59+01:00,0,0,1,0,1,3,5,12,6,17,6,9,2,2,3,1,0,10,0,0,0,0,0,0,0,0,0,0,0,0,0,0,0,0,0,0,80,0,0,0,0,0,0,0,0
2020-12-30T23:59:59+01:00,0,0,1,0,1,3,5,12,6,16,6,9,2,2,3,1,0,10,0,0,0,0,0,0,0,0,0,0,0,0,0,0,0,0,0,0,79,0,0,0,0,0,0,0,0
2020-12-29T23:59:59+01:00,0,0,1,0,1,3,4,8,4,13,4,7,1,1,3,0,0,8,0,0,0,0,0,0,0,0,0,0,0,0,0,0,0,0,0,0,59,0,0,0,0,0,0,0,0
2020-12-28T23:59:59+01:00,0,0,1,0,1,1,1,1,2,6,3,4,1,0,2,0,0,4,0,0,0,0,0,0,0,0,0,0,0,0,0,0,0,0,0,0,28,0,0,0,0,0,0,0,0
2020-12-27T23:59:59+01:00,0,0,1,0,0,0,0,1,1,6,1,2,0,0,1,0,0,2,0,0,0,0,0,0,0,0,0,0,0,0,0,0,0,0,0,0,15,0,0,0,0,0,0,0,0
