Datum,<15_m,<15_w,15-24_1_m,15-24_1_w,25-34_1_m,25-34_1_w,35-44_1_m,35-44_1_w,45-54_1_m,45-54_1_w,55-64_1_m,55-64_1_w,65-74_1_m,65-74_1_w,75-84_1_m,75-84_1_w,>84_1_m,>84_1_w,<24_2_m,<24_2_w,25-34_2_m,25-34_2_w,35-44_2_m,35-44_2_w,45-54_2_m,45-54_2_w,55-64_2_m,55-64_2_w,65-74_2_m,65-74_2_w,75-84_2_m,75-84_2_w,>84_2_m,>84_2_w,bp_1,bp_2,mo_1,mo_2,az_1,az_2,ja,unb_1,unb_2
2021-10-11T23:59:59+02:00,189,191,3941,3377,9713,6899,9257,6335,8020,8450,5342,5930,1823,2278,1150,1602,310,910,3359,2899,8657,6149,8418,5746,7389,7754,4955,5524,1702,2140,1075,1512,275,838,48505,42955,7543,6873,9098,7824,12039,41,39
2021-10-10T23:59:59+02:00,189,189,3931,3371,9702,6889,9249,6325,8009,8441,5340,5922,1823,2278,1149,1602,310,910,3352,2897,8641,6143,8405,5739,7378,7750,4951,5518,1701,2139,1075,1511,275,838,48438,42891,7537,6871,9098,7824,12024,41,39
2021-10-09T23:59:59+02:00,189,189,3930,3370,9700,6889,9238,6322,8006,8439,5339,5922,1823,2277,1149,1602,310,910,3350,2892,8639,6143,8399,5735,7375,7749,4949,5517,1701,2139,1075,1511,275,838,48423,42877,7537,6868,9098,7824,12014,41,39
2021-10-08T23:59:59+02:00,187,189,3920,3362,9681,6879,9225,6311,7992,8425,5335,5919,1821,2276,1149,1602,310,910,3343,2882,8616,6133,8385,5727,7370,7735,4941,5515,1698,2137,1074,1511,275,838,48344,42800,7534,6867,9098,7824,11985,41,39
2021-10-07T23:59:59+02:00,185,187,3894,3350,9643,6860,9184,6302,7971,8404,5330,5913,1820,2271,1149,1602,310,909,3311,2858,8572,6114,8360,5713,7347,7706,4924,5505,1695,2132,1074,1510,275,838,48193,42625,7529,6849,9098,7824,11932,41,39
2021-10-06T23:59:59+02:00,183,186,3886,3343,9616,6842,9169,6296,7963,8396,5323,5905,1818,2268,1149,1600,310,908,3298,2846,8551,6101,8342,5704,7339,7690,4922,5496,1694,2129,1074,1509,275,838,48100,42530,7525,6844,9098,7823,11906,41,39
2021-10-05T23:59:59+02:00,183,184,3869,3331,9600,6824,9149,6282,7946,8375,5315,5900,1817,2266,1149,1599,310,908,3282,2834,8527,6090,8316,5686,7321,7666,4912,5489,1692,2125,1073,1508,275,838,47993,42408,7523,6836,9098,7823,11861,41,39
2021-10-04T23:59:59+02:00,183,183,3847,3321,9571,6808,9112,6267,7930,8366,5309,5891,1815,2266,1148,1594,310,906,3270,2826,8501,6073,8280,5673,7301,7642,4904,5475,1691,2123,1073,1507,274,838,47877,42286,7515,6831,9098,7823,11805,41,39
2021-10-03T23:59:59+02:00,183,183,3827,3311,9545,6793,9098,6257,7916,8355,5307,5884,1813,2264,1147,1593,310,906,3252,2820,8472,6062,8269,5664,7292,7630,4899,5470,1689,2120,1073,1506,274,838,47794,42218,7511,6829,9098,7820,11757,41,39
2021-10-02T23:59:59+02:00,183,183,3824,3310,9543,6791,9095,6256,7913,8355,5304,5882,1812,2263,1147,1593,310,906,3249,2820,8468,6061,8267,5664,7289,7629,4898,5466,1688,2119,1073,1506,274,838,47783,42208,7509,6829,9098,7818,11748,41,39
2021-10-01T23:59:59+02:00,182,182,3812,3306,9521,6785,9083,6248,7900,8345,5300,5873,1809,2261,1147,1593,310,906,3233,2809,8449,6052,8252,5654,7281,7618,4892,5459,1686,2119,1072,1506,274,838,47720,42137,7506,6825,9098,7814,11707,41,39
2021-09-30T23:59:59+02:00,181,180,3782,3289,9473,6766,9050,6225,7875,8321,5282,5859,1806,2258,1146,1593,310,905,3212,2785,8402,6026,8220,5634,7262,7589,4877,5445,1685,2114,1072,1506,274,837,47564,42002,7499,6804,9098,7810,11608,41,39
2021-09-29T23:59:59+02:00,179,178,3764,3279,9429,6753,9033,6202,7863,8294,5273,5853,1804,2255,1145,1591,310,904,3195,2774,8370,6020,8204,5613,7251,7568,4867,5433,1685,2112,1072,1505,274,837,47438,41914,7494,6797,9098,7805,11547,41,39
2021-09-28T23:59:59+02:00,177,178,3749,3267,9391,6734,9002,6191,7838,8262,5264,5837,1803,2248,1145,1591,310,902,3176,2762,8344,5997,8182,5603,7226,7541,4858,5421,1685,2106,1072,1504,274,836,47309,41811,7491,6792,9098,7804,11458,41,39
2021-09-27T23:59:59+02:00,175,178,3728,3254,9356,6706,8977,6164,7821,8232,5250,5825,1801,2237,1144,1591,310,901,3151,2753,8301,5970,8153,5575,7204,7512,4845,5412,1682,2097,1072,1503,274,835,47190,41678,7480,6789,9098,7800,11349,41,39
2021-09-26T23:59:59+02:00,173,178,3717,3245,9337,6697,8966,6156,7809,8220,5246,5820,1797,2236,1143,1590,310,901,3141,2747,8280,5966,8142,5564,7190,7505,4837,5402,1679,2097,1072,1502,274,834,47128,41618,7476,6786,9097,7796,11307,41,39
2021-09-25T23:59:59+02:00,172,177,3710,3244,9328,6693,8962,6153,7804,8219,5244,5819,1797,2235,1143,1589,310,901,3134,2744,8273,5962,8138,5562,7187,7500,4836,5399,1678,2096,1071,1499,274,834,47111,41599,7474,6783,9097,7794,11285,41,39
2021-09-24T23:59:59+02:00,171,176,3691,3239,9298,6680,8947,6142,7783,8199,5237,5807,1796,2233,1143,1588,310,901,3120,2733,8247,5947,8126,5550,7166,7485,4829,5390,1678,2092,1071,1499,274,834,47031,41536,7473,6777,9097,7794,11206,41,39
2021-09-23T23:59:59+02:00,169,175,3659,3225,9239,6650,8897,6095,7742,8151,5218,5787,1790,2227,1141,1585,310,901,3099,2720,8196,5921,8080,5512,7124,7439,4810,5372,1669,2088,1070,1497,274,834,46879,41431,7464,6769,9097,7790,10985,41,39
2021-09-22T23:59:59+02:00,166,175,3638,3217,9214,6629,8871,6077,7709,8137,5202,5777,1788,2224,1140,1585,310,901,3076,2714,8171,5899,8056,5497,7096,7419,4795,5366,1667,2081,1068,1497,274,833,46759,41313,7459,6766,9095,7784,10910,41,39
2021-09-21T23:59:59+02:00,165,171,3620,3202,9186,6608,8825,6056,7677,8112,5190,5768,1787,2224,1140,1585,310,901,3053,2701,8134,5873,8012,5481,7060,7387,4780,5347,1665,2080,1067,1496,274,833,46640,41160,7452,6759,9095,7784,10803,41,39
2021-09-20T23:59:59+02:00,164,171,3593,3191,9147,6595,8793,6037,7643,8081,5183,5753,1783,2222,1140,1585,310,899,3032,2676,8091,5856,7974,5458,7025,7360,4772,5327,1662,2078,1066,1495,273,833,46521,41021,7451,6754,9095,7779,10684,41,39
2021-09-19T23:59:59+02:00,163,170,3576,3184,9119,6588,8780,6030,7637,8071,5175,5746,1782,2220,1139,1583,310,898,3025,2669,8063,5844,7955,5451,7010,7345,4764,5319,1662,2074,1065,1494,273,832,46463,40955,7446,6747,9095,7773,10628,41,39
2021-09-18T23:59:59+02:00,163,170,3572,3182,9113,6586,8775,6027,7634,8069,5173,5745,1782,2220,1139,1583,310,898,3017,2668,8053,5842,7943,5448,7004,7343,4760,5314,1662,2074,1065,1493,273,832,46451,40916,7445,6746,9094,7773,10612,41,39
2021-09-17T23:59:59+02:00,163,169,3553,3172,9076,6570,8747,6014,7615,8057,5164,5736,1781,2215,1137,1583,310,898,3001,2661,8012,5827,7914,5437,6981,7332,4753,5305,1662,2072,1064,1493,273,832,46360,40836,7437,6736,9092,7770,10531,41,39
2021-09-16T23:59:59+02:00,163,169,3527,3149,9020,6546,8703,5987,7579,8023,5145,5724,1780,2211,1137,1583,310,897,2990,2648,7973,5802,7881,5413,6960,7308,4740,5299,1660,2071,1064,1493,272,831,46166,40723,7412,6728,9091,7762,10443,41,39
2021-09-15T23:59:59+02:00,161,169,3505,3135,8987,6529,8674,5963,7554,8004,5139,5707,1777,2208,1134,1583,309,896,2973,2644,7946,5790,7854,5386,6927,7289,4725,5283,1658,2068,1064,1490,270,828,46026,40593,7408,6721,9091,7761,10367,41,39
2021-09-14T23:59:59+02:00,161,168,3485,3117,8943,6508,8629,5937,7527,7973,5128,5690,1775,2205,1133,1583,308,896,2952,2628,7903,5766,7814,5368,6902,7264,4710,5267,1657,2068,1063,1487,270,827,45874,40462,7399,6712,9091,7758,10259,41,39
2021-09-13T23:59:59+02:00,160,167,3472,3103,8903,6489,8599,5917,7510,7943,5115,5674,1773,2201,1133,1583,308,895,2938,2618,7871,5750,7798,5356,6893,7242,4701,5262,1656,2065,1063,1486,270,827,45722,40364,7380,6707,9091,7756,10209,41,39
2021-09-12T23:59:59+02:00,160,166,3454,3100,8879,6480,8589,5908,7499,7927,5108,5666,1772,2200,1132,1580,308,894,2925,2610,7847,5735,7788,5346,6878,7226,4697,5254,1652,2064,1063,1486,270,826,45642,40287,7378,6701,9091,7749,10167,41,39
2021-09-11T23:59:59+02:00,160,166,3451,3098,8871,6476,8585,5906,7498,7926,5106,5664,1771,2199,1131,1580,308,894,2923,2609,7838,5732,7784,5343,6877,7222,4697,5252,1652,2064,1063,1486,270,826,45625,40272,7376,6699,9090,7749,10153,41,39
2021-09-10T23:59:59+02:00,159,162,3424,3091,8845,6457,8568,5892,7473,7906,5095,5644,1768,2196,1130,1580,308,894,2909,2604,7813,5709,7767,5329,6854,7203,4683,5233,1651,2063,1063,1485,270,826,45544,40213,7373,6695,9090,7748,10038,41,39
2021-09-09T23:59:59+02:00,157,159,3406,3073,8799,6429,8533,5868,7451,7868,5079,5633,1765,2193,1130,1580,308,894,2894,2593,7779,5681,7742,5309,6831,7174,4670,5218,1650,2059,1063,1485,270,826,45375,40101,7365,6684,9090,7740,9947,41,38
2021-09-08T23:59:59+02:00,156,157,3387,3060,8766,6418,8507,5839,7433,7838,5065,5617,1762,2191,1129,1578,308,893,2877,2582,7737,5663,7707,5285,6804,7138,4658,5196,1649,2058,1062,1485,269,826,45274,39974,7357,6675,9089,7736,9835,41,38
2021-09-07T23:59:59+02:00,155,156,3366,3054,8748,6392,8478,5819,7412,7820,5050,5606,1762,2189,1128,1577,308,890,2860,2571,7709,5639,7682,5262,6786,7112,4645,5184,1646,2054,1061,1484,269,826,45146,39844,7354,6665,9089,7732,9770,41,38
2021-09-06T23:59:59+02:00,155,156,3346,3045,8717,6373,8454,5808,7394,7795,5042,5593,1758,2179,1126,1577,307,890,2841,2560,7683,5625,7657,5252,6769,7084,4638,5170,1640,2052,1061,1484,269,826,45021,39737,7352,6662,9088,7731,9702,41,38
2021-09-05T23:59:59+02:00,155,155,3332,3040,8709,6365,8442,5799,7392,7785,5035,5582,1755,2178,1126,1577,307,889,2830,2558,7668,5613,7646,5238,6762,7077,4628,5163,1637,2051,1061,1483,269,826,44970,39683,7350,6653,9087,7730,9664,41,38
2021-09-04T23:59:59+02:00,155,154,3327,3038,8707,6359,8435,5799,7389,7784,5035,5581,1754,2178,1126,1577,307,889,2826,2555,7664,5605,7639,5238,6757,7075,4627,5162,1634,2050,1060,1483,269,826,44956,39663,7350,6650,9087,7728,9649,41,38
2021-09-03T23:59:59+02:00,153,153,3313,3019,8673,6350,8415,5782,7371,7769,5023,5566,1751,2176,1126,1576,307,887,2808,2540,7635,5591,7618,5220,6738,7053,4614,5142,1630,2049,1060,1481,269,824,44873,39577,7341,6627,9087,7727,9556,41,38
2021-09-02T23:59:59+02:00,153,151,3292,3001,8623,6326,8374,5764,7350,7743,5011,5548,1746,2171,1124,1575,306,886,2791,2527,7586,5570,7584,5203,6713,7027,4605,5121,1626,2044,1058,1479,269,821,44745,39468,7331,6617,9085,7724,9427,41,38
2021-09-01T23:59:59+02:00,151,151,3275,2991,8583,6310,8347,5751,7330,7727,5001,5541,1745,2168,1123,1572,306,886,2775,2519,7540,5546,7551,5186,6685,7005,4594,5108,1623,2042,1057,1476,269,821,44637,39325,7318,6596,9085,7722,9360,41,38
2021-08-31T23:59:59+02:00,149,150,3259,2983,8540,6289,8326,5740,7312,7706,4995,5532,1742,2166,1122,1571,305,885,2760,2508,7496,5526,7529,5168,6661,6977,4582,5089,1619,2040,1056,1476,268,821,44539,39209,7313,6587,9085,7709,9274,41,38
2021-08-30T23:59:59+02:00,148,150,3233,2965,8501,6263,8282,5716,7275,7677,4982,5516,1738,2164,1121,1571,305,885,2730,2494,7451,5503,7492,5149,6628,6957,4571,5070,1615,2038,1055,1476,268,820,44384,39083,7312,6577,9084,7708,9150,41,38
2021-08-29T23:59:59+02:00,147,150,3221,2950,8476,6255,8263,5707,7267,7667,4974,5507,1737,2161,1121,1571,304,885,2707,2474,7418,5495,7473,5132,6615,6943,4560,5065,1613,2037,1054,1475,267,820,44315,38982,7307,6566,9084,7703,9092,41,38
2021-08-28T23:59:59+02:00,146,150,3217,2949,8472,6252,8258,5706,7260,7665,4974,5505,1737,2160,1121,1570,304,885,2702,2470,7413,5490,7467,5130,6610,6939,4557,5064,1613,2037,1054,1474,267,820,44301,38958,7307,6566,9084,7703,9074,41,38
2021-08-27T23:59:59+02:00,144,150,3207,2946,8454,6241,8236,5698,7240,7655,4962,5497,1737,2160,1121,1569,304,885,2689,2466,7395,5482,7446,5117,6595,6931,4547,5056,1613,2037,1053,1472,267,820,44238,38897,7306,6565,9083,7702,9012,41,38
2021-08-26T23:59:59+02:00,144,149,3183,2934,8416,6220,8203,5686,7217,7633,4948,5486,1735,2157,1121,1568,304,884,2666,2445,7356,5454,7398,5089,6560,6903,4522,5041,1607,2031,1053,1471,267,820,44109,38711,7300,6546,9083,7682,8923,41,38
2021-08-25T23:59:59+02:00,140,147,3161,2925,8378,6203,8169,5672,7192,7609,4936,5464,1733,2154,1121,1566,304,884,2630,2427,7304,5415,7349,5054,6523,6865,4505,5014,1606,2026,1052,1470,267,820,43999,38478,7296,6538,9083,7675,8807,41,38
2021-08-24T23:59:59+02:00,140,146,3155,2916,8359,6188,8151,5654,7176,7587,4926,5453,1730,2153,1120,1564,304,882,2610,2408,7271,5386,7316,5031,6497,6838,4489,4996,1606,2024,1051,1470,267,819,43925,38317,7292,6528,9083,7671,8731,41,38
2021-08-23T23:59:59+02:00,139,139,3130,2895,8313,6166,8109,5633,7147,7558,4912,5440,1730,2152,1118,1563,304,881,2583,2388,7225,5349,7276,5014,6462,6806,4474,4980,1602,2024,1051,1469,266,819,43788,38163,7281,6516,9080,7665,8604,41,38
2021-08-22T23:59:59+02:00,138,139,3119,2886,8298,6148,8094,5626,7128,7547,4905,5434,1729,2151,1117,1563,304,881,2569,2373,7194,5327,7252,5001,6443,6787,4470,4971,1599,2019,1050,1469,265,818,43716,38036,7273,6505,9080,7662,8560,41,38
2021-08-21T23:59:59+02:00,137,139,3110,2883,8287,6140,8083,5624,7123,7542,4903,5428,1728,2151,1117,1562,304,881,2560,2365,7176,5314,7232,4991,6431,6780,4462,4964,1598,2017,1049,1469,265,818,43670,37960,7270,6478,9080,7660,8543,41,38
2021-08-20T23:59:59+02:00,136,138,3100,2875,8262,6125,8054,5605,7104,7522,4891,5416,1726,2149,1117,1561,304,879,2530,2353,7132,5280,7198,4962,6396,6744,4446,4944,1592,2013,1048,1466,265,816,43604,37795,7261,6441,9079,7651,8439,41,38
2021-08-19T23:59:59+02:00,135,136,3081,2862,8219,6100,8015,5586,7084,7495,4878,5400,1720,2146,1116,1559,304,878,2486,2335,7051,5229,7139,4926,6349,6686,4416,4913,1588,2009,1048,1465,265,816,43477,37471,7249,6411,9077,7640,8325,41,38
2021-08-18T23:59:59+02:00,134,134,3068,2855,8196,6083,7985,5573,7052,7477,4866,5391,1715,2144,1116,1559,303,877,2460,2318,6988,5195,7083,4892,6307,6654,4393,4890,1583,2005,1046,1464,265,815,43369,37239,7244,6359,9077,7632,8250,41,38
2021-08-17T23:59:59+02:00,134,134,3051,2845,8173,6057,7957,5560,7039,7456,4855,5380,1712,2142,1115,1558,302,877,2433,2300,6931,5149,7040,4859,6280,6613,4375,4871,1575,2000,1045,1460,264,815,43251,36975,7238,6325,9076,7626,8192,41,38
2021-08-16T23:59:59+02:00,132,133,3040,2835,8152,6040,7937,5554,7027,7441,4842,5367,1711,2141,1114,1558,302,877,2403,2273,6859,5107,6972,4824,6233,6571,4344,4844,1573,1998,1042,1459,264,815,43163,36613,7233,6311,9076,7614,8140,41,38
2021-08-15T23:59:59+02:00,132,132,3032,2822,8126,6030,7921,5543,7009,7427,4837,5358,1709,2138,1114,1557,302,877,2372,2237,6800,5077,6935,4798,6194,6542,4332,4832,1569,1992,1041,1457,264,815,43073,36340,7227,6290,9075,7610,8100,41,38
2021-08-14T23:59:59+02:00,131,132,3026,2816,8115,6026,7912,5542,7008,7425,4833,5356,1707,2137,1114,1556,302,877,2363,2229,6775,5065,6922,4788,6186,6529,4313,4823,1566,1989,1041,1455,264,814,43053,36246,7226,6278,9075,7609,8070,41,38
2021-08-13T23:59:59+02:00,130,131,3012,2812,8095,6017,7902,5530,6994,7415,4825,5349,1707,2133,1113,1555,302,877,2327,2206,6729,5035,6884,4761,6146,6502,4302,4809,1565,1985,1040,1455,264,814,42989,36011,7225,6264,9075,7608,8017,41,38
2021-08-12T23:59:59+02:00,128,126,2994,2804,8064,5995,7872,5512,6972,7392,4812,5335,1705,2131,1110,1554,302,877,2290,2173,6642,4988,6832,4724,6100,6453,4277,4779,1562,1982,1037,1454,264,814,42887,35704,7219,6237,9074,7587,7910,40,38
2021-08-11T23:59:59+02:00,126,123,2978,2788,8024,5970,7852,5502,6951,7371,4801,5321,1703,2129,1110,1553,301,877,2263,2143,6561,4933,6757,4684,6043,6391,4256,4740,1557,1974,1037,1452,264,812,42764,35293,7208,6206,9069,7580,7844,40,38
2021-08-10T23:59:59+02:00,126,122,2960,2778,7993,5957,7826,5483,6922,7355,4783,5312,1700,2129,1110,1551,301,876,2191,2089,6449,4876,6671,4616,5954,6325,4209,4715,1548,1966,1035,1450,264,811,42658,34703,7198,6183,9067,7566,7765,40,38
2021-08-09T23:59:59+02:00,123,122,2941,2771,7963,5936,7803,5473,6898,7336,4774,5301,1699,2128,1110,1551,301,875,2129,2031,6350,4805,6575,4574,5884,6270,4181,4682,1542,1956,1034,1449,264,811,42576,34225,7191,6133,9067,7543,7674,40,38
2021-08-08T23:59:59+02:00,123,121,2927,2765,7948,5927,7787,5462,6889,7328,4768,5297,1696,2128,1110,1551,301,875,2103,2005,6290,4769,6534,4548,5846,6248,4168,4665,1532,1952,1033,1447,264,811,42524,33994,7188,6090,9064,7535,7630,40,38
2021-08-07T23:59:59+02:00,122,120,2920,2758,7929,5914,7773,5455,6883,7318,4763,5292,1694,2128,1109,1551,301,875,2072,1984,6214,4720,6479,4514,5813,6211,4151,4651,1528,1951,1033,1444,264,811,42467,33684,7183,6062,9064,7525,7594,40,38
2021-08-06T23:59:59+02:00,122,119,2909,2750,7901,5903,7743,5433,6863,7297,4752,5278,1689,2126,1109,1550,301,875,2034,1949,6118,4647,6407,4479,5773,6173,4130,4630,1525,1948,1032,1441,264,811,42405,33343,7166,6034,9064,7509,7488,40,38
2021-08-05T23:59:59+02:00,121,118,2884,2734,7877,5883,7706,5414,6840,7275,4733,5254,1685,2123,1107,1546,301,874,1993,1902,5991,4539,6298,4420,5704,6109,4093,4588,1518,1940,1029,1439,264,811,42275,32858,7158,5947,9063,7452,7379,40,38
2021-08-04T23:59:59+02:00,118,114,2842,2714,7810,5852,7669,5389,6812,7243,4715,5239,1681,2119,1105,1545,301,874,1932,1870,5870,4473,6176,4367,5637,6042,4065,4550,1508,1934,1025,1436,264,810,42069,32373,7145,5897,9063,7419,7255,40,38
2021-08-03T23:59:59+02:00,116,113,2827,2696,7783,5840,7633,5374,6790,7217,4703,5225,1677,2118,1104,1542,301,874,1899,1840,5775,4411,6070,4316,5569,5984,4025,4509,1503,1927,1024,1434,264,810,41936,31904,7140,5854,9062,7395,7184,40,38
2021-08-02T23:59:59+02:00,116,113,2804,2673,7752,5818,7609,5363,6768,7201,4686,5215,1676,2114,1103,1542,300,874,1875,1806,5651,4320,5959,4256,5502,5930,3980,4476,1497,1914,1023,1431,263,809,41803,31346,7133,5814,9061,7377,7118,40,38
2021-08-01T23:59:59+02:00,116,112,2789,2657,7723,5797,7595,5347,6756,7193,4681,5208,1675,2113,1101,1542,300,874,1856,1787,5576,4276,5899,4213,5458,5908,3965,4456,1495,1911,1021,1428,263,809,41713,31060,7121,5786,9060,7356,7071,40,38
2021-07-31T23:59:59+02:00,114,111,2781,2649,7709,5790,7587,5343,6750,7184,4680,5207,1674,2113,1101,1542,300,874,1819,1747,5479,4212,5834,4168,5406,5871,3939,4432,1490,1908,1021,1427,263,809,41674,30587,7119,5774,9060,7352,7042,40,38
2021-07-30T23:59:59+02:00,112,109,2771,2641,7685,5774,7575,5326,6733,7170,4673,5199,1673,2112,1101,1541,300,874,1797,1725,5399,4175,5772,4115,5349,5824,3913,4413,1486,1906,1020,1424,263,809,41597,30234,7107,5749,9060,7341,6988,40,38
2021-07-29T23:59:59+02:00,110,107,2737,2624,7635,5732,7535,5283,6704,7129,4648,5179,1672,2107,1099,1540,300,874,1759,1696,5281,4078,5642,4042,5261,5737,3865,4362,1479,1897,1017,1422,263,809,41394,29669,7092,5695,9054,7302,6852,40,38
2021-07-28T23:59:59+02:00,108,105,2719,2610,7605,5705,7508,5256,6681,7107,4634,5165,1668,2105,1098,1538,299,873,1722,1652,5185,4007,5526,3973,5174,5665,3827,4329,1467,1890,1015,1420,263,808,41221,29115,7082,5636,9050,7261,6808,40,38
2021-07-27T23:59:59+02:00,103,103,2703,2591,7568,5690,7477,5238,6662,7089,4623,5153,1668,2104,1098,1537,298,873,1678,1624,5052,3929,5402,3892,5083,5597,3788,4278,1460,1879,1014,1417,262,808,41107,28541,7066,5555,9049,7218,6733,40,38
2021-07-26T23:59:59+02:00,102,101,2681,2578,7533,5665,7445,5221,6639,7068,4617,5142,1666,2104,1096,1537,298,873,1634,1571,4915,3861,5299,3825,5009,5528,3727,4244,1457,1866,1013,1412,262,807,40970,27971,7044,5485,9046,7169,6678,40,38
2021-07-25T23:59:59+02:00,96,99,2666,2564,7497,5646,7419,5213,6620,7050,4608,5138,1664,2101,1095,1535,298,872,1611,1546,4856,3814,5241,3795,4961,5493,3695,4220,1453,1862,1012,1412,262,807,40838,27687,7036,5453,9044,7136,6629,40,38
2021-07-24T23:59:59+02:00,96,97,2652,2555,7470,5635,7395,5197,6607,7037,4598,5134,1663,2098,1095,1535,298,872,1592,1525,4809,3795,5170,3748,4919,5469,3675,4212,1452,1860,1011,1410,262,806,40763,27494,7014,5366,9043,7136,6578,40,38
2021-07-23T23:59:59+02:00,94,95,2628,2534,7423,5613,7372,5173,6571,7013,4578,5123,1661,2094,1093,1535,298,872,1534,1495,4670,3691,5040,3678,4846,5399,3623,4182,1450,1851,1010,1405,261,806,40597,26846,7007,5339,9041,7115,6484,40,38
2021-07-22T23:59:59+02:00,94,92,2597,2508,7349,5569,7320,5135,6525,6965,4543,5099,1654,2087,1092,1534,298,870,1480,1456,4506,3617,4888,3597,4693,5317,3542,4128,1437,1842,1005,1403,261,805,40296,26193,6984,5198,9030,7048,6372,40,38
2021-07-21T23:59:59+02:00,93,89,2570,2492,7285,5538,7269,5095,6467,6925,4522,5076,1647,2081,1092,1531,298,868,1444,1413,4385,3535,4754,3532,4588,5210,3471,4086,1426,1830,1003,1402,261,803,40053,25721,6944,4991,9024,6987,6263,40,37
2021-07-20T23:59:59+02:00,93,89,2549,2470,7234,5505,7233,5067,6430,6885,4495,5057,1643,2077,1092,1530,298,868,1411,1382,4268,3468,4667,3479,4489,5130,3417,4054,1421,1821,1002,1401,261,802,39815,25241,6935,4916,9022,6933,6185,40,37
2021-07-19T23:59:59+02:00,92,89,2528,2447,7181,5469,7188,5047,6386,6853,4476,5041,1637,2071,1090,1527,298,867,1388,1356,4194,3421,4582,3445,4414,5068,3381,4026,1415,1815,998,1398,259,801,39538,24924,6924,4793,9020,6893,6143,40,37
2021-07-18T23:59:59+02:00,92,87,2501,2422,7119,5434,7154,5019,6350,6815,4458,5031,1630,2066,1089,1527,297,866,1370,1332,4147,3382,4544,3415,4366,5045,3347,4013,1409,1806,997,1398,259,799,39259,24725,6909,4715,9014,6867,6110,40,36
2021-07-17T23:59:59+02:00,89,85,2489,2408,7099,5421,7136,5003,6331,6801,4437,5020,1626,2065,1089,1526,297,864,1358,1319,4112,3349,4493,3393,4325,5014,3317,4001,1403,1803,997,1396,259,799,39154,24554,6899,4659,9013,6858,6053,40,36
2021-07-16T23:59:59+02:00,89,82,2453,2388,7041,5387,7077,4965,6288,6758,4410,4992,1620,2059,1088,1525,297,864,1315,1292,4015,3295,4401,3352,4243,4959,3255,3954,1390,1794,991,1394,259,798,38976,24207,6877,4626,9005,6793,5852,40,36
2021-07-15T23:59:59+02:00,87,78,2409,2361,6972,5351,7020,4927,6242,6705,4392,4966,1617,2054,1086,1522,295,864,1263,1259,3821,3186,4214,3250,4100,4862,3190,3888,1382,1786,987,1390,257,798,38659,23519,6860,4388,8999,6729,5751,40,36
2021-07-14T23:59:59+02:00,86,75,2374,2345,6907,5320,6950,4893,6188,6659,4370,4943,1609,2048,1084,1520,295,864,1218,1218,3699,3097,4110,3183,3990,4796,3143,3845,1370,1776,986,1387,257,798,38353,23017,6841,4286,8997,6658,5655,40,36
2021-07-13T23:59:59+02:00,82,72,2340,2318,6854,5290,6886,4855,6147,6610,4348,4926,1599,2043,1082,1520,295,864,1186,1179,3594,3008,3987,3112,3902,4707,3091,3787,1341,1769,983,1382,255,796,38034,22517,6834,4152,8994,6557,5581,39,36
2021-07-12T23:59:59+02:00,77,72,2314,2295,6790,5248,6819,4813,6097,6569,4321,4901,1594,2040,1079,1520,295,864,1154,1157,3486,2923,3874,3043,3800,4627,3039,3742,1328,1759,978,1374,255,796,37706,22059,6820,4023,8991,6472,5497,39,35
2021-07-11T23:59:59+02:00,71,70,2301,2283,6756,5224,6791,4791,6069,6551,4311,4893,1591,2035,1077,1520,294,864,1140,1140,3439,2878,3816,3007,3747,4599,3017,3728,1318,1746,975,1370,255,796,37597,21871,6800,3985,8987,6412,5413,39,35
2021-07-10T23:59:59+02:00,70,69,2273,2250,6677,5183,6727,4754,6020,6516,4287,4882,1588,2032,1077,1517,294,863,1118,1119,3383,2838,3768,2978,3710,4569,3000,3716,1312,1739,975,1368,255,796,37352,21690,6775,3984,8973,6398,5276,39,35
2021-07-09T23:59:59+02:00,69,66,2245,2230,6611,5150,6682,4732,5973,6484,4269,4860,1586,2026,1077,1516,294,863,1094,1103,3335,2789,3717,2938,3661,4532,2973,3688,1309,1723,973,1367,255,796,37131,21461,6748,3951,8961,6344,5183,39,35
2021-07-08T23:59:59+02:00,64,63,2197,2189,6524,5082,6585,4681,5908,6419,4232,4825,1579,2017,1075,1512,294,863,1021,1052,3169,2698,3523,2859,3483,4438,2902,3625,1294,1708,970,1358,254,795,36809,20963,6675,3660,8929,6208,4980,39,35
2021-07-07T23:59:59+02:00,64,62,2125,2143,6417,5008,6481,4630,5836,6362,4201,4777,1572,2008,1072,1507,294,863,966,1017,3019,2614,3346,2775,3324,4334,2847,3561,1279,1678,961,1348,254,792,36328,20394,6636,3418,8908,6126,4824,39,35
2021-07-06T23:59:59+02:00,61,62,2078,2104,6310,4958,6391,4583,5782,6295,4161,4742,1565,2003,1069,1502,294,863,929,976,2903,2510,3258,2715,3250,4244,2795,3504,1253,1647,957,1340,254,792,35882,19888,6588,3304,8892,6042,4726,39,35
2021-07-05T23:59:59+02:00,58,62,2012,2064,6174,4889,6276,4545,5713,6237,4122,4705,1560,1996,1067,1500,294,861,887,940,2796,2439,3175,2670,3175,4176,2751,3450,1232,1629,951,1330,254,788,35395,19501,6544,3228,8868,5957,4582,39,34
2021-07-04T23:59:59+02:00,58,61,1970,2021,6093,4848,6238,4516,5671,6216,4105,4683,1557,1994,1067,1498,294,860,847,914,2733,2391,3138,2645,3143,4140,2730,3429,1218,1610,949,1329,253,788,35185,19354,6506,3171,8845,5884,4465,39,34
2021-07-03T23:59:59+02:00,55,49,1873,1943,5876,4685,6086,4431,5587,6130,4058,4650,1555,1990,1066,1494,294,860,809,886,2663,2343,3083,2617,3104,4092,2700,3398,1213,1605,948,1325,253,786,34358,19162,6472,3168,8837,5859,4251,39,34
2021-07-02T23:59:59+02:00,46,42,1836,1906,5803,4644,6042,4403,5567,6103,4043,4632,1554,1983,1064,1493,293,860,787,860,2591,2290,3014,2572,3059,4041,2669,3361,1193,1588,944,1319,253,784,34083,18848,6437,3139,8832,5757,4191,39,34
2021-07-01T23:59:59+02:00,42,35,1788,1871,5699,4571,5960,4352,5488,6036,4016,4602,1551,1977,1063,1492,293,859,713,815,2399,2210,2827,2482,2876,3922,2569,3270,1170,1564,933,1304,253,782,33666,18049,6389,2926,8817,5655,4047,39,34
2021-06-30T23:59:59+02:00,42,33,1737,1819,5580,4493,5860,4303,5428,5988,4002,4577,1547,1969,1061,1489,293,859,678,779,2291,2137,2713,2427,2766,3831,2502,3192,1146,1537,925,1294,252,781,33237,17571,6329,2803,8802,5520,3926,39,34
2021-06-29T23:59:59+02:00,40,31,1677,1738,5467,4411,5759,4244,5377,5929,3973,4547,1539,1964,1060,1488,293,858,647,729,2205,2056,2638,2363,2664,3713,2445,3140,1133,1504,912,1284,252,778,32701,17074,6295,2733,8794,5403,3808,38,34
2021-06-28T23:59:59+02:00,39,30,1641,1682,5346,4348,5693,4193,5329,5888,3944,4522,1536,1955,1059,1486,293,858,634,705,2105,1989,2561,2304,2591,3629,2393,3092,1119,1486,905,1278,252,776,32282,16739,6234,2589,8784,5304,3731,38,34
2021-06-27T23:59:59+02:00,39,29,1611,1654,5295,4309,5650,4162,5283,5874,3932,4510,1533,1951,1059,1485,293,858,617,690,2054,1948,2519,2279,2546,3591,2362,3073,1112,1474,904,1268,252,776,32092,16590,6202,2535,8761,5220,3660,38,34
2021-06-26T23:59:59+02:00,32,25,1582,1628,5225,4261,5558,4118,5242,5840,3913,4495,1533,1949,1059,1483,293,858,610,679,2021,1921,2484,2257,2527,3567,2339,3055,1094,1464,903,1266,252,776,31732,16360,6119,2530,8761,5202,3660,38,34
2021-06-25T23:59:59+02:00,26,19,1543,1590,5122,4187,5502,4091,5205,5816,3889,4485,1530,1947,1057,1482,292,858,601,654,1969,1894,2418,2188,2428,3435,2297,2953,1083,1442,900,1262,251,775,31308,15892,6089,2503,8760,5022,3657,38,34
2021-06-24T23:59:59+02:00,19,15,1489,1538,4938,4076,5370,4036,5103,5772,3849,4458,1526,1943,1057,1481,291,858,562,633,1858,1821,2237,2116,2257,3352,2192,2859,1051,1420,892,1256,250,772,30663,15377,6029,2175,8750,4940,3542,38,34
2021-06-23T23:59:59+02:00,18,15,1456,1494,4852,4021,5290,3980,5054,5728,3827,4423,1517,1937,1054,1478,290,858,531,611,1785,1758,2126,2063,2138,3262,2090,2771,1027,1398,888,1248,248,771,30224,14809,5976,2096,8746,4798,3506,38,34
2021-06-22T23:59:59+02:00,18,15,1428,1476,4779,3957,5205,3932,5009,5683,3801,4400,1512,1931,1053,1476,290,858,515,590,1722,1712,2038,2010,2052,3154,1987,2682,1013,1376,878,1236,248,766,29812,14381,5933,1972,8741,4628,3480,38,33
2021-06-21T23:59:59+02:00,17,15,1398,1436,4660,3865,5124,3888,4941,5621,3771,4379,1508,1918,1051,1471,289,856,499,574,1683,1668,2002,1967,2002,3072,1922,2598,993,1347,856,1216,248,763,29267,14079,5892,1875,8739,4488,3442,38,33
2021-06-20T23:59:59+02:00,16,13,1371,1403,4585,3797,5073,3868,4906,5600,3748,4367,1505,1917,1050,1471,288,856,483,557,1653,1639,1978,1943,1972,3045,1882,2561,985,1332,854,1210,248,762,28969,13900,5855,1837,8726,4426,3408,38,32
2021-06-19T23:59:59+02:00,15,13,1359,1384,4543,3764,5048,3843,4876,5576,3730,4354,1500,1915,1050,1470,288,856,476,553,1634,1618,1959,1917,1957,3021,1857,2524,976,1325,850,1209,246,761,28788,13725,5791,1806,8726,4419,3394,38,31
2021-06-18T23:59:59+02:00,10,9,1336,1367,4471,3722,4997,3799,4825,5539,3705,4342,1496,1912,1048,1468,288,856,460,544,1614,1601,1930,1886,1911,2974,1807,2467,963,1310,848,1205,245,759,28451,13418,5744,1802,8725,4373,3381,38,31
2021-06-17T23:59:59+02:00,7,8,1296,1330,4307,3645,4809,3719,4652,5451,3650,4297,1490,1909,1048,1467,287,856,421,523,1513,1567,1749,1825,1751,2877,1706,2385,942,1292,837,1194,243,757,27839,12949,5689,1696,8718,4287,3088,37,31
2021-06-16T23:59:59+02:00,7,7,1266,1299,4201,3560,4712,3666,4548,5387,3605,4270,1484,1905,1047,1463,287,855,404,501,1450,1529,1689,1792,1669,2791,1647,2309,926,1266,827,1179,243,754,27348,12531,5574,1625,8706,4212,3037,37,31
2021-06-15T23:59:59+02:00,7,7,1230,1266,4063,3476,4641,3607,4471,5316,3562,4238,1474,1898,1042,1461,287,854,391,481,1396,1477,1639,1748,1602,2735,1578,2240,909,1238,822,1168,242,753,26792,12199,5537,1541,8691,4142,2959,37,31
2021-06-14T23:59:59+02:00,7,5,1201,1229,3972,3421,4557,3553,4388,5244,3508,4207,1470,1889,1041,1456,285,852,382,470,1349,1443,1588,1713,1551,2673,1522,2188,899,1215,818,1161,241,750,26320,11946,5443,1470,8687,4057,2905,36,31
2021-06-13T23:59:59+02:00,7,5,1185,1213,3925,3381,4509,3512,4337,5201,3487,4191,1469,1883,1041,1455,285,851,375,462,1316,1425,1551,1688,1511,2636,1489,2147,881,1194,815,1151,241,748,26066,11762,5407,1447,8681,3983,2846,36,31
2021-06-12T23:59:59+02:00,7,4,1170,1185,3895,3360,4479,3489,4319,5185,3472,4181,1467,1880,1040,1454,285,850,370,461,1303,1406,1529,1663,1490,2615,1464,2127,873,1184,805,1148,241,747,25873,11623,5396,1447,8679,3922,2834,36,30
2021-06-11T23:59:59+02:00,6,4,1151,1171,3855,3313,4408,3461,4277,5146,3442,4169,1466,1878,1039,1451,285,849,358,447,1281,1366,1501,1642,1446,2573,1418,2086,863,1170,802,1142,241,746,25569,11382,5367,1439,8675,3844,2812,36,30
2021-06-10T23:59:59+02:00,6,3,1085,1118,3732,3230,4271,3378,4178,5080,3387,4132,1461,1871,1037,1450,285,849,337,430,1216,1327,1434,1583,1382,2502,1331,1987,836,1138,798,1132,240,743,24959,10956,5228,1426,8656,3682,2736,36,29
2021-06-09T23:59:59+02:00,6,1,1034,1081,3588,3124,4134,3317,4086,5003,3339,4089,1457,1865,1035,1447,285,849,319,410,1155,1284,1370,1548,1324,2421,1250,1920,810,1085,791,1118,239,741,24459,10652,5044,1366,8647,3542,2598,36,29
2021-06-08T23:59:59+02:00,5,1,981,1044,3452,3029,4013,3236,3979,4920,3289,4058,1450,1861,1032,1444,284,847,304,390,1109,1245,1314,1515,1268,2365,1203,1847,791,1050,780,1102,235,738,23891,10415,4901,1316,8636,3404,2485,36,28
2021-06-07T23:59:59+02:00,4,1,954,1016,3340,2948,3876,3202,3856,4851,3236,4032,1435,1856,1031,1442,284,846,298,384,1065,1205,1257,1495,1220,2314,1135,1793,778,1030,767,1086,234,734,23493,10247,4715,1280,8629,3275,2348,36,28
2021-06-06T23:59:59+02:00,4,1,931,1005,3280,2913,3797,3154,3788,4822,3205,4016,1433,1850,1028,1441,283,846,290,373,1051,1178,1226,1466,1198,2257,1108,1733,765,1015,760,1078,234,731,23280,10137,4580,1226,8617,3165,2283,36,28
2021-06-05T23:59:59+02:00,4,1,920,987,3212,2853,3742,3125,3753,4798,3195,4012,1432,1848,1028,1441,283,845,284,362,1033,1158,1207,1451,1174,2228,1076,1713,751,992,758,1075,234,731,23002,9974,4574,1222,8613,3124,2247,36,27
2021-06-04T23:59:59+02:00,2,1,893,967,3166,2798,3668,3087,3691,4745,3169,3992,1428,1844,1026,1441,283,845,273,354,1009,1128,1185,1436,1151,2191,1048,1685,736,971,752,1070,234,729,22685,9839,4528,1217,8609,3065,2168,36,27
2021-06-03T23:59:59+02:00,2,1,849,932,3007,2704,3484,2980,3515,4630,3077,3917,1419,1834,1022,1436,283,845,262,344,978,1088,1130,1381,1087,2108,986,1626,698,933,744,1057,234,728,21995,9624,4289,1199,8592,2903,1984,36,27
2021-06-02T23:59:59+02:00,2,1,824,920,2939,2640,3429,2940,3454,4571,3035,3891,1417,1829,1022,1435,283,845,249,335,954,1066,1091,1364,1046,2068,935,1581,685,902,741,1052,234,727,21641,9412,4270,1185,8592,2867,1884,36,27
2021-06-01T23:59:59+02:00,2,1,777,887,2787,2527,3249,2846,3287,4465,2976,3830,1406,1822,1019,1430,283,845,238,321,873,1008,1003,1308,964,1960,886,1504,656,850,735,1043,234,721,21030,9131,4060,1150,8581,2674,1652,36,26
2021-05-31T23:59:59+02:00,2,1,739,859,2663,2438,3110,2750,3181,4376,2923,3778,1401,1810,1018,1426,283,844,225,305,835,966,937,1257,920,1884,846,1445,637,826,729,1038,232,718,20620,8961,3825,1134,8562,2539,1459,36,26
2021-05-30T23:59:59+02:00,2,1,729,847,2606,2393,3047,2712,3131,4337,2906,3757,1397,1804,1018,1425,283,843,215,288,794,925,887,1216,881,1825,824,1391,623,810,725,1029,232,717,20474,8864,3763,1126,8550,2370,1308,36,26
2021-05-29T23:59:59+02:00,2,1,727,845,2587,2377,3024,2700,3112,4321,2898,3748,1395,1803,1018,1425,283,843,211,277,788,912,867,1189,865,1779,810,1359,609,790,723,1024,231,717,20350,8773,3761,1125,8547,2230,1307,35,26
2021-05-28T23:59:59+02:00,2,1,719,833,2549,2336,2979,2673,3089,4298,2888,3733,1395,1800,1016,1420,283,843,207,268,776,895,855,1165,850,1738,779,1319,592,761,719,1016,230,715,20103,8596,3752,1121,8545,2144,1303,35,26
2021-05-27T23:59:59+02:00,2,1,673,810,2422,2275,2846,2603,2945,4222,2804,3684,1386,1788,1015,1418,282,841,192,252,713,842,773,1110,764,1646,715,1237,569,729,710,1000,229,713,19613,8394,3618,1083,8512,1885,1102,35,25
2021-05-26T23:59:59+02:00,2,1,639,775,2312,2204,2683,2538,2821,4158,2753,3634,1376,1777,1013,1411,280,836,183,230,671,802,727,1076,722,1578,676,1179,553,703,692,967,228,710,19195,8173,3372,1072,8485,1746,972,35,25
2021-05-25T23:59:59+02:00,2,1,617,757,2219,2142,2582,2495,2723,4077,2706,3597,1365,1769,1010,1407,280,834,174,217,648,773,692,1041,684,1520,628,1118,536,685,674,940,227,708,18829,7965,3193,1037,8443,1611,918,34,22
2021-05-24T23:59:59+02:00,2,1,602,735,2160,2100,2507,2462,2654,4022,2649,3555,1352,1761,1004,1406,280,833,169,209,626,755,665,1009,650,1464,602,1066,519,671,667,936,227,708,18638,7875,3011,1026,8409,1490,818,34,21
2021-05-23T23:59:59+02:00,2,1,598,734,2142,2086,2494,2448,2644,4007,2638,3542,1349,1759,1004,1404,280,833,168,208,621,747,657,1003,635,1451,595,1059,516,664,662,930,226,705,18519,7797,3008,1021,8409,1479,817,34,20
2021-05-22T23:59:59+02:00,2,1,591,721,2117,2064,2458,2426,2624,3975,2606,3514,1341,1755,1004,1402,280,832,166,201,612,744,652,993,623,1445,590,1053,506,656,656,918,226,705,18273,7735,3007,1021,8407,1445,808,34,20
2021-05-21T23:59:59+02:00,2,1,578,705,2028,2027,2372,2373,2555,3928,2565,3468,1334,1742,1002,1400,280,831,166,198,606,735,642,984,611,1433,575,1033,495,630,649,912,226,703,17786,7652,2980,1020,8388,1384,805,34,20
2021-05-20T23:59:59+02:00,2,1,546,684,1901,1956,2241,2295,2427,3829,2486,3386,1319,1726,1000,1395,280,829,157,187,573,697,610,945,581,1375,551,971,471,600,644,903,226,702,17142,7531,2855,1009,8314,1171,736,34,20
2021-05-19T23:59:59+02:00,2,1,510,649,1790,1872,2094,2222,2286,3730,2382,3291,1302,1707,993,1392,278,829,143,180,548,673,577,909,550,1323,525,912,457,580,634,880,225,700,16375,7383,2786,993,8272,1070,617,34,20
2021-05-18T23:59:59+02:00,2,0,482,628,1710,1796,1992,2165,2177,3611,2290,3201,1291,1688,986,1385,278,825,136,171,524,644,554,877,534,1246,506,851,441,555,627,866,224,697,15863,7267,2620,955,8215,958,514,34,20
2021-05-17T23:59:59+02:00,2,0,462,614,1652,1760,1939,2114,2102,3500,2234,3126,1273,1668,979,1378,278,823,130,163,507,630,546,839,523,1185,492,798,424,526,625,858,224,695,15564,7196,2469,925,8149,859,419,34,20
2021-05-16T23:59:59+02:00,2,0,457,613,1626,1734,1903,2087,2062,3451,2181,3070,1259,1659,977,1374,278,822,126,161,498,610,535,823,510,1139,475,761,398,497,622,853,224,694,15392,7144,2400,897,8108,772,342,34,20
2021-05-15T23:59:59+02:00,2,0,452,608,1600,1716,1884,2067,2040,3427,2157,3033,1251,1658,976,1372,277,822,125,158,494,609,534,820,505,1135,469,751,395,495,619,851,224,694,15190,7113,2399,896,8100,761,337,32,20
2021-05-14T23:59:59+02:00,2,0,435,594,1569,1683,1841,2026,1962,3359,2115,2988,1243,1648,974,1372,275,822,123,153,489,593,515,795,486,1103,455,735,379,479,614,846,224,692,14822,7054,2359,880,8079,657,315,32,20
2021-05-13T23:59:59+02:00,1,0,409,574,1507,1631,1731,1974,1843,3273,2050,2896,1219,1631,967,1370,273,818,118,150,477,586,506,779,480,1089,442,723,363,454,604,821,224,688,14387,6976,2120,842,8023,622,286,32,20
2021-05-12T23:59:59+02:00,1,0,402,569,1487,1622,1716,1965,1818,3250,2035,2882,1217,1625,963,1368,273,818,118,148,474,586,505,773,477,1084,440,717,358,442,603,815,224,687,14258,6934,2096,833,8016,621,284,31,20
2021-05-11T23:59:59+02:00,1,0,384,550,1416,1585,1615,1924,1709,3157,1932,2811,1203,1601,958,1359,273,818,111,139,459,554,484,745,458,1051,412,696,339,414,593,809,224,687,13859,6838,1931,804,7905,526,222,31,20
2021-05-10T23:59:59+02:00,1,0,369,535,1371,1553,1560,1891,1637,3091,1874,2744,1196,1587,954,1353,273,815,111,136,453,549,475,724,450,1029,407,675,330,401,591,803,224,686,13588,6791,1847,796,7782,475,197,31,19
2021-05-09T23:59:59+02:00,1,0,363,524,1326,1528,1527,1871,1593,3055,1813,2703,1183,1574,952,1349,273,814,106,133,446,539,465,716,440,1019,397,664,320,390,586,799,224,685,13350,6755,1791,785,7733,423,177,31,18
2021-05-08T23:59:59+02:00,1,0,357,520,1312,1507,1498,1851,1571,3031,1783,2682,1176,1566,949,1348,272,814,105,133,445,539,463,715,439,1014,397,658,319,389,582,791,224,685,13143,6741,1785,779,7730,411,176,31,18
2021-05-07T23:59:59+02:00,1,0,346,513,1284,1479,1444,1832,1508,2971,1735,2632,1170,1558,948,1343,272,811,102,130,433,525,450,690,427,979,381,634,316,370,569,778,224,683,12873,6693,1756,756,7665,310,140,31,16
2021-05-06T23:59:59+02:00,1,0,323,500,1189,1435,1332,1776,1368,2857,1603,2539,1139,1527,947,1332,272,809,99,125,420,509,439,672,414,956,368,615,306,353,557,766,224,681,12384,6633,1570,739,7444,225,114,29,15
2021-05-05T23:59:59+02:00,1,0,309,485,1149,1403,1287,1736,1302,2788,1525,2460,1122,1504,941,1317,272,804,98,121,409,498,435,660,406,946,363,598,289,342,539,747,224,680,11969,6562,1507,719,7378,176,106,29,13
2021-05-04T23:59:59+02:00,1,0,300,475,1103,1371,1248,1710,1257,2742,1473,2400,1106,1474,936,1307,271,800,94,118,400,486,432,653,395,927,355,581,276,327,528,727,224,680,11649,6487,1445,692,7335,138,94,29,12
2021-05-03T23:59:59+02:00,1,0,294,469,1071,1347,1213,1692,1227,2708,1432,2361,1090,1447,930,1301,270,795,87,114,388,480,423,645,388,919,345,573,264,319,512,711,223,678,11406,6410,1421,685,7295,116,65,29,11
2021-05-02T23:59:59+02:00,1,0,289,468,1057,1333,1180,1675,1202,2690,1421,2339,1081,1433,928,1300,270,792,85,113,381,474,419,640,383,912,342,570,259,311,494,701,223,678,11277,6372,1406,668,7261,102,48,28,10
2021-05-01T23:59:59+02:00,1,0,285,463,1048,1325,1168,1662,1188,2677,1404,2322,1075,1428,925,1298,270,791,85,112,381,473,418,640,381,908,342,569,257,311,494,701,223,678,11144,6364,1405,668,7260,99,47,28,10
2021-04-30T23:59:59+02:00,1,0,281,454,1037,1301,1148,1643,1160,2617,1351,2268,1062,1413,920,1294,270,788,83,110,380,468,414,633,379,883,338,559,252,305,492,696,223,677,10853,6350,1400,659,7257,72,17,28,9
2021-04-29T23:59:59+02:00,1,0,266,440,984,1271,1109,1603,1114,2561,1259,2198,1020,1370,915,1285,269,786,83,106,375,466,410,628,371,871,329,550,244,296,481,686,222,673,10385,6291,1361,638,7196,49,16,27,9
2021-04-28T23:59:59+02:00,1,0,255,434,968,1253,1082,1589,1080,2520,1194,2145,989,1318,907,1283,269,784,79,104,369,462,406,619,368,863,325,537,230,281,470,673,221,672,10099,6226,1312,603,7144,35,15,27,9
2021-04-27T23:59:59+02:00,1,0,251,424,949,1237,1063,1577,1054,2497,1172,2118,965,1284,901,1279,269,781,77,101,364,458,404,614,366,859,320,531,227,273,460,654,220,671,9907,6177,1285,578,7109,29,15,23,8
2021-04-26T23:59:59+02:00,1,0,248,418,941,1228,1053,1562,1027,2480,1124,2070,946,1266,894,1272,268,780,77,101,360,452,404,611,362,856,319,526,222,265,450,645,220,671,9736,6144,1270,554,7044,27,15,23,8
2021-04-25T23:59:59+02:00,1,0,248,416,932,1215,1037,1555,1010,2463,1096,2042,924,1243,890,1265,268,780,76,100,359,445,401,610,361,852,318,526,221,260,445,637,220,670,9609,6128,1246,538,6997,19,15,23,8
2021-04-24T23:59:59+02:00,1,0,244,410,918,1203,1025,1540,997,2445,1068,2026,913,1220,887,1262,268,780,76,100,359,445,400,610,361,850,317,523,220,259,444,634,220,670,9447,6122,1246,530,6974,19,15,22,8
2021-04-23T23:59:59+02:00,1,0,242,400,907,1189,1016,1529,981,2428,1015,1983,893,1197,885,1255,268,777,75,98,359,445,400,609,360,848,314,520,216,253,440,629,220,670,9299,6102,1234,518,6882,19,15,22,7
2021-04-22T23:59:59+02:00,1,0,239,390,884,1166,992,1507,952,2387,972,1923,863,1158,876,1243,268,774,75,97,357,439,395,602,356,839,312,514,211,247,431,619,219,668,9036,6049,1185,503,6815,12,15,22,7
2021-04-21T23:59:59+02:00,1,0,234,385,862,1147,966,1492,917,2352,928,1877,831,1108,868,1229,268,770,74,95,355,438,393,599,352,834,308,506,210,242,422,604,218,665,8749,6001,1161,484,6759,12,15,22,7
2021-04-20T23:59:59+02:00,1,0,227,380,845,1121,948,1472,893,2303,888,1825,786,1046,856,1212,267,768,74,95,353,437,390,595,346,829,306,500,206,234,410,585,217,665,8475,5944,1093,469,6697,11,15,22,7
2021-04-19T23:59:59+02:00,1,0,224,370,827,1109,935,1452,877,2272,860,1791,760,1015,852,1205,266,765,73,94,352,434,384,590,343,819,302,490,206,229,400,568,215,660,8298,5885,1077,447,6631,9,14,21,7
2021-04-18T23:59:59+02:00,1,0,223,366,819,1099,923,1444,856,2252,842,1774,735,976,849,1199,265,762,72,92,349,434,384,590,342,816,302,487,205,225,394,565,215,660,8178,5866,1051,438,6572,9,14,21,7
2021-04-17T23:59:59+02:00,1,0,222,363,816,1096,916,1443,849,2247,838,1768,719,952,847,1193,265,762,72,89,347,430,382,590,339,812,301,483,203,220,388,558,215,659,8114,5824,1050,436,6548,9,14,21,7
2021-04-16T23:59:59+02:00,1,0,221,362,806,1091,903,1425,833,2225,808,1731,678,894,837,1183,264,759,68,87,345,423,379,588,331,799,295,470,191,204,385,549,212,656,7924,5756,1035,398,6474,8,14,20,6
2021-04-15T23:59:59+02:00,1,0,220,355,783,1074,885,1411,809,2179,769,1694,647,849,829,1164,264,755,66,86,342,416,374,583,324,792,288,467,183,198,369,529,210,651,7707,5677,1026,372,6361,7,14,19,6
2021-04-14T23:59:59+02:00,1,0,219,348,772,1065,876,1398,794,2144,752,1666,610,809,800,1118,264,751,63,82,337,413,370,578,322,783,280,459,173,182,354,506,208,646,7493,5586,1010,340,6286,7,14,17,6
2021-04-13T23:59:59+02:00,1,0,215,343,762,1060,866,1386,785,2119,724,1640,564,758,779,1084,263,747,61,80,330,408,361,574,315,776,275,454,170,178,341,493,207,643,7342,5527,963,310,6192,5,14,15,6
2021-04-12T23:59:59+02:00,1,0,213,342,758,1055,859,1373,759,2099,707,1623,534,730,768,1067,263,745,60,76,318,399,357,568,311,769,268,448,163,173,333,481,206,637,7251,5450,941,284,6103,5,14,13,6
2021-04-11T23:59:59+02:00,0,0,210,340,750,1045,852,1367,747,2083,697,1607,519,707,760,1043,262,742,58,73,313,397,354,566,309,766,267,443,158,166,326,478,204,635,7193,5404,922,274,6013,5,14,12,6
2021-04-10T23:59:59+02:00,0,0,210,338,750,1042,849,1365,738,2075,688,1600,513,693,753,1029,261,742,54,66,287,381,334,550,297,752,252,435,150,159,322,464,203,633,7140,5232,915,266,5986,5,13,12,6
2021-04-09T23:59:59+02:00,0,0,210,335,746,1039,837,1342,730,1993,672,1516,477,632,733,1009,258,738,45,63,274,369,318,538,281,737,241,422,141,154,300,443,199,624,7028,5042,892,258,5737,5,10,11,6
2021-04-08T23:59:59+02:00,0,0,208,331,741,1032,826,1333,716,1973,654,1497,433,574,705,986,256,735,43,61,265,353,304,527,267,723,226,406,131,138,285,426,197,607,6916,4859,853,247,5620,5,9,11,6
2021-04-07T23:59:59+02:00,0,0,203,327,731,1025,813,1318,700,1946,636,1464,395,532,675,947,253,731,40,58,246,340,294,520,260,709,218,394,116,128,267,406,192,598,6786,4690,819,238,5472,5,9,11,5
2021-04-06T23:59:59+02:00,0,0,201,325,723,1020,799,1302,681,1923,608,1438,375,496,650,916,252,729,38,57,245,336,290,518,250,705,213,388,111,123,259,386,188,588,6697,4620,792,218,5324,4,9,10,5
2021-04-05T23:59:59+02:00,0,0,201,324,720,1014,793,1290,673,1907,602,1423,358,473,633,892,252,728,38,56,245,332,289,513,246,699,209,387,111,119,245,366,185,582,6656,4561,781,203,5216,4,8,10,5
2021-04-04T23:59:59+02:00,0,0,200,321,717,1005,788,1279,664,1889,595,1404,348,462,630,888,252,728,37,55,245,331,288,513,246,699,208,387,109,119,238,354,182,580,6633,4531,777,202,5131,4,7,10,5
2021-04-03T23:59:59+02:00,0,0,200,321,715,1005,786,1277,663,1885,588,1402,340,456,627,881,252,727,37,55,245,331,288,513,246,698,208,385,109,119,237,352,182,578,6600,4523,777,202,5117,4,7,10,5
2021-04-02T23:59:59+02:00,0,0,200,319,715,1004,785,1274,659,1878,584,1392,331,447,616,871,252,726,37,54,242,330,286,511,244,690,203,380,107,118,231,333,181,565,6554,4453,772,199,5094,4,7,9,5
2021-04-01T23:59:59+02:00,0,0,197,316,710,990,773,1261,654,1858,568,1373,319,423,586,838,251,720,35,53,233,324,284,508,243,683,201,376,100,115,217,307,177,544,6467,4347,730,191,5002,4,7,9,5
2021-03-31T23:59:59+02:00,0,0,193,313,702,983,764,1247,644,1813,558,1334,310,412,566,790,249,717,35,53,232,323,280,506,240,681,195,372,95,112,203,281,175,523,6400,4261,686,184,4869,4,6,9,5
2021-03-30T23:59:59+02:00,0,0,190,307,697,972,759,1227,632,1774,549,1290,300,396,540,754,248,717,35,52,230,319,276,503,239,676,192,367,92,110,194,263,172,509,6324,4186,652,179,4734,4,6,9,5
2021-03-29T23:59:59+02:00,0,0,186,302,691,955,754,1215,623,1743,540,1252,296,382,511,717,246,710,35,51,228,318,275,501,238,671,190,360,89,109,185,251,167,497,6218,4127,630,173,4631,4,6,9,5
2021-03-28T23:59:59+02:00,0,0,179,286,683,947,747,1206,619,1721,537,1237,294,368,484,693,244,708,35,50,226,318,272,495,234,668,189,357,86,107,178,241,164,496,6175,4084,596,167,4535,4,6,9,5
2021-03-27T23:59:59+01:00,0,0,179,282,678,941,742,1202,613,1710,535,1229,289,360,478,683,244,707,35,50,226,318,272,495,233,662,186,353,85,106,174,234,160,486,6135,4049,588,161,4499,4,6,9,5
2021-03-26T23:59:59+01:00,0,0,175,279,667,929,734,1187,602,1693,527,1205,282,349,474,669,242,704,35,50,226,318,271,493,233,661,179,340,81,98,160,218,152,474,6071,3964,570,161,4423,4,4,9,5
2021-03-25T23:59:59+01:00,0,0,171,277,659,916,713,1163,585,1657,517,1165,275,337,458,645,241,700,35,50,222,313,269,492,227,658,179,339,74,98,144,201,149,450,5998,3878,554,154,4269,4,4,9,5
2021-03-24T23:59:59+01:00,0,0,169,268,648,903,705,1148,576,1620,505,1135,266,324,441,620,238,697,35,50,221,311,266,490,225,658,175,337,72,95,132,195,141,416,5925,3805,531,147,4144,3,4,9,5
2021-03-23T23:59:59+01:00,0,0,166,265,639,890,692,1136,565,1598,493,1097,260,312,423,604,233,693,34,50,219,310,264,488,220,653,173,333,69,92,125,188,132,391,5873,3730,514,142,4014,3,4,9,5
2021-03-22T23:59:59+01:00,0,0,162,257,620,869,673,1117,554,1566,480,1073,256,302,412,589,232,687,34,50,218,308,261,486,219,646,172,331,69,88,119,180,117,361,5817,3650,490,139,3873,2,4,9,5
2021-03-21T23:59:59+01:00,0,0,158,255,612,862,669,1113,550,1542,474,1040,251,295,399,583,230,683,34,50,215,308,260,484,218,645,170,329,68,85,117,179,113,358,5798,3629,477,135,3769,2,3,7,4
2021-03-20T23:59:59+01:00,0,0,156,255,604,858,664,1108,544,1538,471,1038,248,288,387,569,228,681,34,50,215,308,259,484,217,643,170,325,67,84,114,175,109,352,5765,3604,472,133,3725,2,3,7,4
2021-03-19T23:59:59+01:00,0,0,146,243,599,840,653,1102,540,1520,459,1025,234,266,372,543,222,672,32,50,214,307,258,484,215,635,169,322,64,82,107,165,104,330,5687,3537,433,132,3637,2,2,7,4
2021-03-18T23:59:59+01:00,0,0,141,237,582,824,635,1068,522,1470,445,979,218,251,359,522,219,655,32,50,213,304,256,476,215,630,167,315,64,79,98,157,98,315,5605,3474,401,123,3435,2,2,7,4
2021-03-17T23:59:59+01:00,0,0,134,231,570,805,622,1061,517,1457,436,961,206,238,341,504,216,649,32,49,213,302,255,474,215,629,167,314,64,79,94,152,93,303,5509,3438,374,123,3372,2,2,5,4
2021-03-16T23:59:59+01:00,0,0,130,224,555,790,605,1050,505,1417,424,936,199,223,321,470,212,637,32,48,213,299,255,468,213,628,166,313,60,79,89,147,91,283,5419,3391,340,119,3239,2,1,5,4
2021-03-15T23:59:59+01:00,0,0,124,217,540,775,596,1027,496,1385,408,899,193,215,307,446,211,631,31,48,212,296,255,465,212,627,164,313,59,77,83,142,89,268,5330,3348,310,118,3124,2,0,5,4
2021-03-14T23:59:59+01:00,0,0,119,204,528,758,582,1006,487,1343,395,856,184,204,297,435,204,627,31,48,212,294,254,464,211,622,163,308,58,77,82,139,87,265,5266,3333,296,107,2956,2,0,5,4
2021-03-13T23:59:59+01:00,0,0,115,192,500,732,552,979,462,1319,374,838,167,195,289,423,203,624,31,48,212,294,254,464,210,622,163,307,58,77,79,135,76,250,5073,3296,290,107,2873,2,0,5,4
2021-03-12T23:59:59+01:00,0,0,104,185,473,707,533,951,441,1280,352,807,151,183,265,396,202,604,31,48,212,293,254,463,210,622,163,306,54,76,76,129,74,244,4851,3269,284,107,2758,2,0,5,3
2021-03-11T23:59:59+01:00,0,0,96,178,441,661,496,915,404,1206,331,754,137,161,243,353,197,582,31,47,211,290,249,459,208,618,160,304,54,74,72,123,72,232,4615,3239,276,87,2503,2,0,5,2
2021-03-10T23:59:59+01:00,0,0,93,168,418,639,479,897,389,1168,315,717,122,145,227,323,192,551,31,47,209,285,245,454,205,612,160,302,51,73,68,121,69,221,4445,3197,266,75,2367,2,0,5,2
2021-03-09T23:59:59+01:00,0,0,93,163,407,612,449,868,374,1124,306,685,117,137,215,305,186,539,31,47,208,282,242,446,203,608,156,298,51,71,66,119,62,212,4362,3155,250,65,2190,2,0,5,2
2021-03-08T23:59:59+01:00,0,0,90,156,392,595,431,851,365,1072,298,648,112,128,201,285,182,526,31,47,208,278,239,441,198,604,150,294,49,70,61,116,61,211,4284,3127,234,49,2032,1,0,5,1
2021-03-07T23:59:59+01:00,0,0,86,152,387,583,423,835,355,1058,295,642,110,128,194,272,180,525,31,47,207,277,239,439,197,603,150,294,49,70,59,115,60,210,4239,3118,224,47,1976,0,0,5,1
2021-03-06T23:59:59+01:00,0,0,85,145,385,576,416,812,347,1007,286,611,109,127,188,264,178,520,31,47,207,277,238,438,197,602,150,294,49,70,57,115,59,205,4207,3113,224,41,1836,0,0,5,1
2021-03-05T23:59:59+01:00,0,0,84,140,380,564,411,804,346,991,277,587,103,117,174,244,169,507,31,47,206,275,237,437,196,600,149,292,49,70,55,114,59,197,4121,3098,215,33,1766,0,0,5,1
2021-03-04T23:59:59+01:00,0,0,81,126,369,528,393,770,328,945,267,560,93,116,155,219,163,483,31,47,204,269,235,431,194,588,146,291,47,70,55,114,59,196,4022,3059,198,32,1577,0,0,5,1
2021-03-03T23:59:59+01:00,0,0,74,115,360,510,384,752,324,924,258,542,91,113,145,211,155,449,31,46,204,269,234,429,191,579,146,285,47,70,54,113,59,196,3951,3036,192,29,1461,0,0,5,1
2021-03-02T23:59:59+01:00,0,0,71,112,349,495,368,735,316,905,252,520,89,110,137,203,146,422,30,46,204,269,234,423,186,572,144,282,47,70,54,111,59,195,3871,3007,186,29,1363,0,0,5,1
2021-03-01T23:59:59+01:00,0,0,70,110,343,481,361,714,308,881,246,492,88,108,130,193,128,387,30,45,203,268,232,414,184,564,144,279,47,70,54,110,58,195,3786,2977,181,29,1258,0,0,5,1
2021-02-28T23:59:59+01:00,0,0,70,108,336,472,358,706,306,857,241,474,84,100,128,189,124,383,30,45,202,267,231,414,184,564,144,279,47,70,54,110,58,194,3762,2973,176,29,1180,0,0,5,1
2021-02-27T23:59:59+01:00,0,0,67,99,330,466,353,700,300,846,238,465,82,98,127,184,117,372,30,45,202,266,231,413,183,563,143,278,47,70,54,110,58,194,3729,2972,170,24,1123,0,0,5,1
2021-02-26T23:59:59+01:00,0,0,65,94,322,442,327,665,280,815,228,444,80,94,119,174,113,352,30,44,202,265,231,411,182,560,140,276,47,70,54,110,58,192,3673,2957,169,24,944,0,0,5,0
2021-02-25T23:59:59+01:00,0,0,57,83,309,421,316,635,274,788,216,422,75,94,110,167,108,338,30,44,200,262,227,408,180,552,135,275,47,68,52,108,56,192,3620,2929,163,16,795,0,0,5,0
2021-02-24T23:59:59+01:00,0,0,53,76,302,408,308,620,269,772,213,414,74,94,106,163,102,327,29,44,198,261,224,395,178,544,133,270,45,67,50,108,56,192,3585,2891,158,10,720,0,0,5,0
2021-02-23T23:59:59+01:00,0,0,49,67,289,389,298,601,263,754,208,406,70,92,100,159,100,303,28,44,197,259,222,390,177,538,129,267,45,67,50,104,56,190,3531,2862,153,7,621,0,0,5,0
2021-02-22T23:59:59+01:00,0,0,47,64,284,377,294,591,261,745,206,402,67,89,92,152,98,289,28,42,194,257,219,377,169,528,126,264,45,67,49,104,55,190,3485,2814,145,4,582,0,0,4,0
2021-02-21T23:59:59+01:00,0,0,46,63,279,371,291,581,256,737,201,398,66,87,91,150,96,287,28,41,193,255,218,374,169,519,126,263,45,67,49,103,54,189,3475,2791,142,4,535,0,0,3,0
2021-02-20T23:59:59+01:00,0,0,45,63,277,370,291,578,255,731,201,392,65,87,88,146,85,272,28,41,193,255,218,374,169,519,124,262,45,67,48,103,54,187,3440,2785,141,4,514,0,0,3,0
2021-02-19T23:59:59+01:00,0,0,44,63,274,365,285,556,244,705,199,380,62,85,85,138,83,265,28,40,193,255,217,373,169,518,124,262,45,67,47,102,53,185,3411,2776,140,4,427,0,0,2,0
2021-02-18T23:59:59+01:00,0,0,42,60,256,341,277,535,236,684,185,355,61,81,83,133,81,255,27,39,189,247,214,367,165,503,123,252,45,65,46,100,49,181,3382,2709,131,4,294,0,0,2,0
2021-02-17T23:59:59+01:00,0,0,42,58,249,336,275,520,230,671,182,335,59,79,79,131,78,245,25,38,185,241,207,353,161,487,120,241,41,63,46,98,48,178,3334,2626,131,3,240,0,0,2,0
2021-02-16T23:59:59+01:00,0,0,41,53,236,321,271,509,224,657,177,328,57,78,76,129,71,236,22,38,176,232,199,334,155,475,116,229,41,59,37,84,42,169,3295,2501,128,3,175,0,0,2,0
2021-02-15T23:59:59+01:00,0,0,40,53,231,318,264,496,221,652,173,322,55,78,71,125,70,235,21,36,169,225,194,326,149,464,112,222,38,56,37,78,39,161,3268,2420,127,3,143,0,0,2,0
2021-02-14T23:59:59+01:00,0,0,37,53,228,314,262,489,218,646,173,318,55,76,68,125,69,231,20,36,167,221,190,321,148,452,111,220,38,56,36,77,37,154,3257,2376,116,3,122,0,0,2,0
2021-02-13T23:59:59+01:00,0,0,36,53,228,314,260,489,218,645,173,318,55,76,67,125,69,230,20,36,166,220,187,321,147,450,110,217,37,56,35,76,35,150,3253,2356,116,1,120,0,0,2,0
2021-02-12T23:59:59+01:00,0,0,35,51,226,309,257,480,214,634,170,315,55,75,66,125,69,229,20,36,165,217,186,320,146,448,108,216,35,55,35,72,32,141,3244,2325,116,1,81,0,0,2,0
2021-02-11T23:59:59+01:00,0,0,34,50,218,288,250,463,207,610,158,304,53,74,65,123,69,224,20,34,149,197,179,289,137,402,103,197,31,54,32,62,30,127,3207,2128,94,1,18,0,0,2,0
2021-02-10T23:59:59+01:00,0,0,34,49,215,280,248,456,203,601,156,299,50,74,64,123,68,222,18,31,138,173,165,251,117,353,96,175,27,52,31,60,27,116,3175,1904,84,1,8,0,0,2,0
2021-02-09T23:59:59+01:00,0,0,33,48,214,277,246,446,198,593,152,296,50,74,64,121,68,222,18,29,121,146,149,231,104,311,91,150,22,47,30,48,23,104,3153,1690,69,1,4,0,0,2,0
2021-02-08T23:59:59+01:00,0,0,33,48,213,275,240,431,195,580,148,291,48,74,64,120,68,222,16,28,104,123,127,192,85,272,86,140,15,45,24,41,22,89,3114,1469,53,1,4,0,0,2,0
2021-02-07T23:59:59+01:00,0,0,33,47,210,274,238,430,195,577,148,291,48,74,63,119,68,222,15,22,99,114,120,181,80,253,82,131,15,44,23,35,22,84,3106,1377,50,1,0,0,0,2,0
2021-02-06T23:59:59+01:00,0,0,33,47,210,274,238,429,195,577,148,290,47,74,62,119,67,217,12,18,98,113,119,177,78,246,82,129,14,43,23,32,20,83,3103,1341,43,1,0,0,0,2,0
2021-02-05T23:59:59+01:00,0,0,32,46,210,274,238,428,194,575,146,289,47,74,62,119,67,207,10,15,89,105,115,173,77,242,81,121,13,41,23,28,18,80,3090,1282,35,0,0,0,0,2,0
2021-02-04T23:59:59+01:00,0,0,32,46,207,271,233,424,189,569,144,286,47,72,62,117,67,206,9,11,61,73,92,128,66,204,64,102,12,36,20,24,16,71,3053,1029,35,0,0,0,0,2,0
2021-02-03T23:59:59+01:00,0,0,32,45,207,270,232,412,187,563,143,283,47,71,61,116,67,205,6,6,45,55,71,105,50,156,54,74,9,17,16,18,11,54,3025,777,32,0,0,0,0,2,0
2021-02-02T23:59:59+01:00,0,0,31,45,206,268,228,406,186,557,140,282,46,71,59,113,65,202,4,3,29,39,55,75,39,100,43,51,7,14,11,13,7,36,2987,546,32,0,0,0,0,2,0
2021-02-01T23:59:59+01:00,0,0,30,43,204,268,224,401,183,551,137,275,46,70,58,112,65,202,4,1,23,21,29,44,26,61,26,28,4,9,8,9,6,21,2951,331,32,0,0,0,0,1,0
2021-01-31T23:59:59+01:00,0,0,30,43,203,266,222,396,181,543,136,275,46,70,57,112,64,201,4,1,21,16,20,36,20,49,20,24,4,6,6,8,5,19,2926,268,31,0,0,0,0,1,0
2021-01-30T23:59:59+01:00,0,0,30,43,203,266,222,395,180,543,136,275,46,70,56,112,64,198,4,1,20,15,18,36,18,45,19,23,4,5,6,7,5,18,2921,252,30,0,0,0,0,1,0
2021-01-29T23:59:59+01:00,0,0,30,43,203,264,221,394,179,542,134,273,46,70,55,111,63,197,4,0,17,9,13,29,16,39,15,21,4,4,5,7,5,17,2911,211,26,0,0,0,0,0,0
2021-01-28T23:59:59+01:00,0,0,30,42,195,261,220,389,178,533,131,269,46,70,53,110,59,195,4,0,5,3,7,16,9,21,9,9,2,2,3,3,1,17,2875,114,18,0,0,0,0,0,0
2021-01-27T23:59:59+01:00,0,0,29,41,192,255,216,379,176,520,128,260,43,68,53,109,58,193,1,0,3,3,6,14,8,18,8,9,2,2,2,3,1,13,2812,95,14,0,0,0,0,0,0
2021-01-26T23:59:59+01:00,0,0,26,41,189,243,210,366,172,502,125,252,43,64,47,101,53,185,1,0,2,3,6,14,8,18,8,9,2,2,2,3,1,10,2713,91,11,0,0,0,0,0,0
2021-01-25T23:59:59+01:00,0,0,26,40,180,240,207,356,169,493,122,242,42,62,46,98,48,183,1,0,1,3,4,12,7,15,8,9,2,2,2,1,1,8,2653,78,4,0,0,0,0,0,0
2021-01-24T23:59:59+01:00,0,0,25,39,178,237,204,355,168,491,122,241,42,62,44,95,47,182,1,0,1,3,3,12,7,15,8,9,2,2,2,1,1,8,2631,77,3,0,0,0,0,0,0
2021-01-23T23:59:59+01:00,0,0,25,39,178,237,202,355,168,490,122,241,42,62,44,94,47,180,1,0,1,3,3,11,7,15,7,9,2,2,2,1,1,8,2625,75,3,0,0,0,0,0,0
2021-01-22T23:59:59+01:00,0,0,24,38,177,233,201,355,168,489,121,241,42,62,44,94,45,173,1,0,1,3,3,11,7,15,7,9,2,2,2,1,1,8,2606,75,3,0,0,0,0,0,0
2021-01-21T23:59:59+01:00,0,0,21,37,168,224,195,338,164,467,119,228,41,62,40,86,44,170,1,0,1,3,1,6,6,10,5,5,2,2,2,0,1,7,2498,54,3,0,0,0,0,0,0
2021-01-20T23:59:59+01:00,0,0,20,35,154,198,179,297,135,411,109,207,36,59,37,82,40,156,1,0,1,3,1,6,6,9,5,4,2,2,2,0,1,7,2239,52,2,0,0,0,0,0,0
2021-01-19T23:59:59+01:00,0,0,20,32,129,169,163,265,126,368,105,186,26,53,30,68,35,142,1,0,1,3,1,5,4,7,3,3,1,0,2,0,0,4,1991,36,2,0,0,0,0,0,0
2021-01-18T23:59:59+01:00,0,0,17,32,114,148,140,224,109,320,98,162,23,50,27,56,31,120,1,0,1,1,0,2,3,5,2,3,0,0,1,0,0,4,1740,24,2,0,0,0,0,0,0
2021-01-17T23:59:59+01:00,0,0,16,22,109,133,132,211,100,295,94,153,23,45,27,51,29,108,1,0,0,0,0,1,1,4,2,2,0,0,1,0,0,1,1610,13,2,0,0,0,0,0,0
2021-01-16T23:59:59+01:00,0,0,14,19,106,131,130,206,97,285,93,147,20,44,26,45,25,104,0,0,0,0,0,0,0,0,0,0,0,0,0,0,0,0,1553,0,0,0,0,0,0,0,0
2021-01-15T23:59:59+01:00,0,0,11,17,100,122,126,201,95,276,93,137,19,43,26,40,23,101,0,0,0,0,0,0,0,0,0,0,0,0,0,0,0,0,1487,0,0,0,0,0,0,0,0
2021-01-14T23:59:59+01:00,0,0,9,13,76,90,107,165,79,232,81,122,14,38,23,33,22,88,0,0,0,0,0,0,0,0,0,0,0,0,0,0,0,0,1238,0,0,0,0,0,0,0,0
2021-01-13T23:59:59+01:00,0,0,7,12,62,80,94,136,73,188,75,97,14,24,19,25,20,68,0,0,0,0,0,0,0,0,0,0,0,0,0,0,0,0,1033,0,0,0,0,0,0,0,0
2021-01-12T23:59:59+01:00,0,0,5,8,50,62,76,106,66,133,62,75,10,19,15,21,12,51,0,0,0,0,0,0,0,0,0,0,0,0,0,0,0,0,804,0,0,0,0,0,0,0,0
2021-01-11T23:59:59+01:00,0,0,4,6,44,49,63,81,51,105,47,55,9,15,8,12,9,28,0,0,0,0,0,0,0,0,0,0,0,0,0,0,0,0,610,0,0,0,0,0,0,0,0
2021-01-10T23:59:59+01:00,0,0,4,6,40,38,48,67,38,84,39,47,7,10,6,11,8,24,0,0,0,0,0,0,0,0,0,0,0,0,0,0,0,0,492,0,0,0,0,0,0,0,0
2021-01-09T23:59:59+01:00,0,0,4,5,37,37,43,64,35,76,36,43,7,9,6,10,8,23,0,0,0,0,0,0,0,0,0,0,0,0,0,0,0,0,456,0,0,0,0,0,0,0,0
2021-01-08T23:59:59+01:00,0,0,4,5,30,28,37,56,27,63,30,38,6,6,4,9,7,21,0,0,0,0,0,0,0,0,0,0,0,0,0,0,0,0,381,0,0,0,0,0,0,0,0
2021-01-07T23:59:59+01:00,0,0,4,2,11,3,10,18,11,27,8,18,5,3,3,4,3,20,0,0,0,0,0,0,0,0,0,0,0,0,0,0,0,0,153,0,0,0,0,0,0,0,0
2021-01-06T23:59:59+01:00,0,0,4,0,4,3,5,15,8,21,7,10,3,3,2,4,3,17,0,0,0,0,0,0,0,0,0,0,0,0,0,0,0,0,112,0,0,0,0,0,0,0,0
2021-01-05T23:59:59+01:00,0,0,2,0,2,3,5,14,8,19,7,9,3,2,2,4,2,16,0,0,0,0,0,0,0,0,0,0,0,0,0,0,0,0,101,0,0,0,0,0,0,0,0
2021-01-04T23:59:59+01:00,0,0,1,0,2,3,5,13,7,17,7,9,2,2,2,2,2,10,0,0,0,0,0,0,0,0,0,0,0,0,0,0,0,0,86,0,0,0,0,0,0,0,0
2021-01-03T23:59:59+01:00,0,0,1,0,1,3,4,13,7,17,7,9,2,2,2,2,2,10,0,0,0,0,0,0,0,0,0,0,0,0,0,0,0,0,84,0,0,0,0,0,0,0,0
2021-01-02T23:59:59+01:00,0,0,1,0,1,3,4,13,6,17,6,9,2,2,2,2,2,10,0,0,0,0,0,0,0,0,0,0,0,0,0,0,0,0,82,0,0,0,0,0,0,0,0
2021-01-01T23:59:59+01:00,0,0,1,0,1,3,4,13,6,17,6,9,2,2,2,2,2,10,0,0,0,0,0,0,0,0,0,0,0,0,0,0,0,0,82,0,0,0,0,0,0,0,0
2020-12-31T23:59:59+01:00,0,0,1,0,1,3,4,12,6,17,6,9,2,2,2,2,2,10,0,0,0,0,0,0,0,0,0,0,0,0,0,0,0,0,81,0,0,0,0,0,0,0,0
2020-12-30T23:59:59+01:00,0,0,1,0,1,3,4,12,6,16,6,9,2,2,2,2,2,10,0,0,0,0,0,0,0,0,0,0,0,0,0,0,0,0,80,0,0,0,0,0,0,0,0
2020-12-29T23:59:59+01:00,0,0,1,0,1,3,3,8,4,13,4,7,1,1,2,1,0,8,0,0,0,0,0,0,0,0,0,0,0,0,0,0,0,0,58,0,0,0,0,0,0,0,0
2020-12-28T23:59:59+01:00,0,0,1,0,1,1,1,1,2,6,3,4,1,0,1,0,0,4,0,0,0,0,0,0,0,0,0,0,0,0,0,0,0,0,27,0,0,0,0,0,0,0,0
2020-12-27T23:59:59+01:00,0,0,1,0,0,0,0,1,1,6,1,2,0,0,1,0,0,2,0,0,0,0,0,0,0,0,0,0,0,0,0,0,0,0,15,0,0,0,0,0,0,0,0
