Datum,<15_1_m,<15_1_w,15-24_1_m,15-24_1_w,25-34_1_m,25-34_1_w,35-44_1_m,35-44_1_w,45-54_1_m,45-54_1_w,55-64_1_m,55-64_1_w,65-74_1_m,65-74_1_w,75-84_1_m,75-84_1_w,>84_1_m,>84_1_w,<15_2_m,<15_2_w,15-24_2_m,15-24_2_w,25-34_2_m,25-34_2_w,35-44_2_m,35-44_2_w,45-54_2_m,45-54_2_w,55-64_2_m,55-64_2_w,65-74_2_m,65-74_2_w,75-84_2_m,75-84_2_w,>84_2_m,>84_2_w,bp_1,bp_2,mo_1,mo_2,az_1,az_2,ja,unb_1,unb_2
2021-12-06T23:59:59+01:00,403,414,5473,4367,13133,8603,12368,7915,10398,10344,6414,7021,2097,2604,1269,1716,339,944,227,210,4488,3656,11094,7529,10674,6909,9092,9060,5763,6268,1932,2372,1189,1620,299,868,65218,54257,8574,7725,9633,8319,14609,85,92
2021-12-05T23:59:59+01:00,399,411,5459,4362,13122,8593,12352,7909,10387,10335,6404,7014,2093,2599,1266,1711,338,943,226,206,4468,3641,11059,7503,10625,6887,9060,9031,5744,6258,1931,2368,1188,1620,299,868,65106,54002,8564,7716,9633,8319,14606,85,91
2021-12-04T23:59:59+01:00,391,407,5451,4358,13115,8590,12346,7908,10384,10332,6401,7014,2093,2594,1266,1711,338,942,225,204,4457,3635,11040,7487,10596,6876,9034,9015,5737,6246,1929,2367,1188,1618,299,868,65055,53848,8559,7709,9633,8319,14606,85,91
2021-12-03T23:59:59+01:00,380,394,5437,4347,13098,8581,12332,7902,10376,10317,6399,7001,2092,2590,1266,1710,338,942,224,203,4430,3622,10992,7464,10544,6858,8999,8983,5714,6222,1927,2365,1186,1618,299,868,64932,53553,8547,7706,9633,8318,14602,85,91
2021-12-02T23:59:59+01:00,372,383,5424,4335,13074,8568,12302,7885,10357,10303,6390,6983,2090,2584,1264,1710,337,942,224,199,4395,3606,10922,7430,10453,6828,8928,8942,5682,6192,1926,2363,1185,1615,299,868,64750,53111,8534,7691,9633,8318,14598,85,91
2021-12-01T23:59:59+01:00,364,376,5413,4327,13057,8561,12283,7873,10342,10284,6379,6962,2088,2580,1263,1707,337,941,219,199,4366,3595,10854,7394,10384,6802,8867,8917,5666,6172,1922,2356,1184,1614,299,868,64600,52748,8520,7677,9633,8317,14596,85,91
2021-11-30T23:59:59+01:00,355,367,5401,4319,13034,8552,12261,7862,10326,10273,6370,6952,2084,2577,1262,1706,337,941,218,197,4336,3580,10811,7377,10333,6784,8833,8894,5647,6160,1921,2353,1183,1613,299,866,64454,52489,8513,7668,9633,8317,14590,85,91
2021-11-29T23:59:59+01:00,341,358,5383,4312,13009,8543,12238,7849,10316,10255,6361,6942,2084,2568,1262,1705,336,941,218,197,4318,3569,10760,7361,10280,6762,8795,8858,5628,6140,1918,2349,1182,1609,299,863,64288,52206,8508,7657,9633,8317,14585,85,91
2021-11-28T23:59:59+01:00,335,352,5369,4304,12985,8532,12225,7835,10302,10237,6356,6929,2081,2565,1262,1703,336,940,216,195,4302,3561,10733,7342,10240,6751,8769,8842,5620,6125,1914,2348,1182,1609,299,863,64146,52022,8500,7651,9633,8317,14579,85,91
2021-11-27T23:59:59+01:00,329,341,5367,4300,12978,8524,12212,7826,10295,10225,6355,6926,2081,2564,1262,1703,336,940,216,194,4294,3556,10723,7335,10212,6743,8758,8834,5617,6123,1914,2348,1182,1609,299,863,64070,51940,8494,7642,9632,8317,14578,85,91
2021-11-26T23:59:59+01:00,317,331,5354,4286,12950,8510,12191,7812,10272,10206,6346,6913,2080,2561,1262,1702,336,938,215,193,4270,3543,10678,7318,10181,6723,8725,8816,5609,6112,1913,2344,1182,1609,299,862,63891,51731,8486,7633,9632,8317,14568,85,91
2021-11-25T23:59:59+01:00,306,325,5331,4269,12908,8488,12155,7785,10242,10180,6334,6893,2072,2555,1259,1698,336,938,213,187,4226,3520,10617,7290,10112,6682,8660,8787,5591,6100,1909,2339,1182,1608,299,862,63614,51347,8479,7615,9632,8317,14558,85,91
2021-11-24T23:59:59+01:00,302,319,5306,4264,12871,8475,12133,7765,10214,10160,6315,6875,2071,2545,1257,1696,336,938,212,185,4208,3512,10559,7262,10059,6664,8623,8764,5576,6085,1907,2338,1182,1607,299,862,63394,51077,8471,7610,9632,8317,14553,85,91
2021-11-23T23:59:59+01:00,295,310,5283,4253,12829,8456,12088,7737,10176,10124,6301,6857,2065,2540,1255,1695,336,937,212,185,4189,3503,10507,7243,10020,6641,8582,8740,5562,6067,1901,2335,1182,1606,299,861,63122,50826,8449,7602,9632,8317,14541,85,91
2021-11-22T23:59:59+01:00,287,299,5264,4241,12775,8434,12045,7718,10143,10094,6288,6836,2062,2529,1254,1694,336,937,209,183,4169,3493,10465,7229,9973,6624,8544,8707,5553,6053,1898,2332,1181,1605,299,861,62836,50582,8439,7595,9632,8315,14535,85,91
2021-11-21T23:59:59+01:00,285,290,5245,4235,12730,8419,12001,7695,10118,10067,6275,6824,2059,2525,1251,1694,336,937,205,183,4157,3484,10442,7220,9941,6605,8517,8692,5543,6044,1897,2329,1181,1604,299,860,62610,50424,8428,7590,9632,8315,14522,85,91
2021-11-20T23:59:59+01:00,282,288,5202,4226,12696,8406,11980,7689,10093,10046,6258,6813,2056,2524,1250,1693,336,937,204,183,4151,3478,10424,7211,9924,6602,8507,8680,5532,6038,1893,2326,1181,1604,299,860,62423,50332,8415,7586,9632,8315,14511,85,91
2021-11-19T23:59:59+01:00,273,279,5160,4190,12639,8388,11934,7666,10052,10010,6248,6799,2052,2514,1250,1693,336,937,203,183,4124,3466,10364,7195,9884,6586,8485,8658,5518,6032,1893,2322,1181,1604,299,860,62087,50109,8405,7578,9632,8315,14502,85,91
2021-11-18T23:59:59+01:00,271,270,5118,4165,12553,8352,11868,7630,10000,9961,6225,6770,2048,2507,1247,1690,336,935,199,182,4098,3453,10310,7178,9820,6570,8447,8634,5500,6020,1890,2318,1179,1603,299,860,61643,49834,8388,7569,9632,8315,14489,85,91
2021-11-17T23:59:59+01:00,270,269,5082,4138,12477,8311,11797,7596,9943,9909,6199,6744,2043,2501,1245,1688,336,933,199,182,4070,3445,10273,7156,9767,6541,8412,8598,5479,6006,1889,2316,1177,1600,299,860,61202,49566,8380,7561,9632,8315,14473,85,91
2021-11-16T23:59:59+01:00,269,265,5051,4118,12384,8271,11715,7555,9890,9859,6169,6724,2038,2488,1245,1685,335,933,198,182,4057,3441,10247,7141,9737,6531,8385,8570,5469,5994,1888,2315,1177,1599,299,859,60754,49410,8361,7556,9632,8315,14453,85,91
2021-11-15T23:59:59+01:00,267,264,5017,4096,12297,8234,11633,7517,9825,9801,6139,6692,2031,2480,1245,1683,335,932,195,181,4036,3429,10231,7131,9702,6517,8373,8552,5461,5978,1885,2313,1176,1599,299,857,60276,49262,8352,7551,9632,8315,14431,85,91
2021-11-14T23:59:59+01:00,266,258,4974,4072,12233,8202,11565,7489,9763,9764,6117,6670,2027,2478,1243,1682,335,932,194,180,4024,3418,10193,7115,9687,6508,8362,8536,5455,5971,1885,2313,1174,1598,299,857,59892,49142,8342,7546,9632,8315,14407,85,91
2021-11-13T23:59:59+01:00,264,257,4955,4057,12180,8176,11517,7470,9722,9738,6103,6658,2025,2477,1243,1681,335,932,192,180,4017,3413,10181,7107,9681,6505,8355,8533,5452,5969,1884,2312,1174,1598,299,857,59648,49106,8324,7542,9632,8314,14388,85,91
2021-11-12T23:59:59+01:00,260,251,4913,4037,12107,8135,11448,7437,9664,9699,6081,6633,2023,2471,1242,1681,335,932,190,180,3999,3402,10157,7094,9663,6492,8336,8522,5442,5964,1884,2309,1174,1598,299,857,59238,48984,8314,7539,9632,8314,14365,85,91
2021-11-11T23:59:59+01:00,258,249,4859,4018,11999,8084,11327,7394,9588,9633,6041,6592,2017,2463,1242,1679,335,931,189,179,3976,3391,10123,7077,9634,6465,8306,8501,5438,5952,1884,2308,1172,1597,299,857,58651,48812,8291,7530,9632,8314,14331,85,91
2021-11-10T23:59:59+01:00,252,247,4806,3999,11865,8025,11225,7347,9511,9580,6009,6565,2012,2457,1241,1676,335,929,187,178,3963,3379,10097,7066,9608,6451,8278,8487,5427,5947,1882,2305,1171,1594,299,857,58077,48684,8271,7525,9631,8314,14291,85,91
2021-11-09T23:59:59+01:00,252,245,4759,3973,11762,7991,11148,7310,9455,9550,5981,6537,2011,2455,1241,1676,335,929,186,175,3948,3373,10064,7058,9584,6440,8260,8464,5417,5933,1882,2302,1169,1593,299,857,57660,48561,8256,7518,9631,8313,14248,85,91
2021-11-08T23:59:59+01:00,249,241,4706,3949,11644,7961,11037,7271,9379,9491,5950,6505,2007,2452,1240,1673,335,928,185,173,3927,3366,10033,7042,9554,6424,8243,8452,5411,5925,1880,2297,1168,1592,299,857,57134,48449,8242,7506,9630,8313,14194,85,91
2021-11-07T23:59:59+01:00,248,240,4679,3935,11581,7928,10970,7254,9331,9466,5933,6489,2005,2448,1239,1672,334,928,184,172,3916,3355,10015,7034,9536,6416,8234,8442,5406,5921,1879,2296,1167,1591,299,857,56841,48383,8228,7496,9629,8313,14162,85,91
2021-11-06T23:59:59+01:00,248,239,4668,3928,11549,7916,10927,7237,9305,9451,5921,6478,2002,2446,1239,1672,334,928,184,172,3915,3351,10010,7031,9532,6412,8229,8436,5402,5919,1877,2296,1167,1591,299,857,56655,48350,8225,7496,9629,8313,14155,85,91
2021-11-05T23:59:59+01:00,247,237,4635,3908,11488,7888,10855,7203,9238,9409,5906,6461,2001,2441,1238,1671,334,928,183,172,3900,3345,9994,7017,9516,6406,8209,8424,5398,5913,1876,2294,1167,1591,299,857,56294,48268,8221,7494,9629,8313,14119,85,91
2021-11-04T23:59:59+01:00,245,235,4579,3882,11379,7830,10742,7153,9138,9359,5878,6436,1997,2435,1237,1670,334,927,182,170,3879,3334,9963,6991,9475,6382,8184,8394,5382,5898,1875,2289,1166,1591,299,857,55783,48134,8204,7491,9629,8313,14005,85,91
2021-11-03T23:59:59+01:00,244,231,4554,3860,11283,7788,10648,7122,9066,9314,5854,6413,1994,2434,1237,1669,334,926,181,167,3862,3330,9932,6973,9442,6376,8163,8378,5376,5894,1872,2282,1166,1591,299,856,55359,48025,8196,7484,9629,8313,13950,85,91
2021-11-02T23:59:59+01:00,244,230,4521,3847,11207,7758,10568,7090,8997,9283,5827,6395,1991,2431,1237,1668,334,926,180,167,3854,3318,9906,6953,9415,6365,8144,8351,5367,5884,1869,2280,1166,1589,299,854,55015,47923,8186,7477,9629,8311,13880,85,91
2021-11-01T23:59:59+01:00,243,230,4487,3831,11137,7729,10473,7060,8933,9255,5802,6372,1988,2424,1237,1666,334,925,180,167,3834,3308,9874,6931,9380,6346,8122,8338,5355,5873,1868,2280,1166,1589,299,854,54679,47818,8178,7470,9629,8310,13795,85,91
2021-10-31T23:59:59+01:00,240,230,4475,3829,11119,7722,10462,7056,8925,9248,5801,6369,1988,2424,1237,1666,334,925,179,167,3828,3308,9867,6929,9375,6344,8120,8335,5353,5870,1867,2280,1166,1589,299,854,54632,47809,8173,7469,9629,8310,13771,85,91
2021-10-30T23:59:59+02:00,239,230,4469,3827,11101,7718,10447,7053,8916,9239,5792,6365,1987,2423,1237,1666,334,925,179,167,3826,3308,9859,6926,9370,6344,8116,8334,5348,5867,1867,2280,1166,1589,299,854,54570,47800,8173,7468,9629,8310,13749,85,91
2021-10-29T23:59:59+02:00,238,230,4422,3814,11020,7693,10369,7020,8869,9199,5773,6352,1987,2419,1237,1666,333,924,178,167,3805,3302,9825,6920,9343,6336,8098,8322,5341,5860,1865,2280,1166,1589,299,853,54260,47738,8164,7465,9629,8310,13662,85,91
2021-10-28T23:59:59+02:00,237,228,4382,3798,10918,7664,10262,6984,8808,9145,5748,6325,1985,2412,1234,1666,333,924,178,166,3786,3291,9777,6895,9290,6309,8067,8295,5327,5849,1864,2276,1165,1589,298,853,53901,47617,8148,7452,9629,8310,13515,85,91
2021-10-27T23:59:59+02:00,237,227,4359,3790,10859,7642,10211,6947,8752,9112,5728,6306,1982,2409,1234,1665,333,924,177,166,3769,3281,9745,6874,9267,6295,8049,8278,5318,5837,1861,2275,1164,1586,298,852,53640,47503,8134,7442,9629,8309,13452,85,91
2021-10-26T23:59:59+02:00,236,226,4324,3773,10815,7611,10161,6918,8709,9065,5707,6291,1980,2406,1233,1664,333,923,175,166,3754,3273,9708,6853,9237,6280,8027,8255,5307,5830,1859,2275,1162,1582,298,851,53379,47376,8125,7441,9629,8309,13375,85,91
2021-10-25T23:59:59+02:00,235,226,4319,3768,10799,7605,10139,6903,8694,9045,5704,6284,1978,2405,1233,1664,333,923,175,166,3752,3271,9698,6843,9219,6270,8016,8240,5303,5827,1858,2275,1161,1582,298,851,53308,47337,8124,7439,9629,8309,13328,85,91
2021-10-24T23:59:59+02:00,232,225,4308,3756,10758,7588,10108,6883,8675,9021,5698,6275,1976,2405,1232,1664,333,923,174,166,3744,3266,9676,6836,9200,6258,8006,8226,5298,5823,1858,2274,1161,1581,298,851,53163,47281,8118,7435,9628,8307,13280,85,91
2021-10-23T23:59:59+02:00,229,225,4303,3752,10737,7586,10097,6875,8670,9011,5696,6270,1976,2405,1232,1664,333,923,174,166,3742,3264,9668,6835,9194,6254,8000,8223,5296,5822,1858,2274,1161,1581,298,851,53104,47264,8117,7433,9628,8307,13264,85,91
2021-10-22T23:59:59+02:00,228,224,4284,3740,10702,7570,10069,6860,8645,8977,5685,6249,1976,2404,1232,1664,333,923,173,165,3734,3262,9647,6823,9173,6243,7989,8210,5288,5812,1857,2270,1161,1580,298,851,52936,47191,8113,7429,9628,8307,13214,85,91
2021-10-21T23:59:59+02:00,222,222,4264,3727,10639,7549,10024,6823,8614,8931,5676,6223,1975,2402,1231,1663,333,923,172,165,3704,3248,9599,6808,9145,6224,7963,8184,5273,5797,1855,2267,1160,1579,298,851,52697,47031,8101,7420,9628,8306,13139,85,91
2021-10-20T23:59:59+02:00,222,222,4255,3717,10620,7536,9994,6807,8587,8910,5667,6210,1972,2399,1231,1663,333,923,171,164,3693,3233,9571,6794,9120,6210,7947,8171,5265,5787,1852,2266,1160,1577,298,849,52557,46906,8098,7413,9628,8305,13108,84,91
2021-10-19T23:59:59+02:00,219,221,4243,3711,10602,7529,9967,6795,8572,8896,5659,6204,1971,2398,1231,1663,333,922,165,162,3682,3217,9551,6778,9105,6195,7934,8157,5252,5777,1852,2261,1159,1576,298,849,52457,46773,8089,7408,9628,8305,13084,84,91
2021-10-18T23:59:59+02:00,219,217,4227,3704,10588,7521,9949,6787,8561,8885,5654,6191,1970,2395,1229,1662,333,922,165,162,3670,3203,9532,6763,9089,6189,7925,8149,5251,5765,1848,2257,1159,1576,298,847,52359,46680,8085,7398,9628,8304,13062,84,91
2021-10-17T23:59:59+02:00,219,215,4216,3700,10578,7515,9936,6783,8553,8882,5653,6187,1969,2395,1229,1662,333,921,165,159,3658,3195,9521,6758,9081,6183,7913,8140,5249,5760,1847,2253,1157,1576,298,847,52310,46610,8080,7394,9628,8303,13047,84,91
2021-10-16T23:59:59+02:00,219,215,4214,3698,10572,7512,9934,6782,8550,8877,5651,6185,1968,2394,1228,1661,333,921,165,158,3657,3194,9517,6756,9081,6183,7910,8139,5248,5760,1847,2253,1157,1576,298,847,52287,46603,8077,7394,9628,8302,13041,84,91
2021-10-15T23:59:59+02:00,217,215,4202,3691,10557,7503,9921,6776,8541,8862,5643,6178,1967,2394,1228,1661,333,921,165,156,3646,3190,9506,6745,9069,6175,7903,8133,5241,5756,1847,2253,1157,1575,298,847,52198,46536,8073,7391,9628,8302,13025,84,91
2021-10-14T23:59:59+02:00,216,215,4189,3684,10529,7486,9892,6757,8518,8842,5634,6168,1966,2390,1228,1660,333,921,164,153,3620,3181,9475,6719,9037,6151,7879,8120,5230,5745,1846,2248,1154,1575,298,847,52072,46377,8064,7377,9628,8300,12978,84,91
2021-10-13T23:59:59+02:00,214,215,4175,3677,10510,7472,9874,6748,8503,8826,5626,6161,1965,2389,1228,1658,333,921,161,153,3605,3172,9445,6706,9021,6139,7862,8109,5221,5738,1846,2248,1153,1573,298,847,51978,46274,8060,7370,9628,8300,12943,84,91
2021-10-12T23:59:59+02:00,212,214,4169,3672,10492,7465,9855,6738,8490,8808,5612,6151,1964,2387,1227,1657,333,921,160,151,3598,3160,9422,6688,8996,6124,7845,8097,5206,5728,1841,2243,1153,1572,298,847,51876,46134,8055,7366,9628,8299,12920,84,91
2021-10-11T23:59:59+02:00,212,210,4156,3665,10466,7456,9831,6722,8481,8789,5606,6140,1963,2385,1227,1657,333,921,158,151,3586,3149,9382,6674,8964,6105,7827,8077,5198,5718,1840,2242,1153,1572,298,847,51779,45996,8045,7355,9628,8298,12879,84,91
2021-10-10T23:59:59+02:00,211,208,4145,3662,10458,7443,9824,6711,8471,8778,5603,6131,1962,2385,1225,1657,333,921,157,151,3575,3146,9363,6665,8953,6097,7814,8071,5192,5711,1838,2241,1153,1571,298,847,51716,45919,8035,7353,9628,8297,12860,84,91
2021-10-09T23:59:59+02:00,211,208,4144,3661,10454,7442,9811,6706,8468,8776,5601,6131,1962,2384,1225,1657,333,921,157,149,3572,3143,9361,6663,8944,6091,7810,8070,5187,5710,1838,2241,1153,1571,298,847,51700,45901,8034,7350,9628,8295,12844,84,91
2021-10-08T23:59:59+02:00,209,207,4135,3652,10433,7433,9798,6694,8454,8759,5594,6124,1961,2383,1225,1656,333,921,157,149,3564,3135,9341,6656,8927,6082,7804,8054,5177,5707,1835,2238,1152,1570,298,847,51609,45822,8030,7347,9628,8295,12813,84,91
2021-10-07T23:59:59+02:00,207,205,4118,3640,10409,7415,9758,6683,8434,8738,5589,6118,1959,2378,1225,1656,333,921,157,148,3539,3112,9297,6638,8901,6071,7781,8024,5159,5696,1832,2232,1152,1570,298,847,51471,45639,8023,7330,9628,8295,12771,84,91
2021-10-06T23:59:59+02:00,205,204,4109,3631,10381,7398,9742,6676,8424,8730,5582,6110,1957,2373,1225,1654,333,920,156,148,3523,3100,9272,6627,8882,6060,7772,8011,5157,5686,1830,2228,1152,1569,298,846,51372,45535,8019,7325,9628,8294,12741,84,91
2021-10-05T23:59:59+02:00,204,203,4092,3621,10365,7382,9722,6664,8404,8706,5574,6103,1956,2371,1225,1653,333,920,155,148,3506,3088,9251,6614,8858,6046,7749,7986,5146,5677,1828,2224,1151,1567,298,845,51261,45401,8015,7318,9628,8294,12699,84,91
2021-10-04T23:59:59+02:00,203,202,4067,3611,10338,7367,9687,6647,8386,8692,5566,6094,1954,2371,1224,1648,333,918,154,148,3491,3079,9224,6595,8823,6029,7727,7957,5136,5662,1827,2222,1150,1565,297,845,51140,45260,8006,7314,9628,8294,12636,84,91
2021-10-03T23:59:59+02:00,203,201,4053,3606,10313,7352,9675,6636,8372,8679,5564,6087,1952,2368,1223,1647,332,918,154,148,3477,3073,9196,6584,8810,6020,7717,7944,5131,5657,1826,2218,1150,1564,296,845,51063,45194,8005,7311,9628,8290,12587,84,91
2021-10-02T23:59:59+02:00,202,201,4051,3605,10312,7350,9671,6635,8370,8678,5562,6085,1951,2367,1223,1647,332,918,154,148,3474,3072,9192,6583,8808,6020,7713,7943,5130,5653,1825,2217,1150,1564,296,845,51053,45183,8003,7310,9628,8288,12578,84,91
2021-10-01T23:59:59+02:00,200,200,4041,3601,10293,7342,9654,6624,8359,8664,5558,6076,1947,2363,1223,1647,332,917,152,147,3456,3064,9173,6571,8791,6008,7704,7932,5124,5646,1823,2217,1150,1564,296,845,50980,45109,8000,7306,9628,8284,12535,84,91
2021-09-30T23:59:59+02:00,200,199,4008,3585,10245,7319,9614,6595,8331,8636,5541,6062,1944,2360,1222,1647,332,916,150,146,3432,3041,9125,6542,8754,5986,7688,7898,5108,5632,1821,2211,1150,1564,296,844,50806,44966,7992,7279,9628,8281,12428,84,91
2021-09-29T23:59:59+02:00,200,196,3989,3572,10200,7303,9595,6574,8317,8607,5532,6056,1942,2357,1221,1645,332,915,150,145,3412,3031,9090,6533,8737,5965,7675,7878,5096,5619,1821,2209,1150,1563,296,844,50675,44868,7983,7272,9628,8277,12358,84,91
2021-09-28T23:59:59+02:00,198,196,3977,3563,10157,7283,9563,6560,8289,8571,5523,6039,1942,2350,1221,1644,332,913,147,144,3395,3017,9061,6513,8714,5949,7647,7851,5088,5606,1821,2203,1150,1562,296,843,50540,44758,7975,7266,9628,8275,12266,84,91
2021-09-27T23:59:59+02:00,195,196,3956,3546,10121,7252,9539,6535,8267,8541,5509,6027,1939,2338,1220,1644,331,912,147,142,3375,3003,9016,6485,8683,5921,7621,7821,5076,5598,1818,2194,1149,1561,296,842,50410,44620,7966,7263,9628,8271,12150,84,91
2021-09-26T23:59:59+02:00,193,196,3948,3537,10100,7242,9528,6526,8253,8529,5504,6021,1934,2337,1218,1643,331,912,146,141,3366,2997,8995,6480,8674,5910,7608,7814,5069,5588,1815,2193,1149,1560,296,841,50337,44561,7965,7259,9627,8267,12108,84,91
2021-09-25T23:59:59+02:00,193,195,3942,3536,10091,7238,9524,6523,8247,8528,5500,6021,1934,2336,1218,1642,331,912,146,140,3359,2994,8988,6476,8670,5908,7604,7809,5067,5587,1815,2192,1148,1557,296,841,50318,44541,7963,7257,9627,8264,12088,84,91
2021-09-24T23:59:59+02:00,192,192,3929,3529,10057,7225,9508,6512,8223,8509,5492,6009,1932,2334,1218,1641,331,912,145,140,3346,2983,8960,6462,8656,5897,7581,7794,5060,5578,1814,2188,1148,1557,296,841,50232,44475,7961,7252,9627,8264,12007,84,91
2021-09-23T23:59:59+02:00,190,189,3891,3509,9988,7193,9452,6468,8184,8458,5474,5989,1926,2327,1216,1638,331,912,145,139,3317,2966,8900,6430,8602,5861,7541,7746,5042,5561,1807,2184,1147,1555,296,841,50071,44366,7952,7243,9627,8260,11758,84,91
2021-09-22T23:59:59+02:00,187,189,3867,3493,9955,7175,9425,6445,8149,8442,5455,5979,1924,2323,1215,1638,331,912,142,136,3295,2959,8868,6410,8575,5846,7510,7725,5025,5555,1802,2177,1145,1555,296,840,49936,44242,7947,7240,9625,8254,11666,84,91
2021-09-21T23:59:59+02:00,186,188,3848,3480,9928,7153,9376,6423,8114,8414,5440,5968,1923,2323,1215,1638,331,912,141,136,3271,2945,8830,6383,8527,5830,7474,7691,5009,5535,1801,2176,1144,1554,296,840,49811,44083,7938,7232,9625,8254,11552,84,91
2021-09-20T23:59:59+02:00,184,188,3821,3466,9888,7135,9335,6401,8080,8382,5432,5952,1919,2320,1215,1638,331,910,141,135,3250,2921,8786,6364,8485,5806,7439,7658,5001,5515,1798,2174,1143,1553,295,840,49672,43938,7935,7227,9625,8248,11424,84,91
2021-09-19T23:59:59+02:00,184,188,3805,3457,9853,7128,9318,6392,8074,8372,5425,5945,1917,2317,1213,1636,331,909,139,135,3241,2912,8755,6353,8462,5797,7424,7643,4994,5507,1797,2170,1142,1552,295,839,49607,43867,7929,7221,9625,8243,11357,84,91
2021-09-18T23:59:59+02:00,184,187,3802,3457,9848,7126,9311,6389,8068,8370,5423,5944,1917,2317,1213,1636,331,909,139,135,3234,2908,8746,6351,8449,5794,7417,7641,4990,5502,1797,2170,1142,1551,295,839,49595,43825,7928,7220,9624,8243,11338,84,91
2021-09-17T23:59:59+02:00,184,186,3785,3448,9808,7114,9283,6376,8046,8357,5412,5935,1916,2312,1211,1636,331,909,139,135,3220,2899,8704,6338,8421,5783,7394,7631,4981,5493,1797,2169,1141,1551,295,839,49502,43752,7921,7208,9622,8240,11253,84,91
2021-09-16T23:59:59+02:00,184,186,3760,3424,9750,7087,9236,6350,8009,8319,5392,5921,1914,2307,1210,1636,331,908,139,134,3205,2888,8662,6317,8387,5760,7372,7605,4966,5484,1795,2168,1141,1551,294,837,49289,43631,7896,7198,9620,8232,11165,84,91
2021-09-15T23:59:59+02:00,182,185,3739,3413,9709,7067,9202,6325,7979,8301,5385,5901,1911,2303,1207,1635,330,906,137,134,3189,2883,8628,6296,8354,5732,7336,7585,4948,5467,1792,2164,1141,1548,292,834,49132,43483,7889,7190,9620,8228,11077,84,91
2021-09-14T23:59:59+02:00,181,184,3713,3393,9666,7041,9157,6295,7949,8269,5373,5883,1908,2300,1207,1633,329,906,137,133,3167,2868,8588,6268,8315,5714,7310,7561,4934,5450,1791,2164,1140,1545,292,833,48958,43350,7877,7181,9620,8225,10968,84,91
2021-09-13T23:59:59+02:00,178,184,3695,3379,9627,7022,9126,6271,7931,8233,5357,5867,1906,2296,1207,1633,329,905,135,131,3148,2859,8558,6250,8298,5701,7300,7539,4926,5444,1790,2160,1140,1543,292,833,48789,43243,7857,7175,9620,8224,10914,84,91
2021-09-12T23:59:59+02:00,178,183,3679,3378,9604,7009,9116,6261,7922,8217,5350,5860,1905,2294,1206,1630,329,904,134,130,3133,2850,8534,6237,8289,5690,7284,7522,4922,5436,1786,2159,1140,1543,292,832,48708,43161,7856,7170,9620,8216,10874,84,91
2021-09-11T23:59:59+02:00,178,183,3676,3375,9597,7005,9113,6257,7921,8215,5347,5858,1904,2293,1205,1630,329,904,133,130,3131,2849,8527,6234,8287,5686,7283,7518,4921,5434,1786,2159,1140,1543,292,832,48689,43147,7855,7170,9619,8216,10858,84,91
2021-09-10T23:59:59+02:00,177,180,3647,3368,9568,6983,9087,6244,7897,8193,5335,5837,1900,2290,1205,1630,329,904,132,127,3114,2843,8498,6208,8261,5671,7261,7498,4907,5415,1785,2158,1140,1541,292,832,48594,43073,7851,7164,9619,8215,10735,84,91
2021-09-09T23:59:59+02:00,175,179,3629,3353,9515,6956,9048,6220,7874,8154,5318,5826,1898,2287,1205,1630,329,904,130,126,3103,2835,8461,6182,8234,5650,7235,7466,4893,5400,1784,2154,1140,1541,292,832,48423,42961,7843,7152,9618,8206,10638,84,90
2021-09-08T23:59:59+02:00,174,177,3609,3344,9481,6946,9024,6191,7856,8123,5303,5809,1894,2285,1204,1628,329,903,128,124,3085,2823,8417,6164,8200,5626,7207,7427,4883,5376,1783,2152,1139,1541,292,832,48318,42824,7836,7143,9617,8202,10527,84,90
2021-09-07T23:59:59+02:00,173,175,3584,3335,9454,6922,8996,6171,7833,8104,5287,5797,1894,2283,1203,1627,329,899,126,123,3066,2815,8390,6139,8176,5602,7189,7403,4868,5363,1780,2148,1138,1540,292,832,48170,42695,7834,7133,9617,8196,10460,84,90
2021-09-06T23:59:59+02:00,173,175,3567,3325,9423,6904,8967,6156,7814,8076,5280,5785,1891,2274,1200,1627,328,899,126,123,3048,2802,8363,6125,8150,5590,7171,7375,4860,5348,1776,2146,1138,1540,292,832,48035,42584,7832,7128,9616,8195,10391,84,90
2021-09-05T23:59:59+02:00,173,174,3556,3320,9412,6896,8953,6146,7811,8066,5273,5775,1890,2272,1200,1627,328,898,126,122,3038,2800,8347,6110,8140,5578,7164,7367,4850,5341,1774,2145,1138,1539,292,832,47979,42525,7828,7121,9614,8194,10356,84,90
2021-09-04T23:59:59+02:00,173,173,3550,3317,9408,6891,8946,6145,7807,8065,5273,5774,1890,2272,1200,1627,328,898,125,122,3034,2796,8342,6104,8134,5578,7157,7365,4849,5340,1772,2144,1137,1539,292,832,47963,42504,7828,7118,9614,8193,10339,84,90
2021-09-03T23:59:59+02:00,171,172,3534,3299,9377,6881,8925,6128,7788,8049,5260,5759,1886,2269,1200,1626,328,896,124,119,3019,2780,8315,6089,8109,5558,7134,7341,4836,5320,1767,2142,1137,1537,292,830,47880,42410,7816,7096,9614,8191,10242,84,90
2021-09-02T23:59:59+02:00,171,170,3507,3281,9329,6856,8885,6109,7766,8024,5247,5741,1881,2263,1198,1625,328,895,123,117,3000,2767,8269,6070,8071,5538,7109,7312,4827,5299,1762,2137,1135,1536,292,827,47745,42297,7807,7084,9612,8187,10113,84,89
2021-09-01T23:59:59+02:00,168,170,3489,3270,9290,6842,8855,6096,7745,8007,5238,5733,1879,2261,1197,1622,328,895,120,115,2981,2759,8222,6048,8034,5518,7078,7292,4816,5285,1758,2135,1134,1533,292,827,47632,42144,7794,7062,9612,8184,10043,84,89
2021-08-31T23:59:59+02:00,166,169,3475,3260,9251,6819,8836,6086,7725,7986,5230,5723,1875,2259,1196,1621,328,894,119,113,2963,2747,8176,6026,8014,5499,7051,7264,4804,5266,1754,2133,1133,1533,292,827,47531,42017,7788,7052,9611,8168,9958,84,89
2021-08-30T23:59:59+02:00,165,169,3446,3240,9212,6791,8793,6064,7686,7951,5216,5706,1870,2257,1195,1621,328,894,119,112,2932,2734,8129,6002,7976,5480,7015,7241,4792,5247,1750,2129,1132,1533,291,826,47366,41882,7787,7042,9609,8166,9826,84,89
2021-08-29T23:59:59+02:00,164,169,3432,3225,9183,6782,8772,6055,7676,7941,5208,5696,1868,2254,1195,1621,327,894,119,109,2912,2711,8090,5993,7955,5461,7001,7227,4782,5242,1748,2128,1130,1532,290,826,47294,41777,7781,7031,9608,8161,9759,84,89
2021-08-28T23:59:59+02:00,163,169,3426,3224,9180,6780,8764,6054,7669,7939,5208,5694,1868,2253,1195,1620,327,894,119,108,2907,2706,8085,5989,7948,5457,6995,7223,4779,5241,1748,2128,1130,1531,290,826,47278,41751,7780,7030,9608,8161,9739,84,89
2021-08-27T23:59:59+02:00,162,169,3413,3220,9159,6770,8738,6045,7651,7929,5196,5686,1868,2253,1195,1619,327,894,119,107,2888,2700,8064,5981,7925,5442,6982,7215,4770,5234,1748,2128,1129,1529,290,826,47215,41687,7779,7028,9606,8159,9669,84,89
2021-08-26T23:59:59+02:00,162,167,3383,3208,9115,6747,8702,6031,7626,7907,5181,5673,1865,2250,1195,1618,327,893,116,104,2862,2679,8018,5950,7871,5412,6942,7186,4744,5219,1743,2122,1129,1528,290,826,47070,41482,7772,7010,9605,8137,9567,84,89
2021-08-25T23:59:59+02:00,158,165,3366,3198,9077,6728,8666,6013,7602,7884,5167,5651,1863,2246,1195,1616,327,893,113,101,2825,2657,7967,5913,7822,5373,6905,7147,4728,5190,1742,2116,1128,1527,290,826,46953,41234,7765,7002,9604,8129,9453,84,89
2021-08-24T23:59:59+02:00,158,164,3360,3189,9059,6711,8647,5995,7587,7861,5157,5640,1860,2245,1194,1613,327,891,112,101,2804,2635,7935,5878,7788,5350,6878,7119,4711,5172,1741,2114,1128,1526,290,825,46879,41059,7760,6992,9604,8124,9373,84,89
2021-08-23T23:59:59+02:00,157,159,3333,3170,9017,6690,8604,5974,7558,7832,5145,5626,1859,2243,1192,1610,327,890,111,100,2774,2612,7890,5837,7747,5333,6845,7087,4697,5156,1737,2114,1128,1524,289,825,46731,40891,7751,6978,9601,8118,9250,84,89
2021-08-22T23:59:59+02:00,157,159,3320,3162,9003,6673,8591,5967,7539,7820,5138,5620,1858,2242,1191,1610,327,890,110,100,2758,2597,7859,5814,7727,5320,6825,7066,4692,5145,1732,2109,1127,1524,288,825,46660,40759,7744,6968,9601,8113,9205,84,89
2021-08-21T23:59:59+02:00,156,159,3311,3154,8990,6664,8581,5965,7533,7816,5136,5614,1857,2242,1191,1609,327,890,105,98,2748,2589,7840,5805,7708,5310,6813,7058,4684,5135,1731,2107,1126,1524,288,825,46605,40681,7741,6940,9601,8112,9186,84,89
2021-08-20T23:59:59+02:00,155,157,3300,3145,8963,6646,8546,5945,7514,7793,5124,5600,1855,2239,1191,1608,327,888,103,96,2717,2573,7792,5771,7668,5278,6775,7019,4668,5112,1726,2103,1125,1521,288,823,46526,40500,7732,6900,9600,8102,9074,84,89
2021-08-19T23:59:59+02:00,154,154,3281,3132,8919,6621,8512,5925,7491,7765,5111,5581,1849,2236,1190,1606,327,887,97,91,2673,2552,7713,5723,7608,5240,6727,6961,4639,5079,1721,2099,1125,1520,288,823,46395,40166,7719,6868,9598,8093,8959,84,89
2021-08-18T23:59:59+02:00,153,152,3271,3122,8898,6602,8480,5912,7457,7747,5098,5572,1844,2234,1190,1606,326,886,95,89,2646,2532,7649,5686,7547,5204,6683,6928,4614,5055,1716,2094,1123,1520,288,823,46283,39917,7714,6814,9597,8081,8881,84,89
2021-08-17T23:59:59+02:00,152,152,3254,3111,8874,6575,8455,5896,7446,7723,5087,5559,1841,2232,1189,1605,325,886,91,86,2616,2515,7586,5636,7506,5166,6653,6887,4594,5034,1707,2089,1122,1516,287,823,46161,39639,7707,6773,9596,8073,8821,84,89
2021-08-16T23:59:59+02:00,150,151,3242,3099,8850,6560,8434,5889,7431,7707,5074,5546,1840,2231,1189,1605,325,886,84,84,2587,2485,7505,5592,7433,5132,6601,6844,4561,5009,1705,2085,1120,1515,287,823,46066,39257,7702,6757,9596,8061,8765,84,89
2021-08-15T23:59:59+02:00,149,150,3234,3086,8822,6550,8416,5879,7412,7693,5068,5534,1838,2228,1189,1604,325,886,76,81,2549,2450,7439,5558,7397,5104,6559,6813,4547,4996,1700,2080,1119,1513,287,823,45971,38956,7695,6736,9595,8055,8722,84,89
2021-08-14T23:59:59+02:00,148,150,3227,3081,8811,6547,8410,5878,7411,7689,5065,5532,1836,2227,1189,1603,325,886,76,79,2537,2441,7412,5545,7385,5093,6552,6798,4530,4986,1695,2077,1119,1511,287,822,45952,38851,7695,6722,9595,8054,8692,84,89
2021-08-13T23:59:59+02:00,148,149,3211,3077,8789,6539,8401,5865,7397,7675,5056,5523,1836,2223,1188,1602,325,886,76,77,2500,2421,7362,5514,7349,5067,6512,6767,4519,4971,1694,2073,1117,1511,287,822,45881,38612,7694,6707,9595,8053,8636,84,89
2021-08-12T23:59:59+02:00,146,144,3193,3069,8761,6521,8370,5846,7374,7653,5040,5508,1833,2222,1185,1600,325,886,75,76,2455,2385,7269,5465,7295,5027,6462,6718,4493,4941,1689,2070,1114,1510,286,822,45776,38278,7686,6673,9593,8027,8535,83,89
2021-08-11T23:59:59+02:00,144,142,3175,3052,8724,6493,8346,5833,7352,7633,5030,5493,1831,2220,1184,1599,325,886,73,74,2422,2352,7189,5403,7215,4982,6403,6653,4471,4902,1684,2061,1112,1508,286,820,45648,37834,7675,6637,9588,8020,8463,83,89
2021-08-10T23:59:59+02:00,144,141,3156,3040,8693,6481,8317,5813,7322,7617,5012,5484,1827,2220,1184,1597,325,885,72,70,2346,2294,7061,5340,7124,4910,6306,6587,4425,4877,1673,2053,1109,1505,286,819,45536,37197,7667,6610,9585,8005,8380,83,89
2021-08-09T23:59:59+02:00,141,141,3135,3030,8662,6458,8290,5802,7295,7598,5003,5470,1826,2219,1184,1597,325,884,68,69,2282,2229,6945,5258,7023,4865,6234,6528,4395,4841,1667,2043,1108,1504,286,819,45446,36683,7661,6548,9584,7982,8276,83,89
2021-08-08T23:59:59+02:00,141,140,3122,3022,8643,6450,8273,5789,7283,7589,4996,5466,1822,2219,1184,1597,325,884,68,68,2258,2201,6878,5224,6977,4838,6195,6505,4384,4824,1657,2039,1107,1502,286,819,45384,36448,7659,6502,9581,7971,8226,83,89
2021-08-07T23:59:59+02:00,140,139,3116,3015,8624,6437,8257,5777,7273,7579,4990,5461,1820,2219,1183,1597,325,884,65,61,2222,2179,6801,5173,6919,4803,6159,6467,4368,4810,1652,2037,1107,1499,286,819,45323,36122,7654,6474,9580,7963,8182,83,89
2021-08-06T23:59:59+02:00,140,138,3103,3004,8597,6425,8224,5753,7254,7554,4978,5447,1816,2217,1183,1596,325,884,59,57,2182,2138,6691,5100,6838,4767,6114,6427,4346,4789,1649,2034,1106,1496,286,819,45259,35749,7635,6447,9580,7947,8066,83,88
2021-08-05T23:59:59+02:00,139,136,3080,2988,8572,6400,8180,5734,7229,7528,4959,5424,1812,2214,1181,1592,325,883,55,53,2141,2087,6557,4988,6719,4711,6042,6360,4305,4748,1642,2027,1103,1494,286,819,45120,35245,7626,6351,9579,7888,7946,83,88
2021-08-04T23:59:59+02:00,136,132,3040,2966,8503,6362,8140,5706,7198,7499,4943,5408,1808,2209,1178,1591,325,883,55,47,2080,2049,6425,4916,6596,4655,5969,6292,4275,4709,1632,2020,1098,1491,286,818,44900,34719,7611,6300,9579,7854,7817,83,88
2021-08-03T23:59:59+02:00,134,131,3022,2946,8473,6345,8106,5687,7175,7473,4930,5395,1804,2208,1177,1588,325,883,52,47,2045,2020,6329,4848,6489,4601,5897,6233,4234,4665,1626,2013,1097,1489,286,818,44749,34228,7606,6254,9578,7829,7744,83,87
2021-08-02T23:59:59+02:00,134,131,2999,2920,8437,6321,8082,5674,7151,7457,4913,5385,1800,2204,1176,1588,324,883,51,46,2017,1984,6191,4753,6372,4537,5824,6178,4187,4631,1619,1998,1096,1486,285,817,44601,33634,7599,6211,9577,7805,7674,83,85
2021-08-01T23:59:59+02:00,134,130,2983,2904,8408,6298,8067,5657,7139,7449,4907,5376,1799,2203,1174,1588,324,883,49,45,1994,1962,6111,4701,6305,4488,5780,6153,4171,4610,1617,1995,1094,1483,285,817,44504,33318,7587,6182,9577,7781,7624,83,83
2021-07-31T23:59:59+02:00,132,129,2976,2897,8394,6292,8057,5653,7132,7440,4906,5373,1798,2203,1174,1588,324,883,46,34,1952,1920,6007,4634,6237,4439,5727,6116,4142,4587,1612,1992,1094,1482,285,817,44463,32819,7585,6169,9577,7774,7595,83,83
2021-07-30T23:59:59+02:00,128,127,2968,2888,8364,6276,8042,5637,7111,7424,4899,5366,1797,2201,1174,1587,324,883,42,33,1932,1895,5920,4588,6168,4384,5670,6066,4116,4568,1608,1990,1093,1479,285,817,44376,32435,7571,6142,9576,7763,7538,83,83
2021-07-29T23:59:59+02:00,126,125,2935,2870,8307,6237,8001,5591,7081,7383,4874,5346,1795,2196,1172,1586,324,883,37,29,1888,1865,5786,4480,6029,4307,5576,5980,4066,4517,1601,1980,1090,1477,285,817,44176,31829,7555,6082,9570,7724,7388,83,83
2021-07-28T23:59:59+02:00,123,122,2914,2856,8277,6209,7976,5565,7059,7359,4861,5330,1791,2194,1171,1584,323,882,36,26,1850,1820,5676,4404,5913,4234,5493,5906,4030,4483,1589,1972,1089,1475,285,816,43999,31256,7545,6024,9566,7677,7341,83,83
2021-07-27T23:59:59+02:00,119,121,2898,2837,8236,6192,7941,5545,7041,7341,4849,5317,1791,2192,1171,1583,322,882,34,26,1802,1788,5531,4313,5785,4152,5396,5838,3990,4432,1581,1961,1088,1472,284,815,43880,30638,7528,5943,9564,7632,7260,83,83
2021-07-26T23:59:59+02:00,117,119,2872,2821,8201,6168,7906,5528,7020,7319,4842,5306,1789,2191,1169,1583,322,882,34,26,1757,1730,5384,4245,5683,4083,5320,5766,3934,4397,1578,1949,1087,1467,283,814,43737,30047,7504,5870,9561,7581,7202,83,83
2021-07-25T23:59:59+02:00,111,117,2855,2808,8166,6147,7879,5520,6999,7301,4832,5300,1787,2188,1168,1582,322,881,31,23,1730,1704,5324,4198,5624,4050,5269,5729,3901,4373,1573,1944,1086,1466,283,813,43594,29747,7497,5835,9559,7542,7154,83,83
2021-07-24T23:59:59+02:00,111,115,2843,2794,8141,6134,7855,5506,6985,7288,4822,5295,1785,2185,1168,1582,322,881,30,23,1711,1680,5272,4175,5549,4000,5226,5704,3879,4365,1571,1942,1084,1463,283,812,43512,29533,7474,5741,9558,7541,7105,83,83
2021-07-23T23:59:59+02:00,109,113,2818,2773,8085,6112,7826,5482,6947,7262,4803,5281,1783,2181,1166,1582,322,881,26,20,1650,1643,5121,4065,5412,3932,5152,5633,3826,4334,1568,1932,1082,1458,282,812,43340,28858,7466,5712,9556,7520,6991,83,83
2021-07-22T23:59:59+02:00,106,110,2783,2744,8013,6063,7771,5445,6897,7213,4769,5257,1775,2174,1165,1581,322,880,25,19,1599,1605,4945,3984,5255,3851,4991,5551,3746,4280,1554,1921,1077,1456,281,811,43020,28186,7440,5560,9546,7449,6876,83,83
2021-07-21T23:59:59+02:00,105,107,2754,2731,7946,6030,7718,5407,6837,7173,4746,5233,1767,2167,1164,1578,322,878,25,17,1561,1557,4820,3897,5116,3785,4888,5445,3672,4238,1541,1909,1074,1455,281,809,42765,27687,7398,5344,9539,7390,6763,83,82
2021-07-20T23:59:59+02:00,105,107,2733,2707,7891,5997,7683,5378,6797,7132,4725,5213,1763,2163,1164,1577,322,877,24,17,1527,1522,4687,3819,5024,3731,4784,5365,3621,4206,1536,1899,1072,1454,281,808,42517,27171,7390,5265,9536,7331,6686,83,82
2021-07-19T23:59:59+02:00,104,107,2709,2682,7832,5955,7632,5359,6752,7099,4708,5196,1757,2156,1162,1573,321,876,23,14,1503,1494,4605,3766,4937,3692,4712,5303,3585,4177,1530,1891,1068,1451,279,807,42224,26837,7375,5135,9533,7290,6639,83,82
2021-07-18T23:59:59+02:00,104,104,2683,2657,7763,5923,7598,5332,6712,7062,4691,5186,1751,2149,1159,1573,320,875,21,14,1482,1469,4559,3727,4898,3658,4662,5275,3549,4163,1524,1882,1067,1451,279,805,41926,26620,7362,5055,9528,7263,6605,83,81
2021-07-17T23:59:59+02:00,99,100,2670,2639,7746,5910,7581,5314,6694,7046,4669,5174,1747,2148,1159,1572,320,873,21,14,1467,1454,4519,3696,4846,3632,4624,5243,3520,4151,1519,1879,1067,1449,279,805,41814,26439,7352,4997,9525,7255,6547,83,81
2021-07-16T23:59:59+02:00,99,97,2631,2616,7683,5874,7518,5273,6647,7004,4641,5147,1741,2142,1157,1571,320,873,20,13,1424,1423,4416,3637,4751,3586,4533,5187,3456,4106,1506,1871,1062,1447,279,804,41622,26075,7329,4959,9517,7187,6332,83,81
2021-07-15T23:59:59+02:00,96,93,2582,2590,7609,5840,7462,5233,6599,6950,4623,5119,1737,2137,1155,1568,319,873,18,13,1365,1389,4203,3521,4560,3480,4387,5088,3394,4040,1495,1861,1057,1442,278,804,41297,25337,7310,4724,9510,7119,6224,82,81
2021-07-14T23:59:59+02:00,95,90,2548,2573,7534,5810,7389,5198,6545,6901,4597,5097,1731,2130,1153,1566,319,873,17,13,1317,1347,4065,3427,4448,3409,4274,5016,3344,3995,1484,1850,1054,1438,278,804,40975,24796,7288,4615,9508,7041,6123,82,81
2021-07-13T23:59:59+02:00,91,87,2513,2544,7481,5777,7324,5154,6505,6849,4577,5079,1721,2124,1151,1566,319,873,16,11,1281,1304,3942,3323,4319,3337,4181,4927,3284,3935,1457,1842,1051,1431,277,802,40648,24274,7279,4457,9506,6927,6040,82,81
2021-07-12T23:59:59+02:00,86,87,2487,2516,7404,5735,7252,5108,6452,6807,4547,5053,1716,2121,1148,1566,319,873,15,11,1248,1278,3828,3233,4195,3264,4078,4845,3230,3889,1444,1832,1047,1423,277,802,40286,23784,7264,4326,9502,6839,5955,81,80
2021-07-11T23:59:59+02:00,80,84,2471,2500,7365,5708,7220,5082,6424,6787,4537,5046,1713,2117,1146,1566,318,873,15,11,1234,1259,3774,3185,4134,3227,4024,4815,3203,3874,1433,1819,1045,1419,276,802,40160,23586,7244,4284,9497,6776,5863,80,80
2021-07-10T23:59:59+02:00,79,83,2442,2465,7280,5668,7153,5043,6372,6752,4513,5034,1709,2113,1146,1563,318,872,15,11,1208,1240,3713,3142,4085,3197,3985,4783,3185,3860,1425,1811,1045,1417,276,802,39903,23391,7217,4283,9485,6761,5717,80,79
2021-07-09T23:59:59+02:00,78,80,2415,2446,7208,5630,7108,5015,6326,6721,4496,5011,1707,2107,1146,1562,318,872,11,7,1182,1222,3657,3090,4032,3150,3929,4742,3158,3830,1423,1795,1043,1415,276,802,39671,23130,7188,4246,9475,6704,5620,80,79
2021-07-08T23:59:59+02:00,73,77,2365,2400,7112,5564,7005,4963,6261,6656,4457,4977,1700,2096,1144,1559,317,872,9,7,1109,1167,3485,2998,3830,3069,3746,4645,3082,3768,1406,1778,1040,1406,275,801,39327,22601,7110,3952,9444,6558,5417,80,79
2021-07-07T23:59:59+02:00,73,76,2289,2348,6995,5488,6902,4906,6188,6598,4423,4929,1693,2087,1142,1555,316,872,9,7,1050,1125,3316,2906,3642,2976,3584,4538,3029,3704,1389,1747,1033,1398,275,799,38827,21994,7065,3692,9418,6472,5255,80,79
2021-07-06T23:59:59+02:00,70,75,2238,2308,6886,5432,6813,4862,6132,6528,4384,4894,1684,2081,1139,1551,316,872,9,7,1010,1080,3198,2802,3551,2913,3509,4446,2975,3642,1363,1715,1028,1390,275,799,38373,21469,7010,3586,9401,6376,5150,80,78
2021-07-05T23:59:59+02:00,68,75,2168,2258,6742,5357,6692,4823,6061,6469,4346,4855,1678,2073,1137,1549,316,870,9,7,966,1042,3086,2728,3470,2867,3431,4372,2930,3585,1343,1696,1021,1380,275,797,37870,21075,6958,3508,9374,6286,4990,79,77
2021-07-04T23:59:59+02:00,68,73,2127,2209,6652,5306,6652,4793,6018,6446,4329,4832,1675,2070,1137,1547,316,869,8,7,926,1014,3018,2669,3431,2837,3397,4339,2903,3560,1328,1676,1019,1378,274,797,37651,20914,6916,3449,9349,6207,4853,79,77
2021-07-03T23:59:59+02:00,64,59,2025,2123,6429,5140,6498,4703,5930,6358,4277,4799,1670,2064,1136,1543,316,869,8,7,888,983,2940,2618,3371,2805,3353,4291,2870,3529,1322,1671,1018,1374,274,795,36782,20702,6880,3443,9342,6183,4627,79,77
2021-07-02T23:59:59+02:00,55,51,1980,2079,6345,5090,6454,4673,5907,6330,4260,4780,1668,2058,1134,1542,315,869,8,7,865,954,2868,2564,3299,2758,3305,4239,2840,3490,1304,1652,1012,1368,274,792,36471,20373,6845,3417,9336,6080,4557,78,77
2021-07-01T23:59:59+02:00,51,44,1922,2038,6232,5013,6368,4623,5825,6261,4232,4749,1665,2052,1133,1541,313,868,8,7,784,900,2665,2474,3103,2668,3119,4116,2738,3395,1277,1628,1002,1352,274,790,36025,19531,6791,3185,9319,5973,4406,78,77
2021-06-30T23:59:59+02:00,51,43,1872,1981,6098,4924,6261,4571,5763,6215,4217,4723,1661,2043,1131,1538,313,868,8,6,746,864,2549,2392,2984,2609,3006,4020,2666,3317,1249,1600,994,1341,273,789,35569,19026,6726,3054,9303,5834,4271,77,77
2021-06-29T23:59:59+02:00,49,42,1803,1896,5968,4831,6163,4510,5702,6153,4188,4691,1654,2038,1129,1537,313,867,7,6,711,816,2450,2302,2904,2543,2897,3899,2608,3262,1232,1565,982,1330,273,786,34982,18498,6690,2972,9294,5710,4145,76,77
2021-06-28T23:59:59+02:00,47,40,1766,1836,5840,4758,6089,4456,5658,6113,4159,4665,1652,2028,1128,1536,313,867,7,6,693,783,2338,2220,2821,2478,2816,3811,2561,3215,1213,1548,975,1324,273,784,34536,18126,6630,2813,9284,5603,4061,76,77
2021-06-27T23:59:59+02:00,47,39,1736,1807,5789,4715,6048,4419,5610,6098,4147,4650,1650,2024,1128,1535,313,867,7,6,675,762,2282,2175,2778,2445,2767,3767,2530,3194,1202,1535,973,1315,273,784,34330,17953,6597,2752,9262,5505,3989,76,77
2021-06-26T23:59:59+02:00,40,33,1702,1777,5715,4667,5956,4372,5569,6065,4128,4634,1649,2022,1128,1533,313,867,7,6,667,750,2243,2144,2739,2419,2747,3741,2504,3173,1185,1525,972,1312,273,784,33956,17697,6508,2747,9262,5485,3988,76,75
2021-06-25T23:59:59+02:00,34,27,1662,1735,5601,4592,5897,4343,5528,6040,4104,4623,1646,2021,1126,1532,312,867,6,6,658,728,2187,2107,2669,2348,2636,3608,2459,3070,1175,1502,969,1309,272,783,33507,17206,6478,2715,9261,5302,3981,76,75
2021-06-24T23:59:59+02:00,27,22,1609,1682,5417,4479,5764,4286,5424,5994,4061,4597,1642,2016,1126,1531,311,867,6,6,616,704,2061,2030,2474,2272,2459,3521,2351,2976,1143,1477,960,1302,271,780,32839,16663,6415,2343,9251,5218,3866,76,75
2021-06-23T23:59:59+02:00,26,22,1573,1636,5315,4417,5679,4228,5374,5948,4039,4560,1633,2010,1124,1528,310,867,6,6,584,679,1988,1958,2357,2217,2338,3424,2247,2885,1116,1454,953,1292,270,779,32359,16059,6361,2258,9244,5069,3830,76,75
2021-06-22T23:59:59+02:00,26,22,1542,1618,5233,4342,5590,4177,5323,5900,4014,4536,1627,2004,1123,1526,310,867,6,6,566,655,1914,1902,2265,2157,2252,3317,2142,2795,1098,1431,943,1280,269,774,31908,15595,6314,2114,9239,4899,3804,76,74
2021-06-21T23:59:59+02:00,25,22,1508,1574,5100,4250,5503,4133,5249,5838,3984,4511,1622,1991,1122,1521,309,865,6,6,546,635,1871,1857,2224,2113,2197,3227,2071,2713,1079,1401,919,1258,269,770,31335,15273,6270,2011,9231,4746,3760,76,74
2021-06-20T23:59:59+02:00,24,20,1477,1539,5022,4174,5451,4110,5213,5817,3960,4500,1619,1990,1121,1521,308,865,6,6,529,618,1837,1826,2197,2089,2165,3198,2028,2673,1067,1385,915,1249,269,769,31019,15073,6230,1970,9217,4676,3724,76,73
2021-06-19T23:59:59+02:00,23,20,1459,1519,4974,4139,5425,4082,5184,5791,3939,4489,1612,1988,1121,1520,308,865,6,6,520,612,1814,1797,2174,2060,2151,3173,2002,2634,1058,1377,911,1248,267,768,30826,14882,6161,1937,9217,4669,3701,76,72
2021-06-18T23:59:59+02:00,18,16,1431,1498,4889,4091,5369,4037,5136,5753,3913,4477,1609,1985,1118,1518,308,865,6,6,505,601,1793,1779,2145,2026,2100,3124,1946,2577,1044,1361,909,1243,266,766,30459,14554,6112,1934,9215,4614,3688,76,72
2021-06-17T23:59:59+02:00,15,15,1391,1455,4710,4002,5171,3956,4956,5659,3855,4431,1602,1982,1118,1517,307,865,6,6,465,578,1689,1739,1956,1961,1935,3020,1840,2491,1019,1343,896,1232,264,764,29804,14063,6045,1818,9207,4519,3378,75,72
2021-06-16T23:59:59+02:00,14,14,1359,1421,4602,3915,5067,3898,4851,5596,3808,4405,1595,1978,1117,1513,307,864,6,6,445,553,1624,1695,1890,1924,1845,2932,1778,2409,1001,1315,886,1217,264,760,29296,13615,5924,1745,9193,4429,3318,75,72
2021-06-15T23:59:59+02:00,14,14,1323,1387,4461,3818,4989,3829,4773,5525,3767,4372,1584,1971,1112,1510,307,863,6,6,430,528,1564,1639,1833,1878,1772,2876,1702,2340,983,1289,879,1205,263,759,28701,13257,5890,1655,9178,4351,3235,75,72
2021-06-14T23:59:59+02:00,14,12,1296,1343,4355,3755,4904,3775,4688,5448,3712,4344,1580,1962,1110,1505,305,862,6,6,421,515,1510,1601,1780,1842,1716,2807,1643,2288,972,1265,874,1198,262,758,28198,12989,5790,1573,9174,4264,3174,75,71
2021-06-13T23:59:59+02:00,13,12,1278,1324,4306,3717,4854,3732,4637,5404,3693,4326,1579,1956,1110,1503,305,861,6,6,413,507,1474,1583,1740,1818,1674,2770,1608,2244,954,1245,871,1186,262,756,27932,12804,5754,1548,9169,4181,3112,75,71
2021-06-12T23:59:59+02:00,13,11,1265,1298,4270,3697,4822,3706,4618,5387,3680,4315,1577,1952,1108,1502,305,860,6,6,410,503,1461,1562,1712,1792,1652,2750,1579,2223,946,1236,860,1183,262,755,27727,12651,5744,1546,9168,4119,3099,75,70
2021-06-11T23:59:59+02:00,12,11,1246,1282,4229,3647,4746,3682,4572,5349,3650,4303,1576,1950,1107,1499,305,859,6,6,399,489,1436,1520,1680,1771,1609,2704,1530,2181,934,1221,856,1178,262,753,27412,12393,5712,1538,9163,4037,3076,75,70
2021-06-10T23:59:59+02:00,12,9,1184,1223,4092,3559,4608,3599,4470,5278,3598,4265,1571,1942,1105,1498,305,859,6,6,378,468,1365,1473,1603,1712,1538,2627,1440,2078,905,1187,852,1169,260,750,26776,11927,5565,1525,9142,3861,2998,75,69
2021-06-09T23:59:59+02:00,11,7,1133,1184,3936,3448,4467,3533,4380,5196,3550,4223,1564,1935,1103,1495,305,858,5,6,359,447,1300,1429,1537,1676,1481,2546,1361,2011,874,1135,843,1155,259,747,26245,11615,5376,1461,9131,3718,2855,75,69
2021-06-08T23:59:59+02:00,10,7,1075,1137,3784,3347,4340,3449,4267,5111,3498,4193,1558,1929,1100,1492,303,856,5,5,342,425,1250,1387,1478,1638,1420,2486,1312,1936,850,1097,832,1138,255,744,25636,11353,5229,1409,9120,3575,2728,73,67
2021-06-07T23:59:59+02:00,9,7,1046,1107,3669,3259,4201,3411,4142,5039,3441,4166,1545,1923,1099,1490,303,855,2,2,333,416,1203,1342,1416,1615,1368,2433,1241,1884,836,1078,819,1122,253,740,25215,11164,5038,1373,9114,3441,2581,73,66
2021-06-06T23:59:59+02:00,9,7,1023,1094,3606,3220,4119,3359,4064,5006,3408,4151,1543,1918,1096,1489,302,855,2,2,325,404,1183,1312,1381,1581,1343,2371,1212,1822,824,1062,811,1113,253,737,24998,11035,4889,1320,9100,3327,2502,73,65
2021-06-05T23:59:59+02:00,9,7,1008,1076,3517,3148,4063,3327,4028,4983,3397,4147,1541,1914,1096,1488,302,854,2,1,316,393,1161,1286,1360,1564,1318,2340,1177,1802,812,1039,810,1109,253,737,24675,10855,4881,1317,9096,3277,2463,72,64
2021-06-04T23:59:59+02:00,7,7,982,1056,3466,3090,3986,3284,3962,4927,3367,4125,1537,1910,1093,1488,302,854,2,1,305,385,1137,1254,1333,1545,1289,2295,1148,1773,795,1018,804,1104,253,734,24339,10705,4832,1311,9092,3214,2372,72,64
2021-06-03T23:59:59+02:00,7,7,937,1022,3299,2990,3785,3175,3784,4808,3273,4052,1528,1898,1089,1483,302,854,1,1,294,374,1097,1211,1271,1486,1217,2209,1081,1710,756,976,794,1090,253,733,23624,10467,4594,1290,9074,3044,2165,72,62
2021-06-02T23:59:59+02:00,7,7,909,1008,3221,2914,3725,3128,3720,4745,3231,4024,1525,1892,1088,1482,302,854,1,1,283,364,1066,1187,1224,1465,1171,2166,1026,1663,740,942,790,1084,253,732,23238,10233,4573,1276,9074,3003,2047,72,62
2021-06-01T23:59:59+02:00,7,7,858,968,3046,2790,3533,3029,3552,4641,3169,3963,1515,1883,1085,1476,302,853,0,1,270,348,978,1125,1125,1407,1086,2057,976,1582,706,891,784,1075,252,726,22592,9937,4341,1242,9061,2796,1798,72,60
2021-05-31T23:59:59+02:00,7,6,819,939,2919,2703,3382,2931,3442,4547,3115,3909,1509,1870,1082,1472,302,853,0,1,255,329,937,1080,1054,1352,1038,1978,935,1522,686,865,777,1070,251,726,22167,9750,4095,1227,9039,2656,1595,72,59
2021-05-30T23:59:59+02:00,7,6,808,928,2856,2653,3311,2891,3384,4502,3091,3887,1505,1863,1082,1472,302,852,0,1,245,312,892,1029,998,1310,991,1916,907,1462,673,849,774,1060,251,725,22002,9639,4031,1217,9025,2480,1421,72,59
2021-05-29T23:59:59+02:00,7,6,805,925,2835,2636,3287,2875,3365,4487,3083,3878,1503,1862,1082,1472,302,852,0,1,242,301,887,1015,979,1281,975,1866,893,1429,660,827,770,1055,250,725,21868,9543,4029,1215,9022,2338,1420,71,59
2021-05-28T23:59:59+02:00,7,6,794,911,2796,2591,3236,2843,3336,4463,3073,3862,1503,1859,1080,1466,302,852,0,1,236,291,873,995,967,1256,960,1822,861,1389,641,796,766,1047,249,723,21599,9353,4014,1210,9020,2248,1415,71,58
2021-05-27T23:59:59+02:00,7,6,745,885,2659,2522,3090,2771,3188,4379,2989,3810,1494,1849,1078,1464,301,850,0,0,221,273,812,941,881,1195,868,1722,790,1302,615,763,756,1031,248,721,21080,9131,3869,1172,8986,1979,1197,71,55
2021-05-26T23:59:59+02:00,7,6,709,848,2546,2439,2925,2701,3060,4309,2939,3761,1482,1839,1077,1457,299,845,0,0,211,254,767,896,831,1156,824,1649,748,1240,599,738,738,998,246,718,20639,8894,3611,1158,8958,1832,1063,71,55
2021-05-25T23:59:59+02:00,7,6,684,826,2448,2376,2817,2654,2956,4224,2891,3721,1470,1831,1074,1453,299,843,0,0,198,241,737,863,796,1118,785,1588,695,1177,578,716,716,971,245,716,20250,8667,3427,1121,8913,1687,999,70,50
2021-05-24T23:59:59+02:00,7,6,667,802,2387,2330,2741,2619,2882,4165,2837,3678,1457,1824,1067,1452,299,841,0,0,192,233,708,841,767,1084,748,1530,669,1124,561,703,709,966,245,714,20040,8562,3245,1107,8878,1566,894,70,48
2021-05-23T23:59:59+02:00,7,6,664,801,2367,2313,2725,2604,2870,4149,2824,3661,1454,1822,1067,1450,299,841,0,0,190,231,700,832,754,1077,732,1520,655,1114,557,696,706,960,244,711,19907,8473,3239,1098,8878,1554,892,70,44
2021-05-22T23:59:59+02:00,7,6,657,788,2336,2288,2684,2580,2845,4117,2788,3632,1448,1818,1067,1448,299,840,0,0,188,223,690,826,747,1065,716,1511,648,1107,547,686,700,948,243,711,19638,8404,3238,1098,8875,1508,881,70,43
2021-05-21T23:59:59+02:00,7,6,643,773,2246,2249,2595,2528,2768,4068,2745,3586,1442,1805,1065,1447,299,839,0,0,186,220,683,816,735,1055,702,1497,630,1087,533,660,693,940,243,709,19132,8307,3213,1095,8854,1446,875,70,43
2021-05-20T23:59:59+02:00,7,6,607,746,2120,2169,2454,2447,2632,3964,2664,3502,1426,1789,1063,1438,299,838,0,0,176,209,650,772,698,1014,669,1439,606,1024,514,631,686,931,242,708,18440,8177,3086,1083,8775,1231,802,70,40
2021-05-19T23:59:59+02:00,6,6,567,706,2001,2076,2303,2371,2489,3863,2561,3404,1406,1771,1055,1435,297,838,0,0,162,201,617,747,665,979,632,1383,580,963,498,608,675,908,241,706,17646,8010,3003,1062,8731,1124,679,70,40
2021-05-18T23:59:59+02:00,6,5,534,685,1914,1990,2194,2309,2369,3743,2463,3312,1394,1751,1047,1428,297,834,0,0,155,192,595,716,635,945,614,1305,560,899,477,578,667,895,240,702,17101,7875,2821,1022,8670,1013,568,70,40
2021-05-17T23:59:59+02:00,4,2,508,670,1851,1949,2135,2256,2287,3623,2400,3237,1375,1732,1040,1421,297,832,0,0,149,184,574,701,626,906,600,1241,541,841,460,546,664,887,240,701,16775,7794,2650,988,8599,907,466,69,40
2021-05-16T23:59:59+02:00,3,2,502,669,1821,1919,2090,2224,2243,3571,2342,3175,1360,1723,1038,1415,297,831,0,0,144,183,563,680,610,888,582,1194,525,803,435,514,662,884,240,700,16576,7740,2578,957,8550,819,377,68,38
2021-05-15T23:59:59+02:00,3,1,496,663,1790,1898,2070,2199,2223,3547,2316,3134,1352,1721,1037,1412,296,831,0,0,142,180,560,679,609,883,576,1189,519,791,431,512,660,882,240,700,16352,7705,2574,956,8541,806,372,68,38
2021-05-14T23:59:59+02:00,3,1,479,647,1760,1856,2025,2155,2132,3477,2273,3093,1344,1711,1035,1412,294,831,0,0,138,174,554,662,589,860,555,1153,502,775,415,497,655,876,239,698,15962,7639,2530,941,8519,697,345,68,38
2021-05-13T23:59:59+02:00,2,1,450,620,1680,1804,1906,2100,2012,3390,2205,3000,1319,1691,1027,1409,292,827,0,0,132,171,539,654,579,843,543,1132,485,761,396,468,641,851,239,693,15516,7545,2253,896,8465,655,309,67,37
2021-05-12T23:59:59+02:00,2,1,441,614,1660,1789,1888,2088,1986,3364,2189,2984,1316,1686,1023,1407,292,826,0,0,132,169,535,654,578,836,540,1126,483,754,390,456,639,845,239,693,15365,7500,2227,887,8457,652,307,65,37
2021-05-11T23:59:59+02:00,2,1,419,591,1574,1748,1773,2046,1872,3270,2079,2915,1302,1660,1019,1398,292,826,0,0,126,159,515,617,557,809,520,1092,452,732,368,428,629,839,239,693,14935,7395,2041,859,8339,549,240,65,37
2021-05-10T23:59:59+02:00,2,1,400,573,1525,1713,1717,2011,1794,3204,2020,2849,1294,1646,1013,1391,292,823,0,0,126,156,509,610,545,785,511,1066,446,711,360,415,627,836,239,692,14639,7344,1955,851,8213,492,214,64,35
2021-05-09T23:59:59+02:00,2,1,393,561,1477,1686,1678,1991,1747,3164,1956,2808,1280,1632,1011,1386,292,821,0,0,121,153,502,601,533,776,501,1055,436,699,350,403,622,831,239,691,14387,7305,1899,840,8155,442,189,63,34
2021-05-08T23:59:59+02:00,2,1,388,555,1463,1662,1639,1969,1722,3139,1923,2787,1273,1625,1008,1385,291,821,0,0,120,153,499,601,530,775,499,1049,436,693,349,401,618,822,239,691,14160,7285,1891,835,8151,431,187,63,32
2021-05-07T23:59:59+02:00,2,1,375,547,1432,1630,1586,1948,1660,3072,1874,2736,1265,1616,1006,1380,291,817,0,0,116,149,488,586,518,748,487,1014,419,667,346,380,603,810,239,689,13866,7232,1861,809,8084,327,151,63,30
2021-05-06T23:59:59+02:00,2,1,350,533,1334,1581,1470,1884,1515,2955,1733,2638,1233,1585,1003,1369,291,814,0,0,114,144,472,568,506,729,475,989,402,647,337,365,589,795,239,686,13341,7167,1670,788,7851,239,120,61,27
2021-05-05T23:59:59+02:00,2,1,335,518,1291,1549,1422,1840,1446,2884,1648,2552,1214,1561,996,1356,291,809,0,0,113,140,461,557,501,716,467,978,396,629,319,353,571,778,239,685,12894,7092,1604,768,7784,189,112,61,24
2021-05-04T23:59:59+02:00,2,1,326,504,1235,1511,1383,1810,1395,2835,1590,2490,1195,1532,990,1343,290,804,0,0,109,136,451,543,497,709,454,958,384,612,307,337,561,757,239,685,12545,7011,1539,741,7726,147,98,57,23
2021-05-03T23:59:59+02:00,2,1,319,496,1194,1486,1343,1788,1361,2797,1547,2450,1175,1506,984,1336,288,800,0,0,101,132,440,534,486,701,447,950,374,603,295,329,545,740,238,683,12272,6924,1514,732,7675,127,72,57,22
2021-05-02T23:59:59+02:00,2,1,315,495,1178,1470,1310,1768,1331,2777,1534,2425,1166,1492,981,1335,288,797,0,0,98,131,433,526,480,695,440,943,371,600,291,321,526,729,238,683,12128,6880,1498,712,7636,111,56,56,20
2021-05-01T23:59:59+02:00,2,1,311,489,1168,1462,1299,1754,1316,2765,1513,2408,1160,1486,979,1331,288,796,0,0,97,130,433,525,477,695,438,940,371,598,289,321,526,729,238,683,11988,6868,1495,712,7634,108,55,56,19
2021-04-30T23:59:59+02:00,2,1,306,480,1157,1435,1273,1734,1285,2699,1458,2357,1146,1468,974,1328,288,793,0,0,96,127,430,520,474,688,436,914,366,588,284,314,523,724,238,682,11674,6849,1490,701,7629,82,25,56,18
2021-04-29T23:59:59+02:00,2,0,290,465,1100,1400,1219,1693,1234,2640,1366,2288,1103,1425,969,1320,287,791,0,0,96,125,425,518,469,683,428,902,357,580,275,304,512,714,237,678,11180,6789,1449,681,7560,59,23,53,18
2021-04-28T23:59:59+02:00,2,0,278,459,1083,1381,1188,1678,1199,2600,1295,2232,1070,1371,959,1318,287,789,0,0,92,122,420,514,462,673,420,893,352,567,260,286,501,701,236,677,10878,6712,1398,644,7500,44,22,53,17
2021-04-27T23:59:59+02:00,2,0,274,449,1062,1362,1167,1666,1172,2577,1269,2203,1044,1334,953,1312,287,786,0,0,90,119,415,508,459,665,416,887,344,561,255,278,491,682,235,676,10674,6656,1369,615,7459,37,21,48,14
2021-04-26T23:59:59+02:00,2,0,271,443,1053,1351,1156,1650,1140,2559,1219,2154,1026,1314,947,1305,286,785,0,0,90,119,411,501,459,661,412,883,342,555,248,270,481,673,235,676,10492,6617,1353,591,7393,34,21,46,14
2021-04-25T23:59:59+02:00,2,0,270,441,1043,1336,1136,1641,1120,2541,1190,2126,1004,1292,944,1298,286,785,0,0,89,117,409,491,456,661,411,878,341,554,247,266,476,664,235,675,10360,6595,1327,575,7343,26,21,42,14
2021-04-24T23:59:59+02:00,2,0,264,436,1028,1322,1123,1625,1104,2522,1162,2107,995,1268,941,1295,286,785,0,0,89,117,409,491,454,661,411,875,340,551,246,265,475,661,235,675,10185,6588,1327,567,7319,25,21,40,14
2021-04-23T23:59:59+02:00,2,0,262,426,1017,1306,1111,1615,1086,2500,1106,2064,973,1243,939,1288,286,782,0,0,88,116,409,490,452,660,410,873,337,548,242,260,470,656,235,675,10022,6565,1313,555,7224,25,21,39,13
2021-04-22T23:59:59+02:00,2,0,258,415,993,1282,1089,1592,1048,2457,1056,2001,944,1201,931,1275,286,778,0,0,88,115,406,485,446,653,405,864,334,542,236,255,461,646,234,673,9738,6508,1263,541,7149,18,21,38,12
2021-04-21T23:59:59+02:00,2,0,253,411,969,1261,1064,1573,1012,2421,1010,1954,908,1151,921,1259,285,775,0,0,87,113,404,484,444,649,401,857,329,533,233,249,450,631,233,670,9433,6452,1239,520,7088,18,21,38,12
2021-04-20T23:59:59+02:00,2,0,246,405,950,1232,1044,1550,987,2368,970,1899,861,1087,907,1243,283,773,0,0,86,113,402,481,441,643,395,850,325,526,227,241,438,612,232,670,9145,6386,1169,503,7016,17,21,38,11
2021-04-19T23:59:59+02:00,2,0,243,394,929,1219,1031,1530,971,2335,940,1859,835,1057,903,1236,283,770,0,0,85,112,401,479,436,637,391,840,320,516,227,236,428,593,230,665,8961,6323,1150,483,6946,14,20,37,11
2021-04-18T23:59:59+02:00,2,0,242,390,919,1208,1016,1521,950,2317,917,1837,809,1017,901,1231,282,768,0,0,84,110,396,477,436,636,390,837,319,513,226,232,422,589,230,665,8830,6302,1120,469,6888,14,20,37,11
2021-04-17T23:59:59+02:00,2,0,241,385,917,1205,1008,1517,941,2307,912,1831,792,991,898,1225,282,768,0,0,84,107,393,473,434,636,387,832,319,508,224,228,416,582,230,664,8755,6258,1118,468,6859,13,20,37,11
2021-04-16T23:59:59+02:00,2,0,239,384,904,1201,995,1497,926,2284,882,1791,753,934,889,1215,281,765,0,0,80,104,390,465,431,634,376,819,314,496,210,213,412,573,227,661,8559,6184,1103,429,6786,12,20,37,10
2021-04-15T23:59:59+02:00,2,0,237,377,877,1183,977,1481,899,2236,837,1752,719,887,877,1196,281,761,0,0,78,102,387,457,425,625,368,811,307,493,202,207,394,549,224,655,8325,6092,1090,399,6663,11,20,35,10
2021-04-14T23:59:59+02:00,2,0,235,369,865,1171,965,1466,884,2200,819,1720,678,843,846,1151,281,757,0,0,75,97,381,452,414,614,363,801,296,485,192,190,377,529,222,650,8089,5977,1070,366,6587,11,20,33,10
2021-04-13T23:59:59+02:00,2,0,231,365,853,1165,956,1455,871,2174,790,1689,623,788,825,1119,280,753,0,0,71,92,371,443,394,602,347,787,290,480,189,186,363,516,221,647,7921,5868,1021,337,6487,9,20,31,10
2021-04-12T23:59:59+02:00,2,0,229,364,847,1158,946,1438,844,2152,772,1667,592,759,814,1102,280,751,0,0,70,88,357,435,389,595,342,779,282,473,182,180,355,506,220,640,7816,5783,1000,311,6391,9,20,27,9
2021-04-11T23:59:59+02:00,1,0,225,362,837,1146,936,1431,829,2136,758,1648,574,734,807,1080,279,748,0,0,69,86,351,432,383,593,338,775,279,467,177,172,347,503,218,639,7752,5727,979,300,6289,7,20,24,9
2021-04-10T23:59:59+02:00,1,0,225,360,836,1142,931,1429,817,2126,748,1639,567,718,799,1066,278,748,0,0,65,78,325,415,361,578,325,760,265,458,170,164,341,488,217,637,7690,5542,973,294,6255,7,19,23,9
2021-04-09T23:59:59+02:00,1,0,225,356,826,1137,914,1404,807,2044,732,1554,530,656,778,1043,276,743,0,0,56,73,306,403,344,565,308,745,253,445,161,158,321,467,213,629,7562,5343,947,285,6001,7,15,20,9
2021-04-08T23:59:59+02:00,1,0,221,353,819,1130,901,1396,793,2023,707,1534,486,591,747,1020,274,739,0,0,54,70,294,385,328,551,294,730,239,426,152,142,305,449,211,611,7438,5140,904,272,5872,7,14,20,9
2021-04-07T23:59:59+02:00,1,0,215,348,808,1119,883,1378,772,1993,686,1501,447,548,718,982,271,735,0,0,52,67,274,369,318,545,286,717,229,413,138,132,285,429,205,601,7287,4968,869,257,5716,7,14,19,8
2021-04-06T23:59:59+02:00,1,0,212,346,800,1112,869,1359,752,1968,658,1476,420,509,693,950,270,732,0,0,50,65,273,364,314,543,277,712,225,406,133,128,276,409,200,591,7187,4894,841,238,5560,6,14,17,8
2021-04-05T23:59:59+02:00,1,0,212,345,795,1105,861,1347,743,1950,651,1460,399,488,676,925,270,731,0,0,50,64,272,360,313,539,273,706,221,405,132,125,263,387,195,583,7142,4829,829,223,5443,6,14,17,8
2021-04-04T23:59:59+02:00,1,0,211,341,791,1095,855,1337,733,1933,644,1441,387,476,673,920,270,731,0,0,50,63,271,359,312,539,272,706,220,405,130,124,254,374,191,581,7116,4794,824,222,5356,6,12,17,8
2021-04-03T23:59:59+02:00,1,0,211,341,789,1095,853,1335,733,1928,637,1438,379,470,670,911,270,730,0,0,50,63,271,359,312,539,272,705,220,403,130,124,254,372,191,579,7080,4787,824,222,5342,6,12,17,8
2021-04-02T23:59:59+02:00,1,0,210,339,788,1092,851,1333,728,1918,629,1427,369,461,657,900,269,729,0,0,50,62,268,357,308,537,268,697,215,394,128,123,247,353,190,566,7024,4707,817,219,5314,6,12,15,8
2021-04-01T23:59:59+02:00,1,0,207,336,782,1078,839,1319,721,1898,615,1408,354,436,624,867,268,723,0,0,48,61,260,350,304,533,266,689,213,389,120,121,231,328,187,545,6932,4597,772,212,5222,5,10,15,8
2021-03-31T23:59:59+02:00,1,0,203,334,774,1069,829,1305,711,1850,605,1367,343,423,600,821,265,720,0,0,48,61,259,349,299,530,262,687,207,385,115,118,217,301,185,524,6857,4509,725,204,5086,5,8,15,8
2021-03-30T23:59:59+02:00,1,0,200,328,768,1059,823,1282,697,1809,595,1323,330,407,575,784,263,720,0,0,48,60,256,345,294,527,261,682,204,379,112,116,207,282,181,510,6776,4427,687,199,4949,5,8,13,8
2021-03-29T23:59:59+02:00,1,0,196,323,763,1042,818,1268,687,1778,585,1284,326,393,548,746,261,713,0,0,48,58,253,343,293,525,260,678,201,372,108,114,197,270,175,498,6670,4363,665,193,4843,3,8,13,8
2021-03-28T23:59:59+02:00,1,0,190,306,753,1031,809,1260,682,1756,582,1266,324,378,521,719,259,711,0,0,48,57,250,342,290,519,256,675,199,369,105,112,190,261,172,497,6624,4318,631,187,4734,3,8,13,8
2021-03-27T23:59:59+01:00,1,0,190,303,747,1025,804,1256,676,1744,580,1257,320,369,514,709,259,710,0,0,48,57,250,342,290,519,252,669,196,365,103,111,186,254,168,487,6581,4280,623,180,4696,3,8,13,8
2021-03-26T23:59:59+01:00,1,0,186,301,735,1010,795,1238,662,1727,571,1234,312,358,510,695,257,706,0,0,46,57,249,342,289,517,252,668,190,353,98,104,175,237,161,476,6512,4199,605,179,4611,3,6,13,8
2021-03-25T23:59:59+01:00,1,0,182,299,726,995,773,1209,644,1690,560,1193,304,345,493,670,255,702,0,0,46,56,246,337,285,516,245,665,190,352,92,103,158,215,154,451,6429,4100,591,170,4447,3,6,13,8
2021-03-24T23:59:59+01:00,1,0,179,292,716,981,763,1193,633,1653,544,1160,293,331,473,646,252,699,0,0,46,56,244,335,283,514,243,665,186,348,90,100,143,208,148,418,6346,4023,566,163,4318,2,6,13,8
2021-03-23T23:59:59+01:00,1,0,175,287,708,965,746,1176,621,1629,529,1122,287,319,453,630,247,696,0,0,45,56,242,333,280,511,238,659,184,344,86,95,137,200,138,392,6279,3939,548,158,4182,2,6,13,8
2021-03-22T23:59:59+01:00,1,0,171,276,688,941,724,1152,608,1594,514,1098,282,309,441,613,246,689,0,0,45,56,240,330,276,509,235,652,182,342,86,92,130,192,121,363,6197,3852,526,155,4037,1,6,13,8
2021-03-21T23:59:59+01:00,1,0,165,272,676,928,708,1142,596,1565,505,1064,275,301,426,605,244,687,0,0,45,56,237,330,274,507,234,651,180,340,85,89,128,191,116,360,6135,3830,506,151,3928,1,4,12,7
2021-03-20T23:59:59+01:00,1,0,163,271,667,923,703,1138,589,1559,502,1061,271,295,412,591,242,685,0,0,45,56,237,330,273,507,233,649,180,336,84,88,124,185,112,353,6097,3801,502,149,3879,1,4,11,7
2021-03-19T23:59:59+01:00,1,0,153,260,662,903,692,1131,583,1540,490,1048,256,274,396,567,236,677,0,0,43,56,236,329,272,506,231,642,179,332,81,85,116,175,108,334,6019,3736,462,147,3788,1,3,11,7
2021-03-18T23:59:59+01:00,1,0,148,253,642,885,674,1095,564,1487,472,1001,241,258,382,544,233,659,0,0,43,56,234,325,270,498,231,636,177,325,80,82,108,167,104,320,5927,3671,425,138,3576,1,3,11,7
2021-03-17T23:59:59+01:00,0,0,142,247,629,865,661,1088,559,1474,464,983,227,245,364,528,230,653,0,0,43,55,234,321,269,495,229,634,177,324,80,82,103,162,96,309,5831,3627,397,137,3510,1,3,10,7
2021-03-16T23:59:59+01:00,0,0,138,238,613,850,643,1077,547,1432,454,958,219,230,343,494,226,641,0,0,43,54,234,318,269,489,227,632,176,323,75,82,98,157,94,291,5737,3580,366,133,3372,1,2,10,7
2021-03-15T23:59:59+01:00,0,0,133,231,597,830,632,1055,536,1400,437,921,212,222,330,470,222,634,0,0,42,54,233,315,267,486,226,631,174,322,74,80,92,151,92,279,5641,3537,337,131,3250,1,1,9,7
2021-03-14T23:59:59+01:00,0,0,128,220,580,812,616,1034,527,1357,425,875,203,210,319,458,215,630,0,0,42,54,233,312,265,485,225,626,173,317,73,80,90,147,90,276,5569,3520,325,119,3076,1,0,8,7
2021-03-13T23:59:59+01:00,0,0,125,207,550,783,583,1008,502,1332,404,855,188,200,311,445,212,626,0,0,42,54,233,312,265,485,224,626,173,316,73,80,87,143,77,261,5365,3481,321,119,2984,1,0,8,7
2021-03-12T23:59:59+01:00,0,0,114,198,517,756,563,980,479,1294,380,821,172,189,286,414,210,606,0,0,42,54,233,311,264,485,224,626,173,315,67,79,83,137,74,254,5125,3449,314,119,2864,1,0,8,6
2021-03-11T23:59:59+01:00,0,0,106,188,483,709,523,942,440,1218,356,769,159,167,258,373,205,584,0,0,42,53,232,308,260,481,222,622,170,312,67,77,78,131,72,241,4874,3418,302,97,2599,1,0,8,5
2021-03-10T23:59:59+01:00,0,0,104,178,458,682,503,923,423,1179,339,729,143,151,241,342,200,551,0,0,41,53,230,303,256,475,219,616,170,309,64,76,74,129,70,232,4696,3376,288,85,2453,1,0,8,5
2021-03-09T23:59:59+01:00,0,0,104,173,444,651,473,893,408,1135,327,696,137,143,229,324,194,538,0,0,41,53,229,300,253,467,217,612,166,305,63,74,72,127,63,223,4609,3334,271,75,2266,1,0,8,4
2021-03-08T23:59:59+01:00,0,0,101,164,427,633,455,876,397,1083,317,656,133,135,214,303,189,525,0,0,41,53,229,296,250,462,212,607,159,301,60,73,67,124,62,222,4524,3304,255,57,2101,1,0,8,3
2021-03-07T23:59:59+01:00,0,0,98,160,421,620,444,860,387,1068,312,650,131,135,207,290,187,524,0,0,41,52,228,295,250,460,210,606,159,301,60,73,65,122,61,221,4476,3293,245,54,2040,0,0,8,3
2021-03-06T23:59:59+01:00,0,0,97,154,418,610,437,836,375,1017,302,618,129,134,201,282,185,519,0,0,41,52,228,295,249,459,210,605,159,301,60,73,63,122,60,216,4438,3288,245,48,1893,0,0,8,3
2021-03-05T23:59:59+01:00,0,0,95,148,412,597,433,828,372,999,293,595,123,124,189,261,177,507,0,0,41,51,227,292,248,458,209,602,158,299,60,73,61,121,59,208,4355,3270,235,39,1817,0,0,8,3
2021-03-04T23:59:59+01:00,0,0,92,134,401,558,414,794,355,954,282,567,114,122,170,232,170,482,0,0,41,50,225,285,246,452,207,589,155,298,58,73,61,121,59,207,4248,3228,217,38,1626,0,0,8,3
2021-03-03T23:59:59+01:00,0,0,85,124,391,542,404,776,348,933,273,548,112,119,157,225,164,449,0,0,41,49,225,285,245,450,203,581,155,292,58,73,60,119,59,207,4174,3203,211,35,1508,0,0,8,3
2021-03-02T23:59:59+01:00,0,0,82,121,378,525,387,758,340,913,266,526,109,113,148,215,153,420,0,0,40,49,225,285,245,444,198,574,153,289,58,73,60,116,59,205,4079,3173,204,34,1408,0,0,8,3
2021-03-01T23:59:59+01:00,0,0,81,119,372,511,379,736,329,888,260,498,108,112,141,205,132,386,0,0,40,48,223,284,242,436,196,565,153,286,58,73,60,115,58,205,3989,3140,199,34,1301,0,0,8,3
2021-02-28T23:59:59+01:00,0,0,81,117,364,501,374,728,326,864,255,480,103,104,139,202,126,382,0,0,40,48,222,284,241,435,195,565,153,286,58,73,59,115,58,204,3963,3136,194,33,1218,0,0,8,2
2021-02-27T23:59:59+01:00,0,0,78,108,358,494,369,719,319,853,252,471,101,102,137,196,119,370,0,0,40,47,222,283,241,434,194,564,151,285,58,73,59,115,58,204,3927,3133,187,28,1157,0,0,8,2
2021-02-26T23:59:59+01:00,0,0,75,102,350,469,343,684,297,822,241,450,98,98,129,186,116,352,0,0,40,46,221,282,241,432,193,561,147,283,58,73,59,114,58,202,3871,3115,185,28,973,0,0,8,1
2021-02-25T23:59:59+01:00,0,0,66,91,336,446,331,655,289,794,230,427,93,98,121,179,113,340,0,0,40,46,219,278,236,429,191,553,142,282,58,71,57,112,57,202,3818,3084,177,20,819,0,0,8,1
2021-02-24T23:59:59+01:00,0,0,61,84,329,432,323,638,284,777,227,419,91,98,116,175,104,329,0,0,37,46,217,275,233,416,189,544,140,276,55,70,54,112,57,202,3774,3038,172,14,742,0,0,8,1
2021-02-23T23:59:59+01:00,0,0,59,75,314,412,313,620,278,758,221,411,86,96,111,171,102,308,0,0,35,46,216,273,230,409,188,538,135,273,54,70,54,108,57,200,3722,3004,167,10,641,0,0,8,1
2021-02-22T23:59:59+01:00,0,0,57,73,308,400,308,611,276,749,219,407,84,93,102,163,100,297,0,0,35,44,213,271,228,395,181,527,131,270,53,70,53,108,57,200,3676,2957,160,4,600,0,0,7,1
2021-02-21T23:59:59+01:00,0,0,56,72,301,394,305,601,271,740,214,404,83,91,101,161,98,295,0,0,35,43,211,269,227,392,180,518,130,269,53,70,53,108,57,199,3666,2933,157,4,550,0,0,6,1
2021-02-20T23:59:59+01:00,0,0,55,72,299,393,304,598,270,733,214,399,81,91,98,156,85,280,0,0,35,41,211,269,227,392,179,518,128,268,53,70,52,108,57,197,3627,2924,156,4,528,0,0,6,1
2021-02-19T23:59:59+01:00,0,0,54,72,296,387,297,576,259,707,212,387,77,88,93,148,82,272,0,0,35,40,211,269,226,391,179,517,128,268,53,70,51,107,56,195,3593,2915,154,4,439,0,0,5,1
2021-02-18T23:59:59+01:00,0,0,51,67,278,363,289,553,251,686,196,363,76,84,91,143,80,263,0,0,34,39,205,260,223,385,175,502,128,257,53,68,51,105,53,191,3562,2847,145,4,300,0,0,5,1
2021-02-17T23:59:59+01:00,0,0,51,65,271,357,287,537,243,673,192,342,74,82,86,141,78,253,0,0,32,38,201,253,216,371,171,484,125,246,49,66,51,102,52,187,3511,2758,144,3,244,0,0,5,1
2021-02-16T23:59:59+01:00,0,0,50,60,258,341,283,526,238,657,187,334,72,81,83,139,71,245,0,0,29,38,192,244,209,351,165,472,121,233,49,61,41,86,43,178,3471,2625,141,3,178,0,0,5,1
2021-02-15T23:59:59+01:00,0,0,50,59,253,338,276,514,235,651,183,328,70,81,78,135,70,244,0,0,28,37,183,236,204,343,159,462,116,226,46,58,41,81,39,171,3442,2542,140,3,145,0,0,5,1
2021-02-14T23:59:59+01:00,0,0,48,58,251,333,273,507,232,645,183,323,69,78,75,134,69,240,0,0,26,37,181,232,201,338,158,449,115,223,46,58,40,80,37,164,3429,2496,127,3,122,0,0,5,1
2021-02-13T23:59:59+01:00,0,0,47,58,251,333,271,507,232,644,183,323,69,78,74,134,69,239,0,0,26,37,180,231,198,338,157,448,114,220,45,57,39,79,36,159,3425,2476,127,1,120,0,0,5,1
2021-02-12T23:59:59+01:00,0,0,46,55,248,328,268,498,228,633,180,320,69,77,72,134,69,238,0,0,25,37,179,227,197,337,156,446,111,219,43,56,39,75,32,151,3414,2442,127,1,80,0,0,5,1
2021-02-11T23:59:59+01:00,0,0,45,53,241,305,262,481,221,610,168,310,66,76,70,132,69,232,0,0,25,34,161,204,190,306,147,403,106,200,38,54,34,64,29,134,3374,2232,103,1,18,0,0,5,0
2021-02-10T23:59:59+01:00,0,0,45,52,238,297,260,474,216,602,166,305,63,76,69,132,68,230,0,0,23,31,147,181,174,266,126,354,98,177,34,52,32,61,25,124,3341,1996,93,1,8,0,0,5,0
2021-02-09T23:59:59+01:00,0,0,43,51,237,294,258,464,211,594,163,302,62,76,69,130,68,230,0,0,23,29,129,155,158,242,112,311,92,151,27,47,31,48,22,110,3319,1767,77,1,4,0,0,5,0
2021-02-08T23:59:59+01:00,0,0,43,51,234,292,250,450,207,581,158,297,59,76,69,128,68,229,0,0,20,28,112,132,136,202,92,272,87,141,19,45,25,41,22,95,3272,1542,61,1,4,0,0,4,0
2021-02-07T23:59:59+01:00,0,0,43,50,231,291,248,449,206,578,157,296,59,76,68,127,68,228,0,0,19,22,107,121,126,190,87,252,82,131,19,43,24,33,22,88,3262,1436,57,1,0,0,0,3,0
2021-02-06T23:59:59+01:00,0,0,43,49,231,291,248,448,206,578,156,295,58,76,67,127,67,223,0,0,15,19,106,120,125,186,85,245,82,129,18,42,24,30,19,88,3257,1399,50,1,0,0,0,3,0
2021-02-05T23:59:59+01:00,0,0,42,48,231,291,248,447,205,576,154,294,58,76,67,126,66,213,0,0,13,16,97,112,121,181,84,241,82,121,17,42,24,26,17,85,3243,1341,41,0,0,0,0,3,0
2021-02-04T23:59:59+01:00,0,0,42,48,228,287,243,443,201,570,152,291,58,74,66,124,66,212,0,0,12,12,67,80,98,135,72,206,65,101,16,37,21,22,15,73,3204,1079,41,0,0,0,0,3,0
2021-02-03T23:59:59+01:00,0,0,41,47,228,284,242,431,199,564,151,288,58,73,65,123,66,212,0,0,9,7,52,61,75,110,54,160,55,72,12,17,17,16,10,57,3174,818,38,0,0,0,0,3,0
2021-02-02T23:59:59+01:00,0,0,40,47,227,281,238,425,198,558,147,287,57,73,63,120,64,209,0,0,7,5,35,42,59,80,43,103,45,50,10,14,12,11,5,40,3135,584,37,0,0,0,0,3,0
2021-02-01T23:59:59+01:00,0,0,39,45,225,281,233,419,194,552,144,280,57,72,61,119,64,209,0,0,5,3,27,22,32,48,29,64,27,28,8,9,8,5,2,23,3094,352,37,0,0,0,0,2,0
2021-01-31T23:59:59+01:00,0,0,39,45,224,280,231,413,192,544,143,280,57,72,60,118,64,208,0,0,5,3,24,17,23,38,23,53,21,24,8,6,7,5,2,21,3070,290,35,0,0,0,0,2,0
2021-01-30T23:59:59+01:00,0,0,39,45,224,280,231,412,191,544,143,280,57,72,59,118,64,205,0,0,5,3,22,16,21,38,21,49,20,23,7,5,7,4,2,20,3065,272,34,0,0,0,0,2,0
2021-01-29T23:59:59+01:00,0,0,39,45,224,278,230,411,190,543,141,278,57,72,58,117,63,204,0,0,5,1,17,11,16,30,18,43,16,21,6,4,6,4,2,19,3055,226,30,0,0,0,0,1,0
2021-01-28T23:59:59+01:00,0,0,39,44,214,275,229,406,188,534,139,274,57,72,57,116,61,203,0,0,5,1,7,3,9,17,10,25,9,9,3,2,4,1,0,18,3021,126,22,0,0,0,0,1,0
2021-01-27T23:59:59+01:00,0,0,38,43,210,268,225,396,186,520,136,265,54,70,57,113,60,200,0,0,2,1,5,3,8,15,9,22,8,9,3,2,2,1,0,14,2952,106,18,0,0,0,0,1,0
2021-01-26T23:59:59+01:00,0,0,34,43,207,256,220,383,182,502,132,258,53,65,51,106,52,192,0,0,2,1,4,3,8,15,9,21,8,9,3,2,2,1,0,11,2850,101,14,0,0,0,0,1,0
2021-01-25T23:59:59+01:00,0,0,34,42,197,252,217,372,179,491,128,248,51,63,50,103,46,190,0,0,2,1,3,3,6,13,8,18,8,9,3,2,2,0,0,9,2784,89,4,0,0,0,0,1,0
2021-01-24T23:59:59+01:00,0,0,33,41,194,249,215,371,178,489,128,247,51,63,48,100,45,189,0,0,2,1,2,3,5,13,8,18,8,9,3,2,2,0,0,9,2762,87,3,0,0,0,0,1,0
2021-01-23T23:59:59+01:00,0,0,33,41,194,249,213,371,178,489,128,247,51,62,48,99,45,186,0,0,2,1,2,3,5,12,8,17,7,9,3,2,2,0,0,9,2754,84,3,0,0,0,0,1,0
2021-01-22T23:59:59+01:00,0,0,31,40,193,245,212,371,178,487,126,247,51,62,48,99,43,180,0,0,2,0,2,3,4,12,8,16,7,9,3,2,2,0,0,9,2733,81,3,0,0,0,0,1,0
2021-01-21T23:59:59+01:00,0,0,27,38,181,231,206,355,174,466,124,234,49,62,44,90,42,176,0,0,2,0,2,3,1,7,7,11,5,5,3,2,1,0,0,7,2613,58,3,0,0,0,0,0,0
2021-01-20T23:59:59+01:00,0,0,26,36,163,206,188,311,144,411,114,211,44,59,41,85,36,161,0,0,2,0,2,3,1,7,7,10,5,4,3,2,1,0,0,7,2339,56,2,0,0,0,0,0,0
2021-01-19T23:59:59+01:00,0,0,26,33,137,179,171,275,135,369,108,189,32,52,32,70,32,146,0,0,1,0,1,3,1,5,4,8,3,3,2,0,1,0,0,4,2077,37,2,0,0,0,0,0,0
2021-01-18T23:59:59+01:00,0,0,21,32,123,158,149,234,118,321,101,165,28,49,29,58,30,125,0,0,1,0,1,1,0,2,3,6,2,3,1,0,1,0,0,4,1825,26,2,0,0,0,0,0,0
2021-01-17T23:59:59+01:00,0,0,19,23,117,143,141,221,109,294,96,154,28,44,29,51,28,110,0,0,1,0,0,0,0,1,1,4,2,2,1,0,1,0,0,1,1683,14,2,0,0,0,0,0,0
2021-01-16T23:59:59+01:00,0,0,16,21,114,141,139,216,106,284,95,147,25,43,28,45,22,107,0,0,0,0,0,0,0,0,0,0,0,0,0,0,0,0,0,0,1623,0,0,0,0,0,0,0,0
2021-01-15T23:59:59+01:00,0,0,13,18,108,132,135,210,103,275,94,137,24,43,28,40,21,104,0,0,0,0,0,0,0,0,0,0,0,0,0,0,0,0,0,0,1554,0,0,0,0,0,0,0,0
2021-01-14T23:59:59+01:00,0,0,11,14,84,100,116,171,87,234,81,121,18,38,25,32,20,88,0,0,0,0,0,0,0,0,0,0,0,0,0,0,0,0,0,0,1294,0,0,0,0,0,0,0,0
2021-01-13T23:59:59+01:00,0,0,9,13,70,88,102,142,79,192,75,96,17,24,21,24,18,70,0,0,0,0,0,0,0,0,0,0,0,0,0,0,0,0,0,0,1084,0,0,0,0,0,0,0,0
2021-01-12T23:59:59+01:00,0,0,7,9,57,70,84,113,71,137,63,74,13,19,17,20,9,53,0,0,0,0,0,0,0,0,0,0,0,0,0,0,0,0,0,0,853,0,0,0,0,0,0,0,0
2021-01-11T23:59:59+01:00,0,0,5,7,49,52,70,86,56,109,47,55,12,14,8,9,4,28,0,0,0,0,0,0,0,0,0,0,0,0,0,0,0,0,0,0,636,0,0,0,0,0,0,0,0
2021-01-10T23:59:59+01:00,0,0,5,7,44,41,52,70,42,88,39,47,11,9,7,9,4,24,0,0,0,0,0,0,0,0,0,0,0,0,0,0,0,0,0,0,515,0,0,0,0,0,0,0,0
2021-01-09T23:59:59+01:00,0,0,5,6,39,40,47,67,39,80,37,43,10,9,7,8,4,23,0,0,0,0,0,0,0,0,0,0,0,0,0,0,0,0,0,0,478,0,0,0,0,0,0,0,0
2021-01-08T23:59:59+01:00,0,0,5,5,32,32,41,58,30,67,31,38,7,6,5,7,3,21,0,0,0,0,0,0,0,0,0,0,0,0,0,0,0,0,0,0,399,0,0,0,0,0,0,0,0
2021-01-07T23:59:59+01:00,0,0,5,2,14,3,12,20,12,30,8,18,6,3,4,2,1,19,0,0,0,0,0,0,0,0,0,0,0,0,0,0,0,0,0,0,162,0,0,0,0,0,0,0,0
2021-01-06T23:59:59+01:00,0,0,5,1,7,3,7,17,9,24,7,10,4,3,2,2,1,16,0,0,0,0,0,0,0,0,0,0,0,0,0,0,0,0,0,0,121,0,0,0,0,0,0,0,0
2021-01-05T23:59:59+01:00,0,0,3,1,4,3,7,16,9,22,7,9,4,2,2,2,0,15,0,0,0,0,0,0,0,0,0,0,0,0,0,0,0,0,0,0,109,0,0,0,0,0,0,0,0
2021-01-04T23:59:59+01:00,0,0,2,1,4,3,7,15,8,19,7,9,3,2,2,1,0,10,0,0,0,0,0,0,0,0,0,0,0,0,0,0,0,0,0,0,95,0,0,0,0,0,0,0,0
2021-01-03T23:59:59+01:00,0,0,2,1,2,3,6,15,8,19,7,9,3,2,2,1,0,10,0,0,0,0,0,0,0,0,0,0,0,0,0,0,0,0,0,0,92,0,0,0,0,0,0,0,0
2021-01-02T23:59:59+01:00,0,0,2,1,2,3,6,15,7,19,6,9,3,2,2,1,0,10,0,0,0,0,0,0,0,0,0,0,0,0,0,0,0,0,0,0,90,0,0,0,0,0,0,0,0
2021-01-01T23:59:59+01:00,0,0,2,0,2,3,5,15,7,19,6,9,3,2,2,1,0,10,0,0,0,0,0,0,0,0,0,0,0,0,0,0,0,0,0,0,88,0,0,0,0,0,0,0,0
2020-12-31T23:59:59+01:00,0,0,2,0,2,3,5,14,7,19,6,9,3,2,2,1,0,10,0,0,0,0,0,0,0,0,0,0,0,0,0,0,0,0,0,0,87,0,0,0,0,0,0,0,0
2020-12-30T23:59:59+01:00,0,0,2,0,2,3,5,13,7,17,6,9,3,2,2,1,0,10,0,0,0,0,0,0,0,0,0,0,0,0,0,0,0,0,0,0,84,0,0,0,0,0,0,0,0
2020-12-29T23:59:59+01:00,0,0,1,0,1,3,4,8,4,14,4,7,2,1,2,0,0,8,0,0,0,0,0,0,0,0,0,0,0,0,0,0,0,0,0,0,60,0,0,0,0,0,0,0,0
2020-12-28T23:59:59+01:00,0,0,1,0,1,1,1,1,2,7,3,4,2,0,1,0,0,4,0,0,0,0,0,0,0,0,0,0,0,0,0,0,0,0,0,0,29,0,0,0,0,0,0,0,0
2020-12-27T23:59:59+01:00,0,0,1,0,0,0,0,1,1,7,1,2,1,0,1,0,0,2,0,0,0,0,0,0,0,0,0,0,0,0,0,0,0,0,0,0,17,0,0,0,0,0,0,0,0
