Datum,<15_m,<15_w,15-24_1_m,15-24_1_w,25-34_1_m,25-34_1_w,35-44_1_m,35-44_1_w,45-54_1_m,45-54_1_w,55-64_1_m,55-64_1_w,65-74_1_m,65-74_1_w,75-84_1_m,75-84_1_w,>84_1_m,>84_1_w,<24_2_m,<24_2_w,25-34_2_m,25-34_2_w,35-44_2_m,35-44_2_w,45-54_2_m,45-54_2_w,55-64_2_m,55-64_2_w,65-74_2_m,65-74_2_w,75-84_2_m,75-84_2_w,>84_2_m,>84_2_w,bp_1,bp_2,mo_1,mo_2,az_1,az_2,ja,unb_1,unb_2
2021-07-17T23:59:59+02:00,57,59,2036,1938,6256,4600,6423,4434,5876,6460,4434,4961,2359,2536,3050,3135,2707,5133,1098,1040,3572,2764,3938,2970,3939,4728,3161,3882,1709,2006,2200,2402,1946,3800,45913,29383,7092,4664,8895,6251,5127,20,18
2021-07-16T23:59:59+02:00,57,57,2004,1918,6207,4576,6377,4404,5848,6423,4408,4937,2353,2532,3049,3135,2707,5133,1066,1029,3498,2730,3867,2939,3880,4689,3123,3852,1699,1997,2197,2401,1946,3800,45764,29146,7088,4645,8888,6233,4958,20,17
2021-07-15T23:59:59+02:00,55,53,1968,1895,6138,4545,6328,4367,5807,6376,4391,4912,2351,2530,3047,3132,2707,5133,1024,1002,3325,2639,3710,2850,3751,4597,3068,3792,1691,1989,2195,2397,1946,3800,45485,28534,7076,4472,8881,6173,4866,20,17
2021-07-14T23:59:59+02:00,54,51,1941,1884,6082,4515,6259,4339,5758,6337,4372,4894,2344,2525,3045,3130,2707,5133,983,972,3224,2565,3619,2797,3652,4536,3028,3751,1680,1982,2194,2394,1946,3800,45211,28104,7066,4384,8879,6115,4787,20,17
2021-07-13T23:59:59+02:00,51,49,1919,1861,6035,4490,6201,4305,5722,6291,4352,4878,2336,2520,3043,3130,2707,5133,959,944,3143,2495,3504,2734,3568,4454,2976,3691,1653,1975,2192,2390,1945,3798,44932,27665,7062,4262,8878,6036,4725,19,15
2021-07-12T23:59:59+02:00,48,48,1898,1842,5971,4450,6134,4265,5677,6257,4327,4854,2331,2517,3040,3130,2707,5133,931,927,3051,2425,3400,2678,3472,4382,2931,3646,1642,1964,2188,2382,1945,3798,44629,27266,7054,4152,8874,5964,4646,19,15
2021-07-11T23:59:59+02:00,44,48,1891,1831,5942,4434,6107,4248,5649,6241,4318,4847,2328,2512,3038,3130,2706,5133,925,912,3018,2388,3346,2653,3426,4357,2910,3633,1635,1952,2185,2378,1945,3798,44535,27111,7035,4125,8872,5912,4579,19,15
2021-07-10T23:59:59+02:00,43,47,1872,1805,5867,4395,6050,4217,5603,6205,4297,4837,2326,2509,3038,3127,2706,5132,910,898,2969,2354,3302,2627,3390,4328,2894,3621,1630,1946,2185,2377,1945,3798,44316,26957,7018,4124,8858,5902,4457,19,15
2021-07-09T23:59:59+02:00,42,45,1852,1789,5804,4359,6005,4197,5556,6173,4280,4816,2324,2505,3038,3126,2706,5132,891,885,2919,2312,3256,2600,3341,4293,2871,3594,1629,1933,2183,2376,1945,3798,44117,26773,6988,4097,8855,5855,4362,19,15
2021-07-08T23:59:59+02:00,38,42,1809,1751,5713,4306,5909,4146,5490,6112,4248,4784,2316,2496,3036,3123,2706,5132,825,837,2766,2235,3073,2528,3174,4201,2801,3530,1614,1919,2181,2367,1944,3797,43828,26315,6919,3831,8821,5743,4162,19,15
2021-07-07T23:59:59+02:00,38,41,1752,1715,5604,4244,5812,4102,5421,6057,4219,4737,2310,2487,3033,3119,2706,5132,784,810,2638,2170,2919,2462,3035,4105,2753,3467,1598,1895,2173,2360,1944,3795,43375,25826,6884,3630,8807,5675,4035,19,15
2021-07-06T23:59:59+02:00,36,41,1714,1687,5508,4198,5725,4062,5372,5992,4177,4703,2304,2481,3030,3115,2706,5132,752,783,2536,2076,2834,2407,2965,4019,2701,3413,1577,1867,2170,2355,1944,3795,42965,25363,6847,3539,8794,5601,3948,19,15
2021-07-05T23:59:59+02:00,34,41,1651,1647,5377,4130,5616,4027,5306,5939,4136,4669,2300,2476,3028,3114,2706,5130,716,756,2439,2006,2762,2365,2898,3950,2658,3361,1561,1850,2164,2346,1943,3792,42517,25014,6810,3484,8774,5527,3797,19,15
2021-07-04T23:59:59+02:00,34,41,1617,1615,5308,4098,5576,4002,5271,5919,4118,4651,2298,2474,3028,3112,2706,5129,682,733,2384,1963,2729,2343,2868,3917,2636,3341,1548,1832,2162,2345,1942,3792,42340,24886,6780,3429,8751,5458,3697,19,15
2021-07-03T23:59:59+02:00,33,31,1526,1553,5115,3951,5435,3918,5191,5835,4074,4615,2296,2471,3028,3108,2706,5129,646,712,2324,1922,2680,2324,2831,3873,2607,3316,1544,1825,2161,2341,1942,3790,41584,24725,6752,3427,8744,5435,3504,19,15
2021-07-02T23:59:59+02:00,29,27,1496,1521,5052,3915,5392,3887,5172,5812,4064,4598,2295,2465,3027,3107,2705,5129,630,691,2267,1878,2613,2285,2790,3827,2582,3278,1527,1809,2157,2335,1942,3788,41351,24464,6725,3401,8739,5342,3445,19,15
2021-07-01T23:59:59+02:00,25,23,1454,1495,4965,3856,5321,3847,5109,5751,4042,4573,2293,2461,3026,3106,2705,5128,566,655,2091,1812,2443,2209,2634,3725,2490,3194,1505,1790,2148,2323,1941,3786,40990,23754,6674,3202,8728,5253,3354,19,15
2021-06-30T23:59:59+02:00,25,22,1415,1459,4871,3781,5231,3808,5053,5705,4029,4550,2289,2454,3024,3103,2705,5128,535,627,1997,1755,2338,2166,2530,3641,2433,3120,1487,1767,2141,2311,1940,3785,40620,23325,6622,3092,8712,5141,3264,19,15
2021-06-29T23:59:59+02:00,25,19,1365,1393,4780,3703,5147,3758,5002,5648,4004,4521,2285,2450,3023,3103,2705,5127,511,595,1925,1688,2268,2105,2434,3530,2376,3072,1476,1736,2129,2298,1939,3782,40153,22876,6594,3026,8706,5039,3170,19,15
2021-06-28T23:59:59+02:00,24,18,1341,1343,4682,3653,5090,3714,4962,5612,3977,4496,2281,2443,3022,3101,2705,5127,501,577,1838,1632,2192,2051,2367,3453,2333,3025,1460,1719,2122,2292,1939,3780,39812,22577,6542,2898,8696,4947,3105,19,15
2021-06-27T23:59:59+02:00,24,18,1319,1320,4646,3623,5051,3688,4925,5596,3968,4490,2279,2439,3022,3100,2705,5127,490,564,1788,1596,2157,2034,2329,3418,2303,3010,1453,1708,2121,2283,1939,3780,39663,22450,6512,2846,8680,4873,3049,19,15
2021-06-26T23:59:59+02:00,18,14,1298,1300,4585,3580,4965,3647,4888,5566,3948,4476,2279,2437,3022,3098,2705,5127,484,557,1760,1577,2126,2017,2311,3399,2285,2993,1436,1698,2120,2281,1939,3780,39350,22261,6437,2844,8680,4853,3049,17,15
2021-06-25T23:59:59+02:00,15,7,1272,1266,4485,3515,4916,3623,4855,5541,3922,4465,2276,2436,3020,3097,2705,5127,477,538,1717,1556,2074,1954,2223,3273,2247,2901,1428,1680,2117,2277,1937,3779,38969,21865,6410,2822,8678,4682,3048,17,15
2021-06-24T23:59:59+02:00,13,6,1235,1223,4318,3411,4802,3574,4772,5501,3881,4438,2274,2433,3020,3096,2704,5127,442,519,1612,1494,1917,1893,2074,3198,2145,2810,1401,1660,2109,2272,1936,3776,38401,21401,6364,2536,8673,4606,2949,17,15
2021-06-23T23:59:59+02:00,13,6,1210,1197,4241,3370,4725,3529,4725,5463,3859,4405,2264,2428,3017,3094,2703,5127,412,502,1551,1444,1823,1850,1964,3107,2059,2726,1381,1638,2104,2266,1935,3774,38027,20915,6325,2464,8667,4474,2915,17,15
2021-06-22T23:59:59+02:00,13,6,1187,1184,4178,3315,4653,3489,4684,5421,3837,4380,2260,2422,3017,3093,2703,5127,399,485,1497,1410,1747,1802,1885,3002,1968,2648,1371,1614,2095,2254,1935,3770,37675,20530,6294,2354,8663,4334,2892,17,15
2021-06-21T23:59:59+02:00,13,6,1161,1152,4075,3237,4580,3450,4623,5363,3812,4363,2256,2409,3016,3088,2702,5125,385,471,1465,1378,1713,1762,1838,2925,1914,2575,1353,1581,2074,2232,1935,3767,37208,20272,6256,2267,8661,4197,2859,17,15
2021-06-20T23:59:59+02:00,13,4,1140,1130,4015,3187,4540,3434,4589,5346,3790,4353,2255,2407,3015,3088,2701,5125,370,459,1433,1355,1693,1741,1810,2899,1874,2541,1346,1568,2072,2226,1935,3766,36978,20119,6228,2232,8650,4137,2827,17,15
2021-06-19T23:59:59+02:00,12,4,1129,1114,3979,3164,4524,3415,4563,5326,3773,4344,2252,2405,3015,3087,2701,5125,365,455,1417,1342,1677,1720,1799,2876,1852,2514,1340,1561,2069,2225,1933,3765,36839,19982,6174,2205,8650,4131,2817,17,15
2021-06-18T23:59:59+02:00,8,1,1112,1096,3920,3130,4475,3381,4515,5290,3749,4333,2249,2401,3014,3085,2701,5125,356,446,1399,1325,1652,1691,1758,2830,1808,2463,1330,1551,2069,2220,1932,3762,36547,19717,6130,2203,8650,4091,2805,17,15
2021-06-17T23:59:59+02:00,7,1,1078,1072,3776,3064,4322,3316,4363,5211,3695,4290,2243,2398,3014,3084,2700,5125,329,429,1314,1296,1507,1634,1616,2742,1720,2391,1309,1533,2058,2209,1930,3760,36009,19293,6082,2119,8644,4015,2570,15,15
2021-06-16T23:59:59+02:00,7,1,1060,1045,3683,2987,4238,3270,4270,5155,3654,4260,2237,2395,3013,3081,2699,5124,317,411,1259,1263,1456,1605,1539,2663,1662,2326,1296,1507,2047,2196,1930,3755,35581,18928,5981,2053,8637,3944,2524,15,15
2021-06-15T23:59:59+02:00,7,1,1030,1016,3554,2919,4179,3223,4199,5083,3619,4230,2229,2388,3008,3079,2699,5123,309,388,1212,1222,1413,1566,1480,2606,1601,2259,1281,1481,2042,2183,1930,3754,35094,18636,5950,1979,8628,3872,2455,15,15
2021-06-14T23:59:59+02:00,7,1,1008,989,3471,2876,4097,3173,4124,5013,3568,4199,2225,2378,3008,3075,2698,5122,304,374,1177,1194,1374,1543,1442,2563,1553,2211,1271,1457,2037,2176,1929,3752,34673,18418,5866,1948,8624,3797,2407,15,15
2021-06-13T23:59:59+02:00,7,1,994,978,3428,2842,4049,3137,4078,4978,3551,4185,2224,2372,3007,3074,2698,5120,300,368,1147,1178,1345,1525,1400,2529,1527,2177,1258,1438,2031,2165,1929,3750,34441,18264,5836,1927,8620,3724,2363,15,15
2021-06-12T23:59:59+02:00,7,1,978,962,3402,2820,4022,3118,4064,4965,3536,4175,2221,2369,3006,3073,2698,5119,296,367,1142,1163,1331,1507,1383,2510,1504,2160,1249,1429,2022,2163,1929,3750,34271,18159,5826,1927,8620,3673,2355,15,15
2021-06-11T23:59:59+02:00,6,1,966,953,3366,2780,3951,3094,4028,4934,3511,4163,2220,2366,3005,3070,2698,5118,288,356,1124,1131,1309,1490,1343,2466,1456,2117,1240,1414,2020,2158,1929,3749,34006,17934,5801,1921,8617,3602,2339,15,15
2021-06-10T23:59:59+02:00,6,1,911,913,3265,2711,3829,3026,3941,4869,3463,4130,2217,2358,3003,3068,2697,5118,275,344,1068,1100,1249,1438,1281,2398,1383,2021,1214,1384,2016,2148,1929,3746,33480,17553,5695,1914,8601,3452,2277,15,15
2021-06-09T23:59:59+02:00,6,0,865,888,3150,2623,3700,2974,3851,4796,3422,4090,2213,2352,3000,3065,2697,5118,259,332,1012,1070,1190,1413,1223,2324,1319,1959,1192,1330,2009,2135,1928,3743,33028,17274,5543,1867,8597,3334,2163,15,15
2021-06-08T23:59:59+02:00,5,0,819,856,3030,2544,3582,2897,3753,4721,3368,4064,2206,2347,2997,3062,2696,5116,246,317,970,1032,1144,1384,1172,2271,1280,1891,1171,1298,1998,2119,1925,3739,32515,17061,5412,1822,8587,3210,2063,15,14
2021-06-07T23:59:59+02:00,4,0,795,834,2934,2477,3459,2867,3638,4659,3321,4040,2192,2343,2996,3060,2696,5114,240,311,927,1000,1095,1364,1128,2222,1218,1842,1158,1279,1985,2103,1924,3731,32169,16910,5248,1787,8582,3089,1936,15,14
2021-06-06T23:59:59+02:00,4,0,777,826,2882,2443,3385,2831,3572,4633,3295,4028,2189,2337,2994,3059,2694,5113,233,299,916,978,1069,1343,1114,2170,1192,1786,1143,1265,1979,2096,1922,3728,31980,16817,5124,1740,8578,2985,1882,15,14
2021-06-05T23:59:59+02:00,4,0,765,811,2819,2397,3343,2810,3539,4614,3282,4026,2189,2335,2994,3059,2694,5112,229,292,903,963,1051,1330,1092,2147,1163,1766,1128,1242,1979,2093,1922,3728,31741,16676,5119,1737,8573,2943,1861,15,14
2021-06-04T23:59:59+02:00,2,0,746,797,2779,2355,3276,2778,3479,4566,3257,4011,2185,2332,2992,3059,2694,5112,221,287,888,942,1036,1322,1070,2123,1142,1741,1113,1221,1972,2088,1922,3726,31447,16555,5078,1732,8571,2893,1822,15,14
2021-06-03T23:59:59+02:00,2,0,703,766,2639,2273,3108,2689,3311,4458,3172,3942,2177,2322,2988,3054,2694,5112,210,276,863,921,992,1281,1011,2043,1090,1686,1078,1182,1964,2074,1922,3724,30820,16367,4853,1718,8557,2740,1673,15,14
2021-06-02T23:59:59+02:00,2,0,679,761,2587,2218,3069,2662,3261,4411,3139,3920,2175,2319,2988,3053,2694,5112,199,272,850,905,966,1271,977,2016,1048,1645,1066,1149,1962,2071,1922,3724,30515,16175,4837,1705,8556,2711,1629,15,14
2021-06-01T23:59:59+02:00,2,0,639,733,2452,2117,2904,2579,3102,4316,3084,3860,2165,2311,2985,3048,2694,5112,190,260,781,866,894,1224,908,1918,1002,1574,1038,1094,1953,2060,1920,3719,29933,15916,4639,1668,8546,2524,1461,15,14
2021-05-31T23:59:59+02:00,2,0,609,713,2342,2055,2790,2512,3011,4232,3034,3815,2160,2298,2983,3045,2694,5111,179,249,745,840,849,1199,875,1850,967,1523,1018,1067,1947,2055,1918,3717,29580,15763,4421,1654,8530,2400,1347,15,14
2021-05-30T23:59:59+02:00,2,0,601,707,2300,2018,2738,2488,2973,4199,3016,3793,2157,2294,2983,3044,2693,5109,172,239,719,814,817,1166,848,1803,945,1471,1006,1052,1942,2047,1918,3715,29441,15678,4362,1644,8521,2254,1262,15,14
2021-05-29T23:59:59+02:00,2,0,599,705,2286,2004,2715,2478,2956,4181,3006,3784,2156,2293,2983,3044,2693,5109,169,231,714,806,799,1143,836,1754,933,1438,995,1034,1941,2042,1917,3715,29324,15604,4360,1644,8518,2121,1261,15,14
2021-05-28T23:59:59+02:00,2,0,594,695,2261,1971,2674,2453,2931,4164,2997,3769,2156,2289,2981,3039,2693,5109,167,224,705,796,789,1125,827,1719,904,1400,978,1007,1939,2034,1916,3713,29119,15456,4351,1642,8517,2048,1257,15,14
2021-05-27T23:59:59+02:00,2,0,552,678,2140,1925,2549,2390,2802,4092,2918,3719,2147,2276,2980,3037,2693,5106,154,210,648,749,716,1072,751,1623,841,1318,956,976,1925,2015,1915,3711,28681,15263,4227,1605,8492,1803,1065,15,13
2021-05-26T23:59:59+02:00,2,0,530,656,2047,1862,2396,2336,2678,4032,2864,3668,2136,2265,2976,3030,2690,5100,150,198,611,711,671,1038,713,1555,797,1264,941,950,1906,1982,1910,3705,28311,15052,4010,1596,8467,1674,934,15,13
2021-05-25T23:59:59+02:00,2,0,509,644,1969,1811,2301,2296,2577,3954,2818,3636,2124,2257,2973,3025,2689,5096,144,190,593,681,641,1004,672,1498,755,1205,923,929,1881,1949,1909,3701,27990,14855,3841,1562,8430,1542,871,15,12
2021-05-24T23:59:59+02:00,2,0,499,630,1919,1777,2232,2266,2515,3906,2769,3598,2113,2250,2967,3024,2686,5095,140,182,574,665,616,977,639,1443,734,1154,903,916,1875,1947,1904,3700,27829,14775,3695,1553,8398,1424,772,15,12
2021-05-23T23:59:59+02:00,2,0,496,629,1906,1769,2221,2254,2507,3893,2758,3583,2110,2247,2967,3022,2686,5095,139,181,570,660,610,974,623,1433,725,1148,899,910,1871,1943,1902,3696,27731,14707,3692,1547,8397,1415,770,15,12
2021-05-22T23:59:59+02:00,2,0,491,621,1887,1755,2194,2239,2486,3866,2732,3559,2103,2243,2966,3019,2686,5094,136,173,563,655,606,966,613,1429,721,1140,890,904,1864,1929,1902,3696,27537,14649,3691,1547,8395,1382,761,15,12
2021-05-21T23:59:59+02:00,2,0,480,608,1813,1725,2119,2198,2429,3822,2694,3519,2096,2231,2963,3018,2686,5093,136,170,559,648,595,958,601,1417,702,1122,877,881,1852,1925,1902,3695,27128,14567,3666,1546,8381,1321,758,15,12
2021-05-20T23:59:59+02:00,2,0,445,590,1683,1658,1997,2130,2313,3731,2614,3435,2077,2218,2955,3010,2684,5089,129,163,531,614,563,919,576,1361,673,1061,855,851,1841,1913,1900,3692,26501,14445,3556,1533,8313,1123,689,15,12
2021-05-19T23:59:59+02:00,2,0,410,557,1582,1591,1866,2070,2187,3635,2521,3347,2060,2202,2948,3005,2678,5088,116,155,504,594,531,885,547,1311,647,1003,836,832,1821,1883,1893,3687,25825,14277,3492,1513,8279,1028,571,15,12
2021-05-18T23:59:59+02:00,2,0,390,539,1507,1534,1776,2016,2080,3517,2434,3258,2048,2183,2940,2997,2677,5084,109,149,482,575,510,853,532,1235,629,941,824,805,1810,1864,1889,3680,25360,14155,3333,1476,8227,926,472,15,12
2021-05-17T23:59:59+02:00,2,0,371,528,1457,1501,1731,1972,2018,3425,2395,3191,2031,2165,2929,2989,2675,5081,104,142,464,561,503,819,523,1173,619,888,807,773,1805,1853,1888,3675,25091,14078,3226,1445,8170,830,382,15,12
2021-05-16T23:59:59+02:00,2,0,367,527,1432,1474,1700,1951,1980,3375,2344,3140,2017,2158,2926,2985,2675,5080,102,140,456,542,493,803,512,1127,600,848,780,745,1800,1849,1888,3674,24933,14030,3160,1413,8137,743,309,15,12
2021-05-15T23:59:59+02:00,2,0,362,524,1406,1458,1684,1931,1964,3353,2324,3111,2011,2158,2925,2983,2674,5080,102,137,454,542,493,802,507,1123,594,839,777,743,1796,1846,1888,3674,24756,14000,3160,1413,8133,735,305,14,12
2021-05-14T23:59:59+02:00,2,0,352,513,1381,1428,1644,1894,1890,3286,2282,3073,2005,2151,2922,2983,2672,5080,100,134,452,527,475,777,489,1092,582,824,764,729,1790,1838,1888,3673,24431,13947,3122,1398,8113,634,289,14,12
2021-05-13T23:59:59+02:00,2,0,334,499,1328,1385,1547,1854,1777,3203,2217,2991,1982,2134,2913,2979,2670,5074,96,131,441,520,465,763,484,1078,572,811,740,704,1777,1815,1887,3667,24028,13868,2919,1354,8066,597,263,14,12
2021-05-12T23:59:59+02:00,1,0,328,496,1311,1377,1532,1847,1757,3179,2204,2978,1979,2127,2907,2976,2670,5073,96,129,439,520,464,757,480,1074,570,805,733,692,1773,1808,1885,3667,23909,13820,2898,1346,8061,596,260,13,12
2021-05-11T23:59:59+02:00,1,0,312,477,1248,1345,1438,1814,1656,3084,2110,2911,1963,2101,2899,2965,2666,5072,90,119,425,494,444,732,462,1043,541,785,713,663,1762,1798,1883,3663,23529,13719,2746,1312,7960,508,207,13,12
2021-05-10T23:59:59+02:00,1,0,299,463,1212,1319,1391,1786,1594,3029,2060,2846,1952,2086,2890,2956,2665,5068,90,116,419,487,435,712,455,1021,537,762,705,648,1756,1792,1881,3659,23278,13663,2674,1306,7859,455,180,13,12
2021-05-09T23:59:59+02:00,1,0,295,453,1172,1302,1370,1772,1548,2994,2005,2807,1943,2073,2887,2950,2665,5063,87,114,412,479,428,705,446,1013,528,751,697,638,1750,1788,1880,3656,23072,13628,2624,1301,7815,410,159,13,12
2021-05-08T23:59:59+02:00,1,0,289,451,1165,1285,1349,1757,1529,2974,1974,2794,1937,2066,2885,2949,2663,5062,86,114,411,479,426,704,445,1008,528,745,695,637,1744,1778,1880,3656,22908,13612,2621,1293,7811,398,159,13,12
2021-05-07T23:59:59+02:00,1,0,279,444,1142,1260,1306,1738,1473,2917,1927,2746,1928,2056,2884,2944,2661,5057,83,111,400,466,416,678,432,974,508,719,690,615,1727,1764,1880,3652,22658,13551,2593,1270,7751,295,125,13,11
2021-05-06T23:59:59+02:00,1,0,264,433,1061,1224,1199,1681,1341,2807,1804,2659,1893,2028,2880,2931,2660,5053,81,105,387,452,405,663,420,953,490,700,678,601,1714,1751,1876,3645,22194,13486,2426,1252,7555,212,97,12,10
2021-05-05T23:59:59+02:00,1,0,251,421,1026,1200,1162,1646,1274,2742,1729,2585,1871,1997,2866,2916,2660,5041,81,101,380,444,401,651,413,942,485,683,660,589,1692,1732,1876,3642,21776,13414,2368,1230,7502,165,90,12,9
2021-05-04T23:59:59+02:00,1,0,244,411,992,1178,1125,1625,1232,2697,1680,2525,1852,1965,2856,2902,2650,5028,77,98,373,434,398,647,405,923,477,664,644,570,1676,1707,1872,3642,21456,13323,2307,1200,7460,127,84,12,8
2021-05-03T23:59:59+02:00,1,0,242,403,964,1158,1090,1610,1202,2665,1641,2490,1836,1937,2843,2893,2648,5022,73,92,361,429,390,639,401,915,471,657,630,560,1656,1683,1870,3638,21225,13234,2284,1192,7416,106,59,12,7
2021-05-02T23:59:59+02:00,1,0,236,401,951,1148,1064,1595,1182,2653,1626,2469,1829,1923,2838,2890,2646,5019,71,92,356,427,387,634,398,909,468,652,622,551,1637,1672,1870,3637,21109,13200,2269,1172,7383,93,44,12,7
2021-05-01T23:59:59+02:00,1,0,233,398,944,1140,1054,1587,1170,2640,1613,2451,1822,1917,2836,2886,2646,5019,71,92,356,426,386,634,397,905,468,651,620,551,1637,1672,1870,3637,20994,13193,2269,1172,7383,90,44,12,7
2021-04-30T23:59:59+02:00,1,0,231,392,934,1121,1033,1570,1139,2578,1562,2396,1810,1900,2830,2881,2645,5015,70,90,355,421,383,628,396,881,463,640,613,545,1634,1666,1870,3635,20711,13178,2264,1160,7379,66,13,12,6
2021-04-29T23:59:59+02:00,1,0,219,380,892,1101,999,1535,1093,2525,1475,2329,1766,1856,2821,2870,2641,5003,70,89,350,420,379,623,390,870,453,629,603,533,1619,1654,1864,3629,20268,13112,2228,1133,7323,45,12,12,6
2021-04-28T23:59:59+02:00,1,0,208,377,880,1087,970,1524,1060,2490,1410,2274,1731,1798,2810,2865,2639,5000,67,88,343,417,376,614,387,861,447,617,587,516,1605,1638,1864,3627,19977,13040,2189,1097,7270,32,11,12,6
2021-04-27T23:59:59+02:00,1,0,207,371,867,1074,957,1512,1036,2466,1391,2247,1703,1755,2804,2858,2637,4996,65,85,341,414,375,609,385,857,441,612,580,505,1593,1615,1860,3624,19788,12980,2164,1069,7238,27,11,11,6
2021-04-26T23:59:59+02:00,1,0,205,365,858,1067,948,1502,1011,2449,1341,2203,1685,1735,2794,2847,2634,4990,65,84,339,411,375,608,381,854,437,606,571,495,1578,1600,1858,3620,19611,12936,2150,1035,7178,25,11,11,6
2021-04-25T23:59:59+02:00,1,0,205,364,850,1058,937,1495,995,2434,1309,2172,1662,1713,2787,2840,2634,4989,64,83,339,406,372,607,379,850,435,605,569,489,1573,1591,1858,3618,19487,12919,2126,1017,7133,17,11,11,5
2021-04-24T23:59:59+02:00,1,0,201,360,840,1052,925,1482,984,2418,1281,2152,1653,1689,2784,2836,2634,4989,64,83,339,406,371,607,379,849,434,602,568,486,1572,1589,1858,3618,19335,12914,2126,1008,7119,17,11,11,5
2021-04-23T23:59:59+02:00,1,0,198,354,830,1042,918,1475,966,2405,1226,2111,1631,1663,2778,2830,2634,4986,63,82,339,406,371,606,378,846,431,598,561,478,1564,1581,1858,3613,19197,12890,2115,982,7029,17,11,11,5
2021-04-22T23:59:59+02:00,1,0,198,346,808,1024,897,1456,937,2363,1177,2054,1589,1619,2767,2810,2632,4977,63,81,338,402,366,600,375,836,426,593,551,471,1546,1569,1853,3608,18923,12825,2061,957,6960,10,11,11,5
2021-04-21T23:59:59+02:00,1,0,193,341,790,1011,875,1439,902,2327,1128,2011,1545,1563,2747,2789,2625,4969,61,79,335,400,365,597,372,831,423,586,546,465,1534,1547,1842,3603,18604,12755,2031,935,6907,10,11,11,5
2021-04-20T23:59:59+02:00,1,0,189,336,775,988,860,1420,883,2276,1095,1961,1494,1500,2720,2765,2619,4954,60,79,333,399,362,594,368,825,423,579,540,457,1512,1516,1839,3599,18314,12677,1961,913,6845,9,11,11,5
2021-04-19T23:59:59+02:00,1,0,187,328,764,976,848,1403,870,2250,1072,1930,1464,1457,2708,2752,2617,4949,60,78,332,397,358,589,365,816,418,569,536,451,1485,1491,1833,3587,18132,12588,1945,886,6783,6,10,11,5
2021-04-18T23:59:59+02:00,1,0,186,325,756,968,837,1394,852,2236,1051,1912,1434,1422,2699,2747,2611,4943,59,76,331,396,358,589,364,811,416,567,534,446,1476,1485,1830,3585,18017,12562,1916,870,6719,6,10,11,5
2021-04-17T23:59:59+02:00,1,0,184,321,753,966,832,1392,845,2232,1046,1905,1418,1398,2694,2740,2611,4943,59,73,329,393,357,589,362,807,416,564,531,440,1468,1478,1830,3584,17945,12521,1915,868,6698,6,10,11,5
2021-04-16T23:59:59+02:00,1,0,183,320,747,960,820,1376,834,2212,1012,1865,1369,1336,2683,2725,2607,4936,54,71,326,387,356,587,358,795,409,550,508,412,1457,1457,1819,3571,17736,12420,1900,805,6627,5,10,10,5
2021-04-15T23:59:59+02:00,1,0,182,316,726,945,803,1365,810,2168,971,1828,1324,1287,2655,2699,2592,4920,52,71,322,381,351,586,350,790,399,547,494,404,1426,1425,1807,3556,17475,12312,1887,758,6504,4,10,9,5
2021-04-14T23:59:59+02:00,1,0,181,310,718,938,796,1352,799,2136,956,1801,1271,1247,2609,2634,2579,4904,50,67,318,378,349,582,347,782,390,536,479,390,1394,1395,1800,3538,17207,12187,1868,717,6428,4,10,8,5
2021-04-13T23:59:59+02:00,1,0,177,305,710,934,786,1342,789,2111,925,1775,1218,1180,2557,2577,2571,4889,48,67,315,375,341,578,340,774,382,528,466,382,1369,1374,1792,3527,16975,12094,1818,673,6324,3,10,7,5
2021-04-12T23:59:59+02:00,1,0,177,304,706,930,778,1330,768,2090,911,1755,1175,1146,2538,2547,2567,4875,47,63,305,369,336,572,335,766,377,522,451,372,1353,1361,1789,3519,16850,12011,1798,633,6218,3,10,6,5
2021-04-11T23:59:59+02:00,0,0,176,303,701,922,771,1325,759,2076,896,1739,1154,1122,2518,2525,2562,4868,46,61,300,367,334,570,334,762,372,515,446,363,1338,1357,1785,3513,16792,11961,1774,607,6117,3,10,6,5
2021-04-10T23:59:59+02:00,0,0,176,302,701,920,769,1324,753,2067,889,1734,1144,1108,2506,2510,2562,4868,41,56,277,355,319,555,320,751,357,505,434,356,1327,1338,1780,3507,16740,11788,1766,591,6092,3,10,6,5
2021-04-09T23:59:59+02:00,0,0,176,298,696,917,760,1302,745,1985,873,1652,1100,1042,2469,2485,2559,4860,34,54,263,341,301,544,302,737,344,489,417,348,1287,1309,1768,3493,16599,11568,1733,561,5850,3,8,5,5
2021-04-08T23:59:59+02:00,0,0,175,295,692,912,754,1296,732,1968,851,1632,1041,969,2414,2450,2547,4850,34,52,256,327,287,536,286,722,319,471,391,325,1238,1274,1744,3460,16445,11289,1676,528,5721,3,7,5,5
2021-04-07T23:59:59+02:00,0,0,169,292,684,906,748,1283,716,1942,838,1603,991,916,2364,2395,2539,4834,32,49,239,311,277,530,278,709,305,458,363,307,1192,1237,1725,3422,16264,11027,1636,497,5581,3,7,5,5
2021-04-06T23:59:59+02:00,0,0,165,291,678,902,736,1269,697,1919,813,1579,959,872,2324,2346,2531,4824,30,48,238,308,275,527,268,706,295,453,352,293,1165,1207,1705,3401,16152,10897,1604,464,5407,3,7,5,5
2021-04-05T23:59:59+02:00,0,0,165,291,677,896,732,1260,688,1903,804,1564,934,848,2298,2305,2526,4816,30,48,237,304,274,523,265,699,290,451,350,286,1134,1183,1697,3382,16094,10807,1589,435,5278,3,7,5,5
2021-04-04T23:59:59+02:00,0,0,164,288,676,890,727,1249,679,1887,797,1544,926,834,2293,2299,2526,4815,30,48,237,304,273,523,265,699,290,451,348,286,1117,1170,1693,3378,16072,10766,1587,435,5190,3,7,4,5
2021-04-03T23:59:59+02:00,0,0,164,288,676,890,725,1247,678,1883,790,1541,916,825,2287,2290,2523,4814,30,48,237,304,273,523,265,698,290,449,348,286,1117,1165,1693,3375,16032,10755,1587,435,5172,3,7,4,5
2021-04-02T23:59:59+02:00,0,0,164,287,676,889,724,1244,675,1875,782,1530,904,816,2267,2269,2521,4811,30,48,234,304,271,521,262,691,282,444,344,285,1096,1137,1682,3348,15965,10639,1575,428,5147,3,7,4,5
2021-04-01T23:59:59+02:00,0,0,161,284,671,878,712,1231,669,1855,765,1509,877,784,2231,2224,2515,4792,29,47,226,301,269,517,259,684,276,439,333,277,1060,1098,1649,3305,15845,10442,1514,414,5049,3,7,4,5
2021-03-31T23:59:59+02:00,0,0,158,281,664,872,702,1217,661,1809,753,1470,863,767,2193,2166,2494,4773,29,47,225,300,264,515,255,682,267,430,319,272,997,1045,1625,3273,15732,10237,1459,396,4903,3,6,4,5
2021-03-30T23:59:59+02:00,0,0,155,274,660,864,699,1196,653,1770,743,1428,845,749,2148,2103,2480,4751,29,46,222,297,262,512,253,676,262,422,309,266,966,1017,1603,3237,15596,10086,1418,378,4753,3,6,4,5
2021-03-29T23:59:59+02:00,0,0,152,268,655,851,694,1184,643,1738,730,1389,828,732,2081,2040,2459,4721,29,46,221,296,261,510,249,670,254,411,302,261,941,996,1590,3210,15402,9963,1375,368,4636,3,6,4,5
2021-03-28T23:59:59+02:00,0,0,144,253,644,844,689,1175,638,1718,725,1374,822,713,2041,2001,2454,4709,29,45,218,296,257,504,245,667,253,408,300,259,930,986,1584,3202,15334,9907,1326,360,4532,3,6,4,5
2021-03-27T23:59:59+01:00,0,0,144,250,640,839,685,1171,632,1706,723,1367,814,700,2032,1990,2454,4708,29,45,218,296,257,504,245,661,251,403,298,258,923,976,1567,3178,15289,9843,1317,350,4496,3,6,4,5
2021-03-26T23:59:59+01:00,0,0,142,249,632,828,680,1156,623,1688,715,1338,796,682,2008,1965,2444,4698,29,45,218,296,256,502,245,661,245,391,293,251,893,944,1534,3129,15186,9668,1282,350,4420,3,4,4,5
2021-03-25T23:59:59+01:00,0,0,139,248,623,819,664,1135,608,1654,697,1296,777,662,1966,1924,2428,4680,29,45,215,291,255,501,238,658,243,389,285,247,854,913,1474,3052,15078,9438,1228,336,4256,2,4,4,5
2021-03-24T23:59:59+01:00,0,0,136,241,610,807,660,1124,599,1617,683,1263,754,646,1926,1881,2411,4656,29,45,214,290,254,499,236,658,237,386,278,241,811,889,1424,2960,14949,9217,1194,320,4112,2,3,4,5
2021-03-23T23:59:59+01:00,0,0,134,239,604,800,646,1112,589,1595,671,1225,736,632,1889,1850,2396,4638,28,44,212,289,252,495,229,653,234,379,268,237,787,866,1347,2862,14860,8957,1165,309,3970,2,3,4,5
2021-03-22T23:59:59+01:00,0,0,131,234,586,783,629,1094,579,1563,656,1199,727,619,1859,1826,2385,4622,28,43,211,287,250,494,228,645,233,375,265,232,762,845,1256,2757,14781,8698,1134,297,3815,2,3,4,5
2021-03-21T23:59:59+01:00,0,0,129,232,582,776,625,1091,575,1539,645,1165,721,609,1835,1820,2379,4606,28,43,210,287,249,492,227,644,232,373,263,229,756,842,1247,2748,14750,8665,1113,288,3700,2,3,4,5
2021-03-20T23:59:59+01:00,0,0,127,232,577,773,622,1089,572,1536,643,1163,718,600,1815,1798,2372,4594,28,43,210,287,249,492,226,642,229,367,261,227,747,836,1230,2735,14691,8614,1105,278,3667,2,3,4,5
2021-03-19T23:59:59+01:00,0,0,118,220,572,760,616,1083,570,1519,626,1149,685,559,1759,1758,2343,4573,27,43,210,286,248,492,225,636,226,364,259,221,722,817,1195,2682,14531,8472,1033,263,3574,2,3,4,5
2021-03-18T23:59:59+01:00,0,0,115,215,555,750,596,1051,551,1469,598,1101,651,534,1710,1710,2316,4531,27,43,208,284,246,485,225,630,223,355,257,213,705,805,1163,2640,14343,8346,971,244,3361,2,3,4,5
2021-03-17T23:59:59+01:00,0,0,110,209,544,737,586,1046,542,1455,584,1082,629,513,1667,1675,2295,4492,27,42,208,283,245,482,224,629,222,352,256,211,693,793,1128,2594,14146,8230,927,238,3310,2,3,4,5
2021-03-16T23:59:59+01:00,0,0,105,203,533,726,573,1035,530,1417,568,1054,611,489,1615,1623,2274,4457,27,41,208,281,245,477,224,627,220,351,252,211,678,775,1099,2539,13973,8099,875,235,3177,2,2,4,5
2021-03-15T23:59:59+01:00,0,0,101,196,518,711,562,1010,519,1382,554,1017,594,472,1575,1589,2252,4433,26,41,207,278,245,474,222,625,218,351,244,207,660,763,1075,2503,13825,7999,821,221,3050,2,0,4,5
2021-03-14T23:59:59+01:00,0,0,97,184,509,697,551,988,511,1338,539,972,576,457,1548,1568,2236,4408,26,41,207,276,244,473,221,620,217,346,242,203,656,756,1067,2488,13721,7972,787,192,2878,2,0,4,5
2021-03-13T23:59:59+01:00,0,0,93,173,484,676,522,962,485,1317,517,951,551,449,1523,1545,2228,4400,26,41,207,276,244,473,220,619,217,345,241,203,651,747,1038,2459,13501,7895,773,191,2796,2,0,4,5
2021-03-12T23:59:59+01:00,0,0,84,167,458,647,501,935,464,1282,492,917,521,431,1470,1498,2206,4361,26,41,207,275,244,472,220,619,217,344,238,201,639,735,1013,2432,13202,7809,744,191,2675,2,0,4,4
2021-03-11T23:59:59+01:00,0,0,79,156,427,610,466,903,426,1207,458,856,491,398,1395,1433,2158,4302,26,41,206,272,239,468,219,615,213,341,234,199,624,717,989,2391,12829,7731,691,140,2418,2,0,4,4
2021-03-10T23:59:59+01:00,0,0,77,150,405,586,448,885,410,1171,431,814,462,375,1318,1369,2119,4245,26,41,204,267,235,462,217,609,213,339,231,196,605,709,966,2352,12496,7623,658,125,2281,2,0,4,4
2021-03-09T23:59:59+01:00,0,0,76,147,396,566,426,856,397,1122,413,783,442,358,1270,1337,2078,4201,26,41,203,264,233,454,214,605,210,335,229,195,594,702,948,2322,12281,7544,632,106,2112,2,0,4,4
2021-03-08T23:59:59+01:00,0,0,73,142,383,548,408,838,385,1070,402,741,426,344,1216,1302,2054,4163,26,41,203,263,230,449,210,600,206,331,227,195,582,697,938,2311,12097,7494,595,90,1957,1,0,4,4
2021-03-07T23:59:59+01:00,0,0,70,138,380,538,400,822,373,1055,396,735,423,339,1204,1284,2045,4154,26,41,203,262,230,447,208,599,206,330,226,194,578,694,930,2304,12032,7465,569,88,1906,0,0,4,4
2021-03-06T23:59:59+01:00,0,0,70,132,377,534,393,801,367,1002,389,702,421,338,1197,1273,2030,4139,26,41,203,262,229,446,208,598,206,330,226,194,575,694,928,2291,11977,7457,569,75,1768,0,0,4,4
2021-03-05T23:59:59+01:00,0,0,70,127,373,528,389,796,365,986,378,676,410,325,1158,1231,1986,4080,26,41,202,261,228,445,207,596,205,328,224,193,570,693,920,2270,11764,7434,547,49,1709,0,0,4,4
2021-03-04T23:59:59+01:00,0,0,70,116,364,496,375,763,345,945,364,646,393,323,1106,1181,1904,3987,26,41,200,256,226,438,205,585,202,327,223,192,568,690,917,2267,11467,7387,514,48,1537,0,0,4,4
2021-03-03T23:59:59+01:00,0,0,66,109,355,481,368,747,340,923,350,626,383,315,1062,1148,1835,3866,26,41,200,255,225,436,203,575,202,320,222,189,563,687,910,2262,11197,7345,487,43,1426,0,0,4,4
2021-03-02T23:59:59+01:00,0,0,63,103,345,469,355,729,329,903,343,598,370,308,1027,1118,1738,3745,25,41,200,255,225,429,198,569,200,317,220,189,561,679,903,2249,10874,7287,463,43,1335,0,0,4,4
2021-03-01T23:59:59+01:00,0,0,62,101,339,456,348,711,318,878,336,564,365,304,1001,1087,1621,3592,25,40,199,255,223,420,196,561,200,313,219,189,559,673,894,2241,10538,7233,442,43,1229,0,0,4,4
2021-02-28T23:59:59+01:00,0,0,62,99,332,447,345,703,316,854,332,544,360,292,993,1083,1611,3580,25,40,198,254,222,420,196,561,200,313,218,189,559,670,891,2238,10494,7220,431,43,1152,0,0,4,4
2021-02-27T23:59:59+01:00,0,0,59,90,328,438,341,701,310,842,328,534,356,288,984,1072,1590,3559,25,40,198,253,222,419,195,560,199,312,218,189,559,670,891,2238,10426,7219,419,38,1097,0,0,4,4
2021-02-26T23:59:59+01:00,0,0,57,87,321,414,316,669,291,812,316,513,352,284,960,1052,1549,3497,25,39,198,252,222,417,193,557,196,310,218,189,559,670,890,2235,10269,7201,416,38,922,0,0,4,3
2021-02-25T23:59:59+01:00,0,0,50,76,309,396,306,639,284,784,304,487,343,274,943,1033,1512,3452,25,39,197,250,218,414,190,549,191,309,213,186,548,662,879,2229,10122,7140,402,28,782,0,0,4,3
2021-02-24T23:59:59+01:00,0,0,46,72,300,384,299,626,279,770,300,477,336,273,923,1021,1465,3393,24,39,195,248,215,401,188,541,188,304,211,183,542,656,877,2216,9975,7075,388,20,713,0,0,4,3
2021-02-23T23:59:59+01:00,0,0,43,63,287,370,290,607,274,751,290,467,329,271,895,1003,1425,3320,23,39,194,246,213,396,187,535,184,302,210,182,540,646,871,2197,9803,7015,369,16,623,0,0,4,3
2021-02-22T23:59:59+01:00,0,0,40,60,280,358,286,597,271,740,286,463,322,264,874,988,1396,3284,23,37,190,243,210,383,179,525,179,299,207,180,528,638,864,2180,9685,6925,353,5,580,0,0,4,3
2021-02-21T23:59:59+01:00,0,0,39,59,276,351,284,588,267,732,280,459,319,262,869,983,1389,3275,23,36,189,241,210,381,179,516,179,297,207,180,524,637,856,2167,9659,6881,345,5,533,0,0,4,3
2021-02-20T23:59:59+01:00,0,0,38,59,273,350,284,585,266,726,277,451,318,262,856,972,1357,3244,23,36,189,241,210,381,179,516,178,296,207,180,523,637,854,2166,9575,6875,334,5,511,0,0,4,3
2021-02-19T23:59:59+01:00,0,0,37,59,269,345,278,562,257,701,272,438,314,257,834,955,1323,3214,23,35,189,241,209,380,179,515,177,296,206,179,518,636,849,2149,9471,6840,319,5,424,0,0,3,3
2021-02-18T23:59:59+01:00,0,0,37,56,251,325,269,541,248,680,255,411,311,248,823,938,1298,3182,23,34,185,234,207,374,175,499,175,285,203,174,503,622,812,2082,9386,6646,293,5,291,0,0,3,3
2021-02-17T23:59:59+01:00,0,0,37,54,244,319,266,527,243,667,252,389,307,243,803,927,1269,3135,21,32,182,229,199,360,171,482,170,273,195,169,492,607,793,2043,9254,6476,283,4,239,0,0,3,3
2021-02-16T23:59:59+01:00,0,0,36,49,233,308,263,516,237,652,246,382,302,241,792,916,1244,3104,19,32,173,221,191,341,165,470,166,259,192,162,459,576,758,1975,9162,6216,275,4,176,0,0,3,3
2021-02-15T23:59:59+01:00,0,0,35,48,227,305,256,503,233,646,243,374,299,239,774,908,1232,3085,18,30,168,215,186,334,160,460,160,252,182,157,429,547,722,1905,9099,5982,261,4,139,0,0,3,3
2021-02-14T23:59:59+01:00,0,0,33,48,225,302,254,497,231,641,243,370,299,235,767,902,1223,3066,17,30,166,212,183,329,159,448,158,249,181,154,421,538,704,1862,9077,5867,228,4,122,0,0,3,3
2021-02-13T23:59:59+01:00,0,0,32,48,225,302,253,497,231,640,243,370,299,235,765,901,1222,3066,17,30,164,211,180,329,158,446,157,246,179,151,416,535,696,1847,9071,5820,228,1,121,0,0,3,3
2021-02-12T23:59:59+01:00,0,0,31,46,222,297,250,488,227,629,240,364,298,234,759,900,1219,3056,17,30,162,208,179,328,156,444,155,245,177,147,413,519,665,1781,9043,5684,228,1,78,0,0,3,3
2021-02-11T23:59:59+01:00,0,0,30,45,214,278,243,472,220,605,227,350,294,233,751,883,1194,3023,17,29,145,189,171,297,146,398,149,224,160,131,367,471,602,1613,8971,5163,161,1,17,0,0,3,3
2021-02-10T23:59:59+01:00,0,0,30,45,210,271,241,465,217,596,224,343,291,233,739,880,1186,3013,16,27,133,167,158,259,127,349,138,200,144,122,340,440,541,1488,8917,4697,146,1,7,0,0,3,1
2021-02-09T23:59:59+01:00,0,0,29,43,209,268,239,452,213,589,220,340,287,229,735,873,1177,3000,16,26,118,141,145,236,109,307,124,173,126,114,308,384,486,1330,8863,4186,122,1,3,0,0,3,1
2021-02-08T23:59:59+01:00,0,0,29,43,208,266,233,438,210,578,217,335,282,229,728,868,1171,2993,14,24,102,120,124,193,91,264,116,161,103,105,269,332,424,1196,8800,3678,107,1,3,0,0,3,1
2021-02-07T23:59:59+01:00,0,0,29,42,206,264,231,437,210,575,217,334,282,229,727,865,1166,2990,13,18,98,114,117,182,86,247,111,152,96,100,262,319,408,1146,8780,3506,104,1,0,0,0,3,1
2021-02-06T23:59:59+01:00,0,0,29,42,206,264,231,436,210,575,217,333,281,229,726,865,1165,2978,10,14,97,112,116,178,84,240,111,150,95,99,262,315,397,1131,8777,3445,90,1,0,0,0,3,1
2021-02-05T23:59:59+01:00,0,0,28,41,206,264,231,435,208,572,215,332,280,229,724,865,1153,2951,9,10,89,104,112,175,83,236,105,138,92,97,253,310,373,1102,8757,3320,55,0,0,0,0,3,1
2021-02-04T23:59:59+01:00,0,0,28,41,204,263,227,430,203,566,213,328,277,226,718,859,1144,2940,8,7,61,72,88,131,71,199,85,119,88,83,221,274,329,975,8690,2834,55,0,0,0,0,3,1
2021-02-03T23:59:59+01:00,0,0,28,40,204,261,226,418,200,560,212,325,275,224,708,856,1137,2925,5,4,45,54,69,108,54,155,72,90,63,58,166,200,248,712,8627,2121,50,0,0,0,0,3,1
2021-02-02T23:59:59+01:00,0,0,27,40,203,259,223,412,199,555,209,324,272,223,700,847,1130,2900,3,3,29,38,54,77,41,99,54,66,54,47,119,134,165,470,8550,1466,49,0,0,0,0,3,1
2021-02-01T23:59:59+01:00,0,0,26,38,201,259,220,407,196,549,205,317,271,220,693,844,1125,2888,3,1,22,21,27,45,27,62,30,35,38,29,72,86,95,283,8486,883,49,0,0,0,0,3,1
2021-01-31T23:59:59+01:00,0,0,26,38,201,257,218,403,194,541,204,315,270,220,689,840,1119,2873,3,1,20,16,18,37,20,49,22,31,35,23,57,74,92,254,8435,757,48,0,0,0,0,3,1
2021-01-30T23:59:59+01:00,0,0,26,38,201,257,218,403,193,541,204,315,270,220,688,840,1118,2871,3,1,19,15,16,37,18,45,20,30,34,22,57,71,90,248,8431,730,47,0,0,0,0,3,1
2021-01-29T23:59:59+01:00,0,0,26,38,201,254,217,402,192,540,202,313,270,220,683,837,1112,2863,3,0,16,10,11,31,17,40,16,27,34,21,54,70,88,242,8403,682,43,0,0,0,0,2,1
2021-01-28T23:59:59+01:00,0,0,26,37,194,251,217,396,191,531,199,308,269,220,671,829,1089,2843,3,0,3,3,6,18,9,22,8,13,26,15,37,47,58,171,8313,439,34,0,0,0,0,2,1
2021-01-27T23:59:59+01:00,0,0,25,35,189,246,212,387,189,517,196,298,261,214,657,812,1065,2805,1,0,2,3,5,14,8,20,7,12,25,14,31,41,49,130,8151,361,29,0,0,0,0,2,1
2021-01-26T23:59:59+01:00,0,0,22,35,186,235,206,374,184,499,193,290,255,209,635,795,1037,2754,1,0,1,3,5,14,8,20,7,12,24,11,30,37,48,113,7956,333,24,0,0,0,0,2,1
2021-01-25T23:59:59+01:00,0,0,22,34,178,233,203,364,179,489,188,279,245,205,612,775,1011,2709,1,0,1,3,4,12,7,17,7,11,21,10,26,36,40,102,7789,297,6,0,0,0,0,2,1
2021-01-24T23:59:59+01:00,0,0,21,33,176,230,201,363,178,487,187,277,245,203,608,770,1008,2704,1,0,1,3,3,12,7,17,7,11,21,10,26,36,39,100,7754,293,5,0,0,0,0,2,1
2021-01-23T23:59:59+01:00,0,0,21,33,176,230,199,363,178,486,187,277,245,203,607,770,1000,2691,1,0,1,3,3,11,7,17,6,11,21,10,26,36,39,100,7729,291,5,0,0,0,0,2,1
2021-01-22T23:59:59+01:00,0,0,20,32,174,226,198,363,178,485,186,277,245,201,605,768,972,2649,1,0,1,3,3,11,7,17,6,11,21,10,26,36,39,100,7642,291,5,0,0,0,0,2,1
2021-01-21T23:59:59+01:00,0,0,19,32,165,218,191,346,173,463,184,261,233,196,580,743,935,2596,1,0,1,3,1,6,7,12,4,7,20,8,22,26,34,83,7395,234,5,0,0,0,0,2,1
2021-01-20T23:59:59+01:00,0,0,18,30,151,194,176,304,144,407,170,237,215,184,538,697,867,2396,1,0,1,3,1,6,7,11,4,6,19,7,21,23,30,77,6782,216,4,0,0,0,0,2,1
2021-01-19T23:59:59+01:00,0,0,18,28,128,164,160,270,131,366,155,214,180,164,475,606,769,2122,1,0,1,3,1,6,5,7,2,4,11,3,10,15,21,55,5998,144,3,0,0,0,0,2,1
2021-01-18T23:59:59+01:00,0,0,15,27,113,147,138,226,114,317,138,187,142,149,385,501,633,1779,1,0,1,1,0,3,4,5,1,4,2,1,4,6,10,28,5056,70,3,0,0,0,0,2,1
2021-01-17T23:59:59+01:00,0,0,14,17,109,133,130,213,106,293,131,176,133,135,370,471,583,1678,1,0,0,0,0,1,2,4,1,2,1,1,3,1,2,5,4730,23,3,0,0,0,0,2,1
2021-01-16T23:59:59+01:00,0,0,12,13,105,130,128,208,103,283,129,170,130,131,365,463,566,1650,0,0,0,0,0,0,0,0,1,0,0,0,0,0,0,0,4624,0,0,0,0,0,0,2,1
2021-01-15T23:59:59+01:00,0,0,10,11,100,121,124,203,101,274,127,158,126,128,358,448,536,1606,0,0,0,0,0,0,0,0,1,0,0,0,0,0,0,0,4466,0,0,0,0,0,0,2,1
2021-01-14T23:59:59+01:00,0,0,8,7,75,88,104,166,83,228,110,141,114,107,306,398,471,1390,0,0,0,0,0,0,0,0,1,0,0,0,0,0,0,0,3823,0,0,0,0,0,0,2,1
2021-01-13T23:59:59+01:00,0,0,6,6,63,78,93,139,73,189,100,116,86,78,236,283,373,1060,0,0,0,0,0,0,0,0,1,0,0,0,0,0,0,0,3002,0,0,0,0,0,0,2,1
2021-01-12T23:59:59+01:00,0,0,5,5,53,60,76,110,65,132,78,91,70,62,166,202,270,740,0,0,0,0,0,0,0,0,1,0,0,0,0,0,0,0,2207,0,0,0,0,0,0,0,1
2021-01-11T23:59:59+01:00,0,0,4,3,45,48,63,80,51,106,56,64,50,41,96,123,141,416,0,0,0,0,0,0,0,0,1,0,0,0,0,0,0,0,1405,0,0,0,0,0,0,0,1
2021-01-10T23:59:59+01:00,0,0,3,3,41,36,46,67,36,84,46,55,45,31,79,109,132,363,0,0,0,0,0,0,0,0,1,0,0,0,0,0,0,0,1187,0,0,0,0,0,0,0,1
2021-01-09T23:59:59+01:00,0,0,3,2,38,35,41,64,33,74,40,50,44,31,79,107,129,361,0,0,0,0,0,0,0,0,1,0,0,0,0,0,0,0,1140,0,0,0,0,0,0,0,1
2021-01-08T23:59:59+01:00,0,0,3,2,31,27,34,57,28,62,35,44,42,29,74,104,126,350,0,0,0,0,0,0,0,0,1,0,0,0,0,0,0,0,1055,0,0,0,0,0,0,0,1
2021-01-07T23:59:59+01:00,0,0,3,2,9,3,9,20,11,28,11,22,35,20,52,69,87,248,0,0,0,0,0,0,0,0,1,0,0,0,0,0,0,0,630,0,0,0,0,0,0,0,1
2021-01-06T23:59:59+01:00,0,0,3,0,2,3,5,15,8,22,7,13,31,18,44,58,73,197,0,0,0,0,0,0,0,0,1,0,0,0,0,0,0,0,500,0,0,0,0,0,0,0,1
2021-01-05T23:59:59+01:00,0,0,2,0,1,3,5,14,8,20,7,12,30,17,43,57,70,189,0,0,0,0,0,0,0,0,1,0,0,0,0,0,0,0,479,0,0,0,0,0,0,0,1
2021-01-04T23:59:59+01:00,0,0,1,0,1,3,5,13,7,18,6,11,26,14,34,48,54,143,0,0,0,0,0,0,0,0,1,0,0,0,0,0,0,0,384,0,0,0,0,0,0,0,1
2021-01-03T23:59:59+01:00,0,0,1,0,1,3,4,13,7,18,6,11,26,14,34,48,54,142,0,0,0,0,0,0,0,0,1,0,0,0,0,0,0,0,382,0,0,0,0,0,0,0,1
2021-01-02T23:59:59+01:00,0,0,1,0,1,3,4,13,7,18,5,11,26,14,34,48,54,142,0,0,0,0,0,0,0,0,1,0,0,0,0,0,0,0,381,0,0,0,0,0,0,0,1
2021-01-01T23:59:59+01:00,0,0,1,0,1,3,4,13,7,18,5,11,26,14,34,48,54,142,0,0,0,0,0,0,0,0,1,0,0,0,0,0,0,0,381,0,0,0,0,0,0,0,1
2020-12-31T23:59:59+01:00,0,0,1,0,1,3,4,12,7,18,5,11,26,14,34,48,54,142,0,0,0,0,0,0,0,0,1,0,0,0,0,0,0,0,380,0,0,0,0,0,0,0,1
2020-12-30T23:59:59+01:00,0,0,1,0,1,3,4,12,7,17,5,11,26,14,34,48,54,142,0,0,0,0,0,0,0,0,1,0,0,0,0,0,0,0,379,0,0,0,0,0,0,0,1
2020-12-29T23:59:59+01:00,0,0,1,0,1,3,3,8,5,12,3,8,19,10,25,40,39,115,0,0,0,0,0,0,0,0,1,0,0,0,0,0,0,0,292,0,0,0,0,0,0,0,1
2020-12-28T23:59:59+01:00,0,0,1,0,1,1,1,2,3,6,2,5,11,3,8,15,24,58,0,0,0,0,0,0,0,0,1,0,0,0,0,0,0,0,141,0,0,0,0,0,0,0,1
2020-12-27T23:59:59+01:00,0,0,1,0,0,0,0,1,2,6,0,2,2,1,5,4,5,20,0,0,0,0,0,0,0,0,0,0,0,0,0,0,0,0,49,0,0,0,0,0,0,0,0
