Datum,<15_m,<15_w,15-24_1_m,15-24_1_w,25-34_1_m,25-34_1_w,35-44_1_m,35-44_1_w,45-54_1_m,45-54_1_w,55-64_1_m,55-64_1_w,65-74_1_m,65-74_1_w,75-84_1_m,75-84_1_w,>84_1_m,>84_1_w,<24_2_m,<24_2_w,25-34_2_m,25-34_2_w,35-44_2_m,35-44_2_w,45-54_2_m,45-54_2_w,55-64_2_m,55-64_2_w,65-74_2_m,65-74_2_w,75-84_2_m,75-84_2_w,>84_2_m,>84_2_w,bp_1,bp_2,mo_1,mo_2,az_1,az_2,ja,unb_1,unb_2
2021-09-07T23:59:59+02:00,183,189,3631,3213,9193,6525,8760,5962,7692,8059,5635,5979,2827,2938,3288,3332,2753,5195,2966,2660,8000,5695,7903,5357,7005,7319,5041,5458,2254,2527,2462,2634,1989,3864,57627,48369,8471,7370,9748,7735,10568,46,41
2021-09-06T23:59:59+02:00,183,188,3599,3200,9153,6498,8730,5946,7671,8034,5628,5966,2825,2931,3286,3332,2753,5195,2945,2646,7966,5678,7877,5347,6987,7294,5035,5445,2251,2525,2462,2634,1989,3864,57468,48258,8470,7366,9747,7735,10493,46,41
2021-09-05T23:59:59+02:00,182,187,3582,3195,9135,6489,8715,5938,7668,8024,5621,5960,2824,2930,3286,3332,2753,5194,2935,2640,7943,5662,7864,5331,6980,7287,5025,5440,2249,2523,2462,2633,1989,3864,57409,48190,8469,7358,9746,7734,10451,46,41
2021-09-04T23:59:59+02:00,182,186,3579,3192,9131,6481,8710,5938,7664,8022,5621,5959,2824,2930,3286,3332,2753,5194,2934,2636,7938,5655,7859,5330,6975,7284,5024,5439,2245,2522,2462,2633,1989,3864,57391,48169,8469,7355,9746,7733,10438,46,41
2021-09-03T23:59:59+02:00,180,185,3550,3164,9081,6466,8676,5912,7642,8006,5607,5942,2822,2928,3286,3331,2753,5192,2912,2616,7895,5633,7831,5308,6954,7261,5010,5418,2241,2520,2462,2631,1989,3862,57264,48059,8454,7336,9746,7732,10318,46,41
2021-09-02T23:59:59+02:00,179,183,3518,3145,9025,6439,8631,5893,7618,7980,5595,5923,2819,2925,3284,3330,2753,5191,2893,2595,7832,5609,7792,5289,6927,7235,4998,5397,2238,2517,2460,2630,1989,3859,57111,47918,8446,7323,9744,7729,10189,46,41
2021-09-01T23:59:59+02:00,176,182,3493,3129,8973,6419,8600,5877,7595,7965,5584,5916,2818,2922,3283,3327,2753,5191,2874,2586,7781,5577,7754,5266,6893,7216,4988,5386,2235,2514,2460,2627,1989,3859,56968,47750,8427,7298,9744,7726,10123,46,41
2021-08-31T23:59:59+02:00,172,182,3463,3113,8917,6395,8572,5867,7576,7941,5578,5907,2814,2920,3282,3325,2753,5189,2854,2568,7735,5552,7726,5249,6868,7188,4978,5368,2231,2512,2459,2627,1989,3859,56832,47622,8420,7289,9744,7714,10028,46,41
2021-08-30T23:59:59+02:00,171,182,3413,3092,8869,6361,8525,5838,7538,7910,5566,5892,2810,2917,3281,3324,2753,5189,2819,2552,7681,5531,7683,5228,6837,7167,4969,5351,2226,2508,2457,2627,1989,3858,56629,47478,8417,7281,9743,7713,9899,46,41
2021-08-29T23:59:59+02:00,168,181,3398,3077,8840,6343,8502,5826,7530,7900,5558,5883,2809,2914,3281,3324,2752,5189,2799,2530,7641,5515,7658,5209,6824,7150,4959,5345,2224,2507,2456,2625,1988,3858,56547,47365,8411,7269,9743,7709,9830,46,41
2021-08-28T23:59:59+02:00,167,181,3392,3076,8835,6341,8496,5823,7523,7899,5558,5882,2809,2913,3281,3324,2752,5189,2792,2524,7632,5512,7650,5204,6818,7147,4958,5344,2224,2507,2456,2625,1988,3858,56532,47337,8411,7266,9743,7709,9811,46,41
2021-08-27T23:59:59+02:00,165,180,3376,3068,8804,6325,8466,5814,7503,7888,5550,5874,2809,2913,3281,3324,2752,5189,2776,2517,7608,5502,7631,5191,6803,7139,4951,5337,2224,2507,2455,2623,1988,3858,56443,47277,8410,7266,9743,7709,9740,46,41
2021-08-26T23:59:59+02:00,165,178,3328,3048,8737,6300,8422,5798,7480,7866,5535,5862,2806,2910,3281,3323,2752,5188,2740,2491,7553,5467,7572,5158,6766,7116,4921,5321,2220,2503,2454,2622,1988,3858,56267,47068,8403,7247,9743,7687,9620,46,41
2021-08-25T23:59:59+02:00,162,177,3299,3035,8693,6270,8386,5781,7448,7841,5523,5840,2802,2905,3281,3320,2751,5188,2692,2463,7483,5422,7519,5123,6723,7074,4904,5294,2218,2499,2454,2619,1987,3858,56134,46795,8399,7239,9742,7681,9481,46,41
2021-08-24T23:59:59+02:00,161,175,3287,3021,8666,6250,8368,5761,7429,7819,5515,5829,2800,2904,3280,3317,2751,5187,2666,2438,7441,5390,7486,5098,6692,7042,4888,5276,2217,2497,2454,2618,1987,3858,56042,46611,8393,7224,9742,7677,9397,46,41
2021-08-23T23:59:59+02:00,159,167,3237,2998,8614,6223,8329,5740,7396,7788,5501,5815,2798,2903,3279,3316,2751,5186,2635,2418,7382,5348,7443,5081,6651,7010,4872,5259,2213,2495,2453,2617,1986,3858,55864,46429,8383,7209,9739,7673,9266,46,41
2021-08-22T23:59:59+02:00,158,167,3225,2988,8597,6203,8315,5732,7378,7778,5495,5808,2795,2900,3279,3316,2751,5186,2617,2406,7349,5322,7421,5065,6627,6993,4868,5250,2208,2490,2453,2617,1985,3858,55785,46292,8377,7199,9738,7670,9222,46,41
2021-08-21T23:59:59+02:00,156,166,3210,2982,8584,6193,8304,5726,7372,7772,5491,5802,2794,2900,3279,3315,2751,5186,2606,2398,7326,5303,7401,5053,6614,6986,4859,5244,2207,2488,2452,2616,1985,3858,55719,46200,8374,7173,9738,7668,9203,46,41
2021-08-20T23:59:59+02:00,155,163,3193,2970,8549,6170,8272,5707,7351,7749,5480,5789,2793,2897,3279,3314,2751,5184,2570,2384,7272,5262,7360,5023,6573,6947,4842,5221,2203,2483,2452,2613,1985,3856,55638,46020,8361,7130,9737,7656,9080,46,41
2021-08-19T23:59:59+02:00,155,160,3167,2951,8489,6141,8233,5682,7328,7724,5466,5774,2787,2894,3278,3312,2751,5183,2520,2359,7185,5208,7294,4985,6524,6888,4812,5188,2199,2479,2451,2612,1985,3856,55487,45671,8349,7100,9735,7647,8953,46,41
2021-08-18T23:59:59+02:00,154,158,3144,2940,8455,6119,8200,5664,7294,7708,5454,5767,2782,2891,3277,3312,2750,5182,2484,2340,7109,5173,7230,4950,6478,6858,4786,5161,2195,2475,2448,2612,1985,3855,55347,45411,8343,7037,9734,7638,8875,46,41
2021-08-17T23:59:59+02:00,154,157,3125,2924,8423,6095,8169,5652,7284,7687,5442,5756,2779,2889,3276,3311,2749,5182,2452,2315,7042,5122,7180,4914,6448,6817,4764,5140,2188,2469,2447,2609,1984,3855,55226,45123,8333,6995,9733,7631,8809,46,41
2021-08-16T23:59:59+02:00,151,155,3114,2910,8392,6079,8150,5643,7270,7671,5429,5743,2779,2889,3275,3310,2749,5182,2418,2278,6961,5078,7108,4877,6394,6775,4733,5115,2186,2467,2444,2606,1984,3855,55130,44733,8328,6981,9733,7620,8746,46,41
2021-08-15T23:59:59+02:00,151,154,3107,2898,8360,6066,8131,5632,7252,7660,5423,5736,2777,2886,3275,3309,2749,5182,2388,2232,6903,5041,7064,4842,6357,6742,4720,5102,2182,2462,2443,2604,1984,3855,55035,44432,8323,6959,9732,7616,8704,46,41
2021-08-14T23:59:59+02:00,150,154,3102,2892,8349,6061,8122,5631,7252,7657,5419,5734,2775,2885,3275,3308,2749,5182,2379,2221,6874,5027,7049,4831,6347,6725,4701,5092,2179,2459,2443,2602,1984,3854,55014,44321,8322,6946,9732,7614,8675,46,41
2021-08-13T23:59:59+02:00,148,153,3080,2882,8322,6045,8109,5617,7237,7647,5407,5726,2774,2880,3275,3307,2749,5182,2339,2196,6822,4986,7005,4795,6310,6699,4684,5077,2178,2453,2441,2602,1984,3854,54923,44062,8320,6923,9732,7613,8611,46,41
2021-08-12T23:59:59+02:00,145,147,3063,2869,8286,6022,8074,5596,7216,7622,5393,5712,2772,2878,3273,3307,2749,5182,2301,2161,6728,4929,6946,4755,6263,6646,4657,5045,2174,2450,2437,2601,1984,3854,54798,43713,8315,6897,9731,7592,8507,46,41
2021-08-11T23:59:59+02:00,142,144,3044,2855,8244,5996,8044,5582,7194,7606,5383,5695,2770,2875,3273,3306,2749,5182,2268,2131,6636,4872,6858,4706,6207,6584,4633,5001,2166,2440,2436,2599,1984,3853,54658,43267,8306,6857,9728,7581,8437,46,41
2021-08-10T23:59:59+02:00,141,143,3026,2841,8198,5976,8015,5566,7164,7590,5370,5688,2767,2875,3273,3304,2749,5181,2194,2071,6508,4804,6763,4640,6115,6513,4589,4978,2160,2431,2433,2598,1984,3852,54533,42638,8297,6834,9727,7565,8355,46,41
2021-08-09T23:59:59+02:00,140,142,3008,2836,8163,5953,7985,5555,7140,7571,5359,5676,2766,2874,3273,3304,2749,5180,2136,2019,6404,4733,6660,4593,6046,6459,4561,4942,2154,2422,2432,2596,1984,3852,54442,42163,8289,6779,9727,7544,8261,46,41
2021-08-08T23:59:59+02:00,140,140,2992,2825,8139,5936,7965,5541,7128,7560,5352,5671,2763,2874,3273,3304,2749,5180,2108,1990,6333,4684,6602,4562,6008,6434,4547,4926,2144,2417,2430,2594,1984,3852,54365,41894,8288,6735,9724,7537,8200,46,41
2021-08-07T23:59:59+02:00,139,139,2983,2818,8109,5920,7947,5534,7120,7551,5348,5666,2761,2874,3273,3304,2749,5180,2069,1966,6250,4629,6541,4527,5972,6394,4530,4912,2140,2416,2430,2591,1984,3852,54296,41554,8284,6707,9724,7528,8156,46,41
2021-08-06T23:59:59+02:00,138,138,2968,2807,8078,5905,7915,5512,7098,7528,5336,5653,2757,2872,3273,3303,2749,5180,2029,1921,6144,4552,6467,4487,5928,6349,4510,4892,2138,2413,2429,2588,1984,3851,54233,41189,8263,6673,9724,7516,8035,46,41
2021-08-05T23:59:59+02:00,136,137,2936,2791,8044,5880,7874,5486,7075,7507,5316,5627,2752,2869,3270,3299,2749,5179,1978,1866,6004,4445,6350,4421,5858,6285,4473,4847,2129,2405,2426,2586,1984,3851,54080,40680,8253,6574,9721,7458,7917,46,41
2021-08-04T23:59:59+02:00,131,132,2866,2761,7954,5840,7821,5456,7042,7470,5298,5612,2746,2865,3268,3298,2749,5179,1894,1832,5864,4366,6213,4365,5789,6219,4443,4805,2118,2399,2421,2583,1984,3850,53838,40183,8235,6516,9720,7422,7735,46,41
2021-08-03T23:59:59+02:00,128,132,2843,2739,7921,5822,7781,5435,7017,7445,5286,5599,2742,2863,3267,3295,2749,5179,1861,1802,5764,4295,6110,4313,5718,6159,4403,4764,2113,2393,2420,2581,1984,3850,53674,39706,8230,6473,9718,7398,7660,46,41
2021-08-02T23:59:59+02:00,128,132,2819,2713,7876,5790,7752,5426,6991,7431,5267,5590,2740,2857,3266,3294,2748,5179,1832,1772,5634,4202,5998,4248,5648,6108,4353,4729,2107,2380,2418,2575,1983,3849,53510,39138,8221,6433,9718,7376,7588,46,41
2021-08-01T23:59:59+02:00,127,130,2802,2697,7839,5767,7738,5412,6979,7422,5261,5584,2737,2856,3264,3294,2748,5179,1812,1753,5553,4160,5934,4200,5604,6085,4334,4709,2104,2377,2416,2572,1983,3849,53411,38849,8206,6402,9717,7350,7538,46,41
2021-07-31T23:59:59+02:00,125,129,2795,2689,7818,5759,7729,5407,6975,7412,5260,5583,2735,2856,3264,3294,2748,5179,1773,1709,5452,4098,5872,4154,5551,6049,4306,4684,2101,2374,2416,2571,1983,3849,53369,38380,8201,6385,9717,7346,7506,46,41
2021-07-30T23:59:59+02:00,122,126,2784,2680,7791,5742,7715,5385,6956,7400,5253,5575,2734,2855,3264,3293,2748,5179,1752,1690,5367,4055,5803,4097,5492,5999,4280,4667,2096,2372,2415,2568,1983,3849,53285,38017,8193,6355,9717,7335,7443,46,41
2021-07-29T23:59:59+02:00,120,125,2749,2660,7733,5693,7672,5341,6926,7360,5229,5553,2733,2850,3262,3292,2748,5179,1711,1659,5241,3955,5669,4025,5402,5908,4233,4611,2088,2362,2412,2566,1982,3849,53071,37433,8176,6298,9712,7298,7300,46,41
2021-07-28T23:59:59+02:00,117,123,2727,2647,7693,5654,7638,5314,6899,7338,5214,5541,2730,2849,3260,3289,2747,5178,1673,1614,5139,3875,5551,3958,5309,5832,4197,4576,2076,2354,2410,2564,1982,3847,52870,36859,8165,6238,9708,7259,7249,46,41
2021-07-27T23:59:59+02:00,114,121,2709,2628,7645,5631,7601,5296,6878,7314,5201,5526,2728,2847,3260,3288,2746,5178,1630,1584,4998,3786,5424,3879,5219,5759,4152,4524,2069,2341,2409,2561,1981,3847,52728,36266,8142,6154,9707,7217,7168,46,41
2021-07-26T23:59:59+02:00,113,118,2682,2609,7610,5608,7567,5277,6851,7295,5196,5513,2724,2847,3259,3288,2746,5178,1592,1528,4855,3724,5314,3813,5145,5683,4097,4488,2065,2327,2408,2555,1981,3846,52576,35700,8120,6079,9704,7168,7111,46,41
2021-07-25T23:59:59+02:00,109,115,2665,2586,7571,5582,7533,5264,6830,7273,5186,5508,2722,2844,3258,3287,2746,5177,1572,1500,4798,3679,5257,3782,5097,5643,4066,4464,2061,2322,2407,2555,1981,3846,52412,35417,8110,6046,9701,7136,7062,46,41
2021-07-24T23:59:59+02:00,109,114,2649,2575,7539,5566,7507,5251,6812,7258,5177,5503,2721,2841,3258,3287,2746,5177,1553,1481,4752,3658,5183,3737,5055,5615,4045,4456,2060,2320,2406,2553,1981,3845,52323,35223,8088,5959,9700,7136,7007,46,41
2021-07-23T23:59:59+02:00,106,112,2619,2548,7483,5537,7475,5227,6778,7233,5155,5492,2719,2838,3256,3287,2746,5177,1497,1447,4610,3557,5046,3659,4981,5544,3997,4423,2059,2312,2405,2548,1980,3845,52137,34577,8082,5931,9698,7116,6897,46,41
2021-07-22T23:59:59+02:00,104,109,2584,2518,7393,5491,7421,5187,6726,7186,5121,5468,2712,2832,3254,3286,2746,5175,1437,1406,4448,3482,4893,3586,4832,5462,3911,4371,2046,2302,2400,2546,1980,3844,51799,33938,8061,5782,9686,7045,6787,46,41
2021-07-21T23:59:59+02:00,103,105,2552,2499,7323,5454,7361,5146,6664,7146,5100,5442,2705,2826,3252,3283,2746,5173,1407,1361,4325,3396,4751,3520,4722,5352,3838,4325,2033,2290,2397,2545,1980,3842,51528,33456,8011,5565,9680,6984,6677,46,41
2021-07-20T23:59:59+02:00,102,104,2530,2471,7262,5422,7324,5113,6625,7102,5070,5423,2702,2821,3251,3283,2746,5173,1372,1327,4204,3329,4662,3468,4628,5272,3782,4294,2029,2280,2396,2544,1980,3841,51261,32977,7999,5486,9678,6934,6600,46,41
2021-07-19T23:59:59+02:00,101,103,2504,2443,7206,5379,7274,5090,6585,7070,5049,5407,2697,2816,3250,3279,2746,5172,1351,1303,4128,3283,4579,3434,4549,5206,3746,4269,2025,2274,2392,2541,1979,3841,50967,32671,7986,5368,9677,6889,6554,46,41
2021-07-18T23:59:59+02:00,101,101,2473,2413,7131,5331,7231,5057,6548,7027,5030,5397,2690,2810,3248,3279,2745,5171,1334,1282,4082,3240,4539,3404,4500,5185,3709,4254,2019,2264,2391,2541,1979,3839,50632,32467,7970,5294,9673,6862,6519,46,39
2021-07-17T23:59:59+02:00,99,97,2456,2398,7111,5316,7212,5038,6528,7010,5010,5386,2686,2809,3248,3278,2745,5170,1321,1269,4048,3206,4495,3383,4459,5152,3680,4242,2013,2261,2391,2539,1979,3839,50513,32306,7961,5237,9672,6853,6460,46,39
2021-07-16T23:59:59+02:00,99,94,2414,2370,7048,5281,7150,5002,6482,6967,4978,5358,2679,2803,3246,3277,2745,5170,1282,1245,3945,3155,4402,3341,4371,5092,3619,4194,1999,2250,2385,2537,1979,3838,50326,31955,7930,5209,9658,6783,6254,46,39
2021-07-15T23:59:59+02:00,96,89,2371,2339,6971,5243,7086,4959,6432,6913,4961,5331,2676,2797,3243,3274,2745,5170,1230,1212,3743,3040,4216,3236,4217,4994,3554,4132,1990,2241,2381,2531,1979,3838,49983,31248,7911,4976,9652,6716,6150,46,39
2021-07-14T23:59:59+02:00,93,87,2332,2320,6898,5207,7010,4923,6376,6868,4939,5307,2668,2791,3240,3272,2745,5170,1183,1171,3625,2952,4112,3173,4111,4924,3509,4087,1977,2233,2380,2528,1979,3838,49654,30768,7894,4876,9648,6642,6046,46,39
2021-07-13T23:59:59+02:00,90,82,2301,2288,6839,5173,6946,4884,6334,6819,4916,5289,2660,2784,3238,3272,2745,5170,1149,1139,3522,2870,3985,3106,4023,4835,3454,4024,1950,2226,2377,2523,1978,3836,49322,30283,7885,4740,9647,6547,5969,45,39
2021-07-12T23:59:59+02:00,83,80,2271,2262,6768,5128,6875,4838,6282,6778,4889,5261,2655,2781,3235,3271,2745,5170,1118,1117,3423,2794,3871,3040,3918,4752,3402,3976,1939,2215,2372,2513,1978,3836,48967,29832,7871,4620,9643,6465,5882,45,38
2021-07-11T23:59:59+02:00,78,78,2259,2246,6731,5110,6845,4815,6251,6759,4880,5252,2652,2776,3233,3271,2744,5170,1109,1101,3380,2752,3810,3009,3864,4724,3380,3961,1930,2203,2369,2509,1978,3836,48849,29650,7850,4587,9640,6409,5800,45,38
2021-07-10T23:59:59+02:00,76,77,2236,2211,6651,5060,6782,4780,6200,6722,4854,5241,2649,2773,3233,3268,2744,5169,1092,1081,3324,2709,3763,2979,3826,4692,3364,3949,1924,2196,2369,2507,1978,3836,48591,29470,7828,4585,9624,6393,5667,45,38
2021-07-09T23:59:59+02:00,75,75,2212,2188,6575,5016,6731,4754,6150,6686,4836,5220,2647,2768,3232,3267,2744,5169,1069,1064,3265,2661,3712,2942,3775,4656,3336,3921,1921,2181,2367,2506,1978,3836,48358,29255,7792,4553,9616,6336,5558,45,38
2021-07-08T23:59:59+02:00,71,72,2153,2140,6473,4950,6621,4696,6083,6620,4800,5186,2639,2759,3229,3263,2744,5169,993,1010,3096,2571,3517,2868,3598,4557,3260,3853,1904,2165,2365,2497,1977,3835,48017,28761,7713,4264,9581,6202,5332,45,38
2021-07-07T23:59:59+02:00,71,71,2078,2093,6349,4872,6513,4638,6007,6561,4764,5137,2633,2748,3224,3258,2744,5169,941,973,2944,2490,3343,2789,3439,4449,3202,3788,1884,2136,2357,2489,1977,3833,47502,28207,7663,4018,9561,6119,5174,45,38
2021-07-06T23:59:59+02:00,69,71,2031,2055,6237,4816,6420,4595,5950,6491,4719,5101,2626,2742,3220,3253,2744,5169,904,935,2829,2391,3251,2727,3362,4355,3141,3731,1858,2105,2352,2482,1977,3833,47047,27697,7612,3909,9545,6033,5070,45,38
2021-07-05T23:59:59+02:00,67,71,1956,2005,6091,4738,6307,4554,5879,6435,4677,5061,2622,2735,3218,3251,2744,5167,856,892,2720,2316,3173,2676,3282,4282,3093,3674,1836,2086,2345,2473,1976,3830,46558,27312,7568,3832,9519,5948,4890,45,38
2021-07-04T23:59:59+02:00,67,70,1909,1968,5999,4693,6261,4523,5837,6414,4659,5038,2619,2733,3218,3249,2744,5166,817,868,2656,2262,3135,2651,3250,4248,3069,3651,1821,2062,2342,2472,1975,3830,46338,27170,7529,3773,9491,5870,4765,44,38
2021-07-03T23:59:59+02:00,64,56,1804,1889,5786,4536,6110,4434,5749,6322,4610,5001,2617,2730,3218,3245,2744,5166,775,843,2590,2215,3085,2628,3211,4202,3038,3621,1815,2055,2341,2468,1975,3828,45495,26994,7496,3771,9483,5841,4551,44,38
2021-07-02T23:59:59+02:00,58,48,1763,1845,5707,4490,6062,4397,5729,6295,4597,4983,2616,2724,3217,3244,2743,5166,754,816,2516,2166,3012,2585,3167,4153,3008,3581,1797,2037,2337,2462,1975,3826,45213,26700,7459,3745,9478,5740,4471,44,38
2021-07-01T23:59:59+02:00,49,40,1715,1805,5598,4417,5971,4347,5651,6224,4569,4953,2612,2719,3216,3243,2743,5165,687,775,2318,2090,2822,2495,2988,4038,2909,3493,1766,2013,2328,2449,1974,3824,44786,25917,7398,3540,9462,5631,4326,44,38
2021-06-30T23:59:59+02:00,49,38,1664,1750,5477,4324,5871,4294,5592,6175,4557,4930,2608,2711,3214,3240,2743,5165,651,736,2214,2022,2709,2441,2877,3949,2846,3416,1746,1979,2319,2437,1973,3823,44348,25444,7334,3422,9445,5504,4205,44,38
2021-06-29T23:59:59+02:00,48,34,1607,1668,5364,4232,5773,4239,5537,6115,4529,4900,2603,2706,3213,3239,2742,5164,622,696,2132,1940,2628,2372,2776,3831,2784,3364,1729,1945,2306,2423,1972,3820,43809,24945,7303,3346,9437,5390,4087,44,38
2021-06-28T23:59:59+02:00,46,32,1571,1610,5246,4167,5703,4183,5491,6073,4501,4875,2599,2698,3212,3237,2742,5164,605,670,2035,1875,2550,2317,2704,3749,2738,3316,1711,1926,2298,2417,1972,3817,43399,24625,7241,3206,9425,5293,4000,44,38
2021-06-27T23:59:59+02:00,45,31,1539,1582,5196,4125,5656,4150,5448,6054,4490,4864,2596,2694,3212,3236,2742,5164,585,652,1984,1830,2513,2297,2659,3710,2708,3299,1700,1911,2297,2407,1972,3817,43207,24478,7204,3151,9403,5207,3925,44,38
2021-06-26T23:59:59+02:00,35,26,1507,1553,5123,4079,5562,4105,5407,6019,4469,4850,2596,2692,3212,3234,2742,5164,579,642,1951,1808,2476,2277,2637,3687,2687,3278,1678,1901,2296,2405,1972,3817,42837,24253,7119,3147,9403,5183,3925,44,38
2021-06-25T23:59:59+02:00,29,18,1471,1511,5009,3999,5508,4076,5372,5992,4444,4839,2592,2689,3210,3233,2742,5163,570,617,1904,1788,2412,2209,2539,3547,2641,3176,1670,1879,2292,2402,1970,3816,42395,23790,7084,3121,9402,5003,3923,44,38
2021-06-24T23:59:59+02:00,21,13,1419,1458,4819,3881,5380,4024,5276,5949,4400,4808,2587,2686,3210,3232,2741,5163,530,594,1792,1720,2241,2142,2377,3464,2528,3081,1636,1855,2282,2396,1969,3813,41735,23265,7029,2813,9392,4918,3812,44,38
2021-06-23T23:59:59+02:00,21,13,1388,1424,4734,3823,5295,3972,5221,5903,4375,4773,2577,2679,3206,3230,2740,5162,496,576,1725,1661,2140,2094,2258,3372,2424,2986,1611,1831,2276,2389,1968,3811,41300,22711,6973,2738,9387,4774,3776,44,38
2021-06-22T23:59:59+02:00,20,13,1361,1403,4656,3757,5212,3924,5175,5856,4346,4747,2573,2673,3206,3229,2739,5162,481,558,1667,1619,2056,2038,2177,3261,2317,2888,1598,1808,2267,2377,1967,3807,40883,22277,6926,2620,9383,4613,3750,44,37
2021-06-21T23:59:59+02:00,19,13,1332,1361,4540,3669,5130,3879,5109,5793,4319,4728,2569,2659,3205,3224,2738,5160,465,542,1631,1584,2021,1997,2127,3179,2249,2808,1574,1772,2244,2354,1967,3803,40354,21979,6881,2523,9380,4468,3716,44,37
2021-06-20T23:59:59+02:00,18,11,1308,1330,4466,3606,5084,3860,5074,5773,4296,4716,2565,2657,3204,3224,2737,5160,449,527,1597,1554,1995,1973,2092,3152,2200,2767,1567,1757,2242,2348,1967,3802,40073,21790,6850,2486,9367,4403,3677,44,36
2021-06-19T23:59:59+02:00,17,11,1297,1311,4424,3574,5064,3832,5042,5748,4278,4707,2562,2655,3204,3223,2736,5160,444,523,1580,1537,1979,1946,2079,3128,2175,2731,1559,1748,2238,2345,1965,3801,39907,21632,6786,2457,9367,4393,3656,44,36
2021-06-18T23:59:59+02:00,12,8,1278,1289,4354,3531,5014,3792,4992,5707,4254,4695,2558,2651,3203,3221,2736,5160,431,513,1559,1520,1952,1915,2033,3079,2118,2670,1546,1731,2238,2340,1964,3798,39578,21317,6739,2454,9366,4347,3642,44,36
2021-06-17T23:59:59+02:00,10,7,1233,1253,4193,3460,4827,3718,4817,5614,4194,4649,2552,2648,3203,3220,2735,5160,397,496,1460,1487,1775,1853,1869,2984,2014,2588,1522,1708,2227,2328,1962,3796,38973,20843,6677,2348,9357,4266,3354,42,36
2021-06-16T23:59:59+02:00,10,7,1208,1219,4086,3375,4728,3665,4710,5543,4148,4618,2544,2644,3202,3216,2734,5159,381,475,1401,1451,1711,1822,1788,2904,1950,2515,1506,1681,2213,2315,1962,3792,38483,20439,6549,2280,9347,4188,3299,42,36
2021-06-15T23:59:59+02:00,10,7,1174,1184,3949,3290,4657,3607,4634,5468,4106,4585,2534,2637,3197,3214,2734,5158,371,451,1351,1404,1664,1781,1718,2846,1879,2443,1488,1650,2208,2301,1961,3791,37930,20111,6509,2193,9335,4116,3221,42,36
2021-06-14T23:59:59+02:00,10,5,1147,1149,3858,3236,4573,3551,4555,5397,4054,4551,2530,2627,3197,3210,2733,5157,361,438,1312,1370,1618,1750,1670,2788,1818,2389,1475,1624,2203,2294,1960,3789,37467,19861,6420,2124,9329,4036,3167,41,36
2021-06-13T23:59:59+02:00,10,5,1132,1135,3807,3193,4515,3506,4505,5359,4035,4536,2529,2621,3196,3209,2733,5155,355,431,1279,1353,1583,1725,1627,2752,1779,2344,1459,1603,2197,2283,1960,3787,37206,19671,6383,2102,9324,3960,3107,41,36
2021-06-12T23:59:59+02:00,10,4,1115,1113,3779,3167,4487,3484,4487,5344,4019,4526,2526,2618,3195,3208,2733,5154,351,429,1271,1336,1558,1699,1598,2732,1733,2322,1449,1591,2185,2279,1960,3786,37018,19499,6371,2102,9324,3901,3093,41,36
2021-06-11T23:59:59+02:00,8,4,1097,1100,3739,3122,4413,3456,4448,5308,3992,4515,2525,2614,3194,3205,2733,5153,340,417,1250,1303,1531,1679,1552,2682,1675,2275,1438,1575,2183,2274,1960,3785,36724,19243,6344,2094,9320,3825,3069,41,36
2021-06-10T23:59:59+02:00,7,4,1037,1055,3619,3039,4282,3374,4345,5240,3935,4481,2521,2606,3192,3203,2732,5153,324,405,1188,1267,1464,1617,1487,2610,1584,2169,1404,1541,2178,2264,1959,3782,36139,18805,6206,2087,9302,3669,2987,41,35
2021-06-09T23:59:59+02:00,7,2,987,1020,3490,2941,4140,3315,4253,5162,3890,4439,2517,2600,3189,3200,2732,5153,306,388,1125,1231,1395,1589,1425,2528,1507,2093,1377,1482,2170,2250,1958,3779,35650,18478,6036,2034,9298,3537,2853,41,35
2021-06-08T23:59:59+02:00,6,2,939,980,3361,2855,4018,3227,4151,5075,3833,4410,2509,2595,3186,3197,2731,5151,293,366,1082,1192,1339,1556,1370,2468,1457,2020,1352,1445,2159,2232,1954,3775,35094,18234,5899,1987,9287,3399,2731,41,34
2021-06-07T23:59:59+02:00,5,2,911,954,3257,2778,3885,3188,4026,5001,3782,4382,2495,2589,3185,3195,2731,5149,284,359,1036,1153,1283,1534,1325,2413,1385,1966,1337,1424,2143,2215,1953,3766,34710,18057,5719,1952,9278,3267,2583,41,34
2021-06-06T23:59:59+02:00,5,2,892,944,3198,2737,3795,3137,3952,4970,3748,4366,2491,2583,3183,3194,2729,5148,277,346,1021,1127,1251,1500,1300,2356,1353,1906,1321,1407,2136,2208,1951,3763,34495,17951,5582,1903,9270,3153,2493,41,34
2021-06-05T23:59:59+02:00,5,2,877,925,3127,2678,3746,3106,3916,4944,3735,4362,2490,2581,3183,3193,2729,5147,272,339,1005,1106,1228,1480,1275,2325,1317,1884,1301,1381,2133,2204,1951,3763,34213,17779,5576,1900,9264,3102,2453,41,33
2021-06-04T23:59:59+02:00,3,2,853,909,3073,2626,3669,3065,3844,4887,3705,4342,2486,2578,3180,3193,2729,5147,261,332,983,1073,1206,1466,1240,2287,1281,1847,1282,1357,2123,2199,1951,3761,33888,17615,5528,1895,9261,3043,2364,41,33
2021-06-03T23:59:59+02:00,3,2,808,878,2916,2527,3481,2958,3664,4766,3609,4269,2478,2567,3175,3187,2729,5147,249,318,950,1037,1147,1411,1173,2192,1218,1782,1241,1311,2112,2185,1951,3759,33202,17387,5293,1875,9246,2877,2156,41,33
2021-06-02T23:59:59+02:00,3,2,778,869,2841,2447,3412,2902,3597,4701,3566,4243,2476,2563,3175,3186,2729,5147,233,313,929,1006,1092,1379,1123,2147,1165,1732,1226,1272,2108,2182,1951,3759,32840,17171,5275,1860,9245,2838,1999,41,33
2021-06-01T23:59:59+02:00,3,2,732,841,2676,2330,3217,2800,3419,4583,3502,4179,2465,2555,3172,3180,2729,5147,220,300,850,955,989,1314,1032,2029,1110,1656,1192,1213,2099,2170,1949,3754,32230,16889,5052,1820,9233,2642,1719,41,33
2021-05-31T23:59:59+02:00,3,2,697,817,2545,2247,3079,2702,3303,4477,3442,4129,2458,2542,3170,3175,2729,5146,205,285,801,911,919,1261,979,1942,1067,1598,1169,1182,2093,2165,1947,3752,31837,16710,4819,1805,9214,2506,1485,41,33
2021-05-30T23:59:59+02:00,3,2,686,803,2489,2196,3003,2664,3243,4429,3422,4105,2454,2537,3169,3174,2728,5144,195,265,761,872,863,1215,932,1875,1044,1545,1154,1166,2087,2155,1947,3750,31686,16612,4754,1794,9203,2349,1296,41,33
2021-05-29T23:59:59+02:00,3,1,684,801,2474,2179,2980,2652,3226,4411,3412,4096,2453,2536,3169,3174,2728,5144,192,255,755,862,844,1190,914,1823,1026,1507,1139,1145,2086,2147,1946,3750,31561,16508,4752,1794,9201,2207,1295,41,33
2021-05-28T23:59:59+02:00,3,1,677,791,2441,2143,2932,2625,3201,4391,3400,4080,2453,2532,3167,3168,2728,5144,189,247,744,851,834,1169,903,1781,991,1463,1116,1114,2083,2139,1945,3748,31326,16323,4741,1792,9196,2130,1291,41,33
2021-05-27T23:59:59+02:00,3,1,632,770,2312,2088,2797,2552,3063,4313,3316,4026,2445,2518,3166,3166,2728,5141,174,230,681,799,758,1113,821,1683,924,1376,1093,1081,2069,2118,1944,3746,30833,16103,4610,1751,9163,1876,1093,41,32
2021-05-26T23:59:59+02:00,3,1,603,745,2212,2022,2635,2492,2936,4248,3261,3973,2434,2506,3161,3159,2725,5135,167,212,644,760,712,1077,772,1614,878,1318,1074,1051,2050,2084,1939,3739,30433,15868,4374,1736,9134,1736,962,41,32
2021-05-25T23:59:59+02:00,3,1,580,729,2126,1963,2533,2449,2829,4166,3209,3936,2421,2497,3158,3154,2724,5131,157,204,624,731,677,1042,726,1553,826,1255,1050,1027,2019,2049,1938,3734,30072,15630,4194,1697,9092,1600,897,40,29
2021-05-24T23:59:59+02:00,3,1,567,706,2071,1922,2458,2418,2759,4113,3156,3893,2409,2489,3152,3153,2721,5130,152,196,605,713,650,1010,688,1491,801,1200,1027,1009,2013,2045,1933,3733,29888,15522,4019,1684,9056,1474,798,39,28
2021-05-23T23:59:59+02:00,3,1,564,704,2057,1911,2446,2404,2748,4100,3145,3879,2404,2486,3152,3151,2721,5130,151,195,601,707,643,1006,671,1478,788,1192,1021,1003,2008,2040,1931,3729,29777,15439,4016,1677,9055,1464,796,39,28
2021-05-22T23:59:59+02:00,3,1,559,694,2034,1892,2412,2387,2725,4070,3116,3851,2395,2481,3150,3148,2721,5129,148,187,594,702,639,996,658,1472,782,1183,1008,995,2000,2025,1931,3729,29545,15368,4015,1677,9053,1426,787,39,28
2021-05-21T23:59:59+02:00,3,1,547,676,1949,1862,2320,2339,2659,4020,3072,3802,2388,2467,3147,3147,2721,5127,148,184,588,695,627,986,644,1460,761,1162,991,966,1987,2019,1931,3728,29065,15264,3987,1675,9036,1363,784,39,28
2021-05-20T23:59:59+02:00,3,1,509,654,1816,1791,2189,2264,2534,3922,2985,3714,2367,2452,3138,3139,2719,5124,140,175,560,660,594,947,616,1401,729,1099,964,930,1975,2004,1929,3725,28382,15124,3869,1659,8962,1156,712,39,28
2021-05-19T23:59:59+02:00,3,1,469,619,1709,1717,2053,2196,2396,3825,2881,3615,2346,2432,3131,3132,2713,5123,127,167,533,639,562,913,588,1350,701,1038,942,909,1955,1973,1922,3721,27635,14945,3798,1638,8919,1059,594,39,28
2021-05-18T23:59:59+02:00,3,0,445,597,1632,1656,1955,2136,2282,3703,2781,3515,2333,2412,3123,3124,2712,5119,119,160,509,619,540,880,571,1273,683,975,924,882,1941,1951,1918,3714,27119,14806,3626,1597,8862,953,495,39,28
2021-05-17T23:59:59+02:00,3,0,423,585,1575,1621,1901,2083,2204,3592,2726,3442,2313,2392,3112,3116,2710,5114,114,152,488,605,530,845,558,1209,670,920,903,845,1936,1940,1917,3709,26806,14714,3476,1558,8796,855,402,39,27
2021-05-16T23:59:59+02:00,3,0,419,584,1547,1592,1870,2060,2160,3539,2665,3383,2299,2383,3109,3112,2710,5113,111,150,480,586,521,829,544,1160,650,878,875,814,1929,1935,1917,3708,26620,14653,3407,1521,8756,767,329,39,27
2021-05-15T23:59:59+02:00,3,0,414,579,1521,1575,1851,2041,2140,3515,2638,3345,2292,2383,3108,3109,2709,5113,110,147,478,585,521,828,539,1156,642,870,871,811,1923,1931,1917,3708,26417,14617,3407,1520,8749,759,324,37,27
2021-05-14T23:59:59+02:00,3,0,401,566,1490,1545,1810,1997,2060,3441,2584,3297,2282,2371,3105,3109,2707,5113,108,144,475,569,501,803,519,1125,628,854,856,796,1915,1922,1917,3707,26034,14554,3365,1504,8725,657,304,37,27
2021-05-13T23:59:59+02:00,2,0,378,550,1430,1496,1706,1952,1944,3353,2512,3204,2255,2353,3096,3103,2705,5107,103,141,463,561,491,788,513,1110,617,841,827,764,1898,1896,1916,3701,25582,14464,3146,1451,8671,617,277,37,25
2021-05-12T23:59:59+02:00,1,0,371,546,1412,1488,1688,1943,1924,3328,2497,3186,2252,2346,3090,3100,2705,5106,103,139,460,561,490,781,509,1105,613,835,819,749,1894,1887,1914,3701,25446,14407,3124,1441,8665,616,274,36,25
2021-05-11T23:59:59+02:00,1,0,351,526,1344,1451,1591,1904,1812,3230,2392,3108,2235,2318,3081,3089,2700,5105,97,129,445,533,469,754,489,1073,578,813,792,715,1881,1876,1912,3697,25028,14282,2955,1400,8551,528,217,36,25
2021-05-10T23:59:59+02:00,1,0,336,507,1305,1421,1538,1874,1745,3169,2330,3036,2221,2303,3072,3080,2699,5101,97,126,439,526,460,733,482,1049,573,790,776,696,1875,1869,1910,3693,24747,14214,2879,1391,8430,474,189,36,24
2021-05-09T23:59:59+02:00,1,0,330,497,1264,1401,1511,1857,1698,3132,2262,2986,2210,2289,3069,3074,2699,5096,94,123,430,517,452,727,472,1039,562,776,762,686,1866,1864,1909,3690,24506,14166,2825,1383,8379,425,166,36,23
2021-05-08T23:59:59+02:00,1,0,324,494,1253,1382,1478,1834,1667,3105,2210,2966,2203,2281,3066,3073,2697,5095,93,123,429,516,450,726,471,1034,562,770,756,685,1861,1854,1909,3690,24263,14146,2821,1375,8375,412,165,36,23
2021-05-07T23:59:59+02:00,1,0,313,487,1225,1355,1427,1815,1607,3041,2155,2917,2194,2270,3065,3068,2695,5090,90,120,417,503,440,699,458,999,539,745,750,660,1840,1839,1909,3686,23979,14074,2792,1350,8310,308,131,36,21
2021-05-06T23:59:59+02:00,1,0,295,472,1137,1318,1310,1752,1466,2927,2012,2824,2154,2234,3061,3055,2694,5086,87,114,404,489,428,682,445,976,521,722,735,641,1822,1823,1905,3679,23465,13990,2599,1325,8098,223,103,34,20
2021-05-05T23:59:59+02:00,1,0,280,458,1096,1292,1263,1715,1398,2861,1920,2740,2129,2200,3046,3040,2694,5075,87,110,396,479,423,670,437,964,514,704,713,628,1796,1801,1905,3676,23000,13903,2539,1299,8032,174,96,34,18
2021-05-04T23:59:59+02:00,1,0,272,447,1059,1268,1224,1694,1353,2813,1857,2673,2109,2165,3036,3026,2684,5062,83,106,389,468,420,665,427,944,504,684,695,605,1777,1774,1901,3676,22651,13798,2476,1266,7979,133,90,34,17
2021-05-03T23:59:59+02:00,1,0,267,439,1028,1246,1187,1677,1324,2778,1809,2635,2091,2136,3023,3017,2682,5056,78,100,377,462,412,657,422,936,496,677,676,594,1750,1746,1899,3672,22394,13693,2452,1255,7930,112,63,34,15
2021-05-02T23:59:59+02:00,1,0,261,437,1014,1234,1159,1661,1298,2765,1794,2612,2083,2121,3018,3014,2680,5053,76,99,371,458,407,652,417,930,492,672,668,581,1726,1731,1899,3671,22268,13645,2435,1227,7890,98,49,34,14
2021-05-01T23:59:59+02:00,1,0,257,432,1006,1225,1146,1651,1283,2751,1776,2593,2074,2114,3014,3010,2680,5052,76,98,371,457,405,652,415,926,492,671,666,581,1726,1731,1899,3671,22124,13637,2435,1227,7890,95,47,34,14
2021-04-30T23:59:59+02:00,1,0,254,426,996,1203,1125,1631,1245,2687,1709,2531,2060,2096,3007,3005,2679,5048,75,96,370,451,402,646,414,901,487,659,659,575,1723,1725,1899,3669,21797,13621,2430,1215,7886,70,15,34,13
2021-04-29T23:59:59+02:00,1,0,240,411,947,1179,1086,1593,1197,2629,1614,2454,2009,2047,2997,2993,2674,5036,75,95,364,450,397,641,407,890,476,648,642,563,1707,1712,1893,3663,21293,13541,2393,1188,7826,48,14,33,13
2021-04-28T23:59:59+02:00,1,0,229,408,932,1164,1056,1581,1161,2589,1546,2398,1962,1984,2984,2988,2672,5033,72,94,357,447,394,632,403,880,469,633,624,544,1688,1691,1893,3661,20974,13461,2346,1138,7769,35,13,33,13
2021-04-27T23:59:59+02:00,1,0,226,400,918,1150,1039,1568,1137,2563,1523,2369,1927,1937,2977,2981,2670,5029,70,91,355,444,392,627,401,876,463,628,616,532,1676,1668,1889,3658,20764,13399,2314,1109,7734,30,13,29,13
2021-04-26T23:59:59+02:00,1,0,223,393,908,1141,1028,1555,1109,2544,1468,2320,1907,1914,2967,2970,2667,5023,70,91,351,440,392,625,395,873,459,622,606,519,1661,1653,1887,3653,20564,13350,2298,1070,7666,28,13,29,13
2021-04-25T23:59:59+02:00,1,0,223,392,900,1131,1015,1547,1092,2525,1435,2285,1882,1890,2959,2963,2667,5022,69,90,350,434,389,623,393,869,457,621,603,513,1655,1643,1887,3651,20427,13329,2273,1050,7614,20,13,29,12
2021-04-24T23:59:59+02:00,1,0,219,388,889,1121,1002,1533,1078,2507,1399,2261,1872,1865,2956,2957,2667,5022,69,90,350,434,388,623,393,867,456,618,601,510,1654,1640,1887,3651,20250,13322,2273,1040,7594,20,13,29,12
2021-04-23T23:59:59+02:00,1,0,215,381,878,1108,995,1522,1058,2486,1341,2212,1846,1837,2949,2951,2667,5019,68,88,350,434,388,622,392,863,453,614,594,502,1644,1630,1887,3646,20082,13293,2261,1012,7494,20,13,29,12
2021-04-22T23:59:59+02:00,1,0,213,373,852,1087,971,1499,1027,2444,1285,2147,1799,1785,2936,2931,2665,5010,68,87,348,429,382,614,389,853,448,608,581,494,1625,1615,1882,3641,19771,13217,2205,984,7415,13,13,29,12
2021-04-21T23:59:59+02:00,1,0,207,366,833,1072,946,1480,986,2407,1233,2094,1748,1715,2914,2909,2658,5001,66,85,345,427,380,611,386,848,445,601,576,488,1611,1593,1871,3636,19410,13145,2169,961,7352,13,13,29,12
2021-04-20T23:59:59+02:00,1,0,201,361,817,1048,926,1459,963,2353,1189,2038,1688,1646,2884,2883,2652,4983,65,85,343,426,376,607,381,842,445,594,569,479,1588,1560,1867,3632,19073,13059,2096,938,7279,12,13,29,12
2021-04-19T23:59:59+02:00,1,0,199,351,802,1037,912,1440,946,2320,1163,2004,1644,1599,2871,2868,2650,4978,65,84,342,424,371,601,377,833,440,583,565,473,1560,1533,1861,3619,18855,12963,2077,910,7208,9,12,28,12
2021-04-18T23:59:59+02:00,1,0,197,348,795,1028,901,1430,925,2299,1139,1983,1603,1557,2862,2860,2643,4972,64,82,341,423,371,601,376,828,439,580,562,467,1550,1527,1858,3617,18712,12933,2044,894,7134,9,12,28,12
2021-04-17T23:59:59+02:00,1,0,195,344,792,1025,894,1428,916,2294,1132,1975,1583,1526,2857,2851,2643,4972,64,79,339,418,370,601,374,824,438,577,557,461,1539,1519,1858,3614,18626,12881,2043,892,7105,9,12,28,12
2021-04-16T23:59:59+02:00,1,0,194,343,783,1018,881,1411,902,2271,1094,1934,1527,1458,2843,2836,2639,4965,59,77,336,411,369,599,369,812,431,563,530,430,1526,1497,1847,3601,18392,12773,2026,825,7026,8,12,27,11
2021-04-15T23:59:59+02:00,1,0,193,338,761,1001,863,1399,876,2226,1051,1892,1474,1399,2814,2808,2624,4949,57,76,331,405,364,598,361,806,421,560,515,422,1492,1463,1834,3586,18109,12656,2009,776,6891,7,12,26,11
2021-04-14T23:59:59+02:00,1,0,192,332,752,993,856,1386,861,2192,1032,1861,1414,1352,2763,2742,2611,4933,54,72,326,402,360,593,358,797,410,546,499,403,1456,1431,1827,3567,17824,12514,1986,729,6801,7,12,23,10
2021-04-13T23:59:59+02:00,1,0,188,326,743,989,845,1374,851,2167,998,1832,1348,1279,2709,2683,2603,4918,52,72,321,398,351,586,351,789,401,538,486,395,1429,1409,1818,3556,17571,12414,1933,681,6687,5,12,22,10
2021-04-12T23:59:59+02:00,1,0,188,325,737,984,837,1362,822,2144,982,1811,1295,1241,2689,2653,2599,4904,51,68,311,390,346,580,346,781,395,531,467,385,1411,1393,1815,3548,17430,12318,1907,639,6573,5,12,19,10
2021-04-11T23:59:59+02:00,0,0,186,323,731,973,829,1357,808,2126,965,1794,1272,1210,2667,2631,2594,4897,50,66,306,388,344,578,345,777,390,523,462,376,1396,1388,1810,3541,17353,12265,1879,613,6465,4,12,18,10
2021-04-10T23:59:59+02:00,0,0,186,321,731,970,826,1356,801,2118,957,1787,1258,1194,2654,2614,2593,4897,45,61,283,374,328,562,331,765,375,513,447,369,1384,1368,1805,3535,17293,12082,1870,597,6433,4,11,18,10
2021-04-09T23:59:59+02:00,0,0,186,317,726,967,816,1333,793,2034,937,1704,1202,1120,2610,2585,2590,4889,38,59,269,360,309,549,311,751,361,496,429,359,1341,1338,1792,3521,17127,11842,1831,567,6180,4,9,16,9
2021-04-08T23:59:59+02:00,0,0,184,313,722,960,805,1324,777,2016,913,1681,1126,1036,2550,2545,2577,4879,37,57,261,346,296,541,295,735,335,478,402,336,1291,1299,1768,3487,16948,11552,1761,534,6028,4,8,16,9
2021-04-07T23:59:59+02:00,0,0,178,310,713,954,797,1309,760,1987,890,1649,1071,974,2494,2484,2568,4864,35,54,243,330,286,535,286,722,320,465,373,316,1244,1260,1749,3449,16751,11280,1713,503,5862,4,8,16,9
2021-04-06T23:59:59+02:00,0,0,174,309,706,949,781,1294,740,1964,861,1623,1037,927,2453,2434,2560,4854,33,53,242,327,282,532,276,719,310,460,362,302,1213,1230,1729,3427,16627,11144,1678,469,5680,4,8,16,9
2021-04-05T23:59:59+02:00,0,0,174,309,705,943,775,1284,731,1948,850,1608,1008,900,2426,2391,2555,4845,33,53,242,323,281,528,272,712,304,458,360,295,1179,1205,1721,3408,16560,11049,1661,439,5546,4,8,16,9
2021-04-04T23:59:59+02:00,0,0,173,306,702,936,769,1272,720,1931,841,1586,993,885,2418,2385,2555,4844,33,53,242,323,280,528,272,712,303,458,358,295,1161,1191,1717,3404,16525,11004,1655,439,5452,4,8,15,9
2021-04-03T23:59:59+02:00,0,0,173,306,702,936,767,1270,719,1926,833,1582,980,874,2411,2375,2552,4843,33,53,242,323,280,528,272,711,303,456,358,295,1161,1186,1717,3401,16477,10993,1655,439,5431,4,8,15,9
2021-04-02T23:59:59+02:00,0,0,173,305,702,935,766,1267,715,1919,825,1571,967,861,2388,2352,2550,4840,33,53,239,323,278,526,269,704,296,451,353,293,1139,1158,1705,3374,16401,10873,1643,432,5403,4,8,15,9
2021-04-01T23:59:59+02:00,0,0,170,302,696,924,753,1253,709,1899,807,1550,936,825,2346,2302,2544,4821,32,52,231,320,276,522,266,697,290,446,341,285,1099,1117,1672,3331,16265,10668,1579,418,5299,4,8,15,9
2021-03-31T23:59:59+02:00,0,0,167,299,689,917,743,1237,700,1853,792,1507,918,805,2299,2236,2523,4802,32,52,230,319,271,520,261,695,280,435,326,279,1033,1064,1648,3299,16143,10455,1509,399,5141,4,7,15,9
2021-03-30T23:59:59+02:00,0,0,163,292,683,908,739,1216,689,1814,781,1461,895,786,2250,2170,2509,4780,32,51,227,316,268,517,259,689,274,427,315,273,999,1035,1626,3263,15993,10297,1461,381,4986,4,7,15,9
2021-03-29T23:59:59+02:00,0,0,160,286,677,895,733,1204,679,1782,768,1422,876,768,2174,2101,2488,4750,32,50,226,314,267,515,255,681,266,416,308,266,971,1013,1613,3236,15781,10164,1417,371,4867,4,7,15,9
2021-03-28T23:59:59+02:00,0,0,152,269,667,888,726,1195,674,1761,763,1404,868,747,2127,2056,2483,4738,32,49,223,314,263,509,251,678,264,413,306,264,960,1002,1607,3228,15700,10106,1362,363,4757,4,7,15,9
2021-03-27T23:59:59+01:00,0,0,152,266,663,881,722,1191,668,1750,760,1397,857,732,2115,2040,2483,4735,32,49,223,314,263,509,250,671,261,408,304,263,953,992,1589,3204,15643,10039,1352,352,4715,4,7,15,9
2021-03-26T23:59:59+01:00,0,0,150,264,653,869,716,1175,658,1731,751,1366,838,712,2089,2014,2473,4725,32,49,223,314,262,507,250,670,255,396,298,255,921,960,1556,3153,15535,9856,1314,352,4630,4,5,15,9
2021-03-25T23:59:59+01:00,0,0,147,263,643,857,695,1154,640,1693,732,1323,818,692,2045,1970,2457,4707,32,48,220,309,261,506,244,667,253,394,290,251,882,929,1494,3074,15418,9620,1260,338,4451,3,5,14,9
2021-03-24T23:59:59+01:00,0,0,144,254,628,844,688,1140,631,1654,717,1289,793,674,2001,1926,2440,4683,32,48,218,306,259,504,242,667,247,391,283,245,836,904,1443,2981,15277,9390,1225,322,4296,2,4,14,9
2021-03-23T23:59:59+01:00,0,0,141,252,621,834,674,1128,621,1632,704,1249,775,660,1960,1895,2424,4664,31,47,216,305,257,500,235,662,244,384,273,241,810,880,1365,2883,15183,9126,1196,311,4145,2,4,14,9
2021-03-22T23:59:59+01:00,0,0,138,247,603,815,656,1109,610,1598,687,1223,764,646,1928,1870,2413,4648,31,46,215,303,255,498,234,654,243,380,270,237,783,858,1273,2777,15097,8861,1164,299,3984,2,4,12,9
2021-03-21T23:59:59+01:00,0,0,135,245,599,809,652,1106,605,1574,676,1188,757,635,1904,1863,2406,4632,31,46,214,303,254,496,233,653,241,378,268,233,777,855,1264,2768,15063,8827,1143,290,3865,2,4,11,8
2021-03-20T23:59:59+01:00,0,0,133,245,593,806,648,1102,601,1570,674,1186,750,626,1880,1839,2399,4620,31,46,214,303,253,496,232,651,238,372,266,231,767,849,1246,2754,14997,8772,1133,280,3825,2,4,11,8
2021-03-19T23:59:59+01:00,0,0,124,233,587,792,639,1095,597,1552,657,1172,714,581,1821,1797,2369,4599,30,46,214,302,252,496,230,644,235,369,264,225,741,830,1208,2701,14822,8624,1057,265,3729,2,4,10,8
2021-03-18T23:59:59+01:00,0,0,121,228,568,782,619,1063,578,1502,627,1124,678,556,1769,1748,2341,4556,30,46,212,300,250,488,230,639,231,360,262,217,723,818,1175,2657,14627,8492,993,246,3513,2,4,10,8
2021-03-17T23:59:59+01:00,0,0,115,222,557,768,607,1058,568,1489,612,1101,654,531,1724,1713,2320,4517,30,45,212,299,249,485,229,638,230,357,261,215,711,806,1140,2610,14423,8375,943,240,3457,2,4,9,8
2021-03-16T23:59:59+01:00,0,0,110,216,545,756,593,1044,556,1446,595,1073,635,507,1669,1658,2298,4481,30,44,212,297,249,479,228,636,228,356,257,215,694,787,1110,2554,14244,8238,887,237,3313,2,2,9,8
2021-03-15T23:59:59+01:00,0,0,106,209,530,740,581,1020,544,1412,580,1035,615,488,1627,1619,2276,4456,29,44,211,294,249,476,226,634,226,356,249,211,675,775,1085,2518,14086,8135,832,223,3177,2,0,9,8
2021-03-14T23:59:59+01:00,0,0,102,197,521,725,570,998,536,1367,563,990,597,472,1598,1598,2260,4431,29,44,211,292,248,475,225,629,225,351,247,207,671,768,1077,2503,13979,8108,797,194,3001,2,0,9,8
2021-03-13T23:59:59+01:00,0,0,98,187,495,704,541,972,508,1343,540,969,569,463,1572,1572,2252,4423,29,44,211,292,248,475,224,629,225,350,246,207,665,758,1047,2474,13754,8029,783,193,2907,2,0,9,8
2021-03-12T23:59:59+01:00,0,0,89,181,469,675,521,945,484,1308,513,932,537,442,1514,1525,2229,4384,29,44,211,291,248,474,224,629,225,349,242,205,649,746,1021,2447,13441,7937,753,193,2777,2,0,9,7
2021-03-11T23:59:59+01:00,0,0,83,170,438,638,486,913,444,1229,475,869,504,409,1434,1457,2181,4325,29,43,210,288,243,470,222,625,221,346,237,203,633,724,996,2406,13055,7850,700,142,2504,2,0,9,7
2021-03-10T23:59:59+01:00,0,0,81,164,414,613,467,896,425,1193,447,824,473,383,1355,1391,2142,4269,29,43,208,283,239,466,219,619,221,344,232,200,614,716,973,2366,12709,7740,667,125,2361,2,0,9,7
2021-03-09T23:59:59+01:00,0,0,81,160,403,592,440,867,411,1143,429,792,451,364,1303,1358,2101,4224,29,43,207,280,237,458,216,615,217,339,230,199,602,709,954,2335,12482,7656,640,106,2184,2,0,9,7
2021-03-08T23:59:59+01:00,0,0,78,155,390,574,419,849,399,1090,417,750,435,348,1245,1322,2077,4186,29,43,207,279,234,452,212,610,212,335,228,198,589,704,944,2324,12291,7603,603,90,2023,1,0,9,6
2021-03-07T23:59:59+01:00,0,0,75,151,387,564,411,833,387,1076,410,744,432,343,1232,1302,2068,4177,29,43,206,278,234,450,210,609,212,334,227,197,585,701,936,2317,12224,7573,576,88,1971,0,0,9,6
2021-03-06T23:59:59+01:00,0,0,75,144,384,559,404,812,377,1020,402,709,429,342,1225,1291,2053,4162,29,43,206,278,233,449,210,608,212,334,227,197,582,701,934,2303,12165,7564,576,75,1824,0,0,9,6
2021-03-05T23:59:59+01:00,0,0,75,139,380,553,400,805,374,1003,390,683,417,328,1184,1249,2009,4101,29,43,205,277,232,448,209,606,211,331,225,196,577,700,926,2282,11946,7540,554,49,1760,0,0,9,6
2021-03-04T23:59:59+01:00,0,0,74,126,371,520,386,772,354,961,376,653,399,326,1132,1199,1925,4005,28,43,203,271,230,441,207,595,208,330,224,195,575,697,923,2279,11643,7492,520,48,1583,0,0,9,5
2021-03-03T23:59:59+01:00,0,0,68,115,362,504,378,755,349,939,362,633,389,318,1087,1165,1855,3883,28,43,203,270,229,439,204,585,208,323,223,192,570,694,916,2273,11367,7448,493,43,1466,0,0,8,5
2021-03-02T23:59:59+01:00,0,0,65,109,352,491,363,737,338,918,354,605,376,311,1051,1134,1757,3762,27,43,203,270,229,432,199,578,206,320,221,192,568,686,909,2260,11041,7389,469,43,1370,0,0,8,5
2021-03-01T23:59:59+01:00,0,0,64,107,346,477,356,717,327,893,347,571,371,308,1023,1102,1639,3607,27,42,202,269,227,423,197,570,206,316,220,192,565,678,900,2252,10698,7331,448,43,1262,0,0,8,5
2021-02-28T23:59:59+01:00,0,0,64,105,339,468,353,709,325,869,342,551,366,296,1014,1098,1628,3595,27,42,201,268,226,423,197,570,206,316,219,192,564,674,897,2249,10651,7316,437,43,1185,0,0,8,5
2021-02-27T23:59:59+01:00,0,0,61,96,335,459,349,705,319,856,338,541,362,292,1004,1087,1605,3573,27,42,201,267,226,422,196,569,205,315,219,192,564,674,897,2249,10579,7315,424,38,1128,0,0,8,5
2021-02-26T23:59:59+01:00,0,0,59,93,328,435,323,673,297,825,325,520,358,288,979,1067,1561,3511,27,41,201,266,226,420,194,566,202,313,219,192,564,674,896,2246,10415,7297,421,38,950,0,0,8,4
2021-02-25T23:59:59+01:00,0,0,52,80,315,415,312,643,291,797,311,494,348,278,960,1048,1523,3464,27,41,200,263,222,417,191,558,197,312,214,189,553,666,885,2240,10261,7235,407,28,801,0,0,8,4
2021-02-24T23:59:59+01:00,0,0,48,75,306,403,304,630,286,782,307,484,342,277,940,1036,1476,3405,26,41,198,261,219,404,189,550,194,307,212,186,547,660,883,2227,10113,7170,392,20,731,0,0,8,4
2021-02-23T23:59:59+01:00,0,0,45,66,293,387,296,611,280,763,297,474,335,275,910,1017,1435,3332,25,41,197,259,217,399,188,544,190,304,211,185,545,649,877,2207,9935,7107,373,16,639,0,0,8,4
2021-02-22T23:59:59+01:00,0,0,42,63,286,375,292,600,276,752,293,470,328,268,888,1002,1405,3296,25,39,193,256,214,386,180,534,184,301,207,182,533,641,870,2190,9813,7014,357,5,596,0,0,7,4
2021-02-21T23:59:59+01:00,0,0,41,62,281,367,290,591,272,744,286,466,325,265,883,997,1398,3286,25,38,191,254,213,384,180,525,184,300,207,182,529,640,862,2177,9786,6968,349,5,546,0,0,6,4
2021-02-20T23:59:59+01:00,0,0,40,62,278,366,290,588,271,738,283,458,324,265,869,985,1365,3255,25,38,191,254,213,384,180,525,183,299,207,182,528,640,860,2176,9699,6962,338,5,524,0,0,6,4
2021-02-19T23:59:59+01:00,0,0,39,62,274,361,284,565,261,712,278,444,320,260,843,968,1330,3225,25,37,191,254,212,383,180,524,182,299,206,181,523,639,855,2159,9589,6927,323,5,435,0,0,5,4
2021-02-18T23:59:59+01:00,0,0,39,58,256,340,275,544,252,691,261,416,316,251,831,947,1304,3193,24,36,187,247,210,377,176,509,180,288,203,176,508,625,818,2092,9495,6732,297,5,301,0,0,5,4
2021-02-17T23:59:59+01:00,0,0,39,56,249,334,271,530,247,678,258,394,311,246,811,936,1275,3146,22,34,184,242,202,362,172,492,175,276,195,172,497,610,799,2053,9362,6561,287,4,245,0,0,5,4
2021-02-16T23:59:59+01:00,0,0,38,51,237,322,268,519,241,663,251,386,306,244,799,925,1249,3114,20,34,175,234,195,343,166,480,171,262,192,165,464,579,764,1985,9265,6301,279,4,180,0,0,5,4
2021-02-15T23:59:59+01:00,0,0,37,50,231,319,261,506,237,657,247,378,302,243,780,916,1237,3095,19,32,168,227,190,335,161,469,165,255,182,159,434,550,728,1914,9199,6060,265,4,143,0,0,5,4
2021-02-14T23:59:59+01:00,0,0,35,50,228,316,259,500,235,651,247,374,302,239,773,910,1228,3076,18,32,166,224,186,330,160,457,163,252,181,156,425,541,710,1870,9176,5942,232,4,125,0,0,5,4
2021-02-13T23:59:59+01:00,0,0,34,50,228,316,257,500,235,650,247,374,302,239,771,909,1227,3075,18,32,164,223,183,330,159,455,162,249,179,153,420,538,702,1855,9169,5895,232,1,123,0,0,5,4
2021-02-12T23:59:59+01:00,0,0,33,48,225,310,254,491,231,639,244,367,301,238,765,908,1224,3065,18,32,162,220,182,329,157,453,160,248,177,149,416,522,671,1789,9140,5758,232,1,79,0,0,5,4
2021-02-11T23:59:59+01:00,0,0,32,47,217,291,247,475,224,615,231,354,297,237,757,891,1199,3032,18,31,146,200,174,298,146,406,154,225,160,133,369,473,608,1621,9069,5229,165,1,18,0,0,5,4
2021-02-10T23:59:59+01:00,0,0,31,47,214,283,244,468,220,606,228,347,293,237,745,888,1191,3022,17,28,133,176,158,260,127,356,143,200,144,125,342,442,546,1496,9013,4753,148,1,7,0,0,5,2
2021-02-09T23:59:59+01:00,0,0,30,46,213,280,242,455,215,598,224,344,289,233,741,881,1182,3009,17,26,118,147,145,237,110,313,129,173,126,116,308,385,491,1338,8958,4233,124,1,3,0,0,5,2
2021-02-08T23:59:59+01:00,0,0,30,46,212,278,236,441,212,586,221,339,284,233,733,874,1176,3002,15,24,102,125,124,193,91,272,121,161,103,107,269,333,429,1202,8891,3720,109,1,3,0,0,5,2
2021-02-07T23:59:59+01:00,0,0,30,45,210,277,234,440,212,583,221,338,284,233,731,870,1171,2999,14,18,98,117,117,182,86,254,115,151,96,102,262,320,413,1152,8870,3543,106,1,0,0,0,5,2
2021-02-06T23:59:59+01:00,0,0,30,45,210,277,234,439,212,583,221,337,283,233,730,870,1170,2987,11,14,97,115,116,178,84,247,115,149,95,101,262,316,402,1137,8867,3482,92,1,0,0,0,5,2
2021-02-05T23:59:59+01:00,0,0,29,44,210,277,234,438,210,580,219,336,282,233,728,870,1158,2960,10,10,89,107,112,175,83,242,109,137,92,99,253,310,377,1108,8847,3354,57,0,0,0,0,5,2
2021-02-04T23:59:59+01:00,0,0,29,44,207,273,230,433,205,574,217,332,279,229,722,863,1149,2946,9,7,62,74,89,131,71,203,89,118,88,85,221,274,333,982,8772,2866,57,0,0,0,0,4,2
2021-02-03T23:59:59+01:00,0,0,29,43,207,271,229,421,202,568,216,329,276,226,712,860,1141,2929,6,4,45,56,70,107,53,157,76,88,63,60,166,200,252,719,8706,2146,50,0,0,0,0,4,2
2021-02-02T23:59:59+01:00,0,0,28,43,206,269,225,415,201,563,213,328,273,225,704,849,1134,2904,3,3,29,39,55,77,41,101,57,65,54,49,119,134,168,475,8626,1485,49,0,0,0,0,4,2
2021-02-01T23:59:59+01:00,0,0,27,41,204,269,222,410,198,557,208,320,271,222,697,846,1129,2892,3,1,22,21,28,45,28,62,33,34,38,31,72,86,97,286,8559,895,49,0,0,0,0,4,2
2021-01-31T23:59:59+01:00,0,0,27,41,203,267,220,406,196,549,207,319,270,222,693,842,1123,2877,3,1,20,16,19,37,21,49,25,30,35,25,57,74,94,256,8507,768,48,0,0,0,0,4,2
2021-01-30T23:59:59+01:00,0,0,27,41,203,267,220,405,195,549,207,319,270,222,692,842,1122,2875,3,1,19,15,17,37,19,45,23,29,34,24,57,71,92,250,8502,741,47,0,0,0,0,4,2
2021-01-29T23:59:59+01:00,0,0,27,41,203,264,219,404,194,548,205,317,270,222,687,839,1116,2867,3,0,16,10,12,31,18,40,19,26,34,23,54,70,90,244,8474,693,43,0,0,0,0,3,2
2021-01-28T23:59:59+01:00,0,0,27,40,196,261,219,398,193,539,202,312,269,222,675,831,1093,2847,3,0,3,3,7,18,10,21,9,12,26,16,37,47,60,173,8384,447,34,0,0,0,0,3,1
2021-01-27T23:59:59+01:00,0,0,26,38,191,256,214,389,191,526,199,302,261,217,660,813,1069,2809,1,0,2,3,6,14,9,19,8,11,25,15,31,41,50,132,8220,368,29,0,0,0,0,3,1
2021-01-26T23:59:59+01:00,0,0,23,38,188,245,208,376,186,508,196,294,255,212,638,796,1041,2758,1,0,1,3,6,14,9,19,8,11,24,12,30,37,49,115,8025,340,24,0,0,0,0,3,1
2021-01-25T23:59:59+01:00,0,0,23,37,179,242,205,366,181,498,191,283,245,207,615,776,1015,2713,1,0,1,3,4,12,8,16,8,10,21,10,26,36,41,104,7855,302,6,0,0,0,0,3,1
2021-01-24T23:59:59+01:00,0,0,22,36,177,239,202,365,180,496,190,281,245,205,611,771,1012,2708,1,0,1,3,3,12,8,16,8,10,21,10,26,36,40,102,7819,298,5,0,0,0,0,3,1
2021-01-23T23:59:59+01:00,0,0,22,36,177,239,200,365,180,495,190,281,245,205,610,771,1004,2695,1,0,1,3,3,11,8,16,7,10,21,10,26,36,40,102,7794,296,5,0,0,0,0,3,1
2021-01-22T23:59:59+01:00,0,0,21,35,175,235,199,365,180,494,189,281,245,203,608,769,976,2653,1,0,1,3,3,11,8,16,7,10,21,10,26,36,40,102,7707,296,5,0,0,0,0,3,1
2021-01-21T23:59:59+01:00,0,0,20,35,166,226,192,347,175,471,187,264,233,198,583,743,940,2600,1,0,1,3,1,6,7,11,5,6,20,8,22,26,35,85,7455,238,5,0,0,0,0,3,1
2021-01-20T23:59:59+01:00,0,0,19,33,151,200,174,305,146,415,173,240,215,187,540,697,871,2400,1,0,1,3,1,6,7,10,5,5,19,7,21,23,31,79,6834,220,4,0,0,0,0,3,1
2021-01-19T23:59:59+01:00,0,0,19,30,128,168,159,271,133,372,157,217,180,166,477,607,773,2126,1,0,1,3,1,6,5,7,3,3,11,3,10,15,22,57,6043,148,3,0,0,0,0,3,1
2021-01-18T23:59:59+01:00,0,0,16,29,113,150,137,227,115,323,140,190,142,151,387,502,638,1785,1,0,1,1,0,3,4,5,2,3,2,1,4,6,10,28,5101,71,3,0,0,0,0,3,1
2021-01-17T23:59:59+01:00,0,0,15,19,109,136,129,214,107,299,132,178,133,137,371,472,588,1682,1,0,0,0,0,1,2,4,2,2,1,1,3,1,2,5,4770,24,3,0,0,0,0,3,1
2021-01-16T23:59:59+01:00,0,0,13,15,105,133,127,209,104,289,130,172,130,133,366,464,571,1654,0,0,0,0,0,0,0,0,1,0,0,0,0,0,0,0,4664,0,0,0,0,0,0,3,1
2021-01-15T23:59:59+01:00,0,0,11,13,100,124,123,204,102,279,128,160,126,130,358,448,540,1610,0,0,0,0,0,0,0,0,1,0,0,0,0,0,0,0,4502,0,0,0,0,0,0,3,1
2021-01-14T23:59:59+01:00,0,0,9,9,75,91,104,167,84,234,112,143,114,109,306,398,475,1394,0,0,0,0,0,0,0,0,1,0,0,0,0,0,0,0,3859,0,0,0,0,0,0,3,1
2021-01-13T23:59:59+01:00,0,0,7,8,62,81,93,140,74,192,102,117,86,80,236,283,377,1064,0,0,0,0,0,0,0,0,1,0,0,0,0,0,0,0,3031,0,0,0,0,0,0,3,1
2021-01-12T23:59:59+01:00,0,0,5,6,53,62,76,110,66,135,80,93,70,64,166,203,274,745,0,0,0,0,0,0,0,0,1,0,0,0,0,0,0,0,2234,0,0,0,0,0,0,1,1
2021-01-11T23:59:59+01:00,0,0,4,4,45,49,63,81,52,108,58,65,50,43,96,123,145,419,0,0,0,0,0,0,0,0,1,0,0,0,0,0,0,0,1426,0,0,0,0,0,0,1,1
2021-01-10T23:59:59+01:00,0,0,3,4,41,37,47,67,38,86,48,56,45,33,79,109,136,365,0,0,0,0,0,0,0,0,1,0,0,0,0,0,0,0,1206,0,0,0,0,0,0,1,1
2021-01-09T23:59:59+01:00,0,0,3,3,38,36,42,64,35,76,42,51,44,33,79,107,133,363,0,0,0,0,0,0,0,0,1,0,0,0,0,0,0,0,1159,0,0,0,0,0,0,1,1
2021-01-08T23:59:59+01:00,0,0,3,2,31,28,35,57,29,63,37,45,42,30,74,104,129,352,0,0,0,0,0,0,0,0,1,0,0,0,0,0,0,0,1069,0,0,0,0,0,0,1,1
2021-01-07T23:59:59+01:00,0,0,3,2,9,3,10,20,12,27,13,22,35,21,52,69,89,250,0,0,0,0,0,0,0,0,1,0,0,0,0,0,0,0,640,0,0,0,0,0,0,0,1
2021-01-06T23:59:59+01:00,0,0,3,0,2,3,5,15,9,21,9,13,31,19,44,58,74,199,0,0,0,0,0,0,0,0,1,0,0,0,0,0,0,0,508,0,0,0,0,0,0,0,1
2021-01-05T23:59:59+01:00,0,0,2,0,1,3,5,14,9,19,9,12,30,18,43,57,71,191,0,0,0,0,0,0,0,0,1,0,0,0,0,0,0,0,487,0,0,0,0,0,0,0,1
2021-01-04T23:59:59+01:00,0,0,1,0,1,3,5,13,8,17,8,11,26,14,34,48,55,145,0,0,0,0,0,0,0,0,1,0,0,0,0,0,0,0,391,0,0,0,0,0,0,0,1
2021-01-03T23:59:59+01:00,0,0,1,0,1,3,4,13,8,17,7,11,26,14,34,48,55,144,0,0,0,0,0,0,0,0,1,0,0,0,0,0,0,0,388,0,0,0,0,0,0,0,1
2021-01-02T23:59:59+01:00,0,0,1,0,1,3,4,13,7,17,6,11,26,14,34,48,55,144,0,0,0,0,0,0,0,0,1,0,0,0,0,0,0,0,386,0,0,0,0,0,0,0,1
2021-01-01T23:59:59+01:00,0,0,1,0,1,3,4,13,7,17,6,11,26,14,34,48,55,144,0,0,0,0,0,0,0,0,1,0,0,0,0,0,0,0,386,0,0,0,0,0,0,0,1
2020-12-31T23:59:59+01:00,0,0,1,0,1,3,4,12,7,17,6,11,26,14,34,48,55,144,0,0,0,0,0,0,0,0,1,0,0,0,0,0,0,0,385,0,0,0,0,0,0,0,1
2020-12-30T23:59:59+01:00,0,0,1,0,1,3,4,12,7,16,6,11,26,14,34,48,55,144,0,0,0,0,0,0,0,0,1,0,0,0,0,0,0,0,384,0,0,0,0,0,0,0,1
2020-12-29T23:59:59+01:00,0,0,1,0,1,3,3,8,5,12,4,8,19,10,25,40,40,117,0,0,0,0,0,0,0,0,1,0,0,0,0,0,0,0,297,0,0,0,0,0,0,0,1
2020-12-28T23:59:59+01:00,0,0,1,0,1,1,1,2,3,6,3,4,11,3,8,15,24,58,0,0,0,0,0,0,0,0,1,0,0,0,0,0,0,0,142,0,0,0,0,0,0,0,1
2020-12-27T23:59:59+01:00,0,0,1,0,0,0,0,1,2,6,1,2,2,1,5,4,5,20,0,0,0,0,0,0,0,0,0,0,0,0,0,0,0,0,50,0,0,0,0,0,0,0,0
