Datum,<15_1_m,<15_1_w,15-24_1_m,15-24_1_w,25-34_1_m,25-34_1_w,35-44_1_m,35-44_1_w,45-54_1_m,45-54_1_w,55-64_1_m,55-64_1_w,65-74_1_m,65-74_1_w,75-84_1_m,75-84_1_w,>84_1_m,>84_1_w,<15_2_m,<15_2_w,15-24_2_m,15-24_2_w,25-34_2_m,25-34_2_w,35-44_2_m,35-44_2_w,45-54_2_m,45-54_2_w,55-64_2_m,55-64_2_w,65-74_2_m,65-74_2_w,75-84_2_m,75-84_2_w,>84_2_m,>84_2_w,bp_1,bp_2,mo_1,mo_2,az_1,az_2,ja,unb_1,unb_2
2021-10-25T23:59:59+02:00,242,224,4238,3655,10196,7166,9630,6593,8295,8767,5474,6095,1876,2329,1177,1620,320,914,184,166,3605,3141,9077,6398,8739,5972,7635,7985,5095,5663,1754,2199,1106,1532,281,842,50840,44891,7752,7077,9184,7908,12703,47,46
2021-10-24T23:59:59+02:00,239,223,4225,3640,10161,7149,9601,6574,8278,8747,5471,6087,1874,2329,1177,1620,320,914,183,165,3593,3131,9056,6389,8721,5962,7625,7973,5091,5658,1753,2199,1106,1531,281,842,50706,44827,7748,7072,9184,7906,12659,47,46
2021-10-23T23:59:59+02:00,238,223,4219,3634,10141,7146,9590,6567,8274,8740,5470,6083,1874,2329,1177,1620,320,914,183,165,3590,3128,9050,6388,8715,5959,7620,7972,5090,5657,1753,2199,1106,1531,281,842,50650,44812,7747,7070,9184,7906,12646,47,46
2021-10-22T23:59:59+02:00,237,220,4189,3619,10102,7126,9568,6554,8247,8709,5458,6063,1874,2328,1177,1620,320,914,182,164,3579,3122,9026,6375,8694,5952,7608,7962,5081,5646,1753,2196,1106,1530,281,842,50468,44733,7741,7065,9184,7906,12600,47,46
2021-10-21T23:59:59+02:00,233,219,4161,3599,10023,7103,9525,6517,8213,8662,5452,6041,1873,2324,1176,1619,320,914,179,163,3547,3099,8974,6356,8665,5933,7579,7939,5066,5633,1752,2193,1104,1529,281,842,50209,44561,7727,7053,9184,7904,12521,47,46
2021-10-20T23:59:59+02:00,232,217,4146,3580,10003,7087,9498,6501,8189,8645,5446,6030,1871,2321,1176,1619,320,914,177,162,3531,3084,8945,6336,8638,5920,7561,7926,5058,5624,1749,2191,1104,1527,281,840,50066,44423,7723,7044,9184,7902,12490,46,46
2021-10-19T23:59:59+02:00,229,216,4131,3569,9985,7082,9468,6489,8174,8633,5441,6023,1870,2320,1176,1619,320,913,173,161,3515,3067,8928,6320,8622,5907,7549,7912,5049,5615,1748,2186,1103,1526,281,840,49958,44295,7715,7041,9184,7902,12469,46,46
2021-10-18T23:59:59+02:00,229,214,4118,3561,9968,7072,9449,6478,8162,8622,5437,6010,1869,2316,1175,1618,320,913,173,161,3504,3054,8913,6306,8610,5899,7540,7903,5048,5604,1746,2184,1103,1526,281,838,49851,44211,7712,7032,9184,7902,12452,46,46
2021-10-17T23:59:59+02:00,229,212,4103,3557,9959,7063,9437,6474,8152,8619,5435,6006,1868,2316,1175,1617,319,912,173,158,3492,3047,8903,6303,8604,5894,7530,7895,5046,5600,1745,2180,1101,1526,281,838,49790,44148,7706,7029,9184,7902,12440,46,46
2021-10-16T23:59:59+02:00,229,212,4098,3555,9954,7061,9435,6473,8150,8616,5434,6005,1867,2316,1174,1616,319,912,173,157,3490,3045,8899,6301,8604,5893,7528,7893,5046,5600,1745,2180,1101,1526,281,838,49770,44140,7705,7028,9184,7901,12434,46,46
2021-10-15T23:59:59+02:00,225,211,4081,3547,9936,7051,9420,6465,8140,8601,5427,5999,1866,2316,1174,1616,319,912,173,155,3477,3039,8885,6290,8591,5888,7520,7886,5039,5596,1745,2180,1101,1525,281,838,49676,44073,7701,7026,9184,7901,12411,46,46
2021-10-14T23:59:59+02:00,224,211,4063,3536,9905,7031,9399,6447,8116,8581,5418,5990,1866,2313,1174,1615,318,911,171,149,3453,3026,8851,6263,8558,5860,7495,7873,5028,5586,1744,2175,1098,1525,281,838,49545,43904,7692,7010,9184,7899,12363,46,46
2021-10-13T23:59:59+02:00,221,210,4046,3528,9886,7017,9382,6435,8105,8566,5410,5983,1864,2312,1174,1613,318,911,169,149,3438,3018,8823,6245,8541,5849,7477,7863,5021,5580,1744,2175,1097,1524,281,838,49445,43801,7688,7004,9184,7899,12330,46,46
2021-10-12T23:59:59+02:00,219,209,4035,3521,9865,7003,9360,6425,8093,8550,5401,5974,1863,2310,1173,1613,318,911,167,147,3430,3004,8799,6226,8517,5834,7463,7850,5006,5569,1740,2170,1096,1523,281,838,49334,43656,7682,6999,9184,7898,12309,46,46
2021-10-11T23:59:59+02:00,217,207,4014,3515,9841,6997,9338,6413,8084,8533,5397,5964,1862,2309,1173,1613,318,911,165,147,3414,2993,8763,6214,8490,5814,7445,7830,4999,5560,1739,2169,1096,1523,281,838,49238,43520,7673,6987,9184,7898,12277,46,46
2021-10-10T23:59:59+02:00,216,205,4003,3508,9828,6986,9330,6402,8073,8524,5393,5956,1862,2309,1172,1613,318,911,163,147,3405,2990,8744,6208,8476,5806,7432,7827,4993,5553,1738,2168,1096,1522,281,838,49166,43448,7667,6984,9184,7898,12258,46,46
2021-10-09T23:59:59+02:00,216,205,4002,3507,9824,6986,9318,6396,8070,8522,5391,5956,1862,2308,1172,1613,318,911,163,146,3403,2983,8742,6206,8466,5798,7429,7826,4990,5552,1738,2168,1096,1522,281,838,49148,43427,7667,6980,9184,7897,12244,46,46
2021-10-08T23:59:59+02:00,214,204,3989,3498,9802,6976,9305,6385,8056,8507,5386,5953,1860,2307,1172,1613,318,911,163,146,3395,2970,8716,6196,8452,5790,7424,7809,4981,5550,1734,2166,1095,1521,281,838,49064,43342,7665,6979,9184,7897,12209,46,46
2021-10-07T23:59:59+02:00,212,202,3963,3483,9763,6956,9262,6375,8033,8486,5380,5947,1859,2302,1172,1613,318,911,162,144,3363,2943,8670,6174,8423,5777,7401,7780,4962,5540,1731,2161,1095,1520,281,838,48904,43154,7660,6959,9184,7897,12154,46,46
2021-10-06T23:59:59+02:00,210,201,3953,3476,9735,6938,9247,6369,8025,8478,5373,5939,1857,2299,1172,1611,318,910,161,144,3348,2929,8648,6161,8405,5768,7393,7764,4960,5529,1729,2158,1095,1519,281,838,48810,43055,7656,6953,9184,7895,12126,46,46
2021-10-05T23:59:59+02:00,210,199,3936,3464,9718,6920,9225,6355,8008,8456,5365,5934,1856,2297,1172,1610,318,910,160,144,3331,2914,8624,6150,8379,5750,7374,7738,4950,5522,1727,2154,1094,1517,281,838,48701,42926,7654,6945,9184,7895,12079,46,46
2021-10-04T23:59:59+02:00,210,198,3912,3451,9688,6904,9188,6339,7992,8446,5359,5925,1854,2296,1171,1605,318,908,160,144,3317,2904,8598,6129,8342,5738,7354,7713,4941,5507,1726,2152,1094,1516,280,838,48581,42796,7646,6940,9183,7895,12019,46,46
2021-10-03T23:59:59+02:00,210,198,3891,3441,9660,6889,9173,6329,7978,8434,5357,5917,1852,2294,1170,1604,318,908,160,144,3299,2898,8567,6118,8331,5729,7345,7700,4936,5501,1724,2149,1094,1515,280,838,48495,42727,7641,6937,9183,7892,11969,46,46
2021-10-02T23:59:59+02:00,210,198,3887,3438,9658,6887,9170,6328,7976,8434,5354,5915,1851,2293,1170,1604,318,908,160,144,3296,2898,8563,6117,8329,5729,7340,7699,4935,5497,1723,2148,1094,1515,280,838,48483,42715,7638,6937,9183,7890,11960,46,46
2021-10-01T23:59:59+02:00,209,197,3874,3434,9636,6881,9158,6320,7963,8424,5350,5906,1848,2291,1170,1604,318,907,158,140,3278,2886,8544,6108,8314,5717,7331,7688,4929,5490,1721,2148,1093,1515,280,838,48418,42637,7635,6933,9183,7886,11919,46,46
2021-09-30T23:59:59+02:00,208,195,3843,3411,9587,6859,9122,6295,7935,8398,5333,5892,1845,2288,1169,1604,318,906,156,139,3256,2860,8496,6079,8281,5696,7312,7657,4914,5476,1720,2142,1093,1515,280,837,48243,42496,7627,6908,9183,7882,11818,46,46
2021-09-29T23:59:59+02:00,206,193,3820,3395,9540,6842,9105,6273,7922,8371,5324,5886,1843,2285,1168,1602,318,905,156,139,3236,2850,8461,6072,8265,5673,7301,7636,4904,5464,1720,2140,1093,1514,280,837,48104,42404,7620,6900,9183,7877,11753,46,46
2021-09-28T23:59:59+02:00,204,193,3804,3383,9501,6816,9073,6261,7897,8337,5315,5869,1842,2278,1168,1601,318,903,153,138,3217,2838,8435,6047,8242,5661,7276,7608,4895,5452,1720,2134,1093,1513,280,836,47964,42297,7615,6895,9183,7876,11662,46,46
2021-09-27T23:59:59+02:00,202,193,3780,3368,9465,6787,9048,6236,7880,8307,5301,5857,1838,2267,1167,1601,317,902,153,137,3192,2829,8392,6020,8213,5633,7254,7579,4882,5443,1717,2125,1093,1512,280,835,47840,42164,7601,6892,9183,7872,11553,46,46
2021-09-26T23:59:59+02:00,200,193,3768,3359,9446,6774,9037,6228,7867,8295,5297,5852,1833,2266,1165,1600,317,902,152,136,3180,2822,8371,6015,8202,5622,7240,7572,4874,5433,1713,2125,1093,1511,280,834,47774,42103,7596,6888,9182,7868,11508,46,46
2021-09-25T23:59:59+02:00,199,192,3761,3358,9436,6769,9033,6224,7862,8293,5295,5851,1833,2265,1165,1599,317,902,152,135,3173,2819,8363,6011,8198,5619,7237,7567,4873,5430,1712,2124,1092,1508,280,834,47755,42083,7593,6885,9182,7866,11485,46,46
2021-09-24T23:59:59+02:00,198,190,3742,3346,9405,6755,9018,6212,7839,8273,5287,5839,1832,2263,1165,1598,317,902,151,134,3159,2806,8337,5996,8186,5607,7215,7552,4866,5421,1712,2120,1092,1508,280,834,47665,42019,7591,6879,9182,7866,11403,46,46
2021-09-23T23:59:59+02:00,196,188,3705,3329,9343,6721,8965,6165,7797,8225,5267,5819,1826,2256,1163,1595,317,902,150,133,3136,2792,8284,5967,8137,5568,7173,7506,4847,5403,1703,2116,1091,1506,280,834,47500,41909,7580,6871,9182,7862,11174,46,46
2021-09-22T23:59:59+02:00,193,188,3684,3315,9316,6696,8937,6145,7763,8211,5251,5809,1824,2253,1162,1595,317,902,148,130,3113,2784,8255,5943,8112,5553,7143,7486,4832,5397,1700,2109,1089,1506,280,833,47373,41788,7575,6867,9180,7856,11089,46,46
2021-09-21T23:59:59+02:00,191,184,3663,3300,9287,6673,8890,6122,7730,8185,5236,5798,1823,2253,1162,1595,317,902,147,130,3089,2770,8218,5916,8067,5538,7107,7454,4815,5377,1698,2108,1088,1505,280,833,47240,41632,7568,6860,9180,7856,10977,46,46
2021-09-20T23:59:59+02:00,189,184,3636,3283,9247,6658,8853,6100,7694,8152,5229,5783,1819,2251,1162,1595,317,900,147,127,3068,2745,8175,5898,8027,5514,7072,7425,4807,5357,1695,2106,1087,1504,279,833,47105,41490,7565,6854,9179,7851,10853,46,46
2021-09-19T23:59:59+02:00,188,183,3619,3274,9217,6650,8839,6094,7688,8141,5221,5776,1818,2248,1161,1593,317,899,145,127,3061,2738,8146,5884,8008,5507,7057,7409,4799,5349,1694,2102,1086,1503,279,832,47041,41422,7558,6845,9179,7845,10796,46,46
2021-09-18T23:59:59+02:00,187,183,3615,3271,9211,6648,8832,6091,7685,8139,5219,5775,1818,2248,1161,1593,317,899,144,127,3054,2736,8136,5881,7997,5503,7051,7407,4795,5344,1694,2102,1086,1502,279,832,47026,41380,7556,6844,9178,7845,10780,46,46
2021-09-17T23:59:59+02:00,187,182,3596,3262,9173,6632,8803,6077,7666,8126,5210,5766,1817,2243,1159,1593,317,899,144,126,3038,2728,8095,5865,7967,5491,7028,7396,4787,5335,1694,2100,1085,1502,279,832,46933,41298,7549,6832,9176,7842,10697,46,46
2021-09-16T23:59:59+02:00,187,181,3570,3234,9118,6606,8755,6050,7629,8092,5190,5753,1815,2238,1157,1593,317,898,144,125,3026,2715,8055,5840,7934,5466,7007,7371,4773,5328,1692,2099,1085,1502,278,831,46720,41180,7524,6823,9175,7834,10609,46,46
2021-09-15T23:59:59+02:00,185,181,3546,3220,9085,6589,8725,6025,7602,8071,5184,5734,1812,2234,1154,1593,316,897,141,125,3009,2711,8029,5827,7907,5439,6974,7352,4757,5312,1690,2096,1085,1499,276,828,46569,41048,7518,6816,9175,7833,10533,46,46
2021-09-14T23:59:59+02:00,184,180,3526,3199,9042,6568,8679,5997,7575,8040,5172,5717,1810,2230,1153,1592,315,897,141,123,2989,2695,7988,5803,7866,5420,6948,7328,4742,5296,1689,2096,1084,1496,276,827,46408,40915,7508,6807,9175,7830,10425,46,46
2021-09-13T23:59:59+02:00,182,179,3511,3183,9002,6545,8649,5977,7557,8009,5157,5700,1808,2226,1153,1592,315,896,139,121,2975,2685,7956,5788,7849,5407,6939,7306,4733,5291,1688,2093,1084,1495,276,827,46244,40816,7488,6802,9174,7827,10373,46,46
2021-09-12T23:59:59+02:00,182,178,3493,3179,8977,6534,8638,5968,7546,7993,5149,5691,1807,2225,1152,1589,315,895,138,120,2960,2676,7930,5773,7839,5396,6922,7290,4729,5282,1684,2092,1084,1495,276,826,46158,40732,7486,6796,9174,7819,10330,46,46
2021-09-11T23:59:59+02:00,182,178,3490,3177,8969,6529,8634,5966,7545,7991,5146,5689,1806,2224,1151,1589,315,895,137,120,2958,2675,7921,5770,7835,5393,6921,7285,4728,5280,1684,2092,1084,1495,276,826,46141,40717,7484,6794,9172,7819,10314,46,46
2021-09-10T23:59:59+02:00,181,174,3461,3170,8943,6509,8616,5952,7519,7970,5133,5669,1802,2221,1150,1589,315,895,136,117,2943,2669,7896,5747,7817,5378,6898,7265,4713,5261,1683,2091,1084,1493,276,826,46054,40653,7481,6789,9172,7818,10196,46,46
2021-09-09T23:59:59+02:00,179,171,3441,3149,8896,6481,8580,5927,7497,7931,5117,5658,1799,2218,1150,1589,315,895,134,116,2928,2657,7862,5719,7790,5357,6875,7235,4700,5246,1682,2087,1084,1493,276,826,45877,40538,7473,6778,9172,7809,10104,46,45
2021-09-08T23:59:59+02:00,178,170,3421,3134,8862,6469,8554,5898,7478,7902,5102,5641,1795,2216,1149,1587,315,894,132,114,2911,2645,7819,5701,7754,5333,6847,7199,4688,5224,1681,2086,1083,1493,275,826,45770,40407,7464,6769,9169,7805,9991,46,45
2021-09-07T23:59:59+02:00,177,168,3400,3128,8844,6443,8525,5877,7457,7882,5087,5630,1795,2214,1148,1586,315,891,130,113,2894,2634,7790,5677,7729,5310,6829,7173,4675,5212,1678,2082,1082,1492,275,826,45638,40276,7461,6759,9169,7801,9926,46,45
2021-09-06T23:59:59+02:00,177,168,3380,3119,8813,6422,8500,5866,7437,7857,5078,5617,1791,2204,1146,1586,314,891,130,113,2875,2622,7763,5663,7704,5300,6812,7145,4668,5198,1672,2080,1082,1492,275,826,45507,40167,7459,6756,9168,7800,9858,46,45
2021-09-05T23:59:59+02:00,177,167,3365,3114,8804,6413,8488,5856,7435,7847,5071,5606,1788,2203,1146,1586,314,890,130,112,2864,2620,7747,5650,7693,5286,6805,7138,4658,5191,1669,2079,1082,1491,275,826,45452,40112,7457,6747,9167,7799,9819,46,45
2021-09-04T23:59:59+02:00,177,166,3360,3112,8801,6407,8481,5854,7432,7846,5071,5605,1787,2203,1146,1586,314,890,129,112,2859,2615,7743,5642,7686,5286,6800,7136,4657,5190,1666,2078,1081,1491,275,826,45435,40088,7457,6744,9167,7797,9804,46,45
2021-09-03T23:59:59+02:00,175,164,3346,3093,8767,6397,8462,5837,7414,7831,5058,5590,1784,2200,1146,1585,314,888,128,109,2841,2600,7714,5628,7665,5268,6781,7114,4644,5170,1662,2077,1081,1489,275,824,45350,40002,7446,6721,9167,7796,9711,46,45
2021-09-02T23:59:59+02:00,175,162,3323,3074,8717,6372,8421,5816,7393,7805,5045,5572,1779,2195,1144,1584,313,887,127,108,2824,2587,7664,5607,7631,5250,6756,7087,4635,5149,1658,2072,1079,1487,275,821,45216,39892,7435,6711,9165,7793,9581,46,44
2021-09-01T23:59:59+02:00,172,162,3306,3062,8677,6357,8394,5804,7373,7787,5033,5565,1778,2192,1143,1581,313,887,124,106,2808,2579,7618,5583,7598,5233,6728,7064,4623,5136,1655,2070,1078,1484,275,821,45103,39748,7422,6690,9165,7791,9512,46,44
2021-08-31T23:59:59+02:00,170,161,3290,3053,8633,6333,8374,5793,7355,7766,5026,5556,1775,2190,1142,1580,312,886,122,106,2793,2568,7574,5562,7576,5215,6704,7036,4611,5117,1651,2068,1077,1484,274,821,45000,39631,7417,6681,9165,7777,9425,46,44
2021-08-30T23:59:59+02:00,169,161,3263,3035,8593,6306,8331,5769,7318,7735,5013,5540,1771,2188,1141,1580,312,886,122,105,2763,2554,7527,5539,7539,5196,6670,7015,4600,5098,1647,2066,1076,1484,274,820,44842,39503,7416,6671,9164,7775,9299,46,44
2021-08-29T23:59:59+02:00,168,160,3251,3018,8566,6298,8312,5761,7310,7725,5005,5531,1770,2185,1141,1580,311,886,122,102,2740,2534,7493,5530,7520,5178,6657,7001,4589,5093,1645,2065,1075,1483,273,820,44770,39400,7410,6660,9164,7770,9240,46,44
2021-08-28T23:59:59+02:00,167,160,3244,3017,8560,6295,8307,5759,7303,7722,5005,5529,1770,2184,1141,1579,311,886,122,101,2734,2529,7487,5525,7515,5176,6652,6997,4586,5092,1645,2065,1075,1482,273,820,44751,39376,7410,6659,9164,7770,9220,46,44
2021-08-27T23:59:59+02:00,165,160,3234,3014,8542,6283,8285,5751,7283,7712,4993,5521,1770,2184,1141,1578,311,886,122,100,2721,2524,7469,5517,7494,5163,6637,6989,4576,5084,1645,2065,1074,1480,273,820,44687,39314,7409,6658,9163,7769,9158,46,44
2021-08-26T23:59:59+02:00,165,159,3208,3001,8503,6260,8249,5737,7260,7690,4979,5510,1768,2181,1141,1577,311,885,120,97,2698,2501,7429,5490,7446,5135,6602,6961,4552,5069,1639,2059,1074,1479,273,820,44548,39125,7402,6639,9163,7749,9068,46,44
2021-08-25T23:59:59+02:00,161,157,3185,2992,8465,6243,8214,5722,7235,7666,4966,5488,1764,2178,1141,1575,311,885,117,94,2661,2483,7378,5451,7397,5099,6565,6924,4535,5042,1638,2054,1073,1478,273,820,44435,38891,7396,6631,9163,7742,8949,46,44
2021-08-24T23:59:59+02:00,161,156,3180,2983,8446,6228,8195,5704,7219,7645,4956,5477,1761,2177,1140,1573,311,883,116,94,2642,2463,7345,5422,7364,5077,6539,6898,4519,5025,1638,2052,1072,1478,273,819,44359,38729,7392,6621,9163,7738,8873,46,44
2021-08-23T23:59:59+02:00,160,149,3156,2963,8400,6207,8151,5682,7189,7615,4942,5464,1761,2176,1138,1572,311,882,115,93,2616,2442,7299,5384,7324,5060,6504,6866,4504,5008,1634,2051,1072,1477,272,819,44217,38571,7381,6609,9160,7732,8746,46,44
2021-08-22T23:59:59+02:00,158,149,3144,2953,8385,6188,8136,5674,7169,7604,4935,5458,1760,2175,1137,1572,311,882,114,93,2602,2427,7266,5362,7300,5047,6484,6847,4499,4999,1631,2046,1071,1477,271,818,44140,38440,7373,6598,9160,7729,8700,46,44
2021-08-21T23:59:59+02:00,157,149,3136,2949,8374,6180,8126,5672,7164,7599,4933,5452,1759,2175,1137,1571,311,882,109,92,2593,2419,7248,5349,7280,5037,6472,6840,4491,4991,1630,2044,1070,1477,271,818,44093,38361,7370,6571,9160,7727,8683,46,44
2021-08-20T23:59:59+02:00,156,147,3126,2940,8349,6164,8095,5653,7145,7579,4921,5440,1757,2172,1137,1570,311,880,107,90,2564,2405,7204,5314,7245,5008,6437,6804,4475,4971,1624,2040,1069,1474,271,816,44023,38194,7361,6534,9159,7718,8577,46,44
2021-08-19T23:59:59+02:00,155,144,3106,2927,8306,6139,8056,5634,7125,7552,4908,5422,1751,2169,1136,1568,311,879,104,85,2518,2386,7123,5263,7185,4972,6390,6746,4445,4939,1620,2036,1069,1473,271,816,43894,37867,7349,6504,9157,7707,8461,46,44
2021-08-18T23:59:59+02:00,154,142,3093,2920,8280,6122,8026,5621,7093,7534,4896,5413,1746,2167,1136,1568,310,878,102,83,2492,2369,7057,5229,7129,4937,6348,6713,4422,4916,1615,2032,1067,1472,271,816,43784,37629,7344,6452,9156,7699,8386,46,44
2021-08-17T23:59:59+02:00,154,142,3076,2909,8257,6095,7998,5608,7079,7512,4885,5401,1743,2165,1135,1567,309,878,97,79,2465,2349,7000,5183,7086,4902,6320,6673,4404,4896,1607,2026,1066,1468,270,816,43663,37359,7338,6417,9155,7693,8327,46,44
2021-08-16T23:59:59+02:00,152,141,3065,2898,8236,6078,7979,5602,7067,7497,4872,5388,1742,2164,1134,1567,309,878,90,77,2434,2321,6927,5140,7018,4866,6272,6630,4373,4869,1605,2024,1063,1467,270,816,43574,36990,7333,6403,9155,7681,8275,46,44
2021-08-15T23:59:59+02:00,151,140,3057,2884,8209,6068,7963,5589,7049,7483,4867,5378,1740,2161,1134,1566,309,878,81,74,2402,2284,6867,5110,6980,4838,6231,6601,4360,4857,1601,2018,1062,1465,270,816,43480,36708,7326,6381,9154,7676,8234,46,44
2021-08-14T23:59:59+02:00,150,140,3051,2877,8198,6064,7954,5588,7048,7481,4863,5376,1738,2160,1134,1565,309,878,81,73,2393,2276,6841,5098,6967,4828,6223,6588,4341,4848,1598,2015,1062,1463,270,815,43459,36614,7325,6368,9154,7675,8204,46,44
2021-08-13T23:59:59+02:00,150,139,3037,2873,8178,6055,7944,5575,7034,7470,4855,5369,1738,2156,1133,1564,309,878,81,71,2357,2254,6795,5068,6928,4801,6182,6560,4330,4833,1597,2011,1061,1463,270,815,43394,36377,7324,6353,9154,7674,8150,46,44
2021-08-12T23:59:59+02:00,148,134,3019,2864,8147,6032,7914,5557,7012,7446,4841,5355,1736,2154,1130,1562,309,878,80,70,2319,2219,6707,5019,6876,4764,6135,6511,4305,4803,1594,2008,1058,1462,270,815,43292,36066,7316,6325,9152,7652,8042,44,44
2021-08-11T23:59:59+02:00,146,131,3003,2847,8107,6007,7894,5547,6990,7425,4830,5341,1734,2152,1130,1561,308,878,78,67,2292,2188,6625,4963,6801,4723,6078,6449,4284,4764,1589,2000,1058,1460,270,813,43168,35651,7305,6294,9147,7645,7974,44,44
2021-08-10T23:59:59+02:00,146,130,2984,2837,8076,5994,7868,5528,6961,7410,4812,5332,1731,2152,1130,1559,308,877,77,62,2220,2132,6514,4904,6715,4654,5989,6383,4237,4739,1579,1992,1056,1458,270,812,43062,35055,7295,6270,9144,7631,7895,44,44
2021-08-09T23:59:59+02:00,143,130,2964,2830,8046,5973,7844,5518,6937,7391,4803,5321,1730,2151,1130,1559,308,876,74,61,2158,2074,6413,4833,6618,4611,5919,6327,4209,4706,1573,1982,1055,1457,270,812,42977,34571,7288,6219,9144,7608,7803,44,44
2021-08-08T23:59:59+02:00,143,129,2951,2823,8030,5963,7828,5506,6927,7383,4797,5317,1727,2151,1130,1559,308,876,74,60,2133,2047,6353,4797,6577,4584,5880,6304,4197,4689,1564,1978,1054,1455,270,812,42922,34339,7285,6174,9140,7600,7758,44,44
2021-08-07T23:59:59+02:00,142,128,2944,2816,8010,5950,7814,5499,6921,7373,4792,5312,1725,2151,1129,1559,308,876,71,53,2102,2026,6275,4748,6522,4550,5847,6266,4180,4675,1560,1977,1054,1452,270,812,42864,34023,7280,6146,9140,7590,7722,44,44
2021-08-06T23:59:59+02:00,142,127,2933,2808,7983,5939,7783,5477,6901,7352,4781,5298,1720,2149,1129,1558,308,876,64,50,2063,1991,6178,4675,6448,4515,5807,6228,4159,4654,1557,1973,1053,1449,270,812,42802,33679,7263,6118,9140,7573,7615,44,44
2021-08-05T23:59:59+02:00,141,126,2909,2791,7959,5920,7746,5457,6878,7330,4762,5275,1716,2146,1127,1554,308,875,58,46,2023,1944,6051,4567,6340,4455,5738,6164,4122,4614,1550,1965,1050,1447,270,812,42673,33193,7255,6031,9138,7516,7505,44,44
2021-08-04T23:59:59+02:00,138,122,2868,2771,7891,5889,7709,5432,6850,7298,4744,5260,1712,2142,1124,1553,308,875,58,41,1965,1912,5929,4501,6218,4402,5672,6097,4094,4576,1540,1958,1045,1444,270,811,42465,32707,7242,5980,9138,7483,7380,44,44
2021-08-03T23:59:59+02:00,136,121,2853,2753,7864,5877,7673,5416,6828,7272,4732,5247,1708,2141,1123,1550,308,875,55,41,1932,1882,5831,4439,6112,4350,5603,6039,4054,4535,1535,1951,1044,1442,270,811,42332,32235,7237,5936,9137,7459,7308,44,44
2021-08-02T23:59:59+02:00,136,121,2830,2730,7833,5855,7649,5405,6806,7256,4715,5236,1707,2137,1122,1550,307,875,54,40,1908,1847,5707,4347,6000,4289,5536,5985,4009,4501,1529,1938,1043,1439,269,810,42197,31674,7230,5895,9136,7441,7242,44,44
2021-08-01T23:59:59+02:00,136,120,2815,2714,7804,5834,7635,5389,6794,7248,4709,5229,1706,2136,1120,1550,307,875,48,38,1888,1828,5632,4303,5940,4245,5492,5963,3994,4481,1527,1935,1041,1436,269,810,42106,31384,7218,5867,9135,7420,7195,44,44
2021-07-31T23:59:59+02:00,134,119,2807,2706,7790,5827,7627,5385,6788,7239,4708,5227,1705,2135,1120,1550,307,875,45,28,1850,1786,5534,4239,5875,4198,5440,5925,3968,4457,1522,1932,1041,1435,269,810,42065,30903,7216,5855,9135,7416,7166,44,44
2021-07-30T23:59:59+02:00,132,117,2797,2698,7765,5811,7615,5368,6771,7225,4701,5219,1704,2134,1120,1549,307,875,41,27,1828,1764,5454,4202,5811,4145,5383,5878,3942,4438,1518,1930,1040,1432,269,810,41987,30548,7204,5829,9135,7405,7112,44,44
2021-07-29T23:59:59+02:00,130,115,2762,2681,7713,5769,7575,5325,6742,7185,4676,5199,1703,2129,1118,1548,307,875,36,24,1789,1735,5332,4104,5681,4071,5293,5793,3893,4387,1511,1921,1037,1430,269,810,41785,29977,7189,5774,9129,7366,6972,44,44
2021-07-28T23:59:59+02:00,128,113,2743,2667,7683,5742,7548,5298,6719,7163,4662,5185,1699,2127,1117,1546,306,874,35,21,1752,1689,5235,4033,5565,4000,5208,5720,3855,4354,1499,1914,1035,1428,269,809,41611,29419,7179,5714,9125,7324,6928,44,44
2021-07-27T23:59:59+02:00,123,111,2727,2647,7645,5726,7517,5279,6700,7145,4650,5173,1699,2126,1117,1545,305,874,33,21,1708,1661,5102,3954,5440,3919,5117,5652,3815,4302,1492,1903,1034,1425,268,809,41493,28844,7162,5632,9124,7280,6853,44,44
2021-07-26T23:59:59+02:00,121,109,2704,2631,7610,5700,7485,5259,6677,7124,4644,5162,1697,2126,1115,1544,305,874,33,21,1663,1607,4965,3886,5338,3851,5044,5582,3754,4268,1489,1891,1033,1419,268,808,41348,28271,7140,5562,9121,7231,6796,44,44
2021-07-25T23:59:59+02:00,114,107,2689,2617,7573,5681,7458,5251,6658,7106,4635,5158,1695,2123,1114,1542,305,873,30,18,1640,1580,4906,3839,5280,3821,4996,5547,3721,4244,1485,1887,1032,1419,268,808,41213,27982,7132,5530,9119,7197,6747,44,44
2021-07-24T23:59:59+02:00,114,105,2675,2607,7546,5670,7434,5235,6644,7093,4625,5154,1694,2120,1114,1542,305,873,30,17,1620,1558,4859,3819,5209,3773,4954,5523,3701,4236,1484,1885,1031,1417,268,807,41137,27787,7110,5442,9118,7196,6695,44,44
2021-07-23T23:59:59+02:00,112,103,2651,2586,7497,5648,7409,5210,6607,7069,4605,5143,1692,2116,1112,1542,305,873,26,14,1561,1528,4718,3712,5079,3701,4881,5453,3649,4206,1482,1876,1030,1412,267,807,40968,27135,7103,5415,9116,7175,6596,44,44
2021-07-22T23:59:59+02:00,111,100,2620,2558,7423,5603,7357,5172,6561,7022,4570,5119,1685,2109,1111,1541,305,872,24,14,1508,1487,4553,3636,4927,3620,4727,5371,3568,4152,1469,1867,1025,1410,267,806,40663,26476,7080,5274,9105,7107,6483,44,44
2021-07-21T23:59:59+02:00,109,96,2593,2541,7359,5571,7307,5132,6503,6982,4548,5096,1678,2103,1111,1538,305,870,24,12,1472,1442,4433,3554,4793,3555,4623,5264,3497,4110,1458,1855,1023,1409,267,804,40415,26001,7040,5067,9099,7046,6374,44,43
2021-07-20T23:59:59+02:00,109,96,2572,2517,7307,5537,7271,5103,6465,6941,4521,5077,1674,2099,1111,1537,305,870,23,12,1438,1410,4316,3486,4706,3502,4524,5183,3443,4077,1453,1846,1022,1408,267,803,40171,25519,7030,4991,9097,6991,6295,44,43
2021-07-19T23:59:59+02:00,108,96,2552,2493,7252,5500,7226,5082,6421,6909,4502,5061,1668,2092,1109,1534,305,869,23,10,1415,1383,4242,3439,4621,3467,4450,5120,3408,4049,1447,1840,1018,1405,265,802,39889,25201,7019,4866,9095,6951,6253,44,43
2021-07-18T23:59:59+02:00,108,94,2525,2468,7188,5464,7192,5054,6384,6870,4485,5051,1662,2087,1108,1534,304,868,21,10,1396,1358,4194,3400,4583,3436,4402,5096,3374,4036,1441,1831,1017,1405,265,800,39604,24998,7003,4787,9089,6925,6220,44,42
2021-07-17T23:59:59+02:00,103,92,2513,2454,7168,5451,7174,5038,6364,6856,4463,5040,1657,2086,1108,1533,304,866,21,10,1384,1345,4159,3367,4533,3414,4360,5066,3344,4024,1434,1828,1017,1403,265,800,39497,24827,6993,4731,9087,6916,6161,44,42
2021-07-16T23:59:59+02:00,103,89,2478,2434,7109,5415,7114,4998,6321,6813,4436,5012,1651,2080,1107,1532,304,866,20,9,1341,1318,4061,3313,4442,3371,4279,5010,3283,3977,1421,1819,1011,1401,265,799,39317,24479,6971,4697,9080,6851,5956,44,42
2021-07-15T23:59:59+02:00,101,85,2433,2407,7041,5379,7057,4960,6275,6760,4418,4986,1648,2075,1105,1529,302,866,12,9,1287,1284,3865,3204,4253,3270,4136,4913,3218,3911,1411,1811,1007,1397,263,799,39000,23777,6953,4456,9074,6786,5855,44,42
2021-07-14T23:59:59+02:00,100,82,2399,2391,6973,5347,6987,4927,6221,6713,4396,4963,1640,2068,1103,1527,302,866,11,9,1241,1241,3743,3114,4149,3203,4026,4847,3171,3867,1399,1801,1006,1394,263,799,38690,23272,6933,4352,9072,6714,5759,44,42
2021-07-13T23:59:59+02:00,96,79,2365,2364,6919,5317,6923,4889,6180,6664,4374,4945,1630,2063,1101,1527,302,866,10,7,1208,1202,3638,3024,4025,3132,3938,4757,3118,3807,1370,1794,1003,1389,261,797,38369,22769,6926,4215,9069,6612,5684,44,42
2021-07-12T23:59:59+02:00,91,79,2340,2341,6854,5275,6856,4846,6129,6623,4347,4920,1625,2060,1098,1527,302,866,9,7,1175,1180,3529,2937,3912,3062,3836,4678,3066,3761,1357,1784,998,1381,261,797,38038,22307,6912,4085,9066,6527,5599,44,41
2021-07-11T23:59:59+02:00,85,76,2327,2328,6818,5250,6827,4824,6101,6605,4337,4912,1622,2055,1096,1527,301,866,9,7,1161,1163,3481,2892,3852,3026,3783,4649,3044,3747,1347,1771,995,1377,261,797,37924,22117,6891,4046,9061,6467,5514,44,41
2021-07-10T23:59:59+02:00,84,75,2298,2294,6738,5209,6763,4786,6052,6569,4313,4901,1619,2052,1096,1524,301,865,9,7,1138,1141,3424,2852,3804,2996,3746,4618,3027,3735,1341,1764,995,1375,261,797,37677,21934,6865,4045,9047,6452,5374,44,41
2021-07-09T23:59:59+02:00,82,72,2270,2274,6671,5176,6718,4764,6005,6536,4295,4878,1617,2046,1096,1523,301,865,5,3,1113,1125,3375,2803,3752,2955,3696,4581,3000,3707,1338,1748,993,1374,261,797,37452,21699,6837,4012,9036,6397,5281,44,41
2021-07-08T23:59:59+02:00,77,69,2222,2233,6583,5108,6621,4713,5939,6471,4258,4843,1610,2037,1094,1519,301,865,4,3,1040,1074,3209,2712,3559,2875,3515,4487,2929,3643,1323,1732,990,1365,260,796,37130,21199,6764,3721,9003,6257,5077,44,41
2021-07-07T23:59:59+02:00,77,68,2150,2187,6475,5033,6518,4660,5868,6413,4227,4796,1603,2028,1091,1514,300,865,4,3,985,1039,3057,2628,3381,2791,3355,4382,2874,3580,1307,1702,981,1355,260,793,36644,20626,6725,3476,8982,6175,4922,44,41
2021-07-06T23:59:59+02:00,74,68,2103,2147,6368,4982,6428,4612,5814,6345,4187,4762,1596,2023,1088,1509,300,865,4,3,948,997,2941,2523,3293,2731,3280,4290,2822,3523,1281,1670,977,1347,260,793,36198,20117,6674,3362,8966,6089,4823,44,41
2021-07-05T23:59:59+02:00,71,68,2036,2106,6230,4913,6313,4574,5745,6287,4148,4725,1591,2016,1086,1507,300,863,4,3,905,960,2833,2451,3211,2686,3205,4223,2778,3468,1259,1653,971,1337,260,789,35711,19729,6629,3286,8941,6003,4674,44,40
2021-07-04T23:59:59+02:00,71,67,1993,2062,6149,4872,6275,4544,5702,6266,4131,4703,1588,2014,1086,1505,300,862,4,3,864,933,2769,2403,3174,2661,3173,4188,2757,3447,1245,1632,969,1336,259,789,35502,19581,6589,3229,8917,5929,4555,44,40
2021-07-03T23:59:59+02:00,68,53,1897,1980,5931,4709,6123,4458,5618,6179,4084,4670,1585,2010,1085,1501,300,862,4,3,825,904,2699,2355,3117,2633,3133,4140,2727,3416,1239,1627,968,1332,259,787,34667,19386,6555,3226,8909,5904,4338,44,40
2021-07-02T23:59:59+02:00,59,45,1860,1943,5858,4668,6079,4429,5598,6151,4069,4652,1584,2003,1083,1500,299,862,4,3,803,878,2626,2302,3048,2588,3088,4089,2696,3379,1218,1610,964,1326,259,785,34389,19071,6520,3197,8904,5801,4277,44,40
2021-07-01T23:59:59+02:00,54,38,1812,1907,5752,4595,5998,4377,5519,6084,4042,4622,1581,1997,1082,1499,299,861,4,3,729,833,2432,2221,2862,2498,2904,3969,2596,3288,1194,1586,953,1311,259,783,33968,18268,6472,2980,8888,5698,4133,44,40
2021-06-30T23:59:59+02:00,54,36,1762,1852,5630,4516,5897,4328,5459,6035,4028,4597,1577,1989,1080,1496,299,861,4,2,694,796,2324,2148,2748,2442,2793,3876,2529,3210,1170,1558,945,1301,258,782,33535,17787,6408,2855,8873,5563,4010,44,40
2021-06-29T23:59:59+02:00,52,34,1702,1768,5516,4434,5795,4269,5407,5975,3999,4567,1569,1984,1079,1495,299,860,3,2,662,745,2236,2067,2672,2378,2690,3756,2472,3158,1157,1524,932,1291,258,779,32997,17286,6373,2784,8865,5445,3887,43,40
2021-06-28T23:59:59+02:00,51,33,1666,1710,5394,4369,5727,4218,5359,5935,3970,4541,1567,1975,1078,1493,299,860,3,2,648,717,2136,2000,2593,2318,2616,3671,2418,3108,1141,1506,925,1285,258,777,32573,16939,6312,2638,8854,5344,3809,43,40
2021-06-27T23:59:59+02:00,51,32,1635,1680,5342,4330,5684,4186,5313,5921,3957,4529,1564,1971,1078,1492,299,860,3,2,629,699,2084,1960,2549,2291,2570,3632,2387,3089,1134,1494,924,1275,258,777,32381,16787,6280,2579,8831,5260,3734,43,40
2021-06-26T23:59:59+02:00,44,27,1604,1653,5272,4282,5592,4142,5272,5887,3938,4514,1564,1969,1078,1490,299,860,3,2,622,687,2051,1932,2514,2269,2552,3606,2364,3071,1116,1484,923,1273,258,777,32018,16554,6196,2574,8831,5242,3733,43,40
2021-06-25T23:59:59+02:00,38,21,1565,1615,5169,4209,5536,4115,5234,5863,3914,4504,1561,1966,1076,1489,298,860,2,2,612,663,1997,1904,2448,2200,2453,3473,2322,2968,1104,1462,920,1269,257,776,31593,16082,6166,2545,8830,5061,3730,43,40
2021-06-24T23:59:59+02:00,22,17,1511,1562,4983,4098,5406,4059,5132,5820,3875,4477,1557,1962,1076,1488,297,860,2,2,573,642,1885,1831,2268,2128,2281,3389,2217,2872,1072,1440,912,1263,256,773,30936,15564,6107,2216,8819,4978,3614,43,40
2021-06-23T23:59:59+02:00,21,17,1478,1516,4897,4044,5326,4001,5084,5776,3853,4442,1548,1956,1073,1485,296,860,2,2,542,619,1811,1768,2157,2074,2161,3297,2114,2784,1047,1418,907,1255,254,772,30494,14988,6053,2137,8815,4835,3578,43,40
2021-06-22T23:59:59+02:00,21,17,1450,1498,4824,3979,5241,3953,5039,5731,3827,4419,1543,1950,1072,1483,296,860,2,2,525,597,1745,1721,2066,2022,2074,3189,2010,2695,1033,1395,897,1243,254,767,30082,14558,6009,2001,8810,4665,3552,43,39
2021-06-21T23:59:59+02:00,20,17,1419,1456,4704,3887,5160,3909,4971,5670,3797,4397,1539,1937,1070,1478,295,858,2,2,509,581,1706,1677,2030,1981,2024,3107,1945,2611,1013,1366,875,1223,254,764,29533,14256,5966,1904,8808,4525,3515,43,39
2021-06-20T23:59:59+02:00,19,15,1392,1424,4628,3819,5110,3889,4936,5648,3774,4386,1536,1936,1069,1478,294,858,2,2,493,564,1675,1647,2006,1957,1994,3079,1904,2574,1005,1351,873,1217,254,763,29233,14073,5930,1865,8795,4462,3481,43,38
2021-06-19T23:59:59+02:00,18,14,1377,1405,4587,3787,5085,3864,4906,5623,3755,4373,1531,1934,1069,1477,294,858,2,2,484,560,1655,1626,1987,1931,1978,3053,1878,2536,995,1344,869,1216,252,762,29051,13894,5866,1834,8795,4454,3463,43,37
2021-06-18T23:59:59+02:00,13,10,1352,1388,4515,3745,5034,3820,4856,5584,3730,4361,1527,1931,1067,1475,294,858,2,2,468,551,1635,1609,1957,1900,1933,3004,1827,2479,982,1329,867,1212,251,760,28713,13585,5818,1830,8794,4407,3449,43,37
2021-06-17T23:59:59+02:00,9,9,1312,1349,4348,3667,4845,3741,4682,5497,3675,4316,1521,1928,1067,1474,293,858,2,2,429,530,1532,1574,1772,1839,1774,2906,1724,2397,961,1310,856,1201,249,758,28093,13112,5762,1720,8787,4321,3152,42,37
2021-06-16T23:59:59+02:00,9,8,1281,1318,4243,3581,4745,3687,4579,5432,3630,4289,1515,1924,1066,1470,293,857,2,2,410,507,1469,1536,1710,1806,1693,2820,1665,2321,944,1283,846,1186,249,755,27598,12693,5647,1649,8775,4244,3098,42,37
2021-06-15T23:59:59+02:00,9,8,1245,1283,4106,3496,4672,3627,4502,5361,3587,4256,1505,1917,1061,1468,293,856,2,2,397,487,1414,1483,1657,1761,1625,2764,1595,2252,927,1254,841,1175,248,754,27038,12355,5609,1564,8760,4174,3018,42,37
2021-06-14T23:59:59+02:00,9,6,1217,1245,4015,3440,4588,3573,4419,5287,3532,4225,1501,1909,1060,1463,291,854,2,2,388,476,1367,1449,1607,1727,1573,2700,1539,2199,917,1229,837,1168,247,751,26562,12100,5512,1491,8756,4089,2964,41,36
2021-06-13T23:59:59+02:00,9,6,1201,1228,3966,3400,4539,3532,4368,5243,3511,4209,1500,1903,1060,1462,291,853,2,2,380,468,1334,1431,1569,1702,1533,2663,1506,2158,899,1208,834,1158,247,749,26305,11915,5475,1468,8750,4015,2904,41,36
2021-06-12T23:59:59+02:00,9,5,1186,1200,3936,3378,4509,3507,4350,5227,3496,4199,1498,1900,1059,1461,291,852,2,2,375,466,1321,1412,1546,1677,1511,2641,1481,2139,891,1198,824,1155,247,748,26108,11772,5464,1468,8748,3954,2892,41,35
2021-06-11T23:59:59+02:00,8,5,1166,1186,3896,3331,4438,3477,4309,5189,3466,4187,1497,1898,1058,1458,291,851,2,2,363,452,1299,1372,1518,1656,1465,2599,1434,2097,881,1184,820,1149,247,747,25801,11527,5434,1460,8745,3874,2870,41,35
2021-06-10T23:59:59+02:00,8,4,1102,1132,3772,3247,4301,3395,4210,5123,3411,4150,1492,1891,1056,1457,291,851,2,2,343,435,1234,1333,1451,1596,1400,2527,1346,1999,854,1152,816,1139,246,744,25190,11097,5292,1447,8726,3712,2794,41,34
2021-06-09T23:59:59+02:00,7,2,1052,1094,3628,3140,4163,3333,4119,5045,3363,4108,1486,1885,1054,1454,291,851,1,2,326,415,1173,1290,1387,1560,1343,2445,1265,1933,827,1098,809,1125,245,742,24687,10791,5106,1387,8717,3572,2653,41,34
2021-06-08T23:59:59+02:00,6,2,996,1057,3492,3045,4042,3252,4008,4961,3313,4077,1479,1881,1051,1451,290,849,1,1,310,395,1127,1251,1330,1525,1283,2387,1219,1860,807,1064,798,1109,241,739,24118,10551,4962,1337,8706,3433,2533,41,33
2021-06-07T23:59:59+02:00,5,2,968,1028,3379,2965,3904,3217,3886,4891,3261,4051,1464,1876,1050,1449,290,848,1,0,303,389,1083,1211,1273,1504,1235,2335,1151,1806,794,1043,785,1093,239,735,23717,10382,4776,1301,8699,3302,2393,41,33
2021-06-06T23:59:59+02:00,5,2,944,1017,3316,2930,3825,3169,3818,4861,3230,4036,1462,1870,1047,1448,289,848,1,0,295,378,1067,1184,1242,1475,1213,2276,1124,1747,782,1028,778,1085,239,732,23505,10271,4639,1247,8686,3192,2326,41,33
2021-06-05T23:59:59+02:00,5,2,932,999,3246,2868,3771,3139,3782,4837,3220,4032,1461,1868,1047,1448,289,847,1,0,288,367,1049,1164,1223,1459,1187,2248,1092,1725,768,1005,776,1082,239,732,23222,10105,4633,1243,8682,3148,2288,41,32
2021-06-04T23:59:59+02:00,3,2,904,978,3199,2811,3698,3101,3718,4784,3194,4012,1457,1864,1045,1448,289,847,1,0,276,359,1023,1132,1201,1444,1163,2209,1063,1698,752,984,770,1077,239,730,22901,9968,4587,1238,8678,3087,2204,41,31
2021-06-03T23:59:59+02:00,3,2,860,943,3036,2716,3512,2994,3543,4668,3101,3936,1448,1854,1041,1443,289,847,0,0,265,349,990,1092,1144,1389,1096,2125,1000,1641,713,946,762,1064,239,729,22209,9751,4347,1220,8661,2924,2012,41,31
2021-06-02T23:59:59+02:00,3,2,835,931,2966,2652,3456,2953,3480,4609,3059,3910,1446,1849,1041,1442,289,847,0,0,252,340,965,1070,1104,1371,1053,2086,949,1596,700,914,759,1059,239,728,21854,9539,4328,1206,8661,2888,1907,41,31
2021-06-01T23:59:59+02:00,3,2,788,898,2814,2539,3274,2860,3313,4503,3000,3848,1435,1842,1038,1437,289,847,0,0,241,326,884,1012,1014,1315,971,1978,900,1517,669,860,753,1050,239,722,21242,9253,4117,1171,8650,2693,1672,41,30
2021-05-31T23:59:59+02:00,3,2,750,870,2690,2450,3136,2762,3206,4412,2947,3795,1429,1830,1037,1433,289,846,0,0,228,310,845,970,950,1263,927,1901,860,1458,649,836,747,1045,237,719,20830,9082,3878,1155,8631,2557,1478,41,30
2021-05-30T23:59:59+02:00,3,2,739,858,2631,2404,3070,2723,3156,4371,2929,3774,1425,1824,1037,1432,289,845,0,0,218,293,803,928,898,1222,888,1841,837,1404,635,820,743,1035,237,718,20680,8984,3816,1147,8619,2388,1320,41,30
2021-05-29T23:59:59+02:00,3,2,737,855,2612,2388,3047,2711,3137,4354,2921,3765,1423,1823,1037,1432,289,845,0,0,214,282,797,915,878,1194,871,1794,823,1372,621,800,741,1030,236,718,20554,8892,3814,1146,8616,2246,1319,40,30
2021-05-28T23:59:59+02:00,3,2,729,843,2573,2347,3002,2683,3114,4331,2911,3750,1423,1820,1035,1427,289,845,0,0,210,273,785,898,866,1170,855,1754,791,1332,603,771,737,1022,235,716,20305,8713,3805,1141,8614,2159,1315,40,30
2021-05-27T23:59:59+02:00,3,2,683,820,2446,2284,2869,2613,2969,4254,2827,3701,1414,1809,1034,1425,288,843,0,0,196,257,722,845,784,1115,767,1661,727,1250,579,738,728,1006,234,714,19815,8509,3670,1102,8580,1899,1112,40,29
2021-05-26T23:59:59+02:00,3,2,649,785,2336,2213,2703,2548,2843,4189,2776,3651,1404,1797,1032,1418,286,838,0,0,187,235,680,805,736,1080,725,1592,688,1192,563,712,710,973,233,711,19390,8285,3423,1091,8553,1760,980,40,29
2021-05-25T23:59:59+02:00,3,2,627,766,2243,2151,2602,2505,2743,4108,2729,3614,1393,1789,1029,1414,286,836,0,0,178,222,657,776,701,1045,688,1534,640,1130,545,694,690,946,232,709,19022,8073,3243,1056,8511,1625,926,39,26
2021-05-24T23:59:59+02:00,3,2,612,742,2184,2110,2526,2471,2673,4052,2669,3572,1380,1782,1023,1413,286,835,0,0,173,214,635,758,674,1013,654,1478,614,1077,528,680,683,942,232,709,18823,7982,3060,1045,8477,1504,826,39,25
2021-05-23T23:59:59+02:00,3,2,608,741,2166,2096,2513,2456,2663,4036,2658,3559,1377,1780,1023,1411,286,835,0,0,171,212,629,750,666,1007,638,1464,606,1070,525,672,678,936,231,706,18702,7899,3057,1039,8477,1492,825,39,24
2021-05-22T23:59:59+02:00,3,2,601,728,2141,2073,2476,2434,2642,4003,2626,3531,1369,1776,1023,1409,286,834,0,0,169,204,620,747,661,997,626,1458,601,1064,515,664,672,924,231,706,18453,7837,3056,1039,8474,1457,816,39,24
2021-05-21T23:59:59+02:00,3,2,586,713,2051,2036,2391,2381,2573,3956,2585,3485,1362,1763,1021,1407,286,833,0,0,169,201,614,738,651,988,614,1446,586,1044,504,638,665,918,231,704,17965,7754,3028,1038,8454,1396,813,39,24
2021-05-20T23:59:59+02:00,3,2,554,692,1924,1965,2259,2303,2443,3855,2506,3401,1347,1747,1019,1402,286,831,0,0,160,190,580,700,619,949,584,1389,562,982,480,607,660,909,231,703,17315,7631,2901,1027,8380,1182,744,39,24
2021-05-19T23:59:59+02:00,2,2,518,657,1811,1881,2112,2230,2300,3753,2402,3306,1329,1728,1011,1399,284,831,0,0,146,183,553,676,586,913,552,1337,536,923,466,587,650,887,230,701,16541,7482,2830,1010,8338,1081,623,39,24
2021-05-18T23:59:59+02:00,2,1,490,636,1730,1805,2011,2173,2190,3633,2310,3215,1318,1709,1004,1392,284,827,0,0,139,174,529,647,563,881,536,1260,516,862,450,563,643,873,229,698,16025,7365,2664,972,8281,969,520,39,24
2021-05-17T23:59:59+02:00,2,0,470,622,1672,1769,1958,2123,2117,3522,2253,3138,1300,1689,997,1385,284,825,0,0,133,166,512,632,555,843,526,1199,500,807,433,532,641,865,229,696,15724,7291,2512,942,8215,867,424,39,24
2021-05-16T23:59:59+02:00,2,0,464,621,1645,1743,1921,2096,2076,3473,2199,3081,1285,1680,995,1381,284,824,0,0,129,163,503,611,544,828,512,1153,482,770,408,503,638,860,229,695,15549,7235,2441,914,8173,780,346,39,24
2021-05-15T23:59:59+02:00,2,0,459,616,1618,1725,1902,2076,2055,3449,2175,3043,1276,1679,994,1379,283,824,0,0,128,160,499,610,543,825,507,1149,476,760,404,501,635,858,229,695,15344,7203,2440,913,8165,769,341,37,24
2021-05-14T23:59:59+02:00,2,0,441,602,1587,1691,1859,2035,1977,3380,2133,2998,1268,1669,992,1379,281,824,0,0,126,155,494,595,524,800,488,1117,462,744,388,484,630,853,229,693,14975,7143,2398,897,8144,665,319,37,24
2021-05-13T23:59:59+02:00,1,0,415,581,1525,1638,1749,1982,1857,3293,2067,2906,1244,1652,985,1377,279,820,0,0,121,152,482,587,515,784,482,1101,449,731,372,457,620,828,229,689,14538,7062,2155,857,8088,629,290,37,24
2021-05-12T23:59:59+02:00,1,0,408,575,1505,1629,1734,1973,1832,3270,2052,2892,1242,1646,981,1375,279,820,0,0,121,150,479,587,514,778,479,1096,447,725,367,445,619,822,229,688,14408,7020,2131,848,8081,628,288,36,24
2021-05-11T23:59:59+02:00,1,0,389,555,1428,1590,1627,1932,1721,3177,1948,2821,1228,1621,976,1366,279,820,0,0,114,141,464,555,492,750,460,1064,419,704,346,417,609,816,229,688,14004,6922,1954,819,7968,533,225,36,24
2021-05-10T23:59:59+02:00,1,0,374,540,1383,1558,1573,1899,1649,3110,1890,2753,1221,1607,972,1360,279,817,0,0,114,138,457,550,483,729,452,1040,414,684,337,404,607,810,229,687,13731,6874,1870,811,7845,481,200,36,22
2021-05-09T23:59:59+02:00,1,0,368,529,1338,1533,1540,1878,1605,3073,1829,2712,1208,1594,970,1355,279,816,0,0,109,135,450,541,473,721,442,1030,404,673,327,393,602,805,229,686,13490,6837,1814,800,7796,429,180,36,21
2021-05-08T23:59:59+02:00,1,0,362,524,1324,1512,1510,1858,1582,3047,1799,2691,1201,1586,967,1354,278,816,0,0,108,135,449,541,471,720,441,1025,404,666,326,392,598,797,229,686,13278,6822,1808,794,7793,417,179,36,21
2021-05-07T23:59:59+02:00,1,0,351,517,1295,1484,1456,1839,1520,2987,1750,2641,1195,1578,966,1349,278,813,0,0,105,132,437,527,458,693,429,990,388,642,324,373,585,784,229,684,13007,6773,1779,770,7728,315,143,35,19
2021-05-06T23:59:59+02:00,1,0,327,504,1199,1440,1343,1782,1379,2872,1618,2548,1164,1546,964,1338,278,811,0,0,102,127,423,511,446,675,416,967,375,623,315,356,573,772,229,682,12514,6712,1589,753,7504,230,117,33,18
2021-05-05T23:59:59+02:00,1,0,313,489,1159,1408,1297,1742,1313,2803,1540,2469,1147,1523,958,1323,278,806,0,0,101,123,412,500,441,663,408,957,370,605,298,345,555,753,229,681,12098,6640,1526,733,7438,181,109,33,15
2021-05-04T23:59:59+02:00,1,0,303,479,1113,1376,1258,1716,1268,2757,1488,2409,1130,1493,953,1313,277,802,0,0,97,120,402,488,438,656,397,938,362,588,285,330,544,733,229,681,11776,6565,1463,705,7395,143,97,33,14
2021-05-03T23:59:59+02:00,1,0,297,473,1081,1352,1222,1698,1237,2723,1447,2370,1114,1466,947,1307,276,797,0,0,90,115,390,482,429,648,390,930,352,580,273,322,527,717,228,679,11531,6486,1439,698,7355,121,68,33,13
2021-05-02T23:59:59+02:00,1,0,292,472,1067,1338,1189,1681,1212,2704,1436,2348,1105,1452,945,1306,276,794,0,0,88,114,383,475,425,643,385,923,349,577,268,314,509,707,228,679,11401,6447,1424,681,7321,107,51,32,12
2021-05-01T23:59:59+02:00,1,0,288,467,1058,1330,1177,1667,1197,2692,1419,2331,1099,1447,942,1304,276,793,0,0,88,113,382,474,422,643,383,919,349,576,266,314,509,707,228,679,11266,6437,1423,681,7320,104,50,32,11
2021-04-30T23:59:59+02:00,1,0,284,458,1046,1306,1157,1648,1169,2631,1365,2278,1086,1432,936,1300,276,790,0,0,86,111,381,469,418,636,381,894,345,566,261,308,507,702,228,678,10970,6423,1418,672,7317,77,20,32,10
2021-04-29T23:59:59+02:00,1,0,269,444,993,1276,1117,1608,1124,2575,1271,2209,1043,1389,931,1291,275,788,0,0,86,107,376,467,414,631,373,882,336,557,253,298,496,692,227,674,10497,6363,1379,651,7256,54,19,31,10
2021-04-28T23:59:59+02:00,1,0,258,438,976,1258,1090,1594,1091,2534,1206,2155,1012,1336,923,1289,275,786,0,0,82,104,370,462,410,623,370,874,332,544,239,283,484,678,226,673,10210,6297,1330,613,7202,40,18,31,10
2021-04-27T23:59:59+02:00,1,0,254,428,957,1241,1071,1582,1065,2511,1184,2128,988,1303,917,1285,275,783,0,0,80,101,364,457,408,617,368,869,326,538,236,275,473,659,225,672,10018,6247,1303,586,7167,33,17,27,8
2021-04-26T23:59:59+02:00,1,0,251,422,949,1232,1061,1567,1038,2493,1136,2081,969,1283,910,1278,274,782,0,0,80,101,360,451,408,614,364,866,325,533,231,267,463,650,225,672,9844,6214,1288,562,7102,31,17,27,8
2021-04-25T23:59:59+02:00,1,0,251,420,941,1218,1045,1560,1021,2476,1107,2053,947,1260,906,1271,274,782,0,0,79,100,359,443,405,613,363,861,324,532,230,262,458,642,225,671,9715,6196,1264,546,7055,22,17,27,8
2021-04-24T23:59:59+02:00,1,0,247,414,927,1206,1033,1545,1007,2457,1080,2037,936,1237,903,1268,274,782,0,0,79,100,359,443,404,613,363,859,323,529,229,260,457,639,225,671,9552,6189,1264,538,7031,22,17,26,8
2021-04-23T23:59:59+02:00,1,0,245,404,916,1191,1024,1534,991,2439,1027,1994,915,1214,901,1261,274,779,0,0,78,99,359,443,404,612,362,857,320,526,225,254,452,634,225,671,9402,6168,1251,526,6939,22,17,25,7
2021-04-22T23:59:59+02:00,1,0,242,394,893,1168,1000,1512,961,2398,984,1935,882,1173,892,1249,274,776,0,0,78,98,357,437,399,605,358,848,318,520,220,248,443,624,224,669,9133,6115,1201,511,6872,15,17,25,7
2021-04-21T23:59:59+02:00,1,0,237,389,870,1149,974,1495,926,2362,940,1888,850,1123,884,1235,274,772,0,0,77,96,355,436,397,602,354,842,314,512,219,243,434,609,223,666,8844,6066,1176,492,6814,15,17,25,7
2021-04-20T23:59:59+02:00,1,0,230,384,853,1122,956,1475,902,2313,900,1835,805,1059,872,1218,273,770,0,0,77,96,353,435,394,597,348,837,312,506,215,235,422,590,222,666,8569,6008,1108,477,6750,14,17,25,7
2021-04-19T23:59:59+02:00,1,0,227,374,835,1110,943,1455,886,2282,872,1800,777,1028,868,1211,272,767,0,0,76,95,352,432,388,592,345,827,308,496,215,230,412,573,220,661,8390,5949,1092,455,6683,12,16,24,7
2021-04-18T23:59:59+02:00,1,0,226,369,827,1100,931,1447,865,2260,854,1783,751,989,865,1205,271,764,0,0,75,93,349,432,388,592,344,824,308,493,214,226,406,570,220,661,8267,5930,1066,446,6623,12,16,24,7
2021-04-17T23:59:59+02:00,1,0,225,366,824,1097,924,1446,858,2255,850,1777,735,965,863,1199,271,764,0,0,75,90,347,428,386,592,341,820,307,489,212,221,400,563,220,660,8203,5888,1065,444,6599,12,16,24,7
2021-04-16T23:59:59+02:00,1,0,224,365,814,1092,911,1427,842,2234,819,1740,695,906,853,1189,270,761,0,0,71,88,345,421,383,590,332,806,300,475,200,205,397,554,217,657,8011,5816,1050,406,6525,11,16,24,6
2021-04-15T23:59:59+02:00,1,0,223,358,789,1075,893,1413,817,2189,780,1702,664,859,845,1170,270,757,0,0,69,87,342,414,378,585,325,798,293,472,191,199,381,533,215,652,7792,5734,1039,380,6410,10,16,23,6
2021-04-14T23:59:59+02:00,1,0,222,351,778,1066,883,1400,802,2154,763,1674,627,819,816,1124,270,753,0,0,66,83,337,411,374,580,323,788,285,464,181,183,366,510,213,647,7578,5642,1023,348,6335,10,16,20,6
2021-04-13T23:59:59+02:00,1,0,218,346,768,1061,872,1388,793,2129,735,1648,580,769,794,1090,269,749,0,0,63,80,330,406,364,576,316,781,280,459,178,179,352,497,211,644,7424,5579,976,317,6241,8,16,18,6
2021-04-12T23:59:59+02:00,1,0,216,344,764,1056,865,1375,767,2109,718,1631,548,741,783,1073,269,747,0,0,62,76,318,397,360,570,312,774,273,453,171,174,344,485,210,638,7332,5502,954,291,6150,8,16,16,6
2021-04-11T23:59:59+02:00,0,0,213,341,756,1046,858,1369,755,2093,708,1615,533,716,775,1049,268,744,0,0,60,73,313,395,357,568,310,771,272,448,166,167,337,482,208,636,7272,5456,934,281,6059,8,16,15,6
2021-04-10T23:59:59+02:00,0,0,213,339,756,1043,854,1367,745,2085,698,1607,526,701,768,1035,267,744,0,0,56,66,287,379,337,553,298,757,257,440,158,160,333,468,207,634,7217,5284,927,273,6029,8,15,14,6
2021-04-09T23:59:59+02:00,0,0,213,336,751,1040,842,1344,737,2003,682,1523,488,639,747,1015,264,740,0,0,47,63,274,367,321,540,282,742,246,427,149,155,310,446,203,625,7102,5091,903,265,5778,8,12,13,6
2021-04-08T23:59:59+02:00,0,0,211,332,746,1033,831,1335,723,1983,664,1504,443,580,719,992,262,737,0,0,45,61,265,351,307,528,269,726,231,411,138,139,294,429,201,608,6989,4902,864,254,5659,8,11,13,6
2021-04-07T23:59:59+02:00,0,0,206,328,736,1026,818,1320,707,1955,646,1471,404,538,689,954,259,733,0,0,42,58,246,338,297,522,262,712,223,399,123,129,276,409,196,599,6857,4733,830,245,5511,8,11,13,5
2021-04-06T23:59:59+02:00,0,0,204,326,728,1021,804,1304,688,1931,618,1445,383,502,664,923,258,731,0,0,40,57,245,334,293,520,252,708,218,393,117,124,268,389,191,589,6767,4661,803,225,5363,7,11,11,5
2021-04-05T23:59:59+02:00,0,0,204,325,725,1014,796,1292,680,1915,612,1430,366,479,647,899,258,730,0,0,40,55,245,330,292,515,248,702,213,392,117,120,253,369,188,583,6725,4600,792,209,5253,7,10,11,5
2021-04-04T23:59:59+02:00,0,0,203,321,721,1004,791,1281,671,1897,605,1411,356,468,644,895,258,730,0,0,39,54,244,329,291,515,248,702,212,392,115,120,246,356,184,581,6701,4568,787,208,5168,7,8,11,5
2021-04-03T23:59:59+02:00,0,0,203,321,719,1004,789,1279,670,1893,598,1409,348,462,641,888,258,729,0,0,39,54,244,329,291,515,248,701,212,390,115,120,245,354,184,579,6668,4560,787,208,5154,7,8,11,5
2021-04-02T23:59:59+02:00,0,0,203,319,718,1003,788,1276,666,1886,594,1399,339,453,630,878,258,728,0,0,39,53,241,328,289,513,246,693,207,384,113,119,238,335,183,566,6622,4488,781,205,5131,7,8,10,5
2021-04-01T23:59:59+02:00,0,0,200,316,713,989,776,1263,661,1866,577,1380,327,429,600,845,257,722,0,0,37,52,232,322,287,510,245,686,205,380,105,116,223,309,179,545,6535,4381,739,197,5038,6,8,10,5
2021-03-31T23:59:59+02:00,0,0,196,313,705,981,766,1249,651,1820,567,1341,318,418,579,796,255,719,0,0,37,52,231,321,282,507,242,684,199,376,100,113,209,283,177,524,6466,4294,693,190,4905,6,6,10,5
2021-03-30T23:59:59+02:00,0,0,193,307,700,970,761,1228,639,1781,558,1297,307,403,553,760,254,719,0,0,37,51,229,317,278,504,241,679,196,371,97,111,200,265,174,510,6391,4219,658,185,4769,6,6,10,5
2021-03-29T23:59:59+02:00,0,0,189,302,694,953,756,1215,630,1750,549,1259,303,389,523,723,252,712,0,0,37,50,227,316,277,502,240,674,194,364,93,109,191,252,169,498,6283,4159,636,179,4666,4,6,10,5
2021-03-28T23:59:59+02:00,0,0,182,286,686,944,749,1208,626,1728,546,1243,301,374,496,699,250,710,0,0,37,49,225,316,274,496,236,671,193,361,90,107,184,242,166,497,6237,4116,602,173,4570,4,6,10,5
2021-03-27T23:59:59+01:00,0,0,182,282,681,938,744,1204,619,1717,544,1235,297,366,490,689,250,709,0,0,37,49,225,316,274,496,235,665,190,357,89,106,180,235,162,487,6197,4081,594,167,4533,4,6,10,5
2021-03-26T23:59:59+01:00,0,0,178,280,669,926,736,1189,607,1699,535,1210,290,355,486,675,248,706,0,0,37,49,225,316,273,494,235,664,183,344,84,98,166,219,154,475,6130,3996,576,166,4455,4,4,10,5
2021-03-25T23:59:59+01:00,0,0,174,278,661,913,715,1165,590,1662,525,1170,283,343,470,651,247,702,0,0,37,49,221,311,271,493,229,661,183,343,77,98,150,202,151,451,6056,3910,560,159,4301,4,4,10,5
2021-03-24T23:59:59+01:00,0,0,172,269,650,900,707,1150,581,1625,513,1140,273,328,453,626,244,699,0,0,37,49,220,309,268,491,227,661,179,340,75,95,137,195,143,417,5983,3834,537,152,4174,3,4,10,5
2021-03-23T23:59:59+01:00,0,0,169,266,641,887,694,1138,570,1602,501,1102,267,316,435,610,239,695,0,0,35,49,218,308,266,489,222,656,177,336,72,92,130,188,134,392,5930,3759,520,147,4044,2,4,10,5
2021-03-22T23:59:59+01:00,0,0,165,258,622,866,675,1119,559,1570,488,1078,263,305,424,595,238,689,0,0,35,49,217,306,263,487,220,649,176,334,72,88,124,180,119,362,5874,3678,496,144,3902,1,4,10,5
2021-03-21T23:59:59+01:00,0,0,161,256,614,859,670,1115,555,1546,482,1045,258,297,411,588,236,685,0,0,35,49,214,306,262,485,219,648,174,332,71,85,122,179,115,359,5852,3657,483,140,3798,1,3,8,4
2021-03-20T23:59:59+01:00,0,0,159,256,606,855,665,1110,549,1542,479,1044,255,290,399,574,234,683,0,0,35,49,214,306,261,485,218,646,174,328,70,84,119,175,111,353,5819,3632,478,138,3754,1,3,8,4
2021-03-19T23:59:59+01:00,0,0,149,244,601,837,654,1104,544,1524,467,1031,241,268,383,548,228,674,0,0,33,49,213,305,260,485,216,638,173,325,67,82,110,165,106,331,5740,3564,439,136,3665,1,2,8,4
2021-03-18T23:59:59+01:00,0,0,144,238,583,821,637,1070,526,1474,453,986,225,253,370,527,224,657,0,0,33,49,212,302,258,477,216,633,171,318,67,79,101,157,100,316,5657,3501,407,127,3462,1,2,8,4
2021-03-17T23:59:59+01:00,0,0,137,232,571,802,624,1063,521,1461,444,968,213,240,352,509,221,651,0,0,33,48,212,300,257,475,215,632,171,317,67,79,96,152,95,304,5561,3464,380,126,3399,1,2,6,4
2021-03-16T23:59:59+01:00,0,0,132,224,556,787,606,1052,509,1421,432,943,205,225,332,475,216,639,0,0,33,47,212,297,257,469,213,631,170,316,63,79,91,147,93,284,5468,3417,345,122,3265,1,1,6,4
2021-03-15T23:59:59+01:00,0,0,126,217,541,772,597,1030,500,1389,416,906,199,217,317,451,214,633,0,0,32,47,211,294,257,466,212,630,168,315,62,77,85,141,90,269,5378,3372,315,120,3149,1,0,6,4
2021-03-14T23:59:59+01:00,0,0,121,204,529,755,583,1009,491,1346,403,863,190,206,307,439,207,629,0,0,32,47,211,292,256,465,211,625,167,310,61,77,84,138,88,266,5313,3357,301,109,2981,1,0,5,4
2021-03-13T23:59:59+01:00,0,0,117,192,501,729,553,983,467,1322,381,844,173,197,299,427,205,626,0,0,32,47,211,292,256,465,210,625,167,309,61,77,81,134,77,251,5119,3320,295,109,2895,1,0,5,4
2021-03-12T23:59:59+01:00,0,0,106,185,473,703,534,954,446,1283,359,812,157,185,274,399,204,606,0,0,32,47,211,291,256,464,210,625,167,308,56,76,78,128,75,245,4893,3292,289,109,2778,1,0,5,3
2021-03-11T23:59:59+01:00,0,0,98,178,441,657,497,917,408,1208,338,759,142,163,250,356,199,584,0,0,32,46,210,288,251,460,208,621,164,306,56,74,74,122,73,233,4650,3262,281,89,2522,1,0,5,2
2021-03-10T23:59:59+01:00,0,0,95,168,418,635,480,898,393,1170,322,722,127,147,234,326,194,553,0,0,32,46,208,283,247,455,205,615,164,304,53,73,70,120,70,222,4479,3220,271,77,2386,1,0,5,2
2021-03-09T23:59:59+01:00,0,0,95,163,407,608,450,869,378,1126,311,690,122,138,222,308,188,541,0,0,32,46,207,280,244,447,203,611,159,300,53,71,68,118,63,213,4395,3177,255,67,2207,1,0,5,2
2021-03-08T23:59:59+01:00,0,0,92,156,392,591,432,852,369,1074,302,653,117,129,208,288,184,528,0,0,32,46,207,276,241,442,198,607,153,296,51,70,63,115,62,212,4317,3149,239,50,2047,1,0,5,1
2021-03-07T23:59:59+01:00,0,0,88,151,387,579,424,837,359,1060,299,647,115,129,201,274,182,527,0,0,32,46,206,275,241,440,197,606,153,296,51,70,61,114,61,211,4271,3140,228,48,1991,0,0,5,1
2021-03-06T23:59:59+01:00,0,0,87,144,385,572,417,813,350,1009,290,615,114,128,195,266,180,522,0,0,32,46,206,275,240,439,197,605,153,296,51,70,59,114,60,206,4239,3135,228,42,1848,0,0,5,1
2021-03-05T23:59:59+01:00,0,0,86,139,380,560,412,805,349,992,281,591,108,118,181,246,171,509,0,0,32,46,205,273,239,438,196,603,152,294,51,70,57,113,60,198,4153,3120,219,34,1777,0,0,5,1
2021-03-04T23:59:59+01:00,0,0,83,125,369,524,394,771,331,946,271,564,98,117,162,221,165,485,0,0,32,46,203,267,237,432,194,590,149,293,49,70,57,113,60,197,4054,3080,202,33,1588,0,0,5,1
2021-03-03T23:59:59+01:00,0,0,76,114,360,506,385,752,327,925,262,546,96,114,151,212,157,450,0,0,32,45,203,267,236,430,191,581,149,287,49,70,56,112,60,197,3980,3057,196,30,1471,0,0,5,1
2021-03-02T23:59:59+01:00,0,0,73,111,349,490,369,735,319,906,256,524,94,111,142,204,148,423,0,0,31,45,203,267,236,424,186,574,147,284,49,70,56,110,60,196,3899,3028,190,30,1372,0,0,5,1
2021-03-01T23:59:59+01:00,0,0,72,109,343,476,362,714,310,882,250,496,93,109,135,194,130,388,0,0,31,44,202,266,234,415,184,567,147,281,49,70,56,109,59,196,3813,2998,185,30,1267,0,0,5,1
2021-02-28T23:59:59+01:00,0,0,72,107,336,467,359,706,307,858,245,478,88,101,133,190,126,384,0,0,31,44,201,265,233,415,184,567,147,281,49,70,56,109,59,195,3789,2994,180,30,1187,0,0,5,1
2021-02-27T23:59:59+01:00,0,0,69,98,330,461,354,700,301,847,242,469,86,99,132,185,119,373,0,0,31,44,201,264,233,414,183,566,146,280,49,70,56,109,59,195,3756,2993,174,25,1130,0,0,5,1
2021-02-26T23:59:59+01:00,0,0,67,93,322,438,328,665,280,816,232,448,83,95,123,175,115,353,0,0,31,43,201,263,233,412,182,563,142,278,49,70,56,109,59,193,3699,2977,172,25,950,0,0,5,0
2021-02-25T23:59:59+01:00,0,0,59,82,309,417,317,636,274,790,220,425,78,95,114,168,110,339,0,0,31,43,199,260,229,409,180,556,137,277,49,68,54,107,57,193,3645,2949,166,17,801,0,0,5,0
2021-02-24T23:59:59+01:00,0,0,55,75,302,404,309,621,269,774,217,417,77,95,109,164,104,328,0,0,30,43,197,259,226,396,178,548,135,272,47,67,52,107,57,193,3609,2911,161,11,726,0,0,5,0
2021-02-23T23:59:59+01:00,0,0,50,66,289,385,299,602,263,756,212,409,73,93,103,160,102,304,0,0,29,43,196,257,224,391,177,542,131,269,47,67,52,103,57,191,3555,2882,156,8,626,0,0,5,0
2021-02-22T23:59:59+01:00,0,0,48,63,284,374,295,593,261,747,210,405,71,90,95,152,99,290,0,0,29,41,193,255,221,378,169,532,128,266,46,67,51,103,56,191,3507,2834,149,4,587,0,0,4,0
2021-02-21T23:59:59+01:00,0,0,47,62,278,368,292,583,256,739,205,400,70,88,94,150,97,288,0,0,29,40,192,253,220,375,169,523,128,265,46,67,51,102,55,190,3496,2811,146,4,538,0,0,3,0
2021-02-20T23:59:59+01:00,0,0,46,62,276,367,292,580,255,733,205,394,69,88,91,146,86,273,0,0,29,40,192,253,220,375,169,523,126,264,46,67,50,102,55,188,3461,2805,145,4,517,0,0,3,0
2021-02-19T23:59:59+01:00,0,0,45,62,273,362,286,557,244,707,203,382,65,86,87,138,84,266,0,0,29,39,192,253,219,374,169,522,126,264,46,67,49,101,54,186,3431,2796,143,4,429,0,0,2,0
2021-02-18T23:59:59+01:00,0,0,43,59,255,338,278,536,236,686,189,358,64,82,85,133,82,256,0,0,28,38,188,245,216,368,164,507,125,254,46,65,48,99,50,182,3402,2728,134,4,296,0,0,2,0
2021-02-17T23:59:59+01:00,0,0,43,57,248,333,276,521,229,673,186,338,62,80,81,131,79,246,0,0,26,37,184,239,209,354,160,491,122,243,42,63,48,97,49,179,3354,2645,133,3,242,0,0,2,0
2021-02-16T23:59:59+01:00,0,0,42,52,235,318,272,510,223,659,181,331,60,79,78,129,72,237,0,0,23,37,175,230,201,335,154,479,118,231,42,59,38,83,42,170,3315,2518,130,3,177,0,0,2,0
2021-02-15T23:59:59+01:00,0,0,41,52,230,315,265,497,220,654,177,325,58,79,73,125,71,236,0,0,22,36,168,223,196,327,148,468,114,224,39,56,38,77,39,162,3288,2437,129,3,145,0,0,2,0
2021-02-14T23:59:59+01:00,0,0,38,52,227,311,263,490,217,648,177,320,57,76,70,125,70,232,0,0,20,36,166,219,192,322,147,456,113,221,39,56,37,76,37,155,3277,2391,117,3,122,0,0,2,0
2021-02-13T23:59:59+01:00,0,0,37,52,227,311,261,490,217,647,177,320,57,76,69,125,70,231,0,0,20,36,165,218,189,322,146,454,112,218,38,56,36,75,35,151,3273,2371,117,1,120,0,0,2,0
2021-02-12T23:59:59+01:00,0,0,36,50,225,306,258,481,213,636,174,317,57,75,68,125,70,230,0,0,20,36,164,215,188,321,145,452,110,217,36,55,36,71,32,142,3264,2340,117,1,81,0,0,2,0
2021-02-11T23:59:59+01:00,0,0,35,49,217,285,251,464,206,611,162,306,55,74,67,123,70,225,0,0,20,34,148,195,181,290,136,407,105,198,32,54,33,61,30,128,3226,2143,95,1,18,0,0,2,0
2021-02-10T23:59:59+01:00,0,0,35,48,214,277,249,457,202,602,160,301,52,74,66,123,69,223,0,0,18,31,137,171,167,252,117,358,98,176,28,52,32,59,27,117,3194,1919,85,1,8,0,0,2,0
2021-02-09T23:59:59+01:00,0,0,34,47,213,274,247,447,197,594,156,298,52,74,66,121,69,223,0,0,18,29,120,146,150,232,104,316,93,151,23,47,31,47,23,105,3172,1704,70,1,4,0,0,2,0
2021-02-08T23:59:59+01:00,0,0,34,47,212,272,241,432,194,582,151,293,50,74,66,120,69,223,0,0,16,28,103,123,128,193,85,277,88,141,16,45,25,40,22,90,3132,1483,54,1,4,0,0,2,0
2021-02-07T23:59:59+01:00,0,0,34,46,209,271,239,431,194,579,150,293,50,74,65,119,69,223,0,0,15,22,98,114,121,182,80,258,83,131,16,44,24,34,22,85,3123,1389,51,1,0,0,0,2,0
2021-02-06T23:59:59+01:00,0,0,34,46,209,271,239,430,194,579,150,292,49,74,64,119,68,218,0,0,12,18,97,113,120,178,78,251,83,129,15,43,24,31,20,84,3120,1353,44,1,0,0,0,2,0
2021-02-05T23:59:59+01:00,0,0,33,45,209,271,239,429,193,577,148,291,49,74,64,119,68,208,0,0,10,15,88,105,116,173,77,247,82,121,14,41,23,27,18,81,3107,1292,36,0,0,0,0,2,0
2021-02-04T23:59:59+01:00,0,0,33,45,206,268,234,425,188,571,146,288,49,72,64,117,68,207,0,0,9,11,60,74,93,128,66,208,65,102,13,36,20,23,16,71,3070,1037,36,0,0,0,0,2,0
2021-02-03T23:59:59+01:00,0,0,33,44,206,267,233,413,186,565,145,285,49,71,63,116,68,206,0,0,6,6,44,55,72,105,51,159,55,74,10,17,16,17,11,54,3042,783,33,0,0,0,0,2,0
2021-02-02T23:59:59+01:00,0,0,32,44,205,265,229,407,185,559,142,284,48,71,61,113,66,203,0,0,4,3,28,39,56,75,40,102,44,51,8,14,11,12,7,36,3004,551,33,0,0,0,0,2,0
2021-02-01T23:59:59+01:00,0,0,31,42,203,265,225,402,182,554,139,277,48,70,60,112,66,203,0,0,4,1,22,21,30,44,26,62,27,28,5,9,8,8,6,21,2968,334,33,0,0,0,0,1,0
2021-01-31T23:59:59+01:00,0,0,31,42,202,263,223,397,180,546,138,277,48,70,59,112,65,202,0,0,4,1,20,16,21,36,20,50,21,24,5,6,6,7,5,19,2943,271,32,0,0,0,0,1,0
2021-01-30T23:59:59+01:00,0,0,31,42,202,263,223,396,179,546,138,277,48,70,58,112,65,199,0,0,4,1,19,15,19,36,18,46,20,23,5,5,6,6,5,18,2938,255,31,0,0,0,0,1,0
2021-01-29T23:59:59+01:00,0,0,31,42,202,261,222,395,178,545,136,275,48,70,57,111,64,198,0,0,4,0,16,9,14,29,16,40,16,21,4,4,5,6,5,17,2928,213,27,0,0,0,0,0,0
2021-01-28T23:59:59+01:00,0,0,31,41,194,258,221,390,177,536,133,271,48,70,55,110,60,196,0,0,4,0,5,3,7,16,9,22,9,9,2,2,3,3,1,17,2892,115,19,0,0,0,0,0,0
2021-01-27T23:59:59+01:00,0,0,30,40,191,252,217,380,175,523,130,262,45,68,55,109,59,194,0,0,1,0,3,3,6,14,8,19,8,9,2,2,2,3,1,13,2829,96,15,0,0,0,0,0,0
2021-01-26T23:59:59+01:00,0,0,27,40,188,240,211,367,171,505,127,255,45,64,49,101,53,186,0,0,1,0,2,3,6,14,8,19,8,9,2,2,2,3,1,10,2730,92,12,0,0,0,0,0,0
2021-01-25T23:59:59+01:00,0,0,27,39,179,237,208,357,168,496,124,245,43,62,48,98,48,184,0,0,1,0,1,3,4,12,7,16,8,9,2,2,2,1,1,8,2670,79,4,0,0,0,0,0,0
2021-01-24T23:59:59+01:00,0,0,26,38,177,234,205,356,167,494,124,244,43,62,46,95,47,183,0,0,1,0,1,3,3,12,7,16,8,9,2,2,2,1,1,8,2648,78,3,0,0,0,0,0,0
2021-01-23T23:59:59+01:00,0,0,26,38,177,234,203,356,167,493,124,244,43,62,46,94,47,181,0,0,1,0,1,3,3,11,7,15,7,9,2,2,2,1,1,8,2642,75,3,0,0,0,0,0,0
2021-01-22T23:59:59+01:00,0,0,25,37,176,230,202,356,167,492,123,244,43,62,46,94,45,174,0,0,1,0,1,3,3,11,7,15,7,9,2,2,2,1,1,8,2623,75,3,0,0,0,0,0,0
2021-01-21T23:59:59+01:00,0,0,21,36,167,221,196,339,163,471,121,231,42,62,42,86,44,171,0,0,1,0,1,3,1,6,6,10,5,5,2,2,2,0,1,7,2514,54,3,0,0,0,0,0,0
2021-01-20T23:59:59+01:00,0,0,20,34,153,195,180,298,135,415,111,210,37,59,39,82,40,157,0,0,1,0,1,3,1,6,6,9,5,4,2,2,2,0,1,7,2255,52,2,0,0,0,0,0,0
2021-01-19T23:59:59+01:00,0,0,20,31,128,168,163,266,126,372,107,189,27,53,31,68,35,143,0,0,1,0,1,3,1,5,4,7,3,3,1,0,2,0,0,4,2005,36,2,0,0,0,0,0,0
2021-01-18T23:59:59+01:00,0,0,17,31,113,147,140,225,109,324,100,165,24,50,28,56,31,121,0,0,1,0,1,1,0,2,3,5,2,3,0,0,1,0,0,4,1754,24,2,0,0,0,0,0,0
2021-01-17T23:59:59+01:00,0,0,16,22,108,133,132,212,100,300,95,154,24,45,28,51,29,109,0,0,1,0,0,0,0,1,1,4,2,2,0,0,1,0,0,1,1623,13,2,0,0,0,0,0,0
2021-01-16T23:59:59+01:00,0,0,14,19,105,131,130,207,97,290,94,147,21,44,27,45,25,105,0,0,0,0,0,0,0,0,0,0,0,0,0,0,0,0,0,0,1565,0,0,0,0,0,0,0,0
2021-01-15T23:59:59+01:00,0,0,11,17,99,122,126,201,95,281,94,137,20,43,26,40,23,102,0,0,0,0,0,0,0,0,0,0,0,0,0,0,0,0,0,0,1497,0,0,0,0,0,0,0,0
2021-01-14T23:59:59+01:00,0,0,9,13,75,91,107,165,79,236,82,122,15,38,23,33,22,88,0,0,0,0,0,0,0,0,0,0,0,0,0,0,0,0,0,0,1246,0,0,0,0,0,0,0,0
2021-01-13T23:59:59+01:00,0,0,7,12,61,80,94,136,73,191,76,97,15,24,19,25,20,68,0,0,0,0,0,0,0,0,0,0,0,0,0,0,0,0,0,0,1039,0,0,0,0,0,0,0,0
2021-01-12T23:59:59+01:00,0,0,5,8,49,62,76,106,66,135,63,75,11,19,15,21,12,51,0,0,0,0,0,0,0,0,0,0,0,0,0,0,0,0,0,0,809,0,0,0,0,0,0,0,0
2021-01-11T23:59:59+01:00,0,0,4,6,43,49,64,81,52,106,48,55,10,15,8,12,9,28,0,0,0,0,0,0,0,0,0,0,0,0,0,0,0,0,0,0,615,0,0,0,0,0,0,0,0
2021-01-10T23:59:59+01:00,0,0,4,6,39,38,49,67,38,85,40,47,8,10,6,11,8,24,0,0,0,0,0,0,0,0,0,0,0,0,0,0,0,0,0,0,496,0,0,0,0,0,0,0,0
2021-01-09T23:59:59+01:00,0,0,4,5,36,37,44,64,35,77,37,43,8,9,6,10,8,23,0,0,0,0,0,0,0,0,0,0,0,0,0,0,0,0,0,0,460,0,0,0,0,0,0,0,0
2021-01-08T23:59:59+01:00,0,0,4,5,29,28,38,56,27,64,31,38,6,6,4,9,7,21,0,0,0,0,0,0,0,0,0,0,0,0,0,0,0,0,0,0,384,0,0,0,0,0,0,0,0
2021-01-07T23:59:59+01:00,0,0,4,2,11,3,10,18,11,28,8,18,5,3,3,4,3,20,0,0,0,0,0,0,0,0,0,0,0,0,0,0,0,0,0,0,154,0,0,0,0,0,0,0,0
2021-01-06T23:59:59+01:00,0,0,4,0,4,3,5,15,8,22,7,10,3,3,2,4,3,17,0,0,0,0,0,0,0,0,0,0,0,0,0,0,0,0,0,0,113,0,0,0,0,0,0,0,0
2021-01-05T23:59:59+01:00,0,0,2,0,2,3,5,14,8,20,7,9,3,2,2,4,2,16,0,0,0,0,0,0,0,0,0,0,0,0,0,0,0,0,0,0,102,0,0,0,0,0,0,0,0
2021-01-04T23:59:59+01:00,0,0,1,0,2,3,5,13,7,17,7,9,2,2,2,2,2,10,0,0,0,0,0,0,0,0,0,0,0,0,0,0,0,0,0,0,86,0,0,0,0,0,0,0,0
2021-01-03T23:59:59+01:00,0,0,1,0,1,3,4,13,7,17,7,9,2,2,2,2,2,10,0,0,0,0,0,0,0,0,0,0,0,0,0,0,0,0,0,0,84,0,0,0,0,0,0,0,0
2021-01-02T23:59:59+01:00,0,0,1,0,1,3,4,13,6,17,6,9,2,2,2,2,2,10,0,0,0,0,0,0,0,0,0,0,0,0,0,0,0,0,0,0,82,0,0,0,0,0,0,0,0
2021-01-01T23:59:59+01:00,0,0,1,0,1,3,4,13,6,17,6,9,2,2,2,2,2,10,0,0,0,0,0,0,0,0,0,0,0,0,0,0,0,0,0,0,82,0,0,0,0,0,0,0,0
2020-12-31T23:59:59+01:00,0,0,1,0,1,3,4,12,6,17,6,9,2,2,2,2,2,10,0,0,0,0,0,0,0,0,0,0,0,0,0,0,0,0,0,0,81,0,0,0,0,0,0,0,0
2020-12-30T23:59:59+01:00,0,0,1,0,1,3,4,12,6,16,6,9,2,2,2,2,2,10,0,0,0,0,0,0,0,0,0,0,0,0,0,0,0,0,0,0,80,0,0,0,0,0,0,0,0
2020-12-29T23:59:59+01:00,0,0,1,0,1,3,3,8,4,13,4,7,1,1,2,1,0,8,0,0,0,0,0,0,0,0,0,0,0,0,0,0,0,0,0,0,58,0,0,0,0,0,0,0,0
2020-12-28T23:59:59+01:00,0,0,1,0,1,1,1,1,2,6,3,4,1,0,1,0,0,4,0,0,0,0,0,0,0,0,0,0,0,0,0,0,0,0,0,0,27,0,0,0,0,0,0,0,0
2020-12-27T23:59:59+01:00,0,0,1,0,0,0,0,1,1,6,1,2,0,0,1,0,0,2,0,0,0,0,0,0,0,0,0,0,0,0,0,0,0,0,0,0,15,0,0,0,0,0,0,0,0
