Datum,<15_1_m,<15_1_w,15-24_1_m,15-24_1_w,25-34_1_m,25-34_1_w,35-44_1_m,35-44_1_w,45-54_1_m,45-54_1_w,55-64_1_m,55-64_1_w,65-74_1_m,65-74_1_w,75-84_1_m,75-84_1_w,>84_1_m,>84_1_w,<15_2_m,<15_2_w,15-24_2_m,15-24_2_w,25-34_2_m,25-34_2_w,35-44_2_m,35-44_2_w,45-54_2_m,45-54_2_w,55-64_2_m,55-64_2_w,65-74_2_m,65-74_2_w,75-84_2_m,75-84_2_w,>84_2_m,>84_2_w,bp_1,bp_2,mo_1,mo_2,az_1,az_2,ja,unb_1,unb_2
2021-10-27T23:59:59+02:00,247,226,4308,3693,10275,7209,9708,6644,8361,8844,5504,6116,1881,2335,1179,1622,321,914,186,167,3637,3166,9139,6434,8785,6008,7671,8031,5116,5675,1758,2201,1108,1537,282,842,51265,45113,7767,7086,9194,7914,12850,48,48
2021-10-26T23:59:59+02:00,245,224,4271,3676,10227,7180,9656,6618,8324,8797,5486,6103,1878,2332,1178,1621,321,914,185,166,3621,3153,9099,6414,8760,5996,7657,8010,5105,5667,1756,2201,1107,1533,282,842,51005,44995,7761,7085,9194,7914,12780,48,48
2021-10-25T23:59:59+02:00,243,224,4263,3670,10211,7171,9635,6606,8309,8779,5483,6099,1877,2331,1178,1621,321,914,185,166,3620,3152,9086,6405,8744,5986,7647,7994,5101,5665,1755,2201,1107,1533,282,842,50935,44959,7760,7083,9194,7914,12735,48,48
2021-10-24T23:59:59+02:00,240,223,4249,3655,10175,7154,9604,6587,8293,8758,5479,6091,1875,2331,1177,1621,321,914,184,165,3604,3139,9064,6396,8726,5976,7637,7982,5097,5660,1754,2201,1107,1532,282,842,50796,44887,7755,7078,9194,7912,12691,48,48
2021-10-23T23:59:59+02:00,239,223,4243,3649,10155,7151,9593,6580,8289,8751,5478,6087,1875,2331,1177,1621,321,914,184,165,3601,3136,9058,6395,8720,5973,7632,7981,5096,5659,1754,2201,1107,1532,282,842,50740,44872,7754,7076,9194,7912,12678,48,48
2021-10-22T23:59:59+02:00,238,220,4213,3634,10116,7131,9571,6567,8262,8720,5466,6067,1875,2330,1177,1621,321,914,183,164,3590,3130,9033,6382,8699,5966,7620,7971,5087,5648,1754,2198,1107,1531,282,842,50558,44792,7748,7071,9194,7912,12632,48,48
2021-10-21T23:59:59+02:00,234,219,4184,3614,10037,7108,9528,6529,8227,8672,5459,6044,1874,2325,1176,1620,321,914,180,163,3558,3107,8981,6363,8670,5947,7591,7947,5072,5635,1753,2195,1105,1530,282,842,50292,44619,7734,7059,9194,7910,12553,48,48
2021-10-20T23:59:59+02:00,233,217,4165,3595,10017,7092,9501,6513,8202,8655,5453,6032,1872,2322,1176,1620,321,914,178,162,3542,3092,8952,6343,8643,5934,7573,7934,5064,5625,1750,2193,1105,1528,282,840,50144,44481,7730,7050,9194,7908,12521,47,48
2021-10-19T23:59:59+02:00,230,216,4150,3584,9999,7087,9471,6501,8187,8643,5448,6025,1871,2321,1176,1620,321,913,174,161,3526,3075,8935,6327,8628,5921,7561,7920,5055,5616,1749,2188,1104,1527,282,840,50036,44353,7722,7047,9194,7908,12500,47,48
2021-10-18T23:59:59+02:00,230,214,4137,3576,9982,7077,9452,6490,8175,8632,5444,6013,1870,2317,1175,1619,321,913,174,161,3515,3061,8920,6313,8616,5913,7552,7911,5054,5606,1747,2186,1104,1527,282,838,49929,44268,7719,7038,9194,7908,12483,47,48
2021-10-17T23:59:59+02:00,230,212,4122,3571,9972,7068,9440,6486,8166,8629,5442,6009,1869,2317,1175,1618,320,912,174,158,3503,3052,8910,6310,8610,5908,7542,7903,5052,5602,1746,2182,1102,1527,282,838,49867,44203,7713,7035,9194,7908,12471,47,48
2021-10-16T23:59:59+02:00,230,212,4117,3569,9967,7066,9438,6485,8164,8626,5441,6008,1868,2317,1174,1617,320,912,174,157,3501,3050,8906,6308,8610,5907,7539,7901,5052,5602,1746,2182,1102,1527,282,838,49847,44194,7712,7034,9194,7907,12465,47,48
2021-10-15T23:59:59+02:00,226,211,4100,3561,9949,7056,9423,6477,8154,8611,5434,6002,1867,2317,1174,1617,320,912,174,155,3488,3044,8892,6297,8597,5901,7531,7894,5045,5598,1746,2182,1102,1526,282,838,49753,44126,7708,7032,9194,7907,12442,47,48
2021-10-14T23:59:59+02:00,225,211,4082,3550,9918,7036,9402,6459,8130,8591,5425,5993,1867,2314,1174,1616,319,911,172,149,3464,3031,8858,6270,8564,5873,7506,7881,5034,5588,1745,2177,1099,1526,282,838,49622,43957,7699,7016,9194,7905,12394,47,48
2021-10-13T23:59:59+02:00,222,210,4064,3542,9899,7022,9385,6447,8119,8577,5417,5986,1865,2313,1174,1614,319,911,170,149,3449,3023,8830,6252,8547,5861,7488,7871,5026,5582,1745,2177,1098,1525,282,838,49522,43852,7695,7010,9194,7905,12361,47,48
2021-10-12T23:59:59+02:00,220,209,4053,3535,9878,7008,9363,6437,8107,8561,5407,5977,1864,2311,1173,1614,319,911,168,147,3441,3009,8806,6233,8523,5846,7474,7858,5011,5571,1741,2172,1097,1524,282,838,49410,43707,7689,7005,9194,7904,12340,47,48
2021-10-11T23:59:59+02:00,218,207,4032,3529,9854,7002,9341,6425,8098,8544,5403,5967,1863,2310,1173,1614,319,911,166,147,3425,2998,8770,6221,8496,5826,7456,7838,5004,5562,1740,2171,1097,1524,282,838,49314,43571,7680,6993,9194,7904,12308,47,48
2021-10-10T23:59:59+02:00,217,205,4021,3522,9841,6990,9333,6414,8087,8535,5399,5959,1863,2310,1172,1614,319,911,164,147,3416,2995,8751,6215,8482,5818,7443,7835,4998,5555,1739,2170,1097,1523,282,838,49241,43499,7674,6990,9194,7904,12289,47,48
2021-10-09T23:59:59+02:00,217,205,4020,3521,9837,6990,9321,6407,8084,8533,5397,5959,1863,2309,1172,1614,319,911,164,146,3414,2988,8749,6214,8472,5809,7439,7834,4995,5554,1739,2170,1097,1523,282,838,49223,43477,7674,6986,9194,7903,12274,47,48
2021-10-08T23:59:59+02:00,215,204,4007,3512,9815,6981,9308,6396,8070,8518,5392,5956,1861,2308,1172,1614,319,911,164,146,3406,2975,8723,6204,8458,5800,7433,7817,4986,5552,1735,2168,1096,1522,282,838,49140,43391,7672,6985,9194,7903,12238,47,48
2021-10-07T23:59:59+02:00,213,202,3981,3497,9775,6961,9265,6386,8047,8497,5386,5950,1860,2303,1172,1614,319,911,163,144,3374,2948,8677,6182,8428,5787,7410,7788,4967,5541,1732,2163,1096,1521,282,838,48979,43201,7667,6965,9194,7903,12183,47,48
2021-10-06T23:59:59+02:00,211,201,3971,3490,9747,6943,9250,6379,8039,8489,5379,5942,1858,2300,1172,1612,319,910,162,144,3359,2934,8655,6169,8410,5777,7402,7772,4965,5530,1730,2160,1096,1520,282,838,48885,43102,7663,6959,9194,7901,12154,47,48
2021-10-05T23:59:59+02:00,211,199,3954,3477,9730,6925,9228,6366,8022,8466,5371,5937,1857,2298,1172,1611,319,910,161,144,3342,2919,8631,6158,8384,5759,7383,7746,4955,5523,1728,2156,1095,1518,282,838,48775,42973,7661,6951,9194,7901,12107,47,48
2021-10-04T23:59:59+02:00,211,198,3929,3464,9699,6909,9191,6350,8006,8456,5365,5928,1855,2297,1171,1606,319,908,161,144,3328,2909,8605,6137,8347,5747,7363,7721,4946,5508,1727,2154,1095,1517,281,838,48653,42843,7653,6946,9193,7901,12047,47,48
2021-10-03T23:59:59+02:00,211,198,3907,3451,9671,6894,9177,6340,7992,8444,5363,5920,1853,2295,1170,1605,319,908,161,144,3310,2903,8574,6126,8336,5738,7354,7708,4941,5502,1725,2151,1095,1516,281,838,48564,42774,7648,6943,9193,7898,11997,47,48
2021-10-02T23:59:59+02:00,211,198,3903,3448,9669,6892,9174,6339,7990,8444,5360,5918,1852,2294,1170,1605,319,908,161,144,3307,2903,8570,6125,8334,5738,7349,7707,4940,5498,1724,2150,1095,1516,281,838,48552,42762,7645,6943,9193,7896,11988,47,48
2021-10-01T23:59:59+02:00,210,197,3890,3443,9647,6886,9162,6331,7977,8434,5356,5909,1849,2292,1170,1605,319,907,159,140,3289,2891,8551,6116,8319,5726,7340,7696,4934,5491,1722,2150,1094,1516,281,838,48486,42684,7642,6939,9193,7892,11947,47,48
2021-09-30T23:59:59+02:00,209,195,3855,3420,9598,6865,9126,6306,7949,8408,5339,5895,1846,2289,1169,1605,319,906,157,139,3267,2865,8501,6087,8286,5705,7321,7665,4919,5477,1721,2144,1094,1516,281,837,48307,42541,7634,6914,9193,7888,11846,47,48
2021-09-29T23:59:59+02:00,207,193,3832,3404,9551,6848,9109,6284,7936,8381,5330,5889,1844,2286,1168,1603,319,905,157,139,3247,2855,8466,6080,8270,5682,7310,7644,4909,5465,1721,2142,1094,1515,281,837,48168,42449,7627,6906,9193,7883,11781,47,48
2021-09-28T23:59:59+02:00,205,193,3816,3391,9512,6822,9077,6272,7911,8347,5321,5872,1843,2279,1168,1602,319,903,154,138,3228,2843,8440,6055,8247,5670,7285,7617,4900,5453,1721,2136,1094,1514,281,836,48027,42342,7622,6901,9193,7882,11690,47,48
2021-09-27T23:59:59+02:00,203,193,3791,3376,9475,6793,9052,6247,7894,8317,5307,5860,1839,2268,1167,1602,318,902,154,137,3203,2834,8397,6028,8218,5642,7263,7588,4887,5444,1718,2127,1094,1513,281,835,47901,42209,7608,6898,9193,7878,11581,47,48
2021-09-26T23:59:59+02:00,201,193,3779,3367,9456,6780,9041,6239,7881,8305,5303,5855,1834,2267,1165,1601,318,902,153,136,3191,2827,8376,6023,8207,5631,7249,7581,4879,5434,1714,2127,1094,1512,281,834,47835,42148,7603,6894,9192,7874,11536,47,48
2021-09-25T23:59:59+02:00,200,192,3772,3366,9446,6775,9037,6235,7875,8303,5301,5854,1834,2266,1165,1600,318,902,153,135,3184,2824,8368,6019,8203,5628,7246,7576,4878,5431,1713,2126,1093,1509,281,834,47815,42128,7600,6891,9192,7872,11513,47,48
2021-09-24T23:59:59+02:00,199,190,3752,3354,9414,6761,9022,6223,7852,8283,5293,5842,1833,2264,1165,1599,318,902,152,134,3169,2811,8342,6004,8191,5616,7224,7561,4871,5422,1713,2122,1093,1509,281,834,47724,42064,7598,6885,9192,7872,11430,47,48
2021-09-23T23:59:59+02:00,197,188,3715,3337,9352,6727,8969,6176,7810,8234,5273,5822,1827,2257,1163,1596,318,902,151,133,3146,2797,8289,5975,8142,5577,7181,7514,4852,5404,1704,2118,1092,1507,281,834,47559,41953,7587,6877,9192,7868,11200,47,48
2021-09-22T23:59:59+02:00,194,188,3694,3321,9325,6702,8941,6155,7776,8220,5257,5812,1825,2254,1162,1596,318,902,149,130,3122,2788,8260,5950,8116,5562,7151,7494,4837,5398,1701,2111,1090,1507,281,833,47430,41829,7582,6873,9190,7862,11114,47,48
2021-09-21T23:59:59+02:00,192,184,3673,3306,9296,6679,8895,6132,7743,8193,5242,5801,1824,2254,1162,1596,318,902,148,130,3098,2774,8223,5923,8071,5547,7115,7462,4820,5378,1699,2110,1089,1506,281,833,47296,41673,7575,6866,9190,7862,11002,47,48
2021-09-20T23:59:59+02:00,190,184,3646,3289,9256,6663,8858,6110,7707,8160,5235,5786,1820,2252,1162,1596,318,900,148,127,3077,2749,8180,5905,8031,5523,7080,7433,4812,5358,1696,2108,1088,1505,280,833,47161,41531,7571,6860,9189,7857,10878,47,48
2021-09-19T23:59:59+02:00,189,183,3629,3280,9226,6655,8843,6104,7701,8149,5227,5779,1819,2249,1161,1594,318,899,146,127,3070,2742,8151,5891,8012,5516,7065,7417,4804,5350,1695,2104,1087,1504,280,832,47096,41463,7564,6851,9189,7851,10821,47,48
2021-09-18T23:59:59+02:00,188,183,3625,3277,9220,6653,8836,6101,7697,8147,5225,5778,1819,2249,1161,1594,318,899,145,127,3063,2740,8141,5888,8001,5512,7059,7415,4800,5345,1695,2104,1087,1503,280,832,47080,41421,7562,6850,9188,7851,10805,47,48
2021-09-17T23:59:59+02:00,188,182,3606,3268,9183,6637,8807,6087,7678,8134,5216,5769,1818,2244,1159,1594,318,899,145,126,3047,2732,8100,5872,7971,5500,7036,7404,4792,5336,1695,2102,1086,1503,280,832,46987,41339,7555,6838,9186,7848,10722,47,48
2021-09-16T23:59:59+02:00,188,181,3580,3238,9128,6611,8760,6060,7641,8100,5196,5756,1816,2239,1157,1594,318,898,145,125,3035,2719,8060,5846,7937,5475,7015,7379,4778,5329,1693,2101,1086,1503,279,831,46773,41219,7530,6829,9185,7840,10634,47,48
2021-09-15T23:59:59+02:00,186,181,3556,3224,9094,6594,8730,6035,7614,8079,5190,5737,1813,2235,1154,1594,317,897,142,125,3018,2715,8034,5833,7910,5448,6982,7360,4762,5312,1691,2098,1086,1500,277,828,46621,41086,7524,6822,9185,7839,10558,47,48
2021-09-14T23:59:59+02:00,185,180,3536,3203,9051,6573,8684,6007,7587,8048,5178,5720,1811,2231,1153,1593,316,897,142,123,2998,2699,7993,5809,7869,5429,6956,7336,4747,5296,1690,2098,1085,1497,277,827,46460,40953,7514,6813,9185,7836,10450,47,48
2021-09-13T23:59:59+02:00,183,179,3521,3187,9011,6550,8654,5987,7569,8016,5163,5703,1809,2227,1153,1593,316,896,140,121,2984,2689,7961,5794,7852,5416,6947,7314,4738,5291,1689,2095,1085,1496,277,827,46295,40854,7494,6808,9184,7833,10398,47,48
2021-09-12T23:59:59+02:00,183,178,3503,3183,8986,6539,8643,5977,7558,8000,5155,5694,1808,2226,1152,1590,316,895,139,120,2969,2680,7935,5779,7842,5404,6930,7298,4734,5282,1685,2094,1085,1496,277,826,46209,40770,7492,6802,9184,7825,10354,47,48
2021-09-11T23:59:59+02:00,183,178,3500,3181,8978,6534,8639,5975,7557,7998,5152,5692,1807,2225,1151,1590,316,895,138,120,2967,2679,7926,5776,7838,5401,6929,7293,4733,5280,1685,2094,1085,1496,277,826,46192,40755,7490,6800,9182,7825,10338,47,48
2021-09-10T23:59:59+02:00,182,174,3471,3174,8952,6515,8621,5961,7531,7977,5139,5672,1803,2222,1150,1590,316,895,137,117,2952,2673,7900,5753,7820,5386,6906,7273,4718,5261,1684,2093,1085,1494,277,826,46105,40691,7487,6794,9182,7824,10220,47,48
2021-09-09T23:59:59+02:00,180,171,3451,3153,8905,6487,8585,5936,7509,7938,5123,5661,1800,2219,1150,1590,316,895,135,116,2937,2661,7866,5725,7793,5365,6883,7243,4705,5246,1683,2089,1085,1494,277,826,45928,40576,7479,6783,9182,7815,10128,47,47
2021-09-08T23:59:59+02:00,179,170,3430,3138,8870,6475,8559,5907,7490,7909,5108,5644,1796,2217,1149,1588,316,894,133,114,2919,2649,7823,5707,7757,5341,6854,7207,4693,5224,1682,2088,1084,1494,276,826,45820,40444,7470,6774,9179,7811,10014,47,47
2021-09-07T23:59:59+02:00,178,168,3409,3132,8852,6449,8530,5886,7468,7889,5093,5633,1796,2215,1148,1587,316,891,131,113,2902,2638,7794,5683,7732,5318,6836,7181,4680,5212,1679,2084,1083,1493,276,826,45687,40313,7467,6764,9179,7807,9949,47,47
2021-09-06T23:59:59+02:00,178,168,3389,3123,8821,6428,8505,5875,7448,7864,5084,5620,1792,2205,1146,1587,315,891,131,113,2883,2626,7767,5669,7707,5308,6819,7153,4673,5198,1673,2082,1083,1493,276,826,45556,40204,7465,6761,9178,7806,9881,47,47
2021-09-05T23:59:59+02:00,178,167,3374,3118,8812,6419,8493,5865,7446,7854,5077,5609,1789,2204,1146,1587,315,890,131,112,2872,2624,7751,5656,7696,5294,6812,7146,4663,5191,1670,2081,1083,1492,276,826,45501,40149,7463,6752,9177,7805,9842,47,47
2021-09-04T23:59:59+02:00,178,166,3369,3116,8809,6413,8486,5863,7443,7853,5077,5608,1788,2204,1146,1587,315,890,130,112,2867,2619,7747,5648,7689,5294,6807,7144,4662,5190,1668,2080,1082,1492,276,826,45484,40125,7463,6749,9177,7803,9827,47,47
2021-09-03T23:59:59+02:00,176,164,3355,3097,8775,6403,8467,5846,7425,7838,5064,5593,1785,2201,1146,1586,315,888,129,109,2849,2604,7718,5634,7668,5276,6788,7122,4649,5170,1664,2079,1082,1490,276,824,45399,40039,7452,6726,9177,7802,9734,47,47
2021-09-02T23:59:59+02:00,176,162,3332,3078,8724,6378,8426,5825,7404,7812,5051,5575,1780,2196,1144,1585,314,887,128,108,2832,2591,7668,5613,7634,5258,6763,7095,4640,5149,1660,2074,1080,1488,276,821,45264,39929,7441,6716,9175,7799,9604,47,46
2021-09-01T23:59:59+02:00,173,162,3314,3066,8684,6363,8398,5812,7384,7794,5039,5567,1779,2193,1143,1582,314,887,125,106,2816,2583,7622,5589,7601,5241,6735,7072,4628,5136,1657,2072,1079,1485,276,821,45147,39785,7428,6695,9175,7797,9535,47,46
2021-08-31T23:59:59+02:00,171,161,3298,3057,8639,6340,8378,5801,7365,7773,5032,5558,1776,2191,1142,1581,313,886,123,106,2801,2572,7578,5567,7579,5223,6711,7044,4616,5117,1653,2070,1078,1485,275,821,45043,39667,7423,6686,9175,7783,9448,47,46
2021-08-30T23:59:59+02:00,170,161,3271,3039,8599,6313,8335,5777,7327,7742,5019,5542,1772,2189,1141,1581,313,886,123,105,2771,2558,7531,5544,7542,5204,6676,7023,4605,5098,1649,2068,1077,1485,275,820,44885,39539,7422,6676,9174,7781,9321,47,46
2021-08-29T23:59:59+02:00,169,160,3259,3022,8572,6305,8316,5769,7319,7732,5011,5533,1771,2186,1141,1581,312,886,123,102,2748,2538,7497,5535,7523,5186,6663,7009,4594,5093,1647,2067,1076,1484,274,820,44813,39436,7416,6665,9174,7776,9262,47,46
2021-08-28T23:59:59+02:00,168,160,3252,3021,8566,6302,8311,5767,7312,7729,5011,5531,1771,2185,1141,1580,312,886,123,101,2742,2533,7491,5530,7518,5184,6658,7005,4591,5092,1647,2067,1076,1483,274,820,44794,39412,7416,6664,9174,7776,9242,47,46
2021-08-27T23:59:59+02:00,166,160,3242,3018,8548,6290,8288,5759,7292,7719,4999,5523,1771,2185,1141,1579,312,886,123,100,2728,2528,7473,5522,7497,5171,6643,6997,4581,5084,1647,2067,1075,1481,274,820,44729,39349,7415,6663,9173,7775,9180,47,46
2021-08-26T23:59:59+02:00,166,159,3216,3005,8509,6267,8252,5745,7269,7697,4985,5512,1769,2182,1141,1578,312,885,121,97,2705,2505,7433,5495,7449,5143,6608,6969,4557,5069,1641,2061,1075,1480,274,820,44590,39160,7408,6644,9173,7755,9090,47,46
2021-08-25T23:59:59+02:00,162,157,3193,2996,8471,6250,8217,5730,7244,7673,4972,5490,1765,2179,1141,1576,312,885,118,94,2668,2487,7382,5456,7400,5107,6571,6932,4540,5042,1640,2056,1074,1479,274,820,44477,38926,7402,6636,9173,7748,8971,47,46
2021-08-24T23:59:59+02:00,162,156,3188,2987,8452,6235,8198,5712,7228,7652,4962,5479,1762,2178,1140,1574,312,883,117,94,2649,2467,7349,5427,7367,5085,6545,6906,4524,5025,1640,2054,1073,1479,274,819,44401,38764,7398,6626,9173,7744,8895,47,46
2021-08-23T23:59:59+02:00,161,149,3164,2967,8406,6214,8154,5690,7198,7622,4948,5466,1762,2177,1138,1573,312,882,116,93,2623,2446,7303,5389,7327,5068,6510,6873,4509,5008,1636,2053,1073,1478,273,819,44259,38605,7387,6614,9170,7738,8768,47,46
2021-08-22T23:59:59+02:00,159,149,3152,2957,8391,6195,8139,5682,7178,7611,4941,5460,1761,2176,1137,1573,312,882,115,93,2609,2431,7270,5367,7303,5055,6490,6854,4504,4999,1633,2048,1072,1478,272,818,44182,38474,7379,6603,9170,7735,8722,47,46
2021-08-21T23:59:59+02:00,158,149,3144,2953,8380,6187,8129,5680,7173,7606,4939,5454,1760,2176,1137,1572,312,882,110,92,2600,2423,7252,5354,7283,5045,6478,6847,4496,4991,1632,2046,1071,1478,272,818,44135,38395,7376,6576,9170,7733,8705,47,46
2021-08-20T23:59:59+02:00,157,147,3134,2944,8355,6171,8098,5661,7154,7586,4927,5442,1758,2173,1137,1571,312,880,108,90,2571,2408,7208,5319,7248,5016,6443,6811,4480,4971,1626,2042,1070,1475,272,816,44065,38227,7367,6539,9169,7724,8599,47,46
2021-08-19T23:59:59+02:00,156,144,3114,2930,8312,6145,8059,5642,7134,7559,4914,5424,1752,2170,1136,1569,312,879,105,85,2525,2388,7127,5268,7188,4980,6396,6753,4450,4939,1622,2038,1070,1474,272,816,43935,37900,7355,6509,9167,7713,8482,47,46
2021-08-18T23:59:59+02:00,155,142,3101,2923,8286,6128,8029,5629,7101,7541,4902,5415,1747,2168,1136,1569,311,878,103,83,2499,2371,7061,5234,7132,4945,6354,6720,4427,4916,1617,2034,1068,1473,272,816,43824,37662,7350,6457,9166,7705,8407,47,46
2021-08-17T23:59:59+02:00,155,142,3084,2912,8263,6101,8001,5616,7087,7519,4891,5403,1744,2166,1135,1568,310,878,98,79,2472,2351,7005,5188,7089,4910,6326,6680,4409,4896,1609,2028,1067,1469,271,816,43703,37392,7344,6422,9165,7699,8348,47,46
2021-08-16T23:59:59+02:00,153,141,3073,2901,8242,6084,7982,5610,7075,7504,4878,5390,1743,2165,1134,1568,310,878,91,77,2441,2323,6932,5145,7021,4874,6278,6637,4378,4869,1607,2026,1064,1468,271,816,43614,37023,7339,6408,9165,7687,8296,47,46
2021-08-15T23:59:59+02:00,152,140,3065,2887,8215,6074,7966,5597,7057,7490,4873,5380,1741,2162,1134,1567,310,878,81,74,2409,2285,6872,5115,6983,4845,6236,6607,4365,4857,1603,2020,1063,1466,271,816,43520,36736,7332,6386,9164,7682,8255,47,46
2021-08-14T23:59:59+02:00,151,140,3059,2880,8202,6070,7957,5596,7056,7487,4869,5378,1739,2161,1134,1566,310,878,81,73,2400,2277,6845,5103,6970,4835,6228,6593,4346,4848,1600,2017,1063,1464,271,815,43499,36642,7330,6373,9164,7681,8223,47,46
2021-08-13T23:59:59+02:00,151,139,3045,2876,8182,6061,7947,5583,7042,7476,4861,5370,1739,2157,1133,1565,310,878,81,71,2364,2255,6799,5073,6931,4808,6187,6565,4335,4833,1599,2013,1062,1464,271,815,43433,36405,7329,6358,9164,7680,8169,47,46
2021-08-12T23:59:59+02:00,149,134,3027,2867,8151,6038,7917,5565,7020,7452,4847,5356,1737,2155,1130,1563,310,878,80,70,2326,2220,6711,5024,6879,4771,6139,6516,4310,4803,1596,2010,1059,1463,271,815,43331,36094,7321,6330,9162,7657,8061,45,46
2021-08-11T23:59:59+02:00,147,131,3011,2850,8111,6013,7897,5555,6998,7431,4836,5342,1735,2153,1130,1562,309,878,78,67,2299,2189,6629,4968,6804,4730,6082,6454,4289,4764,1591,2002,1059,1461,271,813,43207,35680,7310,6299,9157,7650,7993,45,46
2021-08-10T23:59:59+02:00,147,130,2992,2840,8081,6000,7871,5536,6969,7416,4818,5333,1732,2153,1130,1560,309,877,77,62,2227,2133,6517,4909,6718,4661,5993,6388,4242,4739,1581,1994,1057,1459,271,812,43102,35083,7300,6275,9154,7636,7914,45,46
2021-08-09T23:59:59+02:00,144,130,2972,2833,8051,5979,7847,5526,6945,7397,4809,5322,1731,2152,1130,1560,309,876,74,61,2165,2075,6416,4838,6621,4618,5923,6332,4214,4706,1575,1984,1056,1458,271,812,43017,34599,7293,6224,9154,7613,7822,45,46
2021-08-08T23:59:59+02:00,144,129,2959,2826,8035,5969,7831,5514,6935,7389,4803,5318,1728,2152,1130,1560,309,876,74,60,2140,2048,6355,4802,6580,4591,5884,6309,4202,4689,1566,1980,1055,1456,271,812,42962,34366,7290,6179,9150,7605,7777,45,46
2021-08-07T23:59:59+02:00,143,128,2952,2819,8015,5956,7817,5507,6929,7379,4798,5313,1726,2152,1129,1560,309,876,71,53,2109,2027,6277,4753,6525,4557,5851,6271,4185,4675,1562,1979,1055,1453,271,812,42904,34050,7285,6151,9150,7595,7741,45,46
2021-08-06T23:59:59+02:00,143,127,2941,2811,7988,5945,7786,5485,6909,7358,4787,5299,1721,2150,1129,1559,309,876,64,50,2069,1992,6180,4680,6451,4522,5811,6233,4164,4654,1559,1975,1054,1450,271,812,42842,33706,7268,6122,9150,7578,7634,45,46
2021-08-05T23:59:59+02:00,142,126,2917,2794,7964,5926,7749,5465,6886,7336,4768,5276,1717,2147,1127,1555,309,875,58,46,2029,1945,6053,4572,6343,4462,5742,6169,4127,4614,1552,1967,1051,1448,271,812,42713,33220,7260,6035,9148,7521,7524,45,46
2021-08-04T23:59:59+02:00,139,122,2875,2773,7896,5895,7712,5439,6858,7304,4750,5261,1713,2143,1124,1554,309,875,58,41,1971,1912,5931,4506,6221,4408,5676,6102,4099,4576,1542,1960,1046,1445,271,811,42504,32734,7247,5984,9148,7488,7397,45,46
2021-08-03T23:59:59+02:00,137,121,2860,2755,7869,5883,7676,5423,6836,7278,4738,5248,1709,2142,1123,1551,309,875,55,41,1937,1882,5833,4444,6115,4355,5607,6044,4059,4535,1537,1953,1045,1443,271,811,42371,32260,7242,5940,9147,7464,7325,45,46
2021-08-02T23:59:59+02:00,137,121,2837,2732,7838,5861,7652,5411,6814,7261,4721,5237,1708,2138,1122,1551,308,875,54,40,1913,1847,5709,4352,6003,4294,5540,5990,4014,4501,1531,1940,1044,1440,270,810,42234,31699,7235,5899,9146,7446,7259,45,46
2021-08-01T23:59:59+02:00,137,120,2822,2716,7809,5840,7638,5395,6802,7253,4715,5230,1707,2137,1120,1551,308,875,48,38,1893,1828,5634,4308,5943,4250,5496,5968,3999,4481,1529,1937,1042,1437,270,810,42143,31409,7223,5871,9145,7425,7212,45,46
2021-07-31T23:59:59+02:00,135,119,2814,2708,7795,5833,7630,5391,6796,7244,4714,5228,1706,2136,1120,1551,308,875,45,28,1855,1786,5536,4244,5878,4203,5444,5930,3973,4457,1524,1934,1042,1436,270,810,42102,30928,7221,5859,9145,7421,7183,45,46
2021-07-30T23:59:59+02:00,133,117,2804,2700,7770,5817,7618,5374,6779,7230,4707,5220,1705,2135,1120,1550,308,875,41,27,1833,1764,5456,4207,5814,4150,5387,5883,3947,4438,1520,1932,1041,1433,270,810,42024,30573,7209,5833,9145,7410,7129,45,46
2021-07-29T23:59:59+02:00,131,115,2769,2683,7718,5774,7578,5331,6750,7190,4682,5200,1704,2130,1118,1549,308,875,36,24,1794,1735,5334,4109,5684,4076,5297,5798,3898,4387,1513,1923,1038,1431,270,810,41821,30002,7194,5778,9139,7371,6989,45,46
2021-07-28T23:59:59+02:00,129,113,2750,2669,7688,5747,7551,5304,6727,7168,4668,5186,1700,2128,1117,1547,307,874,35,21,1757,1689,5237,4038,5568,4005,5211,5725,3860,4354,1501,1916,1036,1429,270,809,41647,29443,7184,5718,9135,7329,6945,45,46
2021-07-27T23:59:59+02:00,124,111,2734,2649,7650,5731,7520,5285,6708,7150,4656,5174,1700,2127,1117,1546,306,874,33,21,1713,1661,5104,3959,5443,3924,5120,5657,3820,4302,1494,1905,1035,1426,269,809,41529,28868,7167,5636,9134,7285,6870,45,46
2021-07-26T23:59:59+02:00,122,109,2711,2633,7615,5705,7488,5265,6685,7128,4650,5163,1698,2127,1115,1545,306,874,33,21,1668,1607,4967,3891,5341,3855,5047,5587,3759,4268,1491,1893,1034,1420,269,808,41383,28294,7145,5566,9131,7236,6813,45,46
2021-07-25T23:59:59+02:00,115,107,2696,2619,7579,5686,7461,5257,6666,7110,4640,5159,1696,2124,1114,1543,306,873,30,18,1645,1580,4908,3844,5283,3825,4999,5552,3726,4244,1487,1889,1033,1420,269,808,41247,28005,7137,5534,9129,7202,6764,45,46
2021-07-24T23:59:59+02:00,115,105,2682,2609,7552,5675,7437,5241,6652,7097,4630,5155,1695,2121,1114,1543,306,873,30,17,1624,1558,4861,3824,5212,3777,4957,5528,3706,4236,1486,1887,1032,1418,269,807,41171,27809,7115,5446,9128,7201,6712,45,46
2021-07-23T23:59:59+02:00,113,103,2658,2588,7503,5653,7412,5216,6615,7073,4610,5144,1693,2117,1112,1543,306,873,26,14,1565,1528,4720,3717,5082,3705,4884,5458,3654,4206,1484,1878,1031,1413,268,807,41002,27157,7108,5419,9126,7180,6613,45,46
2021-07-22T23:59:59+02:00,112,100,2627,2560,7429,5608,7360,5178,6569,7026,4575,5120,1686,2110,1111,1542,306,872,24,14,1512,1487,4554,3641,4930,3624,4730,5376,3573,4152,1471,1869,1026,1411,268,806,40697,26497,7085,5278,9115,7112,6500,45,46
2021-07-21T23:59:59+02:00,110,96,2600,2543,7365,5576,7310,5138,6511,6986,4553,5097,1679,2104,1111,1539,306,870,24,12,1476,1441,4434,3559,4796,3559,4626,5269,3502,4111,1460,1857,1024,1410,268,804,40449,26021,7045,5071,9109,7051,6391,45,45
2021-07-20T23:59:59+02:00,110,96,2579,2519,7313,5542,7274,5109,6473,6945,4526,5078,1675,2100,1111,1538,306,870,23,12,1441,1409,4317,3491,4709,3506,4527,5188,3447,4078,1455,1848,1023,1409,268,803,40205,25539,7035,4994,9107,6995,6312,45,45
2021-07-19T23:59:59+02:00,109,96,2559,2495,7258,5505,7229,5088,6429,6913,4507,5062,1669,2093,1109,1535,306,869,23,10,1418,1382,4243,3444,4624,3471,4453,5125,3412,4050,1449,1842,1019,1406,266,802,39923,25221,7024,4869,9105,6955,6270,45,45
2021-07-18T23:59:59+02:00,109,94,2532,2470,7194,5469,7195,5060,6392,6873,4490,5052,1663,2088,1108,1535,305,868,21,10,1399,1357,4196,3405,4586,3440,4405,5101,3378,4037,1443,1833,1018,1406,266,800,39636,25018,7008,4790,9099,6929,6238,45,44
2021-07-17T23:59:59+02:00,104,92,2520,2456,7174,5456,7177,5044,6372,6859,4468,5041,1658,2087,1108,1534,305,866,21,10,1387,1344,4161,3372,4536,3418,4363,5071,3348,4025,1436,1830,1018,1404,266,800,39529,24847,6998,4734,9097,6920,6179,45,44
2021-07-16T23:59:59+02:00,104,89,2485,2436,7115,5420,7117,5004,6329,6816,4441,5013,1652,2081,1107,1533,305,866,20,9,1344,1317,4063,3318,4445,3375,4282,5015,3287,3978,1423,1821,1012,1402,266,799,39349,24499,6976,4700,9090,6855,5974,45,44
2021-07-15T23:59:59+02:00,102,85,2440,2409,7047,5384,7060,4966,6283,6763,4423,4987,1649,2076,1105,1530,303,866,12,9,1290,1283,3867,3209,4256,3274,4139,4918,3222,3912,1413,1813,1008,1398,264,799,39032,23797,6958,4459,9084,6790,5873,45,44
2021-07-14T23:59:59+02:00,101,82,2406,2393,6979,5352,6990,4933,6229,6716,4401,4964,1641,2069,1103,1528,303,866,11,9,1244,1240,3745,3119,4152,3207,4029,4852,3175,3868,1401,1803,1007,1395,264,799,38722,23292,6938,4355,9082,6718,5777,45,44
2021-07-13T23:59:59+02:00,97,79,2372,2366,6925,5322,6926,4895,6189,6667,4380,4946,1631,2064,1101,1528,303,866,10,7,1211,1201,3639,3029,4028,3136,3940,4762,3121,3808,1372,1796,1004,1390,262,797,38403,22787,6931,4217,9079,6616,5702,45,44
2021-07-12T23:59:59+02:00,92,79,2347,2343,6860,5280,6859,4852,6138,6626,4353,4921,1626,2061,1098,1528,303,866,9,7,1178,1179,3530,2942,3915,3066,3838,4683,3069,3762,1359,1786,999,1382,262,797,38072,22325,6917,4087,9076,6531,5617,45,43
2021-07-11T23:59:59+02:00,86,76,2334,2329,6824,5255,6830,4830,6109,6608,4343,4913,1623,2056,1096,1528,302,866,9,7,1164,1162,3482,2897,3855,3030,3785,4654,3047,3748,1349,1773,996,1378,262,797,37956,22135,6896,4048,9071,6471,5532,45,43
2021-07-10T23:59:59+02:00,85,75,2305,2295,6744,5214,6766,4792,6060,6572,4319,4902,1620,2053,1096,1525,302,865,9,7,1141,1140,3425,2857,3807,3000,3748,4623,3030,3736,1343,1765,996,1376,262,797,37709,21951,6870,4047,9057,6456,5392,45,43
2021-07-09T23:59:59+02:00,83,72,2277,2275,6676,5181,6721,4770,6013,6539,4301,4879,1618,2047,1096,1524,302,865,5,3,1116,1124,3376,2808,3755,2959,3698,4586,3003,3708,1340,1749,994,1375,262,797,37484,21716,6842,4014,9045,6401,5299,45,43
2021-07-08T23:59:59+02:00,78,69,2229,2234,6588,5113,6624,4719,5947,6474,4264,4844,1611,2038,1094,1520,302,865,4,3,1043,1073,3210,2717,3562,2879,3517,4492,2932,3644,1325,1733,990,1366,261,796,37162,21215,6769,3723,9012,6261,5095,45,43
2021-07-07T23:59:59+02:00,78,68,2157,2188,6480,5038,6521,4666,5876,6416,4233,4797,1604,2029,1091,1515,301,865,4,3,988,1038,3058,2633,3384,2795,3357,4387,2877,3581,1309,1703,981,1356,261,793,36676,20642,6730,3478,8991,6179,4940,45,43
2021-07-06T23:59:59+02:00,75,68,2110,2148,6373,4987,6431,4617,5822,6348,4193,4763,1597,2024,1088,1510,301,865,4,3,951,996,2942,2528,3296,2735,3282,4295,2825,3524,1283,1671,977,1348,261,793,36229,20133,6679,3364,8975,6093,4841,45,43
2021-07-05T23:59:59+02:00,72,68,2043,2107,6235,4918,6316,4579,5753,6290,4154,4726,1592,2017,1086,1508,301,863,4,3,908,959,2834,2456,3214,2690,3207,4228,2781,3469,1261,1654,971,1338,261,789,35741,19745,6634,3288,8950,6007,4692,45,42
2021-07-04T23:59:59+02:00,72,67,2000,2063,6153,4877,6278,4549,5710,6269,4136,4704,1589,2015,1086,1506,301,862,4,3,867,932,2770,2407,3177,2665,3175,4194,2760,3448,1247,1633,969,1337,260,789,35531,19596,6594,3231,8925,5933,4573,45,42
2021-07-03T23:59:59+02:00,69,53,1904,1981,5935,4714,6126,4463,5625,6182,4089,4671,1586,2011,1085,1502,301,862,4,3,828,903,2700,2359,3120,2637,3135,4146,2730,3417,1241,1628,968,1333,260,787,34695,19401,6560,3228,8917,5908,4356,45,42
2021-07-02T23:59:59+02:00,59,45,1866,1943,5861,4673,6082,4434,5605,6154,4074,4653,1585,2004,1083,1501,300,862,4,3,806,877,2626,2306,3051,2592,3090,4095,2699,3380,1220,1611,964,1327,260,785,34415,19086,6524,3199,8912,5805,4294,45,42
2021-07-01T23:59:59+02:00,54,38,1817,1907,5755,4600,6001,4382,5526,6087,4047,4623,1582,1998,1082,1500,300,861,4,3,732,832,2432,2225,2865,2502,2906,3975,2599,3289,1196,1587,953,1312,260,783,33994,18283,6476,2982,8896,5702,4150,45,42
2021-06-30T23:59:59+02:00,54,36,1766,1853,5633,4521,5900,4333,5466,6038,4033,4598,1578,1990,1080,1497,300,861,4,2,696,796,2324,2152,2751,2446,2795,3882,2532,3211,1172,1559,945,1302,259,782,33561,17802,6412,2857,8881,5567,4026,45,42
2021-06-29T23:59:59+02:00,52,34,1706,1769,5519,4439,5798,4274,5413,5978,4004,4568,1570,1985,1079,1496,300,860,3,2,664,745,2236,2071,2675,2382,2692,3762,2475,3159,1159,1525,932,1292,259,779,33022,17301,6377,2786,8873,5449,3903,44,42
2021-06-28T23:59:59+02:00,51,33,1670,1711,5397,4374,5730,4223,5365,5938,3975,4542,1568,1976,1078,1494,300,860,3,2,650,717,2135,2004,2596,2322,2618,3677,2421,3109,1143,1507,925,1286,259,777,32598,16954,6316,2639,8862,5347,3825,44,42
2021-06-27T23:59:59+02:00,51,32,1639,1681,5345,4335,5687,4191,5319,5924,3962,4530,1565,1972,1078,1493,300,860,3,2,631,699,2083,1964,2552,2295,2572,3638,2390,3090,1136,1495,924,1276,259,777,32406,16802,6284,2580,8839,5263,3750,44,42
2021-06-26T23:59:59+02:00,44,27,1608,1654,5275,4287,5595,4147,5278,5890,3943,4515,1565,1970,1078,1491,300,860,3,2,624,687,2050,1936,2517,2273,2554,3612,2367,3072,1118,1485,923,1274,259,777,32043,16569,6200,2575,8839,5245,3749,44,42
2021-06-25T23:59:59+02:00,38,21,1569,1616,5172,4214,5539,4120,5240,5866,3919,4505,1562,1967,1076,1490,299,860,2,2,614,663,1996,1908,2451,2204,2455,3479,2325,2969,1106,1463,920,1270,258,776,31618,16097,6170,2546,8838,5064,3746,44,42
2021-06-24T23:59:59+02:00,22,17,1515,1563,4986,4103,5409,4064,5138,5823,3880,4479,1558,1963,1076,1489,298,860,2,2,576,642,1884,1835,2271,2132,2283,3395,2220,2873,1074,1441,912,1264,257,773,30961,15579,6111,2217,8827,4981,3630,44,42
2021-06-23T23:59:59+02:00,21,17,1482,1516,4900,4049,5329,4006,5089,5779,3858,4444,1549,1957,1073,1486,297,860,2,2,545,619,1810,1772,2161,2078,2163,3303,2117,2785,1049,1419,907,1256,255,772,30517,15003,6057,2138,8823,4838,3594,44,42
2021-06-22T23:59:59+02:00,21,17,1453,1498,4827,3984,5244,3958,5044,5734,3832,4421,1544,1951,1072,1484,297,860,2,2,528,597,1744,1725,2070,2026,2076,3195,2013,2696,1035,1396,897,1244,255,767,30104,14573,6013,2002,8818,4668,3568,44,41
2021-06-21T23:59:59+02:00,20,17,1421,1456,4707,3892,5163,3914,4975,5673,3802,4399,1540,1938,1070,1479,296,858,2,2,512,581,1705,1681,2034,1984,2026,3112,1948,2612,1015,1367,875,1224,255,764,29554,14269,5969,1905,8816,4528,3531,44,41
2021-06-20T23:59:59+02:00,19,15,1394,1424,4631,3824,5113,3894,4940,5651,3779,4388,1537,1937,1069,1479,295,858,2,2,496,564,1673,1651,2010,1960,1996,3084,1907,2575,1007,1352,873,1218,255,763,29254,14085,5933,1866,8803,4465,3497,44,40
2021-06-19T23:59:59+02:00,18,14,1379,1405,4590,3792,5088,3868,4910,5626,3760,4375,1532,1935,1069,1478,295,858,2,2,487,560,1653,1630,1991,1934,1980,3058,1881,2537,997,1345,869,1217,253,762,29071,13906,5869,1835,8803,4457,3479,44,39
2021-06-18T23:59:59+02:00,13,10,1354,1388,4518,3750,5037,3824,4860,5587,3735,4363,1528,1932,1067,1476,295,858,2,2,471,551,1633,1613,1961,1903,1935,3009,1830,2480,984,1330,867,1213,252,760,28733,13597,5821,1831,8802,4410,3465,44,39
2021-06-17T23:59:59+02:00,9,9,1314,1349,4351,3672,4848,3745,4686,5500,3680,4318,1522,1929,1067,1475,294,858,2,2,432,530,1530,1578,1776,1842,1776,2911,1727,2398,963,1311,856,1202,250,758,28113,13124,5765,1721,8795,4324,3168,43,39
2021-06-16T23:59:59+02:00,9,8,1283,1318,4245,3586,4748,3691,4583,5435,3635,4291,1516,1925,1066,1471,294,857,2,2,413,507,1468,1540,1714,1809,1695,2825,1668,2322,946,1284,846,1187,250,755,27617,12705,5650,1650,8783,4247,3114,43,39
2021-06-15T23:59:59+02:00,9,8,1247,1283,4108,3501,4675,3631,4506,5364,3592,4258,1506,1918,1061,1469,294,856,2,2,400,487,1413,1487,1661,1764,1627,2769,1598,2253,929,1255,841,1176,249,754,27057,12367,5612,1565,8768,4177,3034,43,39
2021-06-14T23:59:59+02:00,9,6,1219,1245,4017,3445,4591,3576,4423,5290,3537,4227,1502,1910,1060,1464,292,854,2,2,391,476,1366,1453,1611,1729,1575,2705,1542,2200,919,1230,837,1169,248,751,26581,12112,5515,1492,8764,4092,2979,42,38
2021-06-13T23:59:59+02:00,9,6,1203,1228,3968,3404,4542,3535,4372,5246,3516,4211,1501,1904,1060,1463,292,853,2,2,383,468,1333,1435,1573,1704,1535,2668,1509,2159,901,1209,834,1159,248,749,26323,11927,5478,1469,8758,4018,2919,42,38
2021-06-12T23:59:59+02:00,9,5,1188,1200,3938,3382,4512,3510,4354,5230,3501,4201,1499,1901,1059,1462,292,852,2,2,378,466,1320,1416,1550,1679,1513,2646,1484,2140,893,1199,824,1156,248,748,26126,11784,5467,1469,8756,3957,2907,42,37
2021-06-11T23:59:59+02:00,8,5,1168,1186,3898,3334,4441,3480,4313,5192,3471,4189,1498,1899,1058,1459,292,851,2,2,366,452,1298,1375,1522,1658,1467,2604,1437,2098,883,1185,820,1150,248,747,25819,11539,5437,1461,8753,3877,2884,42,37
2021-06-10T23:59:59+02:00,8,4,1104,1132,3774,3250,4304,3398,4214,5126,3416,4152,1493,1892,1056,1458,292,851,2,2,346,435,1233,1336,1455,1598,1402,2532,1349,2000,856,1153,816,1140,247,744,25208,11109,5295,1448,8734,3715,2808,42,36
2021-06-09T23:59:59+02:00,7,2,1054,1094,3630,3143,4166,3336,4123,5048,3368,4110,1487,1886,1054,1455,292,851,1,2,329,415,1172,1293,1391,1562,1345,2450,1268,1934,829,1099,809,1126,246,742,24705,10803,5109,1388,8725,3575,2667,42,36
2021-06-08T23:59:59+02:00,6,2,998,1057,3493,3048,4045,3255,4012,4964,3318,4079,1480,1882,1051,1452,291,849,1,1,313,395,1126,1254,1334,1527,1285,2392,1222,1861,809,1065,798,1110,242,739,24135,10563,4965,1338,8714,3436,2547,42,35
2021-06-07T23:59:59+02:00,5,2,969,1028,3380,2968,3906,3220,3890,4894,3266,4053,1465,1877,1050,1450,291,848,1,0,305,389,1082,1214,1276,1506,1237,2340,1154,1807,796,1044,785,1094,240,735,23734,10393,4779,1302,8706,3305,2406,42,35
2021-06-06T23:59:59+02:00,5,2,945,1017,3317,2933,3827,3172,3822,4864,3235,4038,1463,1871,1047,1449,290,848,1,0,297,378,1066,1187,1245,1477,1215,2281,1127,1748,784,1029,778,1086,240,732,23522,10282,4642,1248,8693,3195,2339,42,35
2021-06-05T23:59:59+02:00,5,2,933,999,3247,2871,3773,3142,3786,4840,3225,4034,1462,1869,1047,1449,290,847,1,0,290,367,1048,1167,1226,1461,1189,2253,1095,1726,770,1006,776,1083,240,732,23239,10116,4636,1244,8689,3151,2301,42,34
2021-06-04T23:59:59+02:00,3,2,905,978,3200,2814,3699,3104,3722,4786,3198,4014,1458,1865,1045,1449,290,847,1,0,277,359,1022,1135,1203,1446,1165,2213,1065,1699,754,985,770,1078,240,730,22918,9978,4590,1239,8685,3090,2214,42,33
2021-06-03T23:59:59+02:00,3,2,861,943,3037,2719,3513,2996,3547,4669,3105,3938,1449,1855,1041,1444,290,847,0,0,266,349,989,1095,1147,1390,1098,2128,1002,1642,715,947,762,1065,240,729,22226,9761,4350,1221,8668,2927,2020,42,33
2021-06-02T23:59:59+02:00,3,2,836,931,2966,2655,3456,2955,3484,4607,3063,3912,1447,1850,1041,1443,290,847,0,0,253,340,963,1073,1106,1372,1055,2086,951,1597,702,915,759,1060,240,728,21871,9549,4331,1207,8668,2891,1910,42,33
2021-06-01T23:59:59+02:00,3,2,789,898,2813,2541,3274,2862,3316,4501,3003,3850,1436,1843,1038,1438,290,847,0,0,242,326,882,1014,1016,1316,972,1978,902,1518,671,861,753,1051,240,722,21257,9263,4119,1172,8657,2695,1674,42,32
2021-05-31T23:59:59+02:00,3,2,751,870,2689,2452,3136,2764,3209,4410,2950,3797,1430,1831,1037,1434,290,846,0,0,229,310,843,972,952,1264,927,1901,862,1459,651,837,747,1046,238,719,20845,9091,3880,1156,8638,2559,1480,42,32
2021-05-30T23:59:59+02:00,3,2,740,858,2630,2406,3070,2725,3159,4369,2932,3776,1426,1825,1037,1433,290,845,0,0,219,293,801,930,900,1223,888,1841,839,1405,637,821,743,1036,238,718,20695,8993,3818,1148,8626,2390,1322,42,32
2021-05-29T23:59:59+02:00,3,2,738,855,2611,2390,3047,2713,3140,4352,2924,3767,1424,1823,1037,1433,290,845,0,0,215,282,795,917,880,1195,871,1794,825,1373,623,801,741,1031,237,718,20568,8901,3816,1147,8623,2248,1321,41,32
2021-05-28T23:59:59+02:00,3,2,730,843,2572,2349,3002,2685,3117,4329,2914,3752,1424,1820,1035,1428,290,845,0,0,211,273,783,900,868,1171,855,1754,793,1333,605,772,737,1023,236,716,20319,8722,3807,1142,8621,2161,1317,41,32
2021-05-27T23:59:59+02:00,3,2,684,820,2445,2286,2869,2615,2972,4252,2830,3703,1415,1809,1034,1426,289,843,0,0,197,257,720,847,786,1116,767,1662,729,1251,581,739,728,1007,235,714,19829,8518,3672,1103,8587,1901,1114,41,31
2021-05-26T23:59:59+02:00,3,2,650,785,2335,2215,2704,2550,2846,4187,2779,3653,1405,1797,1032,1419,287,838,0,0,188,235,678,807,738,1081,725,1593,690,1193,565,713,710,974,234,711,19404,8294,3425,1092,8560,1762,982,41,31
2021-05-25T23:59:59+02:00,3,2,628,766,2242,2153,2603,2507,2746,4106,2732,3616,1394,1789,1029,1415,287,836,0,0,179,222,655,778,703,1046,688,1535,642,1131,547,695,690,947,233,709,19036,8082,3245,1057,8518,1627,928,40,28
2021-05-24T23:59:59+02:00,3,2,613,742,2183,2112,2527,2473,2676,4050,2672,3574,1381,1782,1023,1414,287,835,0,0,174,214,633,760,676,1014,654,1479,616,1078,530,681,683,943,233,709,18837,7991,3062,1046,8484,1506,828,40,27
2021-05-23T23:59:59+02:00,3,2,609,741,2165,2098,2514,2458,2666,4034,2661,3561,1378,1780,1023,1412,287,835,0,0,172,212,627,752,668,1008,638,1465,608,1071,527,673,678,937,232,706,18716,7908,3059,1040,8484,1494,827,40,26
2021-05-22T23:59:59+02:00,3,2,602,728,2140,2075,2477,2436,2645,4001,2629,3533,1370,1776,1023,1410,287,834,0,0,170,204,618,749,663,998,626,1459,603,1065,517,665,672,925,232,706,18467,7846,3058,1040,8481,1459,818,40,26
2021-05-21T23:59:59+02:00,3,2,587,713,2050,2038,2392,2383,2576,3954,2588,3487,1363,1763,1021,1408,287,833,0,0,169,201,612,740,653,989,614,1447,588,1045,506,639,665,919,232,704,17979,7762,3030,1039,8461,1398,815,40,26
2021-05-20T23:59:59+02:00,3,2,556,692,1923,1967,2260,2305,2446,3852,2509,3403,1348,1747,1019,1403,287,831,0,0,160,190,578,702,621,950,584,1389,564,983,482,608,660,910,232,703,17329,7639,2903,1028,8387,1184,745,40,26
2021-05-19T23:59:59+02:00,2,2,520,657,1810,1883,2113,2232,2303,3750,2405,3308,1330,1729,1011,1400,285,831,0,0,146,183,551,678,588,914,552,1337,538,924,468,587,650,888,231,701,16556,7489,2832,1011,8345,1083,624,40,26
2021-05-18T23:59:59+02:00,2,1,492,636,1729,1807,2012,2175,2193,3630,2313,3217,1319,1710,1004,1393,285,827,0,0,139,174,527,649,565,882,536,1260,518,863,452,563,643,874,230,698,16040,7372,2666,973,8288,971,521,40,26
2021-05-17T23:59:59+02:00,2,0,472,622,1671,1771,1959,2124,2120,3519,2256,3140,1301,1690,997,1386,285,825,0,0,133,166,511,634,557,844,526,1199,502,808,435,532,641,866,230,696,15738,7298,2513,943,8222,869,425,40,26
2021-05-16T23:59:59+02:00,2,0,466,621,1643,1745,1922,2097,2080,3470,2202,3083,1286,1681,995,1382,285,824,0,0,129,163,502,613,546,829,513,1153,484,771,410,503,638,861,230,695,15562,7242,2442,915,8180,782,348,40,26
2021-05-15T23:59:59+02:00,2,0,461,616,1616,1727,1903,2077,2059,3446,2178,3045,1277,1680,994,1380,284,824,0,0,128,160,498,612,545,826,508,1149,478,761,406,501,635,859,230,695,15357,7210,2441,914,8172,771,343,38,26
2021-05-14T23:59:59+02:00,2,0,443,602,1585,1693,1860,2036,1981,3377,2136,3000,1269,1670,992,1380,282,824,0,0,126,155,493,597,526,801,489,1117,464,745,390,484,630,854,230,693,14988,7150,2399,898,8151,667,321,38,26
2021-05-13T23:59:59+02:00,1,0,416,581,1523,1640,1750,1983,1861,3290,2070,2908,1245,1653,985,1378,280,820,0,0,121,152,481,589,517,785,483,1101,450,731,374,457,620,829,230,689,14550,7067,2156,858,8095,631,292,38,26
2021-05-12T23:59:59+02:00,1,0,409,575,1503,1631,1735,1974,1836,3267,2055,2894,1243,1647,981,1376,280,820,0,0,121,150,478,589,516,779,480,1096,448,725,369,445,619,823,230,688,14420,7025,2132,849,8088,630,290,37,26
2021-05-11T23:59:59+02:00,1,0,390,555,1426,1592,1628,1933,1724,3174,1951,2823,1229,1622,977,1367,280,820,0,0,114,141,463,557,494,751,461,1064,420,704,348,417,609,817,230,688,14016,6927,1955,820,7974,535,227,37,26
2021-05-10T23:59:59+02:00,1,0,375,540,1381,1560,1574,1900,1652,3109,1893,2755,1222,1608,973,1361,280,817,0,0,114,138,456,552,485,730,453,1040,415,684,339,404,607,811,230,687,13743,6879,1871,812,7851,483,202,37,24
2021-05-09T23:59:59+02:00,1,0,369,529,1336,1535,1541,1879,1608,3072,1832,2714,1209,1595,971,1356,280,816,0,0,109,135,449,543,475,722,443,1030,405,673,329,393,602,806,230,686,13502,6842,1815,801,7802,431,182,37,23
2021-05-08T23:59:59+02:00,1,0,363,524,1322,1514,1511,1859,1585,3046,1802,2693,1202,1587,968,1355,279,816,0,0,108,135,448,543,473,721,442,1025,405,666,328,392,598,798,230,686,13290,6827,1809,795,7799,419,181,37,23
2021-05-07T23:59:59+02:00,1,0,352,517,1293,1486,1457,1840,1523,2986,1753,2643,1196,1579,967,1350,279,813,0,0,105,132,436,529,460,694,430,990,389,642,326,373,585,785,230,684,13019,6778,1780,771,7734,317,145,36,21
2021-05-06T23:59:59+02:00,1,0,328,504,1197,1442,1344,1783,1382,2871,1621,2550,1165,1547,965,1339,279,811,0,0,102,127,422,513,448,676,417,967,376,623,317,356,573,773,230,682,12526,6717,1590,754,7510,232,119,34,20
2021-05-05T23:59:59+02:00,1,0,314,489,1157,1410,1298,1743,1316,2802,1543,2471,1148,1524,959,1324,279,806,0,0,101,123,411,502,443,664,409,957,371,605,300,345,555,754,230,681,12110,6645,1527,734,7444,183,111,34,17
2021-05-04T23:59:59+02:00,1,0,304,479,1111,1378,1259,1717,1271,2756,1490,2411,1131,1494,954,1314,278,802,0,0,97,120,401,490,440,657,398,938,363,588,286,330,544,734,230,681,11788,6570,1464,706,7400,144,99,34,16
2021-05-03T23:59:59+02:00,1,0,297,473,1079,1354,1223,1699,1240,2722,1449,2372,1115,1467,948,1308,277,797,0,0,90,115,389,483,431,649,391,930,353,580,274,322,527,718,229,679,11542,6491,1440,699,7360,122,70,34,14
2021-05-02T23:59:59+02:00,1,0,292,472,1065,1340,1190,1682,1215,2703,1438,2349,1106,1453,946,1307,277,794,0,0,88,114,382,476,427,644,386,923,350,577,269,314,509,708,229,679,11411,6452,1425,682,7326,108,53,33,13
2021-05-01T23:59:59+02:00,1,0,288,467,1056,1332,1178,1668,1200,2691,1421,2332,1100,1448,943,1305,277,793,0,0,88,113,381,475,424,644,384,919,350,576,267,314,509,708,229,679,11276,6442,1424,682,7325,105,52,33,12
2021-04-30T23:59:59+02:00,1,0,284,458,1044,1308,1158,1649,1172,2630,1367,2279,1087,1433,937,1301,277,790,0,0,86,111,380,470,420,637,382,894,346,566,262,308,507,703,229,678,10980,6428,1419,673,7322,78,22,33,11
2021-04-29T23:59:59+02:00,1,0,269,444,991,1278,1118,1609,1127,2574,1273,2210,1044,1389,932,1292,276,788,0,0,86,107,375,468,416,632,374,882,337,557,254,298,496,693,228,674,10506,6368,1380,652,7261,55,21,32,11
2021-04-28T23:59:59+02:00,1,0,258,438,974,1260,1091,1595,1094,2533,1208,2156,1013,1336,924,1290,276,786,0,0,82,104,369,463,412,624,371,874,333,544,240,283,484,679,227,673,10219,6302,1331,614,7207,41,20,32,11
2021-04-27T23:59:59+02:00,1,0,254,428,955,1243,1072,1583,1068,2510,1186,2129,989,1303,918,1286,276,783,0,0,80,101,363,458,410,618,369,869,327,538,237,275,473,660,226,672,10027,6252,1304,587,7172,34,19,28,9
2021-04-26T23:59:59+02:00,1,0,251,422,947,1234,1062,1568,1040,2492,1138,2082,970,1283,911,1279,275,782,0,0,80,101,359,452,410,615,365,866,326,533,232,267,463,651,226,672,9852,6219,1289,563,7107,32,19,28,9
2021-04-25T23:59:59+02:00,1,0,251,420,939,1220,1046,1561,1023,2475,1109,2054,948,1260,907,1272,275,782,0,0,79,100,358,444,407,614,364,861,325,532,231,262,458,643,226,671,9723,6201,1265,547,7060,23,19,28,9
2021-04-24T23:59:59+02:00,1,0,247,414,925,1208,1034,1546,1009,2456,1082,2038,937,1237,904,1269,275,782,0,0,79,100,358,444,406,614,364,859,324,529,230,260,457,640,226,671,9560,6194,1265,539,7036,23,19,27,9
2021-04-23T23:59:59+02:00,1,0,245,404,914,1193,1025,1535,993,2438,1029,1995,916,1214,902,1262,275,779,0,0,78,99,358,444,406,613,363,857,321,526,226,254,452,635,226,671,9410,6173,1252,527,6944,23,19,26,8
2021-04-22T23:59:59+02:00,1,0,242,394,891,1170,1001,1513,963,2398,986,1936,883,1173,893,1250,275,776,0,0,78,98,356,438,401,606,359,848,319,520,221,248,443,625,225,669,9141,6120,1202,512,6877,16,19,26,8
2021-04-21T23:59:59+02:00,1,0,237,389,869,1151,975,1496,928,2362,942,1889,851,1123,885,1236,275,772,0,0,77,96,354,437,399,603,355,842,315,512,220,243,434,610,224,666,8852,6071,1177,493,6819,16,19,26,8
2021-04-20T23:59:59+02:00,1,0,230,384,852,1124,957,1476,904,2313,902,1836,806,1059,873,1219,274,770,0,0,77,96,352,436,396,598,349,837,313,506,216,235,422,591,223,666,8577,6013,1109,478,6755,15,19,26,8
2021-04-19T23:59:59+02:00,1,0,227,374,834,1112,944,1456,888,2282,874,1801,778,1028,869,1212,273,767,0,0,76,95,351,433,390,593,346,827,309,496,216,230,412,574,221,661,8398,5954,1093,456,6688,13,18,25,8
2021-04-18T23:59:59+02:00,1,0,226,369,826,1102,932,1448,867,2260,856,1784,752,989,865,1206,272,764,0,0,75,93,348,433,390,593,345,824,309,493,215,226,406,571,221,661,8274,5935,1067,447,6628,13,18,25,8
2021-04-17T23:59:59+02:00,1,0,225,366,823,1099,925,1447,860,2255,852,1778,736,965,863,1200,272,764,0,0,75,90,346,429,388,593,342,820,308,489,213,221,400,564,221,660,8210,5893,1066,445,6604,13,18,25,8
2021-04-16T23:59:59+02:00,1,0,224,365,813,1094,912,1428,844,2234,821,1741,696,906,853,1190,271,761,0,0,71,88,344,422,385,591,333,806,301,475,201,205,397,555,218,657,8018,5821,1051,407,6530,12,18,25,7
2021-04-15T23:59:59+02:00,1,0,223,358,788,1077,894,1414,819,2189,782,1703,665,859,845,1171,271,757,0,0,69,87,341,415,380,586,326,798,294,472,192,199,381,533,216,652,7799,5738,1040,381,6415,11,18,24,7
2021-04-14T23:59:59+02:00,1,0,222,351,777,1068,884,1401,804,2154,765,1675,628,819,816,1125,271,753,0,0,66,83,336,412,376,581,324,788,286,464,182,183,366,510,214,647,7585,5646,1024,349,6340,11,18,21,7
2021-04-13T23:59:59+02:00,1,0,218,346,767,1063,873,1389,795,2129,737,1649,581,769,794,1091,270,749,0,0,63,80,329,407,366,577,317,781,281,459,179,179,352,497,212,644,7431,5583,977,318,6246,9,18,19,7
2021-04-12T23:59:59+02:00,1,0,216,344,763,1057,866,1376,769,2109,720,1632,549,741,783,1074,270,747,0,0,62,76,317,398,362,571,313,774,274,453,172,174,344,485,211,638,7339,5506,955,292,6155,9,18,16,7
2021-04-11T23:59:59+02:00,0,0,213,341,755,1047,859,1370,757,2093,710,1616,534,716,775,1050,269,744,0,0,60,73,312,396,359,569,311,770,273,448,167,167,337,482,209,636,7279,5460,935,282,6064,8,18,15,7
2021-04-10T23:59:59+02:00,0,0,213,339,755,1044,855,1368,747,2085,700,1608,527,701,768,1036,268,744,0,0,56,66,287,380,338,554,299,756,258,440,159,160,333,468,208,634,7224,5287,928,274,6034,8,17,14,7
2021-04-09T23:59:59+02:00,0,0,213,336,750,1041,842,1345,739,2003,684,1524,489,639,747,1016,265,740,0,0,47,63,274,368,321,541,283,741,247,427,150,155,310,446,204,625,7109,5094,904,266,5783,8,13,13,7
2021-04-08T23:59:59+02:00,0,0,211,332,745,1034,831,1336,725,1983,665,1504,444,580,719,993,263,737,0,0,45,61,265,352,307,529,270,725,232,411,139,139,294,429,202,608,6994,4905,865,255,5663,8,12,13,7
2021-04-07T23:59:59+02:00,0,0,206,328,735,1027,818,1321,709,1955,647,1471,406,538,689,955,260,733,0,0,42,58,246,339,297,523,263,711,224,399,124,129,276,409,197,599,6862,4736,831,246,5515,8,12,13,6
2021-04-06T23:59:59+02:00,0,0,204,326,727,1022,804,1305,690,1931,619,1445,384,502,664,924,259,731,0,0,40,57,245,335,293,521,253,707,219,393,118,124,268,389,192,589,6772,4664,804,226,5366,7,12,11,6
2021-04-05T23:59:59+02:00,0,0,204,325,724,1015,796,1293,682,1915,613,1430,367,479,647,900,259,730,0,0,40,55,245,331,292,516,249,701,214,392,118,120,253,369,189,583,6730,4603,793,210,5256,7,11,11,6
2021-04-04T23:59:59+02:00,0,0,203,321,720,1005,791,1282,673,1897,606,1411,357,468,644,896,259,730,0,0,39,54,244,330,291,516,249,701,213,392,116,120,246,356,185,581,6706,4571,788,209,5171,7,9,11,6
2021-04-03T23:59:59+02:00,0,0,203,321,718,1005,789,1280,672,1893,599,1409,349,462,641,889,259,729,0,0,39,54,244,330,291,516,249,700,213,390,116,120,245,354,185,579,6673,4563,788,209,5157,7,9,11,6
2021-04-02T23:59:59+02:00,0,0,203,319,717,1004,788,1277,668,1886,595,1399,340,453,630,879,259,728,0,0,39,53,241,329,289,514,247,692,208,384,114,119,238,335,184,566,6627,4491,782,206,5134,7,9,10,6
2021-04-01T23:59:59+02:00,0,0,200,316,712,990,776,1264,663,1866,578,1380,328,429,600,846,258,722,0,0,37,52,232,323,287,511,246,685,206,380,106,116,223,309,180,545,6540,4384,740,198,5041,6,9,10,6
2021-03-31T23:59:59+02:00,0,0,196,313,704,982,766,1250,653,1820,568,1341,319,418,579,797,256,719,0,0,37,52,231,322,282,508,243,683,200,376,101,113,209,283,178,524,6471,4297,694,191,4908,6,7,10,6
2021-03-30T23:59:59+02:00,0,0,193,307,699,971,761,1229,641,1781,559,1297,308,403,553,761,255,719,0,0,37,51,229,318,278,505,242,678,197,371,98,111,200,265,175,510,6396,4222,659,186,4772,6,7,10,6
2021-03-29T23:59:59+02:00,0,0,189,302,693,954,756,1216,632,1750,550,1259,304,389,523,724,253,712,0,0,37,50,227,317,277,503,241,673,195,364,94,109,191,252,170,498,6288,4162,637,180,4669,4,7,10,6
2021-03-28T23:59:59+02:00,0,0,182,286,685,945,749,1209,628,1728,547,1243,302,374,496,700,251,710,0,0,37,49,225,317,274,497,237,670,194,361,91,107,184,242,167,497,6242,4119,603,174,4573,4,7,10,6
2021-03-27T23:59:59+01:00,0,0,182,282,680,939,744,1205,621,1717,545,1235,298,366,490,690,251,709,0,0,37,49,225,317,274,497,236,664,191,357,90,106,180,235,163,487,6202,4084,595,168,4536,4,7,10,6
2021-03-26T23:59:59+01:00,0,0,178,280,668,927,736,1190,609,1699,536,1210,291,355,486,676,249,706,0,0,37,49,225,317,273,495,236,663,184,344,85,98,166,219,155,475,6135,3999,577,167,4458,4,5,10,6
2021-03-25T23:59:59+01:00,0,0,174,278,660,914,715,1166,592,1662,526,1170,284,343,470,652,248,702,0,0,37,49,221,312,271,494,230,660,184,343,78,98,150,202,152,451,6061,3913,561,160,4304,4,5,10,6
2021-03-24T23:59:59+01:00,0,0,172,269,649,901,707,1151,583,1625,514,1140,274,328,453,627,245,699,0,0,37,49,220,310,268,492,228,660,180,340,76,95,137,195,144,417,5988,3837,538,153,4177,3,5,10,6
2021-03-23T23:59:59+01:00,0,0,169,266,640,888,694,1139,572,1602,502,1102,268,316,435,611,240,695,0,0,35,49,218,309,266,490,223,655,178,336,73,92,130,188,135,392,5935,3762,521,148,4047,2,5,10,6
2021-03-22T23:59:59+01:00,0,0,165,258,621,867,675,1120,561,1570,489,1078,264,305,424,596,239,689,0,0,35,49,217,307,263,488,221,648,177,334,73,88,124,180,120,362,5879,3681,497,145,3905,1,5,10,6
2021-03-21T23:59:59+01:00,0,0,161,256,613,860,670,1116,557,1546,483,1045,259,297,411,589,237,685,0,0,35,49,214,307,262,486,220,647,175,332,72,85,122,179,116,359,5857,3660,484,141,3800,1,4,9,5
2021-03-20T23:59:59+01:00,0,0,159,256,605,856,665,1111,551,1542,480,1044,256,290,399,575,235,683,0,0,35,49,214,307,261,486,219,645,175,328,71,84,119,175,112,353,5824,3635,479,139,3756,1,4,9,5
2021-03-19T23:59:59+01:00,0,0,149,244,600,838,654,1105,545,1524,468,1031,242,268,383,549,229,674,0,0,33,49,213,306,260,486,217,637,174,325,68,82,110,165,107,331,5745,3567,440,137,3666,1,3,9,5
2021-03-18T23:59:59+01:00,0,0,144,238,582,822,637,1071,527,1474,454,986,226,253,370,528,225,657,0,0,33,49,212,303,258,478,217,632,172,318,68,79,101,157,101,316,5662,3504,408,128,3463,1,3,9,5
2021-03-17T23:59:59+01:00,0,0,137,232,570,803,624,1064,522,1461,445,968,214,240,352,510,222,651,0,0,33,48,212,301,257,476,216,631,172,317,68,79,96,152,96,304,5566,3467,381,127,3400,1,3,7,5
2021-03-16T23:59:59+01:00,0,0,132,224,555,788,606,1053,510,1421,433,943,206,225,332,476,217,639,0,0,33,47,212,298,257,470,214,630,171,316,64,79,91,147,94,284,5473,3420,346,123,3266,1,2,7,5
2021-03-15T23:59:59+01:00,0,0,126,217,540,773,597,1031,501,1389,417,906,200,217,317,452,215,633,0,0,32,47,211,295,257,467,213,629,169,315,63,77,85,141,91,269,5383,3375,316,121,3150,1,1,7,5
2021-03-14T23:59:59+01:00,0,0,121,204,528,755,583,1010,492,1346,404,863,191,206,307,440,208,629,0,0,32,47,211,292,256,466,212,624,168,310,62,77,84,138,89,266,5318,3360,302,110,2982,1,0,6,5
2021-03-13T23:59:59+01:00,0,0,117,192,501,729,552,984,468,1322,382,844,174,197,299,428,206,626,0,0,32,47,211,292,256,466,211,624,168,309,62,77,81,134,77,251,5123,3322,296,110,2896,1,0,6,5
2021-03-12T23:59:59+01:00,0,0,106,185,473,703,533,955,447,1283,360,812,158,185,274,400,205,606,0,0,32,47,211,291,256,465,211,624,168,308,57,76,78,128,75,245,4897,3294,290,110,2779,1,0,6,4
2021-03-11T23:59:59+01:00,0,0,98,178,441,657,497,918,409,1208,339,759,143,163,250,357,200,584,0,0,32,46,210,288,251,461,209,620,165,306,57,74,74,122,73,233,4654,3264,282,90,2523,1,0,6,3
2021-03-10T23:59:59+01:00,0,0,95,168,418,635,480,899,394,1170,323,722,128,147,234,327,195,553,0,0,32,46,208,283,247,456,206,614,165,304,54,73,70,120,70,222,4483,3222,272,78,2387,1,0,6,3
2021-03-09T23:59:59+01:00,0,0,95,163,407,608,450,870,379,1126,312,690,123,138,222,309,189,541,0,0,32,46,207,280,244,448,204,610,160,300,54,71,68,118,63,213,4399,3179,256,68,2208,1,0,6,3
2021-03-08T23:59:59+01:00,0,0,92,156,392,591,432,853,370,1074,303,653,118,129,208,289,185,528,0,0,32,46,207,276,241,443,199,606,154,296,52,70,63,115,62,212,4321,3151,240,51,2048,1,0,6,2
2021-03-07T23:59:59+01:00,0,0,88,151,387,579,424,838,360,1060,300,647,116,129,201,275,183,527,0,0,32,46,206,275,241,441,198,605,154,296,52,70,61,114,61,211,4275,3142,229,49,1992,0,0,6,2
2021-03-06T23:59:59+01:00,0,0,87,144,385,572,417,814,351,1009,291,615,115,128,195,267,181,522,0,0,32,46,206,275,240,440,198,604,154,296,52,70,59,114,60,206,4243,3137,229,43,1849,0,0,6,2
2021-03-05T23:59:59+01:00,0,0,86,139,380,560,412,806,350,992,282,591,109,118,181,247,172,509,0,0,32,46,205,273,239,439,197,602,153,294,52,70,57,113,60,198,4157,3122,220,35,1778,0,0,6,2
2021-03-04T23:59:59+01:00,0,0,83,125,369,524,394,772,332,946,272,564,99,117,162,222,166,485,0,0,32,46,203,267,237,433,195,589,150,293,50,70,57,113,60,197,4058,3082,203,34,1589,0,0,6,2
2021-03-03T23:59:59+01:00,0,0,76,114,360,506,385,753,328,925,263,546,97,114,151,213,158,450,0,0,32,45,203,267,236,431,192,581,150,287,50,70,56,112,60,197,3984,3059,197,31,1472,0,0,6,2
2021-03-02T23:59:59+01:00,0,0,73,111,349,490,369,736,320,906,257,524,95,111,142,205,149,423,0,0,31,45,203,267,236,425,187,574,148,284,50,70,56,110,60,196,3903,3030,191,31,1373,0,0,6,2
2021-03-01T23:59:59+01:00,0,0,72,109,343,476,362,715,311,882,251,496,94,109,135,195,131,388,0,0,31,44,202,266,234,416,185,567,148,281,50,70,56,109,59,196,3817,3000,186,31,1268,0,0,6,2
2021-02-28T23:59:59+01:00,0,0,72,107,336,467,359,707,308,858,246,478,89,101,133,191,127,384,0,0,31,44,201,265,233,416,184,567,148,281,50,70,56,109,59,195,3793,2996,181,31,1188,0,0,6,1
2021-02-27T23:59:59+01:00,0,0,69,98,330,461,354,701,302,847,243,469,87,99,132,186,120,373,0,0,31,44,201,264,233,415,183,566,146,280,50,70,56,109,59,195,3760,2994,175,26,1131,0,0,6,1
2021-02-26T23:59:59+01:00,0,0,67,93,322,438,328,666,281,816,233,448,84,95,123,176,116,353,0,0,31,43,201,263,233,413,182,563,142,278,50,70,56,109,59,193,3703,2978,173,26,951,0,0,6,0
2021-02-25T23:59:59+01:00,0,0,59,82,309,417,317,637,275,790,221,425,79,95,114,169,111,339,0,0,31,43,199,260,229,410,180,556,137,277,50,68,54,107,57,193,3649,2950,167,18,802,0,0,6,0
2021-02-24T23:59:59+01:00,0,0,55,75,302,404,309,622,270,774,218,417,78,95,109,165,105,328,0,0,30,43,197,259,226,397,178,548,135,272,48,67,52,107,57,193,3613,2912,162,12,727,0,0,6,0
2021-02-23T23:59:59+01:00,0,0,50,66,289,385,299,603,264,756,213,409,74,93,103,161,103,304,0,0,29,43,196,257,224,392,177,542,131,269,47,67,52,103,57,191,3559,2883,157,8,627,0,0,6,0
2021-02-22T23:59:59+01:00,0,0,48,63,284,374,295,594,262,747,211,405,72,90,95,153,100,290,0,0,29,41,193,255,221,379,169,532,128,266,46,67,51,103,56,191,3511,2835,150,4,588,0,0,5,0
2021-02-21T23:59:59+01:00,0,0,47,62,278,368,292,584,257,739,206,400,71,88,94,151,98,288,0,0,29,40,192,253,220,376,169,523,128,265,46,67,51,102,55,190,3500,2812,147,4,539,0,0,4,0
2021-02-20T23:59:59+01:00,0,0,46,62,276,367,292,581,256,733,206,394,70,88,91,147,86,273,0,0,29,40,192,253,220,376,169,523,126,264,46,67,50,102,55,188,3464,2806,146,4,518,0,0,4,0
2021-02-19T23:59:59+01:00,0,0,45,62,273,362,286,558,245,707,204,382,66,86,87,139,84,266,0,0,29,39,192,253,219,375,169,522,126,264,46,67,49,101,54,186,3434,2797,144,4,430,0,0,3,0
2021-02-18T23:59:59+01:00,0,0,43,59,255,338,278,537,237,686,190,358,65,82,85,134,82,256,0,0,28,38,188,245,216,368,164,507,125,254,46,65,48,99,50,182,3405,2728,135,4,297,0,0,3,0
2021-02-17T23:59:59+01:00,0,0,43,57,248,333,276,522,230,673,187,338,63,80,81,132,79,246,0,0,26,37,184,239,209,354,160,491,122,243,42,63,48,97,49,179,3357,2645,134,3,243,0,0,3,0
2021-02-16T23:59:59+01:00,0,0,42,52,235,318,272,511,224,659,182,331,61,79,78,130,72,237,0,0,23,37,175,230,201,335,154,479,118,231,42,59,38,83,42,170,3318,2518,131,3,178,0,0,3,0
2021-02-15T23:59:59+01:00,0,0,41,52,230,315,265,498,221,654,178,325,59,79,73,126,71,236,0,0,22,36,168,223,196,327,148,468,114,224,39,56,38,77,39,162,3291,2437,130,3,146,0,0,3,0
2021-02-14T23:59:59+01:00,0,0,38,52,227,311,263,491,218,647,178,320,58,76,70,126,70,232,0,0,20,36,166,219,192,322,147,456,113,221,39,56,37,76,37,155,3280,2391,118,3,122,0,0,3,0
2021-02-13T23:59:59+01:00,0,0,37,52,227,311,261,491,218,646,178,320,58,76,69,126,70,231,0,0,20,36,165,218,189,322,146,454,112,218,38,56,36,75,35,151,3276,2371,118,1,120,0,0,3,0
2021-02-12T23:59:59+01:00,0,0,36,50,225,306,258,482,214,635,175,317,58,75,68,126,70,230,0,0,20,36,164,215,188,321,145,452,110,217,36,55,36,71,32,142,3267,2340,118,1,81,0,0,3,0
2021-02-11T23:59:59+01:00,0,0,35,49,217,285,251,465,207,610,163,306,56,74,67,124,70,225,0,0,20,34,148,195,181,290,136,407,105,198,32,54,33,61,30,128,3229,2143,96,1,18,0,0,3,0
2021-02-10T23:59:59+01:00,0,0,35,48,214,277,249,458,203,602,161,301,53,74,66,124,69,223,0,0,18,31,137,171,167,252,117,358,98,176,28,52,32,59,27,117,3197,1919,86,1,8,0,0,3,0
2021-02-09T23:59:59+01:00,0,0,34,47,213,274,247,448,198,594,157,298,53,74,66,122,69,223,0,0,18,29,120,146,150,232,104,316,93,151,23,47,31,47,23,105,3175,1704,71,1,4,0,0,3,0
2021-02-08T23:59:59+01:00,0,0,34,47,212,272,241,433,195,582,152,293,51,74,66,121,69,223,0,0,16,28,103,123,128,193,85,277,88,141,16,45,25,40,22,90,3135,1483,55,1,4,0,0,3,0
2021-02-07T23:59:59+01:00,0,0,34,46,209,271,239,432,194,579,151,293,51,74,65,120,69,223,0,0,15,22,98,114,121,182,80,258,83,131,16,44,24,34,22,85,3126,1389,52,1,0,0,0,2,0
2021-02-06T23:59:59+01:00,0,0,34,46,209,271,239,431,194,579,150,292,50,74,64,120,68,218,0,0,12,18,97,113,120,178,78,251,83,129,15,43,24,31,20,84,3122,1353,45,1,0,0,0,2,0
2021-02-05T23:59:59+01:00,0,0,33,45,209,271,239,430,193,577,148,291,50,74,64,120,68,208,0,0,10,15,88,105,116,173,77,247,82,121,14,41,23,27,18,81,3109,1292,37,0,0,0,0,2,0
2021-02-04T23:59:59+01:00,0,0,33,45,206,268,234,426,188,571,146,288,50,72,64,118,68,207,0,0,9,11,60,74,93,128,66,208,65,102,13,36,20,23,16,71,3072,1037,37,0,0,0,0,2,0
2021-02-03T23:59:59+01:00,0,0,33,44,206,267,233,414,186,565,145,285,50,71,63,117,68,206,0,0,6,6,44,55,72,105,51,159,55,74,10,17,16,17,11,54,3044,783,34,0,0,0,0,2,0
2021-02-02T23:59:59+01:00,0,0,32,44,205,265,229,408,185,559,142,284,49,71,61,114,66,203,0,0,4,3,28,39,56,75,40,102,44,51,8,14,11,12,7,36,3006,551,34,0,0,0,0,2,0
2021-02-01T23:59:59+01:00,0,0,31,42,203,265,225,403,182,554,139,277,49,70,60,113,66,203,0,0,4,1,22,21,30,44,26,62,27,28,5,9,8,8,6,21,2970,334,34,0,0,0,0,1,0
2021-01-31T23:59:59+01:00,0,0,31,42,202,263,223,398,180,546,138,277,49,70,59,113,65,202,0,0,4,1,20,16,21,36,20,50,21,24,5,6,6,7,5,19,2945,271,33,0,0,0,0,1,0
2021-01-30T23:59:59+01:00,0,0,31,42,202,263,223,397,179,546,138,277,49,70,58,113,65,199,0,0,4,1,19,15,19,36,18,46,20,23,5,5,6,6,5,18,2940,255,32,0,0,0,0,1,0
2021-01-29T23:59:59+01:00,0,0,31,42,202,261,222,396,178,545,136,275,49,70,57,112,64,198,0,0,4,0,16,9,14,29,16,40,16,21,4,4,5,6,5,17,2930,213,28,0,0,0,0,0,0
2021-01-28T23:59:59+01:00,0,0,31,41,194,258,221,391,177,536,133,271,49,70,55,111,60,196,0,0,4,0,5,3,7,16,9,22,9,9,2,2,3,3,1,17,2894,115,20,0,0,0,0,0,0
2021-01-27T23:59:59+01:00,0,0,30,40,191,252,217,381,175,523,130,262,46,68,55,109,59,194,0,0,1,0,3,3,6,14,8,19,8,9,2,2,2,3,1,13,2830,96,16,0,0,0,0,0,0
2021-01-26T23:59:59+01:00,0,0,27,40,188,240,211,368,171,505,127,255,45,64,49,101,53,186,0,0,1,0,2,3,6,14,8,19,8,9,2,2,2,3,1,10,2731,92,12,0,0,0,0,0,0
2021-01-25T23:59:59+01:00,0,0,27,39,179,237,208,358,168,496,124,245,43,62,48,98,48,184,0,0,1,0,1,3,4,12,7,16,8,9,2,2,2,1,1,8,2671,79,4,0,0,0,0,0,0
2021-01-24T23:59:59+01:00,0,0,26,38,177,234,205,357,167,494,124,244,43,62,46,95,47,183,0,0,1,0,1,3,3,12,7,16,8,9,2,2,2,1,1,8,2649,78,3,0,0,0,0,0,0
2021-01-23T23:59:59+01:00,0,0,26,38,177,234,203,357,167,493,124,244,43,62,46,94,47,181,0,0,1,0,1,3,3,11,7,15,7,9,2,2,2,1,1,8,2643,75,3,0,0,0,0,0,0
2021-01-22T23:59:59+01:00,0,0,25,37,176,230,202,357,167,492,123,244,43,62,46,94,45,174,0,0,1,0,1,3,3,11,7,15,7,9,2,2,2,1,1,8,2624,75,3,0,0,0,0,0,0
2021-01-21T23:59:59+01:00,0,0,21,36,167,221,196,340,163,471,121,231,42,62,42,86,44,171,0,0,1,0,1,3,1,6,6,10,5,5,2,2,2,0,1,7,2515,54,3,0,0,0,0,0,0
2021-01-20T23:59:59+01:00,0,0,20,34,153,195,180,299,135,415,111,210,37,59,39,82,40,157,0,0,1,0,1,3,1,6,6,9,5,4,2,2,2,0,1,7,2256,52,2,0,0,0,0,0,0
2021-01-19T23:59:59+01:00,0,0,20,31,128,168,163,267,126,372,107,189,27,53,31,68,35,143,0,0,1,0,1,3,1,5,4,7,3,3,1,0,2,0,0,4,2006,36,2,0,0,0,0,0,0
2021-01-18T23:59:59+01:00,0,0,17,31,113,147,140,226,109,324,100,165,24,50,28,56,31,121,0,0,1,0,1,1,0,2,3,5,2,3,0,0,1,0,0,4,1755,24,2,0,0,0,0,0,0
2021-01-17T23:59:59+01:00,0,0,16,22,108,133,132,212,100,300,95,154,24,45,28,51,29,109,0,0,1,0,0,0,0,1,1,4,2,2,0,0,1,0,0,1,1623,13,2,0,0,0,0,0,0
2021-01-16T23:59:59+01:00,0,0,14,19,105,131,130,207,97,290,94,147,21,44,27,45,25,105,0,0,0,0,0,0,0,0,0,0,0,0,0,0,0,0,0,0,1565,0,0,0,0,0,0,0,0
2021-01-15T23:59:59+01:00,0,0,11,17,99,122,126,201,95,281,94,137,20,43,26,40,23,102,0,0,0,0,0,0,0,0,0,0,0,0,0,0,0,0,0,0,1497,0,0,0,0,0,0,0,0
2021-01-14T23:59:59+01:00,0,0,9,13,75,91,107,165,79,236,82,122,15,38,23,33,22,88,0,0,0,0,0,0,0,0,0,0,0,0,0,0,0,0,0,0,1246,0,0,0,0,0,0,0,0
2021-01-13T23:59:59+01:00,0,0,7,12,61,80,94,136,73,191,76,97,15,24,19,25,20,68,0,0,0,0,0,0,0,0,0,0,0,0,0,0,0,0,0,0,1039,0,0,0,0,0,0,0,0
2021-01-12T23:59:59+01:00,0,0,5,8,49,62,76,106,66,135,63,75,11,19,15,21,12,51,0,0,0,0,0,0,0,0,0,0,0,0,0,0,0,0,0,0,809,0,0,0,0,0,0,0,0
2021-01-11T23:59:59+01:00,0,0,4,6,43,49,64,81,52,106,48,55,10,15,8,12,9,28,0,0,0,0,0,0,0,0,0,0,0,0,0,0,0,0,0,0,615,0,0,0,0,0,0,0,0
2021-01-10T23:59:59+01:00,0,0,4,6,39,38,49,67,38,85,40,47,8,10,6,11,8,24,0,0,0,0,0,0,0,0,0,0,0,0,0,0,0,0,0,0,496,0,0,0,0,0,0,0,0
2021-01-09T23:59:59+01:00,0,0,4,5,36,37,44,64,35,77,37,43,8,9,6,10,8,23,0,0,0,0,0,0,0,0,0,0,0,0,0,0,0,0,0,0,460,0,0,0,0,0,0,0,0
2021-01-08T23:59:59+01:00,0,0,4,5,29,28,38,56,27,64,31,38,6,6,4,9,7,21,0,0,0,0,0,0,0,0,0,0,0,0,0,0,0,0,0,0,384,0,0,0,0,0,0,0,0
2021-01-07T23:59:59+01:00,0,0,4,2,11,3,10,18,11,28,8,18,5,3,3,4,3,20,0,0,0,0,0,0,0,0,0,0,0,0,0,0,0,0,0,0,154,0,0,0,0,0,0,0,0
2021-01-06T23:59:59+01:00,0,0,4,0,4,3,5,15,8,22,7,10,3,3,2,4,3,17,0,0,0,0,0,0,0,0,0,0,0,0,0,0,0,0,0,0,113,0,0,0,0,0,0,0,0
2021-01-05T23:59:59+01:00,0,0,2,0,2,3,5,14,8,20,7,9,3,2,2,4,2,16,0,0,0,0,0,0,0,0,0,0,0,0,0,0,0,0,0,0,102,0,0,0,0,0,0,0,0
2021-01-04T23:59:59+01:00,0,0,1,0,2,3,5,13,7,17,7,9,2,2,2,2,2,10,0,0,0,0,0,0,0,0,0,0,0,0,0,0,0,0,0,0,86,0,0,0,0,0,0,0,0
2021-01-03T23:59:59+01:00,0,0,1,0,1,3,4,13,7,17,7,9,2,2,2,2,2,10,0,0,0,0,0,0,0,0,0,0,0,0,0,0,0,0,0,0,84,0,0,0,0,0,0,0,0
2021-01-02T23:59:59+01:00,0,0,1,0,1,3,4,13,6,17,6,9,2,2,2,2,2,10,0,0,0,0,0,0,0,0,0,0,0,0,0,0,0,0,0,0,82,0,0,0,0,0,0,0,0
2021-01-01T23:59:59+01:00,0,0,1,0,1,3,4,13,6,17,6,9,2,2,2,2,2,10,0,0,0,0,0,0,0,0,0,0,0,0,0,0,0,0,0,0,82,0,0,0,0,0,0,0,0
2020-12-31T23:59:59+01:00,0,0,1,0,1,3,4,12,6,17,6,9,2,2,2,2,2,10,0,0,0,0,0,0,0,0,0,0,0,0,0,0,0,0,0,0,81,0,0,0,0,0,0,0,0
2020-12-30T23:59:59+01:00,0,0,1,0,1,3,4,12,6,16,6,9,2,2,2,2,2,10,0,0,0,0,0,0,0,0,0,0,0,0,0,0,0,0,0,0,80,0,0,0,0,0,0,0,0
2020-12-29T23:59:59+01:00,0,0,1,0,1,3,3,8,4,13,4,7,1,1,2,1,0,8,0,0,0,0,0,0,0,0,0,0,0,0,0,0,0,0,0,0,58,0,0,0,0,0,0,0,0
2020-12-28T23:59:59+01:00,0,0,1,0,1,1,1,1,2,6,3,4,1,0,1,0,0,4,0,0,0,0,0,0,0,0,0,0,0,0,0,0,0,0,0,0,27,0,0,0,0,0,0,0,0
2020-12-27T23:59:59+01:00,0,0,1,0,0,0,0,1,1,6,1,2,0,0,1,0,0,2,0,0,0,0,0,0,0,0,0,0,0,0,0,0,0,0,0,0,15,0,0,0,0,0,0,0,0
