Datum,<15_m,<15_w,15-24_1_m,15-24_1_w,25-34_1_m,25-34_1_w,35-44_1_m,35-44_1_w,45-54_1_m,45-54_1_w,55-64_1_m,55-64_1_w,65-74_1_m,65-74_1_w,75-84_1_m,75-84_1_w,>84_1_m,>84_1_w,<24_2_m,<24_2_w,25-34_2_m,25-34_2_w,35-44_2_m,35-44_2_w,45-54_2_m,45-54_2_w,55-64_2_m,55-64_2_w,65-74_2_m,65-74_2_w,75-84_2_m,75-84_2_w,>84_2_m,>84_2_w,bp_1,bp_2,mo_1,mo_2,az_1,az_2,ja,unb_1,unb_2
2021-08-12T23:59:59+02:00,116,128,2849,2623,7829,5632,7734,5321,6942,7382,5155,5521,2627,2741,3175,3241,2732,5161,2131,1951,6388,4635,6667,4543,6046,6438,4446,4879,2039,2326,2341,2535,1971,3836,52473,41867,7921,6580,9396,7348,7964,30,26
2021-08-11T23:59:59+02:00,113,125,2831,2610,7792,5608,7709,5308,6922,7369,5147,5506,2625,2738,3175,3240,2732,5161,2100,1925,6304,4585,6594,4497,5995,6383,4425,4840,2031,2318,2340,2533,1971,3835,52347,41467,7912,6546,9394,7342,7903,30,26
2021-08-10T23:59:59+02:00,113,124,2817,2597,7753,5591,7686,5297,6894,7354,5135,5501,2622,2738,3175,3238,2732,5160,2045,1896,6192,4531,6508,4435,5908,6314,4385,4819,2025,2311,2338,2532,1971,3834,52240,40932,7904,6528,9394,7327,7834,30,26
2021-08-09T23:59:59+02:00,112,124,2801,2593,7725,5570,7661,5288,6875,7339,5125,5491,2621,2737,3175,3238,2732,5159,2007,1867,6101,4470,6415,4393,5847,6265,4358,4787,2019,2302,2337,2531,1971,3834,52164,40536,7897,6478,9394,7308,7756,30,26
2021-08-08T23:59:59+02:00,112,123,2785,2585,7707,5557,7645,5276,6865,7329,5120,5488,2618,2737,3175,3238,2732,5159,1987,1851,6047,4432,6362,4368,5812,6244,4345,4774,2011,2297,2335,2530,1971,3834,52105,40327,7896,6439,9391,7302,7704,30,26
2021-08-07T23:59:59+02:00,111,122,2778,2579,7680,5545,7627,5269,6857,7320,5116,5483,2616,2737,3175,3238,2732,5159,1950,1832,5969,4384,6303,4334,5777,6206,4329,4761,2008,2296,2335,2527,1971,3834,52044,40016,7892,6411,9391,7293,7662,30,26
2021-08-06T23:59:59+02:00,110,121,2766,2569,7651,5532,7598,5247,6836,7298,5106,5470,2613,2735,3175,3237,2732,5159,1914,1789,5871,4312,6230,4296,5733,6163,4311,4741,2006,2293,2334,2524,1971,3834,51990,39670,7873,6381,9391,7281,7546,30,26
2021-08-05T23:59:59+02:00,108,120,2737,2553,7619,5510,7561,5225,6816,7277,5088,5446,2610,2733,3173,3234,2732,5158,1870,1741,5745,4212,6117,4240,5670,6102,4275,4698,2000,2287,2332,2522,1971,3834,51849,39207,7866,6290,9389,7224,7441,30,26
2021-08-04T23:59:59+02:00,105,117,2673,2529,7538,5474,7513,5198,6783,7243,5071,5433,2604,2730,3171,3233,2732,5158,1794,1709,5611,4138,5983,4189,5604,6038,4246,4657,1989,2281,2327,2519,1971,3833,51643,38727,7849,6239,9388,7191,7270,30,26
2021-08-03T23:59:59+02:00,102,117,2652,2509,7508,5459,7478,5181,6759,7219,5060,5421,2600,2728,3170,3230,2732,5158,1762,1679,5520,4073,5885,4140,5536,5983,4207,4618,1984,2277,2326,2517,1971,3833,51496,38275,7844,6199,9386,7169,7202,30,26
2021-08-02T23:59:59+02:00,102,117,2631,2489,7468,5435,7452,5172,6736,7205,5042,5412,2598,2724,3169,3229,2731,5158,1735,1652,5404,3989,5780,4077,5470,5934,4159,4586,1978,2264,2325,2512,1970,3832,51358,37748,7836,6164,9386,7150,7134,30,26
2021-08-01T23:59:59+02:00,101,115,2615,2476,7436,5413,7439,5159,6724,7197,5036,5406,2596,2723,3167,3229,2731,5158,1717,1635,5333,3949,5717,4034,5427,5912,4141,4568,1976,2261,2323,2509,1970,3832,51266,37482,7823,6133,9385,7125,7089,30,26
2021-07-31T23:59:59+02:00,99,114,2609,2469,7422,5405,7432,5154,6720,7188,5035,5405,2594,2723,3167,3229,2731,5158,1679,1591,5237,3887,5656,3988,5376,5878,4113,4543,1973,2258,2323,2508,1970,3832,51231,37020,7818,6119,9385,7121,7062,30,26
2021-07-30T23:59:59+02:00,97,111,2598,2460,7399,5393,7419,5134,6701,7176,5028,5398,2593,2722,3167,3228,2731,5158,1661,1575,5156,3847,5592,3933,5317,5832,4088,4526,1970,2256,2322,2505,1970,3832,51155,36674,7812,6095,9385,7113,7003,30,26
2021-07-29T23:59:59+02:00,96,110,2568,2444,7346,5352,7377,5091,6675,7138,5005,5376,2592,2718,3165,3227,2731,5158,1621,1547,5036,3752,5464,3865,5233,5747,4042,4472,1963,2247,2319,2503,1969,3832,50965,36122,7797,6042,9381,7077,6866,30,26
2021-07-28T23:59:59+02:00,95,108,2549,2432,7308,5314,7348,5068,6652,7116,4990,5367,2589,2717,3163,3224,2730,5157,1584,1503,4936,3679,5354,3802,5141,5673,4006,4438,1951,2239,2317,2501,1969,3831,50782,35567,7787,5989,9379,7039,6819,30,26
2021-07-27T23:59:59+02:00,92,106,2536,2417,7262,5292,7312,5051,6633,7097,4979,5356,2588,2716,3163,3223,2729,5157,1542,1475,4799,3600,5228,3725,5051,5603,3965,4389,1945,2226,2316,2498,1968,3831,50655,34994,7770,5907,9378,7003,6746,30,26
2021-07-26T23:59:59+02:00,91,103,2510,2403,7233,5275,7278,5035,6609,7078,4975,5345,2585,2716,3162,3223,2729,5157,1507,1422,4665,3541,5119,3662,4978,5529,3911,4354,1941,2212,2315,2492,1968,3830,50527,34451,7751,5838,9376,6954,6691,30,26
2021-07-25T23:59:59+02:00,89,100,2495,2386,7197,5255,7245,5022,6589,7058,4966,5340,2583,2713,3161,3222,2729,5156,1487,1396,4611,3500,5067,3633,4932,5490,3881,4332,1938,2208,2314,2492,1968,3830,50386,34190,7742,5807,9373,6923,6643,30,26
2021-07-24T23:59:59+02:00,89,100,2480,2379,7167,5243,7222,5011,6573,7044,4958,5336,2582,2710,3161,3222,2729,5156,1467,1377,4566,3480,4993,3589,4892,5467,3860,4325,1937,2206,2313,2490,1968,3829,50316,34001,7720,5725,9373,6923,6590,30,26
2021-07-23T23:59:59+02:00,87,98,2451,2357,7114,5219,7192,4990,6541,7020,4937,5328,2580,2707,3159,3222,2729,5156,1413,1346,4433,3387,4860,3513,4819,5400,3813,4293,1936,2198,2312,2485,1967,3829,50149,33385,7715,5698,9371,6903,6488,30,26
2021-07-22T23:59:59+02:00,85,95,2417,2331,7031,5184,7143,4954,6494,6976,4906,5306,2574,2704,3156,3221,2729,5154,1355,1309,4277,3319,4710,3440,4671,5321,3731,4245,1924,2189,2308,2483,1967,3828,49847,32773,7699,5554,9363,6835,6383,30,26
2021-07-21T23:59:59+02:00,84,90,2388,2314,6967,5151,7087,4915,6435,6939,4887,5282,2567,2699,3155,3218,2729,5152,1327,1269,4155,3239,4572,3381,4562,5216,3661,4203,1912,2177,2305,2482,1967,3826,49603,32317,7653,5348,9357,6774,6277,30,26
2021-07-20T23:59:59+02:00,83,89,2370,2290,6914,5120,7051,4888,6398,6900,4858,5265,2564,2695,3154,3218,2729,5152,1293,1241,4040,3176,4488,3334,4473,5137,3607,4172,1910,2168,2304,2481,1967,3825,49368,31868,7643,5278,9355,6724,6202,30,26
2021-07-19T23:59:59+02:00,82,89,2349,2267,6864,5085,7003,4868,6362,6868,4838,5250,2560,2691,3153,3214,2729,5151,1274,1219,3968,3130,4409,3300,4397,5075,3573,4149,1906,2162,2300,2478,1966,3825,49106,31572,7633,5169,9354,6681,6159,30,26
2021-07-18T23:59:59+02:00,82,87,2323,2240,6801,5048,6964,4839,6327,6831,4823,5240,2553,2686,3151,3214,2728,5150,1258,1199,3925,3091,4370,3271,4348,5055,3538,4135,1901,2152,2299,2478,1966,3823,48819,31377,7618,5097,9350,6656,6127,30,25
2021-07-17T23:59:59+02:00,80,83,2308,2226,6783,5035,6945,4824,6307,6816,4804,5230,2549,2685,3151,3213,2728,5149,1249,1187,3892,3057,4330,3252,4309,5023,3510,4123,1895,2149,2299,2476,1966,3823,48711,31223,7611,5044,9350,6649,6071,30,25
2021-07-16T23:59:59+02:00,80,80,2270,2200,6723,5002,6886,4790,6264,6774,4773,5201,2542,2681,3149,3212,2728,5149,1211,1166,3793,3008,4237,3209,4223,4964,3449,4075,1881,2139,2293,2474,1966,3822,48535,30884,7586,5017,9339,6580,5870,30,25
2021-07-15T23:59:59+02:00,78,75,2230,2171,6651,4967,6828,4749,6215,6723,4756,5174,2539,2677,3147,3209,2728,5149,1165,1134,3598,2899,4061,3105,4076,4866,3387,4013,1872,2130,2291,2469,1966,3822,48216,30205,7570,4803,9334,6513,5769,30,25
2021-07-14T23:59:59+02:00,77,73,2195,2154,6582,4932,6754,4716,6161,6679,4735,5153,2532,2671,3144,3207,2728,5149,1117,1098,3486,2815,3960,3044,3973,4796,3344,3968,1860,2122,2290,2466,1966,3822,47908,29742,7556,4709,9332,6442,5667,30,25
2021-07-13T23:59:59+02:00,74,68,2165,2125,6529,4901,6691,4680,6123,6633,4714,5136,2524,2666,3142,3207,2728,5149,1084,1067,3389,2738,3836,2978,3885,4709,3290,3908,1833,2115,2287,2461,1965,3820,47598,29267,7551,4576,9331,6351,5596,29,25
2021-07-12T23:59:59+02:00,69,67,2138,2103,6461,4858,6623,4636,6075,6597,4688,5109,2519,2663,3139,3206,2728,5149,1054,1047,3293,2663,3725,2917,3783,4627,3242,3860,1822,2104,2282,2451,1965,3820,47265,28831,7542,4460,9327,6271,5513,29,25
2021-07-11T23:59:59+02:00,65,66,2129,2091,6427,4842,6593,4615,6045,6580,4679,5101,2516,2658,3137,3206,2727,5149,1045,1031,3255,2623,3667,2888,3731,4600,3219,3846,1813,2092,2279,2447,1965,3820,47162,28659,7521,4428,9325,6215,5436,29,25
2021-07-10T23:59:59+02:00,64,65,2106,2063,6349,4797,6531,4581,5998,6543,4656,5090,2513,2655,3137,3203,2727,5148,1030,1014,3203,2584,3622,2858,3691,4570,3203,3834,1807,2085,2279,2445,1965,3820,46920,28492,7503,4427,9310,6199,5308,29,25
2021-07-09T23:59:59+02:00,63,63,2084,2042,6279,4757,6482,4557,5949,6510,4638,5069,2511,2650,3136,3202,2727,5148,1011,999,3150,2540,3571,2825,3642,4535,3177,3807,1805,2071,2277,2444,1965,3820,46696,28290,7471,4398,9304,6148,5207,29,25
2021-07-08T23:59:59+02:00,59,60,2032,1995,6185,4694,6380,4502,5883,6447,4604,5036,2504,2641,3133,3198,2727,5148,941,948,2990,2454,3379,2753,3468,4442,3105,3739,1788,2055,2275,2435,1964,3819,46378,27811,7397,4112,9270,6028,4991,29,25
2021-07-07T23:59:59+02:00,59,59,1965,1952,6063,4620,6276,4449,5811,6390,4571,4988,2498,2632,3128,3194,2727,5148,890,916,2842,2379,3211,2678,3312,4336,3049,3675,1770,2028,2267,2427,1964,3817,45888,27275,7352,3874,9252,5949,4842,29,25
2021-07-06T23:59:59+02:00,57,59,1922,1917,5958,4566,6186,4408,5757,6321,4527,4952,2492,2626,3125,3190,2727,5148,853,881,2732,2282,3120,2618,3238,4245,2992,3621,1745,1997,2263,2421,1964,3817,45452,26782,7311,3773,9239,5868,4739,29,25
2021-07-05T23:59:59+02:00,55,59,1853,1871,5817,4492,6074,4370,5687,6267,4485,4915,2488,2619,3123,3189,2727,5146,810,841,2628,2208,3043,2570,3161,4174,2943,3566,1727,1978,2256,2412,1963,3814,44981,26409,7273,3704,9215,5786,4566,29,25
2021-07-04T23:59:59+02:00,55,58,1811,1836,5739,4451,6029,4341,5647,6247,4467,4895,2486,2617,3123,3187,2727,5145,772,817,2570,2159,3006,2547,3131,4141,2920,3544,1713,1955,2254,2411,1962,3814,44783,26275,7237,3649,9189,5711,4449,29,25
2021-07-03T23:59:59+02:00,53,47,1714,1762,5532,4298,5882,4253,5561,6157,4420,4859,2484,2614,3123,3183,2727,5145,734,793,2505,2114,2956,2526,3093,4096,2890,3516,1707,1948,2253,2407,1962,3812,43973,26105,7206,3647,9182,5683,4244,29,25
2021-07-02T23:59:59+02:00,47,39,1677,1721,5457,4255,5836,4218,5540,6132,4408,4841,2483,2608,3122,3182,2726,5145,714,768,2436,2066,2886,2486,3049,4048,2861,3476,1689,1931,2249,2401,1962,3810,43701,25824,7175,3621,9177,5584,4170,29,25
2021-07-01T23:59:59+02:00,41,33,1630,1688,5354,4190,5752,4171,5465,6062,4381,4813,2480,2604,3121,3181,2726,5144,646,731,2251,1995,2703,2402,2878,3935,2763,3388,1663,1907,2240,2389,1961,3808,43312,25085,7117,3418,9162,5483,4029,29,25
2021-06-30T23:59:59+02:00,41,31,1583,1641,5244,4106,5656,4127,5406,6015,4369,4789,2476,2597,3119,3178,2726,5144,611,696,2152,1930,2592,2351,2769,3848,2702,3313,1643,1879,2232,2377,1960,3807,42906,24629,7059,3306,9146,5360,3918,29,25
2021-06-29T23:59:59+02:00,40,28,1530,1565,5143,4018,5564,4073,5352,5955,4342,4761,2472,2593,3118,3177,2726,5143,584,656,2076,1853,2515,2287,2670,3732,2640,3264,1628,1845,2220,2364,1959,3804,42401,24150,7030,3232,9138,5253,3807,29,25
2021-06-28T23:59:59+02:00,38,26,1496,1508,5031,3960,5501,4021,5307,5912,4314,4736,2468,2585,3117,3175,2726,5143,569,633,1981,1792,2439,2232,2599,3650,2595,3217,1610,1827,2213,2358,1959,3801,42011,23838,6971,3095,9127,5159,3726,29,25
2021-06-27T23:59:59+02:00,38,25,1467,1483,4983,3921,5455,3991,5267,5893,4303,4727,2466,2581,3117,3174,2726,5143,550,617,1930,1749,2404,2213,2555,3612,2565,3200,1601,1815,2212,2349,1959,3801,41833,23697,6934,3041,9109,5081,3655,29,25
2021-06-26T23:59:59+02:00,30,20,1436,1456,4915,3875,5363,3946,5229,5860,4282,4713,2466,2579,3117,3172,2726,5143,544,608,1898,1729,2369,2194,2534,3590,2545,3180,1580,1805,2211,2347,1959,3801,41479,23485,6854,3038,9109,5057,3655,28,25
2021-06-25T23:59:59+02:00,24,12,1404,1418,4809,3803,5311,3918,5194,5835,4257,4702,2463,2577,3115,3171,2726,5143,535,583,1852,1707,2311,2129,2439,3451,2501,3081,1572,1784,2207,2343,1957,3800,41066,23042,6822,3012,9108,4879,3653,28,25
2021-06-24T23:59:59+02:00,17,11,1355,1371,4630,3694,5187,3867,5102,5795,4215,4671,2459,2574,3115,3170,2725,5143,496,561,1741,1643,2145,2065,2279,3373,2393,2987,1539,1761,2198,2338,1956,3797,40446,22543,6771,2706,9101,4797,3546,28,25
2021-06-23T23:59:59+02:00,17,11,1325,1338,4548,3645,5106,3819,5049,5750,4191,4636,2449,2567,3111,3168,2724,5143,462,544,1676,1587,2045,2017,2164,3280,2296,2897,1516,1737,2192,2331,1955,3795,40033,22013,6720,2633,9096,4653,3511,28,25
2021-06-22T23:59:59+02:00,16,11,1299,1319,4475,3585,5027,3775,5005,5704,4165,4610,2445,2561,3111,3167,2723,5143,448,526,1620,1550,1964,1965,2085,3172,2196,2807,1504,1713,2183,2319,1955,3791,39639,21603,6677,2519,9093,4500,3487,28,24
2021-06-21T23:59:59+02:00,16,11,1272,1280,4365,3505,4947,3730,4943,5642,4138,4592,2441,2548,3110,3162,2722,5141,432,512,1586,1518,1930,1925,2035,3095,2133,2729,1482,1678,2162,2296,1955,3787,39136,21324,6635,2427,9091,4357,3454,28,24
2021-06-20T23:59:59+02:00,16,9,1249,1250,4298,3446,4905,3714,4908,5622,4115,4581,2438,2546,3109,3162,2721,5141,416,498,1553,1489,1906,1902,2004,3071,2085,2690,1475,1665,2160,2290,1955,3786,38870,21149,6606,2389,9080,4294,3419,28,23
2021-06-19T23:59:59+02:00,15,9,1238,1231,4258,3417,4885,3690,4877,5600,4098,4572,2435,2544,3109,3161,2720,5141,411,494,1536,1472,1889,1876,1991,3048,2062,2656,1467,1657,2157,2289,1953,3785,38712,21000,6547,2360,9080,4285,3400,28,23
2021-06-18T23:59:59+02:00,11,6,1220,1211,4193,3379,4836,3653,4828,5563,4074,4560,2431,2540,3108,3159,2720,5141,401,484,1515,1455,1864,1844,1946,3000,2010,2597,1453,1643,2157,2284,1952,3782,38403,20698,6501,2357,9080,4243,3387,28,23
2021-06-17T23:59:59+02:00,9,6,1178,1178,4036,3311,4653,3581,4659,5476,4015,4516,2425,2537,3108,3158,2719,5141,369,467,1419,1422,1691,1782,1787,2907,1913,2520,1430,1621,2146,2272,1950,3780,37822,20244,6442,2253,9073,4166,3105,26,23
2021-06-16T23:59:59+02:00,9,6,1155,1146,3938,3229,4558,3532,4554,5410,3970,4486,2417,2533,3107,3154,2718,5140,354,447,1361,1385,1631,1751,1707,2827,1852,2449,1415,1595,2134,2259,1950,3776,37353,19854,6324,2185,9064,4090,3053,26,23
2021-06-15T23:59:59+02:00,9,6,1123,1114,3804,3151,4491,3477,4479,5337,3930,4455,2409,2526,3102,3152,2718,5139,344,424,1312,1340,1585,1710,1639,2769,1784,2381,1398,1567,2129,2245,1949,3775,36825,19539,6290,2101,9052,4018,2978,26,23
2021-06-14T23:59:59+02:00,9,4,1099,1083,3714,3103,4407,3421,4402,5268,3878,4422,2405,2516,3102,3148,2717,5138,335,411,1274,1309,1540,1679,1593,2713,1726,2330,1387,1542,2124,2238,1948,3773,36377,19301,6202,2034,9047,3941,2927,26,23
2021-06-13T23:59:59+02:00,9,4,1084,1069,3665,3063,4351,3380,4353,5231,3860,4408,2404,2510,3101,3147,2717,5136,330,404,1242,1293,1506,1656,1550,2678,1691,2291,1373,1521,2118,2227,1948,3771,36125,19123,6167,2013,9042,3867,2872,26,23
2021-06-12T23:59:59+02:00,9,3,1067,1048,3638,3037,4323,3360,4337,5217,3844,4398,2401,2507,3100,3146,2717,5135,326,403,1235,1277,1484,1637,1524,2659,1647,2270,1363,1511,2106,2225,1948,3771,35941,18970,6155,2013,9042,3813,2861,26,23
2021-06-11T23:59:59+02:00,8,3,1051,1037,3601,2995,4248,3334,4300,5184,3819,4387,2400,2503,3099,3143,2717,5134,317,391,1214,1244,1460,1619,1479,2610,1591,2225,1353,1496,2104,2220,1948,3770,35664,18724,6128,2005,9039,3739,2840,26,23
2021-06-10T23:59:59+02:00,7,3,995,996,3491,2920,4119,3255,4201,5116,3764,4353,2397,2495,3097,3141,2716,5134,302,379,1156,1211,1396,1561,1415,2540,1509,2121,1321,1464,2099,2210,1947,3767,35103,18306,6000,1998,9022,3586,2769,26,23
2021-06-09T23:59:59+02:00,7,1,946,966,3366,2826,3982,3198,4109,5038,3721,4311,2393,2489,3094,3138,2716,5134,284,363,1095,1177,1330,1536,1354,2461,1434,2050,1296,1407,2092,2197,1946,3764,34623,17995,5835,1946,9019,3458,2643,26,23
2021-06-08T23:59:59+02:00,6,1,897,928,3239,2743,3860,3113,4011,4956,3666,4284,2386,2484,3091,3135,2715,5132,271,345,1051,1138,1275,1505,1302,2404,1389,1977,1272,1375,2081,2179,1943,3760,34082,17765,5700,1901,9009,3325,2530,26,22
2021-06-07T23:59:59+02:00,5,1,870,902,3137,2670,3731,3079,3890,4883,3617,4257,2372,2479,3090,3133,2715,5130,262,338,1005,1100,1221,1484,1256,2351,1321,1924,1258,1355,2067,2162,1942,3752,33710,17598,5530,1866,9003,3198,2384,26,22
2021-06-06T23:59:59+02:00,5,1,851,892,3080,2630,3647,3036,3821,4854,3585,4244,2369,2473,3088,3132,2713,5129,255,325,991,1075,1191,1457,1234,2294,1291,1865,1242,1340,2060,2155,1940,3749,33499,17494,5401,1818,8997,3085,2311,26,22
2021-06-05T23:59:59+02:00,5,1,839,876,3010,2573,3603,3008,3784,4832,3572,4241,2368,2471,3088,3131,2713,5128,250,318,975,1055,1170,1438,1210,2268,1257,1844,1225,1317,2057,2151,1940,3749,33236,17336,5396,1815,8991,3038,2275,26,22
2021-06-04T23:59:59+02:00,3,1,817,860,2960,2525,3528,2968,3716,4781,3545,4224,2364,2468,3085,3131,2713,5128,240,311,956,1027,1150,1424,1177,2236,1228,1812,1208,1294,2049,2146,1940,3747,32920,17186,5351,1810,8989,2982,2206,26,22
2021-06-03T23:59:59+02:00,3,1,773,830,2813,2435,3352,2865,3541,4667,3456,4152,2356,2458,3081,3126,2713,5128,229,298,928,996,1098,1373,1113,2146,1169,1750,1172,1250,2040,2132,1940,3745,32260,16974,5124,1795,8976,2819,2022,26,22
2021-06-02T23:59:59+02:00,3,1,746,824,2743,2362,3290,2815,3481,4602,3414,4126,2354,2454,3081,3125,2713,5128,217,294,908,969,1049,1344,1068,2102,1118,1701,1157,1214,2038,2129,1940,3745,31913,16766,5107,1781,8976,2783,1889,26,22
2021-06-01T23:59:59+02:00,3,1,701,796,2589,2256,3100,2716,3309,4490,3351,4068,2343,2446,3078,3119,2713,5128,204,281,833,926,953,1284,988,1989,1063,1630,1124,1158,2029,2117,1938,3740,31312,16493,4891,1743,8967,2593,1641,26,22
2021-05-31T23:59:59+02:00,3,1,669,775,2468,2177,2964,2629,3200,4394,3297,4020,2338,2433,3076,3116,2713,5127,191,269,787,887,889,1239,942,1913,1024,1572,1104,1129,2023,2112,1936,3738,30934,16326,4667,1729,8951,2462,1443,26,22
2021-05-30T23:59:59+02:00,3,1,659,765,2415,2129,2892,2594,3145,4352,3278,3998,2334,2429,3076,3115,2712,5125,182,253,750,851,839,1196,900,1851,1002,1520,1090,1113,2017,2102,1936,3736,30787,16232,4606,1719,8942,2307,1280,26,22
2021-05-29T23:59:59+02:00,3,1,657,763,2401,2114,2869,2583,3128,4334,3268,3989,2333,2428,3076,3115,2712,5125,179,244,744,841,821,1172,884,1800,989,1484,1076,1094,2016,2095,1935,3736,30667,16142,4604,1719,8940,2169,1279,26,22
2021-05-28T23:59:59+02:00,3,1,650,753,2372,2079,2825,2556,3103,4316,3256,3973,2333,2424,3074,3109,2712,5125,176,237,734,830,811,1152,874,1761,956,1442,1055,1065,2013,2087,1934,3734,30443,15971,4595,1717,8937,2094,1275,26,22
2021-05-27T23:59:59+02:00,3,1,607,735,2248,2029,2694,2486,2970,4242,3174,3920,2324,2410,3073,3107,2712,5122,163,221,671,782,736,1097,796,1663,891,1357,1033,1034,1999,2066,1933,3732,29974,15760,4466,1677,8908,1846,1081,26,21
2021-05-26T23:59:59+02:00,3,1,579,711,2152,1964,2536,2429,2846,4178,3119,3868,2313,2399,3068,3100,2709,5116,158,207,634,743,690,1061,752,1593,845,1302,1016,1005,1980,2033,1928,3726,29584,15533,4239,1665,8882,1713,950,26,21
2021-05-25T23:59:59+02:00,3,1,557,696,2070,1910,2436,2388,2740,4095,3070,3834,2300,2390,3065,3095,2708,5112,150,199,615,713,659,1028,707,1534,796,1241,995,983,1952,1999,1927,3722,29241,15313,4062,1629,8842,1580,886,25,20
2021-05-24T23:59:59+02:00,3,1,543,675,2017,1874,2362,2357,2673,4043,3018,3795,2288,2382,3059,3094,2705,5111,146,191,596,695,632,996,669,1474,773,1187,974,966,1946,1997,1922,3721,29065,15212,3896,1617,8808,1456,787,25,20
2021-05-23T23:59:59+02:00,3,1,540,673,2004,1863,2350,2344,2663,4030,3007,3780,2284,2379,3059,3092,2705,5111,145,190,592,689,626,992,653,1461,762,1179,969,960,1942,1993,1920,3717,28958,15134,3893,1611,8807,1447,785,25,20
2021-05-22T23:59:59+02:00,3,1,535,664,1981,1846,2319,2329,2639,4000,2980,3753,2276,2375,3057,3089,2705,5110,142,182,585,684,622,982,641,1455,757,1170,956,954,1934,1978,1920,3717,28739,15066,3892,1611,8805,1410,776,25,20
2021-05-21T23:59:59+02:00,3,1,523,648,1903,1816,2236,2284,2576,3951,2938,3706,2269,2362,3054,3088,2705,5109,142,179,580,677,610,973,629,1443,737,1150,939,927,1922,1972,1920,3716,28291,14968,3865,1610,8789,1349,773,25,20
2021-05-20T23:59:59+02:00,3,1,485,629,1772,1748,2109,2211,2456,3859,2855,3620,2250,2349,3045,3080,2703,5106,135,170,552,642,577,934,601,1387,706,1087,913,894,1910,1959,1918,3713,27642,14837,3750,1595,8717,1145,701,25,20
2021-05-19T23:59:59+02:00,3,1,445,594,1667,1675,1974,2146,2322,3762,2754,3527,2231,2331,3038,3075,2697,5105,122,162,525,622,545,900,572,1336,679,1027,893,873,1890,1929,1911,3708,26921,14663,3681,1575,8675,1049,583,25,20
2021-05-18T23:59:59+02:00,3,0,424,572,1594,1616,1878,2088,2210,3640,2660,3431,2219,2311,3030,3067,2696,5101,115,155,501,602,523,867,555,1260,661,965,877,846,1878,1910,1907,3701,26426,14532,3512,1536,8621,943,484,25,20
2021-05-17T23:59:59+02:00,3,0,404,560,1540,1581,1826,2037,2136,3532,2609,3358,2200,2292,3019,3059,2694,5096,110,147,481,588,514,832,542,1196,649,910,859,812,1873,1899,1906,3696,26129,14445,3366,1500,8558,845,392,25,19
2021-05-16T23:59:59+02:00,3,0,400,559,1513,1552,1796,2015,2095,3481,2551,3302,2186,2284,3016,3055,2694,5095,107,145,473,569,505,816,529,1146,629,868,830,783,1868,1895,1906,3695,25954,14388,3298,1465,8522,756,319,25,19
2021-05-15T23:59:59+02:00,3,0,395,555,1487,1535,1778,1995,2076,3459,2528,3265,2179,2284,3015,3053,2693,5095,107,142,471,568,505,815,524,1142,622,859,826,781,1864,1892,1906,3695,25760,14356,3298,1465,8517,748,314,24,19
2021-05-14T23:59:59+02:00,3,0,384,543,1458,1505,1738,1954,1997,3386,2478,3220,2169,2273,3012,3053,2691,5095,105,139,469,552,487,791,504,1111,609,843,813,767,1857,1883,1906,3694,25392,14298,3257,1449,8495,647,297,24,19
2021-05-13T23:59:59+02:00,2,0,363,527,1401,1456,1638,1912,1882,3300,2409,3133,2142,2255,3003,3048,2689,5089,100,136,458,544,477,776,498,1096,598,830,786,740,1842,1860,1905,3688,24959,14215,3042,1402,8444,607,270,24,17
2021-05-12T23:59:59+02:00,1,0,356,524,1383,1448,1622,1903,1861,3276,2395,3117,2139,2248,2997,3045,2689,5088,100,134,455,544,476,770,494,1092,595,824,778,726,1838,1853,1903,3688,24830,14163,3021,1393,8439,606,267,23,17
2021-05-11T23:59:59+02:00,1,0,337,504,1316,1415,1525,1866,1753,3179,2295,3041,2122,2221,2988,3034,2685,5087,94,124,440,517,457,744,474,1061,563,802,753,695,1826,1842,1901,3684,24426,14046,2855,1356,8330,518,213,23,17
2021-05-10T23:59:59+02:00,1,0,322,488,1278,1386,1474,1837,1689,3121,2237,2971,2110,2206,2979,3025,2684,5083,94,121,434,510,448,724,467,1037,558,779,739,678,1820,1835,1899,3680,24159,13981,2781,1349,8215,464,185,23,16
2021-05-09T23:59:59+02:00,1,0,317,478,1238,1367,1451,1821,1643,3085,2173,2926,2100,2192,2976,3019,2684,5078,91,118,425,501,440,718,457,1028,548,766,727,668,1814,1830,1898,3677,23933,13938,2728,1343,8168,416,162,23,15
2021-05-08T23:59:59+02:00,1,0,310,476,1229,1349,1422,1803,1613,3060,2123,2908,2093,2184,2974,3018,2682,5077,90,118,424,501,438,717,456,1023,548,760,724,667,1808,1819,1898,3677,23712,13921,2725,1335,8163,404,161,23,15
2021-05-07T23:59:59+02:00,1,0,300,469,1203,1323,1375,1783,1555,2997,2071,2860,2084,2174,2973,3013,2680,5072,87,115,412,488,428,690,443,988,525,734,718,643,1787,1805,1898,3673,23443,13851,2696,1310,8100,300,127,23,13
2021-05-06T23:59:59+02:00,1,0,283,456,1115,1286,1257,1721,1418,2886,1936,2768,2046,2142,2969,3000,2679,5068,85,109,399,474,417,674,431,966,506,715,706,626,1770,1789,1894,3666,22949,13777,2507,1289,7893,216,99,21,12
2021-05-05T23:59:59+02:00,1,0,268,442,1076,1261,1215,1685,1350,2821,1849,2687,2022,2110,2955,2985,2679,5057,85,105,391,465,412,662,424,955,499,697,685,613,1745,1767,1894,3663,22500,13691,2447,1266,7834,168,92,21,11
2021-05-04T23:59:59+02:00,1,0,260,432,1041,1238,1176,1664,1308,2774,1793,2622,2002,2077,2945,2971,2669,5044,81,102,384,455,409,657,415,936,490,678,668,592,1729,1741,1890,3663,22163,13595,2385,1234,7788,130,86,21,10
2021-05-03T23:59:59+02:00,1,0,256,424,1010,1215,1140,1647,1279,2740,1747,2585,1985,2048,2932,2962,2667,5038,77,96,372,449,401,649,411,928,482,671,652,581,1705,1713,1888,3659,21913,13494,2361,1225,7740,109,60,21,9
2021-05-02T23:59:59+02:00,1,0,250,422,997,1203,1112,1631,1253,2726,1732,2561,1978,2033,2927,2959,2665,5035,75,96,366,446,398,644,408,922,479,665,644,569,1684,1700,1888,3658,21787,13452,2344,1203,7702,96,45,21,9
2021-05-01T23:59:59+02:00,1,0,246,418,989,1195,1101,1622,1239,2713,1717,2542,1969,2027,2923,2955,2665,5035,75,96,366,445,397,644,407,918,479,664,642,569,1684,1700,1888,3658,21656,13445,2344,1203,7702,93,45,21,9
2021-04-30T23:59:59+02:00,1,0,244,412,979,1174,1080,1603,1201,2649,1655,2483,1955,2010,2917,2950,2664,5031,74,94,365,439,394,638,406,893,474,653,635,563,1681,1694,1888,3656,21343,13429,2339,1191,7698,68,14,21,8
2021-04-29T23:59:59+02:00,1,0,230,397,931,1151,1043,1567,1153,2595,1564,2410,1905,1964,2908,2939,2659,5019,74,93,359,438,389,633,400,882,463,642,620,552,1666,1682,1882,3650,20861,13354,2303,1164,7639,47,13,21,8
2021-04-28T23:59:59+02:00,1,0,219,394,917,1136,1013,1556,1118,2557,1496,2355,1865,1901,2896,2934,2657,5016,71,92,353,435,386,624,397,872,456,628,603,534,1648,1664,1882,3648,20553,13276,2258,1121,7585,34,12,21,8
2021-04-27T23:59:59+02:00,1,0,218,388,903,1123,999,1544,1094,2532,1473,2327,1832,1858,2890,2927,2655,5012,69,89,351,432,384,619,395,868,450,623,596,523,1636,1641,1878,3645,20353,13215,2232,1093,7551,29,12,20,8
2021-04-26T23:59:59+02:00,1,0,215,381,894,1114,989,1531,1068,2514,1419,2277,1814,1837,2880,2916,2652,5006,69,89,347,428,384,618,391,865,446,617,587,511,1621,1626,1876,3641,20163,13171,2216,1055,7483,27,12,20,8
2021-04-25T23:59:59+02:00,1,0,215,380,886,1105,977,1523,1052,2495,1386,2243,1790,1814,2872,2909,2652,5005,68,88,346,423,381,617,389,861,444,616,584,505,1615,1616,1876,3639,20031,13152,2192,1035,7432,19,12,20,7
2021-04-24T23:59:59+02:00,1,0,211,376,875,1095,964,1509,1038,2477,1354,2220,1780,1790,2869,2903,2652,5005,68,88,346,423,380,617,389,859,443,613,583,502,1614,1613,1876,3639,19861,13145,2192,1026,7413,19,12,20,7
2021-04-23T23:59:59+02:00,1,0,207,370,864,1084,957,1499,1018,2458,1296,2172,1757,1763,2863,2897,2652,5002,67,86,346,423,380,616,388,856,440,609,576,494,1605,1604,1876,3634,19703,13119,2181,999,7317,19,12,20,7
2021-04-22T23:59:59+02:00,1,0,206,362,840,1065,933,1476,988,2416,1242,2108,1712,1714,2852,2877,2650,4993,67,85,344,419,374,608,385,846,435,604,566,486,1586,1590,1871,3629,19405,13048,2125,972,7241,12,12,20,7
2021-04-21T23:59:59+02:00,1,0,200,355,821,1050,909,1459,949,2379,1191,2060,1666,1649,2832,2856,2643,4985,65,83,341,417,373,605,382,841,432,597,561,480,1574,1568,1860,3624,19062,12978,2093,950,7182,12,12,20,7
2021-04-20T23:59:59+02:00,1,0,194,350,805,1026,891,1440,928,2326,1150,2009,1610,1582,2802,2830,2637,4970,64,83,339,416,369,601,377,835,432,590,555,472,1552,1536,1856,3620,18745,12896,2021,927,7113,11,12,20,7
2021-04-19T23:59:59+02:00,1,0,192,342,791,1015,877,1423,911,2294,1126,1975,1572,1536,2789,2816,2635,4965,64,82,338,414,364,596,373,826,427,579,551,466,1524,1510,1850,3607,18537,12802,2005,899,7045,8,11,19,7
2021-04-18T23:59:59+02:00,1,0,191,339,784,1006,866,1413,891,2275,1105,1955,1534,1497,2780,2809,2629,4959,63,80,337,413,364,596,372,821,426,576,548,460,1514,1504,1847,3605,18406,12772,1974,883,6973,8,11,19,7
2021-04-17T23:59:59+02:00,1,0,189,335,781,1003,860,1411,882,2270,1099,1947,1514,1471,2775,2801,2629,4959,63,77,335,408,363,596,370,817,426,573,544,454,1505,1496,1847,3602,18327,12724,1973,881,6945,8,11,19,7
2021-04-16T23:59:59+02:00,1,0,188,334,772,997,848,1394,869,2248,1062,1907,1459,1404,2762,2786,2625,4952,58,75,332,401,362,594,365,805,419,559,519,424,1492,1474,1836,3589,18101,12617,1957,816,6867,7,11,18,6
2021-04-15T23:59:59+02:00,1,0,187,329,750,980,831,1383,844,2204,1021,1868,1409,1350,2733,2758,2610,4936,56,74,327,395,357,593,357,799,409,556,504,416,1459,1442,1824,3574,17827,12502,1941,769,6739,6,11,17,6
2021-04-14T23:59:59+02:00,1,0,186,323,741,973,824,1370,832,2170,1003,1839,1352,1304,2685,2693,2597,4920,54,70,323,392,353,589,354,791,400,542,488,398,1425,1411,1817,3555,17548,12368,1922,723,6653,6,11,16,6
2021-04-13T23:59:59+02:00,1,0,182,317,732,969,813,1359,821,2145,970,1811,1288,1232,2632,2635,2589,4905,52,70,320,389,345,583,347,783,392,534,475,390,1398,1389,1809,3544,17300,12271,1871,678,6540,5,11,15,6
2021-04-12T23:59:59+02:00,1,0,182,316,727,964,806,1347,795,2122,954,1790,1242,1197,2614,2605,2585,4891,51,66,310,382,340,577,342,775,386,528,459,380,1381,1376,1806,3536,17167,12185,1848,636,6431,5,11,13,6
2021-04-11T23:59:59+02:00,0,0,180,315,721,955,799,1342,784,2106,938,1773,1221,1167,2594,2583,2580,4884,50,64,305,380,338,575,341,771,381,520,454,371,1366,1371,1802,3529,17097,12133,1824,610,6326,4,11,13,6
2021-04-10T23:59:59+02:00,0,0,180,313,721,952,797,1341,777,2098,931,1767,1207,1153,2581,2568,2580,4884,45,59,282,367,323,560,327,759,366,510,441,364,1354,1352,1797,3523,17043,11956,1815,594,6297,4,10,13,6
2021-04-09T23:59:59+02:00,0,0,180,309,716,948,787,1318,769,2014,912,1685,1152,1083,2540,2539,2577,4876,38,57,267,353,305,548,308,745,353,494,424,355,1312,1323,1784,3509,16883,11728,1778,564,6047,4,8,11,5
2021-04-08T23:59:59+02:00,0,0,179,306,712,941,780,1312,756,1997,889,1663,1082,1002,2482,2502,2565,4866,37,55,259,339,292,540,292,729,327,476,397,332,1263,1285,1760,3475,16715,11440,1714,531,5908,4,7,11,5
2021-04-07T23:59:59+02:00,0,0,173,303,704,935,772,1298,739,1969,867,1631,1028,945,2431,2443,2556,4850,35,52,241,323,282,534,283,716,312,463,368,313,1216,1247,1741,3437,16523,11170,1672,500,5749,4,7,11,5
2021-04-06T23:59:59+02:00,0,0,169,302,698,931,758,1283,720,1946,840,1606,995,898,2391,2394,2548,4840,33,51,240,320,279,531,273,713,302,458,357,299,1188,1217,1721,3415,16406,11037,1638,467,5571,4,7,11,5
2021-04-05T23:59:59+02:00,0,0,169,302,697,925,754,1274,711,1930,829,1591,968,872,2365,2351,2543,4832,33,51,240,316,278,527,270,706,296,456,355,292,1154,1192,1713,3396,16343,10943,1622,437,5440,4,7,11,5
2021-04-04T23:59:59+02:00,0,0,168,299,694,918,749,1263,702,1914,822,1570,954,858,2360,2345,2543,4831,33,51,240,316,277,527,270,706,295,456,353,292,1136,1179,1709,3392,16315,10900,1619,437,5349,4,7,10,5
2021-04-03T23:59:59+02:00,0,0,168,299,694,918,747,1261,701,1909,815,1567,941,849,2354,2334,2540,4830,33,51,240,316,277,527,270,705,295,454,353,292,1136,1174,1709,3389,16271,10889,1619,437,5329,4,7,10,5
2021-04-02T23:59:59+02:00,0,0,168,298,694,917,746,1258,698,1902,807,1556,929,838,2332,2312,2538,4827,33,51,237,316,275,525,267,698,288,449,348,290,1115,1146,1698,3362,16201,10771,1607,430,5302,4,7,10,5
2021-04-01T23:59:59+02:00,0,0,165,295,688,906,733,1245,692,1882,789,1535,900,804,2293,2264,2532,4808,32,50,229,313,273,521,264,691,282,444,336,282,1077,1108,1665,3319,16072,10571,1546,416,5199,4,7,10,5
2021-03-31T23:59:59+02:00,0,0,162,292,681,899,723,1229,684,1836,775,1492,884,786,2248,2203,2511,4789,32,50,228,312,268,519,260,689,273,434,322,276,1013,1055,1641,3287,15955,10363,1484,398,5041,4,6,10,5
2021-03-30T23:59:59+02:00,0,0,158,285,675,890,719,1208,674,1797,765,1448,865,768,2203,2139,2497,4767,32,49,225,309,265,516,258,683,268,426,311,270,980,1026,1619,3251,15815,10207,1440,380,4887,4,6,10,5
2021-03-29T23:59:59+02:00,0,0,155,279,669,877,713,1197,664,1765,752,1409,846,751,2131,2072,2476,4737,32,48,224,308,264,514,254,676,260,415,304,264,952,1005,1606,3224,15609,10078,1396,370,4770,4,6,10,5
2021-03-28T23:59:59+02:00,0,0,147,262,659,870,707,1188,659,1744,747,1391,839,730,2086,2030,2471,4725,32,47,221,308,260,508,250,673,258,412,302,262,941,995,1600,3216,15532,10021,1343,362,4661,4,6,10,5
2021-03-27T23:59:59+01:00,0,0,147,259,655,863,703,1184,653,1733,745,1384,831,716,2075,2017,2471,4722,32,47,221,308,260,508,249,667,255,407,300,261,934,985,1583,3192,15480,9955,1334,352,4623,4,6,10,5
2021-03-26T23:59:59+01:00,0,0,145,257,645,851,698,1168,644,1715,737,1354,812,698,2049,1992,2461,4712,32,47,221,308,259,506,249,667,249,395,296,254,902,953,1550,3143,15373,9778,1297,352,4544,4,4,10,5
2021-03-25T23:59:59+01:00,0,0,142,256,635,840,677,1147,628,1678,719,1311,792,678,2007,1949,2445,4694,32,47,218,303,258,505,242,664,247,393,288,250,863,922,1488,3064,15261,9543,1243,338,4368,3,4,9,5
2021-03-24T23:59:59+01:00,0,0,139,248,621,827,670,1134,619,1640,705,1277,768,661,1966,1905,2428,4670,32,47,216,301,257,503,240,664,241,390,281,244,818,897,1437,2971,15127,9316,1209,322,4215,2,3,9,5
2021-03-23T23:59:59+01:00,0,0,137,246,614,819,656,1122,609,1618,692,1238,750,647,1925,1874,2413,4652,31,46,214,300,255,499,233,659,238,383,271,240,793,874,1359,2873,15035,9054,1180,311,4068,2,3,9,5
2021-03-22T23:59:59+01:00,0,0,134,241,596,802,638,1103,598,1586,677,1212,739,634,1894,1849,2402,4636,31,45,213,298,253,497,232,651,237,379,268,235,767,852,1267,2768,14954,8791,1148,299,3909,2,3,8,5
2021-03-21T23:59:59+01:00,0,0,132,239,592,796,634,1100,593,1562,667,1177,733,624,1870,1842,2396,4620,31,45,212,298,252,495,231,650,236,377,266,232,761,849,1258,2759,14921,8758,1127,290,3793,2,3,8,5
2021-03-20T23:59:59+01:00,0,0,130,239,587,793,631,1097,590,1558,665,1175,729,615,1846,1820,2389,4608,31,45,212,298,252,495,230,648,233,371,264,230,752,843,1240,2745,14860,8705,1117,280,3757,2,3,8,5
2021-03-19T23:59:59+01:00,0,0,121,227,581,779,624,1091,587,1540,648,1161,695,572,1788,1778,2359,4587,30,45,212,297,251,495,229,641,230,368,262,224,726,824,1204,2692,14693,8560,1043,265,3660,2,3,7,5
2021-03-18T23:59:59+01:00,0,0,118,222,563,769,604,1059,568,1490,618,1113,659,547,1738,1730,2332,4544,30,45,210,295,249,487,229,635,226,359,260,216,709,812,1171,2649,14500,8430,981,246,3445,2,3,7,5
2021-03-17T23:59:59+01:00,0,0,113,216,552,756,592,1054,557,1477,603,1090,635,523,1693,1695,2311,4505,30,44,210,294,248,484,228,634,225,356,259,214,697,800,1136,2602,14297,8313,932,240,3390,2,3,6,5
2021-03-16T23:59:59+01:00,0,0,108,210,540,744,579,1042,545,1435,587,1062,617,499,1639,1640,2290,4469,30,43,210,292,248,479,227,632,223,355,255,214,682,781,1106,2547,14119,8179,879,237,3249,2,2,6,5
2021-03-15T23:59:59+01:00,0,0,104,203,526,729,567,1018,534,1401,572,1025,599,481,1598,1603,2268,4445,29,43,209,289,248,476,225,630,221,355,247,210,664,769,1081,2510,13967,8077,824,223,3119,2,0,6,5
2021-03-14T23:59:59+01:00,0,0,100,191,517,714,556,996,526,1356,555,980,581,466,1569,1582,2252,4420,29,43,209,287,247,475,224,625,220,350,245,206,660,762,1073,2495,13861,8050,789,194,2944,2,0,6,5
2021-03-13T23:59:59+01:00,0,0,96,180,491,693,527,970,499,1334,532,960,555,458,1543,1557,2244,4412,29,43,209,287,247,475,223,625,220,349,244,206,655,753,1043,2466,13637,7973,775,193,2857,2,0,6,5
2021-03-12T23:59:59+01:00,0,0,87,174,465,665,507,942,476,1299,507,925,525,437,1488,1510,2222,4373,29,43,209,286,247,474,223,625,220,348,240,204,642,741,1018,2439,13334,7885,746,193,2730,2,0,6,4
2021-03-11T23:59:59+01:00,0,0,81,163,434,628,473,910,438,1220,469,862,495,404,1410,1444,2174,4314,29,42,208,283,242,470,221,621,216,345,236,202,626,719,993,2398,12954,7799,693,142,2462,2,0,6,4
2021-03-10T23:59:59+01:00,0,0,79,157,410,603,454,892,420,1184,441,819,466,379,1332,1380,2135,4257,29,42,206,278,238,466,218,615,216,343,231,199,607,711,970,2359,12615,7690,660,125,2320,2,0,6,4
2021-03-09T23:59:59+01:00,0,0,78,153,400,583,429,863,406,1135,423,788,444,360,1283,1347,2094,4213,29,42,205,275,236,458,215,611,212,339,229,198,596,704,951,2328,12392,7608,634,106,2147,2,0,6,4
2021-03-08T23:59:59+01:00,0,0,75,148,386,565,411,845,394,1082,412,746,428,345,1226,1312,2070,4175,29,42,205,274,233,452,211,606,208,335,227,197,584,699,941,2317,12203,7557,597,90,1991,1,0,6,3
2021-03-07T23:59:59+01:00,0,0,72,144,383,555,403,829,382,1068,405,740,425,340,1213,1293,2061,4166,29,42,205,273,233,450,209,605,208,334,226,196,580,696,933,2310,12137,7528,570,88,1939,0,0,6,3
2021-03-06T23:59:59+01:00,0,0,72,137,380,551,396,808,373,1014,397,706,423,339,1206,1282,2046,4151,29,42,205,273,232,449,209,604,208,334,226,196,577,696,931,2297,12080,7520,570,75,1796,0,0,6,3
2021-03-05T23:59:59+01:00,0,0,72,132,376,545,392,802,370,998,386,680,412,326,1166,1240,2002,4092,29,42,204,272,231,448,208,602,207,331,224,195,572,695,923,2276,11866,7496,548,49,1735,0,0,6,3
2021-03-04T23:59:59+01:00,0,0,72,121,367,512,378,769,350,956,372,650,395,324,1114,1190,1918,3996,28,42,202,267,229,441,206,591,204,330,223,194,570,692,920,2273,11563,7448,516,48,1560,0,0,6,3
2021-03-03T23:59:59+01:00,0,0,68,114,358,496,371,752,345,934,358,630,385,316,1069,1156,1848,3874,28,42,202,266,228,439,203,581,204,323,222,191,565,689,913,2267,11288,7404,489,43,1449,0,0,5,3
2021-03-02T23:59:59+01:00,0,0,65,108,348,483,358,734,334,913,350,602,372,309,1034,1126,1750,3753,27,42,202,266,228,432,198,574,202,320,220,191,563,681,906,2254,10964,7345,465,43,1355,0,0,5,3
2021-03-01T23:59:59+01:00,0,0,64,106,342,470,351,715,323,888,343,568,367,305,1008,1094,1632,3599,27,41,201,265,226,423,196,566,202,316,219,191,560,675,897,2246,10624,7289,444,43,1249,0,0,5,3
2021-02-28T23:59:59+01:00,0,0,64,104,335,461,348,707,321,864,339,548,362,293,999,1090,1622,3587,27,41,200,264,225,423,196,566,202,316,218,191,559,671,894,2243,10579,7274,433,43,1172,0,0,5,3
2021-02-27T23:59:59+01:00,0,0,61,95,331,452,344,703,315,851,335,538,358,289,990,1079,1600,3565,27,41,200,263,225,422,195,565,201,315,218,191,559,671,894,2243,10508,7273,421,38,1115,0,0,5,3
2021-02-26T23:59:59+01:00,0,0,59,92,324,428,319,672,295,820,322,517,354,285,965,1059,1558,3503,27,40,200,262,225,420,193,562,198,313,218,191,559,671,893,2240,10347,7255,418,38,940,0,0,5,2
2021-02-25T23:59:59+01:00,0,0,52,79,311,409,309,642,288,792,307,491,344,275,947,1040,1520,3457,27,40,199,259,221,417,190,554,193,312,213,188,548,663,882,2234,10196,7193,404,28,793,0,0,5,2
2021-02-24T23:59:59+01:00,0,0,48,74,302,397,302,629,283,777,303,481,338,274,927,1028,1473,3398,26,40,197,257,218,404,188,546,190,307,211,185,542,657,880,2221,10048,7128,390,20,723,0,0,5,2
2021-02-23T23:59:59+01:00,0,0,45,65,289,381,294,610,277,758,293,471,331,272,899,1009,1432,3325,25,40,196,255,216,399,187,540,186,304,210,184,540,647,874,2202,9872,7067,371,16,631,0,0,5,2
2021-02-22T23:59:59+01:00,0,0,42,62,282,369,290,599,274,747,289,467,324,265,878,994,1402,3288,25,38,192,252,213,386,179,530,181,301,207,182,528,639,867,2185,9752,6977,355,5,588,0,0,4,2
2021-02-21T23:59:59+01:00,0,0,41,61,277,361,288,590,270,739,283,463,321,263,873,989,1395,3279,25,37,191,250,212,384,179,521,181,299,207,182,524,638,859,2172,9726,6932,347,5,539,0,0,4,2
2021-02-20T23:59:59+01:00,0,0,40,61,274,360,288,587,269,733,280,455,320,263,860,978,1362,3248,25,37,191,250,212,384,179,521,180,298,207,182,523,638,857,2171,9641,6926,336,5,517,0,0,4,2
2021-02-19T23:59:59+01:00,0,0,39,61,270,355,282,564,259,707,275,442,316,258,837,961,1328,3218,25,36,191,250,211,383,179,520,179,298,206,181,518,637,852,2154,9535,6891,321,5,429,0,0,3,2
2021-02-18T23:59:59+01:00,0,0,39,57,252,334,273,543,250,686,258,414,313,249,825,940,1302,3186,24,35,187,243,209,377,175,504,177,287,203,176,503,623,815,2087,9442,6696,295,5,295,0,0,3,2
2021-02-17T23:59:59+01:00,0,0,39,55,245,328,270,530,245,673,255,392,308,244,805,929,1273,3139,22,33,184,238,201,362,171,487,172,275,195,172,492,608,796,2048,9309,6525,285,4,242,0,0,3,2
2021-02-16T23:59:59+01:00,0,0,38,50,234,317,267,519,239,658,248,385,303,242,794,918,1247,3107,20,33,175,230,193,343,165,475,168,261,192,165,459,577,761,1980,9214,6265,277,4,179,0,0,3,2
2021-02-15T23:59:59+01:00,0,0,37,49,228,314,260,506,235,652,245,377,300,241,776,910,1235,3088,19,31,169,224,188,335,160,464,162,254,182,159,429,548,725,1909,9152,6026,263,4,142,0,0,3,2
2021-02-14T23:59:59+01:00,0,0,35,49,226,311,258,500,233,646,245,373,300,237,769,904,1226,3069,18,31,167,221,184,330,159,452,160,251,181,156,421,539,707,1866,9130,5910,230,4,124,0,0,3,2
2021-02-13T23:59:59+01:00,0,0,34,49,226,311,257,500,233,645,245,373,300,237,767,903,1225,3069,18,31,165,220,181,330,158,450,159,248,179,153,416,536,699,1851,9124,5863,230,1,123,0,0,3,2
2021-02-12T23:59:59+01:00,0,0,33,47,223,305,254,491,229,634,242,366,299,236,761,902,1222,3059,18,31,163,217,180,329,156,448,157,247,177,149,413,520,668,1785,9095,5727,230,1,79,0,0,3,2
2021-02-11T23:59:59+01:00,0,0,32,46,215,286,247,475,222,610,229,352,295,235,753,885,1197,3026,18,30,146,197,172,298,146,402,151,225,160,133,367,471,605,1617,9023,5203,163,1,18,0,0,3,2
2021-02-10T23:59:59+01:00,0,0,31,46,212,279,244,468,218,601,226,345,291,235,741,882,1189,3016,17,27,133,174,157,260,127,353,140,200,144,124,340,440,543,1492,8968,4730,146,1,7,0,0,3,0
2021-02-09T23:59:59+01:00,0,0,30,44,211,276,242,455,214,594,222,342,287,231,737,875,1180,3003,17,26,118,145,144,237,110,310,126,173,126,115,308,384,488,1334,8914,4214,122,1,3,0,0,3,0
2021-02-08T23:59:59+01:00,0,0,30,44,210,274,236,441,211,582,219,337,282,231,729,870,1174,2996,15,24,102,124,123,193,91,269,118,161,103,106,269,332,426,1199,8849,3703,107,1,3,0,0,3,0
2021-02-07T23:59:59+01:00,0,0,30,43,208,272,234,440,211,579,219,336,282,231,727,866,1169,2993,14,18,98,117,116,182,86,251,112,151,96,101,262,319,410,1149,8827,3527,104,1,0,0,0,3,0
2021-02-06T23:59:59+01:00,0,0,30,43,208,272,234,439,211,579,219,335,281,231,726,866,1168,2981,11,14,97,115,115,178,84,244,112,149,95,100,262,315,399,1134,8824,3466,90,1,0,0,0,3,0
2021-02-05T23:59:59+01:00,0,0,29,42,208,272,234,438,209,576,217,334,280,231,724,866,1156,2954,10,10,89,107,111,175,83,240,106,137,92,98,253,310,375,1105,8804,3341,55,0,0,0,0,3,0
2021-02-04T23:59:59+01:00,0,0,29,42,206,270,230,433,204,570,215,330,277,228,718,860,1147,2943,9,7,62,74,88,131,71,202,86,118,88,84,221,274,331,978,8736,2853,55,0,0,0,0,3,0
2021-02-03T23:59:59+01:00,0,0,29,41,206,268,229,421,201,564,214,327,275,226,708,857,1140,2928,6,4,45,56,69,107,53,157,73,89,63,59,166,200,250,715,8673,2135,50,0,0,0,0,3,0
2021-02-02T23:59:59+01:00,0,0,28,41,205,266,225,415,200,559,211,326,272,225,700,847,1133,2903,3,3,29,39,54,77,41,101,54,66,54,48,119,134,166,473,8594,1476,49,0,0,0,0,3,0
2021-02-01T23:59:59+01:00,0,0,27,39,203,266,222,410,197,553,207,319,271,222,693,844,1128,2891,3,1,22,21,27,45,28,62,30,35,38,30,72,86,96,284,8530,888,49,0,0,0,0,3,0
2021-01-31T23:59:59+01:00,0,0,27,39,203,264,220,406,195,545,206,317,270,222,689,840,1122,2876,3,1,20,16,18,37,21,49,22,31,35,24,57,74,93,254,8479,761,48,0,0,0,0,3,0
2021-01-30T23:59:59+01:00,0,0,27,39,203,264,220,405,194,545,206,317,270,222,688,840,1121,2874,3,1,19,15,16,37,19,45,20,30,34,23,57,71,91,248,8474,734,47,0,0,0,0,3,0
2021-01-29T23:59:59+01:00,0,0,27,39,203,261,219,404,193,544,204,315,270,222,683,837,1115,2866,3,0,16,10,11,31,18,40,16,27,34,22,54,70,89,242,8446,686,43,0,0,0,0,2,0
2021-01-28T23:59:59+01:00,0,0,27,38,196,258,219,398,192,535,201,310,269,222,671,829,1092,2846,3,0,3,3,6,18,10,22,7,13,26,15,37,47,59,171,8356,441,34,0,0,0,0,2,0
2021-01-27T23:59:59+01:00,0,0,26,36,191,253,214,389,190,521,198,300,261,217,657,812,1068,2808,1,0,2,3,5,14,9,20,6,12,25,14,31,41,49,130,8194,362,29,0,0,0,0,2,0
2021-01-26T23:59:59+01:00,0,0,23,36,188,242,208,376,185,503,195,292,255,212,635,795,1040,2757,1,0,1,3,5,14,9,20,6,12,24,11,30,37,48,113,7999,334,24,0,0,0,0,2,0
2021-01-25T23:59:59+01:00,0,0,23,35,180,240,205,366,180,493,190,281,245,207,612,775,1014,2712,1,0,1,3,4,12,8,17,6,11,21,10,26,36,40,102,7831,298,6,0,0,0,0,2,0
2021-01-24T23:59:59+01:00,0,0,22,34,178,237,202,365,179,491,189,279,245,205,608,770,1011,2707,1,0,1,3,3,12,8,17,6,11,21,10,26,36,39,100,7795,294,5,0,0,0,0,2,0
2021-01-23T23:59:59+01:00,0,0,22,34,178,237,200,365,179,490,189,279,245,205,607,770,1003,2694,1,0,1,3,3,11,8,17,5,11,21,10,26,36,39,100,7770,292,5,0,0,0,0,2,0
2021-01-22T23:59:59+01:00,0,0,21,33,176,233,199,365,179,489,188,279,245,203,605,768,975,2652,1,0,1,3,3,11,8,17,5,11,21,10,26,36,39,100,7683,292,5,0,0,0,0,2,0
2021-01-21T23:59:59+01:00,0,0,20,33,166,224,192,347,174,466,186,262,233,198,580,742,938,2599,1,0,1,3,1,6,7,12,3,7,20,8,22,26,34,83,7430,234,5,0,0,0,0,2,0
2021-01-20T23:59:59+01:00,0,0,19,31,151,198,175,305,145,410,172,238,215,186,538,696,869,2399,1,0,1,3,1,6,7,11,3,6,19,7,21,23,30,77,6811,216,4,0,0,0,0,2,0
2021-01-19T23:59:59+01:00,0,0,19,29,128,166,159,271,133,368,157,215,180,165,475,605,771,2125,1,0,1,3,1,6,5,7,1,4,11,3,10,15,21,55,6023,144,3,0,0,0,0,2,0
2021-01-18T23:59:59+01:00,0,0,16,28,113,149,137,227,115,320,140,188,142,150,385,500,635,1782,1,0,1,1,0,3,4,5,0,4,2,1,4,6,10,28,5080,70,3,0,0,0,0,2,0
2021-01-17T23:59:59+01:00,0,0,15,18,109,135,129,214,107,296,132,176,133,136,370,470,585,1680,1,0,0,0,0,1,2,4,0,2,1,1,3,1,2,5,4751,23,3,0,0,0,0,2,0
2021-01-16T23:59:59+01:00,0,0,13,14,105,132,127,209,104,286,130,170,130,132,365,462,568,1652,0,0,0,0,0,0,0,0,0,0,0,0,0,0,0,0,4645,0,0,0,0,0,0,2,0
2021-01-15T23:59:59+01:00,0,0,11,12,100,123,123,204,102,277,128,158,126,129,358,447,538,1608,0,0,0,0,0,0,0,0,0,0,0,0,0,0,0,0,4487,0,0,0,0,0,0,2,0
2021-01-14T23:59:59+01:00,0,0,9,8,75,90,104,167,84,232,111,141,114,108,306,397,473,1392,0,0,0,0,0,0,0,0,0,0,0,0,0,0,0,0,3844,0,0,0,0,0,0,2,0
2021-01-13T23:59:59+01:00,0,0,7,7,62,80,93,140,74,191,101,116,86,79,236,282,375,1062,0,0,0,0,0,0,0,0,0,0,0,0,0,0,0,0,3018,0,0,0,0,0,0,2,0
2021-01-12T23:59:59+01:00,0,0,5,5,53,61,76,110,66,134,79,92,70,63,166,202,272,742,0,0,0,0,0,0,0,0,0,0,0,0,0,0,0,0,2220,0,0,0,0,0,0,0,0
2021-01-11T23:59:59+01:00,0,0,4,3,45,48,63,81,52,108,57,65,50,42,96,123,143,417,0,0,0,0,0,0,0,0,0,0,0,0,0,0,0,0,1416,0,0,0,0,0,0,0,0
2021-01-10T23:59:59+01:00,0,0,3,3,41,36,46,67,38,86,47,56,45,32,79,109,134,363,0,0,0,0,0,0,0,0,0,0,0,0,0,0,0,0,1196,0,0,0,0,0,0,0,0
2021-01-09T23:59:59+01:00,0,0,3,2,38,35,41,64,35,76,41,51,44,32,79,107,131,361,0,0,0,0,0,0,0,0,0,0,0,0,0,0,0,0,1149,0,0,0,0,0,0,0,0
2021-01-08T23:59:59+01:00,0,0,3,2,31,27,34,57,29,63,36,45,42,29,74,104,127,350,0,0,0,0,0,0,0,0,0,0,0,0,0,0,0,0,1060,0,0,0,0,0,0,0,0
2021-01-07T23:59:59+01:00,0,0,3,2,9,3,9,20,12,28,12,23,35,20,52,69,88,248,0,0,0,0,0,0,0,0,0,0,0,0,0,0,0,0,634,0,0,0,0,0,0,0,0
2021-01-06T23:59:59+01:00,0,0,3,0,2,3,5,15,9,22,8,14,31,18,44,58,73,197,0,0,0,0,0,0,0,0,0,0,0,0,0,0,0,0,503,0,0,0,0,0,0,0,0
2021-01-05T23:59:59+01:00,0,0,2,0,1,3,5,14,9,20,8,13,30,17,43,57,70,189,0,0,0,0,0,0,0,0,0,0,0,0,0,0,0,0,482,0,0,0,0,0,0,0,0
2021-01-04T23:59:59+01:00,0,0,1,0,1,3,5,13,8,18,7,12,26,14,34,48,54,143,0,0,0,0,0,0,0,0,0,0,0,0,0,0,0,0,387,0,0,0,0,0,0,0,0
2021-01-03T23:59:59+01:00,0,0,1,0,1,3,4,13,8,18,6,12,26,14,34,48,54,142,0,0,0,0,0,0,0,0,0,0,0,0,0,0,0,0,384,0,0,0,0,0,0,0,0
2021-01-02T23:59:59+01:00,0,0,1,0,1,3,4,13,7,18,5,12,26,14,34,48,54,142,0,0,0,0,0,0,0,0,0,0,0,0,0,0,0,0,382,0,0,0,0,0,0,0,0
2021-01-01T23:59:59+01:00,0,0,1,0,1,3,4,13,7,18,5,12,26,14,34,48,54,142,0,0,0,0,0,0,0,0,0,0,0,0,0,0,0,0,382,0,0,0,0,0,0,0,0
2020-12-31T23:59:59+01:00,0,0,1,0,1,3,4,12,7,18,5,12,26,14,34,48,54,142,0,0,0,0,0,0,0,0,0,0,0,0,0,0,0,0,381,0,0,0,0,0,0,0,0
2020-12-30T23:59:59+01:00,0,0,1,0,1,3,4,12,7,17,5,12,26,14,34,48,54,142,0,0,0,0,0,0,0,0,0,0,0,0,0,0,0,0,380,0,0,0,0,0,0,0,0
2020-12-29T23:59:59+01:00,0,0,1,0,1,3,3,8,5,12,3,9,19,10,25,40,39,115,0,0,0,0,0,0,0,0,0,0,0,0,0,0,0,0,293,0,0,0,0,0,0,0,0
2020-12-28T23:59:59+01:00,0,0,1,0,1,1,1,2,3,6,2,5,11,3,8,15,24,58,0,0,0,0,0,0,0,0,0,0,0,0,0,0,0,0,141,0,0,0,0,0,0,0,0
2020-12-27T23:59:59+01:00,0,0,1,0,0,0,0,1,2,6,0,2,2,1,5,4,5,20,0,0,0,0,0,0,0,0,0,0,0,0,0,0,0,0,49,0,0,0,0,0,0,0,0
