Datum,<15_m,<15_w,15-24_1_m,15-24_1_w,25-34_1_m,25-34_1_w,35-44_1_m,35-44_1_w,45-54_1_m,45-54_1_w,55-64_1_m,55-64_1_w,65-74_1_m,65-74_1_w,75-84_1_m,75-84_1_w,>84_1_m,>84_1_w,<24_2_m,<24_2_w,25-34_2_m,25-34_2_w,35-44_2_m,35-44_2_w,45-54_2_m,45-54_2_w,55-64_2_m,55-64_2_w,65-74_2_m,65-74_2_w,75-84_2_m,75-84_2_w,>84_2_m,>84_2_w,bp_1,bp_2,mo_1,mo_2,az_1,az_2,ja,unb_1,unb_2
2021-10-17T23:59:59+02:00,218,208,4043,3478,9888,6994,9392,6430,8112,8575,5406,5983,1841,2298,1161,1609,314,912,3443,2987,8849,6258,8564,5857,7504,7854,5019,5573,1721,2163,1088,1518,277,838,49371,43819,7611,6949,9139,7867,12307,42,42
2021-10-16T23:59:59+02:00,218,208,4038,3476,9884,6993,9390,6429,8110,8572,5405,5982,1840,2298,1160,1608,314,912,3442,2986,8846,6257,8564,5857,7502,7853,5019,5573,1721,2163,1088,1518,277,838,49350,43813,7610,6949,9139,7866,12304,42,42
2021-10-15T23:59:59+02:00,215,207,4026,3468,9865,6983,9377,6422,8101,8557,5398,5977,1839,2298,1160,1608,314,912,3430,2980,8831,6248,8552,5853,7495,7846,5012,5569,1721,2163,1088,1517,277,838,49263,43749,7609,6949,9139,7866,12282,42,42
2021-10-14T23:59:59+02:00,214,207,4010,3457,9836,6964,9357,6406,8080,8537,5389,5968,1839,2296,1160,1607,313,911,3409,2969,8798,6222,8522,5826,7471,7833,5002,5559,1720,2160,1085,1517,277,838,49138,43590,7601,6934,9139,7864,12239,42,42
2021-10-13T23:59:59+02:00,211,206,3994,3450,9818,6952,9340,6395,8069,8522,5381,5961,1837,2295,1160,1605,313,911,3394,2961,8772,6206,8505,5815,7453,7823,4995,5554,1720,2160,1084,1516,277,838,49044,43492,7597,6928,9139,7864,12206,42,42
2021-10-12T23:59:59+02:00,209,205,3984,3444,9800,6939,9318,6385,8057,8506,5372,5952,1836,2293,1159,1605,313,911,3387,2947,8749,6187,8481,5800,7439,7811,4980,5543,1716,2156,1084,1515,277,838,48939,43352,7591,6923,9139,7863,12185,42,42
2021-10-11T23:59:59+02:00,207,203,3963,3438,9776,6933,9296,6373,8048,8490,5368,5942,1835,2292,1159,1605,313,911,3375,2936,8715,6175,8456,5780,7422,7791,4973,5535,1715,2155,1084,1515,277,838,48844,43225,7582,6912,9139,7863,12153,42,42
2021-10-10T23:59:59+02:00,206,201,3952,3431,9763,6922,9288,6363,8037,8481,5365,5934,1835,2292,1158,1605,313,911,3366,2934,8697,6169,8443,5773,7410,7787,4969,5529,1714,2154,1084,1514,277,838,48773,43159,7576,6910,9139,7863,12135,42,42
2021-10-09T23:59:59+02:00,206,201,3951,3430,9759,6922,9276,6358,8034,8479,5364,5934,1835,2291,1158,1605,313,911,3364,2929,8695,6168,8435,5767,7407,7786,4966,5528,1714,2154,1084,1514,277,838,48756,43143,7576,6907,9139,7862,12122,42,42
2021-10-08T23:59:59+02:00,204,201,3938,3421,9737,6912,9263,6347,8020,8464,5359,5931,1833,2290,1158,1605,313,911,3356,2918,8669,6158,8421,5759,7402,7769,4957,5526,1710,2152,1083,1513,277,838,48673,43060,7574,6906,9139,7862,12087,42,42
2021-10-07T23:59:59+02:00,202,199,3911,3407,9699,6892,9221,6337,7998,8443,5354,5924,1832,2285,1158,1605,313,911,3324,2892,8623,6137,8393,5746,7379,7740,4939,5516,1707,2147,1083,1512,277,838,48516,42877,7569,6886,9139,7862,12033,42,42
2021-10-06T23:59:59+02:00,200,198,3902,3400,9672,6874,9206,6331,7990,8435,5347,5916,1830,2282,1158,1603,313,910,3311,2879,8602,6124,8375,5737,7371,7724,4937,5506,1705,2144,1083,1511,277,838,48422,42779,7565,6881,9139,7861,12007,42,42
2021-10-05T23:59:59+02:00,200,196,3885,3388,9655,6856,9185,6317,7973,8413,5339,5911,1829,2280,1158,1602,313,910,3294,2866,8577,6113,8349,5719,7353,7698,4927,5499,1703,2140,1082,1510,277,838,48314,42654,7563,6873,9139,7861,11960,42,42
2021-10-04T23:59:59+02:00,200,195,3862,3375,9626,6840,9148,6302,7957,8403,5333,5902,1827,2279,1157,1597,313,908,3281,2856,8551,6094,8312,5707,7333,7673,4918,5484,1702,2138,1082,1509,276,838,48196,42526,7555,6868,9138,7861,11901,42,42
2021-10-03T23:59:59+02:00,200,195,3841,3365,9600,6825,9133,6292,7943,8392,5331,5894,1825,2277,1156,1596,313,908,3263,2850,8521,6083,8301,5698,7324,7661,4913,5478,1700,2135,1082,1508,276,838,48112,42457,7550,6866,9138,7858,11852,42,42
2021-10-02T23:59:59+02:00,200,195,3838,3364,9598,6823,9130,6291,7941,8392,5328,5892,1824,2276,1156,1596,313,908,3260,2850,8517,6082,8299,5698,7319,7660,4912,5474,1699,2134,1082,1508,276,838,48102,42445,7548,6866,9138,7856,11843,42,42
2021-10-01T23:59:59+02:00,199,194,3826,3360,9576,6817,9118,6283,7928,8382,5324,5883,1821,2274,1156,1596,313,907,3244,2838,8498,6073,8284,5688,7310,7649,4906,5467,1697,2134,1081,1508,276,838,48038,42371,7545,6862,9138,7852,11802,42,42
2021-09-30T23:59:59+02:00,198,192,3797,3341,9529,6798,9085,6259,7903,8357,5306,5869,1818,2271,1155,1596,313,906,3222,2812,8450,6045,8250,5667,7291,7619,4891,5453,1696,2128,1081,1508,276,837,47881,42232,7537,6837,9138,7848,11701,42,42
2021-09-29T23:59:59+02:00,196,190,3778,3329,9485,6785,9068,6237,7891,8330,5297,5863,1816,2268,1154,1594,313,905,3204,2802,8418,6039,8234,5645,7280,7598,4881,5441,1696,2126,1081,1507,276,837,47754,42143,7532,6830,9138,7843,11639,42,42
2021-09-28T23:59:59+02:00,194,190,3764,3317,9447,6766,9037,6226,7866,8297,5288,5847,1815,2261,1154,1594,313,903,3185,2790,8392,6015,8211,5633,7255,7570,4872,5429,1696,2120,1081,1506,276,836,47626,42036,7529,6825,9138,7842,11549,42,42
2021-09-27T23:59:59+02:00,192,190,3742,3304,9412,6738,9012,6200,7849,8267,5274,5835,1813,2250,1153,1594,312,902,3160,2781,8349,5988,8182,5605,7233,7541,4859,5420,1693,2111,1081,1505,276,835,47507,41903,7517,6822,9138,7838,11440,42,42
2021-09-26T23:59:59+02:00,190,190,3730,3295,9393,6729,9001,6192,7837,8255,5270,5830,1808,2249,1152,1593,312,902,3149,2775,8328,5984,8171,5594,7219,7534,4851,5410,1689,2111,1081,1504,276,834,47445,41843,7513,6819,9137,7834,11396,42,42
2021-09-25T23:59:59+02:00,189,189,3723,3294,9384,6725,8997,6189,7832,8254,5268,5829,1808,2248,1152,1592,312,902,3142,2772,8321,5980,8167,5591,7216,7529,4850,5407,1688,2110,1080,1501,276,834,47428,41823,7511,6816,9137,7832,11374,42,42
2021-09-24T23:59:59+02:00,188,187,3704,3285,9353,6711,8982,6178,7810,8234,5260,5817,1807,2246,1152,1591,312,902,3128,2761,8295,5965,8155,5579,7194,7514,4843,5398,1688,2106,1080,1501,276,834,47341,41760,7509,6810,9137,7832,11294,42,42
2021-09-23T23:59:59+02:00,186,185,3671,3269,9293,6680,8932,6131,7769,8186,5240,5797,1801,2240,1150,1588,312,902,3107,2747,8243,5939,8109,5541,7152,7468,4824,5380,1679,2102,1079,1499,276,834,47183,41654,7499,6802,9137,7828,11072,42,42
2021-09-22T23:59:59+02:00,183,185,3650,3259,9267,6659,8905,6111,7735,8172,5224,5787,1799,2237,1149,1588,312,902,3084,2741,8216,5917,8084,5525,7122,7448,4809,5374,1677,2095,1077,1499,276,833,47060,41534,7494,6799,9135,7822,10993,42,42
2021-09-21T23:59:59+02:00,181,181,3631,3243,9239,6636,8858,6089,7702,8146,5209,5776,1798,2237,1149,1588,312,902,3061,2728,8179,5891,8039,5509,7086,7416,4792,5354,1675,2094,1076,1498,276,833,46930,41381,7487,6792,9135,7822,10882,42,42
2021-09-20T23:59:59+02:00,179,181,3604,3227,9200,6622,8824,6069,7669,8114,5202,5761,1794,2235,1149,1588,312,900,3040,2703,8136,5874,8001,5486,7051,7389,4784,5334,1672,2092,1075,1497,275,833,46803,41242,7485,6787,9135,7817,10762,42,42
2021-09-19T23:59:59+02:00,178,180,3587,3219,9172,6614,8810,6063,7663,8104,5194,5754,1793,2233,1148,1586,312,899,3033,2696,8107,5861,7982,5479,7036,7374,4776,5326,1672,2088,1074,1496,275,832,46743,41176,7480,6779,9135,7811,10705,42,42
2021-09-18T23:59:59+02:00,177,180,3583,3217,9166,6612,8805,6060,7660,8102,5192,5753,1793,2233,1148,1586,312,899,3025,2694,8097,5858,7970,5475,7030,7372,4772,5321,1672,2088,1074,1495,275,832,46730,41134,7479,6778,9134,7811,10689,42,42
2021-09-17T23:59:59+02:00,177,179,3564,3208,9128,6596,8776,6046,7641,8089,5183,5744,1792,2228,1146,1586,312,899,3009,2686,8056,5843,7939,5463,7007,7361,4764,5312,1672,2086,1073,1495,275,832,46637,41053,7472,6766,9132,7808,10606,42,42
2021-09-16T23:59:59+02:00,177,179,3538,3183,9072,6570,8730,6019,7605,8055,5163,5731,1790,2223,1145,1586,312,898,2998,2673,8016,5818,7906,5438,6986,7336,4751,5305,1670,2085,1073,1495,274,831,46432,40936,7447,6758,9131,7800,10518,42,42
2021-09-15T23:59:59+02:00,175,179,3514,3169,9039,6553,8700,5994,7578,8034,5157,5713,1787,2220,1142,1586,311,897,2981,2669,7989,5805,7879,5411,6953,7317,4736,5289,1668,2082,1073,1492,272,828,46284,40805,7441,6751,9131,7799,10442,42,42
2021-09-14T23:59:59+02:00,175,178,3494,3150,8994,6532,8654,5967,7551,8003,5145,5696,1785,2217,1141,1586,310,897,2961,2653,7945,5781,7839,5393,6927,7292,4721,5273,1667,2082,1072,1489,272,827,46128,40673,7432,6742,9131,7796,10333,42,42
2021-09-13T23:59:59+02:00,173,177,3479,3135,8954,6512,8624,5947,7533,7973,5130,5679,1783,2213,1141,1586,310,896,2947,2642,7914,5765,7822,5380,6918,7270,4712,5268,1666,2079,1072,1488,272,827,45968,40574,7412,6737,9131,7794,10281,42,42
2021-09-12T23:59:59+02:00,173,176,3461,3131,8929,6502,8613,5938,7522,7957,5123,5671,1782,2212,1140,1583,310,895,2934,2633,7888,5750,7812,5370,6903,7254,4708,5260,1662,2078,1072,1488,272,826,45885,40495,7410,6731,9131,7787,10238,42,42
2021-09-11T23:59:59+02:00,173,176,3458,3129,8921,6498,8609,5936,7521,7956,5121,5669,1781,2211,1139,1583,310,895,2932,2632,7879,5747,7808,5367,6902,7250,4708,5258,1662,2078,1072,1488,272,826,45868,40480,7408,6729,9130,7787,10224,42,42
2021-09-10T23:59:59+02:00,172,172,3430,3122,8895,6479,8591,5922,7495,7936,5109,5649,1777,2208,1138,1583,310,895,2918,2626,7854,5724,7790,5352,6879,7230,4693,5239,1661,2077,1072,1487,272,826,45784,40417,7405,6725,9130,7786,10107,42,42
2021-09-09T23:59:59+02:00,170,169,3412,3102,8849,6451,8555,5898,7473,7897,5093,5638,1774,2205,1138,1583,310,895,2904,2615,7820,5696,7764,5331,6856,7200,4680,5224,1660,2073,1072,1487,272,826,45611,40303,7397,6714,9130,7778,10016,42,41
2021-09-08T23:59:59+02:00,169,167,3393,3089,8815,6440,8529,5869,7455,7867,5078,5622,1770,2203,1137,1581,310,894,2887,2604,7777,5678,7728,5307,6828,7164,4668,5202,1659,2072,1071,1487,271,826,45507,40173,7389,6705,9128,7774,9904,42,41
2021-09-07T23:59:59+02:00,168,165,3372,3083,8797,6414,8500,5848,7434,7848,5063,5611,1770,2201,1136,1580,310,891,2870,2593,7748,5654,7703,5284,6810,7138,4655,5190,1656,2068,1070,1486,271,826,45376,40042,7386,6695,9128,7770,9839,42,41
2021-09-06T23:59:59+02:00,168,165,3352,3074,8766,6394,8476,5837,7415,7823,5055,5598,1766,2191,1134,1580,309,891,2851,2582,7722,5640,7678,5274,6793,7110,4648,5176,1650,2066,1070,1486,271,826,45249,39935,7384,6692,9127,7769,9771,42,41
2021-09-05T23:59:59+02:00,168,164,3338,3069,8757,6386,8464,5828,7413,7813,5048,5587,1763,2190,1134,1580,309,890,2840,2580,7707,5628,7667,5260,6786,7103,4638,5169,1647,2065,1070,1485,271,826,45197,39881,7382,6683,9126,7768,9733,42,41
2021-09-04T23:59:59+02:00,168,163,3333,3067,8754,6380,8457,5827,7410,7812,5048,5586,1762,2190,1134,1580,309,890,2836,2575,7703,5620,7660,5260,6781,7101,4637,5168,1644,2064,1069,1485,271,826,45181,39858,7382,6680,9126,7766,9718,42,41
2021-09-03T23:59:59+02:00,166,162,3319,3048,8720,6370,8437,5810,7392,7797,5035,5571,1759,2187,1134,1579,309,888,2818,2560,7674,5606,7639,5242,6762,7079,4624,5148,1640,2063,1069,1483,271,824,45097,39772,7371,6657,9126,7765,9625,42,41
2021-09-02T23:59:59+02:00,166,160,3298,3029,8670,6346,8396,5791,7371,7771,5023,5553,1754,2182,1132,1578,308,887,2801,2547,7625,5585,7605,5225,6737,7052,4615,5127,1636,2058,1067,1481,271,821,44968,39663,7360,6647,9124,7762,9496,42,40
2021-09-01T23:59:59+02:00,164,160,3281,3017,8630,6330,8369,5778,7351,7755,5012,5546,1753,2179,1131,1575,308,887,2785,2539,7578,5561,7572,5208,6709,7030,4604,5114,1633,2056,1066,1478,271,821,44857,39519,7347,6626,9124,7760,9429,42,40
2021-08-31T23:59:59+02:00,162,159,3265,3009,8587,6308,8348,5767,7333,7734,5005,5537,1750,2177,1130,1574,307,886,2770,2528,7534,5542,7550,5190,6685,7002,4592,5095,1629,2054,1065,1478,270,821,44757,39403,7342,6617,9124,7747,9343,42,40
2021-08-30T23:59:59+02:00,161,159,3239,2991,8548,6282,8305,5743,7296,7705,4992,5521,1746,2175,1129,1574,307,886,2740,2514,7489,5520,7513,5171,6651,6982,4581,5076,1625,2052,1064,1478,270,820,44602,39277,7341,6607,9123,7745,9219,42,40
2021-08-29T23:59:59+02:00,160,158,3227,2975,8523,6274,8286,5734,7288,7695,4984,5512,1745,2172,1129,1574,306,886,2717,2494,7456,5511,7494,5153,6638,6968,4570,5071,1623,2051,1063,1477,269,820,44531,39174,7336,6596,9123,7740,9161,42,40
2021-08-28T23:59:59+02:00,159,158,3222,2974,8517,6271,8281,5732,7281,7692,4984,5510,1745,2171,1129,1573,306,886,2711,2489,7450,5506,7489,5151,6633,6964,4567,5070,1623,2051,1063,1476,269,820,44514,39150,7336,6595,9123,7740,9141,42,40
2021-08-27T23:59:59+02:00,157,158,3212,2971,8499,6260,8259,5724,7261,7682,4972,5502,1745,2171,1129,1572,306,886,2698,2485,7432,5498,7468,5138,6618,6956,4557,5062,1623,2051,1062,1474,269,820,44451,39089,7335,6594,9122,7739,9079,42,40
2021-08-26T23:59:59+02:00,157,157,3188,2959,8460,6237,8223,5710,7238,7660,4959,5491,1743,2168,1129,1571,306,885,2675,2464,7393,5470,7419,5110,6583,6928,4533,5047,1617,2045,1062,1473,269,820,44314,38902,7329,6575,9122,7719,8990,42,40
2021-08-25T23:59:59+02:00,153,155,3166,2950,8422,6220,8188,5695,7213,7636,4947,5469,1741,2165,1129,1569,306,885,2639,2446,7341,5431,7370,5074,6546,6890,4516,5020,1616,2040,1061,1472,269,820,44204,38668,7324,6567,9122,7712,8872,42,40
2021-08-24T23:59:59+02:00,153,154,3160,2941,8403,6205,8170,5676,7197,7614,4937,5458,1738,2164,1128,1567,306,883,2619,2426,7308,5402,7337,5051,6520,6863,4500,5002,1616,2038,1060,1472,269,819,44129,38506,7320,6557,9122,7708,8796,42,40
2021-08-23T23:59:59+02:00,152,147,3136,2920,8357,6183,8127,5655,7167,7584,4923,5445,1738,2163,1126,1566,306,882,2593,2405,7262,5365,7297,5034,6485,6831,4485,4985,1612,2037,1060,1471,268,819,43989,38349,7309,6545,9119,7702,8669,42,40
2021-08-22T23:59:59+02:00,151,147,3125,2910,8342,6164,8112,5648,7148,7573,4916,5439,1737,2162,1125,1566,306,882,2579,2390,7230,5343,7273,5021,6466,6812,4481,4976,1609,2032,1059,1471,267,818,43915,38220,7301,6534,9119,7699,8624,42,40
2021-08-21T23:59:59+02:00,150,147,3116,2906,8331,6156,8101,5646,7143,7568,4914,5433,1736,2162,1125,1565,306,882,2570,2382,7212,5330,7253,5011,6454,6805,4473,4968,1608,2030,1058,1471,267,818,43868,38142,7298,6507,9119,7697,8607,42,40
2021-08-20T23:59:59+02:00,149,145,3106,2898,8306,6140,8071,5627,7124,7548,4902,5421,1734,2159,1125,1564,306,880,2540,2370,7168,5295,7219,4982,6419,6769,4457,4948,1602,2026,1057,1468,267,816,43798,37976,7289,6470,9118,7688,8503,42,40
2021-08-19T23:59:59+02:00,148,143,3086,2885,8263,6115,8032,5608,7104,7521,4889,5404,1728,2156,1124,1562,306,879,2494,2352,7087,5244,7159,4946,6372,6711,4427,4917,1598,2022,1057,1467,267,816,43670,37650,7277,6440,9116,7677,8388,42,40
2021-08-18T23:59:59+02:00,147,141,3073,2878,8238,6098,8002,5595,7072,7503,4877,5395,1723,2154,1124,1562,305,878,2468,2335,7022,5210,7103,4912,6330,6678,4404,4894,1593,2018,1055,1466,267,815,43560,37414,7272,6388,9116,7669,8313,42,40
2021-08-17T23:59:59+02:00,147,141,3056,2867,8215,6071,7974,5582,7058,7481,4866,5384,1720,2152,1123,1561,304,878,2441,2315,6965,5164,7060,4877,6302,6637,4386,4875,1585,2013,1054,1462,266,815,43439,37146,7266,6353,9115,7663,8255,42,40
2021-08-16T23:59:59+02:00,145,140,3045,2857,8194,6054,7955,5576,7046,7466,4853,5371,1719,2151,1122,1561,304,878,2410,2288,6892,5121,6992,4841,6254,6595,4355,4848,1583,2011,1051,1461,266,815,43352,36779,7261,6339,9115,7651,8203,42,40
2021-08-15T23:59:59+02:00,145,139,3037,2843,8168,6044,7939,5564,7028,7452,4848,5362,1717,2148,1122,1560,304,878,2378,2252,6833,5091,6954,4814,6214,6566,4343,4836,1579,2005,1050,1459,266,815,43261,36502,7254,6318,9114,7646,8163,42,40
2021-08-14T23:59:59+02:00,144,139,3031,2836,8157,6040,7930,5563,7027,7450,4844,5360,1715,2147,1122,1559,304,878,2369,2244,6807,5079,6941,4804,6206,6553,4324,4827,1576,2002,1050,1457,266,814,43240,36408,7253,6305,9114,7645,8133,42,40
2021-08-13T23:59:59+02:00,144,138,3017,2832,8137,6031,7920,5550,7013,7440,4836,5353,1715,2143,1121,1558,304,878,2333,2221,6761,5049,6903,4777,6165,6526,4313,4813,1575,1998,1049,1457,266,814,43175,36172,7252,6291,9114,7644,8080,42,40
2021-08-12T23:59:59+02:00,142,133,2999,2823,8106,6009,7890,5532,6991,7416,4822,5339,1713,2141,1118,1557,304,878,2295,2187,6674,5001,6851,4740,6118,6477,4288,4783,1572,1995,1046,1456,266,814,43073,35863,7245,6264,9113,7622,7972,40,40
2021-08-11T23:59:59+02:00,140,130,2983,2806,8065,5984,7870,5522,6969,7395,4811,5325,1711,2139,1118,1556,303,878,2268,2156,6593,4946,6776,4699,6061,6415,4267,4744,1567,1987,1046,1454,266,812,42949,35451,7234,6233,9108,7615,7904,40,40
2021-08-10T23:59:59+02:00,140,129,2965,2796,8034,5971,7844,5503,6940,7379,4793,5316,1708,2139,1118,1554,303,877,2196,2101,6481,4888,6690,4631,5972,6349,4220,4719,1558,1979,1044,1452,266,811,42843,34858,7224,6210,9106,7601,7825,40,40
2021-08-09T23:59:59+02:00,137,129,2946,2789,8005,5951,7820,5493,6916,7360,4784,5305,1707,2138,1118,1554,303,876,2134,2043,6381,4818,6593,4588,5902,6294,4192,4686,1552,1969,1043,1451,266,811,42760,34376,7218,6160,9106,7578,7734,40,40
2021-08-08T23:59:59+02:00,137,128,2933,2783,7989,5941,7804,5481,6907,7352,4778,5301,1704,2138,1118,1554,303,876,2109,2016,6321,4782,6552,4562,5864,6272,4180,4669,1543,1965,1042,1449,266,811,42705,34144,7215,6117,9103,7570,7690,40,40
2021-08-07T23:59:59+02:00,136,127,2926,2776,7970,5928,7790,5474,6901,7342,4773,5296,1702,2138,1117,1554,303,876,2078,1995,6245,4733,6497,4528,5831,6235,4163,4655,1539,1964,1042,1446,266,811,42648,33832,7210,6089,9103,7560,7654,40,40
2021-08-06T23:59:59+02:00,136,126,2915,2768,7942,5917,7760,5452,6881,7321,4762,5282,1697,2136,1117,1553,303,876,2039,1960,6149,4660,6425,4493,5791,6197,4142,4634,1536,1961,1041,1443,266,811,42586,33491,7193,6061,9103,7543,7548,40,40
2021-08-05T23:59:59+02:00,135,125,2890,2752,7918,5898,7723,5432,6858,7299,4743,5259,1693,2133,1115,1549,303,875,1998,1913,6022,4552,6316,4433,5722,6133,4105,4593,1529,1953,1038,1441,266,811,42457,33005,7185,5974,9102,7486,7438,40,40
2021-08-04T23:59:59+02:00,132,121,2849,2732,7850,5867,7686,5407,6830,7267,4725,5244,1689,2129,1112,1548,303,875,1939,1881,5902,4486,6194,4380,5655,6066,4077,4555,1519,1946,1033,1438,266,810,42249,32519,7172,5924,9102,7453,7313,40,40
2021-08-03T23:59:59+02:00,130,120,2834,2714,7823,5855,7650,5392,6808,7241,4713,5230,1685,2128,1111,1545,303,875,1906,1851,5804,4424,6088,4328,5587,6008,4037,4514,1514,1939,1032,1436,266,810,42117,32047,7167,5881,9101,7429,7241,40,40
2021-08-02T23:59:59+02:00,130,120,2811,2691,7792,5833,7626,5381,6786,7225,4696,5219,1684,2124,1110,1545,302,875,1882,1817,5680,4333,5976,4268,5520,5954,3992,4481,1508,1926,1031,1433,265,809,41983,31488,7160,5841,9100,7411,7175,40,40
2021-08-01T23:59:59+02:00,130,119,2796,2675,7763,5812,7612,5365,6774,7217,4691,5212,1683,2123,1108,1545,302,875,1863,1798,5605,4289,5916,4225,5476,5932,3977,4461,1506,1923,1029,1430,265,809,41893,31200,7148,5813,9099,7390,7128,40,40
2021-07-31T23:59:59+02:00,128,118,2788,2667,7749,5805,7604,5361,6768,7208,4690,5210,1682,2122,1108,1545,302,875,1826,1758,5507,4225,5851,4179,5424,5894,3951,4437,1501,1920,1029,1429,265,809,41852,30724,7146,5801,9099,7386,7099,40,40
2021-07-30T23:59:59+02:00,126,116,2778,2659,7725,5789,7592,5344,6751,7194,4683,5202,1681,2121,1108,1544,302,875,1804,1736,5427,4188,5787,4126,5367,5847,3925,4418,1497,1918,1028,1426,265,809,41775,30370,7134,5775,9099,7375,7045,40,40
2021-07-29T23:59:59+02:00,124,114,2743,2642,7673,5747,7552,5301,6722,7153,4658,5182,1680,2116,1106,1543,302,875,1765,1707,5306,4091,5657,4052,5278,5761,3877,4367,1490,1909,1025,1424,265,809,41573,29803,7119,5721,9093,7336,6904,40,40
2021-07-28T23:59:59+02:00,122,112,2725,2628,7643,5720,7525,5274,6699,7131,4644,5168,1676,2114,1105,1541,301,874,1728,1662,5210,4020,5541,3982,5192,5688,3839,4334,1478,1902,1023,1422,265,808,41400,29247,7109,5662,9089,7294,6860,40,40
2021-07-27T23:59:59+02:00,117,110,2709,2608,7605,5704,7494,5255,6680,7113,4633,5156,1676,2113,1105,1540,300,874,1684,1634,5077,3941,5417,3901,5101,5620,3800,4282,1471,1891,1022,1419,264,808,41282,28673,7093,5580,9088,7251,6785,40,40
2021-07-26T23:59:59+02:00,115,108,2686,2594,7570,5678,7462,5235,6657,7092,4627,5145,1674,2113,1103,1539,300,874,1640,1581,4940,3873,5315,3833,5028,5550,3739,4248,1468,1878,1021,1413,264,807,41139,28102,7071,5510,9085,7202,6728,40,40
2021-07-25T23:59:59+02:00,109,106,2671,2580,7534,5659,7435,5227,6638,7074,4618,5141,1672,2110,1102,1537,300,873,1617,1555,4881,3826,5257,3803,4980,5515,3706,4224,1464,1874,1020,1413,264,807,41006,27816,7063,5478,9083,7168,6679,40,40
2021-07-24T23:59:59+02:00,109,104,2657,2570,7507,5648,7411,5211,6625,7061,4608,5137,1671,2107,1102,1537,300,873,1598,1533,4834,3806,5186,3756,4938,5491,3686,4216,1463,1872,1019,1411,264,806,40931,27623,7041,5390,9082,7167,6627,40,40
2021-07-23T23:59:59+02:00,107,102,2633,2549,7459,5627,7387,5186,6588,7037,4588,5126,1669,2103,1100,1537,300,873,1540,1503,4694,3700,5056,3686,4865,5421,3634,4186,1461,1863,1018,1406,263,806,40762,26973,7034,5363,9080,7146,6532,40,40
2021-07-22T23:59:59+02:00,107,99,2602,2523,7385,5582,7335,5148,6542,6990,4553,5102,1662,2096,1099,1536,300,871,1487,1464,4529,3624,4904,3605,4711,5339,3553,4132,1448,1854,1013,1404,263,805,40461,26318,7011,5222,9069,7078,6419,40,40
2021-07-21T23:59:59+02:00,106,95,2575,2507,7321,5550,7285,5108,6484,6950,4532,5079,1655,2090,1099,1533,300,869,1451,1421,4408,3541,4770,3540,4606,5232,3482,4090,1437,1842,1011,1403,263,803,40216,25845,6971,5015,9063,7017,6310,40,39
2021-07-20T23:59:59+02:00,106,95,2554,2483,7269,5517,7249,5080,6446,6909,4505,5060,1651,2086,1099,1532,300,869,1418,1389,4291,3474,4683,3487,4507,5151,3428,4058,1432,1833,1010,1402,263,802,39974,25364,6962,4940,9061,6963,6231,40,39
2021-07-19T23:59:59+02:00,105,95,2534,2459,7215,5480,7204,5059,6402,6877,4486,5044,1645,2080,1097,1529,300,868,1395,1363,4217,3427,4598,3453,4432,5089,3392,4030,1426,1827,1006,1399,261,801,39694,25047,6951,4817,9059,6923,6189,40,39
2021-07-18T23:59:59+02:00,105,93,2507,2434,7152,5444,7169,5031,6366,6838,4469,5034,1639,2075,1096,1529,299,867,1376,1339,4169,3388,4560,3423,4384,5065,3358,4017,1420,1818,1005,1399,261,799,39411,24846,6936,4738,9053,6897,6156,40,38
2021-07-17T23:59:59+02:00,100,91,2495,2420,7132,5431,7151,5015,6346,6824,4447,5023,1635,2074,1096,1528,299,865,1364,1326,4134,3356,4510,3401,4342,5034,3328,4005,1414,1815,1005,1397,261,799,39304,24676,6926,4682,9051,6888,6098,40,38
2021-07-16T23:59:59+02:00,100,88,2460,2400,7074,5397,7091,4975,6303,6781,4420,4995,1629,2068,1095,1527,299,865,1321,1299,4037,3302,4419,3358,4260,4979,3267,3958,1401,1806,999,1395,261,798,39125,24329,6904,4649,9044,6823,5895,40,38
2021-07-15T23:59:59+02:00,98,84,2415,2373,7006,5362,7034,4937,6257,6728,4402,4969,1626,2063,1093,1524,297,865,1269,1266,3842,3193,4231,3256,4117,4882,3202,3892,1392,1798,995,1391,259,798,38808,23631,6887,4411,9038,6759,5794,40,38
2021-07-14T23:59:59+02:00,97,81,2381,2357,6939,5331,6964,4903,6203,6681,4380,4946,1618,2056,1091,1522,297,865,1224,1224,3720,3104,4127,3189,4007,4816,3155,3849,1380,1788,994,1388,259,798,38499,23128,6867,4309,9036,6688,5698,40,38
2021-07-13T23:59:59+02:00,93,78,2347,2330,6885,5301,6900,4865,6162,6632,4358,4929,1608,2051,1089,1522,297,865,1192,1185,3615,3015,4004,3117,3919,4727,3103,3790,1351,1781,991,1383,257,796,38178,22626,6860,4175,9033,6587,5624,40,38
2021-07-12T23:59:59+02:00,88,78,2322,2307,6820,5259,6833,4822,6111,6591,4331,4904,1603,2048,1086,1522,297,865,1160,1163,3507,2930,3891,3048,3817,4648,3051,3744,1338,1771,986,1375,257,796,37847,22168,6846,4045,9030,6502,5540,40,37
2021-07-11T23:59:59+02:00,82,75,2309,2295,6784,5234,6804,4800,6083,6573,4321,4896,1600,2044,1084,1522,296,865,1146,1146,3459,2885,3831,3012,3764,4620,3029,3730,1328,1758,983,1371,257,796,37735,21979,6826,4006,9025,6442,5455,40,37
2021-07-10T23:59:59+02:00,81,74,2280,2262,6703,5193,6740,4762,6034,6538,4297,4885,1597,2041,1084,1519,296,864,1123,1125,3402,2845,3783,2982,3727,4589,3012,3718,1322,1751,983,1369,257,796,37489,21797,6800,4005,9011,6427,5316,40,37
2021-07-09T23:59:59+02:00,79,71,2252,2242,6637,5160,6695,4740,5987,6506,4279,4863,1595,2035,1084,1518,296,864,1099,1109,3354,2796,3732,2942,3677,4551,2985,3690,1319,1735,981,1368,257,796,37267,21566,6773,3972,8999,6373,5223,40,37
2021-07-08T23:59:59+02:00,74,68,2204,2201,6550,5092,6598,4689,5922,6441,4242,4828,1588,2026,1082,1514,296,864,1026,1058,3188,2705,3539,2862,3499,4457,2914,3626,1304,1719,978,1359,256,795,36945,21067,6700,3682,8967,6233,5020,40,37
2021-07-07T23:59:59+02:00,74,67,2132,2155,6442,5018,6495,4637,5850,6384,4211,4780,1581,2017,1079,1509,296,864,971,1023,3036,2621,3362,2778,3340,4353,2859,3562,1288,1689,969,1349,256,792,36463,20497,6661,3437,8946,6151,4864,40,37
2021-07-06T23:59:59+02:00,71,67,2085,2115,6335,4968,6405,4590,5796,6316,4171,4745,1574,2012,1076,1504,296,864,934,981,2920,2515,3274,2718,3266,4262,2807,3505,1262,1658,965,1341,256,792,36017,19989,6612,3323,8930,6067,4765,40,37
2021-07-05T23:59:59+02:00,68,67,2019,2075,6198,4900,6290,4552,5727,6258,4132,4708,1569,2005,1074,1502,296,862,892,945,2812,2444,3192,2673,3191,4194,2763,3451,1241,1641,959,1331,256,788,35530,19602,6568,3247,8905,5982,4619,40,36
2021-07-04T23:59:59+02:00,68,66,1977,2031,6117,4859,6252,4523,5684,6237,4115,4686,1566,2003,1074,1500,296,861,852,918,2748,2396,3155,2648,3159,4158,2742,3430,1227,1621,957,1330,255,788,35320,19454,6530,3190,8881,5909,4501,40,36
2021-07-03T23:59:59+02:00,65,53,1879,1953,5899,4696,6100,4438,5600,6150,4068,4653,1563,1999,1073,1496,296,861,813,890,2678,2348,3099,2620,3119,4110,2712,3399,1221,1616,956,1326,255,786,34490,19260,6496,3187,8873,5884,4285,40,36
2021-07-02T23:59:59+02:00,56,45,1842,1916,5826,4655,6057,4410,5580,6123,4053,4635,1562,1992,1071,1495,295,861,791,864,2606,2295,3031,2575,3074,4059,2681,3362,1201,1599,952,1320,255,784,34214,18946,6461,3158,8868,5782,4225,40,36
2021-07-01T23:59:59+02:00,51,38,1794,1881,5721,4582,5976,4359,5501,6056,4026,4605,1559,1986,1070,1494,295,860,717,819,2414,2215,2845,2485,2891,3940,2581,3272,1178,1575,941,1305,255,782,33796,18146,6413,2944,8853,5680,4081,40,36
2021-06-30T23:59:59+02:00,51,36,1743,1827,5602,4503,5876,4310,5441,6007,4012,4580,1555,1978,1068,1491,295,860,682,782,2306,2142,2731,2429,2781,3847,2514,3194,1154,1548,933,1295,254,781,33365,17668,6352,2819,8838,5545,3958,40,36
2021-06-29T23:59:59+02:00,49,34,1683,1744,5488,4421,5774,4251,5390,5948,3983,4550,1547,1973,1067,1490,295,859,651,731,2219,2061,2656,2365,2679,3728,2457,3142,1141,1514,920,1285,254,778,32828,17169,6318,2749,8830,5428,3837,39,36
2021-06-28T23:59:59+02:00,48,33,1647,1688,5367,4358,5706,4200,5342,5907,3954,4525,1545,1964,1066,1488,295,859,638,705,2119,1994,2577,2305,2606,3643,2404,3094,1126,1496,913,1279,254,776,32407,16826,6258,2605,8820,5328,3760,39,36
2021-06-27T23:59:59+02:00,48,32,1616,1660,5316,4319,5663,4169,5296,5893,3942,4513,1542,1960,1066,1487,295,859,620,689,2068,1954,2535,2280,2561,3605,2373,3075,1119,1484,912,1269,254,776,32217,16676,6226,2551,8797,5244,3688,39,36
2021-06-26T23:59:59+02:00,41,27,1587,1634,5246,4271,5571,4125,5255,5859,3923,4498,1542,1958,1066,1485,295,859,613,678,2035,1926,2500,2258,2542,3580,2350,3057,1101,1474,911,1267,254,776,31856,16444,6142,2546,8797,5226,3688,39,36
2021-06-25T23:59:59+02:00,35,21,1548,1596,5143,4198,5515,4098,5218,5835,3899,4488,1539,1956,1064,1484,294,859,604,654,1982,1898,2434,2189,2443,3447,2308,2955,1089,1452,908,1263,253,775,31433,15974,6112,2518,8796,5045,3685,39,36
2021-06-24T23:59:59+02:00,19,17,1494,1543,4959,4088,5384,4042,5117,5792,3859,4461,1535,1952,1064,1483,293,859,565,633,1871,1825,2254,2117,2271,3364,2202,2861,1057,1430,900,1257,252,772,30778,15458,6053,2188,8786,4963,3570,39,36
2021-06-23T23:59:59+02:00,18,17,1461,1498,4873,4033,5304,3985,5069,5748,3837,4426,1526,1946,1061,1480,292,859,534,611,1797,1762,2143,2064,2151,3273,2099,2773,1033,1408,895,1249,250,771,30337,14886,6000,2109,8782,4820,3534,39,36
2021-06-22T23:59:59+02:00,18,17,1433,1480,4800,3968,5219,3937,5024,5703,3811,4403,1521,1940,1060,1478,292,859,518,590,1733,1715,2055,2012,2065,3165,1996,2685,1019,1386,885,1237,250,766,29925,14458,5956,1983,8777,4650,3508,39,35
2021-06-21T23:59:59+02:00,17,17,1403,1439,4680,3876,5138,3893,4956,5641,3781,4381,1517,1927,1058,1473,291,857,502,574,1694,1671,2019,1970,2015,3083,1931,2601,999,1357,863,1217,250,763,29378,14156,5914,1886,8775,4510,3470,39,35
2021-06-20T23:59:59+02:00,16,15,1376,1406,4604,3808,5088,3873,4921,5620,3758,4370,1514,1926,1057,1473,290,857,486,557,1664,1641,1994,1946,1985,3056,1890,2564,991,1342,861,1211,250,762,29079,13975,5878,1847,8762,4447,3436,39,34
2021-06-19T23:59:59+02:00,15,14,1364,1387,4563,3775,5063,3848,4891,5596,3740,4357,1509,1924,1057,1472,290,857,479,553,1644,1620,1975,1920,1970,3031,1865,2526,982,1335,857,1210,248,761,28898,13797,5814,1816,8762,4440,3422,39,33
2021-06-18T23:59:59+02:00,10,10,1339,1370,4491,3733,5012,3804,4841,5559,3715,4345,1505,1921,1055,1470,290,857,463,544,1624,1603,1946,1889,1924,2984,1814,2469,969,1320,855,1206,247,759,28560,13489,5767,1812,8761,4394,3409,39,33
2021-06-17T23:59:59+02:00,7,9,1299,1333,4325,3656,4823,3724,4669,5470,3660,4300,1499,1918,1055,1469,289,857,424,523,1521,1568,1762,1828,1765,2887,1712,2387,948,1302,844,1195,245,757,27946,13017,5712,1703,8754,4308,3114,38,33
2021-06-16T23:59:59+02:00,7,8,1269,1302,4220,3570,4726,3671,4566,5405,3615,4273,1493,1914,1054,1465,289,856,407,501,1458,1530,1702,1795,1684,2801,1653,2311,932,1276,834,1180,245,754,27454,12600,5597,1632,8742,4233,3063,38,33
2021-06-15T23:59:59+02:00,7,8,1233,1267,4082,3485,4654,3611,4489,5334,3572,4241,1483,1907,1049,1463,289,855,394,481,1403,1478,1650,1750,1616,2745,1583,2242,915,1248,829,1169,244,753,26895,12264,5560,1548,8727,4163,2983,38,33
2021-06-14T23:59:59+02:00,7,6,1204,1230,3992,3430,4570,3557,4407,5262,3518,4210,1479,1898,1048,1458,287,853,385,470,1356,1444,1600,1716,1565,2683,1527,2190,905,1223,825,1162,243,750,26423,12010,5466,1477,8723,4078,2929,37,33
2021-06-13T23:59:59+02:00,7,6,1188,1214,3943,3390,4522,3516,4356,5218,3497,4194,1478,1892,1048,1457,287,852,378,462,1323,1426,1563,1691,1525,2646,1494,2149,887,1202,822,1152,243,748,26167,11826,5429,1454,8717,4004,2870,37,33
2021-06-12T23:59:59+02:00,7,5,1173,1186,3913,3369,4492,3492,4338,5202,3482,4184,1476,1889,1047,1456,287,851,373,461,1310,1407,1540,1666,1504,2624,1469,2130,879,1192,812,1149,243,747,25973,11685,5418,1454,8715,3943,2858,37,32
2021-06-11T23:59:59+02:00,6,5,1154,1172,3873,3322,4421,3463,4297,5163,3452,4172,1475,1887,1046,1453,287,850,361,447,1288,1367,1512,1645,1458,2582,1423,2088,869,1178,808,1143,243,746,25668,11441,5389,1446,8712,3863,2836,37,32
2021-06-10T23:59:59+02:00,6,4,1090,1119,3749,3239,4284,3381,4197,5097,3397,4135,1470,1880,1044,1452,287,850,341,430,1223,1328,1445,1585,1394,2511,1335,1990,842,1146,804,1133,242,743,25058,11013,5249,1433,8693,3701,2760,37,31
2021-06-09T23:59:59+02:00,6,2,1039,1082,3605,3133,4146,3319,4105,5020,3349,4093,1465,1874,1042,1449,287,850,323,410,1162,1285,1381,1549,1336,2430,1254,1923,816,1093,797,1119,241,741,24557,10709,5064,1373,8684,3561,2621,37,31
2021-06-08T23:59:59+02:00,5,2,986,1045,3469,3038,4025,3237,3995,4937,3299,4062,1458,1870,1039,1446,286,848,308,390,1116,1246,1324,1514,1277,2374,1207,1850,797,1058,786,1103,237,738,23989,10471,4921,1323,8673,3422,2504,37,30
2021-06-07T23:59:59+02:00,4,2,959,1017,3357,2957,3888,3203,3872,4867,3246,4036,1443,1865,1038,1444,286,847,302,384,1072,1206,1267,1494,1229,2322,1139,1796,784,1037,773,1087,236,734,23591,10302,4735,1287,8666,3292,2366,37,30
2021-06-06T23:59:59+02:00,4,2,936,1006,3295,2922,3809,3155,3804,4838,3215,4021,1441,1859,1035,1443,285,847,294,373,1057,1179,1236,1465,1207,2265,1112,1737,771,1022,766,1079,236,731,23379,10192,4599,1233,8653,3182,2301,37,30
2021-06-05T23:59:59+02:00,4,2,924,988,3227,2861,3755,3125,3769,4814,3205,4017,1440,1857,1035,1443,285,846,287,362,1039,1159,1217,1450,1183,2236,1080,1716,758,999,764,1076,236,731,23099,10029,4593,1229,8649,3139,2264,37,29
2021-06-04T23:59:59+02:00,2,2,897,967,3181,2806,3682,3087,3705,4761,3179,3997,1436,1853,1033,1443,285,846,276,354,1014,1128,1195,1435,1159,2198,1051,1689,743,978,758,1071,236,729,22780,9893,4547,1224,8645,3078,2183,37,29
2021-06-03T23:59:59+02:00,2,2,853,932,3021,2711,3498,2980,3530,4645,3087,3922,1427,1843,1029,1438,285,846,265,344,983,1088,1139,1380,1092,2114,989,1631,704,940,750,1058,236,728,22089,9676,4308,1206,8628,2915,1996,37,29
2021-06-02T23:59:59+02:00,2,2,828,920,2951,2647,3442,2940,3469,4587,3045,3896,1425,1838,1029,1437,285,846,252,335,958,1066,1099,1363,1051,2075,938,1586,691,909,747,1053,236,727,21734,9464,4289,1192,8628,2879,1895,37,29
2021-06-01T23:59:59+02:00,2,2,781,887,2799,2533,3262,2847,3302,4481,2986,3834,1414,1831,1026,1432,285,846,241,321,877,1007,1011,1308,969,1967,889,1507,661,856,741,1044,236,721,21122,9180,4079,1157,8617,2685,1662,37,28
2021-05-31T23:59:59+02:00,2,2,743,859,2675,2444,3123,2750,3196,4392,2933,3782,1408,1819,1025,1428,285,845,228,305,838,965,945,1256,925,1891,849,1448,641,832,735,1039,234,718,20711,9009,3844,1141,8598,2549,1468,37,28
2021-05-30T23:59:59+02:00,2,2,732,847,2618,2399,3058,2711,3146,4352,2915,3761,1404,1813,1025,1427,285,844,218,288,797,924,894,1215,886,1831,826,1394,627,816,731,1029,234,717,20562,8911,3782,1133,8586,2380,1314,37,28
2021-05-29T23:59:59+02:00,2,2,730,845,2599,2383,3035,2699,3127,4335,2907,3752,1402,1812,1025,1427,285,844,214,277,791,911,874,1187,869,1785,812,1362,613,796,729,1024,233,717,20437,8820,3780,1132,8583,2238,1313,36,28
2021-05-28T23:59:59+02:00,2,2,722,833,2561,2342,2990,2672,3104,4312,2897,3737,1402,1809,1023,1422,285,844,210,268,779,894,862,1163,853,1745,781,1322,596,767,725,1016,232,715,20190,8643,3771,1127,8581,2151,1309,36,28
2021-05-27T23:59:59+02:00,2,2,676,810,2434,2279,2857,2602,2960,4236,2813,3688,1393,1798,1022,1420,284,842,195,252,716,841,780,1108,767,1653,717,1240,573,734,716,1000,231,713,19700,8440,3637,1089,8547,1892,1108,36,27
2021-05-26T23:59:59+02:00,2,2,642,775,2325,2208,2693,2537,2835,4172,2762,3638,1383,1787,1020,1413,282,837,186,230,674,801,732,1074,725,1584,678,1182,557,708,698,967,230,710,19282,8217,3390,1078,8520,1753,976,36,27
2021-05-25T23:59:59+02:00,2,2,620,757,2232,2146,2592,2494,2736,4091,2715,3601,1372,1779,1017,1409,282,835,177,217,651,772,697,1039,688,1526,630,1120,540,690,679,940,229,708,18915,8007,3211,1043,8478,1618,922,35,24
2021-05-24T23:59:59+02:00,2,2,605,733,2173,2105,2516,2460,2666,4035,2657,3559,1359,1772,1011,1408,282,834,172,209,629,754,670,1007,654,1470,604,1067,523,676,672,936,229,708,18717,7916,3029,1032,8444,1497,822,35,23
2021-05-23T23:59:59+02:00,2,2,601,732,2155,2091,2503,2446,2656,4020,2646,3546,1356,1770,1011,1406,282,834,170,208,623,746,662,1001,638,1457,597,1060,520,668,667,930,228,705,18598,7836,3026,1026,8444,1485,821,35,22
2021-05-22T23:59:59+02:00,2,2,594,719,2130,2068,2467,2424,2635,3987,2614,3518,1348,1766,1011,1404,282,833,168,200,614,743,657,991,626,1451,592,1054,510,660,661,918,228,705,18350,7774,3025,1026,8441,1450,812,35,22
2021-05-21T23:59:59+02:00,2,2,580,704,2040,2031,2382,2371,2566,3940,2573,3472,1341,1753,1009,1402,282,832,168,197,608,734,647,982,614,1439,577,1034,499,634,654,912,228,703,17863,7691,2997,1025,8421,1389,809,35,22
2021-05-20T23:59:59+02:00,2,2,548,683,1913,1960,2250,2294,2438,3841,2494,3390,1326,1737,1007,1397,282,830,159,186,575,696,615,943,584,1381,553,972,475,604,649,903,228,702,17218,7570,2871,1014,8348,1175,740,35,22
2021-05-19T23:59:59+02:00,2,2,512,648,1800,1876,2103,2222,2297,3741,2390,3295,1309,1718,999,1394,280,830,145,179,548,672,582,907,552,1329,527,913,461,584,639,880,227,700,16449,7421,2801,997,8306,1074,620,35,22
2021-05-18T23:59:59+02:00,2,1,484,627,1720,1800,2001,2165,2187,3621,2298,3205,1298,1699,992,1387,280,826,138,170,524,643,559,875,536,1252,508,852,445,560,632,866,226,697,15935,7305,2635,959,8249,962,517,35,22
2021-05-17T23:59:59+02:00,2,0,464,613,1662,1764,1948,2115,2113,3510,2241,3130,1280,1679,985,1380,280,824,132,162,507,628,551,837,525,1191,493,799,428,530,630,858,226,695,15635,7233,2484,929,8183,862,421,35,22
2021-05-16T23:59:59+02:00,2,0,459,612,1636,1738,1911,2088,2072,3461,2187,3073,1266,1670,983,1376,280,823,128,160,498,607,540,822,511,1145,476,762,402,501,627,853,226,694,15462,7180,2414,901,8141,775,343,35,22
2021-05-15T23:59:59+02:00,2,0,454,607,1609,1720,1892,2068,2050,3437,2163,3035,1258,1669,982,1374,279,823,127,157,494,606,539,819,506,1141,470,752,399,499,624,851,226,694,15258,7149,2413,900,8133,764,338,33,22
2021-05-14T23:59:59+02:00,2,0,437,593,1578,1687,1849,2027,1972,3368,2121,2990,1250,1659,980,1374,277,823,125,152,489,591,520,794,487,1109,456,736,383,483,619,846,226,692,14889,7090,2373,884,8112,660,316,33,22
2021-05-13T23:59:59+02:00,1,0,411,573,1516,1634,1738,1974,1852,3282,2055,2898,1226,1642,973,1372,275,819,120,149,477,583,511,778,481,1094,443,724,367,456,609,821,226,688,14453,7009,2130,845,8056,625,287,33,22
2021-05-12T23:59:59+02:00,1,0,404,568,1496,1625,1723,1965,1827,3259,2040,2884,1224,1636,969,1370,275,819,120,147,474,583,510,772,478,1089,441,718,362,444,608,815,226,687,14324,6967,2106,836,8049,624,285,32,22
2021-05-11T23:59:59+02:00,1,0,386,549,1423,1587,1621,1924,1717,3166,1936,2813,1210,1612,964,1361,275,819,113,138,459,551,488,744,459,1057,413,697,343,416,598,809,226,687,13921,6871,1940,807,7938,529,222,32,22
2021-05-10T23:59:59+02:00,1,0,371,534,1378,1555,1567,1891,1645,3100,1878,2746,1203,1598,960,1355,275,816,113,135,453,546,479,723,451,1034,408,677,334,403,596,803,226,686,13650,6823,1856,799,7815,478,197,32,21
2021-05-09T23:59:59+02:00,1,0,365,523,1333,1530,1534,1870,1601,3064,1817,2705,1190,1585,958,1350,275,815,108,132,446,537,469,715,441,1024,398,666,324,392,591,799,226,685,13410,6787,1800,788,7766,426,177,32,20
2021-05-08T23:59:59+02:00,1,0,359,519,1319,1509,1504,1850,1579,3038,1787,2684,1183,1577,955,1349,274,815,107,132,445,537,467,714,440,1019,398,659,323,391,587,791,226,685,13200,6772,1794,782,7763,414,176,32,20
2021-05-07T23:59:59+02:00,1,0,348,512,1291,1481,1450,1831,1516,2978,1738,2634,1177,1569,954,1344,274,812,104,129,433,523,454,689,428,984,382,635,321,372,574,778,226,683,12929,6724,1765,758,7698,313,140,32,18
2021-05-06T23:59:59+02:00,1,0,325,499,1195,1437,1337,1774,1375,2864,1606,2540,1146,1538,952,1333,274,810,101,124,419,507,443,671,415,961,369,616,311,355,562,766,226,681,12438,6663,1575,741,7475,228,114,30,17
2021-05-05T23:59:59+02:00,1,0,311,484,1155,1405,1291,1734,1309,2795,1528,2461,1129,1515,946,1318,274,805,100,120,408,496,439,659,407,951,364,599,294,344,544,747,226,680,12022,6592,1512,721,7409,179,106,30,15
2021-05-04T23:59:59+02:00,1,0,302,474,1109,1373,1252,1708,1264,2749,1476,2401,1113,1485,941,1308,273,801,96,117,399,484,436,652,396,932,356,582,281,329,533,727,226,680,11702,6517,1450,694,7366,141,94,30,14
2021-05-03T23:59:59+02:00,1,0,296,468,1077,1349,1217,1690,1233,2715,1435,2362,1097,1458,935,1302,272,796,89,113,387,478,427,644,389,924,346,574,269,321,516,711,225,678,11458,6439,1426,687,7326,119,65,30,13
2021-05-02T23:59:59+02:00,1,0,291,467,1063,1335,1184,1673,1208,2697,1424,2340,1088,1444,933,1301,272,793,87,112,380,471,423,639,384,917,343,571,264,313,498,701,225,678,11329,6400,1411,670,7292,105,48,29,12
2021-05-01T23:59:59+02:00,1,0,287,462,1054,1327,1172,1660,1194,2684,1407,2323,1082,1439,930,1299,272,792,87,111,380,470,421,639,382,913,343,570,262,313,498,701,225,678,11196,6392,1410,670,7291,102,47,29,11
2021-04-30T23:59:59+02:00,1,0,283,453,1042,1303,1152,1641,1166,2623,1354,2269,1069,1424,924,1295,272,789,85,109,379,465,417,632,380,888,339,560,257,307,496,696,225,677,10900,6378,1405,661,7288,75,17,29,10
2021-04-29T23:59:59+02:00,1,0,268,439,989,1272,1112,1601,1121,2567,1261,2200,1026,1381,919,1286,271,787,85,105,374,463,413,627,372,876,330,551,249,298,485,686,224,673,10428,6319,1366,640,7227,52,16,28,10
2021-04-28T23:59:59+02:00,1,0,257,433,972,1254,1085,1587,1087,2526,1196,2146,995,1329,911,1284,271,785,81,103,368,459,409,618,369,868,326,538,235,283,474,673,223,672,10142,6254,1317,605,7173,38,15,28,10
2021-04-27T23:59:59+02:00,1,0,253,423,953,1238,1066,1575,1061,2503,1174,2119,971,1295,905,1280,271,782,79,100,363,455,407,613,367,863,321,532,232,275,464,654,222,671,9950,6205,1290,580,7138,32,15,24,8
2021-04-26T23:59:59+02:00,1,0,250,417,945,1229,1056,1560,1034,2486,1126,2071,952,1276,898,1273,270,781,79,100,359,449,407,610,363,860,320,527,227,267,454,645,222,671,9778,6172,1275,556,7073,30,15,24,8
2021-04-25T23:59:59+02:00,1,0,250,415,936,1215,1040,1553,1017,2469,1098,2043,930,1253,894,1266,270,781,78,99,358,442,404,609,362,856,319,527,226,262,449,637,222,670,9650,6156,1251,540,7026,22,15,24,8
2021-04-24T23:59:59+02:00,1,0,246,409,922,1203,1028,1538,1003,2450,1071,2027,919,1230,891,1263,270,781,78,99,358,442,403,609,362,854,318,524,225,260,448,634,222,670,9487,6149,1251,532,7002,22,15,23,8
2021-04-23T23:59:59+02:00,1,0,244,399,911,1188,1019,1527,987,2433,1018,1984,899,1207,889,1256,270,778,77,97,358,442,403,608,361,852,315,521,221,254,444,629,222,670,9339,6129,1238,520,6909,22,15,23,7
2021-04-22T23:59:59+02:00,1,0,241,389,888,1165,995,1505,958,2392,975,1924,868,1167,880,1244,270,775,77,96,356,436,398,601,357,843,313,515,216,248,435,619,221,668,9074,6076,1189,505,6842,15,15,23,7
2021-04-21T23:59:59+02:00,1,0,236,384,865,1146,969,1489,923,2356,931,1878,836,1117,872,1230,270,771,76,94,354,435,396,598,353,837,309,507,215,243,426,604,220,665,8786,6027,1164,486,6785,15,15,23,7
2021-04-20T23:59:59+02:00,1,0,229,379,848,1120,951,1469,899,2307,891,1825,791,1055,860,1213,269,769,76,94,352,434,393,594,347,832,307,501,211,235,414,585,219,665,8511,5970,1096,471,6723,14,15,23,7
2021-04-19T23:59:59+02:00,1,0,226,369,830,1108,938,1449,883,2276,863,1790,764,1024,856,1206,268,766,75,93,351,431,387,589,344,822,303,491,211,230,404,568,217,660,8332,5911,1080,449,6657,12,14,22,7
2021-04-18T23:59:59+02:00,1,0,225,365,822,1098,926,1441,862,2255,845,1773,739,985,853,1200,267,763,74,91,348,431,387,589,343,819,303,488,210,226,398,565,217,660,8211,5892,1054,440,6598,12,14,22,7
2021-04-17T23:59:59+02:00,1,0,224,362,819,1095,919,1440,855,2250,841,1767,723,961,851,1194,267,763,74,88,346,427,385,589,340,815,302,484,208,221,392,558,217,659,8147,5850,1053,438,6574,12,14,22,7
2021-04-16T23:59:59+02:00,1,0,223,361,809,1090,906,1422,839,2229,811,1730,683,902,841,1184,266,760,70,86,344,420,382,587,331,802,296,471,196,205,389,549,214,656,7957,5781,1038,400,6500,11,14,22,6
2021-04-15T23:59:59+02:00,1,0,222,354,785,1073,888,1408,815,2184,772,1693,652,855,833,1165,266,756,68,85,341,413,377,582,324,795,289,468,188,199,373,529,212,651,7738,5702,1028,374,6387,10,14,21,6
2021-04-14T23:59:59+02:00,1,0,221,347,774,1064,879,1395,800,2149,755,1665,615,815,804,1119,266,752,65,81,336,410,373,577,322,785,281,460,178,183,358,506,210,646,7524,5610,1012,342,6312,10,14,19,6
2021-04-13T23:59:59+02:00,1,0,217,342,764,1059,869,1383,791,2124,727,1639,569,765,783,1085,265,748,62,79,329,405,363,573,315,778,276,455,175,179,344,493,209,643,7373,5548,965,312,6218,8,14,17,6
2021-04-12T23:59:59+02:00,1,0,215,341,760,1054,862,1370,765,2104,710,1622,538,737,772,1068,265,746,61,75,317,396,359,567,311,771,269,449,168,174,336,481,208,637,7282,5471,943,286,6128,8,14,15,6
2021-04-11T23:59:59+02:00,0,0,212,339,752,1044,855,1364,753,2088,700,1606,523,713,764,1044,264,743,59,72,312,394,356,565,309,768,268,444,163,167,329,478,206,635,7224,5425,923,276,6038,8,14,14,6
2021-04-10T23:59:59+02:00,0,0,212,337,752,1041,851,1362,743,2080,691,1599,517,698,757,1030,263,743,55,65,286,378,336,550,297,754,253,436,155,160,325,464,205,633,7171,5253,916,268,6009,8,13,13,6
2021-04-09T23:59:59+02:00,0,0,212,334,748,1038,839,1339,735,1998,675,1515,480,637,736,1010,260,739,46,62,273,366,320,538,281,739,242,423,146,155,303,442,201,624,7058,5062,892,260,5759,8,10,12,6
2021-04-08T23:59:59+02:00,0,0,210,330,743,1031,828,1330,721,1978,657,1496,436,579,708,987,258,736,44,60,264,350,306,526,268,723,228,407,135,139,288,425,199,607,6946,4875,853,249,5642,8,9,12,6
2021-04-07T23:59:59+02:00,0,0,205,326,733,1024,815,1315,705,1950,639,1463,398,537,678,948,255,732,41,57,245,337,296,520,261,709,220,395,120,129,270,405,194,598,6815,4706,819,240,5494,8,9,12,5
2021-04-06T23:59:59+02:00,0,0,203,324,725,1019,801,1299,686,1926,611,1437,378,501,653,917,254,730,39,56,244,333,292,518,251,705,215,389,115,124,262,385,190,588,6726,4636,792,220,5346,7,9,10,5
2021-04-05T23:59:59+02:00,0,0,203,323,722,1012,795,1287,678,1910,605,1422,361,478,636,893,254,729,39,55,244,329,291,513,247,699,210,388,115,120,248,365,187,582,6685,4576,781,205,5237,7,8,10,5
2021-04-04T23:59:59+02:00,0,0,202,320,719,1003,790,1276,669,1892,598,1403,351,467,633,889,254,729,38,54,244,328,290,513,247,699,209,388,113,120,241,353,183,580,6662,4545,777,204,5152,7,7,10,5
2021-04-03T23:59:59+02:00,0,0,202,320,717,1003,788,1274,668,1888,591,1401,343,461,630,882,254,728,38,54,244,328,290,513,247,698,209,386,113,120,240,351,183,578,6629,4537,777,204,5138,7,7,10,5
2021-04-02T23:59:59+02:00,0,0,202,318,717,1002,787,1271,664,1881,587,1391,334,452,619,872,254,727,38,53,241,327,288,511,245,690,204,381,111,119,233,332,182,565,6583,4466,772,201,5115,7,7,9,5
2021-04-01T23:59:59+02:00,0,0,199,315,712,988,775,1258,659,1861,570,1372,322,428,589,839,253,721,36,52,232,321,286,508,244,683,202,377,104,116,219,306,178,544,6496,4360,730,193,5022,7,7,9,5
2021-03-31T23:59:59+02:00,0,0,195,312,704,981,766,1244,649,1815,560,1333,313,417,569,791,251,718,36,52,231,320,282,506,241,681,196,373,99,113,205,280,176,523,6428,4274,686,186,4889,7,6,9,5
2021-03-30T23:59:59+02:00,0,0,192,306,699,970,761,1224,637,1776,551,1289,303,401,544,755,250,718,36,51,229,316,278,503,240,676,193,368,96,111,196,262,173,509,6352,4199,653,181,4754,7,6,9,5
2021-03-29T23:59:59+02:00,0,0,188,301,693,953,756,1212,628,1745,542,1251,299,387,514,718,248,711,36,50,227,315,277,501,239,671,191,361,92,109,187,250,168,497,6245,4140,631,175,4651,5,6,9,5
2021-03-28T23:59:59+02:00,0,0,181,285,685,944,749,1204,624,1723,539,1236,297,372,487,694,246,709,36,49,225,315,274,495,235,668,190,358,89,107,180,240,165,496,6200,4097,597,169,4555,5,6,9,5
2021-03-27T23:59:59+01:00,0,0,181,281,680,938,744,1200,618,1712,537,1228,292,364,481,684,246,708,36,49,225,315,274,495,234,662,187,354,88,106,176,233,161,486,6160,4062,589,163,4519,5,6,9,5
2021-03-26T23:59:59+01:00,0,0,177,278,668,926,736,1185,606,1695,529,1204,285,353,477,670,244,705,36,49,225,315,273,493,234,661,180,341,83,98,162,217,153,474,6095,3977,571,162,4442,5,4,9,5
2021-03-25T23:59:59+01:00,0,0,173,276,660,913,715,1161,589,1659,519,1164,278,341,461,646,243,701,36,49,221,310,271,492,228,658,180,340,76,98,146,200,150,450,6022,3891,555,155,4288,5,4,9,5
2021-03-24T23:59:59+01:00,0,0,171,267,649,900,707,1146,580,1622,507,1134,269,327,444,621,240,698,36,49,220,308,268,490,226,658,176,337,74,95,134,194,142,416,5949,3817,532,148,4163,4,4,9,5
2021-03-23T23:59:59+01:00,0,0,168,264,640,887,694,1134,569,1599,495,1096,263,315,426,605,235,694,34,49,218,307,266,488,221,653,174,333,71,92,127,187,133,391,5896,3742,515,143,4033,3,4,9,5
2021-03-22T23:59:59+01:00,0,0,164,256,621,866,675,1115,558,1567,482,1072,259,304,415,590,234,688,34,49,217,305,263,486,219,646,173,331,71,88,121,179,118,361,5840,3661,491,140,3891,2,4,9,5
2021-03-21T23:59:59+01:00,0,0,160,254,613,859,670,1111,554,1543,476,1039,254,297,402,584,232,684,34,49,214,305,262,484,218,645,171,329,70,85,119,178,114,358,5820,3640,478,136,3787,2,3,7,4
2021-03-20T23:59:59+01:00,0,0,158,254,605,855,665,1106,548,1539,473,1038,251,290,390,570,230,682,34,49,214,305,261,484,217,643,171,325,69,84,116,174,110,352,5787,3615,473,134,3743,2,3,7,4
2021-03-19T23:59:59+01:00,0,0,148,242,600,837,654,1100,543,1521,461,1025,237,268,375,544,224,673,32,49,213,304,260,484,215,635,170,322,66,82,109,164,105,330,5709,3548,434,133,3654,2,2,7,4
2021-03-18T23:59:59+01:00,0,0,143,236,582,821,636,1066,525,1471,447,980,221,253,362,523,221,656,32,49,212,301,258,476,215,630,168,315,66,79,100,156,99,315,5627,3485,402,124,3451,2,2,7,4
2021-03-17T23:59:59+01:00,0,0,136,230,570,802,623,1059,520,1458,438,962,209,240,344,505,218,650,32,48,212,299,257,474,215,629,168,314,66,79,95,151,94,303,5531,3448,375,124,3388,2,2,5,4
2021-03-16T23:59:59+01:00,0,0,131,223,555,787,606,1048,508,1418,426,937,202,225,324,471,214,638,32,47,212,296,257,468,213,628,167,313,62,79,90,146,92,283,5440,3401,341,120,3255,2,1,5,4
2021-03-15T23:59:59+01:00,0,0,125,216,540,772,597,1026,499,1386,410,900,196,217,310,447,213,632,31,47,211,293,257,465,212,627,165,313,61,77,84,141,89,268,5351,3357,311,119,3140,2,0,5,4
2021-03-14T23:59:59+01:00,0,0,120,203,528,755,583,1005,490,1344,397,857,187,206,300,436,206,628,31,47,211,291,256,464,211,622,164,308,60,77,83,138,87,265,5287,3342,297,108,2972,2,0,5,4
2021-03-13T23:59:59+01:00,0,0,116,191,500,729,553,979,466,1320,375,838,171,197,292,424,204,625,31,47,211,291,256,464,210,622,164,307,60,77,80,134,76,250,5093,3305,291,108,2887,2,0,5,4
2021-03-12T23:59:59+01:00,0,0,105,184,472,703,534,951,445,1281,353,807,155,185,267,396,203,605,31,47,211,290,256,463,210,622,164,306,56,76,77,128,74,244,4869,3278,285,108,2770,2,0,5,3
2021-03-11T23:59:59+01:00,0,0,97,177,440,657,497,914,407,1205,333,754,140,163,245,353,198,583,31,46,210,287,251,459,208,618,161,304,56,74,73,122,72,232,4629,3248,277,88,2514,2,0,5,2
2021-03-10T23:59:59+01:00,0,0,94,167,417,635,480,896,392,1167,317,717,125,147,229,323,193,552,31,46,208,282,247,454,205,612,161,302,53,73,69,120,69,221,4459,3206,267,76,2378,2,0,5,2
2021-03-09T23:59:59+01:00,0,0,94,162,406,608,450,867,377,1123,307,685,120,138,217,305,187,540,31,46,207,279,244,446,203,608,157,298,53,71,67,118,62,212,4375,3164,251,66,2200,2,0,5,2
2021-03-08T23:59:59+01:00,0,0,91,155,391,591,432,850,368,1071,299,649,115,129,203,285,183,527,31,46,207,275,241,441,198,604,151,294,51,70,62,115,61,211,4297,3136,235,50,2042,1,0,5,1
2021-03-07T23:59:59+01:00,0,0,87,151,386,579,424,835,358,1057,296,643,113,129,196,272,181,526,31,46,206,274,241,439,197,603,151,294,51,70,60,114,60,210,4252,3127,225,48,1986,0,0,5,1
2021-03-06T23:59:59+01:00,0,0,86,144,384,572,417,811,349,1006,287,611,112,128,190,264,179,521,31,46,206,274,240,438,197,602,151,294,51,70,58,114,59,205,4220,3122,225,42,1843,0,0,5,1
2021-03-05T23:59:59+01:00,0,0,85,139,379,560,412,803,348,990,278,587,106,118,176,244,170,508,31,46,205,272,239,437,196,600,150,292,51,70,56,113,59,197,4134,3107,216,34,1773,0,0,5,1
2021-03-04T23:59:59+01:00,0,0,82,125,368,524,394,769,330,944,268,560,96,117,157,219,164,484,31,46,203,266,237,431,194,587,147,291,49,70,56,113,59,196,4035,3067,199,33,1584,0,0,5,1
2021-03-03T23:59:59+01:00,0,0,75,114,359,506,385,750,326,923,259,542,94,114,147,211,156,449,31,45,203,266,236,429,191,578,147,285,49,70,55,112,59,196,3963,3044,193,30,1467,0,0,5,1
2021-03-02T23:59:59+01:00,0,0,72,111,348,490,369,733,318,904,253,520,92,111,139,203,147,422,30,45,203,266,236,423,186,571,145,282,49,70,55,110,59,195,3883,3015,187,30,1368,0,0,5,1
2021-03-01T23:59:59+01:00,0,0,71,109,342,476,362,712,309,880,247,492,91,109,132,193,129,387,30,44,202,265,234,414,184,564,145,279,49,70,55,109,58,195,3797,2985,182,30,1263,0,0,5,1
2021-02-28T23:59:59+01:00,0,0,71,107,335,467,359,704,306,856,242,474,87,101,130,189,125,383,30,44,201,264,233,414,184,564,145,279,49,70,55,109,58,194,3773,2981,177,30,1184,0,0,5,1
2021-02-27T23:59:59+01:00,0,0,68,98,329,461,354,698,300,845,239,465,85,99,129,184,118,372,30,44,201,263,233,413,183,563,144,278,49,70,55,109,58,194,3740,2980,171,25,1127,0,0,5,1
2021-02-26T23:59:59+01:00,0,0,66,93,321,438,328,663,279,814,229,444,82,95,121,174,114,352,30,43,201,262,233,411,182,560,141,276,49,70,55,109,58,192,3684,2965,169,25,947,0,0,5,0
2021-02-25T23:59:59+01:00,0,0,58,82,308,417,317,634,273,787,217,421,77,95,112,167,109,338,30,43,199,259,229,408,180,553,136,275,49,68,53,107,56,192,3630,2937,163,17,798,0,0,5,0
2021-02-24T23:59:59+01:00,0,0,54,75,301,404,309,619,268,771,214,413,76,95,107,163,103,327,29,43,197,258,226,395,178,545,134,270,47,67,51,107,56,192,3594,2899,158,11,723,0,0,5,0
2021-02-23T23:59:59+01:00,0,0,49,66,288,385,299,600,262,753,209,405,72,93,101,159,101,303,28,43,196,256,224,390,177,539,130,267,47,67,51,103,56,190,3540,2870,153,8,623,0,0,5,0
2021-02-22T23:59:59+01:00,0,0,47,63,283,374,295,591,260,744,207,401,70,90,93,152,98,289,28,41,193,254,221,377,169,529,127,264,46,67,50,103,55,190,3493,2822,146,4,584,0,0,4,0
2021-02-21T23:59:59+01:00,0,0,46,62,278,368,292,581,255,737,202,397,69,88,92,150,96,287,28,40,192,252,220,374,169,520,127,263,46,67,50,102,54,189,3483,2799,143,4,537,0,0,3,0
2021-02-20T23:59:59+01:00,0,0,45,62,276,367,292,578,254,731,202,391,68,88,89,146,85,272,28,40,192,252,220,374,169,520,125,262,46,67,49,102,54,187,3448,2793,142,4,516,0,0,3,0
2021-02-19T23:59:59+01:00,0,0,44,62,273,362,286,556,243,705,200,379,65,86,86,138,83,265,28,39,192,252,219,373,169,519,125,262,46,67,48,101,53,185,3419,2784,141,4,429,0,0,2,0
2021-02-18T23:59:59+01:00,0,0,42,59,255,338,278,535,235,684,186,355,64,82,84,133,81,255,27,38,188,244,216,367,164,504,124,252,46,65,47,99,49,181,3390,2716,132,4,296,0,0,2,0
2021-02-17T23:59:59+01:00,0,0,42,57,248,333,276,520,229,671,183,335,62,80,80,131,78,245,25,37,184,238,209,353,160,488,121,241,42,63,47,97,48,178,3342,2633,132,3,242,0,0,2,0
2021-02-16T23:59:59+01:00,0,0,41,52,235,318,272,509,223,657,178,328,60,79,77,129,71,236,22,37,175,229,201,334,154,476,117,229,42,59,37,83,42,169,3303,2507,129,3,177,0,0,2,0
2021-02-15T23:59:59+01:00,0,0,40,52,230,315,265,496,220,652,174,322,58,79,72,125,70,235,21,36,168,222,196,326,148,465,113,222,39,56,37,77,39,161,3276,2426,128,3,145,0,0,2,0
2021-02-14T23:59:59+01:00,0,0,37,52,227,311,263,489,217,646,174,318,57,76,69,125,69,231,20,36,166,218,192,321,147,453,112,220,39,56,36,76,37,154,3265,2382,117,3,122,0,0,2,0
2021-02-13T23:59:59+01:00,0,0,36,52,227,311,261,489,217,645,174,318,57,76,68,125,69,230,20,36,165,217,189,321,146,451,111,217,38,56,35,75,35,150,3261,2362,117,1,120,0,0,2,0
2021-02-12T23:59:59+01:00,0,0,35,50,225,306,258,480,213,634,171,315,57,75,67,125,69,229,20,36,164,214,188,320,145,449,109,216,36,55,35,71,32,141,3252,2331,117,1,81,0,0,2,0
2021-02-11T23:59:59+01:00,0,0,34,49,217,285,251,463,206,609,159,304,55,74,66,123,69,224,20,34,148,194,181,289,136,404,104,197,32,54,32,61,30,127,3214,2134,95,1,18,0,0,2,0
2021-02-10T23:59:59+01:00,0,0,34,48,214,277,249,456,202,600,157,299,52,74,65,123,68,222,18,31,137,170,167,251,117,355,97,175,28,52,31,59,27,116,3182,1910,85,1,8,0,0,2,0
2021-02-09T23:59:59+01:00,0,0,33,47,213,274,247,446,197,592,153,296,52,74,65,121,68,222,18,29,120,145,150,231,104,313,92,150,23,47,30,47,23,104,3160,1695,70,1,4,0,0,2,0
2021-02-08T23:59:59+01:00,0,0,33,47,212,272,241,431,194,580,149,291,50,74,65,120,68,222,16,28,103,122,128,192,85,274,87,140,16,45,24,40,22,89,3121,1474,54,1,4,0,0,2,0
2021-02-07T23:59:59+01:00,0,0,33,46,209,271,239,430,194,577,149,291,50,74,64,119,68,222,15,22,98,113,121,181,80,255,83,131,16,44,23,34,22,84,3113,1382,51,1,0,0,0,2,0
2021-02-06T23:59:59+01:00,0,0,33,46,209,271,239,429,194,577,149,290,49,74,63,119,67,217,12,18,97,112,120,177,78,248,83,129,15,43,23,31,20,83,3110,1346,44,1,0,0,0,2,0
2021-02-05T23:59:59+01:00,0,0,32,45,209,271,239,428,193,575,147,289,49,74,63,119,67,207,10,15,88,104,116,173,77,244,82,121,14,41,23,27,18,80,3097,1287,36,0,0,0,0,2,0
2021-02-04T23:59:59+01:00,0,0,32,45,206,268,234,424,188,569,145,286,49,72,63,117,67,206,9,11,60,73,93,128,66,206,65,102,13,36,20,23,16,71,3060,1034,36,0,0,0,0,2,0
2021-02-03T23:59:59+01:00,0,0,32,44,206,267,233,412,186,563,144,283,49,71,62,116,67,205,6,6,44,55,72,105,51,157,55,74,10,17,16,17,11,54,3032,781,33,0,0,0,0,2,0
2021-02-02T23:59:59+01:00,0,0,31,44,205,265,229,406,185,557,141,282,48,71,60,113,65,202,4,3,28,39,56,75,40,101,44,51,8,14,11,12,7,36,2994,550,33,0,0,0,0,2,0
2021-02-01T23:59:59+01:00,0,0,30,42,203,265,225,401,182,552,138,275,48,70,59,112,65,202,4,1,22,21,30,44,26,61,27,28,5,9,8,8,6,21,2958,333,33,0,0,0,0,1,0
2021-01-31T23:59:59+01:00,0,0,30,42,202,263,223,396,180,544,137,275,48,70,58,112,64,201,4,1,20,16,21,36,20,49,21,24,5,6,6,7,5,19,2933,270,32,0,0,0,0,1,0
2021-01-30T23:59:59+01:00,0,0,30,42,202,263,223,395,179,544,137,275,48,70,57,112,64,198,4,1,19,15,19,36,18,45,20,23,5,5,6,6,5,18,2928,254,31,0,0,0,0,1,0
2021-01-29T23:59:59+01:00,0,0,30,42,202,261,222,394,178,543,135,273,48,70,56,111,63,197,4,0,16,9,14,29,16,39,16,21,4,4,5,6,5,17,2918,212,27,0,0,0,0,0,0
2021-01-28T23:59:59+01:00,0,0,30,41,194,258,221,389,177,534,132,269,48,70,54,110,59,195,4,0,5,3,7,16,9,21,9,9,2,2,3,3,1,17,2882,114,19,0,0,0,0,0,0
2021-01-27T23:59:59+01:00,0,0,29,40,191,252,217,379,175,521,129,260,45,68,54,109,58,193,1,0,3,3,6,14,8,18,8,9,2,2,2,3,1,13,2819,95,15,0,0,0,0,0,0
2021-01-26T23:59:59+01:00,0,0,26,40,188,240,211,366,171,503,126,253,45,64,48,101,53,185,1,0,2,3,6,14,8,18,8,9,2,2,2,3,1,10,2721,91,12,0,0,0,0,0,0
2021-01-25T23:59:59+01:00,0,0,26,39,179,237,208,356,168,494,123,243,43,62,47,98,48,183,1,0,1,3,4,12,7,15,8,9,2,2,2,1,1,8,2661,78,4,0,0,0,0,0,0
2021-01-24T23:59:59+01:00,0,0,25,38,177,234,205,355,167,492,123,242,43,62,45,95,47,182,1,0,1,3,3,12,7,15,8,9,2,2,2,1,1,8,2639,77,3,0,0,0,0,0,0
2021-01-23T23:59:59+01:00,0,0,25,38,177,234,203,355,167,491,123,242,43,62,45,94,47,180,1,0,1,3,3,11,7,15,7,9,2,2,2,1,1,8,2633,75,3,0,0,0,0,0,0
2021-01-22T23:59:59+01:00,0,0,24,37,176,230,202,355,167,490,122,242,43,62,45,94,45,173,1,0,1,3,3,11,7,15,7,9,2,2,2,1,1,8,2614,75,3,0,0,0,0,0,0
2021-01-21T23:59:59+01:00,0,0,21,36,167,221,196,338,163,469,120,229,42,62,41,86,44,170,1,0,1,3,1,6,6,10,5,5,2,2,2,0,1,7,2506,54,3,0,0,0,0,0,0
2021-01-20T23:59:59+01:00,0,0,20,34,153,195,180,297,135,413,110,208,37,59,38,82,40,156,1,0,1,3,1,6,6,9,5,4,2,2,2,0,1,7,2247,52,2,0,0,0,0,0,0
2021-01-19T23:59:59+01:00,0,0,20,31,128,168,163,265,126,370,106,187,27,53,30,68,35,142,1,0,1,3,1,5,4,7,3,3,1,0,2,0,0,4,1997,36,2,0,0,0,0,0,0
2021-01-18T23:59:59+01:00,0,0,17,31,113,147,140,224,109,322,99,163,24,50,27,56,31,120,1,0,1,1,0,2,3,5,2,3,0,0,1,0,0,4,1746,24,2,0,0,0,0,0,0
2021-01-17T23:59:59+01:00,0,0,16,22,108,132,132,211,100,297,95,154,24,45,27,51,29,108,1,0,0,0,0,1,1,4,2,2,0,0,1,0,0,1,1616,13,2,0,0,0,0,0,0
2021-01-16T23:59:59+01:00,0,0,14,19,105,130,130,206,97,287,94,147,21,44,26,45,25,104,0,0,0,0,0,0,0,0,0,0,0,0,0,0,0,0,1558,0,0,0,0,0,0,0,0
2021-01-15T23:59:59+01:00,0,0,11,17,99,121,126,201,95,278,94,137,20,43,26,40,23,101,0,0,0,0,0,0,0,0,0,0,0,0,0,0,0,0,1492,0,0,0,0,0,0,0,0
2021-01-14T23:59:59+01:00,0,0,9,13,75,90,107,165,79,234,82,122,15,38,23,33,22,88,0,0,0,0,0,0,0,0,0,0,0,0,0,0,0,0,1243,0,0,0,0,0,0,0,0
2021-01-13T23:59:59+01:00,0,0,7,12,61,80,94,136,73,189,76,97,15,24,19,25,20,68,0,0,0,0,0,0,0,0,0,0,0,0,0,0,0,0,1037,0,0,0,0,0,0,0,0
2021-01-12T23:59:59+01:00,0,0,5,8,49,62,76,106,66,134,63,75,11,19,15,21,12,51,0,0,0,0,0,0,0,0,0,0,0,0,0,0,0,0,808,0,0,0,0,0,0,0,0
2021-01-11T23:59:59+01:00,0,0,4,6,43,49,64,81,52,105,48,55,10,15,8,12,9,28,0,0,0,0,0,0,0,0,0,0,0,0,0,0,0,0,614,0,0,0,0,0,0,0,0
2021-01-10T23:59:59+01:00,0,0,4,6,39,38,49,67,38,84,40,47,8,10,6,11,8,24,0,0,0,0,0,0,0,0,0,0,0,0,0,0,0,0,495,0,0,0,0,0,0,0,0
2021-01-09T23:59:59+01:00,0,0,4,5,36,37,44,64,35,76,37,43,8,9,6,10,8,23,0,0,0,0,0,0,0,0,0,0,0,0,0,0,0,0,459,0,0,0,0,0,0,0,0
2021-01-08T23:59:59+01:00,0,0,4,5,29,28,38,56,27,63,31,38,6,6,4,9,7,21,0,0,0,0,0,0,0,0,0,0,0,0,0,0,0,0,383,0,0,0,0,0,0,0,0
2021-01-07T23:59:59+01:00,0,0,4,2,11,3,10,18,11,27,8,18,5,3,3,4,3,20,0,0,0,0,0,0,0,0,0,0,0,0,0,0,0,0,153,0,0,0,0,0,0,0,0
2021-01-06T23:59:59+01:00,0,0,4,0,4,3,5,15,8,21,7,10,3,3,2,4,3,17,0,0,0,0,0,0,0,0,0,0,0,0,0,0,0,0,112,0,0,0,0,0,0,0,0
2021-01-05T23:59:59+01:00,0,0,2,0,2,3,5,14,8,19,7,9,3,2,2,4,2,16,0,0,0,0,0,0,0,0,0,0,0,0,0,0,0,0,101,0,0,0,0,0,0,0,0
2021-01-04T23:59:59+01:00,0,0,1,0,2,3,5,13,7,17,7,9,2,2,2,2,2,10,0,0,0,0,0,0,0,0,0,0,0,0,0,0,0,0,86,0,0,0,0,0,0,0,0
2021-01-03T23:59:59+01:00,0,0,1,0,1,3,4,13,7,17,7,9,2,2,2,2,2,10,0,0,0,0,0,0,0,0,0,0,0,0,0,0,0,0,84,0,0,0,0,0,0,0,0
2021-01-02T23:59:59+01:00,0,0,1,0,1,3,4,13,6,17,6,9,2,2,2,2,2,10,0,0,0,0,0,0,0,0,0,0,0,0,0,0,0,0,82,0,0,0,0,0,0,0,0
2021-01-01T23:59:59+01:00,0,0,1,0,1,3,4,13,6,17,6,9,2,2,2,2,2,10,0,0,0,0,0,0,0,0,0,0,0,0,0,0,0,0,82,0,0,0,0,0,0,0,0
2020-12-31T23:59:59+01:00,0,0,1,0,1,3,4,12,6,17,6,9,2,2,2,2,2,10,0,0,0,0,0,0,0,0,0,0,0,0,0,0,0,0,81,0,0,0,0,0,0,0,0
2020-12-30T23:59:59+01:00,0,0,1,0,1,3,4,12,6,16,6,9,2,2,2,2,2,10,0,0,0,0,0,0,0,0,0,0,0,0,0,0,0,0,80,0,0,0,0,0,0,0,0
2020-12-29T23:59:59+01:00,0,0,1,0,1,3,3,8,4,13,4,7,1,1,2,1,0,8,0,0,0,0,0,0,0,0,0,0,0,0,0,0,0,0,58,0,0,0,0,0,0,0,0
2020-12-28T23:59:59+01:00,0,0,1,0,1,1,1,1,2,6,3,4,1,0,1,0,0,4,0,0,0,0,0,0,0,0,0,0,0,0,0,0,0,0,27,0,0,0,0,0,0,0,0
2020-12-27T23:59:59+01:00,0,0,1,0,0,0,0,1,1,6,1,2,0,0,1,0,0,2,0,0,0,0,0,0,0,0,0,0,0,0,0,0,0,0,15,0,0,0,0,0,0,0,0
