Datum,<15_1_m,<15_1_w,15-24_1_m,15-24_1_w,25-34_1_m,25-34_1_w,35-44_1_m,35-44_1_w,45-54_1_m,45-54_1_w,55-64_1_m,55-64_1_w,65-74_1_m,65-74_1_w,75-84_1_m,75-84_1_w,>84_1_m,>84_1_w,<15_2_m,<15_2_w,15-24_2_m,15-24_2_w,25-34_2_m,25-34_2_w,35-44_2_m,35-44_2_w,45-54_2_m,45-54_2_w,55-64_2_m,55-64_2_w,65-74_2_m,65-74_2_w,75-84_2_m,75-84_2_w,>84_2_m,>84_2_w,bp_1,bp_2,mo_1,mo_2,az_1,az_2,ja,unb_1,unb_2
2021-12-07T23:59:59+01:00,412,418,5501,4390,13191,8642,12420,7953,10428,10388,6440,7060,2111,2617,1274,1721,341,941,230,212,4522,3688,11184,7572,10766,6967,9154,9134,5801,6322,1945,2390,1191,1624,300,868,65559,54792,8616,7765,9664,8348,14647,84,92
2021-12-06T23:59:59+01:00,405,416,5483,4386,13172,8628,12401,7940,10417,10377,6433,7046,2107,2613,1272,1719,340,941,229,210,4499,3674,11126,7551,10703,6936,9111,9093,5782,6296,1942,2380,1190,1622,300,867,65422,54449,8605,7752,9664,8348,14644,83,92
2021-12-05T23:59:59+01:00,401,413,5469,4381,13160,8618,12383,7934,10406,10368,6423,7039,2103,2608,1269,1714,339,940,228,206,4475,3657,11084,7521,10647,6911,9077,9063,5761,6284,1941,2376,1189,1622,300,867,65307,54160,8595,7743,9664,8348,14641,83,91
2021-12-04T23:59:59+01:00,393,409,5461,4377,13153,8615,12377,7932,10403,10365,6420,7039,2103,2603,1269,1714,339,939,227,204,4463,3651,11065,7505,10618,6898,9049,9046,5754,6272,1939,2375,1189,1620,300,867,65255,54004,8590,7732,9664,8348,14641,83,91
2021-12-03T23:59:59+01:00,382,396,5447,4366,13136,8605,12363,7926,10395,10350,6418,7026,2100,2599,1269,1713,339,939,226,203,4435,3638,11016,7482,10566,6880,9014,9014,5731,6247,1937,2373,1187,1620,300,867,65129,53704,8578,7729,9664,8348,14637,83,91
2021-12-02T23:59:59+01:00,374,385,5430,4354,13112,8592,12332,7909,10376,10335,6408,7008,2098,2593,1267,1713,338,939,226,199,4400,3622,10947,7448,10473,6850,8942,8971,5699,6216,1936,2370,1186,1617,300,867,64940,53255,8565,7714,9664,8348,14633,83,91
2021-12-01T23:59:59+01:00,366,378,5419,4346,13094,8585,12313,7897,10361,10316,6397,6987,2096,2589,1264,1710,338,938,221,199,4371,3611,10878,7412,10404,6823,8881,8945,5683,6196,1932,2363,1185,1616,300,867,64788,52889,8550,7700,9664,8347,14631,83,91
2021-11-30T23:59:59+01:00,357,369,5407,4338,13070,8577,12291,7886,10345,10305,6388,6977,2092,2586,1263,1708,338,938,220,197,4341,3596,10834,7395,10352,6805,8846,8922,5664,6184,1931,2360,1184,1615,300,865,64641,52627,8543,7691,9664,8347,14625,83,91
2021-11-29T23:59:59+01:00,343,360,5388,4331,13045,8568,12268,7873,10335,10287,6379,6967,2092,2577,1263,1707,337,938,220,197,4323,3585,10783,7379,10299,6783,8808,8886,5645,6164,1928,2356,1183,1611,300,862,64474,52344,8538,7680,9664,8347,14620,83,91
2021-11-28T23:59:59+01:00,337,354,5373,4322,13021,8556,12255,7857,10321,10269,6374,6954,2089,2574,1263,1705,337,937,218,195,4307,3577,10755,7359,10259,6772,8782,8870,5637,6149,1924,2355,1183,1611,300,862,64327,52158,8530,7674,9664,8347,14614,83,91
2021-11-27T23:59:59+01:00,331,343,5371,4318,13014,8548,12241,7848,10314,10257,6373,6951,2089,2573,1263,1705,337,937,218,194,4299,3572,10745,7352,10231,6764,8771,8862,5633,6146,1924,2355,1183,1611,300,862,64250,52074,8524,7665,9663,8347,14613,83,91
2021-11-26T23:59:59+01:00,319,333,5358,4304,12986,8534,12220,7834,10291,10238,6364,6938,2088,2570,1263,1704,337,935,217,193,4276,3559,10700,7335,10200,6744,8740,8845,5625,6135,1923,2351,1183,1611,300,861,64071,51865,8516,7660,9663,8347,14603,83,91
2021-11-25T23:59:59+01:00,308,327,5335,4287,12944,8512,12184,7807,10261,10211,6352,6918,2080,2564,1260,1700,337,935,215,187,4232,3536,10639,7307,10131,6703,8675,8816,5607,6123,1919,2346,1183,1610,300,861,63793,51481,8509,7642,9663,8347,14593,83,91
2021-11-24T23:59:59+01:00,304,319,5310,4282,12906,8499,12162,7787,10232,10191,6333,6900,2079,2554,1258,1698,337,935,214,185,4214,3528,10581,7279,10078,6685,8638,8792,5592,6108,1917,2345,1183,1609,300,861,63569,51210,8501,7637,9663,8347,14588,83,91
2021-11-23T23:59:59+01:00,297,310,5287,4271,12864,8480,12117,7758,10194,10155,6319,6882,2073,2549,1256,1697,337,934,214,185,4195,3519,10529,7260,10039,6662,8597,8768,5578,6090,1911,2342,1183,1608,300,860,63297,50959,8478,7629,9663,8347,14576,83,91
2021-11-22T23:59:59+01:00,289,299,5268,4259,12810,8458,12074,7739,10161,10125,6306,6861,2070,2538,1255,1696,337,934,211,183,4175,3509,10487,7246,9992,6645,8559,8735,5569,6076,1908,2339,1182,1607,300,860,63011,50715,8468,7622,9663,8345,14570,83,91
2021-11-21T23:59:59+01:00,287,290,5249,4252,12765,8443,12029,7716,10135,10098,6293,6849,2067,2534,1252,1696,337,934,207,183,4163,3500,10464,7237,9960,6626,8531,8720,5559,6067,1907,2336,1182,1606,300,859,62783,50557,8457,7617,9663,8345,14556,83,91
2021-11-20T23:59:59+01:00,284,288,5206,4243,12731,8430,12008,7711,10110,10078,6276,6838,2064,2533,1251,1695,337,934,206,183,4157,3494,10445,7228,9943,6622,8521,8708,5548,6061,1903,2333,1182,1606,300,859,62597,50463,8444,7613,9663,8345,14545,83,91
2021-11-19T23:59:59+01:00,275,279,5164,4207,12673,8412,11962,7688,10069,10042,6266,6824,2060,2523,1251,1695,337,934,205,183,4130,3482,10385,7212,9903,6606,8499,8686,5534,6055,1903,2329,1182,1606,300,859,62260,50241,8434,7605,9663,8344,14536,83,91
2021-11-18T23:59:59+01:00,273,270,5122,4181,12586,8376,11896,7652,10017,9992,6243,6795,2056,2516,1248,1692,337,932,201,182,4104,3469,10331,7195,9839,6590,8461,8662,5516,6043,1899,2325,1180,1605,300,859,61815,49965,8415,7596,9663,8344,14523,83,91
2021-11-17T23:59:59+01:00,272,269,5086,4154,12510,8335,11824,7618,9960,9940,6217,6768,2051,2510,1246,1690,337,930,201,182,4076,3461,10294,7173,9786,6561,8425,8626,5495,6029,1898,2323,1178,1602,300,859,61372,49696,8407,7588,9663,8344,14507,83,91
2021-11-16T23:59:59+01:00,271,265,5055,4134,12416,8295,11742,7576,9907,9890,6186,6748,2046,2497,1246,1687,336,930,200,182,4063,3457,10268,7158,9756,6551,8398,8598,5485,6017,1897,2322,1178,1601,300,858,60921,49540,8388,7583,9663,8344,14487,83,91
2021-11-15T23:59:59+01:00,269,264,5022,4112,12327,8257,11658,7538,9842,9831,6155,6716,2039,2489,1246,1685,336,929,197,181,4042,3445,10252,7148,9721,6537,8386,8580,5477,6001,1893,2320,1177,1601,300,856,60438,49391,8378,7578,9663,8344,14465,83,91
2021-11-14T23:59:59+01:00,268,258,4979,4088,12262,8225,11590,7510,9780,9793,6133,6694,2035,2487,1244,1684,336,929,196,180,4030,3434,10214,7132,9705,6528,8375,8564,5471,5994,1893,2320,1175,1600,300,856,60052,49270,8368,7573,9663,8344,14441,83,91
2021-11-13T23:59:59+01:00,266,257,4960,4073,12209,8198,11541,7491,9739,9767,6119,6682,2033,2486,1244,1683,336,929,194,180,4023,3429,10202,7124,9699,6525,8368,8561,5468,5992,1892,2319,1175,1600,300,856,59806,49234,8350,7569,9663,8343,14422,83,91
2021-11-12T23:59:59+01:00,262,251,4918,4053,12136,8157,11472,7458,9681,9728,6097,6657,2031,2480,1243,1683,336,929,192,180,4005,3418,10178,7111,9681,6512,8349,8550,5458,5987,1892,2316,1175,1600,300,856,59394,49112,8340,7566,9663,8343,14399,83,91
2021-11-11T23:59:59+01:00,260,249,4864,4034,12027,8105,11350,7414,9605,9662,6057,6615,2025,2472,1243,1681,336,928,191,179,3982,3406,10144,7094,9652,6485,8319,8529,5454,5975,1892,2315,1173,1599,300,856,58802,48939,8317,7557,9663,8343,14365,83,91
2021-11-10T23:59:59+01:00,254,247,4811,4015,11890,8046,11247,7366,9528,9609,6025,6588,2020,2466,1242,1678,336,926,189,178,3969,3394,10118,7083,9626,6471,8291,8515,5443,5970,1890,2312,1172,1596,300,856,58223,48811,8297,7552,9662,8343,14325,83,91
2021-11-09T23:59:59+01:00,254,245,4764,3989,11786,8012,11168,7329,9472,9578,5997,6560,2019,2464,1242,1678,336,926,188,175,3954,3388,10085,7075,9602,6460,8273,8492,5433,5956,1890,2309,1170,1595,300,856,57802,48688,8282,7545,9662,8342,14282,83,91
2021-11-08T23:59:59+01:00,251,241,4711,3965,11668,7982,11057,7289,9396,9519,5966,6528,2015,2461,1241,1675,336,925,187,173,3933,3381,10054,7059,9572,6444,8256,8480,5427,5948,1888,2304,1169,1594,300,856,57275,48576,8268,7533,9661,8342,14228,83,91
2021-11-07T23:59:59+01:00,250,240,4684,3951,11604,7947,10990,7272,9348,9494,5949,6512,2013,2457,1240,1674,335,925,186,172,3923,3370,10036,7051,9554,6435,8247,8470,5422,5944,1887,2303,1168,1593,300,856,56980,48509,8253,7523,9660,8342,14196,83,91
2021-11-06T23:59:59+01:00,250,239,4673,3944,11572,7935,10947,7255,9322,9479,5936,6500,2010,2455,1240,1674,335,925,186,172,3922,3366,10031,7048,9550,6431,8242,8464,5418,5942,1885,2303,1168,1593,300,856,56792,48476,8250,7523,9660,8342,14189,83,91
2021-11-05T23:59:59+01:00,249,237,4640,3924,11511,7907,10875,7221,9254,9437,5921,6483,2009,2450,1239,1673,335,925,185,172,3907,3360,10015,7034,9534,6425,8222,8452,5414,5936,1884,2301,1168,1593,300,856,56431,48394,8245,7521,9660,8342,14153,83,91
2021-11-04T23:59:59+01:00,247,235,4584,3898,11402,7849,10762,7171,9154,9387,5892,6458,2005,2444,1238,1672,335,924,184,170,3886,3349,9983,7008,9493,6401,8197,8422,5398,5921,1883,2296,1167,1593,300,856,55920,48259,8228,7518,9660,8342,14039,83,91
2021-11-03T23:59:59+01:00,246,231,4559,3876,11307,7807,10668,7140,9082,9341,5868,6435,2002,2443,1238,1671,335,923,183,167,3869,3345,9952,6990,9460,6395,8176,8406,5392,5917,1880,2289,1167,1593,300,855,55495,48150,8220,7511,9660,8342,13984,83,91
2021-11-02T23:59:59+01:00,246,230,4526,3863,11231,7776,10588,7108,9013,9310,5841,6418,1999,2440,1238,1670,335,923,182,167,3861,3333,9926,6970,9432,6384,8157,8379,5383,5907,1877,2287,1167,1591,300,853,55151,48047,8210,7504,9660,8340,13914,83,91
2021-11-01T23:59:59+01:00,245,230,4492,3847,11161,7747,10493,7078,8949,9282,5816,6395,1996,2433,1238,1668,335,922,182,167,3841,3323,9894,6948,9397,6365,8135,8366,5371,5895,1876,2287,1167,1591,300,853,54815,47941,8202,7497,9660,8339,13829,83,91
2021-10-31T23:59:59+01:00,242,230,4480,3845,11143,7740,10482,7074,8940,9275,5815,6392,1996,2433,1238,1668,335,922,181,167,3835,3323,9887,6946,9392,6363,8133,8363,5369,5892,1875,2287,1167,1591,300,853,54767,47932,8197,7496,9660,8339,13805,83,91
2021-10-30T23:59:59+02:00,241,230,4474,3843,11125,7736,10467,7071,8931,9266,5806,6388,1995,2432,1238,1668,335,922,181,167,3833,3323,9879,6943,9387,6363,8129,8362,5364,5889,1875,2287,1167,1591,300,853,54705,47923,8197,7495,9660,8339,13783,83,91
2021-10-29T23:59:59+02:00,240,230,4427,3830,11044,7711,10388,7038,8884,9226,5787,6375,1995,2427,1238,1668,334,921,180,167,3812,3317,9845,6937,9360,6355,8111,8350,5357,5882,1873,2287,1167,1591,300,852,54393,47861,8188,7492,9660,8339,13696,83,91
2021-10-28T23:59:59+02:00,239,228,4387,3814,10942,7682,10281,7002,8823,9172,5762,6348,1993,2420,1235,1668,334,921,180,166,3793,3306,9797,6912,9307,6328,8080,8323,5343,5871,1872,2283,1166,1591,299,852,54034,47740,8172,7479,9660,8339,13549,83,91
2021-10-27T23:59:59+02:00,239,227,4364,3806,10883,7660,10230,6965,8767,9139,5742,6329,1990,2417,1235,1667,334,921,179,166,3776,3296,9765,6891,9284,6313,8061,8306,5334,5859,1869,2282,1165,1588,299,851,53773,47624,8158,7469,9660,8338,13486,83,91
2021-10-26T23:59:59+02:00,238,226,4329,3789,10839,7629,10180,6936,8724,9092,5721,6314,1988,2414,1234,1666,334,920,177,166,3761,3288,9728,6870,9254,6298,8039,8283,5323,5852,1867,2282,1163,1584,299,850,53512,47497,8149,7468,9660,8338,13409,83,91
2021-10-25T23:59:59+02:00,237,226,4324,3784,10823,7623,10158,6921,8709,9072,5718,6307,1986,2413,1234,1666,334,920,177,166,3759,3286,9718,6860,9236,6288,8028,8268,5319,5849,1866,2282,1162,1584,299,850,53441,47458,8148,7466,9660,8338,13362,83,91
2021-10-24T23:59:59+02:00,234,225,4313,3772,10782,7606,10127,6901,8690,9048,5712,6298,1984,2413,1233,1666,334,920,176,166,3751,3281,9696,6853,9217,6276,8018,8254,5314,5845,1866,2281,1162,1583,299,850,53296,47402,8142,7462,9659,8336,13314,83,91
2021-10-23T23:59:59+02:00,231,225,4308,3767,10761,7604,10116,6893,8685,9038,5710,6293,1984,2413,1233,1666,334,920,176,166,3749,3278,9688,6852,9211,6272,8012,8251,5312,5844,1866,2281,1162,1583,299,850,53237,47385,8141,7460,9659,8336,13297,83,91
2021-10-22T23:59:59+02:00,230,224,4289,3755,10726,7588,10088,6878,8660,9004,5699,6272,1984,2412,1233,1666,334,920,175,165,3741,3276,9667,6840,9190,6261,8001,8238,5304,5834,1865,2277,1162,1582,299,850,53069,47312,8137,7456,9659,8336,13247,83,91
2021-10-21T23:59:59+02:00,224,222,4269,3742,10663,7567,10043,6841,8629,8957,5690,6246,1983,2410,1232,1665,334,920,174,165,3711,3262,9619,6824,9162,6242,7974,8211,5289,5819,1863,2274,1161,1581,299,850,52830,47151,8125,7446,9659,8335,13171,83,91
2021-10-20T23:59:59+02:00,224,222,4260,3732,10644,7554,10013,6825,8602,8936,5681,6233,1980,2407,1232,1665,334,920,173,164,3700,3247,9591,6810,9137,6228,7958,8198,5281,5809,1860,2273,1161,1579,299,848,52689,47026,8122,7439,9659,8334,13140,83,91
2021-10-19T23:59:59+02:00,221,221,4248,3726,10626,7547,9986,6813,8587,8922,5673,6227,1979,2406,1232,1665,334,919,167,162,3689,3231,9571,6794,9122,6213,7945,8184,5268,5799,1860,2268,1160,1578,299,848,52589,46893,8113,7434,9659,8334,13116,83,91
2021-10-18T23:59:59+02:00,221,217,4232,3719,10611,7539,9968,6805,8576,8911,5668,6214,1978,2403,1230,1664,334,919,167,162,3677,3217,9551,6779,9106,6207,7936,8176,5267,5787,1856,2264,1160,1578,299,846,52491,46800,8109,7424,9659,8333,13093,83,91
2021-10-17T23:59:59+02:00,221,215,4221,3715,10601,7533,9955,6800,8568,8908,5667,6210,1977,2403,1230,1664,334,918,167,159,3665,3209,9540,6774,9098,6201,7924,8167,5265,5782,1855,2260,1158,1578,299,846,52441,46730,8104,7420,9659,8332,13078,83,91
2021-10-16T23:59:59+02:00,221,215,4219,3713,10595,7530,9953,6799,8565,8903,5665,6208,1976,2402,1229,1663,334,918,167,158,3664,3208,9536,6772,9098,6201,7921,8166,5264,5782,1855,2260,1158,1578,299,846,52418,46723,8101,7420,9659,8331,13072,83,91
2021-10-15T23:59:59+02:00,219,215,4207,3706,10579,7521,9940,6793,8556,8888,5657,6201,1975,2402,1229,1663,334,918,167,156,3653,3204,9525,6761,9086,6193,7914,8160,5257,5778,1855,2260,1158,1577,299,846,52328,46656,8097,7417,9659,8331,13056,83,91
2021-10-14T23:59:59+02:00,218,215,4195,3699,10551,7504,9911,6774,8533,8868,5648,6191,1974,2398,1229,1662,334,918,166,153,3627,3195,9494,6734,9054,6169,7890,8147,5246,5767,1854,2255,1155,1577,299,846,52202,46496,8088,7403,9659,8329,13009,83,91
2021-10-13T23:59:59+02:00,216,215,4181,3692,10532,7490,9893,6765,8518,8852,5640,6184,1973,2397,1229,1660,334,918,163,153,3612,3186,9464,6721,9038,6157,7873,8136,5237,5760,1854,2255,1154,1575,299,846,52108,46393,8084,7396,9659,8329,12974,83,91
2021-10-12T23:59:59+02:00,214,214,4175,3687,10514,7483,9873,6755,8505,8834,5626,6174,1972,2395,1228,1659,334,918,162,151,3605,3174,9441,6703,9013,6142,7856,8124,5222,5750,1849,2250,1154,1574,299,846,52005,46253,8079,7392,9659,8328,12951,83,91
2021-10-11T23:59:59+02:00,214,210,4162,3680,10488,7474,9849,6739,8496,8815,5620,6163,1971,2393,1228,1659,334,918,160,151,3593,3163,9401,6689,8981,6123,7838,8104,5214,5740,1848,2249,1154,1574,299,846,51908,46115,8069,7381,9659,8327,12910,83,91
2021-10-10T23:59:59+02:00,213,208,4151,3677,10480,7461,9842,6728,8486,8804,5617,6153,1970,2393,1226,1659,334,918,159,151,3582,3160,9382,6680,8970,6115,7825,8098,5208,5733,1846,2248,1154,1573,299,846,51844,46038,8059,7379,9659,8326,12891,83,91
2021-10-09T23:59:59+02:00,213,208,4150,3676,10476,7460,9829,6723,8483,8802,5615,6153,1970,2392,1226,1659,334,918,159,149,3579,3157,9380,6678,8961,6109,7821,8097,5203,5732,1846,2248,1154,1573,299,846,51828,46020,8058,7376,9659,8324,12875,83,91
2021-10-08T23:59:59+02:00,211,207,4141,3667,10455,7451,9816,6711,8469,8785,5608,6146,1969,2391,1226,1658,334,918,159,149,3571,3149,9360,6671,8944,6100,7815,8081,5193,5729,1843,2245,1153,1572,299,846,51737,45941,8054,7373,9659,8324,12844,83,91
2021-10-07T23:59:59+02:00,209,205,4124,3655,10431,7433,9776,6700,8449,8764,5603,6140,1967,2386,1226,1658,334,918,159,148,3546,3126,9316,6653,8918,6089,7792,8051,5175,5718,1840,2239,1153,1572,299,846,51599,45758,8047,7356,9659,8324,12802,83,91
2021-10-06T23:59:59+02:00,207,204,4115,3646,10403,7416,9760,6693,8439,8756,5596,6132,1965,2381,1226,1656,334,917,158,148,3530,3114,9291,6642,8899,6078,7783,8038,5173,5708,1838,2235,1153,1571,299,845,51500,45654,8043,7351,9659,8323,12772,83,91
2021-10-05T23:59:59+02:00,206,203,4098,3636,10387,7400,9740,6681,8419,8732,5588,6125,1964,2379,1226,1655,334,917,157,148,3513,3102,9270,6629,8875,6064,7760,8013,5162,5699,1836,2231,1152,1569,299,844,51389,45520,8039,7344,9659,8323,12730,83,91
2021-10-04T23:59:59+02:00,205,202,4073,3626,10360,7385,9705,6664,8401,8718,5580,6116,1962,2379,1225,1650,334,915,156,148,3498,3093,9243,6610,8840,6047,7738,7984,5152,5684,1835,2229,1151,1567,298,844,51268,45379,8030,7340,9659,8323,12667,83,91
2021-10-03T23:59:59+02:00,205,201,4059,3621,10335,7370,9693,6653,8387,8705,5578,6109,1960,2376,1224,1649,333,915,156,148,3484,3087,9215,6599,8827,6038,7728,7971,5147,5679,1834,2225,1151,1566,297,844,51191,45313,8029,7337,9659,8319,12618,83,91
2021-10-02T23:59:59+02:00,204,201,4057,3620,10334,7368,9689,6652,8385,8704,5576,6107,1959,2375,1224,1649,333,915,156,148,3481,3086,9211,6598,8825,6038,7724,7970,5146,5675,1833,2224,1151,1566,297,844,51181,45302,8027,7336,9659,8317,12609,83,91
2021-10-01T23:59:59+02:00,202,200,4047,3616,10315,7360,9672,6641,8374,8690,5572,6098,1955,2371,1224,1649,333,914,154,147,3463,3078,9192,6586,8808,6026,7715,7959,5140,5668,1831,2224,1151,1566,297,844,51108,45228,8024,7332,9659,8313,12566,83,91
2021-09-30T23:59:59+02:00,202,199,4014,3600,10267,7337,9632,6612,8346,8662,5555,6084,1952,2368,1223,1649,333,913,152,146,3439,3055,9144,6557,8771,6004,7699,7925,5124,5654,1829,2218,1151,1566,297,843,50934,45085,8016,7305,9659,8310,12459,83,91
2021-09-29T23:59:59+02:00,202,196,3995,3587,10222,7321,9613,6590,8331,8633,5546,6078,1950,2365,1222,1647,333,912,152,145,3419,3045,9109,6548,8754,5983,7686,7905,5111,5639,1829,2216,1151,1565,297,843,50801,44984,8007,7298,9659,8306,12389,83,91
2021-09-28T23:59:59+02:00,200,196,3983,3578,10179,7301,9581,6576,8303,8597,5537,6061,1950,2358,1222,1646,333,910,149,144,3402,3031,9080,6528,8731,5967,7658,7878,5103,5626,1829,2210,1151,1564,297,842,50666,44874,7999,7292,9659,8304,12297,83,91
2021-09-27T23:59:59+02:00,197,196,3962,3561,10143,7270,9557,6551,8281,8567,5522,6049,1947,2346,1221,1646,332,909,149,142,3382,3017,9035,6500,8700,5939,7632,7848,5091,5618,1826,2201,1150,1563,297,841,50535,44736,7990,7289,9659,8300,12181,83,91
2021-09-26T23:59:59+02:00,195,196,3954,3552,10122,7260,9546,6542,8267,8555,5517,6043,1942,2345,1219,1645,332,909,148,141,3373,3011,9014,6495,8691,5928,7619,7840,5084,5608,1823,2200,1150,1562,297,840,50462,44676,7989,7285,9658,8296,12139,83,91
2021-09-25T23:59:59+02:00,195,195,3948,3551,10113,7256,9542,6539,8261,8554,5513,6043,1942,2344,1219,1644,332,909,148,140,3366,3008,9007,6491,8687,5926,7615,7835,5082,5607,1823,2199,1149,1559,297,840,50443,44656,7987,7283,9658,8293,12119,83,91
2021-09-24T23:59:59+02:00,194,192,3935,3544,10079,7243,9526,6528,8237,8535,5505,6031,1940,2342,1219,1643,332,909,147,140,3353,2997,8979,6477,8673,5915,7592,7820,5075,5598,1822,2195,1149,1559,297,840,50357,44590,7985,7278,9658,8293,12038,83,91
2021-09-23T23:59:59+02:00,192,189,3897,3524,10010,7210,9469,6484,8198,8484,5487,6011,1934,2335,1217,1640,332,909,147,139,3324,2980,8919,6445,8619,5879,7552,7772,5057,5581,1815,2191,1148,1557,297,840,50194,44481,7976,7269,9658,8289,11789,83,91
2021-09-22T23:59:59+02:00,189,189,3873,3508,9977,7191,9442,6461,8163,8468,5468,6001,1932,2331,1216,1640,332,909,144,137,3302,2973,8887,6425,8592,5864,7521,7751,5040,5575,1810,2184,1146,1557,297,839,50058,44357,7971,7266,9656,8283,11697,83,91
2021-09-21T23:59:59+02:00,188,188,3854,3495,9950,7169,9393,6439,8128,8440,5453,5990,1931,2331,1216,1640,332,909,143,137,3278,2959,8849,6398,8544,5848,7485,7717,5024,5555,1809,2183,1145,1556,297,839,49933,44198,7962,7258,9656,8283,11583,83,91
2021-09-20T23:59:59+02:00,186,188,3827,3481,9910,7151,9352,6417,8094,8408,5445,5974,1927,2328,1216,1640,332,907,143,136,3257,2935,8805,6379,8502,5824,7450,7684,5016,5535,1806,2181,1144,1555,296,839,49794,44053,7959,7253,9656,8277,11455,83,91
2021-09-19T23:59:59+02:00,186,188,3811,3472,9875,7144,9335,6407,8088,8398,5438,5967,1925,2325,1214,1638,332,906,141,136,3248,2926,8774,6368,8479,5814,7435,7669,5009,5527,1805,2177,1143,1554,296,838,49729,43982,7953,7247,9656,8272,11387,83,91
2021-09-18T23:59:59+02:00,186,187,3808,3472,9870,7142,9328,6404,8082,8396,5436,5966,1925,2325,1214,1638,332,906,141,136,3241,2922,8765,6366,8466,5811,7428,7667,5005,5522,1805,2177,1143,1553,296,838,49717,43940,7952,7246,9655,8272,11368,83,91
2021-09-17T23:59:59+02:00,186,186,3791,3463,9830,7130,9300,6391,8060,8383,5425,5957,1924,2320,1212,1638,332,906,141,136,3227,2913,8723,6353,8438,5800,7405,7657,4996,5513,1805,2176,1142,1553,296,838,49624,43867,7945,7234,9653,8269,11283,83,91
2021-09-16T23:59:59+02:00,186,186,3766,3439,9772,7103,9253,6365,8023,8345,5405,5943,1922,2315,1211,1638,332,905,141,135,3212,2902,8681,6332,8404,5777,7383,7631,4981,5504,1803,2175,1142,1553,295,836,49411,43746,7920,7224,9651,8261,11195,83,91
2021-09-15T23:59:59+02:00,184,185,3745,3428,9731,7083,9219,6340,7992,8327,5398,5923,1919,2311,1208,1637,331,903,139,135,3196,2897,8647,6311,8371,5749,7347,7611,4963,5487,1800,2171,1142,1550,293,833,49253,43598,7913,7216,9651,8257,11107,83,91
2021-09-14T23:59:59+02:00,183,184,3719,3408,9688,7057,9174,6310,7962,8294,5386,5905,1916,2308,1208,1635,330,903,139,134,3174,2882,8607,6283,8332,5732,7321,7587,4949,5470,1799,2171,1141,1547,293,832,49078,43465,7901,7207,9651,8254,10998,83,91
2021-09-13T23:59:59+02:00,180,184,3701,3394,9649,7038,9143,6286,7944,8258,5370,5889,1914,2304,1208,1635,330,902,137,132,3155,2873,8577,6265,8315,5719,7311,7565,4941,5464,1798,2167,1141,1545,293,832,48909,43358,7881,7201,9651,8253,10944,83,91
2021-09-12T23:59:59+02:00,180,183,3685,3393,9626,7025,9133,6276,7935,8242,5363,5882,1913,2302,1207,1632,330,901,136,131,3140,2864,8553,6252,8306,5708,7295,7548,4937,5456,1794,2166,1141,1545,293,831,48828,43276,7880,7196,9651,8245,10904,83,91
2021-09-11T23:59:59+02:00,180,183,3682,3390,9619,7021,9130,6272,7934,8240,5360,5880,1912,2301,1206,1632,330,901,135,131,3138,2863,8546,6249,8304,5704,7294,7544,4936,5454,1794,2166,1141,1545,293,831,48809,43262,7879,7196,9650,8245,10888,83,91
2021-09-10T23:59:59+02:00,179,180,3653,3383,9590,7000,9104,6259,7910,8218,5348,5859,1908,2298,1206,1632,330,901,134,128,3121,2857,8517,6224,8278,5689,7272,7524,4922,5435,1793,2165,1141,1543,293,831,48714,43188,7875,7190,9650,8244,10765,83,91
2021-09-09T23:59:59+02:00,177,179,3635,3368,9537,6973,9065,6235,7887,8179,5331,5848,1906,2295,1206,1632,330,901,132,127,3109,2849,8480,6198,8251,5668,7246,7492,4908,5420,1792,2161,1140,1543,293,831,48543,43074,7867,7178,9649,8235,10668,83,90
2021-09-08T23:59:59+02:00,176,177,3615,3359,9503,6963,9041,6206,7869,8148,5315,5830,1902,2293,1205,1630,330,900,130,125,3091,2836,8436,6180,8217,5644,7218,7453,4898,5396,1791,2159,1139,1543,293,831,48436,42936,7860,7169,9648,8231,10557,83,90
2021-09-07T23:59:59+02:00,175,175,3590,3350,9476,6939,9013,6186,7846,8129,5299,5818,1902,2291,1204,1629,330,896,128,124,3072,2828,8409,6155,8193,5620,7200,7429,4883,5383,1788,2155,1138,1542,293,831,48288,42807,7858,7159,9648,8225,10490,83,90
2021-09-06T23:59:59+02:00,175,175,3573,3340,9445,6921,8984,6171,7827,8101,5292,5806,1899,2282,1201,1629,329,896,128,124,3054,2815,8382,6141,8167,5608,7182,7401,4875,5368,1784,2153,1138,1542,293,831,48153,42696,7856,7154,9647,8224,10421,83,90
2021-09-05T23:59:59+02:00,175,174,3562,3335,9434,6913,8970,6161,7824,8091,5285,5796,1898,2280,1201,1629,329,895,128,123,3044,2813,8366,6126,8157,5596,7175,7393,4865,5361,1782,2152,1138,1541,293,831,48097,42637,7852,7147,9645,8223,10386,83,90
2021-09-04T23:59:59+02:00,175,173,3556,3332,9430,6908,8963,6160,7820,8090,5285,5795,1898,2280,1201,1629,329,895,127,123,3040,2809,8361,6120,8151,5596,7168,7391,4864,5360,1780,2151,1137,1541,293,831,48081,42616,7852,7144,9645,8222,10369,83,90
2021-09-03T23:59:59+02:00,173,172,3540,3314,9399,6898,8942,6143,7801,8074,5272,5780,1894,2277,1201,1628,329,893,126,120,3025,2793,8334,6105,8126,5576,7145,7367,4851,5340,1775,2149,1137,1539,293,829,47998,42522,7840,7122,9645,8220,10272,83,90
2021-09-02T23:59:59+02:00,173,170,3513,3296,9351,6873,8902,6124,7779,8049,5259,5762,1889,2271,1199,1627,329,892,125,118,3006,2780,8288,6086,8088,5556,7120,7338,4842,5319,1770,2144,1135,1538,293,826,47863,42409,7831,7110,9643,8216,10143,83,89
2021-09-01T23:59:59+02:00,170,170,3495,3285,9312,6859,8873,6111,7758,8032,5250,5754,1887,2269,1198,1624,329,892,122,116,2987,2772,8241,6064,8052,5536,7089,7318,4831,5305,1766,2142,1134,1535,293,826,47750,42256,7818,7088,9643,8213,10073,83,89
2021-08-31T23:59:59+02:00,168,169,3481,3275,9273,6836,8854,6101,7738,8011,5242,5744,1883,2267,1197,1623,329,891,121,114,2969,2760,8195,6042,8032,5517,7062,7290,4819,5286,1762,2140,1133,1535,293,826,47649,42129,7812,7078,9642,8197,9988,83,89
2021-08-30T23:59:59+02:00,167,169,3452,3255,9234,6808,8811,6079,7699,7976,5228,5727,1878,2265,1196,1623,329,891,121,113,2938,2747,8148,6018,7994,5498,7026,7267,4807,5267,1758,2136,1132,1535,292,825,47484,41994,7811,7068,9640,8195,9856,83,89
2021-08-29T23:59:59+02:00,166,169,3438,3240,9205,6799,8790,6070,7689,7966,5220,5717,1876,2262,1196,1623,328,891,121,110,2918,2724,8109,6009,7973,5479,7012,7253,4797,5262,1756,2135,1130,1534,291,825,47412,41889,7805,7057,9639,8190,9789,83,89
2021-08-28T23:59:59+02:00,165,169,3432,3239,9202,6797,8782,6069,7682,7964,5220,5715,1876,2261,1196,1622,328,891,121,109,2913,2719,8104,6005,7966,5475,7006,7249,4794,5261,1756,2135,1130,1533,291,825,47396,41863,7804,7056,9639,8190,9769,83,89
2021-08-27T23:59:59+02:00,164,169,3419,3235,9181,6787,8756,6060,7664,7954,5208,5707,1876,2261,1196,1621,328,891,121,108,2894,2713,8083,5997,7943,5460,6993,7241,4785,5254,1756,2135,1129,1531,291,825,47333,41799,7803,7054,9637,8188,9699,83,89
2021-08-26T23:59:59+02:00,164,167,3389,3223,9137,6764,8720,6046,7639,7932,5193,5694,1873,2258,1196,1620,328,890,118,105,2868,2692,8037,5966,7889,5430,6953,7212,4759,5239,1751,2129,1129,1530,291,825,47188,41594,7796,7036,9636,8166,9597,83,89
2021-08-25T23:59:59+02:00,160,166,3372,3213,9099,6745,8684,6028,7615,7909,5179,5672,1871,2254,1196,1618,328,890,115,102,2831,2670,7986,5929,7840,5391,6916,7173,4743,5210,1750,2123,1128,1529,291,825,47071,41346,7789,7028,9635,8158,9483,83,89
2021-08-24T23:59:59+02:00,160,165,3366,3204,9081,6728,8665,6011,7600,7886,5169,5661,1868,2253,1195,1615,328,888,114,102,2810,2648,7954,5894,7806,5368,6889,7145,4726,5192,1749,2121,1128,1528,291,824,46997,41171,7784,7018,9635,8153,9403,83,89
2021-08-23T23:59:59+02:00,159,160,3339,3185,9039,6707,8622,5990,7571,7857,5157,5647,1867,2251,1193,1612,328,887,113,101,2780,2625,7909,5853,7765,5351,6856,7113,4712,5176,1745,2121,1128,1526,290,824,46849,41003,7775,7004,9632,8147,9280,83,89
2021-08-22T23:59:59+02:00,159,160,3326,3177,9025,6690,8609,5983,7552,7845,5150,5641,1866,2250,1192,1612,328,887,112,101,2764,2610,7878,5830,7745,5338,6836,7092,4707,5165,1740,2116,1127,1526,289,824,46778,40871,7768,6994,9632,8142,9235,83,89
2021-08-21T23:59:59+02:00,158,160,3317,3169,9012,6681,8599,5981,7546,7841,5148,5635,1865,2250,1192,1611,328,887,107,99,2754,2602,7859,5821,7726,5328,6824,7084,4699,5155,1739,2114,1126,1526,289,824,46723,40793,7765,6966,9632,8141,9216,83,89
2021-08-20T23:59:59+02:00,157,158,3306,3160,8985,6663,8564,5961,7527,7818,5136,5621,1863,2247,1192,1610,328,885,105,97,2723,2586,7811,5787,7686,5296,6786,7045,4683,5132,1734,2110,1125,1523,289,822,46644,40612,7756,6926,9631,8131,9104,83,89
2021-08-19T23:59:59+02:00,156,155,3287,3147,8941,6637,8530,5941,7504,7790,5123,5602,1857,2244,1191,1608,328,884,99,92,2679,2565,7732,5738,7626,5258,6738,6987,4654,5099,1729,2106,1125,1522,289,822,46513,40278,7743,6894,9629,8122,8988,83,89
2021-08-18T23:59:59+02:00,155,153,3277,3137,8920,6618,8498,5928,7470,7772,5110,5593,1852,2242,1191,1608,327,883,97,90,2652,2545,7668,5701,7565,5222,6694,6954,4629,5075,1724,2101,1123,1522,289,822,46401,40029,7738,6840,9628,8110,8910,83,89
2021-08-17T23:59:59+02:00,154,153,3260,3126,8896,6591,8473,5912,7459,7748,5099,5580,1849,2240,1190,1607,326,883,93,87,2622,2528,7605,5651,7524,5184,6664,6913,4609,5054,1715,2096,1122,1518,288,822,46279,39751,7731,6799,9627,8102,8850,83,89
2021-08-16T23:59:59+02:00,152,152,3248,3114,8872,6576,8452,5905,7444,7732,5086,5567,1848,2239,1190,1607,326,883,86,85,2593,2498,7524,5607,7451,5150,6612,6870,4576,5029,1713,2092,1120,1517,288,822,46184,39369,7726,6783,9627,8090,8794,83,89
2021-08-15T23:59:59+02:00,151,151,3240,3100,8844,6566,8434,5895,7425,7718,5080,5555,1846,2236,1190,1606,326,883,78,82,2555,2462,7458,5573,7415,5122,6570,6839,4562,5016,1708,2086,1119,1515,288,822,46089,39068,7719,6762,9626,8083,8750,83,89
2021-08-14T23:59:59+02:00,150,151,3233,3095,8833,6563,8428,5894,7424,7714,5077,5553,1844,2235,1190,1605,326,883,78,80,2543,2453,7431,5560,7403,5111,6563,6824,4545,5006,1703,2083,1119,1513,288,821,46070,38963,7719,6748,9626,8082,8720,83,89
2021-08-13T23:59:59+02:00,150,150,3217,3091,8811,6555,8419,5881,7410,7700,5068,5544,1844,2231,1189,1604,326,883,77,78,2506,2433,7381,5529,7367,5085,6523,6793,4533,4991,1702,2079,1117,1513,288,821,45999,38722,7718,6733,9626,8081,8664,83,89
2021-08-12T23:59:59+02:00,148,145,3199,3083,8783,6537,8388,5862,7387,7678,5052,5529,1841,2230,1185,1602,326,883,76,77,2461,2397,7288,5480,7313,5045,6473,6743,4507,4961,1697,2076,1114,1512,287,821,45893,38387,7710,6699,9624,8055,8563,82,89
2021-08-11T23:59:59+02:00,146,143,3181,3066,8746,6509,8364,5849,7365,7658,5042,5514,1839,2228,1184,1601,326,883,74,75,2428,2364,7208,5418,7233,5000,6414,6678,4485,4922,1692,2067,1112,1510,287,819,45765,37943,7699,6663,9619,8048,8491,82,89
2021-08-10T23:59:59+02:00,146,142,3162,3054,8715,6497,8335,5829,7335,7642,5024,5505,1835,2228,1184,1599,326,882,73,71,2352,2306,7080,5355,7142,4928,6316,6612,4439,4897,1681,2059,1109,1507,287,818,45653,37305,7691,6636,9616,8033,8408,82,89
2021-08-09T23:59:59+02:00,143,142,3141,3044,8684,6474,8308,5818,7308,7623,5015,5491,1834,2227,1184,1599,326,881,69,70,2287,2241,6964,5273,7041,4883,6244,6553,4409,4861,1675,2049,1108,1506,287,818,45563,36790,7685,6574,9615,8010,8304,82,89
2021-08-08T23:59:59+02:00,143,141,3128,3036,8665,6466,8291,5805,7296,7614,5008,5487,1830,2227,1184,1599,326,881,69,69,2263,2213,6896,5239,6994,4856,6205,6530,4398,4844,1665,2045,1107,1504,287,818,45501,36553,7683,6528,9612,7999,8254,82,89
2021-08-07T23:59:59+02:00,142,140,3122,3029,8646,6453,8275,5793,7286,7604,5002,5482,1828,2227,1183,1599,326,881,66,62,2227,2191,6819,5188,6936,4821,6169,6492,4382,4830,1660,2043,1107,1501,287,818,45440,36227,7678,6500,9611,7991,8210,82,89
2021-08-06T23:59:59+02:00,142,139,3109,3018,8619,6441,8242,5769,7267,7579,4990,5468,1824,2225,1183,1598,326,881,60,58,2187,2150,6709,5116,6855,4785,6124,6452,4360,4809,1657,2040,1106,1498,287,818,45376,35854,7659,6473,9611,7975,8094,82,88
2021-08-05T23:59:59+02:00,141,137,3086,3002,8594,6416,8198,5750,7242,7553,4971,5445,1820,2222,1181,1594,326,880,56,54,2146,2099,6575,5004,6736,4729,6052,6385,4319,4768,1650,2033,1103,1496,287,818,45237,35350,7650,6377,9610,7916,7974,82,88
2021-08-04T23:59:59+02:00,138,133,3046,2980,8525,6378,8158,5722,7211,7524,4955,5429,1816,2217,1178,1593,326,880,56,48,2085,2061,6443,4932,6613,4673,5979,6317,4289,4729,1640,2026,1098,1493,287,817,45017,34824,7635,6326,9610,7882,7845,82,88
2021-08-03T23:59:59+02:00,136,132,3028,2960,8495,6361,8124,5703,7188,7498,4942,5414,1812,2216,1177,1590,326,880,53,48,2050,2032,6347,4862,6506,4619,5907,6258,4248,4683,1634,2019,1097,1491,287,817,44866,34331,7630,6280,9609,7857,7770,82,87
2021-08-02T23:59:59+02:00,136,132,3005,2934,8459,6337,8100,5690,7164,7482,4925,5404,1808,2212,1176,1590,325,880,52,47,2022,1996,6209,4767,6389,4555,5834,6203,4201,4649,1627,2004,1096,1488,286,816,44718,33737,7623,6237,9608,7833,7700,82,85
2021-08-01T23:59:59+02:00,136,131,2989,2918,8430,6314,8085,5673,7152,7474,4919,5395,1807,2211,1174,1590,325,880,50,46,1999,1974,6129,4715,6322,4506,5790,6178,4185,4628,1625,2001,1094,1485,286,816,44621,33421,7611,6208,9608,7809,7650,82,83
2021-07-31T23:59:59+02:00,134,130,2982,2911,8416,6308,8074,5669,7145,7465,4918,5392,1806,2211,1174,1590,325,880,47,35,1957,1932,6025,4648,6253,4457,5737,6141,4156,4605,1620,1998,1094,1484,286,816,44580,32922,7609,6195,9608,7802,7620,82,83
2021-07-30T23:59:59+02:00,130,128,2974,2902,8386,6292,8059,5653,7124,7449,4911,5385,1805,2209,1174,1589,325,880,43,34,1937,1907,5938,4602,6183,4401,5680,6091,4130,4586,1616,1996,1093,1481,286,816,44493,32537,7595,6167,9607,7791,7563,82,83
2021-07-29T23:59:59+02:00,128,126,2941,2884,8329,6253,8018,5607,7094,7408,4886,5365,1803,2204,1172,1588,325,880,38,30,1893,1877,5804,4494,6044,4324,5586,6005,4080,4535,1609,1986,1090,1479,286,816,44293,31931,7579,6107,9601,7752,7413,82,83
2021-07-28T23:59:59+02:00,125,123,2920,2870,8299,6225,7993,5581,7072,7384,4873,5349,1799,2202,1171,1586,324,879,37,27,1855,1832,5694,4417,5928,4250,5503,5931,4044,4501,1597,1978,1089,1477,286,815,44116,31357,7569,6049,9597,7704,7365,82,83
2021-07-27T23:59:59+02:00,121,122,2904,2851,8258,6208,7958,5561,7054,7366,4861,5336,1799,2200,1171,1585,323,879,35,27,1807,1800,5549,4326,5800,4168,5406,5863,4004,4450,1589,1967,1088,1474,285,814,43997,30739,7552,5968,9595,7659,7284,82,83
2021-07-26T23:59:59+02:00,119,120,2878,2835,8223,6184,7923,5544,7033,7344,4854,5325,1797,2199,1169,1585,323,879,35,27,1762,1742,5402,4258,5698,4099,5330,5791,3948,4415,1586,1955,1087,1469,284,813,43854,30148,7528,5895,9592,7608,7226,82,83
2021-07-25T23:59:59+02:00,113,118,2861,2822,8188,6163,7896,5536,7012,7326,4844,5319,1795,2196,1168,1584,323,878,32,24,1734,1716,5342,4211,5639,4066,5279,5754,3915,4391,1581,1950,1086,1468,284,812,43711,29847,7521,5860,9590,7569,7178,82,83
2021-07-24T23:59:59+02:00,113,116,2849,2808,8163,6150,7872,5522,6998,7313,4834,5314,1793,2193,1168,1584,323,878,31,24,1715,1692,5290,4187,5563,4016,5236,5729,3893,4383,1579,1948,1084,1465,284,811,43629,29631,7498,5766,9589,7568,7129,82,83
2021-07-23T23:59:59+02:00,111,114,2824,2787,8107,6128,7843,5498,6960,7287,4815,5300,1791,2189,1166,1584,323,878,27,21,1654,1655,5139,4077,5426,3948,5162,5658,3840,4352,1576,1938,1082,1460,283,811,43457,28956,7490,5737,9587,7547,7015,82,83
2021-07-22T23:59:59+02:00,108,111,2789,2758,8035,6079,7788,5461,6910,7238,4781,5276,1783,2182,1165,1583,323,877,26,20,1603,1617,4963,3996,5269,3867,5001,5576,3760,4298,1562,1927,1077,1458,282,810,43137,28284,7464,5585,9577,7476,6900,82,83
2021-07-21T23:59:59+02:00,107,108,2760,2744,7968,6046,7735,5423,6850,7198,4758,5252,1775,2175,1164,1580,323,875,26,18,1565,1568,4838,3909,5130,3801,4898,5470,3686,4256,1549,1915,1074,1457,282,808,42882,27786,7422,5369,9570,7416,6786,82,82
2021-07-20T23:59:59+02:00,107,108,2739,2720,7913,6013,7700,5393,6810,7157,4737,5232,1771,2171,1164,1579,323,874,25,18,1531,1533,4705,3831,5037,3746,4794,5390,3635,4224,1544,1905,1072,1456,282,807,42634,27269,7414,5290,9567,7357,6708,82,82
2021-07-19T23:59:59+02:00,106,108,2715,2695,7854,5971,7649,5374,6765,7124,4720,5215,1765,2164,1162,1575,322,873,24,15,1507,1505,4623,3777,4950,3707,4722,5328,3599,4195,1538,1897,1068,1453,280,806,42341,26935,7399,5159,9564,7316,6661,82,82
2021-07-18T23:59:59+02:00,106,105,2689,2670,7785,5939,7614,5347,6725,7087,4703,5205,1759,2157,1159,1575,321,872,22,15,1486,1480,4577,3737,4911,3673,4672,5300,3563,4180,1532,1888,1067,1453,280,804,42042,26716,7386,5079,9559,7289,6627,82,81
2021-07-17T23:59:59+02:00,101,101,2676,2652,7768,5926,7597,5329,6707,7071,4681,5193,1755,2156,1159,1574,321,870,22,15,1471,1465,4536,3706,4859,3647,4634,5268,3534,4168,1527,1885,1067,1451,280,804,41930,26535,7376,5020,9556,7281,6569,82,81
2021-07-16T23:59:59+02:00,101,98,2637,2629,7705,5890,7534,5288,6660,7029,4652,5166,1749,2150,1157,1573,321,870,21,14,1428,1433,4433,3646,4764,3601,4543,5212,3470,4123,1514,1877,1062,1449,280,803,41738,26170,7352,4981,9548,7213,6354,82,81
2021-07-15T23:59:59+02:00,98,94,2588,2603,7631,5856,7478,5248,6612,6975,4634,5138,1745,2145,1155,1570,320,870,19,14,1369,1399,4218,3530,4571,3495,4396,5113,3408,4057,1502,1867,1057,1444,279,803,41413,25428,7333,4746,9541,7143,6246,81,81
2021-07-14T23:59:59+02:00,97,91,2554,2586,7556,5826,7405,5213,6558,6926,4608,5116,1739,2138,1153,1568,320,870,18,14,1321,1357,4079,3436,4459,3424,4283,5041,3358,4012,1491,1855,1054,1440,279,803,41091,24886,7311,4637,9539,7064,6145,81,81
2021-07-13T23:59:59+02:00,93,88,2519,2557,7503,5793,7340,5169,6518,6874,4588,5098,1729,2132,1151,1568,320,870,17,12,1284,1314,3956,3331,4330,3352,4190,4952,3298,3952,1464,1847,1051,1433,278,801,40764,24362,7302,4479,9537,6950,6062,81,81
2021-07-12T23:59:59+02:00,88,88,2493,2529,7426,5751,7268,5123,6465,6832,4558,5072,1724,2129,1148,1568,320,870,16,12,1251,1288,3841,3241,4206,3279,4087,4868,3244,3905,1451,1837,1047,1425,278,801,40402,23872,7287,4348,9533,6858,5977,80,80
2021-07-11T23:59:59+02:00,82,85,2477,2513,7387,5724,7236,5097,6437,6812,4548,5065,1721,2125,1146,1568,319,870,16,12,1237,1269,3787,3193,4145,3242,4033,4838,3217,3891,1440,1824,1045,1421,277,801,40276,23675,7267,4306,9528,6795,5885,79,80
2021-07-10T23:59:59+02:00,81,84,2448,2478,7301,5684,7168,5058,6385,6777,4524,5053,1717,2121,1146,1565,319,869,16,12,1211,1250,3725,3150,4096,3212,3994,4806,3199,3877,1432,1816,1045,1419,277,801,40018,23480,7240,4305,9516,6780,5738,79,79
2021-07-09T23:59:59+02:00,80,81,2421,2459,7229,5646,7123,5030,6339,6746,4506,5030,1715,2115,1146,1564,319,869,12,8,1185,1232,3669,3098,4043,3165,3938,4765,3171,3847,1430,1800,1043,1417,277,801,39786,23219,7211,4268,9506,6723,5640,79,79
2021-07-08T23:59:59+02:00,75,78,2371,2411,7133,5580,7020,4978,6274,6681,4467,4996,1708,2104,1144,1561,318,869,10,8,1112,1176,3497,3006,3841,3084,3755,4668,3095,3784,1412,1783,1040,1408,276,800,39441,22689,7133,3973,9475,6576,5436,79,79
2021-07-07T23:59:59+02:00,75,77,2295,2359,7016,5504,6917,4922,6201,6623,4433,4948,1701,2095,1142,1557,317,869,10,8,1053,1134,3329,2914,3653,2992,3593,4561,3042,3720,1395,1752,1033,1400,276,798,38941,22082,7088,3713,9449,6490,5274,79,79
2021-07-06T23:59:59+02:00,72,76,2244,2319,6907,5448,6828,4878,6145,6553,4394,4913,1692,2089,1139,1553,317,869,10,8,1013,1089,3211,2810,3562,2929,3518,4469,2988,3658,1369,1720,1028,1392,276,798,38487,21557,7033,3607,9432,6394,5169,79,78
2021-07-05T23:59:59+02:00,70,76,2174,2268,6762,5373,6707,4839,6074,6494,4356,4874,1686,2081,1137,1551,317,867,10,8,969,1050,3098,2735,3481,2883,3440,4395,2943,3601,1349,1701,1021,1382,276,796,37984,21163,6981,3528,9404,6303,5008,78,77
2021-07-04T23:59:59+02:00,70,74,2133,2219,6672,5322,6667,4809,6031,6471,4339,4851,1683,2078,1137,1549,317,866,9,8,929,1022,3030,2676,3442,2853,3406,4361,2916,3576,1334,1680,1019,1380,275,796,37765,21000,6939,3469,9379,6224,4871,78,77
2021-07-03T23:59:59+02:00,66,60,2031,2133,6449,5156,6513,4719,5943,6383,4287,4818,1678,2072,1136,1545,317,866,9,8,890,991,2952,2625,3382,2821,3362,4312,2883,3545,1328,1675,1018,1376,275,794,36896,20787,6903,3463,9372,6199,4645,78,77
2021-07-02T23:59:59+02:00,57,52,1986,2089,6365,5106,6469,4689,5920,6355,4270,4799,1676,2066,1134,1544,316,866,9,8,867,962,2880,2571,3309,2774,3314,4259,2853,3506,1310,1656,1012,1370,275,791,36584,20458,6868,3437,9366,6094,4575,77,77
2021-07-01T23:59:59+02:00,53,45,1928,2048,6252,5028,6383,4639,5838,6284,4242,4768,1673,2060,1133,1543,314,865,9,8,786,908,2677,2479,3113,2684,3128,4134,2751,3411,1283,1632,1002,1353,275,789,36137,19613,6814,3205,9349,5987,4422,77,77
2021-06-30T23:59:59+02:00,53,44,1877,1991,6118,4939,6276,4587,5776,6238,4227,4742,1669,2051,1131,1540,314,865,9,7,747,872,2560,2397,2994,2625,3015,4038,2679,3333,1255,1604,994,1342,274,788,35681,19107,6749,3074,9333,5848,4286,76,77
2021-06-29T23:59:59+02:00,51,43,1808,1906,5987,4845,6178,4526,5714,6176,4198,4710,1662,2046,1129,1539,314,864,8,7,712,824,2460,2306,2914,2559,2906,3917,2621,3278,1237,1569,982,1331,274,785,35092,18578,6713,2992,9324,5723,4159,75,77
2021-06-28T23:59:59+02:00,49,41,1771,1846,5859,4772,6103,4472,5670,6136,4169,4684,1660,2036,1128,1538,314,864,8,7,694,791,2348,2224,2831,2494,2825,3829,2574,3231,1218,1552,975,1325,274,783,34645,18206,6653,2833,9314,5616,4075,75,77
2021-06-27T23:59:59+02:00,49,40,1741,1816,5808,4729,6062,4435,5622,6121,4157,4669,1658,2032,1128,1537,314,864,7,6,676,770,2292,2179,2788,2461,2776,3785,2543,3210,1207,1539,973,1316,274,783,34438,18031,6620,2772,9292,5518,4003,75,77
2021-06-26T23:59:59+02:00,42,34,1707,1786,5734,4681,5970,4388,5581,6088,4138,4653,1657,2030,1128,1535,314,864,7,6,668,758,2253,2148,2749,2435,2755,3758,2517,3189,1190,1529,972,1313,274,783,34064,17773,6531,2767,9292,5498,4002,75,75
2021-06-25T23:59:59+02:00,36,28,1667,1743,5620,4606,5910,4359,5540,6063,4114,4642,1654,2029,1126,1534,313,864,6,6,659,736,2197,2111,2679,2363,2644,3625,2472,3086,1180,1506,969,1310,273,782,33614,17281,6500,2735,9291,5315,3995,75,75
2021-06-24T23:59:59+02:00,28,23,1614,1690,5435,4493,5777,4302,5436,6017,4071,4616,1650,2024,1126,1533,312,864,6,6,617,712,2071,2034,2483,2286,2467,3537,2363,2992,1148,1481,960,1303,272,779,32944,16738,6437,2359,9281,5231,3880,75,75
2021-06-23T23:59:59+02:00,27,23,1578,1644,5333,4430,5692,4244,5386,5971,4049,4580,1640,2018,1124,1530,311,864,6,6,585,686,1998,1962,2366,2231,2346,3439,2258,2902,1121,1458,953,1293,271,778,32462,16132,6383,2272,9274,5082,3845,75,75
2021-06-22T23:59:59+02:00,27,23,1547,1626,5251,4355,5603,4193,5334,5923,4024,4555,1634,2012,1123,1528,311,864,6,6,567,662,1924,1906,2274,2171,2258,3331,2152,2811,1103,1435,943,1281,270,773,32011,15665,6336,2127,9269,4912,3817,75,74
2021-06-21T23:59:59+02:00,26,23,1513,1582,5117,4263,5516,4149,5260,5861,3994,4530,1629,1999,1122,1523,310,862,6,6,547,642,1881,1861,2233,2127,2203,3241,2081,2728,1084,1405,919,1259,270,769,31437,15342,6292,2024,9261,4759,3773,75,74
2021-06-20T23:59:59+02:00,25,21,1482,1547,5039,4187,5464,4126,5224,5840,3969,4519,1626,1998,1121,1523,309,862,6,6,530,625,1847,1830,2206,2103,2171,3212,2038,2688,1072,1389,915,1250,270,768,31120,15142,6252,1983,9247,4689,3737,75,73
2021-06-19T23:59:59+02:00,24,21,1464,1527,4990,4152,5438,4098,5195,5814,3948,4508,1619,1996,1121,1522,309,862,6,6,521,619,1824,1801,2183,2074,2157,3187,2012,2648,1063,1381,911,1249,268,767,30927,14950,6182,1950,9247,4682,3714,75,72
2021-06-18T23:59:59+02:00,19,17,1436,1506,4905,4104,5382,4053,5147,5776,3922,4496,1616,1993,1118,1520,309,862,6,6,506,608,1803,1783,2154,2040,2106,3138,1956,2591,1049,1365,909,1244,267,765,30560,14622,6133,1947,9245,4627,3701,75,72
2021-06-17T23:59:59+02:00,16,16,1396,1463,4726,4015,5184,3972,4967,5682,3864,4450,1609,1990,1118,1519,308,862,6,6,466,585,1699,1744,1965,1975,1941,3034,1850,2505,1023,1347,896,1233,265,763,29904,14131,6066,1830,9237,4532,3391,75,72
2021-06-16T23:59:59+02:00,15,15,1364,1429,4617,3928,5080,3914,4862,5618,3817,4424,1602,1986,1117,1515,308,861,6,6,446,560,1634,1700,1899,1938,1851,2946,1788,2423,1005,1319,886,1218,265,759,29395,13683,5944,1757,9223,4442,3331,75,72
2021-06-15T23:59:59+02:00,15,15,1328,1395,4476,3830,5001,3845,4784,5547,3775,4391,1591,1979,1112,1512,308,860,6,6,431,534,1574,1644,1840,1892,1778,2890,1711,2354,987,1293,879,1206,264,758,28799,13323,5910,1667,9208,4364,3246,75,72
2021-06-14T23:59:59+02:00,15,13,1301,1351,4370,3767,4916,3791,4699,5469,3720,4363,1587,1970,1110,1507,306,859,6,6,422,521,1520,1606,1787,1856,1722,2820,1652,2302,976,1269,874,1199,263,757,28296,13055,5810,1585,9204,4277,3184,75,71
2021-06-13T23:59:59+02:00,14,13,1283,1332,4321,3729,4866,3748,4648,5425,3701,4345,1586,1964,1110,1505,306,858,6,6,414,513,1484,1588,1747,1832,1680,2783,1616,2257,957,1249,871,1187,263,755,28030,12870,5774,1558,9199,4193,3122,75,71
2021-06-12T23:59:59+02:00,14,12,1269,1306,4285,3708,4834,3722,4629,5408,3688,4334,1584,1960,1108,1504,306,857,6,6,411,509,1471,1567,1719,1806,1658,2762,1587,2236,949,1240,860,1184,263,754,27824,12716,5763,1556,9198,4131,3109,75,70
2021-06-11T23:59:59+02:00,13,12,1250,1290,4244,3658,4758,3698,4583,5370,3658,4322,1583,1958,1107,1501,306,856,6,6,400,495,1446,1525,1687,1785,1615,2716,1538,2193,937,1225,856,1179,263,752,27509,12457,5731,1548,9193,4049,3086,75,70
2021-06-10T23:59:59+02:00,13,10,1188,1231,4107,3569,4620,3615,4481,5299,3606,4283,1578,1950,1105,1500,306,856,6,6,379,474,1373,1478,1610,1726,1544,2638,1448,2089,908,1191,852,1170,261,749,26871,11989,5584,1534,9172,3872,3008,75,69
2021-06-09T23:59:59+02:00,12,8,1137,1191,3950,3458,4479,3549,4391,5217,3558,4241,1571,1943,1103,1497,306,855,5,6,360,452,1308,1434,1544,1690,1487,2557,1369,2022,877,1139,843,1156,260,746,26339,11677,5395,1470,9161,3729,2864,75,69
2021-06-08T23:59:59+02:00,11,8,1079,1144,3798,3357,4352,3465,4278,5132,3506,4211,1565,1937,1100,1494,304,853,5,5,343,430,1258,1393,1485,1652,1426,2497,1320,1947,853,1101,832,1139,256,743,25730,11415,5248,1418,9150,3586,2737,73,67
2021-06-07T23:59:59+02:00,10,8,1050,1114,3683,3268,4213,3427,4153,5060,3449,4184,1552,1931,1099,1492,304,852,2,2,333,421,1211,1347,1423,1629,1374,2443,1249,1895,839,1082,819,1123,254,739,25309,11224,5057,1381,9144,3452,2589,73,66
2021-06-06T23:59:59+02:00,10,8,1027,1101,3620,3228,4129,3375,4075,5027,3415,4169,1550,1926,1096,1491,303,852,2,2,325,408,1191,1317,1388,1595,1349,2381,1219,1832,827,1066,811,1114,254,736,25091,11093,4907,1328,9130,3338,2508,73,66
2021-06-05T23:59:59+02:00,10,8,1012,1083,3531,3155,4073,3342,4039,5004,3404,4165,1548,1922,1096,1490,303,851,2,1,316,397,1169,1291,1367,1577,1324,2350,1184,1812,814,1042,810,1110,254,736,24767,10913,4899,1325,9126,3286,2468,72,65
2021-06-04T23:59:59+02:00,8,8,986,1063,3480,3097,3996,3299,3973,4948,3374,4143,1544,1918,1093,1490,303,851,2,1,305,389,1145,1259,1340,1558,1295,2304,1154,1782,797,1021,804,1105,254,733,24431,10760,4850,1319,9122,3223,2377,72,65
2021-06-03T23:59:59+02:00,7,7,941,1029,3313,2996,3795,3189,3796,4828,3280,4070,1535,1906,1089,1485,303,851,1,1,294,378,1102,1216,1278,1498,1223,2217,1087,1719,758,979,794,1091,254,732,23712,10520,4612,1298,9104,3051,2169,72,63
2021-06-02T23:59:59+02:00,7,7,913,1015,3235,2919,3735,3142,3732,4765,3238,4042,1532,1900,1088,1484,303,851,1,1,283,368,1071,1192,1231,1477,1177,2174,1032,1672,742,945,790,1085,254,731,23325,10286,4591,1284,9104,3010,2051,72,63
2021-06-01T23:59:59+02:00,7,7,861,975,3060,2795,3542,3043,3564,4661,3176,3981,1522,1891,1085,1478,303,850,0,1,270,352,983,1130,1132,1419,1092,2065,981,1591,708,894,784,1076,253,725,22677,9990,4359,1249,9091,2803,1802,72,61
2021-05-31T23:59:59+02:00,7,6,822,946,2933,2708,3389,2945,3453,4567,3122,3927,1516,1878,1082,1474,303,850,0,1,255,332,942,1085,1059,1364,1043,1985,940,1531,688,868,777,1071,252,725,22252,9802,4113,1234,9069,2662,1596,72,60
2021-05-30T23:59:59+02:00,7,6,811,935,2870,2658,3318,2905,3395,4522,3097,3905,1512,1871,1082,1474,303,849,0,1,245,315,897,1034,1003,1322,996,1923,911,1471,675,852,774,1061,252,724,22087,9691,4049,1224,9055,2486,1421,72,60
2021-05-29T23:59:59+02:00,7,6,808,932,2849,2641,3294,2889,3376,4507,3089,3896,1510,1870,1082,1474,303,849,0,1,242,304,892,1019,984,1293,980,1873,897,1439,662,830,770,1056,251,724,21953,9594,4047,1222,9052,2344,1420,71,60
2021-05-28T23:59:59+02:00,7,6,797,918,2810,2596,3243,2857,3347,4483,3079,3880,1510,1867,1080,1468,303,849,0,1,236,294,878,999,972,1268,965,1829,865,1398,643,799,766,1048,250,722,21684,9403,4032,1217,9050,2254,1415,71,59
2021-05-27T23:59:59+02:00,7,6,748,892,2673,2527,3097,2785,3198,4399,2994,3828,1501,1857,1078,1466,302,847,0,0,221,276,817,945,886,1207,872,1729,794,1311,617,766,756,1032,249,720,21165,9180,3885,1179,9016,1985,1197,71,56
2021-05-26T23:59:59+02:00,7,6,712,855,2561,2445,2932,2715,3069,4328,2944,3779,1489,1847,1077,1459,300,842,0,0,211,257,771,898,836,1168,828,1656,752,1249,601,741,738,999,247,717,20723,8943,3626,1163,8988,1837,1063,71,56
2021-05-25T23:59:59+02:00,7,6,687,832,2463,2382,2824,2668,2965,4243,2896,3739,1477,1839,1074,1455,300,840,0,0,198,244,741,865,801,1130,789,1595,699,1186,579,719,716,972,246,715,20333,8715,3442,1126,8943,1692,999,70,51
2021-05-24T23:59:59+02:00,7,6,670,808,2402,2336,2748,2633,2891,4184,2842,3696,1465,1832,1067,1454,300,838,0,0,192,236,712,843,772,1096,752,1537,673,1133,563,705,709,966,246,713,20123,8609,3260,1112,8908,1570,895,70,49
2021-05-23T23:59:59+02:00,7,6,667,807,2382,2319,2732,2618,2879,4168,2829,3679,1462,1828,1067,1452,300,838,0,0,190,234,704,834,758,1089,736,1527,659,1123,559,698,706,960,245,710,19989,8519,3254,1103,8907,1558,893,70,45
2021-05-22T23:59:59+02:00,7,6,660,794,2351,2294,2691,2594,2853,4136,2793,3650,1456,1824,1067,1450,300,837,0,0,188,226,694,828,751,1076,720,1518,652,1116,549,687,700,948,244,710,19719,8449,3253,1102,8904,1512,882,70,44
2021-05-21T23:59:59+02:00,7,6,646,779,2261,2254,2602,2542,2776,4087,2750,3604,1450,1811,1065,1449,300,836,0,0,186,223,687,818,739,1066,706,1504,634,1095,535,661,693,940,244,708,19213,8351,3228,1099,8882,1450,876,70,44
2021-05-20T23:59:59+02:00,7,6,610,752,2135,2174,2461,2461,2640,3982,2669,3520,1434,1795,1063,1439,300,835,0,0,176,212,654,774,702,1025,673,1446,610,1031,516,632,686,931,243,707,18519,8221,3101,1087,8803,1234,803,70,41
2021-05-19T23:59:59+02:00,6,6,570,712,2016,2081,2310,2385,2497,3880,2566,3422,1414,1777,1055,1436,298,835,0,0,162,204,621,749,669,990,635,1389,584,971,500,609,675,908,242,705,17724,8052,3018,1066,8759,1127,680,70,41
2021-05-18T23:59:59+02:00,6,5,537,691,1929,1994,2201,2323,2377,3758,2468,3330,1402,1757,1047,1429,298,831,0,0,155,195,599,718,639,956,617,1311,564,906,479,579,667,895,241,701,17178,7916,2834,1026,8698,1016,569,70,41
2021-05-17T23:59:59+02:00,4,2,511,676,1866,1953,2142,2270,2295,3637,2405,3255,1383,1738,1040,1422,298,829,0,0,149,187,578,703,630,917,603,1246,545,848,462,547,664,887,241,700,16852,7835,2663,992,8627,910,466,69,41
2021-05-16T23:59:59+02:00,3,2,505,675,1836,1923,2097,2238,2251,3585,2347,3192,1368,1729,1038,1416,298,828,0,0,144,186,567,682,614,899,585,1199,529,810,437,515,662,884,241,699,16652,7781,2591,961,8578,822,377,68,39
2021-05-15T23:59:59+02:00,3,1,499,669,1805,1902,2077,2213,2231,3560,2321,3150,1360,1727,1037,1413,297,828,0,0,142,182,564,681,613,894,579,1194,523,798,433,513,660,882,241,699,16426,7746,2587,959,8569,809,372,68,39
2021-05-14T23:59:59+02:00,3,1,482,653,1775,1860,2032,2169,2140,3489,2278,3108,1352,1717,1035,1413,295,828,0,0,138,176,558,664,593,870,558,1158,506,782,417,498,655,876,240,697,16034,7680,2543,944,8547,699,345,68,39
2021-05-13T23:59:59+02:00,2,1,453,625,1695,1808,1912,2113,2020,3402,2210,3015,1326,1697,1027,1410,293,824,0,0,132,173,543,656,583,853,546,1137,489,768,398,469,641,851,240,692,15587,7586,2263,899,8493,657,309,67,38
2021-05-12T23:59:59+02:00,2,1,444,619,1675,1793,1894,2100,1994,3376,2194,2999,1322,1692,1023,1408,293,823,0,0,132,171,539,656,582,846,543,1131,487,760,392,457,639,845,240,692,15434,7540,2237,890,8485,654,307,65,38
2021-05-11T23:59:59+02:00,2,1,422,596,1589,1752,1779,2058,1879,3282,2084,2929,1308,1666,1019,1399,293,823,0,0,126,161,519,619,561,819,523,1097,456,738,370,429,629,839,240,692,15001,7435,2050,862,8367,551,240,65,38
2021-05-10T23:59:59+02:00,2,1,403,578,1539,1717,1722,2023,1800,3215,2025,2862,1300,1652,1013,1392,293,820,0,0,126,158,513,612,549,795,514,1071,450,717,362,416,627,836,240,691,14705,7384,1964,854,8236,494,214,64,36
2021-05-09T23:59:59+02:00,2,1,396,566,1491,1690,1683,2003,1753,3175,1960,2821,1286,1638,1011,1387,293,818,0,0,121,155,506,603,537,786,504,1060,440,705,352,404,622,831,240,690,14453,7345,1907,843,8178,444,189,63,35
2021-05-08T23:59:59+02:00,2,1,391,560,1477,1666,1644,1981,1728,3150,1927,2800,1279,1631,1008,1386,292,818,0,0,120,155,503,603,534,785,502,1054,440,699,351,402,618,822,240,690,14226,7325,1899,838,8174,433,187,63,33
2021-05-07T23:59:59+02:00,2,1,378,552,1446,1634,1590,1960,1666,3083,1878,2748,1271,1622,1006,1381,292,814,0,0,116,151,492,588,522,758,490,1019,423,673,348,381,603,810,240,688,13930,7272,1869,812,8107,329,151,63,31
2021-05-06T23:59:59+02:00,2,1,353,538,1346,1585,1474,1896,1521,2964,1737,2650,1239,1591,1003,1370,292,811,0,0,114,146,477,570,510,739,478,994,406,651,339,366,589,795,240,685,13404,7207,1678,791,7871,239,120,61,29
2021-05-05T23:59:59+02:00,2,1,338,523,1303,1553,1426,1852,1452,2893,1652,2564,1220,1567,996,1357,292,806,0,0,113,142,465,559,505,726,470,983,400,633,321,354,571,778,240,684,12957,7131,1612,771,7804,189,112,61,26
2021-05-04T23:59:59+02:00,2,1,328,509,1247,1515,1387,1822,1401,2844,1594,2502,1201,1538,990,1344,291,801,0,0,109,138,454,544,501,719,457,963,388,616,309,338,561,757,240,684,12608,7048,1547,744,7745,147,98,57,25
2021-05-03T23:59:59+02:00,2,1,321,501,1204,1490,1347,1800,1367,2805,1551,2462,1181,1512,984,1337,289,797,0,0,101,134,443,535,490,711,450,955,378,607,297,330,545,740,239,682,12333,6961,1522,735,7693,127,72,57,24
2021-05-02T23:59:59+02:00,2,1,317,500,1188,1474,1314,1780,1337,2784,1538,2437,1172,1498,981,1336,289,795,0,0,98,133,436,527,484,705,443,948,375,604,293,322,526,729,239,682,12188,6917,1506,715,7654,111,56,56,22
2021-05-01T23:59:59+02:00,2,1,313,494,1178,1466,1303,1766,1322,2772,1517,2420,1166,1492,979,1332,289,794,0,0,97,132,436,526,481,705,441,945,375,602,291,322,526,729,239,682,12048,6905,1503,715,7652,108,55,56,21
2021-04-30T23:59:59+02:00,2,1,308,485,1166,1439,1276,1746,1291,2706,1462,2369,1152,1474,974,1329,289,791,0,0,96,129,433,521,478,698,439,919,370,592,286,315,523,724,239,681,11733,6886,1498,704,7646,82,25,56,20
2021-04-29T23:59:59+02:00,2,0,292,470,1108,1404,1222,1705,1239,2647,1370,2300,1109,1431,969,1321,288,789,0,0,96,127,428,519,473,693,431,907,361,584,277,305,512,714,238,677,11238,6826,1456,684,7576,59,23,53,20
2021-04-28T23:59:59+02:00,2,0,280,464,1090,1384,1191,1690,1204,2607,1299,2244,1076,1377,959,1319,288,787,0,0,92,124,423,515,466,683,423,898,356,571,262,287,501,701,237,676,10936,6749,1403,647,7516,44,22,53,19
2021-04-27T23:59:59+02:00,2,0,276,454,1069,1365,1170,1678,1176,2583,1273,2215,1050,1340,953,1313,288,784,0,0,90,121,418,509,463,675,419,892,348,565,257,279,491,682,236,675,10730,6693,1374,618,7475,37,21,48,16
2021-04-26T23:59:59+02:00,2,0,273,448,1060,1354,1160,1662,1144,2565,1223,2166,1032,1320,947,1306,287,783,0,0,90,121,414,502,463,671,415,888,346,559,250,271,481,673,236,675,10548,6654,1358,594,7409,34,21,47,16
2021-04-25T23:59:59+02:00,2,0,272,445,1050,1339,1140,1653,1124,2547,1194,2138,1010,1298,944,1299,287,783,0,0,89,118,412,492,460,671,414,883,345,558,249,267,476,664,236,674,10415,6631,1332,578,7359,26,21,43,16
2021-04-24T23:59:59+02:00,2,0,266,440,1035,1325,1127,1637,1108,2528,1166,2120,1001,1274,941,1296,287,783,0,0,89,118,412,492,458,671,414,880,344,555,248,266,475,661,236,674,10240,6624,1332,570,7335,25,21,41,16
2021-04-23T23:59:59+02:00,2,0,264,430,1024,1309,1115,1627,1090,2506,1109,2075,978,1249,939,1289,287,780,0,0,88,117,412,491,456,670,413,878,341,552,244,261,470,656,236,674,10074,6601,1317,558,7240,25,21,40,15
2021-04-22T23:59:59+02:00,2,0,260,419,1000,1285,1093,1604,1052,2463,1059,2012,949,1207,931,1276,287,776,0,0,88,116,409,486,450,663,408,869,338,546,238,256,461,646,235,672,9790,6544,1267,544,7165,18,21,39,14
2021-04-21T23:59:59+02:00,2,0,255,415,975,1264,1068,1585,1016,2427,1013,1963,913,1157,921,1260,286,773,0,0,87,114,407,485,448,659,404,862,333,536,234,250,450,631,234,669,9484,6488,1242,523,7103,18,21,39,12
2021-04-20T23:59:59+02:00,2,0,248,409,956,1235,1048,1561,991,2374,973,1907,866,1093,907,1244,284,771,0,0,86,114,405,482,445,652,398,855,329,529,228,242,438,612,233,669,9195,6421,1171,506,7031,17,21,39,11
2021-04-19T23:59:59+02:00,2,0,245,398,935,1222,1035,1541,975,2341,943,1867,840,1063,903,1237,284,768,0,0,85,113,404,480,440,646,394,845,324,519,228,237,428,593,231,664,9011,6358,1152,486,6961,14,20,38,11
2021-04-18T23:59:59+02:00,2,0,243,394,925,1211,1020,1531,954,2323,920,1845,814,1023,901,1232,283,766,0,0,84,111,399,478,440,644,393,842,323,516,227,233,422,589,231,664,8878,6336,1122,472,6903,14,20,38,11
2021-04-17T23:59:59+02:00,2,0,242,389,923,1207,1012,1527,945,2313,915,1839,797,997,898,1226,283,766,0,0,84,108,396,474,438,644,390,837,323,511,225,229,416,582,231,663,8802,6292,1120,471,6874,13,20,38,11
2021-04-16T23:59:59+02:00,2,0,240,388,910,1203,999,1507,930,2290,885,1799,758,940,889,1216,282,763,0,0,80,105,393,466,435,642,378,824,317,499,211,214,412,573,228,660,8606,6217,1105,431,6801,12,20,38,10
2021-04-15T23:59:59+02:00,2,0,238,381,884,1185,981,1491,903,2242,840,1760,723,893,877,1197,282,759,0,0,78,103,390,458,429,633,370,816,310,496,203,208,394,549,225,654,8371,6125,1092,401,6678,11,20,37,10
2021-04-14T23:59:59+02:00,2,0,236,373,872,1173,969,1476,888,2206,822,1729,682,849,846,1152,282,755,0,0,75,98,384,453,416,620,365,805,299,488,193,191,377,529,223,649,8135,6005,1072,368,6602,11,20,35,10
2021-04-13T23:59:59+02:00,2,0,232,369,859,1166,960,1465,875,2180,793,1698,626,794,825,1120,281,751,0,0,71,93,374,444,395,604,347,788,291,483,190,187,363,516,222,646,7965,5884,1023,339,6501,9,20,33,10
2021-04-12T23:59:59+02:00,2,0,230,368,853,1159,950,1448,848,2158,775,1676,595,764,814,1103,281,749,0,0,70,89,359,436,390,597,342,780,283,476,183,181,355,506,221,639,7860,5798,1002,313,6404,9,20,29,9
2021-04-11T23:59:59+02:00,1,0,226,366,843,1147,940,1441,833,2142,761,1657,577,738,807,1081,280,746,0,0,69,87,353,432,384,595,338,776,280,470,178,173,347,503,219,638,7795,5742,981,301,6302,7,20,26,9
2021-04-10T23:59:59+02:00,1,0,226,364,842,1143,935,1439,821,2132,751,1648,570,722,799,1067,279,746,0,0,65,79,327,415,362,580,325,761,266,461,171,165,341,488,218,636,7733,5557,975,295,6268,7,19,25,9
2021-04-09T23:59:59+02:00,1,0,226,360,832,1138,918,1414,811,2050,735,1562,533,659,778,1044,277,741,0,0,56,74,308,403,345,567,308,746,254,448,162,159,321,467,214,628,7603,5358,949,286,6014,7,15,22,9
2021-04-08T23:59:59+02:00,1,0,222,357,825,1131,905,1406,797,2029,710,1542,489,594,747,1021,275,737,0,0,54,71,296,385,329,553,294,731,240,429,153,143,305,449,212,610,7479,5155,906,273,5885,7,14,22,9
2021-04-07T23:59:59+02:00,1,0,216,352,814,1120,887,1388,776,1999,689,1509,450,551,718,983,272,733,0,0,52,68,276,369,319,547,286,718,230,415,139,133,285,429,206,600,7328,4982,871,258,5729,7,14,21,8
2021-04-06T23:59:59+02:00,1,0,213,350,806,1113,873,1369,756,1974,661,1484,423,512,693,951,271,730,0,0,50,66,275,364,315,545,277,713,226,408,134,129,276,409,201,590,7228,4908,843,239,5573,6,14,19,8
2021-04-05T23:59:59+02:00,1,0,213,349,801,1106,865,1357,747,1956,654,1468,402,491,676,926,271,729,0,0,50,65,274,360,314,541,273,707,222,407,133,126,263,387,196,582,7183,4843,831,224,5456,6,14,19,8
2021-04-04T23:59:59+02:00,1,0,212,345,797,1096,859,1347,737,1938,647,1449,390,479,673,921,271,729,0,0,50,64,273,359,313,541,272,707,221,407,131,125,254,374,192,580,7157,4808,826,223,5368,6,12,19,8
2021-04-03T23:59:59+02:00,1,0,212,345,795,1096,857,1345,737,1933,640,1446,382,473,670,912,271,728,0,0,50,64,273,359,313,541,272,706,221,405,131,125,254,372,192,578,7121,4801,826,223,5354,6,12,19,8
2021-04-02T23:59:59+02:00,1,0,211,343,794,1093,855,1343,732,1923,632,1435,372,464,657,901,270,727,0,0,50,63,270,357,309,539,268,698,216,396,129,124,247,353,191,565,7065,4721,819,220,5326,6,12,17,8
2021-04-01T23:59:59+02:00,1,0,208,340,788,1079,843,1329,725,1903,618,1416,357,439,624,868,269,721,0,0,48,62,262,350,304,535,266,690,214,391,121,122,231,328,188,544,6973,4610,774,213,5234,5,10,17,8
2021-03-31T23:59:59+02:00,1,0,204,338,779,1070,833,1315,715,1855,608,1375,346,426,600,822,266,718,0,0,48,62,261,349,299,532,262,688,208,387,116,119,217,301,186,523,6897,4522,727,205,5098,5,8,17,8
2021-03-30T23:59:59+02:00,1,0,201,332,773,1060,827,1291,701,1814,598,1330,333,410,575,785,264,718,0,0,48,61,258,345,294,529,261,683,205,381,113,117,207,282,182,509,6814,4440,689,200,4961,5,8,15,8
2021-03-29T23:59:59+02:00,1,0,197,327,768,1043,822,1277,691,1783,588,1291,329,396,548,747,262,711,0,0,48,59,255,343,293,527,260,679,202,374,109,115,197,270,176,497,6708,4376,667,194,4855,3,8,15,8
2021-03-28T23:59:59+02:00,1,0,191,310,758,1032,813,1268,686,1761,585,1273,327,381,521,720,260,709,0,0,48,58,252,342,290,521,256,676,200,371,106,113,190,261,173,496,6661,4331,633,188,4746,3,8,15,8
2021-03-27T23:59:59+01:00,1,0,191,307,752,1026,808,1264,680,1749,583,1264,323,372,514,710,260,708,0,0,48,58,252,342,290,521,252,670,197,367,104,112,186,254,169,486,6618,4293,625,181,4708,3,8,15,8
2021-03-26T23:59:59+01:00,1,0,187,305,740,1011,799,1246,666,1732,574,1241,315,361,510,696,258,704,0,0,46,58,251,342,289,518,252,669,191,355,99,105,175,237,162,475,6549,4211,607,180,4623,3,6,15,8
2021-03-25T23:59:59+01:00,1,0,183,303,731,996,777,1217,647,1695,563,1200,307,348,493,671,256,700,0,0,46,57,248,337,285,517,245,666,191,354,93,104,158,215,155,450,6466,4112,593,171,4458,3,6,15,8
2021-03-24T23:59:59+01:00,1,0,180,296,721,982,767,1201,636,1658,547,1167,296,334,473,647,253,697,0,0,46,57,246,335,283,515,243,666,187,350,91,101,143,208,149,417,6383,4035,568,164,4329,2,6,15,8
2021-03-23T23:59:59+01:00,1,0,176,291,713,966,749,1182,624,1633,532,1129,290,322,453,631,248,694,0,0,45,57,244,333,280,512,238,660,185,346,87,96,137,200,139,391,6312,3951,550,159,4193,2,6,15,8
2021-03-22T23:59:59+01:00,1,0,172,280,693,942,727,1157,610,1596,517,1105,285,312,441,613,247,687,0,0,45,57,242,330,276,510,235,653,183,344,87,93,130,192,122,362,6226,3864,528,156,4047,1,6,15,8
2021-03-21T23:59:59+01:00,1,0,166,276,680,929,709,1144,597,1566,506,1071,278,304,426,605,245,685,0,0,45,57,239,330,274,508,234,652,181,342,86,90,128,191,117,359,6154,3842,508,152,3938,1,4,14,7
2021-03-20T23:59:59+01:00,1,0,164,275,671,924,704,1140,590,1560,503,1068,274,298,412,591,243,683,0,0,45,57,239,330,273,508,233,650,180,338,85,89,124,185,113,352,6116,3812,504,150,3889,1,4,13,7
2021-03-19T23:59:59+01:00,1,0,154,264,666,904,693,1133,583,1541,491,1055,259,277,396,567,237,675,0,0,43,57,238,329,272,507,231,643,179,334,82,86,116,175,109,333,6037,3747,464,148,3798,1,3,13,7
2021-03-18T23:59:59+01:00,1,0,149,257,646,886,675,1097,564,1488,473,1007,244,261,382,544,234,657,0,0,43,57,236,325,270,499,231,637,177,327,81,83,108,167,105,319,5945,3682,427,139,3585,1,3,13,7
2021-03-17T23:59:59+01:00,0,0,143,251,633,866,662,1090,559,1475,465,989,230,248,364,528,231,651,0,0,43,56,236,321,269,496,229,635,177,326,81,83,103,162,97,308,5849,3638,399,138,3519,1,3,12,7
2021-03-16T23:59:59+01:00,0,0,138,242,617,852,644,1079,547,1433,455,964,222,233,343,494,227,639,0,0,43,55,236,318,269,490,227,633,176,325,76,83,98,157,95,290,5754,3591,368,134,3381,1,2,12,7
2021-03-15T23:59:59+01:00,0,0,133,235,601,832,633,1057,536,1401,438,927,215,225,330,470,223,632,0,0,42,55,235,315,267,487,226,632,174,324,75,81,92,151,93,278,5658,3548,339,132,3259,1,1,11,7
2021-03-14T23:59:59+01:00,0,0,128,224,583,813,617,1036,527,1358,426,881,206,213,319,458,216,628,0,0,42,55,235,312,265,486,225,627,173,319,74,81,90,147,91,275,5586,3531,326,120,3084,1,0,10,7
2021-03-13T23:59:59+01:00,0,0,125,211,553,784,584,1010,502,1333,405,861,190,202,311,445,213,624,0,0,42,55,235,312,265,486,224,627,173,318,74,81,87,143,77,260,5382,3491,322,120,2990,1,0,10,7
2021-03-12T23:59:59+01:00,0,0,114,202,520,757,564,982,479,1295,381,827,174,191,286,414,211,604,0,0,42,55,235,311,264,486,224,627,173,317,68,80,83,137,74,253,5142,3459,315,120,2870,1,0,10,6
2021-03-11T23:59:59+01:00,0,0,106,192,486,710,523,944,440,1219,357,775,160,168,258,373,206,582,0,0,42,54,234,308,260,482,222,623,170,314,68,78,78,131,72,240,4890,3428,303,98,2605,1,0,8,5
2021-03-10T23:59:59+01:00,0,0,104,182,461,682,503,925,423,1180,340,734,144,152,241,342,201,549,0,0,41,54,232,303,256,476,219,617,170,311,65,77,74,129,70,231,4711,3386,289,86,2458,1,0,8,5
2021-03-09T23:59:59+01:00,0,0,104,177,447,651,473,895,408,1136,328,701,138,144,229,324,195,536,0,0,41,54,231,300,253,468,217,613,166,307,64,75,72,127,63,222,4624,3344,272,76,2271,1,0,8,4
2021-03-08T23:59:59+01:00,0,0,101,168,430,633,455,878,397,1084,318,660,134,136,214,303,190,523,0,0,41,54,231,296,250,463,212,608,159,303,61,74,67,124,62,221,4539,3314,256,58,2105,1,0,8,3
2021-03-07T23:59:59+01:00,0,0,98,164,423,620,444,862,387,1069,313,654,132,136,207,290,188,522,0,0,41,53,230,295,250,461,210,607,159,303,61,74,65,122,61,220,4491,3303,246,55,2043,0,0,8,3
2021-03-06T23:59:59+01:00,0,0,97,158,420,610,437,838,375,1018,303,622,130,135,201,282,186,517,0,0,41,53,230,295,249,460,210,606,159,303,61,74,63,122,60,215,4453,3298,246,49,1896,0,0,8,3
2021-03-05T23:59:59+01:00,0,0,95,152,414,597,433,829,372,1000,294,599,124,125,189,261,178,505,0,0,41,52,229,292,248,459,209,603,158,301,61,74,61,121,59,207,4369,3280,236,40,1820,0,0,8,3
2021-03-04T23:59:59+01:00,0,0,92,138,403,558,414,795,355,955,283,570,115,123,170,232,171,480,0,0,41,51,227,285,246,453,207,590,155,300,59,74,61,121,59,206,4262,3238,218,39,1628,0,0,8,3
2021-03-03T23:59:59+01:00,0,0,85,128,393,542,404,777,348,934,274,551,113,120,157,225,165,447,0,0,41,50,227,285,245,451,203,582,155,294,59,74,60,119,59,206,4188,3213,212,36,1510,0,0,8,3
2021-03-02T23:59:59+01:00,0,0,82,125,380,525,387,759,340,914,267,529,110,114,148,215,154,418,0,0,40,50,227,285,245,445,198,575,153,291,59,74,60,116,59,204,4093,3183,205,35,1410,0,0,8,3
2021-03-01T23:59:59+01:00,0,0,81,123,374,511,379,737,329,889,261,501,109,113,141,205,133,384,0,0,40,49,225,284,242,437,196,566,153,288,59,74,60,115,58,204,4003,3150,200,35,1303,0,0,8,3
2021-02-28T23:59:59+01:00,0,0,81,121,366,501,374,729,326,865,256,483,104,105,139,202,127,380,0,0,40,49,224,284,241,436,195,566,153,288,59,74,59,115,58,203,3977,3146,195,34,1220,0,0,8,2
2021-02-27T23:59:59+01:00,0,0,78,112,360,494,369,720,319,854,252,474,102,103,137,196,120,368,0,0,40,48,224,283,241,435,194,565,151,287,59,74,59,115,58,203,3940,3143,188,29,1159,0,0,8,2
2021-02-26T23:59:59+01:00,0,0,75,106,352,469,343,685,297,823,241,453,99,99,129,186,117,350,0,0,40,47,223,282,241,433,193,562,147,285,59,74,59,114,58,201,3884,3125,186,29,975,0,0,8,1
2021-02-25T23:59:59+01:00,0,0,66,94,338,446,331,656,289,795,230,429,94,99,121,179,114,338,0,0,40,47,221,278,236,430,191,554,142,284,59,72,57,112,57,201,3830,3094,178,21,820,0,0,8,1
2021-02-24T23:59:59+01:00,0,0,61,87,331,432,323,639,284,778,227,421,92,99,116,175,105,327,0,0,37,47,219,275,233,417,189,545,140,278,56,71,54,112,57,201,3786,3048,173,15,743,0,0,8,1
2021-02-23T23:59:59+01:00,0,0,59,78,316,412,313,621,278,759,221,413,87,97,111,171,103,306,0,0,35,47,218,273,230,410,188,539,135,275,55,71,54,108,57,199,3734,3014,168,11,642,0,0,8,1
2021-02-22T23:59:59+01:00,0,0,57,76,310,400,308,612,276,750,219,409,85,94,102,163,101,295,0,0,35,45,215,271,228,396,181,528,131,272,54,71,53,108,57,199,3688,2967,161,5,601,0,0,7,1
2021-02-21T23:59:59+01:00,0,0,56,75,303,394,305,602,271,741,214,406,84,92,101,161,99,293,0,0,35,44,213,269,227,393,180,519,130,271,54,71,53,108,57,198,3678,2943,158,5,551,0,0,6,1
2021-02-20T23:59:59+01:00,0,0,55,74,301,393,304,599,270,734,214,401,82,92,98,156,85,278,0,0,35,42,213,269,227,393,179,519,128,270,54,71,52,108,57,196,3638,2934,157,5,528,0,0,6,1
2021-02-19T23:59:59+01:00,0,0,54,74,298,387,297,577,259,708,212,389,78,89,93,148,82,270,0,0,35,41,213,269,226,392,179,518,128,270,54,71,51,107,56,194,3604,2925,155,5,439,0,0,5,1
2021-02-18T23:59:59+01:00,0,0,51,69,280,363,289,554,251,687,196,365,77,85,91,143,80,261,0,0,34,40,207,260,223,386,175,503,128,259,54,69,51,105,53,190,3573,2857,146,5,300,0,0,5,1
2021-02-17T23:59:59+01:00,0,0,51,67,273,357,287,538,243,674,192,344,75,83,86,141,78,252,0,0,32,39,203,253,216,372,171,485,125,248,50,67,51,102,52,186,3522,2768,145,4,244,0,0,5,1
2021-02-16T23:59:59+01:00,0,0,50,62,260,341,283,527,238,658,187,336,73,82,83,139,71,244,0,0,29,39,194,244,209,352,165,473,121,235,50,62,41,86,43,177,3482,2634,142,4,178,0,0,5,1
2021-02-15T23:59:59+01:00,0,0,50,61,255,338,276,515,235,652,183,330,71,82,78,135,70,243,0,0,28,38,185,236,204,344,159,463,116,228,47,59,41,81,39,170,3453,2551,141,4,145,0,0,5,1
2021-02-14T23:59:59+01:00,0,0,48,60,253,333,273,508,232,646,183,325,70,79,75,134,69,239,0,0,26,38,183,232,201,339,158,450,115,225,47,59,40,80,37,163,3440,2505,128,4,122,0,0,5,1
2021-02-13T23:59:59+01:00,0,0,47,60,253,333,271,508,232,645,183,325,70,79,74,134,69,238,0,0,26,38,182,231,198,339,157,449,114,222,46,58,39,79,36,158,3436,2485,128,2,120,0,0,5,1
2021-02-12T23:59:59+01:00,0,0,46,57,250,328,268,499,228,634,180,322,70,78,72,134,69,237,0,0,25,38,181,227,197,338,156,447,111,221,44,57,39,75,32,150,3425,2451,128,2,80,0,0,5,1
2021-02-11T23:59:59+01:00,0,0,45,55,243,305,262,482,221,611,168,312,67,77,70,132,69,231,0,0,25,35,163,204,190,307,147,404,106,201,39,55,34,64,29,133,3385,2241,104,1,18,0,0,5,0
2021-02-10T23:59:59+01:00,0,0,45,54,240,297,260,475,216,603,166,307,64,77,69,132,68,229,0,0,23,31,149,181,174,267,126,355,98,178,35,53,32,61,25,123,3352,2004,94,1,8,0,0,5,0
2021-02-09T23:59:59+01:00,0,0,43,53,239,294,258,465,211,595,163,304,63,77,69,130,68,229,0,0,23,29,130,155,158,243,112,312,92,152,28,48,31,48,22,109,3330,1774,78,1,4,0,0,5,0
2021-02-08T23:59:59+01:00,0,0,43,53,236,292,250,451,207,582,158,299,60,77,69,128,68,228,0,0,20,28,113,132,136,203,92,274,87,142,20,46,25,41,22,94,3283,1549,62,1,4,0,0,4,0
2021-02-07T23:59:59+01:00,0,0,43,52,233,291,248,450,206,579,157,298,60,77,68,127,68,227,0,0,19,22,108,121,126,191,87,254,82,132,20,43,24,33,22,87,3273,1442,58,1,0,0,0,3,0
2021-02-06T23:59:59+01:00,0,0,43,51,233,291,248,449,206,579,156,297,59,77,67,127,67,222,0,0,15,19,107,120,125,187,85,247,82,130,19,42,24,30,19,87,3268,1405,51,1,0,0,0,3,0
2021-02-05T23:59:59+01:00,0,0,42,49,233,291,248,448,205,577,154,296,59,77,67,126,66,212,0,0,13,16,98,112,121,182,84,243,82,122,18,42,24,26,17,84,3253,1347,42,0,0,0,0,3,0
2021-02-04T23:59:59+01:00,0,0,42,49,230,287,243,444,201,571,152,293,59,75,66,124,66,211,0,0,12,12,68,80,98,136,72,208,65,102,17,37,21,22,15,72,3214,1085,42,0,0,0,0,3,0
2021-02-03T23:59:59+01:00,0,0,41,48,230,284,242,432,199,565,151,290,59,74,65,123,66,211,0,0,9,7,53,61,75,111,54,162,55,73,13,17,17,16,10,56,3184,824,39,0,0,0,0,3,0
2021-02-02T23:59:59+01:00,0,0,40,48,229,281,238,426,198,559,147,289,58,74,63,120,64,208,0,0,7,5,36,42,59,81,43,104,45,51,11,14,12,11,5,39,3145,589,38,0,0,0,0,3,0
2021-02-01T23:59:59+01:00,0,0,39,46,227,281,233,420,194,553,144,282,58,73,61,119,64,208,0,0,5,3,28,22,32,49,29,65,27,29,9,9,8,5,2,22,3104,357,38,0,0,0,0,2,0
2021-01-31T23:59:59+01:00,0,0,39,46,226,280,231,414,192,545,143,281,58,73,60,118,64,207,0,0,5,3,25,17,23,38,23,53,21,25,9,6,7,5,2,20,3079,293,36,0,0,0,0,2,0
2021-01-30T23:59:59+01:00,0,0,39,46,226,280,231,413,191,545,143,281,58,73,59,118,64,204,0,0,5,3,23,16,21,38,21,49,20,24,7,5,7,4,2,19,3074,274,35,0,0,0,0,2,0
2021-01-29T23:59:59+01:00,0,0,39,46,226,278,230,412,190,544,141,279,58,73,58,117,63,203,0,0,5,1,17,11,16,30,18,43,16,22,6,4,6,4,2,18,3064,227,31,0,0,0,0,1,0
2021-01-28T23:59:59+01:00,0,0,39,45,216,275,229,407,188,535,139,275,58,73,57,116,61,202,0,0,5,1,7,3,9,17,10,25,9,10,3,2,4,1,0,17,3030,127,23,0,0,0,0,1,0
2021-01-27T23:59:59+01:00,0,0,38,44,212,268,225,397,186,521,136,266,55,71,57,113,60,199,0,0,2,1,5,3,8,15,9,22,8,10,3,2,2,1,0,13,2961,107,19,0,0,0,0,1,0
2021-01-26T23:59:59+01:00,0,0,34,44,209,256,220,384,182,503,132,259,54,66,51,106,52,191,0,0,2,1,4,3,8,15,9,21,8,10,3,2,2,1,0,10,2858,102,15,0,0,0,0,1,0
2021-01-25T23:59:59+01:00,0,0,34,43,199,252,217,373,179,492,128,249,52,64,50,103,46,189,0,0,2,1,3,3,6,13,8,18,8,10,3,2,2,0,0,8,2792,90,5,0,0,0,0,1,0
2021-01-24T23:59:59+01:00,0,0,33,42,196,249,215,372,178,490,128,248,52,64,48,100,45,188,0,0,2,1,2,3,5,13,8,18,8,10,3,2,2,0,0,8,2770,88,4,0,0,0,0,1,0
2021-01-23T23:59:59+01:00,0,0,33,42,196,249,213,372,178,490,128,248,52,63,48,99,45,185,0,0,2,1,2,3,5,12,8,17,7,10,3,2,2,0,0,8,2762,85,4,0,0,0,0,1,0
2021-01-22T23:59:59+01:00,0,0,31,41,195,245,212,372,178,488,126,248,52,63,48,99,43,179,0,0,2,0,2,3,4,12,8,16,7,10,3,2,2,0,0,8,2741,82,4,0,0,0,0,1,0
2021-01-21T23:59:59+01:00,0,0,27,39,183,231,206,356,174,467,124,235,50,63,44,90,42,175,0,0,2,0,2,3,1,7,7,11,5,6,3,2,1,0,0,6,2621,59,4,0,0,0,0,0,0
2021-01-20T23:59:59+01:00,0,0,26,36,165,206,188,312,144,412,114,212,45,60,41,85,36,160,0,0,2,0,2,3,1,7,7,10,5,4,3,2,1,0,0,6,2346,56,3,0,0,0,0,0,0
2021-01-19T23:59:59+01:00,0,0,26,33,138,179,171,276,135,370,108,190,33,53,32,70,32,145,0,0,1,0,1,3,1,5,4,8,3,3,2,0,1,0,0,3,2083,37,3,0,0,0,0,0,0
2021-01-18T23:59:59+01:00,0,0,21,32,124,158,149,235,118,322,101,166,29,50,29,58,30,124,0,0,1,0,1,1,0,2,3,6,2,3,1,0,1,0,0,3,1831,26,3,0,0,0,0,0,0
2021-01-17T23:59:59+01:00,0,0,19,23,118,143,141,222,109,295,96,155,29,44,29,51,28,109,0,0,1,0,0,0,0,1,1,4,2,2,1,0,1,0,0,0,1688,14,3,0,0,0,0,0,0
2021-01-16T23:59:59+01:00,0,0,16,21,115,141,139,217,106,285,95,148,26,43,28,45,22,106,0,0,0,0,0,0,0,0,0,0,0,0,0,0,0,0,0,0,1628,0,1,0,0,0,0,0,0
2021-01-15T23:59:59+01:00,0,0,13,18,109,132,135,211,103,276,94,138,25,43,28,40,21,103,0,0,0,0,0,0,0,0,0,0,0,0,0,0,0,0,0,0,1559,0,1,0,0,0,0,0,0
2021-01-14T23:59:59+01:00,0,0,11,14,85,100,116,172,87,236,81,121,19,38,25,32,20,87,0,0,0,0,0,0,0,0,0,0,0,0,0,0,0,0,0,0,1299,0,0,0,0,0,0,0,0
2021-01-13T23:59:59+01:00,0,0,9,13,71,88,102,143,79,194,75,96,18,24,21,24,18,69,0,0,0,0,0,0,0,0,0,0,0,0,0,0,0,0,0,0,1089,0,0,0,0,0,0,0,0
2021-01-12T23:59:59+01:00,0,0,7,9,58,70,84,114,71,138,63,74,14,19,17,20,9,52,0,0,0,0,0,0,0,0,0,0,0,0,0,0,0,0,0,0,857,0,0,0,0,0,0,0,0
2021-01-11T23:59:59+01:00,0,0,5,7,50,52,70,87,56,110,47,55,13,14,8,9,4,27,0,0,0,0,0,0,0,0,0,0,0,0,0,0,0,0,0,0,640,0,0,0,0,0,0,0,0
2021-01-10T23:59:59+01:00,0,0,5,7,45,41,52,70,42,88,39,47,12,9,7,9,4,23,0,0,0,0,0,0,0,0,0,0,0,0,0,0,0,0,0,0,517,0,0,0,0,0,0,0,0
2021-01-09T23:59:59+01:00,0,0,5,6,40,40,47,67,39,80,37,43,11,9,7,8,4,22,0,0,0,0,0,0,0,0,0,0,0,0,0,0,0,0,0,0,480,0,0,0,0,0,0,0,0
2021-01-08T23:59:59+01:00,0,0,5,5,32,32,41,58,30,67,31,38,8,6,5,7,3,20,0,0,0,0,0,0,0,0,0,0,0,0,0,0,0,0,0,0,400,0,0,0,0,0,0,0,0
2021-01-07T23:59:59+01:00,0,0,5,2,14,3,12,20,12,30,8,18,6,3,4,2,1,18,0,0,0,0,0,0,0,0,0,0,0,0,0,0,0,0,0,0,162,0,0,0,0,0,0,0,0
2021-01-06T23:59:59+01:00,0,0,5,1,7,3,7,17,9,24,7,10,4,3,2,2,1,15,0,0,0,0,0,0,0,0,0,0,0,0,0,0,0,0,0,0,121,0,0,0,0,0,0,0,0
2021-01-05T23:59:59+01:00,0,0,3,1,4,3,7,16,9,22,7,9,4,2,2,2,0,14,0,0,0,0,0,0,0,0,0,0,0,0,0,0,0,0,0,0,109,0,0,0,0,0,0,0,0
2021-01-04T23:59:59+01:00,0,0,2,1,4,3,7,15,8,19,7,9,3,2,2,1,0,9,0,0,0,0,0,0,0,0,0,0,0,0,0,0,0,0,0,0,95,0,0,0,0,0,0,0,0
2021-01-03T23:59:59+01:00,0,0,2,1,2,3,6,15,8,19,7,9,3,2,2,1,0,9,0,0,0,0,0,0,0,0,0,0,0,0,0,0,0,0,0,0,92,0,0,0,0,0,0,0,0
2021-01-02T23:59:59+01:00,0,0,2,1,2,3,6,15,7,19,6,9,3,2,2,1,0,9,0,0,0,0,0,0,0,0,0,0,0,0,0,0,0,0,0,0,90,0,0,0,0,0,0,0,0
2021-01-01T23:59:59+01:00,0,0,2,0,2,3,5,15,7,19,6,9,3,2,2,1,0,9,0,0,0,0,0,0,0,0,0,0,0,0,0,0,0,0,0,0,88,0,0,0,0,0,0,0,0
2020-12-31T23:59:59+01:00,0,0,2,0,2,3,5,14,7,19,6,9,3,2,2,1,0,9,0,0,0,0,0,0,0,0,0,0,0,0,0,0,0,0,0,0,87,0,0,0,0,0,0,0,0
2020-12-30T23:59:59+01:00,0,0,2,0,2,3,5,13,7,17,6,9,3,2,2,1,0,9,0,0,0,0,0,0,0,0,0,0,0,0,0,0,0,0,0,0,84,0,0,0,0,0,0,0,0
2020-12-29T23:59:59+01:00,0,0,1,0,1,3,4,8,4,14,4,7,2,1,2,0,0,7,0,0,0,0,0,0,0,0,0,0,0,0,0,0,0,0,0,0,60,0,0,0,0,0,0,0,0
2020-12-28T23:59:59+01:00,0,0,1,0,1,1,1,1,2,7,3,4,2,0,1,0,0,3,0,0,0,0,0,0,0,0,0,0,0,0,0,0,0,0,0,0,29,0,0,0,0,0,0,0,0
2020-12-27T23:59:59+01:00,0,0,1,0,0,0,0,1,1,7,1,2,1,0,1,0,0,1,0,0,0,0,0,0,0,0,0,0,0,0,0,0,0,0,0,0,17,0,0,0,0,0,0,0,0
