Datum,<24_1_m,<24_1_w,25-34_1_m,25-34_1_w,35-44_1_m,35-44_1_w,45-54_1_m,45-54_1_w,55-64_1_m,55-64_1_w,65-74_1_m,65-74_1_w,75-84_1_m,75-84_1_w,>84_1_m,>84_1_w,<24_2_m,<24_2_w,25-34_2_m,25-34_2_w,35-44_2_m,35-44_2_w,45-54_2_m,45-54_2_w,55-64_2_m,55-64_2_w,65-74_2_m,65-74_2_w,75-84_2_m,75-84_2_w,>84_2_m,>84_2_w,bp_1,bp_2,mo_1,mo_2,az_1,az_2,ja
2021-06-21T23:59:59+02:00,1420,1421,3910,2961,4447,3511,4268,5170,3320,3980,1872,2112,2500,2735,1950,4011,447,541,1393,1277,1608,1808,1648,2761,1640,2345,1112,1415,1693,1954,1340,2857,33610,17603,5738,1922,8091,3937,2527
2021-06-20T23:59:59+02:00,1400,1399,3881,2929,4428,3501,4242,5157,3313,3976,1870,2110,2500,2735,1950,4011,441,535,1375,1266,1598,1799,1628,2750,1620,2327,1105,1404,1692,1951,1340,2857,33471,17517,5725,1905,8081,3913,2503
2021-06-19T23:59:59+02:00,1381,1382,3849,2908,4411,3479,4216,5139,3299,3969,1868,2108,2500,2734,1950,4011,434,531,1359,1250,1585,1781,1617,2727,1602,2301,1098,1399,1690,1950,1338,2856,33333,17385,5672,1878,8081,3909,2496
2021-06-18T23:59:59+02:00,1361,1359,3794,2869,4359,3449,4170,5110,3278,3957,1867,2105,2499,2733,1950,4011,424,525,1343,1231,1557,1753,1579,2684,1565,2259,1091,1392,1690,1945,1337,2854,33049,17137,5633,1877,8081,3879,2486
2021-06-17T23:59:59+02:00,1322,1330,3682,2826,4232,3391,4051,5038,3239,3926,1863,2103,2498,2732,1950,4011,395,511,1268,1203,1427,1694,1478,2609,1496,2196,1069,1370,1682,1937,1336,2852,32571,16736,5600,1804,8075,3807,2326
2021-06-16T23:59:59+02:00,1290,1291,3588,2756,4152,3345,3961,4977,3201,3907,1858,2100,2497,2729,1950,4010,379,489,1220,1173,1373,1670,1401,2534,1447,2134,1056,1347,1673,1927,1336,2850,32139,16385,5501,1744,8067,3747,2283
2021-06-15T23:59:59+02:00,1250,1252,3462,2696,4088,3297,3893,4911,3170,3886,1849,2093,2496,2727,1950,4009,368,464,1173,1133,1331,1632,1349,2477,1392,2079,1043,1321,1670,1922,1335,2849,31652,16114,5475,1674,8058,3679,2221
2021-06-14T23:59:59+02:00,1226,1226,3369,2659,4005,3243,3820,4841,3130,3859,1846,2083,2496,2723,1949,4008,363,446,1141,1115,1293,1612,1315,2435,1354,2033,1033,1298,1666,1916,1334,2847,31233,15911,5392,1649,8054,3611,2179
2021-06-13T23:59:59+02:00,1204,1211,3330,2625,3961,3207,3780,4816,3114,3845,1845,2079,2496,2721,1949,4008,355,439,1111,1097,1268,1598,1278,2402,1335,2006,1019,1280,1665,1904,1334,2846,31008,15766,5362,1629,8053,3549,2142
2021-06-12T23:59:59+02:00,1187,1192,3301,2605,3934,3190,3765,4803,3099,3836,1844,2076,2495,2720,1949,4008,352,438,1106,1082,1252,1583,1265,2385,1317,1988,1010,1274,1657,1902,1334,2846,30838,15672,5351,1629,8053,3502,2136
2021-06-11T23:59:59+02:00,1168,1177,3267,2566,3867,3167,3734,4778,3077,3824,1842,2075,2495,2717,1949,4007,342,427,1091,1050,1230,1567,1219,2341,1280,1955,1002,1257,1656,1899,1334,2845,30582,15462,5329,1624,8051,3434,2122
2021-06-10T23:59:59+02:00,1104,1134,3168,2497,3748,3100,3649,4716,3040,3795,1838,2066,2493,2717,1948,4007,328,415,1036,1023,1173,1520,1162,2270,1215,1865,982,1232,1652,1890,1334,2843,30066,15114,5224,1616,8038,3292,2065
2021-06-09T23:59:59+02:00,1045,1095,3060,2425,3624,3043,3560,4643,3013,3764,1834,2061,2491,2714,1948,4007,309,394,983,1000,1117,1492,1107,2203,1159,1799,963,1189,1647,1878,1333,2841,29625,14858,5083,1571,8035,3179,1953
2021-06-08T23:59:59+02:00,992,1055,2939,2354,3509,2967,3477,4567,2968,3744,1828,2056,2489,2713,1947,4005,291,377,948,967,1072,1462,1062,2153,1126,1735,945,1159,1639,1867,1330,2839,29127,14662,4960,1529,8026,3064,1863
2021-06-07T23:59:59+02:00,963,1029,2833,2295,3384,2936,3370,4506,2922,3726,1819,2051,2488,2712,1947,4004,284,367,906,938,1026,1437,1014,2105,1075,1686,933,1141,1631,1853,1330,2837,28790,14516,4794,1494,8020,2955,1744
2021-06-06T23:59:59+02:00,940,1014,2780,2267,3305,2908,3318,4481,2896,3713,1818,2048,2486,2711,1947,4004,276,354,895,918,1003,1419,1004,2059,1052,1631,921,1129,1626,1848,1330,2835,28608,14436,4671,1451,8015,2854,1704
2021-06-05T23:59:59+02:00,928,995,2715,2224,3259,2888,3289,4462,2885,3711,1818,2047,2486,2711,1947,4003,272,346,886,903,989,1408,984,2038,1027,1614,911,1110,1626,1845,1330,2835,28372,14313,4666,1448,8005,2820,1687
2021-06-04T23:59:59+02:00,905,980,2678,2182,3182,2857,3248,4415,2863,3699,1815,2044,2484,2711,1947,4003,265,341,871,885,976,1399,970,2019,1007,1590,904,1092,1619,1840,1330,2833,28088,14210,4626,1443,8003,2774,1658
2021-06-03T23:59:59+02:00,859,942,2540,2108,3024,2777,3100,4308,2797,3643,1810,2035,2480,2708,1947,4003,252,334,847,865,940,1355,913,1951,968,1542,879,1054,1613,1830,1330,2832,27486,14045,4428,1430,7989,2631,1539
2021-06-02T23:59:59+02:00,834,934,2493,2058,2992,2753,3045,4264,2774,3623,1809,2032,2480,2707,1947,4003,245,330,835,854,919,1342,880,1927,933,1504,870,1025,1611,1827,1330,2832,27200,13871,4410,1418,7988,2605,1508
2021-06-01T23:59:59+02:00,785,890,2361,1975,2835,2672,2907,4181,2729,3569,1801,2024,2477,2703,1947,4003,234,311,765,821,850,1291,827,1834,886,1429,849,981,1606,1817,1330,2828,26657,13635,4221,1385,7978,2418,1357
2021-05-31T23:59:59+02:00,744,864,2254,1928,2738,2603,2823,4111,2685,3530,1799,2016,2476,2701,1947,4003,220,300,739,801,811,1268,798,1772,853,1383,832,959,1599,1813,1329,2827,26334,13495,4009,1372,7960,2301,1272
2021-05-30T23:59:59+02:00,731,857,2216,1898,2697,2586,2794,4080,2672,3509,1797,2014,2476,2701,1947,4002,213,289,712,781,786,1238,782,1718,842,1339,822,947,1596,1807,1329,2826,26205,13419,3955,1365,7954,2162,1215
2021-05-29T23:59:59+02:00,728,855,2199,1885,2676,2579,2781,4065,2663,3501,1796,2013,2476,2701,1947,4002,210,282,705,775,770,1213,772,1667,828,1310,815,932,1595,1803,1328,2826,26099,13355,3954,1365,7951,2030,1214
2021-05-28T23:59:59+02:00,723,844,2174,1855,2641,2559,2758,4044,2653,3490,1796,2011,2475,2696,1947,4002,208,278,700,766,763,1191,761,1637,803,1274,801,907,1593,1797,1327,2824,25914,13222,3944,1363,7949,1963,1212
2021-05-27T23:59:59+02:00,671,821,2051,1812,2520,2498,2626,3975,2584,3445,1791,2003,2474,2694,1947,4000,194,261,639,722,695,1128,686,1552,743,1198,786,881,1586,1784,1327,2822,25493,13049,3818,1327,7924,1731,1023
2021-05-26T23:59:59+02:00,643,795,1958,1753,2363,2440,2515,3918,2539,3404,1782,1997,2472,2688,1945,3994,188,245,601,688,648,1092,650,1484,703,1145,775,857,1575,1757,1325,2820,25141,12858,3607,1318,7904,1605,896
2021-05-25T23:59:59+02:00,617,779,1881,1709,2270,2403,2423,3839,2498,3377,1774,1990,2470,2686,1944,3992,180,233,582,664,619,1057,613,1427,668,1092,759,840,1560,1738,1324,2818,24844,12693,3443,1287,7871,1484,834
2021-05-24T23:59:59+02:00,601,762,1832,1676,2202,2372,2365,3792,2457,3345,1766,1986,2465,2685,1944,3991,178,225,557,648,591,1024,587,1382,649,1048,745,826,1555,1736,1324,2818,24698,12627,3303,1279,7842,1375,736
2021-05-23T23:59:59+02:00,598,761,1821,1669,2192,2359,2361,3781,2447,3330,1765,1984,2465,2684,1944,3991,176,224,554,646,583,1020,575,1372,641,1044,744,820,1551,1733,1322,2816,24612,12570,3302,1275,7841,1365,735
2021-05-22T23:59:59+02:00,591,752,1802,1655,2171,2348,2341,3755,2426,3306,1758,1980,2465,2684,1944,3990,173,218,547,641,579,1014,566,1368,638,1037,735,811,1547,1723,1322,2816,24437,12523,3302,1275,7838,1334,726
2021-05-21T23:59:59+02:00,577,737,1728,1628,2099,2304,2293,3716,2397,3269,1753,1974,2462,2683,1944,3989,173,215,542,634,569,1006,555,1356,624,1022,725,788,1541,1719,1322,2815,24062,12455,3277,1275,7823,1276,723
2021-05-20T23:59:59+02:00,540,712,1604,1571,1977,2236,2179,3629,2329,3192,1738,1962,2460,2677,1944,3987,165,205,510,599,546,969,528,1300,600,967,708,761,1534,1708,1321,2814,23480,12352,3172,1266,7755,1082,656
2021-05-19T23:59:59+02:00,505,673,1508,1513,1844,2177,2065,3538,2249,3115,1725,1949,2454,2674,1941,3987,150,193,483,579,516,938,501,1248,577,915,697,747,1518,1684,1319,2811,22857,12212,3114,1251,7723,989,542
2021-05-18T23:59:59+02:00,477,652,1437,1463,1765,2122,1965,3422,2171,3036,1715,1934,2449,2666,1941,3984,135,185,465,563,498,905,485,1173,557,854,687,725,1514,1671,1318,2808,22427,12109,2970,1216,7672,891,445
2021-05-17T23:59:59+02:00,452,640,1396,1432,1719,2073,1906,3335,2137,2973,1698,1921,2446,2659,1941,3982,129,177,451,551,492,865,477,1112,551,806,674,699,1511,1663,1317,2808,22179,12051,2872,1194,7616,797,358
2021-05-16T23:59:59+02:00,446,639,1374,1407,1686,2053,1869,3285,2091,2929,1685,1913,2445,2655,1941,3982,125,175,447,532,481,846,465,1066,536,770,651,679,1508,1659,1317,2807,22033,12011,2810,1164,7584,718,286
2021-05-15T23:59:59+02:00,439,632,1352,1392,1672,2035,1854,3265,2070,2903,1681,1913,2445,2654,1940,3982,125,172,445,532,481,845,461,1061,529,763,648,676,1506,1658,1317,2807,21867,11984,2810,1164,7581,711,282
2021-05-14T23:59:59+02:00,429,620,1326,1360,1630,1995,1786,3205,2033,2870,1675,1909,2444,2654,1938,3982,123,169,443,516,461,821,445,1032,518,746,638,664,1503,1651,1317,2806,21563,11940,2772,1149,7563,610,268
2021-05-13T23:59:59+02:00,408,598,1269,1325,1535,1949,1682,3128,1973,2792,1653,1899,2438,2652,1936,3976,118,164,432,510,452,808,440,1018,507,734,619,639,1495,1633,1317,2802,21186,11870,2573,1112,7518,577,241
2021-05-12T23:59:59+02:00,401,593,1253,1319,1524,1941,1664,3107,1963,2779,1650,1893,2433,2651,1936,3976,117,162,432,510,451,803,435,1014,506,728,613,628,1494,1628,1316,2802,21082,11830,2554,1106,7514,576,238
2021-05-11T23:59:59+02:00,384,571,1188,1290,1428,1906,1563,3014,1884,2717,1638,1871,2428,2643,1935,3975,110,151,417,483,430,780,422,983,483,706,596,602,1486,1624,1315,2801,20727,11746,2405,1076,7419,491,187
2021-05-10T23:59:59+02:00,370,554,1157,1265,1378,1877,1502,2956,1842,2659,1631,1859,2422,2635,1935,3972,109,148,411,475,421,758,415,964,478,682,590,591,1485,1617,1315,2799,20493,11701,2335,1069,7325,439,160
2021-05-09T23:59:59+02:00,365,540,1119,1251,1355,1861,1457,2924,1797,2628,1624,1849,2420,2630,1935,3969,104,145,407,468,413,750,407,954,468,675,580,581,1480,1615,1315,2796,20305,11669,2290,1064,7287,395,140
2021-05-08T23:59:59+02:00,358,538,1113,1231,1330,1851,1443,2907,1775,2615,1619,1845,2419,2630,1934,3968,103,145,406,468,411,749,406,948,468,671,578,580,1476,1606,1315,2796,20163,11654,2287,1058,7284,384,140
2021-05-07T23:59:59+02:00,348,531,1089,1205,1285,1831,1391,2856,1736,2572,1613,1838,2418,2625,1934,3964,100,141,394,454,401,722,395,918,452,646,570,558,1464,1595,1315,2794,19936,11599,2260,1037,7226,284,109
2021-05-06T23:59:59+02:00,329,519,1008,1163,1174,1776,1260,2740,1630,2497,1587,1812,2417,2615,1934,3961,97,136,380,440,393,702,382,899,437,627,563,548,1452,1586,1314,2790,19497,11550,2094,1022,7037,201,83
2021-05-05T23:59:59+02:00,316,504,977,1140,1134,1741,1195,2677,1569,2427,1570,1786,2410,2603,1934,3957,97,131,377,434,388,690,379,890,430,609,547,534,1434,1573,1314,2787,19116,11489,2041,1000,6992,159,76
2021-05-04T23:59:59+02:00,307,490,944,1122,1098,1720,1153,2629,1526,2372,1557,1758,2404,2593,1929,3951,95,129,371,424,386,684,371,875,422,593,536,516,1424,1554,1311,2787,18821,11418,1984,975,6958,123,71
2021-05-03T23:59:59+02:00,304,479,918,1103,1062,1706,1121,2597,1495,2337,1545,1731,2395,2586,1928,3949,90,123,361,420,378,674,369,870,414,586,524,505,1414,1540,1310,2783,18605,11347,1962,969,6919,103,49
2021-05-02T23:59:59+02:00,301,477,902,1092,1040,1694,1103,2584,1482,2315,1538,1722,2394,2584,1927,3946,88,123,356,417,376,670,366,864,412,580,514,498,1399,1531,1310,2782,18505,11315,1948,953,6891,91,34
2021-05-01T23:59:59+02:00,298,472,897,1085,1029,1685,1093,2572,1471,2299,1534,1716,2392,2581,1927,3946,88,123,356,416,375,669,365,861,411,579,513,498,1399,1531,1310,2782,18400,11308,1948,953,6891,88,34
2021-04-30T23:59:59+02:00,294,464,888,1069,1008,1668,1060,2504,1432,2258,1523,1698,2388,2579,1926,3943,87,120,355,413,372,661,364,835,405,574,508,493,1396,1525,1310,2780,18140,11293,1944,942,6888,65,5
2021-04-29T23:59:59+02:00,282,456,853,1048,975,1637,1019,2448,1352,2191,1488,1663,2383,2570,1922,3938,87,119,350,411,368,657,359,823,398,565,497,484,1385,1516,1308,2775,17744,11242,1910,918,6838,44,5
2021-04-28T23:59:59+02:00,271,454,841,1035,948,1625,986,2414,1295,2130,1462,1619,2377,2568,1922,3936,83,119,344,405,364,650,357,815,393,553,481,471,1375,1504,1308,2773,17476,11182,1873,884,6799,30,5
2021-04-27T23:59:59+02:00,268,446,831,1022,932,1614,966,2391,1277,2102,1439,1585,2372,2564,1921,3933,82,116,342,402,363,645,355,810,388,547,476,461,1365,1487,1306,2770,17304,11132,1851,859,6771,25,5
2021-04-26T23:59:59+02:00,266,440,824,1015,923,1607,943,2368,1231,2060,1425,1565,2364,2559,1920,3930,82,116,340,400,362,644,352,807,385,543,468,447,1355,1477,1306,2768,17147,11096,1837,834,6718,23,5
2021-04-25T23:59:59+02:00,266,438,815,1008,911,1598,929,2354,1202,2032,1409,1547,2359,2553,1920,3929,81,116,340,396,359,642,352,805,384,542,465,442,1353,1469,1306,2767,17037,11085,1815,820,6677,15,5
2021-04-24T23:59:59+02:00,261,434,808,1004,899,1587,919,2335,1177,2016,1403,1527,2357,2550,1920,3929,81,116,340,396,359,642,351,805,384,539,463,439,1352,1467,1306,2767,16904,11080,1815,813,6664,15,5
2021-04-23T23:59:59+02:00,258,428,798,994,894,1579,901,2322,1119,1977,1391,1506,2351,2545,1920,3926,81,115,340,396,359,641,349,803,383,538,456,431,1347,1461,1306,2767,16778,11061,1805,798,6579,15,5
2021-04-22T23:59:59+02:00,256,420,778,975,879,1559,867,2279,1076,1929,1365,1464,2342,2532,1919,3919,81,112,338,394,357,633,346,796,377,533,450,424,1333,1451,1304,2766,16533,11008,1755,780,6520,8,5
2021-04-21T23:59:59+02:00,250,415,761,961,856,1541,839,2247,1027,1887,1330,1415,2332,2515,1916,3915,79,110,335,392,356,630,344,792,374,526,444,420,1325,1434,1297,2761,16255,10952,1729,760,6469,8,5
2021-04-20T23:59:59+02:00,245,409,749,942,842,1520,819,2196,998,1842,1286,1355,2315,2500,1915,3905,79,110,333,392,353,627,341,787,374,521,440,412,1308,1409,1294,2759,16002,10888,1664,744,6416,8,5
2021-04-19T23:59:59+02:00,243,400,738,931,828,1504,808,2172,979,1813,1260,1318,2307,2492,1914,3901,78,109,333,389,350,622,339,778,371,512,437,407,1289,1388,1289,2750,15843,10814,1651,723,6358,6,4
2021-04-18T23:59:59+02:00,241,397,729,925,813,1494,794,2158,961,1795,1234,1286,2301,2488,1908,3899,77,107,332,388,349,622,338,773,370,510,435,402,1280,1385,1287,2748,15740,10790,1623,709,6301,6,4
2021-04-17T23:59:59+02:00,239,393,723,922,809,1493,790,2153,957,1787,1221,1267,2296,2481,1908,3899,76,104,331,385,349,622,337,769,370,506,433,397,1275,1378,1287,2748,15673,10756,1622,707,6284,6,4
2021-04-16T23:59:59+02:00,238,390,718,919,795,1478,781,2133,925,1745,1185,1216,2288,2468,1906,3895,71,102,328,379,348,620,333,760,363,489,420,373,1270,1365,1281,2738,15488,10678,1608,658,6224,5,4
2021-04-15T23:59:59+02:00,236,385,701,903,781,1467,758,2092,885,1704,1151,1177,2268,2446,1898,3883,69,102,325,373,343,619,326,755,355,486,412,364,1245,1340,1275,2726,15261,10588,1597,623,6113,5,4
2021-04-14T23:59:59+02:00,234,379,694,897,773,1453,749,2063,871,1679,1108,1137,2236,2394,1891,3874,66,97,322,371,340,615,323,748,346,477,397,350,1221,1314,1271,2716,15038,10483,1581,587,6047,5,4
2021-04-13T23:59:59+02:00,229,374,686,893,763,1441,741,2039,840,1651,1067,1081,2201,2350,1888,3867,64,96,319,368,331,610,319,743,339,468,386,344,1205,1299,1264,2709,14854,10411,1534,550,5957,4,4
2021-04-12T23:59:59+02:00,228,373,683,889,755,1429,723,2023,825,1634,1031,1047,2184,2336,1887,3858,62,92,310,362,327,604,313,736,334,463,371,335,1197,1289,1262,2701,14752,10339,1516,514,5869,4,4
2021-04-11T23:59:59+02:00,225,372,677,883,749,1424,715,2011,814,1620,1007,1024,2171,2318,1886,3852,60,90,305,360,326,602,311,732,330,457,365,329,1186,1284,1259,2698,14703,10295,1494,492,5783,4,4
2021-04-10T23:59:59+02:00,225,372,677,882,747,1422,710,2004,808,1616,999,1008,2163,2309,1886,3852,55,82,281,348,313,588,299,721,315,448,355,321,1179,1268,1255,2695,14660,10135,1488,479,5763,4,4
2021-04-09T23:59:59+02:00,225,367,673,880,739,1395,701,1923,792,1536,962,951,2136,2287,1885,3845,45,77,267,337,295,575,282,709,304,434,338,314,1150,1239,1246,2691,14533,9935,1463,457,5531,4,3
2021-04-08T23:59:59+02:00,224,363,669,876,732,1388,691,1905,773,1513,914,892,2094,2261,1879,3839,43,74,259,322,281,568,267,693,284,419,320,292,1115,1217,1234,2668,14402,9708,1417,434,5424,4,3
2021-04-07T23:59:59+02:00,216,360,663,869,723,1377,677,1880,758,1485,875,847,2052,2218,1875,3828,41,70,241,307,272,561,261,682,269,405,299,279,1078,1191,1223,2644,14253,9494,1378,412,5299,4,3
2021-04-06T23:59:59+02:00,212,358,658,866,709,1364,659,1856,734,1464,841,802,2029,2183,1869,3821,40,69,240,305,268,559,252,679,263,400,290,266,1053,1161,1213,2631,14162,9387,1349,385,5138,4,3
2021-04-05T23:59:59+02:00,212,358,658,859,703,1355,652,1839,724,1451,815,776,2013,2151,1866,3817,40,69,239,302,267,554,248,672,261,398,289,259,1027,1138,1210,2620,14113,9313,1337,362,5020,4,3
2021-04-04T23:59:59+02:00,211,356,657,854,697,1344,646,1821,720,1433,806,764,2010,2149,1866,3816,40,69,238,302,267,554,248,672,260,398,288,259,1011,1124,1208,2617,14097,9275,1336,362,4938,4,3
2021-04-03T23:59:59+02:00,211,356,657,854,696,1342,645,1818,714,1430,793,755,2008,2141,1864,3815,40,69,238,302,267,554,248,672,260,397,288,259,1011,1119,1208,2615,14061,9267,1336,362,4923,4,3
2021-04-02T23:59:59+02:00,211,355,657,852,695,1339,642,1811,707,1421,781,744,1994,2126,1862,3813,40,69,235,302,266,552,246,665,254,393,284,257,991,1091,1203,2593,14003,9167,1326,355,4901,4,3
2021-04-01T23:59:59+02:00,207,350,654,844,685,1325,635,1791,693,1400,754,710,1968,2092,1860,3799,39,68,227,299,264,548,241,657,251,387,274,249,958,1059,1185,2561,13901,9003,1273,344,4810,4,3
2021-03-31T23:59:59+02:00,204,348,646,837,677,1310,627,1745,684,1362,735,697,1940,2043,1845,3786,39,68,224,298,262,546,239,651,243,385,261,244,906,1008,1173,2532,13808,8830,1224,329,4671,4,3
2021-03-30T23:59:59+02:00,202,342,641,830,674,1282,621,1710,672,1324,720,682,1904,1997,1837,3769,39,66,221,296,260,544,236,645,240,377,252,240,884,984,1157,2508,13700,8712,1188,315,4534,4,3
2021-03-29T23:59:59+02:00,199,336,635,814,670,1271,611,1680,664,1286,701,662,1860,1943,1821,3746,39,66,220,295,259,542,234,639,235,368,245,237,860,962,1148,2494,13536,8616,1154,305,4424,3,3
2021-03-28T23:59:59+02:00,189,322,628,806,666,1264,607,1661,660,1269,693,643,1829,1908,1817,3735,39,65,217,295,254,536,232,635,234,365,242,236,849,954,1144,2489,13470,8565,1112,299,4330,3,3
2021-03-27T23:59:59+01:00,188,319,625,801,663,1259,603,1651,658,1260,686,634,1821,1898,1817,3734,39,65,217,295,254,536,232,629,232,361,239,234,841,941,1130,2476,13429,8509,1105,290,4297,3,3
2021-03-26T23:59:59+01:00,186,317,618,790,658,1249,592,1632,652,1237,671,617,1806,1876,1809,3727,39,65,217,295,253,534,232,629,225,350,236,228,812,908,1113,2445,13340,8369,1079,290,4229,3,3
2021-03-25T23:59:59+01:00,182,316,609,780,646,1227,576,1596,638,1199,654,595,1772,1847,1800,3715,39,65,213,289,253,534,226,626,223,348,228,223,774,880,1072,2388,13251,8180,1034,277,4076,3,3
2021-03-24T23:59:59+01:00,179,305,600,771,641,1212,569,1563,626,1167,634,581,1740,1808,1790,3698,38,65,213,288,253,533,225,625,216,345,223,217,739,857,1046,2317,13145,8013,1002,264,3945,3,2
2021-03-23T23:59:59+01:00,177,303,594,762,625,1201,562,1543,614,1132,624,566,1713,1785,1778,3686,37,64,211,286,250,530,220,620,213,340,216,214,710,838,1003,2244,13072,7816,979,256,3820,3,2
2021-03-22T23:59:59+01:00,170,295,578,747,611,1180,552,1517,603,1107,614,555,1690,1765,1772,3675,37,63,210,284,248,529,219,613,212,336,213,208,684,817,942,2169,13007,7614,953,246,3676,3,2
2021-03-21T23:59:59+01:00,168,294,574,740,608,1176,548,1492,593,1075,607,547,1671,1759,1766,3663,37,63,210,283,247,528,218,612,211,334,212,205,679,815,934,2163,12979,7586,935,240,3568,3,2
2021-03-20T23:59:59+01:00,166,294,570,738,607,1174,545,1490,592,1072,602,539,1658,1739,1760,3656,37,63,210,283,246,528,218,610,208,328,209,203,672,809,922,2151,12933,7540,930,232,3538,3,2
2021-03-19T23:59:59+01:00,157,282,565,727,601,1165,544,1476,578,1053,576,504,1611,1708,1742,3647,37,63,210,282,245,528,217,602,205,325,208,199,646,782,901,2116,12808,7421,873,220,3450,2,2
2021-03-18T23:59:59+01:00,153,276,548,720,579,1132,528,1427,555,1008,549,482,1573,1671,1728,3618,37,63,207,280,244,518,217,596,202,320,205,192,632,770,881,2081,12660,7314,823,205,3253,2,2
2021-03-17T23:59:59+01:00,147,268,538,709,570,1128,521,1414,539,990,528,463,1542,1645,1713,3595,37,62,207,280,243,514,216,596,201,318,204,189,619,760,858,2045,12505,7219,785,202,3206,2,2
2021-03-16T23:59:59+01:00,141,263,528,698,556,1115,509,1377,525,960,513,442,1499,1595,1702,3573,37,61,207,278,243,509,216,595,199,318,201,189,606,742,837,2005,12361,7116,739,199,3079,2,1
2021-03-15T23:59:59+01:00,138,256,514,683,546,1088,496,1340,514,927,497,426,1468,1563,1689,3556,36,61,206,275,242,506,216,594,197,318,196,184,589,731,821,1975,12232,7032,691,188,2959,2,0
2021-03-14T23:59:59+01:00,134,243,503,670,537,1064,490,1291,502,888,480,414,1442,1541,1680,3540,36,61,206,273,241,504,215,590,196,313,195,181,585,724,817,1963,12139,7010,660,163,2798,2,0
2021-03-13T23:59:59+01:00,129,228,477,651,510,1039,467,1268,479,871,462,407,1420,1522,1675,3534,36,61,206,273,241,504,215,590,195,312,194,181,579,714,795,1938,11934,6944,648,162,2725,2,0
2021-03-12T23:59:59+01:00,119,217,451,627,490,1008,445,1237,455,839,439,389,1369,1475,1660,3504,36,61,206,272,241,503,215,590,195,312,191,179,568,703,779,1923,11651,6881,625,162,2612,2,0
2021-03-11T23:59:59+01:00,112,204,420,591,452,969,409,1168,428,780,414,354,1304,1424,1626,3458,36,61,205,269,235,499,213,585,193,308,187,178,555,689,761,1889,11314,6813,588,119,2364,2,0
2021-03-10T23:59:59+01:00,107,195,399,570,438,948,394,1130,403,742,391,334,1238,1366,1604,3408,36,61,201,264,233,492,211,580,193,306,184,176,539,682,747,1859,11027,6726,561,106,2230,2,0
2021-03-09T23:59:59+01:00,106,189,386,550,419,917,381,1084,388,708,375,321,1193,1339,1574,3376,36,61,200,260,232,485,208,576,190,302,184,175,527,675,735,1835,10848,6658,539,90,2061,2,0
2021-03-08T23:59:59+01:00,103,182,372,536,403,894,371,1034,380,670,360,311,1144,1301,1558,3353,36,61,200,259,228,479,204,570,186,300,182,175,517,670,729,1827,10694,6617,507,74,1910,1,0
2021-03-07T23:59:59+01:00,99,175,369,528,392,875,360,1020,377,665,357,308,1132,1286,1552,3345,36,61,200,258,228,477,203,569,186,299,182,174,513,666,722,1823,10631,6593,487,72,1859,0,0
2021-03-06T23:59:59+01:00,99,169,365,526,386,850,355,969,368,635,355,306,1124,1273,1539,3337,36,61,200,258,227,476,203,568,186,299,182,174,511,665,721,1813,10582,6586,487,62,1722,0,0
2021-03-05T23:59:59+01:00,97,164,361,521,383,845,353,952,357,612,346,293,1084,1229,1515,3296,36,61,199,257,226,475,202,566,185,297,181,173,506,664,715,1797,10404,6565,465,43,1667,0,0
2021-03-04T23:59:59+01:00,97,155,347,486,373,815,335,905,345,590,332,289,1033,1180,1459,3232,36,61,197,252,225,468,200,556,182,296,180,172,504,661,712,1794,10159,6521,442,42,1498,0,0
2021-03-03T23:59:59+01:00,94,146,338,472,367,801,329,885,333,569,322,280,990,1146,1420,3140,36,60,197,252,224,465,198,547,182,289,179,169,499,658,705,1791,9942,6481,419,37,1393,0,0
2021-03-02T23:59:59+01:00,89,140,329,461,356,785,320,866,326,544,309,275,953,1117,1358,3051,35,60,197,252,224,455,193,543,180,287,177,169,496,650,700,1781,9687,6427,399,37,1310,0,0
2021-03-01T23:59:59+01:00,87,137,324,448,348,768,312,837,317,514,305,269,926,1083,1272,2933,35,59,196,250,221,447,192,536,179,284,177,169,494,646,693,1775,9411,6380,379,37,1205,0,0
2021-02-28T23:59:59+01:00,87,135,318,439,345,757,312,813,312,495,301,263,920,1079,1263,2924,35,59,194,249,221,447,192,536,179,284,176,169,494,642,692,1774,9375,6370,370,37,1131,0,0
2021-02-27T23:59:59+01:00,84,125,314,430,339,756,308,801,308,485,297,260,910,1067,1247,2906,35,59,194,248,221,446,191,535,178,283,176,169,494,642,692,1774,9312,6369,359,32,1077,0,0
2021-02-26T23:59:59+01:00,82,120,307,407,312,722,288,772,299,466,294,258,880,1041,1223,2865,35,58,194,247,221,444,190,532,176,281,176,169,494,642,691,1771,9182,6352,357,32,904,0,0
2021-02-25T23:59:59+01:00,75,107,295,388,305,691,280,745,287,443,285,247,867,1022,1197,2830,35,58,193,245,217,441,186,524,172,280,172,166,483,635,682,1767,9056,6297,344,22,769,0,0
2021-02-24T23:59:59+01:00,69,100,290,378,299,677,276,733,281,434,280,247,843,1008,1165,2782,34,58,190,243,214,428,185,516,168,275,170,162,478,631,681,1755,8929,6234,332,15,704,0,0
2021-02-23T23:59:59+01:00,61,90,280,367,289,655,270,718,275,426,276,245,821,987,1136,2727,33,58,189,240,212,423,183,511,166,273,170,159,475,625,676,1738,8792,6179,318,12,614,0,0
2021-02-22T23:59:59+01:00,57,87,274,353,286,647,267,706,271,424,267,238,800,972,1114,2696,33,56,186,237,206,409,177,502,161,270,169,155,466,621,672,1728,8684,6102,303,5,572,0,0
2021-02-21T23:59:59+01:00,53,85,273,347,284,637,262,697,265,420,266,238,795,968,1108,2688,33,55,185,235,206,407,176,493,161,268,169,155,461,620,667,1719,8662,6063,297,5,525,0,0
2021-02-20T23:59:59+01:00,51,85,271,346,284,633,261,691,261,414,265,238,783,956,1084,2661,33,55,185,235,206,407,176,493,160,267,169,155,460,620,666,1718,8588,6058,288,5,504,0,0
2021-02-19T23:59:59+01:00,50,85,265,340,279,606,253,671,257,403,262,233,763,940,1060,2642,33,54,185,235,205,406,176,492,159,267,169,154,455,619,661,1706,8509,6029,275,5,417,0,0
2021-02-18T23:59:59+01:00,48,79,246,322,271,584,244,653,242,375,259,227,752,930,1040,2616,33,53,181,229,204,397,172,478,158,258,166,149,435,606,639,1652,8438,5862,253,5,287,0,0
2021-02-17T23:59:59+01:00,48,77,240,316,268,568,238,638,240,357,255,222,733,923,1022,2580,31,51,178,223,196,381,167,460,152,248,159,144,427,591,624,1621,8330,5704,246,4,236,0,0
2021-02-16T23:59:59+01:00,45,71,232,305,265,554,233,625,234,352,250,220,721,914,1002,2553,29,51,168,214,188,361,162,447,148,235,157,139,400,562,595,1567,8247,5474,239,4,174,0,0
2021-02-15T23:59:59+01:00,44,70,226,302,257,541,231,620,231,343,248,219,705,906,995,2538,28,49,163,209,183,354,158,438,142,230,142,135,378,537,568,1510,8195,5275,227,4,138,0,0
2021-02-14T23:59:59+01:00,42,70,223,299,255,533,229,617,231,338,248,215,698,899,990,2523,27,48,161,207,179,349,158,425,140,229,142,131,370,529,554,1479,8176,5178,197,4,120,0,0
2021-02-13T23:59:59+01:00,41,70,223,299,254,533,229,616,231,338,248,215,696,898,990,2523,27,48,159,206,176,349,157,422,137,227,142,130,367,525,546,1467,8171,5138,197,1,119,0,0
2021-02-12T23:59:59+01:00,40,68,221,295,251,522,225,606,228,333,247,213,690,897,988,2514,27,47,157,204,175,348,154,420,137,225,141,127,365,511,522,1415,8144,5028,197,1,79,0,0
2021-02-11T23:59:59+01:00,39,66,213,277,244,504,215,582,216,318,243,212,684,881,967,2488,26,45,140,185,167,313,144,377,132,206,130,115,327,463,478,1281,8075,4578,138,1,17,0,0
2021-02-10T23:59:59+01:00,39,66,208,271,242,496,213,574,213,311,240,212,677,878,959,2478,24,44,128,165,155,274,127,331,122,182,118,107,305,428,431,1187,8024,4169,127,1,7,0,0
2021-02-09T23:59:59+01:00,38,64,206,267,241,481,209,569,209,309,238,208,672,870,952,2470,24,41,112,138,140,252,114,286,111,158,101,99,277,368,386,1072,7974,3716,106,1,3,0,0
2021-02-08T23:59:59+01:00,38,64,205,264,234,467,206,558,206,305,234,208,665,866,948,2465,22,37,94,119,120,202,98,252,100,146,86,90,245,325,337,968,7917,3275,90,1,3,0,0
2021-02-07T23:59:59+01:00,38,63,202,262,234,465,206,556,206,305,234,208,664,862,946,2464,21,31,90,112,113,189,92,237,97,136,81,87,237,311,325,930,7903,3120,87,1,0,0,0
2021-02-06T23:59:59+01:00,38,63,202,262,234,464,206,555,205,305,234,208,664,862,945,2454,17,24,90,111,112,183,90,232,97,133,80,87,237,307,316,919,7900,3065,76,1,0,0,0
2021-02-05T23:59:59+01:00,38,62,202,262,234,463,205,553,203,304,234,208,662,862,935,2432,14,19,83,104,109,179,88,230,92,120,77,86,229,301,298,896,7883,2953,49,0,0,0,0
2021-02-04T23:59:59+01:00,37,62,201,260,229,459,201,547,201,301,232,205,656,855,927,2424,11,10,58,74,85,137,78,196,71,99,71,76,201,268,261,795,7821,2511,49,0,0,0,0
2021-02-03T23:59:59+01:00,37,59,200,258,228,447,197,541,201,298,229,203,649,853,921,2409,7,6,42,57,69,113,60,150,56,76,54,51,153,192,204,585,7759,1890,44,0,0,0,0
2021-02-02T23:59:59+01:00,36,59,199,255,225,441,195,536,199,297,227,201,642,847,915,2389,5,5,28,39,53,81,47,97,43,59,44,34,111,140,135,377,7691,1308,43,0,0,0,0
2021-02-01T23:59:59+01:00,35,56,197,255,221,436,192,530,195,290,227,197,635,844,911,2380,3,2,22,21,27,43,28,61,25,34,29,22,69,93,74,224,7629,784,43,0,0,0,0
2021-01-31T23:59:59+01:00,35,56,197,253,219,432,190,522,194,288,226,197,630,840,907,2369,3,2,20,16,18,37,20,48,18,29,27,17,57,82,71,198,7583,668,42,0,0,0,0
2021-01-30T23:59:59+01:00,35,56,197,253,219,432,189,522,194,288,226,197,629,840,907,2367,3,2,19,15,16,37,18,44,16,28,26,16,57,79,69,192,7580,641,41,0,0,0,0
2021-01-29T23:59:59+01:00,35,56,197,250,217,431,189,521,193,286,226,197,624,838,901,2359,3,0,17,11,10,31,18,39,12,24,26,16,54,78,69,186,7553,596,37,0,0,0,0
2021-01-28T23:59:59+01:00,35,55,190,248,217,424,188,513,191,282,225,196,610,830,888,2342,3,0,4,3,5,20,11,19,5,12,22,10,35,52,46,133,7475,380,28,0,0,0,0
2021-01-27T23:59:59+01:00,34,53,186,242,211,414,185,499,187,272,218,190,598,814,869,2311,1,0,2,3,5,15,10,18,4,11,21,9,29,45,39,101,7325,313,23,0,0,0,0
2021-01-26T23:59:59+01:00,31,53,182,230,205,399,181,482,184,264,214,186,578,797,845,2268,1,0,1,3,5,15,10,18,4,11,20,8,27,38,39,89,7145,289,19,0,0,0,0
2021-01-25T23:59:59+01:00,31,52,176,229,202,389,178,469,178,256,205,182,556,779,827,2230,1,0,1,3,4,13,9,15,4,10,19,7,22,37,33,79,6996,257,6,0,0,0,0
2021-01-24T23:59:59+01:00,30,51,174,226,200,388,177,467,178,255,205,181,552,774,825,2225,1,0,1,3,3,13,9,15,4,10,19,7,22,37,32,78,6965,254,5,0,0,0,0
2021-01-23T23:59:59+01:00,30,51,174,226,198,388,177,467,178,255,205,181,551,774,817,2213,1,0,1,3,3,12,8,15,4,10,19,7,22,37,32,78,6942,252,5,0,0,0,0
2021-01-22T23:59:59+01:00,30,50,172,222,197,388,177,466,178,255,205,180,549,772,795,2179,1,0,1,3,3,12,8,15,4,10,19,7,22,37,32,78,6872,252,5,0,0,0,0
2021-01-21T23:59:59+01:00,29,49,162,213,191,370,171,446,177,241,195,176,523,745,766,2139,1,0,1,3,1,7,7,11,3,5,18,7,18,26,29,63,6647,200,5,0,0,0,0
2021-01-20T23:59:59+01:00,28,47,147,190,175,326,146,393,164,217,181,162,488,701,709,1971,1,0,1,3,1,7,7,11,3,4,17,6,17,25,25,60,6093,188,4,0,0,0,0
2021-01-19T23:59:59+01:00,26,46,126,158,157,294,136,350,147,197,153,143,431,610,627,1749,1,0,1,3,1,6,5,7,1,3,10,3,8,19,16,41,5392,125,3,0,0,0,0
2021-01-18T23:59:59+01:00,23,41,108,145,134,244,123,305,127,172,121,126,356,507,515,1470,1,0,1,1,0,3,4,5,0,3,1,1,3,7,8,22,4557,60,3,0,0,0,0
2021-01-17T23:59:59+01:00,22,29,104,132,125,228,116,280,121,163,114,114,341,480,471,1389,1,0,0,0,0,1,2,4,0,1,0,1,2,2,1,3,4263,18,3,0,0,0,0
2021-01-16T23:59:59+01:00,19,23,101,130,123,221,113,270,117,157,113,113,338,471,457,1369,0,0,0,0,0,0,0,0,0,0,0,0,0,0,0,0,4171,0,0,0,0,0,0
2021-01-15T23:59:59+01:00,15,21,97,122,120,214,110,263,116,144,108,110,331,458,435,1333,0,0,0,0,0,0,0,0,0,0,0,0,0,0,0,0,4030,0,0,0,0,0,0
2021-01-14T23:59:59+01:00,12,12,72,91,102,175,93,222,99,124,94,94,284,410,382,1149,0,0,0,0,0,0,0,0,0,0,0,0,0,0,0,0,3441,0,0,0,0,0,0
2021-01-13T23:59:59+01:00,8,10,61,80,93,148,82,181,87,101,73,69,217,283,315,890,0,0,0,0,0,0,0,0,0,0,0,0,0,0,0,0,2720,0,0,0,0,0,0
2021-01-12T23:59:59+01:00,7,10,52,62,76,115,70,131,70,79,55,48,160,212,224,613,0,0,0,0,0,0,0,0,0,0,0,0,0,0,0,0,2003,0,0,0,0,0,0
2021-01-11T23:59:59+01:00,4,8,46,48,63,84,52,102,53,59,37,28,91,139,117,339,0,0,0,0,0,0,0,0,0,0,0,0,0,0,0,0,1285,0,0,0,0,0,0
2021-01-10T23:59:59+01:00,3,7,40,36,47,67,36,81,42,50,34,22,76,125,111,291,0,0,0,0,0,0,0,0,0,0,0,0,0,0,0,0,1079,0,0,0,0,0,0
2021-01-09T23:59:59+01:00,3,6,37,34,41,65,34,72,37,46,34,22,76,123,109,289,0,0,0,0,0,0,0,0,0,0,0,0,0,0,0,0,1037,0,0,0,0,0,0
2021-01-08T23:59:59+01:00,3,4,30,28,34,59,28,61,33,40,33,21,72,120,107,280,0,0,0,0,0,0,0,0,0,0,0,0,0,0,0,0,960,0,0,0,0,0,0
2021-01-07T23:59:59+01:00,3,2,10,3,7,22,13,28,12,20,28,13,51,79,72,199,0,0,0,0,0,0,0,0,0,0,0,0,0,0,0,0,562,0,0,0,0,0,0
2021-01-06T23:59:59+01:00,3,0,3,3,5,17,10,19,7,14,25,12,43,65,61,161,0,0,0,0,0,0,0,0,0,0,0,0,0,0,0,0,448,0,0,0,0,0,0
2021-01-05T23:59:59+01:00,2,0,1,3,5,15,10,18,7,13,24,11,42,64,58,153,0,0,0,0,0,0,0,0,0,0,0,0,0,0,0,0,426,0,0,0,0,0,0
2021-01-04T23:59:59+01:00,1,0,1,3,5,14,9,16,6,12,22,9,31,51,45,118,0,0,0,0,0,0,0,0,0,0,0,0,0,0,0,0,343,0,0,0,0,0,0
2021-01-03T23:59:59+01:00,1,0,1,3,4,14,9,16,6,12,22,9,31,51,45,117,0,0,0,0,0,0,0,0,0,0,0,0,0,0,0,0,341,0,0,0,0,0,0
2021-01-02T23:59:59+01:00,1,0,1,3,4,14,8,16,6,12,22,9,31,51,45,117,0,0,0,0,0,0,0,0,0,0,0,0,0,0,0,0,340,0,0,0,0,0,0
2021-01-01T23:59:59+01:00,1,0,1,3,4,14,8,16,6,12,22,9,31,51,45,117,0,0,0,0,0,0,0,0,0,0,0,0,0,0,0,0,340,0,0,0,0,0,0
2020-12-31T23:59:59+01:00,1,0,1,3,4,13,8,16,6,12,22,9,31,51,45,117,0,0,0,0,0,0,0,0,0,0,0,0,0,0,0,0,339,0,0,0,0,0,0
2020-12-30T23:59:59+01:00,1,0,1,3,4,13,8,16,6,12,22,9,31,51,45,117,0,0,0,0,0,0,0,0,0,0,0,0,0,0,0,0,339,0,0,0,0,0,0
2020-12-29T23:59:59+01:00,1,0,1,3,3,9,6,11,4,10,15,6,23,44,32,94,0,0,0,0,0,0,0,0,0,0,0,0,0,0,0,0,262,0,0,0,0,0,0
2020-12-28T23:59:59+01:00,1,0,1,1,1,2,4,6,3,5,8,2,6,17,20,47,0,0,0,0,0,0,0,0,0,0,0,0,0,0,0,0,124,0,0,0,0,0,0
2020-12-27T23:59:59+01:00,1,0,0,0,0,1,2,6,0,2,1,1,4,5,4,14,0,0,0,0,0,0,0,0,0,0,0,0,0,0,0,0,41,0,0,0,0,0,0
