Datum,<15_m,<15_w,15-24_1_m,15-24_1_w,25-34_1_m,25-34_1_w,35-44_1_m,35-44_1_w,45-54_1_m,45-54_1_w,55-64_1_m,55-64_1_w,65-74_1_m,65-74_1_w,75-84_1_m,75-84_1_w,>84_1_m,>84_1_w,<24_2_m,<24_2_w,25-34_2_m,25-34_2_w,35-44_2_m,35-44_2_w,45-54_2_m,45-54_2_w,55-64_2_m,55-64_2_w,65-74_2_m,65-74_2_w,75-84_2_m,75-84_2_w,>84_2_m,>84_2_w,bp_1,bp_2,mo_1,mo_2,az_1,az_2,ja,unb_1,unb_2
2021-10-03T23:59:59+02:00,178,177,3755,3252,9458,6736,9042,6210,7860,8284,5264,5846,1798,2244,1137,1591,307,903,3199,2774,8391,6006,8222,5615,7238,7566,4863,5436,1672,2104,1063,1503,272,834,47393,41874,7434,6765,9050,7780,11568,35,35
2021-10-02T23:59:59+02:00,178,177,3752,3251,9456,6735,9039,6209,7857,8284,5262,5844,1797,2243,1137,1591,307,903,3196,2774,8388,6006,8220,5615,7235,7565,4862,5432,1671,2103,1063,1503,272,834,47383,41865,7432,6765,9050,7778,11560,35,35
2021-10-01T23:59:59+02:00,177,176,3741,3247,9436,6729,9029,6202,7845,8275,5259,5836,1794,2241,1137,1591,307,903,3183,2765,8370,5997,8205,5607,7228,7555,4857,5425,1669,2103,1062,1503,272,834,47323,41798,7430,6762,9050,7774,11525,35,35
2021-09-30T23:59:59+02:00,176,175,3714,3230,9392,6712,8998,6180,7823,8252,5244,5822,1791,2238,1136,1591,307,902,3162,2745,8330,5972,8177,5589,7216,7528,4845,5411,1668,2099,1062,1503,272,833,47172,41679,7425,6743,9050,7771,11439,35,35
2021-09-29T23:59:59+02:00,175,173,3698,3220,9352,6699,8981,6159,7811,8226,5236,5816,1789,2235,1135,1589,307,901,3146,2736,8299,5966,8161,5569,7205,7509,4835,5399,1668,2097,1062,1503,272,833,47053,41594,7421,6737,9050,7767,11381,35,35
2021-09-28T23:59:59+02:00,173,173,3683,3207,9315,6680,8950,6148,7787,8196,5227,5800,1788,2228,1135,1588,307,899,3129,2724,8273,5943,8139,5559,7181,7483,4826,5387,1668,2092,1062,1502,272,832,46925,41495,7418,6732,9050,7766,11294,35,35
2021-09-27T23:59:59+02:00,171,173,3666,3194,9285,6654,8928,6122,7769,8167,5214,5788,1786,2217,1134,1588,307,898,3108,2717,8237,5916,8113,5533,7159,7455,4814,5378,1665,2084,1062,1501,272,831,46806,41368,7408,6729,9050,7762,11200,35,35
2021-09-26T23:59:59+02:00,169,173,3656,3186,9266,6645,8917,6114,7757,8156,5210,5783,1782,2216,1133,1587,307,898,3098,2712,8216,5912,8103,5522,7145,7448,4806,5368,1662,2084,1062,1500,272,830,46747,41311,7404,6726,9049,7758,11158,35,35
2021-09-25T23:59:59+02:00,168,172,3650,3185,9257,6641,8913,6111,7752,8155,5208,5783,1782,2215,1133,1586,307,898,3092,2710,8209,5909,8099,5520,7142,7444,4805,5366,1661,2083,1061,1497,272,830,46730,41295,7402,6723,9049,7756,11138,35,35
2021-09-24T23:59:59+02:00,167,171,3632,3180,9226,6628,8898,6100,7731,8135,5201,5771,1781,2213,1133,1585,307,898,3079,2700,8183,5895,8088,5508,7121,7429,4798,5357,1661,2079,1061,1497,272,830,46650,41235,7401,6717,9049,7756,11060,35,35
2021-09-23T23:59:59+02:00,165,170,3600,3166,9167,6597,8849,6055,7691,8088,5182,5751,1776,2207,1131,1581,307,898,3058,2687,8132,5869,8043,5473,7080,7384,4779,5339,1653,2075,1060,1495,272,830,46497,41132,7392,6709,9049,7752,10845,35,35
2021-09-22T23:59:59+02:00,162,170,3579,3158,9143,6576,8822,6037,7658,8074,5166,5741,1774,2204,1130,1581,307,898,3036,2681,8108,5848,8020,5459,7051,7364,4764,5333,1651,2068,1058,1495,272,829,46377,41017,7387,6706,9047,7747,10771,35,35
2021-09-21T23:59:59+02:00,161,167,3561,3143,9116,6554,8777,6016,7626,8049,5154,5732,1773,2204,1130,1581,307,898,3013,2668,8072,5822,7977,5443,7015,7332,4749,5314,1649,2067,1057,1494,272,829,46258,40864,7380,6699,9047,7747,10666,35,35
2021-09-20T23:59:59+02:00,160,167,3534,3132,9077,6541,8745,5997,7594,8018,5147,5717,1769,2202,1130,1581,306,896,2992,2643,8029,5806,7939,5420,6981,7305,4741,5294,1646,2065,1056,1493,271,829,46139,40726,7379,6694,9047,7742,10548,35,35
2021-09-19T23:59:59+02:00,159,166,3518,3125,9049,6534,8733,5990,7588,8008,5140,5711,1768,2200,1129,1579,306,895,2985,2636,8002,5797,7920,5413,6967,7290,4734,5287,1646,2061,1055,1492,271,828,46083,40663,7374,6688,9047,7737,10494,35,35
2021-09-18T23:59:59+02:00,159,166,3514,3125,9043,6532,8729,5988,7585,8007,5138,5710,1768,2200,1129,1579,306,895,2977,2635,7993,5795,7909,5411,6961,7289,4730,5283,1646,2061,1055,1491,271,828,46073,40626,7373,6687,9046,7737,10481,35,35
2021-09-17T23:59:59+02:00,159,165,3496,3116,9006,6516,8702,5975,7566,7996,5129,5701,1767,2195,1127,1579,306,895,2963,2628,7952,5780,7882,5401,6939,7279,4723,5274,1646,2060,1054,1491,271,828,45984,40553,7365,6677,9044,7734,10403,35,35
2021-09-16T23:59:59+02:00,159,165,3472,3098,8950,6492,8660,5948,7530,7963,5110,5691,1766,2191,1127,1579,306,894,2952,2615,7913,5755,7849,5378,6918,7254,4710,5269,1644,2059,1054,1491,270,827,45800,40439,7341,6669,9043,7727,10316,35,35
2021-09-15T23:59:59+02:00,157,165,3450,3088,8918,6475,8633,5925,7504,7945,5104,5674,1763,2188,1124,1579,305,893,2934,2611,7888,5743,7822,5351,6885,7235,4695,5253,1642,2056,1054,1488,268,824,45668,40310,7337,6662,9043,7726,10241,35,35
2021-09-14T23:59:59+02:00,157,164,3431,3070,8874,6457,8589,5899,7477,7914,5093,5657,1761,2185,1123,1579,304,893,2913,2596,7845,5719,7782,5333,6860,7210,4680,5238,1641,2056,1053,1485,268,823,45520,40181,7329,6653,9043,7723,10133,35,35
2021-09-13T23:59:59+02:00,156,163,3419,3056,8834,6438,8559,5879,7460,7884,5081,5643,1759,2181,1123,1579,304,892,2899,2587,7814,5703,7766,5321,6851,7188,4672,5233,1640,2053,1053,1484,268,823,45371,40086,7310,6648,9043,7721,10084,35,35
2021-09-12T23:59:59+02:00,156,162,3404,3054,8811,6429,8549,5870,7450,7868,5075,5636,1758,2180,1122,1576,304,891,2887,2579,7790,5688,7757,5311,6837,7172,4669,5226,1636,2052,1053,1484,268,822,45296,40011,7309,6643,9043,7714,10044,35,35
2021-09-11T23:59:59+02:00,156,162,3402,3052,8803,6425,8545,5868,7449,7867,5073,5634,1757,2179,1121,1576,304,891,2885,2578,7782,5685,7753,5308,6836,7168,4669,5224,1636,2052,1053,1484,268,822,45281,39996,7307,6642,9042,7714,10030,35,35
2021-09-10T23:59:59+02:00,155,158,3375,3046,8778,6406,8528,5855,7425,7848,5063,5614,1754,2176,1120,1576,304,891,2871,2574,7757,5662,7736,5295,6814,7151,4655,5206,1635,2051,1053,1483,268,822,45204,39941,7304,6638,9042,7713,9917,35,35
2021-09-09T23:59:59+02:00,153,155,3358,3030,8733,6378,8493,5831,7404,7810,5047,5603,1751,2174,1120,1576,304,891,2858,2564,7723,5636,7711,5275,6792,7122,4642,5191,1634,2047,1053,1483,268,822,45041,39835,7296,6627,9042,7705,9826,35,35
2021-09-08T23:59:59+02:00,152,153,3340,3018,8701,6368,8469,5803,7387,7781,5033,5587,1748,2172,1119,1575,304,890,2841,2553,7681,5620,7677,5252,6766,7087,4630,5169,1633,2046,1052,1483,267,822,44944,39710,7289,6618,9041,7701,9718,35,35
2021-09-07T23:59:59+02:00,151,152,3320,3013,8684,6342,8440,5783,7366,7763,5018,5576,1748,2170,1118,1574,304,887,2824,2543,7653,5596,7652,5229,6748,7062,4617,5157,1630,2042,1051,1482,267,822,44820,39582,7286,6608,9041,7697,9653,35,35
2021-09-06T23:59:59+02:00,151,152,3300,3005,8654,6323,8417,5772,7349,7740,5010,5563,1744,2162,1116,1574,304,887,2805,2533,7627,5582,7628,5219,6732,7036,4610,5143,1624,2040,1051,1482,267,822,44700,39476,7284,6605,9040,7696,9589,35,35
2021-09-05T23:59:59+02:00,151,152,3287,3001,8646,6315,8406,5763,7347,7730,5003,5554,1742,2161,1116,1574,304,886,2794,2531,7612,5570,7617,5205,6725,7030,4600,5137,1621,2039,1051,1481,267,822,44655,39423,7282,6596,9039,7695,9552,35,35
2021-09-04T23:59:59+02:00,151,151,3283,3000,8644,6309,8400,5763,7344,7729,5003,5553,1741,2161,1116,1574,304,886,2791,2528,7608,5562,7611,5205,6720,7028,4599,5136,1618,2038,1050,1481,267,822,44642,39403,7282,6593,9039,7693,9539,35,35
2021-09-03T23:59:59+02:00,149,150,3269,2982,8611,6301,8381,5746,7326,7714,4991,5538,1739,2159,1116,1572,304,884,2773,2513,7579,5548,7590,5187,6701,7006,4586,5116,1615,2037,1050,1479,267,820,44562,39317,7273,6570,9039,7692,9447,35,35
2021-09-02T23:59:59+02:00,149,148,3248,2965,8562,6277,8340,5728,7305,7689,4979,5520,1734,2155,1114,1571,303,883,2756,2500,7531,5528,7556,5170,6676,6980,4577,5095,1611,2033,1048,1477,267,817,44436,39209,7264,6560,9037,7689,9320,35,35
2021-09-01T23:59:59+02:00,147,148,3231,2956,8523,6263,8313,5716,7285,7674,4969,5513,1733,2152,1113,1568,303,883,2740,2492,7485,5506,7523,5153,6648,6958,4567,5082,1608,2031,1047,1474,267,817,44330,39067,7253,6539,9037,7687,9255,35,35
2021-08-31T23:59:59+02:00,145,148,3215,2948,8480,6242,8292,5705,7268,7653,4963,5504,1730,2150,1112,1567,302,882,2725,2481,7441,5486,7501,5135,6625,6930,4555,5063,1604,2029,1046,1474,266,817,44234,38952,7248,6530,9037,7674,9169,35,35
2021-08-30T23:59:59+02:00,144,148,3190,2930,8441,6216,8248,5682,7232,7624,4951,5490,1726,2148,1111,1567,302,882,2695,2467,7396,5463,7464,5116,6593,6910,4545,5046,1600,2027,1045,1474,266,816,44081,38826,7247,6520,9036,7673,9049,35,35
2021-08-29T23:59:59+02:00,143,148,3178,2915,8417,6209,8229,5673,7224,7614,4943,5481,1725,2145,1111,1567,301,882,2672,2447,7364,5454,7445,5099,6580,6896,4534,5041,1598,2026,1044,1473,265,816,44014,38726,7242,6509,9036,7668,8991,35,35
2021-08-28T23:59:59+02:00,142,148,3174,2915,8414,6206,8224,5672,7217,7612,4943,5480,1725,2144,1111,1566,301,882,2667,2443,7359,5449,7439,5097,6575,6892,4531,5040,1598,2026,1044,1472,265,816,44003,38702,7242,6509,9036,7668,8973,35,35
2021-08-27T23:59:59+02:00,140,148,3164,2912,8396,6196,8202,5664,7198,7602,4931,5472,1725,2144,1111,1565,301,882,2654,2439,7341,5441,7418,5084,6560,6884,4521,5032,1598,2026,1043,1470,265,816,43941,38641,7241,6508,9036,7667,8911,35,35
2021-08-26T23:59:59+02:00,140,147,3140,2900,8359,6175,8169,5652,7175,7579,4918,5461,1723,2141,1111,1564,301,881,2631,2418,7303,5413,7370,5056,6526,6857,4497,5017,1593,2020,1043,1469,265,816,43812,38459,7235,6489,9036,7647,8824,35,35
2021-08-25T23:59:59+02:00,136,145,3119,2891,8322,6158,8135,5638,7150,7555,4906,5440,1721,2138,1111,1562,301,881,2596,2400,7251,5374,7321,5021,6489,6818,4480,4991,1592,2015,1042,1468,265,816,43703,38226,7231,6481,9036,7640,8710,35,35
2021-08-24T23:59:59+02:00,136,144,3114,2882,8303,6143,8117,5621,7134,7533,4896,5429,1718,2137,1110,1560,301,879,2576,2382,7219,5345,7289,4999,6463,6791,4464,4973,1592,2013,1041,1468,265,815,43630,38067,7227,6472,9036,7636,8635,35,35
2021-08-23T23:59:59+02:00,135,138,3090,2864,8257,6121,8075,5602,7105,7505,4882,5416,1718,2136,1108,1559,301,878,2549,2363,7173,5308,7249,4982,6429,6760,4449,4957,1588,2013,1041,1467,264,815,43498,37914,7217,6460,9033,7630,8510,35,35
2021-08-22T23:59:59+02:00,135,138,3079,2855,8241,6104,8060,5595,7087,7494,4876,5410,1717,2135,1107,1559,301,878,2535,2348,7143,5286,7225,4969,6410,6741,4445,4948,1585,2008,1040,1467,263,814,43428,37787,7210,6450,9033,7627,8466,35,35
2021-08-21T23:59:59+02:00,134,138,3070,2852,8231,6096,8049,5593,7082,7489,4874,5404,1716,2135,1107,1558,301,878,2526,2340,7126,5273,7205,4959,6398,6734,4437,4941,1584,2006,1039,1467,263,814,43383,37712,7207,6423,9033,7625,8449,35,35
2021-08-20T23:59:59+02:00,133,137,3060,2844,8206,6082,8020,5574,7064,7469,4862,5392,1714,2133,1107,1557,301,876,2497,2328,7082,5241,7171,4930,6363,6698,4421,4921,1578,2002,1038,1464,263,812,43318,37548,7198,6387,9032,7616,8346,35,35
2021-08-19T23:59:59+02:00,132,135,3042,2832,8164,6058,7981,5555,7044,7442,4849,5376,1708,2130,1106,1555,301,875,2453,2310,7002,5191,7112,4894,6316,6640,4391,4890,1574,1998,1038,1463,263,812,43194,37225,7186,6357,9030,7605,8233,35,35
2021-08-18T23:59:59+02:00,131,133,3028,2825,8141,6042,7951,5542,7012,7425,4837,5368,1703,2128,1106,1555,300,874,2427,2293,6939,5159,7057,4861,6274,6609,4368,4867,1569,1994,1036,1462,263,811,43087,36997,7182,6305,9030,7597,8159,35,35
2021-08-17T23:59:59+02:00,131,133,3011,2815,8118,6016,7924,5529,6999,7404,4826,5357,1700,2126,1105,1554,299,874,2400,2275,6882,5113,7014,4828,6248,6569,4350,4848,1561,1989,1035,1458,262,811,42970,36736,7176,6271,9029,7591,8101,35,35
2021-08-16T23:59:59+02:00,129,132,3001,2805,8097,6000,7904,5523,6987,7389,4813,5344,1699,2125,1104,1554,299,874,2370,2248,6810,5073,6947,4794,6201,6527,4319,4821,1559,1987,1032,1457,262,811,42883,36377,7171,6257,9029,7579,8050,35,35
2021-08-15T23:59:59+02:00,129,131,2993,2794,8071,5990,7888,5512,6969,7376,4808,5336,1697,2122,1104,1553,299,874,2340,2212,6753,5043,6910,4768,6163,6499,4307,4809,1555,1981,1031,1455,262,811,42797,36109,7165,6236,9028,7575,8010,35,35
2021-08-14T23:59:59+02:00,128,131,2987,2788,8060,5986,7879,5511,6968,7374,4804,5334,1695,2121,1104,1552,299,874,2331,2204,6728,5032,6897,4758,6155,6486,4288,4800,1552,1978,1031,1453,262,810,42777,36015,7164,6225,9028,7574,7980,35,35
2021-08-13T23:59:59+02:00,127,130,2973,2785,8040,5977,7870,5499,6954,7364,4796,5327,1695,2117,1103,1551,299,874,2295,2182,6681,5003,6859,4731,6115,6459,4277,4786,1551,1974,1030,1453,262,810,42716,35782,7163,6211,9028,7573,7927,35,35
2021-08-12T23:59:59+02:00,125,125,2955,2777,8008,5957,7840,5481,6932,7341,4783,5313,1693,2115,1100,1550,299,874,2259,2149,6594,4956,6807,4694,6069,6410,4251,4756,1548,1971,1027,1452,262,810,42615,35477,7157,6184,9027,7552,7820,35,35
2021-08-11T23:59:59+02:00,123,122,2940,2763,7969,5932,7820,5471,6911,7321,4773,5299,1691,2113,1100,1549,298,874,2233,2119,6514,4902,6732,4654,6012,6348,4230,4717,1543,1963,1027,1450,262,808,42496,35067,7146,6153,9022,7545,7756,35,35
2021-08-10T23:59:59+02:00,123,121,2922,2753,7938,5919,7794,5452,6883,7305,4755,5291,1688,2113,1100,1547,298,873,2162,2066,6402,4845,6646,4586,5923,6282,4183,4693,1534,1955,1025,1448,262,807,42391,34479,7136,6130,9020,7531,7678,35,35
2021-08-09T23:59:59+02:00,120,121,2904,2746,7908,5898,7772,5442,6859,7286,4746,5280,1687,2112,1100,1547,298,872,2101,2009,6303,4774,6551,4545,5853,6227,4156,4660,1528,1945,1024,1447,262,807,42310,34005,7129,6080,9020,7509,7588,35,35
2021-08-08T23:59:59+02:00,120,120,2890,2740,7893,5889,7757,5431,6850,7278,4740,5276,1684,2112,1100,1547,298,872,2075,1984,6244,4738,6510,4519,5815,6205,4143,4643,1518,1941,1023,1445,262,807,42258,33776,7127,6037,9017,7501,7544,35,35
2021-08-07T23:59:59+02:00,119,119,2884,2733,7874,5876,7743,5424,6844,7268,4735,5271,1682,2112,1099,1547,298,872,2044,1963,6168,4691,6455,4486,5783,6168,4126,4629,1514,1940,1023,1442,262,807,42202,33471,7122,6009,9017,7491,7508,35,35
2021-08-06T23:59:59+02:00,119,118,2873,2725,7846,5865,7713,5402,6824,7247,4724,5257,1677,2110,1099,1546,298,872,2008,1929,6072,4619,6382,4451,5743,6130,4106,4608,1511,1937,1022,1439,262,807,42140,33135,7105,5981,9017,7476,7402,35,35
2021-08-05T23:59:59+02:00,118,117,2848,2709,7822,5846,7676,5383,6802,7226,4705,5233,1673,2107,1097,1542,298,871,1967,1881,5945,4514,6273,4392,5674,6066,4069,4566,1504,1929,1019,1437,262,807,42013,32653,7097,5894,9016,7419,7293,35,35
2021-08-04T23:59:59+02:00,115,113,2805,2689,7755,5815,7639,5358,6774,7193,4687,5218,1669,2103,1095,1541,298,871,1906,1849,5826,4448,6151,4339,5607,6000,4041,4528,1494,1924,1015,1434,262,806,41807,32170,7084,5846,9016,7386,7169,35,35
2021-08-03T23:59:59+02:00,113,112,2790,2671,7729,5803,7603,5343,6752,7168,4675,5204,1665,2102,1094,1538,298,871,1873,1819,5733,4386,6045,4289,5539,5942,4001,4487,1489,1917,1014,1432,262,806,41675,31703,7079,5803,9015,7362,7099,35,35
2021-08-02T23:59:59+02:00,113,112,2767,2648,7698,5781,7579,5332,6732,7153,4659,5194,1663,2098,1093,1538,297,871,1851,1785,5613,4296,5934,4229,5472,5890,3956,4454,1484,1904,1013,1429,261,805,41544,31153,7072,5767,9015,7344,7033,35,35
2021-08-01T23:59:59+02:00,113,111,2752,2633,7669,5760,7566,5316,6720,7145,4654,5187,1662,2097,1091,1538,297,871,1832,1766,5538,4252,5874,4186,5428,5868,3941,4434,1482,1901,1011,1426,261,805,41455,30867,7060,5739,9015,7323,6986,35,35
2021-07-31T23:59:59+02:00,111,110,2744,2626,7655,5753,7558,5312,6714,7136,4653,5186,1661,2097,1091,1538,297,871,1796,1727,5440,4188,5809,4142,5376,5830,3915,4410,1478,1898,1011,1425,261,805,41417,30397,7058,5728,9015,7319,6957,35,35
2021-07-30T23:59:59+02:00,109,108,2734,2618,7631,5737,7546,5295,6697,7122,4646,5178,1660,2096,1091,1537,297,871,1774,1705,5360,4151,5747,4090,5319,5783,3889,4391,1474,1896,1010,1422,261,805,41340,30045,7046,5703,9015,7308,6903,35,35
2021-07-29T23:59:59+02:00,107,106,2700,2602,7581,5696,7506,5253,6669,7083,4621,5158,1659,2091,1089,1536,297,871,1736,1677,5242,4054,5618,4018,5231,5698,3841,4340,1467,1887,1007,1420,260,805,41141,29485,7032,5650,9009,7269,6768,35,35
2021-07-28T23:59:59+02:00,105,104,2682,2588,7551,5669,7480,5227,6646,7061,4607,5145,1655,2089,1088,1534,296,870,1699,1633,5147,3986,5502,3951,5144,5626,3804,4308,1455,1880,1005,1418,260,804,40970,28934,7022,5593,9005,7231,6725,35,35
2021-07-27T23:59:59+02:00,101,102,2666,2569,7514,5654,7449,5209,6628,7043,4596,5133,1655,2088,1088,1533,295,870,1655,1605,5014,3908,5378,3870,5053,5558,3765,4256,1448,1869,1004,1415,259,804,40858,28360,7006,5512,9004,7188,6650,35,35
2021-07-26T23:59:59+02:00,100,100,2644,2556,7480,5630,7417,5191,6605,7022,4590,5122,1653,2088,1086,1533,295,870,1612,1552,4878,3840,5276,3804,4979,5489,3704,4222,1445,1856,1003,1410,259,803,40721,27793,6985,5443,9001,7140,6595,35,35
2021-07-25T23:59:59+02:00,94,98,2629,2542,7444,5610,7391,5183,6586,7004,4581,5118,1651,2085,1085,1531,295,869,1589,1527,4819,3793,5218,3773,4931,5454,3672,4198,1441,1852,1002,1410,259,803,40589,27509,6977,5411,8999,7107,6546,35,35
2021-07-24T23:59:59+02:00,94,96,2616,2534,7417,5600,7367,5167,6574,6991,4571,5114,1650,2082,1085,1531,295,869,1570,1507,4773,3774,5147,3726,4889,5430,3652,4190,1440,1850,1001,1408,259,802,40516,27317,6956,5324,8998,7107,6496,35,35
2021-07-23T23:59:59+02:00,92,94,2592,2513,7370,5579,7344,5143,6538,6967,4551,5103,1648,2078,1083,1531,295,869,1512,1478,4635,3670,5017,3656,4816,5360,3600,4160,1438,1841,1000,1403,258,802,40351,26671,6949,5297,8996,7086,6402,35,35
2021-07-22T23:59:59+02:00,92,91,2561,2487,7296,5535,7293,5106,6492,6919,4516,5079,1642,2071,1082,1530,295,867,1458,1439,4471,3596,4865,3575,4664,5280,3519,4106,1425,1832,995,1401,258,801,40053,26019,6926,5158,8985,7019,6290,35,35
2021-07-21T23:59:59+02:00,91,88,2534,2471,7233,5504,7242,5066,6434,6878,4496,5056,1635,2065,1082,1527,295,865,1422,1396,4350,3514,4732,3511,4562,5175,3449,4064,1414,1820,993,1400,258,799,39809,25549,6886,4954,8980,6959,6182,35,35
2021-07-20T23:59:59+02:00,91,88,2514,2450,7182,5471,7206,5038,6397,6839,4470,5038,1631,2061,1082,1526,295,865,1389,1365,4234,3448,4645,3458,4463,5096,3396,4033,1409,1811,992,1399,258,798,39573,25070,6877,4880,8978,6906,6107,35,35
2021-07-19T23:59:59+02:00,90,88,2493,2427,7130,5435,7161,5018,6354,6807,4451,5022,1625,2056,1081,1523,295,864,1367,1339,4161,3401,4560,3425,4388,5035,3360,4006,1403,1805,988,1396,256,797,39300,24758,6866,4758,8976,6866,6065,35,35
2021-07-18T23:59:59+02:00,90,86,2466,2402,7069,5401,7127,4990,6318,6770,4434,5012,1618,2051,1080,1523,294,863,1349,1315,4114,3361,4522,3396,4341,5013,3326,3993,1397,1796,987,1396,256,795,39024,24560,6851,4680,8970,6840,6033,35,34
2021-07-17T23:59:59+02:00,87,84,2454,2388,7050,5388,7109,4974,6299,6756,4413,5001,1614,2050,1080,1522,294,861,1337,1302,4079,3330,4471,3374,4300,4983,3297,3981,1391,1793,987,1394,256,795,38919,24393,6842,4625,8969,6831,5976,35,34
2021-07-16T23:59:59+02:00,87,81,2418,2367,6992,5354,7050,4936,6256,6713,4386,4973,1608,2044,1079,1521,294,861,1294,1277,3983,3276,4379,3333,4219,4928,3235,3934,1378,1784,982,1392,256,794,38741,24048,6819,4595,8961,6766,5775,35,34
2021-07-15T23:59:59+02:00,85,77,2374,2339,6923,5318,6993,4898,6210,6660,4368,4947,1605,2039,1077,1518,292,861,1242,1245,3789,3168,4192,3232,4075,4832,3170,3868,1370,1776,978,1388,254,794,38423,23364,6802,4357,8955,6703,5674,35,34
2021-07-14T23:59:59+02:00,84,74,2339,2323,6859,5289,6923,4864,6156,6614,4346,4924,1597,2033,1075,1516,292,861,1197,1204,3667,3079,4088,3165,3965,4767,3123,3825,1358,1766,977,1385,254,794,38120,22863,6783,4255,8953,6632,5578,35,34
2021-07-13T23:59:59+02:00,80,71,2305,2296,6806,5260,6859,4826,6115,6565,4324,4907,1587,2028,1073,1516,292,861,1165,1165,3561,2991,3964,3094,3877,4677,3071,3767,1330,1759,974,1380,252,792,37802,22364,6776,4121,8950,6532,5504,34,34
2021-07-12T23:59:59+02:00,75,71,2280,2273,6742,5219,6792,4784,6065,6524,4297,4882,1582,2025,1070,1516,292,861,1134,1143,3454,2906,3851,3026,3775,4599,3019,3722,1317,1750,969,1372,252,792,37476,21911,6762,3992,8947,6448,5420,34,33
2021-07-11T23:59:59+02:00,69,69,2267,2261,6710,5195,6764,4762,6037,6506,4287,4874,1579,2020,1068,1516,291,861,1122,1126,3408,2862,3793,2990,3722,4571,2997,3708,1307,1737,966,1368,252,792,37367,21725,6742,3955,8943,6388,5338,34,33
2021-07-10T23:59:59+02:00,68,68,2242,2229,6633,5155,6700,4725,5989,6470,4263,4863,1576,2017,1068,1513,291,860,1103,1106,3354,2822,3745,2961,3685,4541,2980,3696,1301,1730,966,1366,252,792,37123,21544,6718,3954,8929,6374,5207,34,33
2021-07-09T23:59:59+02:00,67,65,2215,2209,6567,5122,6656,4703,5942,6438,4245,4841,1574,2011,1068,1512,291,860,1079,1089,3305,2774,3694,2921,3636,4504,2953,3668,1298,1714,964,1365,252,792,36903,21315,6691,3921,8918,6320,5114,34,33
2021-07-08T23:59:59+02:00,62,62,2167,2168,6480,5055,6560,4652,5877,6373,4208,4807,1567,2002,1066,1508,291,860,1006,1039,3138,2684,3500,2842,3459,4410,2882,3606,1283,1699,961,1356,251,791,36582,20819,6618,3631,8887,6184,4912,34,33
2021-07-07T23:59:59+02:00,62,61,2095,2122,6373,4982,6456,4601,5805,6317,4177,4759,1561,1993,1063,1503,291,860,951,1004,2988,2600,3325,2758,3301,4306,2827,3542,1268,1669,952,1347,251,788,36104,20253,6579,3390,8866,6102,4757,34,33
2021-07-06T23:59:59+02:00,59,61,2048,2085,6266,4932,6366,4555,5752,6250,4137,4724,1554,1988,1060,1498,291,860,914,964,2873,2496,3237,2699,3229,4216,2775,3485,1242,1638,948,1339,251,788,35660,19749,6531,3276,8850,6019,4661,34,33
2021-07-05T23:59:59+02:00,56,61,1984,2045,6135,4863,6251,4517,5683,6193,4098,4687,1549,1981,1058,1496,291,858,872,928,2769,2425,3154,2653,3154,4148,2731,3431,1221,1621,942,1329,251,784,35177,19363,6490,3200,8826,5935,4519,34,32
2021-07-04T23:59:59+02:00,56,60,1942,2004,6054,4824,6213,4488,5641,6172,4081,4665,1546,1979,1058,1494,291,857,832,903,2707,2379,3117,2628,3122,4113,2710,3410,1207,1602,940,1328,250,784,34968,19218,6452,3143,8803,5862,4405,34,32
2021-07-03T23:59:59+02:00,53,48,1845,1926,5838,4661,6061,4403,5557,6085,4034,4632,1544,1975,1057,1490,291,857,794,875,2639,2331,3062,2600,3083,4066,2680,3379,1202,1597,939,1324,250,782,34141,19028,6418,3140,8795,5837,4192,34,32
2021-07-02T23:59:59+02:00,45,41,1810,1892,5765,4620,6017,4375,5537,6059,4019,4614,1543,1969,1055,1489,290,857,773,849,2567,2279,2993,2555,3038,4015,2649,3342,1183,1580,935,1318,250,780,33872,18715,6384,3111,8790,5736,4133,34,32
2021-07-01T23:59:59+02:00,41,34,1762,1856,5661,4548,5936,4324,5458,5992,3991,4584,1540,1963,1054,1488,290,856,700,804,2376,2200,2806,2464,2855,3897,2549,3251,1160,1556,924,1303,250,778,33457,17918,6336,2901,8775,5634,3989,34,32
2021-06-30T23:59:59+02:00,41,32,1712,1804,5543,4468,5836,4275,5398,5945,3977,4560,1536,1955,1052,1485,290,856,665,769,2268,2127,2691,2409,2746,3806,2483,3174,1136,1529,916,1293,249,777,33028,17444,6277,2778,8760,5499,3870,34,32
2021-06-29T23:59:59+02:00,39,30,1652,1724,5433,4387,5737,4216,5347,5886,3948,4530,1528,1950,1051,1484,290,855,634,719,2185,2047,2616,2345,2644,3691,2426,3123,1123,1496,903,1283,249,774,32496,16952,6243,2708,8752,5382,3754,34,32
2021-06-28T23:59:59+02:00,38,29,1618,1669,5315,4325,5672,4165,5299,5845,3919,4505,1525,1941,1050,1482,290,855,622,695,2086,1979,2540,2286,2573,3608,2375,3076,1109,1478,896,1277,249,772,32085,16623,6182,2565,8742,5283,3678,34,32
2021-06-27T23:59:59+02:00,38,28,1589,1641,5264,4287,5629,4134,5253,5831,3907,4493,1522,1937,1050,1481,290,855,606,680,2035,1938,2498,2262,2528,3571,2344,3057,1102,1467,895,1268,249,772,31896,16476,6150,2511,8719,5201,3608,34,32
2021-06-26T23:59:59+02:00,31,24,1561,1615,5194,4240,5538,4093,5212,5798,3888,4478,1522,1935,1050,1479,290,855,599,669,2002,1911,2463,2241,2509,3548,2321,3039,1084,1457,894,1266,249,772,31541,16248,6069,2506,8719,5183,3608,34,32
2021-06-25T23:59:59+02:00,25,18,1523,1577,5091,4167,5482,4065,5176,5774,3864,4468,1519,1933,1048,1478,289,855,591,646,1950,1884,2397,2172,2410,3416,2279,2937,1073,1435,891,1262,248,771,31119,15782,6040,2479,8718,5003,3606,34,32
2021-06-24T23:59:59+02:00,19,15,1473,1525,4909,4057,5351,4010,5075,5731,3824,4441,1515,1929,1048,1477,288,855,556,625,1846,1811,2223,2100,2244,3333,2175,2844,1041,1413,883,1256,247,768,30479,15272,5981,2165,8708,4921,3497,34,32
2021-06-23T23:59:59+02:00,18,15,1440,1481,4824,4002,5271,3955,5026,5686,3802,4406,1506,1923,1045,1474,287,855,525,604,1774,1748,2112,2047,2127,3243,2073,2756,1017,1391,879,1248,245,767,30040,14707,5929,2086,8704,4779,3462,34,32
2021-06-22T23:59:59+02:00,18,15,1412,1463,4751,3938,5186,3907,4981,5640,3776,4383,1501,1917,1044,1472,287,855,509,584,1711,1702,2024,1994,2042,3135,1973,2668,1003,1369,869,1236,245,762,29628,14285,5886,1962,8699,4609,3436,34,31
2021-06-21T23:59:59+02:00,17,15,1383,1423,4633,3848,5105,3863,4913,5580,3746,4362,1498,1904,1042,1467,286,853,493,568,1672,1659,1988,1952,1992,3053,1909,2584,983,1339,847,1216,245,759,29088,13985,5846,1865,8697,4469,3399,34,31
2021-06-20T23:59:59+02:00,16,13,1356,1390,4559,3780,5054,3844,4878,5559,3723,4350,1495,1903,1041,1467,285,853,477,551,1642,1630,1963,1928,1961,3026,1869,2547,975,1324,845,1210,245,758,28792,13806,5810,1827,8684,4407,3365,34,30
2021-06-19T23:59:59+02:00,15,13,1344,1371,4517,3747,5029,3819,4848,5535,3706,4337,1490,1901,1041,1466,284,853,472,547,1623,1609,1944,1902,1946,3002,1844,2511,967,1317,841,1209,243,757,28611,13634,5747,1796,8684,4400,3351,34,30
2021-06-18T23:59:59+02:00,10,9,1322,1354,4445,3705,4979,3776,4797,5498,3681,4325,1487,1898,1039,1464,284,853,456,538,1603,1593,1916,1871,1900,2955,1795,2457,954,1302,839,1205,242,755,28278,13331,5700,1793,8683,4354,3339,34,30
2021-06-17T23:59:59+02:00,7,8,1283,1317,4281,3628,4793,3696,4626,5411,3626,4280,1481,1895,1039,1463,283,853,417,517,1502,1560,1738,1810,1741,2859,1695,2377,933,1284,828,1194,240,753,27668,12863,5647,1688,8676,4271,3049,32,30
2021-06-16T23:59:59+02:00,7,7,1254,1286,4177,3544,4696,3642,4524,5349,3581,4253,1475,1891,1038,1459,283,852,400,495,1439,1522,1678,1777,1659,2772,1636,2301,917,1258,818,1179,240,750,27181,12446,5536,1617,8664,4196,2998,32,30
2021-06-15T23:59:59+02:00,7,7,1219,1253,4040,3461,4625,3583,4447,5278,3538,4221,1465,1884,1033,1457,283,851,387,475,1385,1471,1628,1733,1593,2717,1568,2232,900,1230,813,1168,239,749,26627,12117,5499,1533,8649,4126,2921,32,30
2021-06-14T23:59:59+02:00,7,5,1190,1216,3949,3406,4541,3529,4364,5207,3484,4190,1461,1875,1032,1452,281,849,378,464,1339,1437,1577,1698,1542,2655,1512,2180,890,1207,809,1161,238,747,26156,11865,5405,1463,8645,4041,2867,31,30
2021-06-13T23:59:59+02:00,7,5,1174,1200,3902,3365,4493,3487,4314,5164,3463,4174,1460,1869,1032,1451,281,848,371,456,1306,1419,1540,1673,1503,2618,1478,2141,872,1187,806,1151,238,745,25901,11684,5369,1440,8639,3967,2809,31,30
2021-06-12T23:59:59+02:00,7,4,1159,1172,3873,3344,4463,3464,4297,5148,3448,4164,1458,1866,1031,1450,281,847,366,455,1294,1400,1518,1649,1483,2597,1453,2122,864,1177,796,1148,238,744,25710,11547,5358,1440,8637,3908,2797,31,29
2021-06-11T23:59:59+02:00,6,4,1142,1158,3834,3297,4392,3437,4256,5109,3418,4152,1457,1864,1030,1447,281,846,356,441,1273,1360,1490,1629,1440,2555,1407,2081,854,1163,793,1142,238,743,25407,11307,5329,1432,8633,3830,2779,31,29
2021-06-10T23:59:59+02:00,6,3,1076,1105,3711,3215,4255,3355,4158,5043,3364,4115,1452,1857,1028,1446,281,846,335,425,1209,1320,1423,1571,1375,2485,1321,1982,827,1131,789,1132,237,740,24801,10885,5190,1419,8614,3668,2704,31,28
2021-06-09T23:59:59+02:00,6,1,1027,1068,3567,3109,4117,3294,4068,4967,3317,4072,1448,1851,1026,1443,281,846,317,405,1148,1277,1359,1536,1318,2406,1241,1915,801,1078,782,1118,236,738,24304,10585,5007,1359,8606,3529,2567,31,28
2021-06-08T23:59:59+02:00,5,1,974,1031,3431,3015,3996,3214,3961,4885,3267,4042,1441,1847,1024,1440,280,844,302,385,1102,1238,1303,1503,1262,2350,1195,1842,782,1043,771,1102,232,735,23741,10349,4865,1309,8595,3391,2454,31,27
2021-06-07T23:59:59+02:00,4,1,947,1004,3321,2934,3859,3182,3838,4817,3214,4016,1426,1842,1023,1438,280,843,296,379,1059,1198,1246,1483,1214,2299,1127,1788,769,1025,758,1086,231,731,23346,10182,4682,1273,8588,3264,2317,31,27
2021-06-06T23:59:59+02:00,4,1,924,993,3261,2900,3780,3135,3770,4789,3183,4000,1424,1836,1020,1437,279,843,288,368,1045,1171,1217,1455,1192,2242,1100,1728,756,1010,751,1078,231,728,23134,10073,4548,1219,8577,3154,2254,31,27
2021-06-05T23:59:59+02:00,4,1,913,975,3193,2840,3725,3106,3735,4765,3173,3996,1423,1834,1020,1437,279,842,282,357,1027,1151,1198,1440,1169,2215,1068,1708,743,987,749,1075,231,728,22856,9914,4542,1215,8573,3113,2218,31,26
2021-06-04T23:59:59+02:00,2,1,886,956,3147,2787,3652,3069,3672,4712,3147,3976,1419,1830,1018,1437,279,842,271,350,1005,1122,1177,1426,1146,2179,1040,1680,728,966,743,1070,231,726,22540,9782,4496,1210,8569,3054,2143,31,26
2021-06-03T23:59:59+02:00,2,1,842,921,2988,2694,3469,2965,3497,4598,3055,3901,1410,1820,1014,1432,279,842,260,340,974,1082,1123,1374,1082,2097,978,1622,690,928,735,1057,231,725,21854,9569,4257,1192,8552,2892,1963,31,26
2021-06-02T23:59:59+02:00,2,1,817,910,2921,2630,3415,2925,3438,4540,3014,3875,1408,1815,1014,1431,279,842,247,332,950,1061,1085,1357,1042,2058,929,1577,678,897,732,1052,231,724,21502,9360,4238,1178,8552,2856,1868,31,26
2021-06-01T23:59:59+02:00,2,1,770,877,2768,2517,3236,2831,3271,4437,2955,3814,1397,1809,1011,1426,279,842,236,318,870,1003,998,1301,960,1953,880,1500,649,844,726,1043,231,718,20892,9079,4028,1143,8541,2663,1640,31,26
2021-05-31T23:59:59+02:00,2,1,733,851,2644,2429,3098,2736,3165,4350,2902,3762,1392,1797,1010,1422,279,841,223,302,832,961,932,1252,916,1879,840,1441,630,820,720,1038,229,715,20486,8909,3795,1127,8522,2528,1453,31,26
2021-05-30T23:59:59+02:00,2,1,723,839,2587,2384,3036,2700,3117,4312,2885,3741,1388,1792,1010,1421,279,840,213,285,791,920,883,1213,879,1820,818,1387,616,804,716,1029,229,714,20342,8812,3733,1119,8510,2359,1307,31,26
2021-05-29T23:59:59+02:00,2,1,721,837,2568,2368,3013,2688,3098,4296,2877,3732,1387,1791,1010,1421,279,840,209,274,785,907,863,1186,863,1774,804,1355,603,785,714,1024,228,714,20218,8721,3731,1118,8507,2221,1306,31,26
2021-05-28T23:59:59+02:00,2,1,713,825,2530,2327,2968,2661,3075,4273,2867,3717,1387,1788,1008,1416,279,840,205,265,773,890,852,1162,848,1733,773,1315,586,757,710,1016,227,712,19971,8546,3722,1114,8505,2135,1302,31,26
2021-05-27T23:59:59+02:00,2,1,667,802,2403,2267,2835,2591,2932,4198,2783,3668,1378,1777,1007,1414,278,838,190,249,710,837,770,1107,763,1641,709,1233,563,725,701,1000,226,710,19484,8344,3589,1076,8473,1877,1101,31,25
2021-05-26T23:59:59+02:00,2,1,633,769,2293,2196,2673,2526,2808,4134,2732,3618,1368,1766,1005,1407,276,833,181,228,668,797,724,1073,721,1573,670,1175,548,699,686,966,225,707,19068,8126,3344,1066,8446,1739,971,31,25
2021-05-25T23:59:59+02:00,2,1,611,751,2201,2134,2573,2483,2710,4054,2685,3582,1357,1758,1002,1403,276,831,172,215,645,768,690,1038,684,1515,622,1115,531,681,668,939,224,705,18704,7920,3166,1031,8404,1604,918,30,22
2021-05-24T23:59:59+02:00,2,1,596,729,2143,2092,2498,2452,2643,4000,2629,3541,1344,1750,996,1402,276,830,167,207,623,750,663,1006,651,1459,596,1063,514,667,661,935,224,705,18520,7831,2984,1020,8371,1483,818,30,21
2021-05-23T23:59:59+02:00,2,1,592,728,2125,2078,2485,2438,2633,3986,2618,3528,1341,1748,996,1400,276,830,166,206,618,742,655,1000,637,1446,589,1056,511,660,657,929,223,702,18402,7755,2981,1015,8371,1472,817,30,20
2021-05-22T23:59:59+02:00,2,1,585,715,2100,2056,2449,2417,2613,3955,2587,3500,1333,1744,996,1398,276,829,164,199,609,739,650,990,625,1441,584,1050,501,652,652,916,223,702,18159,7695,2980,1015,8369,1438,808,30,20
2021-05-21T23:59:59+02:00,2,1,572,699,2012,2019,2363,2364,2545,3908,2547,3454,1326,1731,994,1396,276,828,164,196,603,730,640,981,613,1429,569,1030,490,627,645,910,223,700,17674,7613,2953,1014,8351,1377,805,30,20
2021-05-20T23:59:59+02:00,2,1,540,678,1886,1948,2232,2286,2417,3810,2468,3372,1311,1715,992,1391,276,826,155,185,570,692,608,942,583,1371,544,968,466,598,639,901,223,699,17032,7493,2829,1003,8277,1164,736,30,20
2021-05-19T23:59:59+02:00,2,1,504,643,1774,1864,2084,2213,2277,3712,2366,3277,1294,1696,985,1388,274,826,141,178,545,668,575,906,552,1319,518,908,452,578,629,878,222,697,16270,7345,2760,987,8235,1063,616,30,20
2021-05-18T23:59:59+02:00,2,0,477,622,1697,1788,1983,2157,2168,3594,2275,3187,1283,1677,978,1381,274,822,134,169,521,639,552,874,536,1242,499,847,436,553,622,864,221,694,15763,7229,2595,949,8179,951,513,30,20
2021-05-17T23:59:59+02:00,2,0,457,608,1640,1753,1929,2106,2093,3483,2219,3112,1265,1657,971,1374,274,820,128,161,504,625,543,836,525,1181,485,794,419,524,620,856,221,692,15465,7158,2445,919,8113,852,418,30,19
2021-05-16T23:59:59+02:00,2,0,452,607,1614,1726,1892,2079,2054,3434,2166,3056,1251,1648,969,1370,274,819,124,159,495,605,532,820,512,1135,468,757,393,495,618,851,221,691,15294,7107,2377,891,8072,765,341,30,19
2021-05-15T23:59:59+02:00,2,0,447,602,1588,1708,1873,2059,2032,3410,2142,3020,1243,1647,968,1368,273,819,123,156,491,604,531,817,507,1131,462,748,390,493,615,849,221,691,15093,7077,2376,890,8064,754,336,28,19
2021-05-14T23:59:59+02:00,2,0,431,589,1558,1675,1830,2017,1953,3342,2099,2977,1235,1637,966,1368,271,819,121,151,486,588,512,792,487,1099,448,732,374,477,610,844,221,689,14730,7018,2336,874,8042,650,314,28,19
2021-05-13T23:59:59+02:00,1,0,407,569,1499,1623,1727,1965,1836,3256,2036,2886,1211,1620,959,1366,269,815,116,148,474,581,503,776,481,1085,435,720,358,453,600,819,221,685,14298,6941,2110,836,7986,615,285,28,19
2021-05-12T23:59:59+02:00,1,0,400,564,1479,1614,1712,1956,1811,3233,2021,2872,1209,1614,955,1364,269,815,116,146,471,581,502,770,478,1080,433,714,353,441,599,813,221,684,14169,6899,2086,827,7979,614,283,27,19
2021-05-11T23:59:59+02:00,1,0,382,545,1408,1577,1611,1915,1703,3141,1919,2801,1195,1590,950,1355,269,815,109,137,456,549,481,742,459,1048,405,693,334,413,590,807,221,684,13774,6804,1921,798,7868,520,221,27,19
2021-05-10T23:59:59+02:00,1,0,367,530,1363,1546,1556,1882,1631,3076,1861,2734,1188,1576,946,1349,269,812,109,134,450,544,472,721,451,1026,401,672,326,401,588,802,221,683,13503,6759,1838,791,7746,470,196,27,18
2021-05-09T23:59:59+02:00,1,0,361,519,1318,1521,1523,1862,1587,3040,1801,2694,1176,1564,944,1345,269,811,105,131,443,534,462,713,441,1016,392,661,316,390,583,798,221,682,13269,6724,1782,780,7697,419,176,27,17
2021-05-08T23:59:59+02:00,1,0,355,515,1305,1500,1494,1842,1565,3016,1771,2674,1169,1556,941,1344,268,811,104,131,442,534,460,712,440,1011,392,655,315,389,579,790,221,682,13064,6710,1776,774,7694,407,175,27,17
2021-05-07T23:59:59+02:00,1,0,344,508,1278,1472,1440,1823,1502,2957,1724,2625,1163,1548,940,1339,268,808,101,128,430,520,447,687,428,976,376,631,312,370,566,777,221,680,12798,6662,1747,751,7629,306,139,27,15
2021-05-06T23:59:59+02:00,1,0,321,495,1184,1429,1328,1767,1362,2847,1593,2532,1132,1517,939,1328,268,806,98,123,417,504,436,669,415,953,363,612,302,353,554,765,221,678,12313,6602,1561,734,7411,221,113,25,14
2021-05-05T23:59:59+02:00,1,0,307,480,1144,1398,1283,1727,1296,2779,1515,2453,1115,1494,933,1313,268,801,97,119,406,493,433,657,407,943,358,595,286,342,536,746,221,677,11899,6532,1498,715,7346,172,105,25,12
2021-05-04T23:59:59+02:00,1,0,298,470,1098,1367,1244,1701,1252,2733,1464,2393,1099,1464,928,1303,267,797,93,116,397,481,430,650,396,925,351,578,273,327,525,726,221,677,11580,6459,1437,688,7304,134,93,25,11
2021-05-03T23:59:59+02:00,1,0,292,463,1067,1343,1209,1683,1222,2699,1424,2354,1083,1438,922,1297,266,793,86,111,385,475,421,642,389,917,343,570,261,319,509,710,220,675,11340,6384,1414,681,7264,112,63,25,10
2021-05-02T23:59:59+02:00,1,0,287,462,1053,1329,1177,1666,1197,2681,1412,2332,1074,1424,920,1296,266,790,84,110,378,469,417,637,384,910,340,567,256,311,491,700,220,675,11212,6346,1399,664,7230,98,46,24,9
2021-05-01T23:59:59+02:00,1,0,283,457,1044,1321,1165,1653,1184,2670,1395,2315,1068,1419,917,1294,266,789,84,109,378,468,416,637,382,906,340,566,254,311,491,700,220,675,11082,6338,1398,664,7229,95,45,24,9
2021-04-30T23:59:59+02:00,1,0,279,448,1033,1297,1145,1634,1156,2611,1342,2262,1055,1404,912,1290,266,786,82,107,377,463,413,631,380,881,336,556,249,305,489,695,220,674,10793,6324,1393,655,7226,70,15,24,8
2021-04-29T23:59:59+02:00,1,0,264,435,980,1266,1106,1594,1109,2556,1250,2192,1013,1361,907,1281,265,784,82,104,372,461,409,626,372,869,327,547,241,296,478,685,219,670,10328,6266,1354,634,7165,47,14,23,8
2021-04-28T23:59:59+02:00,1,0,253,430,964,1248,1079,1580,1075,2515,1187,2139,982,1309,899,1279,265,782,78,102,366,458,405,617,369,861,323,534,227,281,468,674,219,669,10046,6203,1305,602,7113,33,13,23,8
2021-04-27T23:59:59+02:00,1,0,249,420,945,1232,1060,1568,1049,2492,1165,2112,958,1275,893,1275,265,779,76,99,361,454,403,612,367,857,319,529,224,273,458,655,218,668,9854,6155,1278,577,7078,27,13,19,8
2021-04-26T23:59:59+02:00,1,0,246,414,937,1223,1050,1553,1022,2475,1117,2064,939,1257,886,1268,264,778,76,99,357,448,403,609,363,854,318,524,219,265,448,646,218,668,9683,6122,1263,553,7013,25,13,19,8
2021-04-25T23:59:59+02:00,1,0,246,412,928,1210,1034,1546,1005,2458,1089,2036,917,1234,883,1261,264,778,75,98,356,441,400,608,361,850,317,524,218,260,443,638,218,667,9557,6106,1239,537,6966,17,13,19,7
2021-04-24T23:59:59+02:00,1,0,242,406,915,1198,1021,1531,992,2440,1061,2020,907,1211,880,1258,264,778,75,98,356,441,399,608,361,848,316,521,217,259,442,635,218,667,9395,6100,1239,529,6944,17,13,19,7
2021-04-23T23:59:59+02:00,1,0,240,396,903,1184,1013,1520,975,2423,1008,1977,887,1188,877,1251,264,775,74,96,356,441,399,607,360,846,313,519,213,253,439,630,218,667,9247,6081,1227,517,6852,17,13,19,7
2021-04-22T23:59:59+02:00,1,0,237,386,880,1161,989,1499,946,2382,965,1917,857,1150,869,1239,264,772,74,95,354,435,394,600,356,837,311,513,208,247,430,620,217,665,8986,6028,1178,502,6786,10,13,19,7
2021-04-21T23:59:59+02:00,1,0,232,381,858,1143,963,1484,911,2347,921,1871,825,1100,861,1225,264,768,73,93,352,434,392,597,352,832,307,505,207,242,421,605,216,662,8700,5980,1154,483,6730,10,13,19,7
2021-04-20T23:59:59+02:00,1,0,225,376,841,1117,945,1464,888,2298,881,1819,780,1037,849,1208,263,766,73,93,350,433,389,593,346,827,305,499,203,234,409,586,215,662,8427,5923,1086,468,6668,9,13,19,7
2021-04-19T23:59:59+02:00,1,0,222,366,825,1105,932,1444,873,2267,854,1785,754,1006,845,1201,262,763,72,92,349,430,383,588,343,817,301,489,203,229,399,569,213,657,8253,5864,1070,446,6603,7,12,18,7
2021-04-18T23:59:59+02:00,1,0,221,362,817,1095,920,1436,853,2247,836,1768,729,968,843,1195,261,760,71,90,346,430,383,588,342,814,301,486,202,225,393,566,213,657,8135,5845,1044,437,6545,7,12,18,7
2021-04-17T23:59:59+02:00,1,0,220,359,814,1092,913,1435,846,2243,832,1762,713,944,841,1189,261,760,71,87,344,426,381,588,339,810,300,482,200,220,387,559,213,656,8072,5803,1043,435,6521,7,12,18,7
2021-04-16T23:59:59+02:00,1,0,219,358,804,1087,900,1417,830,2221,802,1725,672,888,831,1179,260,757,67,85,342,419,378,586,331,797,294,469,188,204,384,550,210,653,7884,5735,1028,397,6447,6,12,17,6
2021-04-15T23:59:59+02:00,1,0,218,351,781,1070,882,1403,806,2175,762,1688,641,843,823,1160,260,753,65,84,339,412,373,581,324,791,287,466,180,198,368,529,208,648,7667,5657,1019,371,6334,5,12,16,6
2021-04-14T23:59:59+02:00,1,0,217,344,770,1061,874,1390,791,2140,746,1660,605,803,796,1113,260,749,62,80,334,409,369,576,322,782,279,458,171,182,353,506,206,643,7457,5567,1004,339,6259,5,12,14,6
2021-04-13T23:59:59+02:00,1,0,213,339,760,1056,864,1379,782,2116,719,1635,559,752,775,1079,259,745,60,78,327,404,360,572,315,775,274,453,168,178,340,493,205,640,7309,5508,957,309,6165,3,12,13,6
2021-04-12T23:59:59+02:00,1,0,211,338,756,1051,857,1366,756,2096,703,1618,530,725,764,1062,259,743,59,74,315,395,356,566,311,768,267,447,161,173,332,481,204,634,7219,5431,936,283,6077,3,12,11,6
2021-04-11T23:59:59+02:00,0,0,208,336,748,1041,850,1360,744,2080,694,1602,515,702,756,1039,258,740,58,72,310,393,353,564,309,765,266,442,156,166,325,478,202,632,7162,5387,917,273,5988,3,12,10,6
2021-04-10T23:59:59+02:00,0,0,208,334,748,1038,847,1358,736,2072,685,1595,509,688,750,1025,257,740,54,65,285,377,333,548,297,751,251,434,148,159,321,464,201,630,7111,5216,910,265,5961,3,11,10,6
2021-04-09T23:59:59+02:00,0,0,208,331,744,1035,835,1335,728,1990,669,1511,474,628,730,1005,254,736,45,62,272,365,317,536,281,737,240,421,140,154,299,443,197,621,7000,5027,887,257,5712,3,9,9,6
2021-04-08T23:59:59+02:00,0,0,206,328,739,1028,824,1326,714,1970,651,1492,430,570,703,982,252,733,43,60,264,350,303,525,267,723,225,405,130,138,284,426,195,604,6890,4846,848,246,5595,3,8,9,6
2021-04-07T23:59:59+02:00,0,0,201,324,729,1022,811,1311,698,1943,633,1459,393,528,673,943,249,729,40,57,245,337,293,518,260,709,217,393,115,128,266,406,190,595,6761,4677,815,237,5447,3,8,9,5
2021-04-06T23:59:59+02:00,0,0,198,322,721,1017,797,1295,679,1920,606,1434,373,492,649,912,248,727,38,56,244,333,289,516,250,705,212,388,110,123,258,386,186,585,6674,4607,788,217,5299,3,8,9,5
2021-04-05T23:59:59+02:00,0,0,198,321,718,1011,791,1284,671,1904,600,1419,356,471,632,889,248,726,38,55,244,329,288,511,246,699,208,387,110,119,244,367,183,579,6635,4549,777,202,5193,3,7,9,5
2021-04-04T23:59:59+02:00,0,0,197,318,715,1003,786,1273,662,1886,593,1400,346,460,629,885,248,726,37,54,244,329,287,511,246,699,207,387,108,119,237,355,180,577,6612,4519,773,201,5108,3,7,9,5
2021-04-03T23:59:59+02:00,0,0,197,318,713,1003,784,1271,661,1882,586,1398,338,454,626,878,248,725,37,54,244,329,287,511,246,698,207,385,108,119,236,353,180,575,6579,4511,773,201,5094,3,7,9,5
2021-04-02T23:59:59+02:00,0,0,197,316,713,1002,783,1268,657,1875,582,1389,329,445,616,868,248,724,37,53,241,329,285,509,244,690,202,380,106,118,230,334,179,562,6534,4442,768,198,5071,3,7,9,5
2021-04-01T23:59:59+02:00,0,0,194,313,708,988,771,1255,652,1855,566,1370,317,421,586,835,247,718,35,52,232,323,283,506,243,683,200,376,99,115,216,308,175,541,6447,4336,726,190,4979,3,7,9,5
2021-03-31T23:59:59+02:00,0,0,190,310,700,981,762,1241,642,1810,556,1331,308,410,566,789,246,715,35,52,231,322,279,504,240,681,194,372,94,112,202,282,173,520,6380,4250,685,183,4847,3,6,9,5
2021-03-30T23:59:59+02:00,0,0,187,304,695,970,757,1221,630,1771,547,1287,298,394,540,753,245,715,35,51,229,318,275,501,239,676,191,367,91,110,193,264,170,506,6304,4175,651,178,4712,3,6,9,5
2021-03-29T23:59:59+02:00,0,0,183,299,689,953,752,1209,621,1740,538,1249,294,380,511,716,243,708,35,50,227,317,274,499,238,671,189,360,88,109,184,252,166,494,6198,4116,629,173,4609,3,6,9,5
2021-03-28T23:59:59+02:00,0,0,176,283,681,945,745,1200,617,1718,535,1234,292,366,484,692,241,706,35,49,225,317,271,493,234,668,188,357,85,107,177,242,163,493,6155,4073,595,167,4513,3,6,9,5
2021-03-27T23:59:59+01:00,0,0,176,280,676,939,740,1196,611,1707,533,1226,287,358,478,682,241,705,35,49,225,317,271,493,233,662,185,353,84,106,173,235,159,483,6116,4038,587,161,4477,3,6,9,5
2021-03-26T23:59:59+01:00,0,0,172,277,665,927,732,1181,600,1690,525,1202,280,347,474,668,239,702,35,49,225,317,270,491,233,661,178,340,80,98,159,219,151,471,6052,3953,569,161,4401,3,4,9,5
2021-03-25T23:59:59+01:00,0,0,168,275,657,914,711,1157,584,1655,515,1163,273,335,458,643,238,698,35,49,221,312,268,490,227,658,178,339,73,98,143,202,148,447,5980,3867,553,154,4249,3,4,9,5
2021-03-24T23:59:59+01:00,0,0,166,266,646,901,703,1142,575,1617,503,1133,264,322,441,618,235,695,35,49,220,310,265,488,225,658,174,337,71,95,131,195,140,413,5907,3793,530,147,4124,2,4,9,5
2021-03-23T23:59:59+01:00,0,0,163,263,638,888,690,1130,564,1595,491,1095,258,310,423,602,230,691,34,49,218,309,263,486,220,653,172,333,68,92,124,188,131,388,5855,3718,513,142,3995,2,4,9,5
2021-03-22T23:59:59+01:00,0,0,159,255,619,867,671,1111,553,1563,478,1072,254,300,411,587,229,685,34,49,217,307,261,484,219,646,171,331,68,88,118,180,116,358,5799,3638,489,139,3855,2,4,9,5
2021-03-21T23:59:59+01:00,0,0,155,253,611,860,667,1107,549,1539,472,1039,249,293,398,581,227,681,34,49,214,307,260,482,218,645,169,329,67,85,116,179,112,355,5780,3617,476,135,3751,2,3,7,4
2021-03-20T23:59:59+01:00,0,0,153,253,603,856,662,1104,544,1535,469,1037,246,286,386,567,225,679,34,49,214,307,259,482,217,643,169,325,66,84,113,175,108,349,5747,3592,471,133,3710,2,3,7,4
2021-03-19T23:59:59+01:00,0,0,143,241,598,838,651,1098,540,1518,457,1024,232,264,371,541,219,670,32,49,213,306,258,482,215,635,168,322,64,82,106,165,103,328,5670,3527,432,132,3622,2,2,7,4
2021-03-18T23:59:59+01:00,0,0,138,235,581,823,633,1064,522,1468,443,978,216,250,358,520,216,653,32,49,212,303,256,474,215,630,166,315,64,79,97,157,98,313,5589,3465,400,123,3421,2,2,7,4
2021-03-17T23:59:59+01:00,0,0,133,229,569,804,621,1057,517,1455,434,960,205,237,340,502,213,647,32,48,212,301,255,472,215,629,166,314,64,79,93,152,93,302,5495,3430,373,123,3360,2,2,5,4
2021-03-16T23:59:59+01:00,0,0,129,222,554,789,604,1046,505,1415,422,935,198,222,320,469,209,635,32,47,212,298,255,466,213,628,165,313,60,79,89,147,91,282,5406,3384,339,119,3227,2,1,5,4
2021-03-15T23:59:59+01:00,0,0,123,215,539,774,595,1023,496,1383,406,898,192,214,306,445,208,629,31,47,211,295,255,463,212,627,163,313,59,77,83,142,89,267,5317,3341,309,118,3112,2,0,5,4
2021-03-14T23:59:59+01:00,0,0,118,202,527,757,581,1002,487,1341,393,855,183,203,296,434,201,625,31,47,211,293,254,462,211,622,162,308,58,77,82,139,87,264,5253,3326,295,107,2944,2,0,5,4
2021-03-13T23:59:59+01:00,0,0,114,190,499,731,551,975,462,1317,372,837,167,195,288,422,200,622,31,47,211,293,254,462,210,622,162,307,58,77,79,135,76,249,5060,3289,289,107,2863,2,0,5,4
2021-03-12T23:59:59+01:00,0,0,103,183,472,707,532,947,441,1278,350,806,151,183,264,395,199,602,31,47,211,292,254,461,210,622,162,306,54,76,76,129,74,243,4839,3262,283,107,2748,2,0,5,3
2021-03-11T23:59:59+01:00,0,0,95,176,440,661,495,911,404,1204,329,753,137,161,242,352,194,580,31,46,210,289,249,457,208,618,159,304,54,74,72,123,72,232,4603,3233,275,87,2493,2,0,5,2
2021-03-10T23:59:59+01:00,0,0,92,166,417,639,478,893,389,1166,313,716,122,145,226,322,189,549,31,46,208,284,245,453,205,612,159,302,51,73,68,121,69,221,4433,3192,265,75,2357,2,0,5,2
2021-03-09T23:59:59+01:00,0,0,92,161,406,612,448,864,374,1122,304,685,117,137,214,304,183,537,31,46,207,281,242,445,203,608,155,298,51,71,66,119,62,212,4350,3150,249,65,2181,2,0,5,2
2021-03-08T23:59:59+01:00,0,0,89,154,391,595,430,847,365,1070,297,648,112,128,200,284,179,524,31,46,207,277,239,440,198,604,149,294,49,70,61,116,61,211,4272,3122,233,49,2024,1,0,5,1
2021-03-07T23:59:59+01:00,0,0,85,150,386,583,422,831,355,1056,295,642,110,128,193,271,177,523,31,46,206,276,239,438,197,603,149,294,49,70,59,115,60,210,4227,3113,223,47,1969,0,0,5,1
2021-03-06T23:59:59+01:00,0,0,84,143,384,576,415,808,347,1005,286,611,109,127,187,263,175,518,31,46,206,276,238,437,197,602,149,294,49,70,57,115,59,205,4195,3108,223,41,1829,0,0,5,1
2021-03-05T23:59:59+01:00,0,0,83,138,379,564,411,801,346,989,277,587,103,117,173,243,166,505,31,46,205,274,237,436,196,600,148,292,49,70,55,114,59,197,4109,3093,214,33,1761,0,0,5,1
2021-03-04T23:59:59+01:00,0,0,80,124,368,528,393,767,328,943,267,560,93,116,154,218,160,481,31,46,203,268,235,430,194,588,145,291,47,70,55,114,59,196,4010,3054,197,32,1572,0,0,5,1
2021-03-03T23:59:59+01:00,0,0,73,114,359,510,384,749,324,922,258,542,91,113,144,210,152,446,31,45,203,268,234,428,191,579,145,285,47,70,54,113,59,196,3938,3031,191,29,1457,0,0,5,1
2021-03-02T23:59:59+01:00,0,0,70,111,348,495,368,732,316,903,252,520,89,110,136,202,143,419,30,45,203,268,234,422,186,572,143,282,47,70,54,111,59,195,3858,3002,185,29,1359,0,0,5,1
2021-03-01T23:59:59+01:00,0,0,69,109,342,481,361,711,308,879,246,492,88,108,129,192,126,384,30,44,202,267,232,413,184,564,143,279,47,70,54,110,58,195,3773,2972,181,29,1254,0,0,5,1
2021-02-28T23:59:59+01:00,0,0,69,107,335,472,358,703,306,855,241,474,84,100,127,188,122,380,30,44,201,266,231,413,184,564,143,279,47,70,54,110,58,194,3749,2968,176,29,1176,0,0,5,1
2021-02-27T23:59:59+01:00,0,0,66,98,329,466,353,697,300,844,238,465,82,98,126,182,115,369,30,44,201,265,231,412,183,563,142,278,47,70,54,110,58,194,3716,2967,170,24,1119,0,0,5,1
2021-02-26T23:59:59+01:00,0,0,64,93,321,442,327,663,280,813,228,444,80,94,118,172,111,350,30,43,201,264,231,410,182,560,139,276,47,70,54,110,58,192,3661,2952,169,24,941,0,0,5,0
2021-02-25T23:59:59+01:00,0,0,57,82,308,421,316,633,274,786,216,422,75,94,109,165,107,336,30,43,199,261,227,407,180,552,134,275,47,68,52,108,56,192,3609,2924,163,16,793,0,0,5,0
2021-02-24T23:59:59+01:00,0,0,53,75,301,408,308,618,269,770,213,414,74,94,105,161,101,326,29,43,197,260,224,394,178,544,132,270,45,67,50,108,56,192,3575,2886,158,10,718,0,0,5,0
2021-02-23T23:59:59+01:00,0,0,49,66,288,388,299,599,263,752,208,406,70,92,100,157,99,302,28,43,196,258,222,389,177,538,128,267,45,67,50,104,56,190,3522,2857,153,7,620,0,0,5,0
2021-02-22T23:59:59+01:00,0,0,47,63,283,376,295,589,261,743,206,402,67,89,92,150,97,288,28,41,193,256,219,376,169,528,125,264,45,67,49,104,55,190,3476,2809,145,4,581,0,0,4,0
2021-02-21T23:59:59+01:00,0,0,46,62,278,370,292,579,256,736,201,398,66,87,91,148,95,286,28,40,192,254,218,373,169,519,125,263,45,67,49,103,54,189,3466,2786,142,4,535,0,0,3,0
2021-02-20T23:59:59+01:00,0,0,45,62,276,369,292,576,255,730,201,392,65,87,88,144,84,271,28,40,192,254,218,373,169,519,123,262,45,67,48,103,54,187,3431,2780,141,4,514,0,0,3,0
2021-02-19T23:59:59+01:00,0,0,44,62,273,364,286,554,244,704,199,380,62,85,85,136,82,264,28,39,192,254,217,372,169,518,123,262,45,67,47,102,53,185,3402,2771,140,4,427,0,0,2,0
2021-02-18T23:59:59+01:00,0,0,42,59,255,340,278,533,236,683,185,355,61,81,83,131,81,255,27,38,188,246,214,366,165,503,122,252,45,65,46,100,49,181,3375,2704,131,4,294,0,0,2,0
2021-02-17T23:59:59+01:00,0,0,42,57,248,335,276,519,230,670,182,335,59,79,79,129,78,245,25,37,184,240,207,352,161,487,119,241,41,63,46,98,48,178,3328,2621,131,3,240,0,0,2,0
2021-02-16T23:59:59+01:00,0,0,41,52,235,320,272,508,224,656,177,328,57,78,76,127,71,236,22,37,175,231,199,333,155,475,115,229,41,59,37,84,42,169,3289,2496,128,3,175,0,0,2,0
2021-02-15T23:59:59+01:00,0,0,40,52,230,317,265,495,221,651,173,322,55,78,71,123,70,235,21,35,168,224,194,325,149,464,111,222,38,56,37,78,39,161,3262,2415,127,3,143,0,0,2,0
2021-02-14T23:59:59+01:00,0,0,37,52,227,313,263,488,218,645,173,318,55,76,68,123,69,231,20,35,166,220,190,320,148,452,110,220,38,56,36,77,37,154,3251,2371,116,3,122,0,0,2,0
2021-02-13T23:59:59+01:00,0,0,36,52,227,313,261,488,218,644,173,318,55,76,67,123,69,230,20,35,165,219,187,320,147,450,109,217,37,56,35,76,35,150,3247,2351,116,1,120,0,0,2,0
2021-02-12T23:59:59+01:00,0,0,35,50,225,308,258,479,214,633,170,315,55,75,66,123,69,229,20,35,164,216,186,319,146,448,107,216,35,55,35,72,32,141,3238,2320,116,1,81,0,0,2,0
2021-02-11T23:59:59+01:00,0,0,34,49,217,287,251,462,207,609,158,304,53,74,65,121,69,224,20,33,148,196,179,288,137,402,102,197,31,54,32,62,30,127,3201,2123,94,1,18,0,0,2,0
2021-02-10T23:59:59+01:00,0,0,34,48,214,279,249,455,203,600,156,299,50,74,64,121,68,222,18,30,137,172,165,250,117,353,95,175,27,52,31,60,27,116,3169,1899,84,1,8,0,0,2,0
2021-02-09T23:59:59+01:00,0,0,33,47,213,276,247,445,198,592,152,296,50,74,64,119,68,222,18,28,121,145,149,230,104,311,90,150,22,47,30,48,23,104,3147,1686,69,1,4,0,0,2,0
2021-02-08T23:59:59+01:00,0,0,33,47,212,274,241,430,195,579,148,291,48,74,64,118,68,222,16,27,104,122,127,191,85,272,85,140,15,45,24,41,22,89,3108,1465,53,1,4,0,0,2,0
2021-02-07T23:59:59+01:00,0,0,33,46,209,273,239,429,195,576,148,291,48,74,63,117,68,222,15,21,99,113,120,180,80,253,81,131,15,44,23,35,22,84,3100,1373,50,1,0,0,0,2,0
2021-02-06T23:59:59+01:00,0,0,33,46,209,273,239,428,195,576,148,290,47,74,62,117,67,217,12,17,98,112,119,176,78,246,81,129,14,43,23,32,20,83,3097,1337,43,1,0,0,0,2,0
2021-02-05T23:59:59+01:00,0,0,32,45,209,273,239,427,194,574,146,289,47,74,62,117,67,207,10,14,89,104,115,172,77,242,80,121,13,41,23,28,18,80,3084,1278,35,0,0,0,0,2,0
2021-02-04T23:59:59+01:00,0,0,32,45,206,270,234,423,189,568,144,286,47,72,62,115,67,206,9,10,61,72,92,127,66,204,63,102,12,36,20,24,16,71,3047,1025,35,0,0,0,0,2,0
2021-02-03T23:59:59+01:00,0,0,32,44,206,269,233,411,187,562,143,283,47,71,61,114,67,205,6,5,45,54,71,105,50,156,53,74,9,17,16,18,11,54,3019,774,32,0,0,0,0,2,0
2021-02-02T23:59:59+01:00,0,0,31,44,205,267,229,405,186,556,140,282,46,71,59,111,65,202,4,3,29,38,55,75,39,100,42,51,7,14,11,13,7,36,2981,544,32,0,0,0,0,2,0
2021-02-01T23:59:59+01:00,0,0,30,42,203,267,225,400,183,550,137,275,46,70,58,110,65,202,4,1,23,20,29,44,26,61,25,28,4,9,8,9,6,21,2945,329,32,0,0,0,0,1,0
2021-01-31T23:59:59+01:00,0,0,30,42,202,265,223,395,181,542,136,275,46,70,57,110,64,201,4,1,21,15,20,36,20,49,19,24,4,6,6,8,5,19,2920,266,31,0,0,0,0,1,0
2021-01-30T23:59:59+01:00,0,0,30,42,202,265,223,394,180,542,136,275,46,70,56,110,64,198,4,1,20,14,18,36,18,45,18,23,4,5,6,7,5,18,2915,250,30,0,0,0,0,1,0
2021-01-29T23:59:59+01:00,0,0,30,42,202,263,222,393,179,541,134,273,46,70,55,109,63,197,4,0,17,9,13,29,16,39,14,21,4,4,5,7,5,17,2905,210,26,0,0,0,0,0,0
2021-01-28T23:59:59+01:00,0,0,30,41,194,260,221,388,178,532,131,269,46,70,53,108,59,195,4,0,5,3,7,16,9,21,8,9,2,2,3,3,1,17,2869,113,18,0,0,0,0,0,0
2021-01-27T23:59:59+01:00,0,0,29,40,191,254,217,378,176,519,128,260,43,68,53,107,58,193,1,0,3,3,6,14,8,18,7,9,2,2,2,3,1,13,2806,94,14,0,0,0,0,0,0
2021-01-26T23:59:59+01:00,0,0,26,40,188,242,211,365,172,501,125,252,43,64,47,99,53,185,1,0,2,3,6,14,8,18,7,9,2,2,2,3,1,10,2707,90,11,0,0,0,0,0,0
2021-01-25T23:59:59+01:00,0,0,26,39,179,239,208,355,169,492,122,242,42,62,46,96,48,183,1,0,1,3,4,12,7,15,7,9,2,2,2,1,1,8,2647,77,4,0,0,0,0,0,0
2021-01-24T23:59:59+01:00,0,0,25,38,177,236,205,354,168,490,122,241,42,62,44,93,47,182,1,0,1,3,3,12,7,15,7,9,2,2,2,1,1,8,2625,76,3,0,0,0,0,0,0
2021-01-23T23:59:59+01:00,0,0,25,38,177,236,203,354,168,489,122,241,42,62,44,92,47,180,1,0,1,3,3,11,7,15,6,9,2,2,2,1,1,8,2619,74,3,0,0,0,0,0,0
2021-01-22T23:59:59+01:00,0,0,24,37,176,232,202,354,168,488,121,241,42,62,44,92,45,173,1,0,1,3,3,11,7,15,6,9,2,2,2,1,1,8,2600,74,3,0,0,0,0,0,0
2021-01-21T23:59:59+01:00,0,0,21,36,167,223,196,337,164,466,119,228,41,62,40,84,44,170,1,0,1,3,1,6,6,10,4,5,2,2,2,0,1,7,2492,53,3,0,0,0,0,0,0
2021-01-20T23:59:59+01:00,0,0,20,34,154,197,180,296,135,410,109,207,36,59,37,80,40,156,1,0,1,3,1,6,6,9,4,4,2,2,2,0,1,7,2234,51,2,0,0,0,0,0,0
2021-01-19T23:59:59+01:00,0,0,20,31,129,168,163,264,126,367,105,186,26,53,30,66,35,142,1,0,1,3,1,5,4,7,2,3,1,0,2,0,0,4,1985,35,2,0,0,0,0,0,0
2021-01-18T23:59:59+01:00,0,0,17,31,114,147,140,223,109,319,98,162,23,50,27,54,31,120,1,0,1,1,0,2,3,5,1,3,0,0,1,0,0,4,1734,23,2,0,0,0,0,0,0
2021-01-17T23:59:59+01:00,0,0,16,21,109,132,132,210,100,294,94,153,23,45,27,49,29,108,1,0,0,0,0,1,1,4,1,2,0,0,1,0,0,1,1604,12,2,0,0,0,0,0,0
2021-01-16T23:59:59+01:00,0,0,14,18,106,130,130,205,97,284,93,147,20,44,26,43,25,104,0,0,0,0,0,0,0,0,0,0,0,0,0,0,0,0,1547,0,0,0,0,0,0,0,0
2021-01-15T23:59:59+01:00,0,0,11,16,100,121,126,200,95,275,93,137,19,43,26,39,23,101,0,0,0,0,0,0,0,0,0,0,0,0,0,0,0,0,1482,0,0,0,0,0,0,0,0
2021-01-14T23:59:59+01:00,0,0,9,12,76,89,107,164,79,231,81,122,14,38,23,33,22,88,0,0,0,0,0,0,0,0,0,0,0,0,0,0,0,0,1234,0,0,0,0,0,0,0,0
2021-01-13T23:59:59+01:00,0,0,7,11,62,79,94,135,73,187,75,97,14,24,19,25,20,68,0,0,0,0,0,0,0,0,0,0,0,0,0,0,0,0,1029,0,0,0,0,0,0,0,0
2021-01-12T23:59:59+01:00,0,0,5,8,50,61,76,105,66,132,62,75,10,19,15,21,12,51,0,0,0,0,0,0,0,0,0,0,0,0,0,0,0,0,801,0,0,0,0,0,0,0,0
2021-01-11T23:59:59+01:00,0,0,4,6,44,48,63,80,51,104,47,55,9,15,8,12,9,28,0,0,0,0,0,0,0,0,0,0,0,0,0,0,0,0,607,0,0,0,0,0,0,0,0
2021-01-10T23:59:59+01:00,0,0,4,6,40,37,48,66,38,83,39,47,7,10,6,11,8,24,0,0,0,0,0,0,0,0,0,0,0,0,0,0,0,0,489,0,0,0,0,0,0,0,0
2021-01-09T23:59:59+01:00,0,0,4,5,37,36,43,63,35,75,36,43,7,9,6,10,8,23,0,0,0,0,0,0,0,0,0,0,0,0,0,0,0,0,453,0,0,0,0,0,0,0,0
2021-01-08T23:59:59+01:00,0,0,4,5,30,28,37,56,27,62,30,38,6,6,4,9,7,21,0,0,0,0,0,0,0,0,0,0,0,0,0,0,0,0,380,0,0,0,0,0,0,0,0
2021-01-07T23:59:59+01:00,0,0,4,2,11,3,10,18,11,26,8,18,5,3,3,4,3,20,0,0,0,0,0,0,0,0,0,0,0,0,0,0,0,0,152,0,0,0,0,0,0,0,0
2021-01-06T23:59:59+01:00,0,0,4,0,4,3,5,15,8,20,7,10,3,3,2,4,3,17,0,0,0,0,0,0,0,0,0,0,0,0,0,0,0,0,111,0,0,0,0,0,0,0,0
2021-01-05T23:59:59+01:00,0,0,2,0,2,3,5,14,8,18,7,9,3,2,2,4,2,16,0,0,0,0,0,0,0,0,0,0,0,0,0,0,0,0,100,0,0,0,0,0,0,0,0
2021-01-04T23:59:59+01:00,0,0,1,0,2,3,5,13,7,16,7,9,2,2,2,2,2,10,0,0,0,0,0,0,0,0,0,0,0,0,0,0,0,0,85,0,0,0,0,0,0,0,0
2021-01-03T23:59:59+01:00,0,0,1,0,1,3,4,13,7,16,7,9,2,2,2,2,2,10,0,0,0,0,0,0,0,0,0,0,0,0,0,0,0,0,83,0,0,0,0,0,0,0,0
2021-01-02T23:59:59+01:00,0,0,1,0,1,3,4,13,6,16,6,9,2,2,2,2,2,10,0,0,0,0,0,0,0,0,0,0,0,0,0,0,0,0,81,0,0,0,0,0,0,0,0
2021-01-01T23:59:59+01:00,0,0,1,0,1,3,4,13,6,16,6,9,2,2,2,2,2,10,0,0,0,0,0,0,0,0,0,0,0,0,0,0,0,0,81,0,0,0,0,0,0,0,0
2020-12-31T23:59:59+01:00,0,0,1,0,1,3,4,12,6,16,6,9,2,2,2,2,2,10,0,0,0,0,0,0,0,0,0,0,0,0,0,0,0,0,80,0,0,0,0,0,0,0,0
2020-12-30T23:59:59+01:00,0,0,1,0,1,3,4,12,6,15,6,9,2,2,2,2,2,10,0,0,0,0,0,0,0,0,0,0,0,0,0,0,0,0,79,0,0,0,0,0,0,0,0
2020-12-29T23:59:59+01:00,0,0,1,0,1,3,3,8,4,12,4,7,1,1,2,1,0,8,0,0,0,0,0,0,0,0,0,0,0,0,0,0,0,0,57,0,0,0,0,0,0,0,0
2020-12-28T23:59:59+01:00,0,0,1,0,1,1,1,1,2,6,3,4,1,0,1,0,0,4,0,0,0,0,0,0,0,0,0,0,0,0,0,0,0,0,27,0,0,0,0,0,0,0,0
2020-12-27T23:59:59+01:00,0,0,1,0,0,0,0,1,1,6,1,2,0,0,1,0,0,2,0,0,0,0,0,0,0,0,0,0,0,0,0,0,0,0,15,0,0,0,0,0,0,0,0
