Datum,<15_m,<15_w,15-24_1_m,15-24_1_w,25-34_1_m,25-34_1_w,35-44_1_m,35-44_1_w,45-54_1_m,45-54_1_w,55-64_1_m,55-64_1_w,65-74_1_m,65-74_1_w,75-84_1_m,75-84_1_w,>84_1_m,>84_1_w,<24_2_m,<24_2_w,25-34_2_m,25-34_2_w,35-44_2_m,35-44_2_w,45-54_2_m,45-54_2_w,55-64_2_m,55-64_2_w,65-74_2_m,65-74_2_w,75-84_2_m,75-84_2_w,>84_2_m,>84_2_w,bp_1,bp_2,mo_1,mo_2,az_1,az_2,ja,unb_1,unb_2
2021-08-15T23:59:59+02:00,121,134,2896,2651,7927,5692,7807,5369,6987,7440,5200,5551,2639,2756,3185,3245,2732,5160,2224,2031,6551,4746,6776,4627,6134,6544,4516,4940,2057,2341,2354,2539,1971,3836,52833,42631,7958,6646,9419,7376,8132,31,28
2021-08-14T23:59:59+02:00,121,134,2896,2648,7925,5691,7804,5368,6987,7440,5198,5549,2639,2755,3185,3245,2732,5160,2219,2021,6536,4738,6769,4619,6126,6530,4501,4930,2056,2339,2354,2538,1971,3835,52826,42536,7958,6644,9419,7376,8124,31,28
2021-08-13T23:59:59+02:00,119,133,2882,2648,7904,5681,7799,5364,6981,7430,5189,5547,2638,2753,3185,3245,2732,5160,2199,2015,6507,4718,6756,4600,6110,6511,4487,4922,2055,2337,2353,2538,1971,3835,52767,42394,7958,6644,9419,7375,8096,31,28
2021-08-12T23:59:59+02:00,116,129,2869,2640,7873,5661,7770,5346,6963,7407,5178,5534,2637,2752,3183,3245,2732,5160,2164,1983,6423,4670,6705,4565,6070,6460,4462,4891,2051,2336,2349,2538,1971,3835,52672,42081,7953,6618,9418,7364,8002,31,28
2021-08-11T23:59:59+02:00,113,126,2851,2626,7835,5637,7743,5333,6943,7393,5170,5519,2635,2749,3183,3244,2732,5160,2133,1957,6338,4619,6630,4517,6019,6404,4440,4850,2043,2327,2348,2536,1971,3834,52543,41672,7944,6584,9416,7358,7939,31,28
2021-08-10T23:59:59+02:00,113,125,2837,2613,7796,5620,7720,5322,6913,7378,5158,5514,2632,2749,3183,3242,2732,5159,2076,1923,6223,4565,6543,4455,5931,6335,4400,4829,2037,2319,2346,2535,1971,3833,52435,41125,7936,6566,9416,7343,7869,31,28
2021-08-09T23:59:59+02:00,112,125,2821,2609,7767,5598,7692,5312,6892,7361,5147,5503,2631,2748,3183,3242,2732,5158,2025,1880,6128,4502,6446,4412,5866,6283,4372,4797,2031,2310,2345,2533,1971,3833,52354,40689,7928,6515,9416,7324,7785,31,28
2021-08-08T23:59:59+02:00,112,123,2805,2599,7745,5583,7674,5300,6882,7351,5141,5500,2628,2748,3183,3242,2732,5158,2001,1857,6068,4460,6392,4386,5829,6259,4359,4784,2022,2305,2343,2532,1971,3833,52284,40451,7927,6476,9413,7318,7732,31,28
2021-08-07T23:59:59+02:00,111,122,2798,2593,7717,5571,7656,5293,6874,7342,5137,5495,2626,2748,3183,3242,2732,5158,1963,1836,5988,4410,6332,4352,5794,6220,4342,4770,2019,2304,2343,2529,1971,3833,52223,40130,7923,6448,9413,7309,7689,31,28
2021-08-06T23:59:59+02:00,110,121,2786,2583,7688,5558,7627,5271,6853,7320,5127,5482,2623,2746,3183,3241,2732,5158,1927,1793,5888,4338,6259,4314,5750,6177,4324,4750,2017,2301,2342,2526,1971,3833,52169,39782,7904,6418,9413,7297,7573,31,28
2021-08-05T23:59:59+02:00,108,120,2757,2567,7655,5536,7589,5249,6833,7299,5109,5458,2620,2744,3181,3238,2732,5157,1881,1744,5760,4237,6145,4258,5686,6114,4288,4707,2011,2294,2340,2524,1971,3833,52027,39312,7897,6324,9411,7240,7467,31,28
2021-08-04T23:59:59+02:00,105,117,2693,2542,7574,5500,7541,5222,6801,7265,5092,5445,2614,2741,3179,3237,2732,5157,1805,1712,5625,4163,6011,4207,5619,6049,4259,4666,2000,2288,2335,2521,1971,3832,51820,38830,7881,6272,9410,7207,7296,31,28
2021-08-03T23:59:59+02:00,102,117,2672,2522,7544,5485,7506,5205,6777,7241,5081,5433,2610,2739,3178,3234,2732,5157,1773,1682,5534,4097,5911,4157,5551,5994,4220,4627,1995,2284,2334,2519,1971,3832,51673,38374,7876,6232,9408,7185,7228,31,28
2021-08-02T23:59:59+02:00,102,117,2651,2502,7503,5461,7480,5196,6754,7227,5063,5424,2608,2735,3177,3233,2731,5157,1745,1655,5418,4012,5806,4093,5485,5945,4172,4595,1989,2271,2333,2514,1970,3831,51534,37844,7868,6197,9408,7166,7160,31,28
2021-08-01T23:59:59+02:00,101,115,2635,2489,7471,5439,7467,5183,6743,7218,5057,5418,2606,2734,3175,3233,2731,5157,1727,1638,5345,3972,5743,4050,5442,5923,4154,4577,1987,2268,2331,2511,1970,3831,51442,37576,7855,6166,9407,7141,7115,31,28
2021-07-31T23:59:59+02:00,99,114,2629,2482,7455,5431,7460,5178,6739,7209,5056,5417,2604,2734,3175,3233,2731,5157,1689,1594,5249,3910,5682,4004,5391,5889,4126,4552,1984,2265,2331,2510,1970,3831,51405,37114,7850,6152,9407,7137,7088,31,28
2021-07-30T23:59:59+02:00,97,111,2618,2473,7432,5419,7447,5158,6720,7197,5049,5410,2603,2733,3175,3232,2731,5157,1671,1578,5168,3870,5618,3948,5332,5843,4101,4535,1980,2263,2330,2507,1970,3831,51329,36767,7844,6127,9407,7129,7029,31,28
2021-07-29T23:59:59+02:00,96,110,2588,2455,7376,5378,7405,5114,6694,7159,5026,5388,2602,2729,3173,3231,2731,5157,1631,1550,5048,3774,5488,3880,5247,5757,4055,4480,1973,2254,2327,2505,1969,3831,51134,36210,7829,6074,9402,7092,6892,31,28
2021-07-28T23:59:59+02:00,95,108,2569,2443,7338,5340,7376,5091,6671,7137,5011,5379,2599,2728,3171,3228,2730,5156,1594,1506,4948,3701,5378,3817,5155,5683,4019,4446,1961,2246,2325,2503,1969,3830,50951,35655,7819,6021,9400,7054,6845,31,28
2021-07-27T23:59:59+02:00,92,106,2556,2428,7292,5319,7340,5074,6651,7118,5000,5368,2598,2727,3171,3227,2729,5156,1552,1478,4811,3621,5252,3740,5065,5613,3977,4397,1955,2233,2324,2500,1968,3830,50825,35080,7801,5939,9399,7018,6772,31,28
2021-07-26T23:59:59+02:00,91,103,2530,2413,7263,5301,7306,5059,6627,7099,4996,5357,2595,2727,3170,3227,2729,5156,1517,1425,4675,3562,5143,3676,4991,5539,3923,4362,1951,2219,2323,2494,1968,3829,50696,34536,7782,5867,9397,6969,6717,31,28
2021-07-25T23:59:59+02:00,89,100,2515,2396,7227,5281,7273,5046,6607,7078,4987,5352,2593,2724,3169,3226,2729,5155,1497,1399,4621,3521,5091,3647,4945,5500,3893,4340,1948,2215,2322,2494,1968,3829,50554,34275,7773,5836,9394,6938,6669,31,28
2021-07-24T23:59:59+02:00,89,100,2500,2389,7196,5269,7250,5035,6591,7064,4979,5348,2592,2721,3169,3226,2729,5155,1477,1380,4576,3501,5017,3603,4904,5476,3872,4333,1947,2213,2321,2492,1968,3828,50483,34086,7751,5752,9394,6938,6616,31,28
2021-07-23T23:59:59+02:00,87,98,2471,2367,7143,5245,7220,5013,6559,7040,4958,5340,2590,2718,3167,3226,2729,5155,1423,1349,4442,3408,4882,3527,4831,5409,3825,4301,1946,2205,2320,2488,1967,3828,50315,33467,7746,5725,9392,6918,6514,31,28
2021-07-22T23:59:59+02:00,85,95,2437,2340,7060,5210,7169,4975,6511,6996,4926,5318,2584,2715,3164,3225,2729,5153,1364,1312,4285,3338,4731,3454,4683,5330,3742,4253,1934,2196,2316,2486,1967,3827,50008,32849,7729,5581,9383,6850,6409,31,28
2021-07-21T23:59:59+02:00,84,90,2407,2323,6996,5177,7113,4936,6452,6959,4906,5293,2577,2710,3163,3222,2729,5151,1336,1272,4163,3258,4591,3395,4575,5225,3672,4211,1922,2184,2313,2485,1967,3825,49761,32393,7683,5373,9377,6789,6303,31,28
2021-07-20T23:59:59+02:00,83,89,2389,2298,6943,5146,7077,4907,6415,6919,4877,5276,2574,2706,3163,3222,2729,5151,1302,1244,4048,3194,4506,3348,4486,5146,3618,4180,1920,2175,2312,2484,1967,3824,49523,31943,7673,5303,9375,6739,6228,31,28
2021-07-19T23:59:59+02:00,82,89,2368,2274,6893,5111,7029,4887,6379,6887,4857,5261,2570,2702,3162,3218,2729,5150,1282,1222,3975,3148,4424,3314,4408,5084,3584,4157,1916,2169,2308,2481,1966,3824,49260,31647,7663,5187,9374,6696,6185,31,28
2021-07-18T23:59:59+02:00,82,87,2342,2247,6830,5074,6990,4858,6343,6849,4841,5251,2563,2696,3160,3218,2728,5149,1266,1202,3932,3109,4385,3285,4359,5064,3549,4143,1911,2159,2307,2481,1966,3822,48969,31452,7648,5115,9370,6671,6153,31,27
2021-07-17T23:59:59+02:00,80,83,2326,2233,6812,5061,6971,4842,6323,6833,4822,5240,2559,2695,3160,3217,2728,5148,1257,1189,3899,3075,4344,3266,4320,5032,3521,4131,1905,2156,2307,2479,1966,3822,48857,31296,7641,5062,9370,6664,6097,31,27
2021-07-16T23:59:59+02:00,80,80,2287,2207,6751,5028,6912,4808,6280,6791,4791,5211,2552,2690,3158,3216,2728,5148,1219,1168,3799,3026,4251,3223,4234,4973,3460,4083,1891,2146,2301,2477,1966,3821,48679,30957,7616,5035,9359,6595,5895,31,27
2021-07-15T23:59:59+02:00,78,75,2244,2178,6675,4993,6852,4767,6230,6740,4774,5184,2549,2685,3156,3213,2728,5148,1172,1136,3601,2916,4071,3118,4081,4875,3398,4021,1882,2137,2299,2472,1966,3821,48351,30275,7599,4808,9353,6528,5794,31,27
2021-07-14T23:59:59+02:00,77,73,2208,2161,6605,4958,6778,4734,6176,6696,4753,5163,2542,2679,3153,3211,2728,5148,1124,1100,3489,2831,3970,3056,3978,4805,3355,3976,1870,2129,2298,2469,1966,3821,48042,29811,7584,4714,9351,6456,5692,31,27
2021-07-13T23:59:59+02:00,74,68,2177,2132,6551,4927,6715,4698,6138,6650,4732,5146,2534,2674,3151,3211,2728,5148,1091,1069,3392,2754,3846,2990,3890,4718,3301,3915,1843,2122,2295,2464,1965,3819,47730,29336,7579,4581,9350,6364,5621,30,27
2021-07-12T23:59:59+02:00,69,67,2150,2110,6483,4884,6647,4653,6089,6612,4706,5119,2529,2671,3148,3210,2728,5148,1061,1049,3296,2679,3735,2927,3787,4636,3253,3867,1832,2111,2290,2454,1965,3819,47393,28898,7570,4465,9346,6284,5538,30,26
2021-07-11T23:59:59+02:00,65,66,2141,2096,6449,4868,6617,4632,6059,6595,4697,5111,2526,2666,3146,3210,2727,5148,1052,1033,3258,2639,3677,2898,3735,4609,3230,3853,1823,2099,2287,2450,1965,3819,47288,28726,7549,4433,9344,6228,5461,30,26
2021-07-10T23:59:59+02:00,64,65,2118,2068,6371,4822,6554,4598,6012,6558,4671,5100,2523,2663,3146,3207,2727,5147,1037,1016,3206,2599,3632,2868,3695,4579,3214,3841,1817,2092,2287,2448,1965,3819,47042,28558,7530,4432,9329,6212,5333,30,26
2021-07-09T23:59:59+02:00,63,63,2096,2047,6301,4782,6505,4574,5963,6524,4653,5079,2521,2658,3145,3206,2727,5147,1018,1001,3153,2554,3581,2835,3646,4544,3188,3814,1815,2078,2285,2447,1965,3819,46817,28355,7498,4403,9323,6161,5232,30,26
2021-07-08T23:59:59+02:00,59,60,2043,2000,6205,4718,6402,4519,5896,6460,4619,5046,2514,2649,3142,3202,2727,5147,946,950,2991,2468,3389,2763,3473,4451,3116,3746,1798,2062,2283,2438,1964,3818,46496,27874,7422,4118,9289,6041,5014,30,26
2021-07-07T23:59:59+02:00,59,59,1975,1957,6083,4644,6298,4464,5824,6403,4586,4998,2508,2639,3137,3198,2727,5147,895,918,2843,2393,3221,2686,3317,4345,3060,3682,1780,2035,2275,2430,1964,3816,46003,27336,7377,3880,9270,5962,4865,30,26
2021-07-06T23:59:59+02:00,57,59,1932,1922,5977,4590,6207,4423,5770,6334,4542,4962,2502,2633,3134,3194,2727,5147,858,883,2733,2296,3130,2626,3243,4254,3003,3628,1755,2004,2271,2424,1964,3816,45565,26843,7336,3779,9257,5881,4762,30,26
2021-07-05T23:59:59+02:00,55,59,1863,1876,5836,4516,6095,4385,5700,6280,4500,4925,2498,2626,3132,3192,2727,5145,814,843,2629,2222,3053,2578,3166,4183,2954,3573,1735,1985,2264,2415,1963,3813,45094,26469,7297,3710,9233,5797,4589,30,26
2021-07-04T23:59:59+02:00,55,58,1821,1841,5757,4475,6050,4356,5660,6260,4482,4904,2496,2624,3132,3190,2727,5144,776,819,2571,2173,3016,2554,3136,4150,2931,3551,1720,1962,2261,2414,1962,3813,44895,26334,7260,3655,9207,5720,4472,30,26
2021-07-03T23:59:59+02:00,53,47,1722,1767,5549,4322,5903,4268,5574,6170,4435,4868,2494,2621,3132,3186,2727,5144,737,795,2506,2127,2966,2533,3098,4105,2901,3523,1714,1955,2260,2410,1962,3811,44083,26163,7229,3653,9200,5692,4266,30,26
2021-07-02T23:59:59+02:00,47,39,1685,1726,5473,4278,5857,4234,5553,6145,4423,4850,2493,2615,3131,3185,2726,5144,717,770,2437,2079,2896,2492,3054,4057,2871,3483,1696,1938,2256,2404,1962,3809,43810,25880,7198,3627,9195,5593,4192,30,26
2021-07-01T23:59:59+02:00,41,33,1638,1692,5368,4213,5773,4187,5477,6074,4395,4821,2490,2611,3130,3184,2726,5143,649,732,2252,2007,2713,2408,2883,3944,2773,3395,1670,1914,2247,2392,1961,3807,43415,25139,7139,3424,9180,5492,4051,30,26
2021-06-30T23:59:59+02:00,41,31,1590,1645,5257,4129,5675,4143,5418,6027,4383,4797,2486,2604,3128,3181,2726,5143,614,697,2152,1942,2602,2356,2774,3857,2712,3320,1650,1885,2239,2380,1960,3806,43005,24682,7081,3310,9164,5369,3940,30,26
2021-06-29T23:59:59+02:00,40,28,1537,1569,5154,4041,5583,4089,5364,5967,4356,4769,2482,2600,3127,3180,2726,5142,587,657,2076,1865,2524,2292,2675,3740,2650,3270,1634,1851,2227,2367,1959,3803,42498,24201,7052,3236,9156,5260,3829,30,26
2021-06-28T23:59:59+02:00,38,26,1503,1512,5042,3982,5520,4036,5319,5924,4328,4744,2478,2592,3126,3178,2726,5142,571,634,1981,1803,2447,2237,2604,3658,2605,3223,1616,1833,2220,2361,1959,3800,42108,23888,6992,3099,9145,5165,3747,30,26
2021-06-27T23:59:59+02:00,38,25,1474,1486,4993,3943,5474,4006,5279,5905,4317,4735,2476,2588,3126,3177,2726,5142,552,617,1930,1759,2412,2218,2560,3620,2575,3206,1607,1821,2219,2351,1959,3800,41929,23746,6955,3045,9127,5086,3675,30,26
2021-06-26T23:59:59+02:00,30,20,1443,1458,4925,3897,5382,3961,5241,5872,4296,4721,2476,2586,3126,3175,2726,5142,546,608,1898,1739,2377,2200,2539,3598,2555,3186,1586,1811,2218,2349,1959,3800,41574,23534,6875,3042,9127,5062,3675,29,26
2021-06-25T23:59:59+02:00,24,12,1411,1420,4819,3824,5330,3933,5206,5847,4271,4710,2472,2584,3124,3174,2726,5142,537,583,1852,1717,2318,2135,2444,3459,2511,3087,1578,1790,2214,2345,1957,3799,41159,23090,6843,3016,9126,4884,3673,29,26
2021-06-24T23:59:59+02:00,17,11,1362,1373,4640,3714,5206,3882,5114,5807,4229,4679,2468,2581,3124,3173,2725,5142,498,561,1741,1652,2151,2071,2284,3381,2403,2993,1545,1767,2205,2340,1956,3796,40538,22589,6792,2710,9119,4802,3566,29,26
2021-06-23T23:59:59+02:00,17,11,1332,1340,4557,3664,5124,3834,5061,5762,4205,4644,2458,2574,3120,3171,2724,5142,464,544,1676,1596,2051,2023,2169,3288,2306,2903,1522,1743,2199,2333,1955,3794,40122,22059,6741,2637,9114,4658,3531,29,26
2021-06-22T23:59:59+02:00,16,11,1306,1321,4484,3603,5043,3790,5017,5716,4179,4618,2454,2568,3120,3170,2723,5142,450,526,1620,1557,1970,1971,2090,3180,2206,2813,1510,1719,2190,2321,1955,3790,39726,21648,6697,2522,9111,4505,3507,29,25
2021-06-21T23:59:59+02:00,16,11,1278,1282,4374,3523,4963,3745,4954,5654,4152,4600,2450,2555,3119,3165,2722,5140,434,512,1586,1524,1936,1930,2040,3102,2143,2735,1488,1684,2169,2298,1955,3786,39222,21366,6654,2430,9109,4362,3474,29,25
2021-06-20T23:59:59+02:00,16,9,1255,1252,4306,3464,4921,3729,4919,5634,4129,4588,2447,2553,3118,3165,2721,5140,418,498,1553,1495,1912,1907,2009,3078,2095,2696,1481,1670,2167,2292,1955,3785,38955,21190,6625,2392,9097,4299,3439,29,24
2021-06-19T23:59:59+02:00,15,9,1244,1233,4266,3435,4901,3705,4887,5611,4112,4579,2444,2551,3118,3164,2720,5140,413,494,1536,1478,1895,1881,1996,3055,2072,2662,1473,1662,2164,2291,1953,3784,38797,21041,6564,2363,9097,4290,3420,29,24
2021-06-18T23:59:59+02:00,11,6,1227,1213,4200,3396,4852,3668,4838,5573,4088,4567,2440,2547,3117,3162,2720,5140,402,484,1515,1461,1870,1849,1951,3006,2019,2603,1459,1648,2164,2286,1952,3781,38487,20736,6518,2360,9097,4248,3406,29,24
2021-06-17T23:59:59+02:00,9,6,1184,1180,4043,3327,4667,3595,4669,5485,4029,4523,2434,2544,3117,3161,2719,5140,370,467,1419,1428,1696,1787,1792,2913,1922,2525,1436,1626,2153,2274,1950,3779,37901,20281,6459,2256,9090,4171,3123,27,24
2021-06-16T23:59:59+02:00,9,6,1161,1148,3945,3245,4572,3545,4565,5419,3984,4493,2426,2540,3116,3157,2718,5139,355,447,1361,1391,1636,1756,1712,2833,1861,2454,1421,1600,2141,2261,1950,3775,37431,19891,6341,2188,9081,4095,3071,27,24
2021-06-15T23:59:59+02:00,9,6,1129,1116,3811,3166,4504,3490,4490,5346,3944,4462,2418,2533,3111,3155,2718,5138,345,424,1312,1345,1590,1715,1644,2775,1792,2386,1404,1572,2136,2247,1949,3774,36902,19575,6307,2103,9069,4023,2996,27,24
2021-06-14T23:59:59+02:00,9,4,1103,1085,3721,3118,4420,3433,4413,5277,3892,4429,2414,2523,3111,3151,2717,5137,336,411,1274,1314,1545,1684,1598,2719,1734,2335,1393,1547,2131,2240,1948,3772,36452,19337,6219,2036,9064,3946,2945,26,24
2021-06-13T23:59:59+02:00,9,4,1088,1071,3672,3078,4364,3391,4364,5240,3874,4415,2413,2517,3110,3150,2717,5135,331,404,1242,1298,1511,1660,1555,2684,1699,2296,1379,1526,2125,2229,1948,3770,36200,19159,6184,2015,9059,3872,2889,26,24
2021-06-12T23:59:59+02:00,9,3,1071,1050,3645,3052,4336,3371,4348,5226,3858,4405,2410,2514,3109,3149,2717,5134,327,403,1235,1282,1489,1641,1529,2665,1655,2275,1369,1516,2113,2227,1948,3770,36016,19006,6172,2015,9059,3818,2878,26,24
2021-06-11T23:59:59+02:00,8,3,1055,1039,3608,3010,4261,3344,4311,5193,3833,4394,2409,2510,3108,3147,2717,5133,318,391,1214,1249,1465,1622,1484,2616,1599,2229,1359,1501,2111,2222,1948,3769,35739,18760,6145,2007,9056,3743,2856,26,24
2021-06-10T23:59:59+02:00,7,3,999,997,3498,2935,4132,3265,4211,5125,3777,4360,2406,2502,3106,3145,2716,5133,303,379,1156,1216,1400,1564,1420,2546,1516,2125,1326,1469,2106,2212,1947,3766,35176,18339,6016,2000,9039,3590,2785,26,24
2021-06-09T23:59:59+02:00,7,1,950,967,3373,2841,3994,3208,4119,5046,3734,4318,2402,2496,3103,3142,2716,5133,285,363,1095,1182,1334,1539,1359,2466,1441,2053,1301,1412,2099,2199,1946,3763,34696,18027,5850,1948,9036,3462,2658,26,24
2021-06-08T23:59:59+02:00,6,1,901,929,3246,2758,3871,3122,4021,4962,3678,4291,2395,2491,3100,3139,2715,5131,272,345,1051,1143,1279,1508,1307,2408,1396,1980,1277,1380,2088,2181,1943,3759,34151,17797,5715,1903,9026,3329,2544,26,23
2021-06-07T23:59:59+02:00,5,1,873,903,3142,2685,3739,3087,3897,4889,3629,4264,2381,2486,3099,3137,2715,5129,263,338,1005,1105,1225,1487,1261,2355,1328,1927,1263,1360,2074,2164,1942,3751,33777,17630,5537,1868,9020,3202,2398,26,23
2021-06-06T23:59:59+02:00,5,1,854,893,3085,2645,3654,3043,3828,4860,3597,4251,2378,2480,3097,3136,2713,5128,256,325,991,1080,1194,1459,1239,2298,1298,1868,1247,1345,2067,2157,1940,3748,33566,17526,5408,1820,9014,3089,2323,26,23
2021-06-05T23:59:59+02:00,5,1,842,876,3015,2588,3610,3015,3791,4838,3584,4248,2377,2478,3097,3135,2713,5127,251,318,975,1060,1173,1440,1215,2272,1264,1847,1230,1322,2064,2153,1940,3748,33302,17368,5403,1817,9008,3042,2287,26,23
2021-06-04T23:59:59+02:00,3,1,820,860,2964,2540,3535,2974,3723,4787,3557,4231,2373,2475,3094,3135,2713,5127,241,311,956,1032,1153,1426,1182,2240,1234,1814,1212,1299,2055,2148,1940,3746,32984,17217,5358,1812,9006,2984,2218,26,22
2021-06-03T23:59:59+02:00,3,1,776,830,2816,2448,3358,2871,3548,4672,3467,4159,2365,2465,3090,3130,2713,5127,230,298,928,1000,1100,1375,1118,2150,1175,1752,1176,1253,2045,2134,1940,3744,32321,17002,5131,1797,8992,2821,2032,26,22
2021-06-02T23:59:59+02:00,3,1,749,824,2746,2375,3296,2821,3488,4607,3425,4133,2363,2461,3090,3129,2713,5127,218,294,908,973,1051,1346,1073,2106,1123,1703,1161,1216,2043,2131,1940,3744,31974,16792,5114,1783,8992,2785,1899,26,22
2021-06-01T23:59:59+02:00,3,1,704,796,2592,2268,3106,2722,3315,4495,3362,4075,2352,2453,3087,3123,2713,5127,205,281,833,929,955,1286,992,1993,1067,1632,1128,1160,2034,2119,1938,3739,31373,16518,4898,1745,8983,2595,1649,26,22
2021-05-31T23:59:59+02:00,3,1,671,775,2471,2189,2969,2635,3205,4398,3308,4027,2347,2440,3085,3120,2713,5126,191,269,787,890,890,1241,945,1916,1028,1574,1107,1131,2028,2114,1936,3737,30995,16350,4674,1731,8967,2464,1447,26,22
2021-05-30T23:59:59+02:00,3,1,661,765,2418,2141,2897,2599,3150,4355,3289,4005,2343,2436,3084,3119,2712,5124,182,253,750,854,840,1197,903,1853,1006,1522,1093,1115,2022,2104,1936,3735,30847,16256,4613,1721,8958,2309,1282,26,22
2021-05-29T23:59:59+02:00,3,1,659,763,2404,2125,2874,2588,3133,4337,3279,3996,2342,2435,3084,3119,2712,5124,179,244,744,844,822,1173,887,1802,993,1486,1079,1096,2021,2097,1935,3735,30726,16166,4611,1721,8956,2171,1281,26,22
2021-05-28T23:59:59+02:00,3,1,652,753,2375,2090,2830,2561,3108,4319,3267,3980,2342,2431,3082,3113,2712,5124,176,237,734,833,812,1153,877,1763,959,1444,1058,1067,2018,2089,1934,3733,30502,15994,4602,1719,8953,2096,1277,26,22
2021-05-27T23:59:59+02:00,3,1,609,735,2249,2039,2699,2490,2975,4245,3185,3927,2333,2417,3081,3111,2712,5121,163,221,671,785,737,1098,799,1665,894,1359,1036,1036,2004,2068,1933,3731,30031,15783,4473,1679,8922,1848,1083,26,21
2021-05-26T23:59:59+02:00,3,1,581,711,2153,1974,2541,2431,2851,4181,3130,3875,2322,2405,3076,3104,2709,5115,158,207,634,746,691,1062,754,1595,848,1304,1019,1008,1985,2035,1928,3725,29639,15556,4245,1667,8896,1715,952,26,21
2021-05-25T23:59:59+02:00,3,1,559,696,2071,1919,2441,2390,2745,4098,3081,3841,2309,2396,3073,3099,2708,5111,150,199,615,716,660,1029,709,1536,799,1243,998,986,1957,2001,1927,3721,29295,15336,4068,1631,8856,1582,888,25,20
2021-05-24T23:59:59+02:00,3,1,545,675,2018,1881,2367,2359,2678,4046,3029,3802,2297,2388,3067,3098,2705,5110,146,191,596,698,633,997,671,1476,776,1189,977,969,1951,1999,1922,3720,29117,15235,3902,1619,8822,1458,789,25,20
2021-05-23T23:59:59+02:00,3,1,542,673,2005,1870,2355,2346,2668,4033,3018,3787,2293,2385,3067,3096,2705,5110,145,190,592,692,626,993,655,1463,765,1181,972,963,1947,1995,1920,3716,29010,15157,3899,1613,8821,1448,787,25,20
2021-05-22T23:59:59+02:00,3,1,537,664,1982,1853,2324,2331,2644,4003,2991,3760,2285,2381,3065,3093,2705,5109,142,182,585,687,622,983,643,1457,760,1172,959,957,1939,1980,1920,3716,28791,15089,3898,1613,8819,1411,778,25,20
2021-05-21T23:59:59+02:00,3,1,525,648,1904,1823,2241,2286,2581,3954,2949,3713,2278,2368,3062,3092,2705,5108,142,179,580,680,610,974,631,1445,740,1152,942,929,1927,1974,1920,3715,28343,14990,3871,1612,8803,1350,775,25,20
2021-05-20T23:59:59+02:00,3,1,487,629,1773,1755,2114,2213,2461,3862,2866,3627,2259,2355,3053,3084,2703,5105,135,170,552,645,577,935,603,1389,709,1089,916,896,1915,1961,1918,3712,27694,14859,3756,1597,8731,1146,703,25,20
2021-05-19T23:59:59+02:00,3,1,447,594,1667,1682,1979,2148,2327,3765,2765,3534,2240,2337,3046,3079,2697,5104,122,162,525,625,545,901,574,1338,682,1029,896,875,1895,1931,1911,3707,26973,14685,3686,1577,8689,1050,585,25,20
2021-05-18T23:59:59+02:00,3,0,426,572,1594,1622,1883,2090,2215,3643,2670,3438,2228,2317,3038,3071,2696,5100,115,155,501,605,523,868,557,1262,664,967,880,848,1883,1912,1907,3700,26478,14554,3516,1538,8634,944,486,25,20
2021-05-17T23:59:59+02:00,3,0,406,560,1540,1587,1831,2039,2141,3534,2619,3365,2209,2298,3027,3063,2694,5095,110,147,481,591,514,833,544,1198,652,912,862,814,1878,1901,1906,3695,26180,14467,3370,1502,8571,846,394,25,19
2021-05-16T23:59:59+02:00,3,0,402,559,1513,1558,1801,2017,2100,3483,2561,3309,2195,2289,3024,3059,2694,5094,107,145,473,572,505,817,531,1148,632,870,833,785,1873,1897,1906,3694,26004,14410,3302,1467,8535,757,321,25,19
2021-05-15T23:59:59+02:00,3,0,397,555,1487,1541,1783,1998,2081,3461,2537,3272,2188,2289,3023,3057,2693,5094,107,142,471,571,505,816,526,1144,624,861,829,783,1869,1894,1906,3694,25809,14377,3302,1467,8530,749,316,24,19
2021-05-14T23:59:59+02:00,3,0,385,543,1458,1511,1743,1956,2002,3388,2487,3227,2178,2278,3020,3057,2691,5094,105,139,469,555,487,791,506,1113,610,845,816,769,1862,1885,1906,3693,25439,14318,3261,1451,8508,648,298,24,19
2021-05-13T23:59:59+02:00,2,0,364,527,1401,1462,1642,1914,1886,3302,2418,3139,2151,2260,3011,3052,2689,5088,100,136,458,547,477,776,500,1098,599,832,789,741,1847,1862,1905,3687,25003,14235,3046,1403,8457,608,271,24,17
2021-05-12T23:59:59+02:00,1,0,357,524,1383,1454,1625,1905,1865,3278,2404,3123,2148,2253,3005,3049,2689,5087,100,134,455,547,476,770,496,1094,596,826,781,727,1843,1855,1903,3687,24873,14183,3025,1394,8452,607,268,23,17
2021-05-11T23:59:59+02:00,1,0,338,504,1316,1419,1528,1868,1756,3181,2303,3047,2131,2226,2996,3038,2685,5086,94,124,440,520,457,744,476,1063,563,804,756,696,1831,1844,1901,3683,24467,14066,2859,1357,8342,519,213,23,17
2021-05-10T23:59:59+02:00,1,0,323,488,1278,1390,1477,1839,1692,3123,2245,2977,2119,2211,2987,3029,2684,5082,94,121,434,513,448,724,469,1039,558,781,742,678,1825,1837,1899,3679,24200,14001,2785,1349,8227,465,185,23,16
2021-05-09T23:59:59+02:00,1,0,318,478,1238,1371,1454,1823,1646,3087,2181,2932,2109,2197,2984,3023,2684,5077,91,118,425,504,440,718,459,1030,548,768,730,668,1818,1832,1898,3676,23974,13957,2732,1343,8180,417,162,23,15
2021-05-08T23:59:59+02:00,1,0,311,476,1229,1353,1425,1805,1616,3062,2131,2914,2102,2189,2982,3022,2682,5076,90,118,424,504,438,717,458,1025,548,762,727,667,1812,1822,1898,3676,23753,13940,2729,1335,8175,405,161,23,15
2021-05-07T23:59:59+02:00,1,0,301,469,1203,1326,1378,1785,1558,2999,2077,2866,2093,2179,2981,3017,2680,5071,87,115,412,491,428,690,445,990,525,736,721,643,1791,1808,1898,3672,23481,13870,2700,1310,8112,301,127,23,13
2021-05-06T23:59:59+02:00,1,0,284,456,1115,1289,1260,1722,1421,2888,1942,2774,2055,2147,2977,3004,2679,5067,85,109,399,477,417,674,433,968,506,717,709,626,1774,1792,1894,3665,22987,13796,2511,1289,7904,217,99,21,12
2021-05-05T23:59:59+02:00,1,0,269,442,1076,1264,1217,1686,1353,2823,1855,2692,2031,2115,2963,2989,2679,5056,85,105,391,468,412,662,426,957,499,699,688,613,1749,1770,1894,3662,22536,13710,2451,1266,7845,169,92,21,11
2021-05-04T23:59:59+02:00,1,0,261,432,1041,1241,1178,1665,1311,2776,1798,2627,2011,2082,2953,2975,2669,5043,81,102,384,457,409,657,417,938,490,680,671,592,1733,1744,1890,3662,22199,13614,2388,1234,7799,130,86,21,10
2021-05-03T23:59:59+02:00,1,0,257,424,1010,1218,1142,1648,1282,2742,1751,2590,1994,2053,2940,2966,2667,5037,77,96,372,451,401,649,413,930,482,673,655,581,1708,1716,1888,3658,21948,13512,2364,1225,7751,109,60,21,9
2021-05-02T23:59:59+02:00,1,0,251,422,997,1206,1114,1632,1256,2728,1736,2566,1987,2038,2935,2963,2665,5034,75,96,366,448,398,644,409,924,479,667,647,569,1686,1703,1888,3657,21822,13468,2347,1203,7713,96,45,21,9
2021-05-01T23:59:59+02:00,1,0,247,418,989,1198,1103,1623,1242,2715,1721,2547,1978,2032,2931,2959,2665,5034,75,96,366,447,397,644,408,920,479,666,645,569,1686,1703,1888,3657,21691,13461,2347,1203,7713,93,45,21,9
2021-04-30T23:59:59+02:00,1,0,245,412,979,1177,1082,1604,1204,2651,1659,2488,1964,2015,2925,2954,2664,5030,74,94,365,441,394,638,407,895,474,655,638,563,1683,1697,1888,3655,21378,13445,2342,1191,7709,68,14,21,8
2021-04-29T23:59:59+02:00,1,0,231,397,931,1154,1045,1568,1156,2597,1567,2415,1913,1969,2915,2943,2659,5018,74,93,359,440,389,633,401,884,463,644,623,552,1668,1685,1882,3649,20893,13370,2306,1164,7650,47,13,21,8
2021-04-28T23:59:59+02:00,1,0,220,394,917,1139,1015,1557,1121,2559,1499,2360,1873,1906,2903,2938,2657,5015,71,92,353,437,386,624,398,874,456,630,606,534,1650,1667,1882,3647,20585,13292,2261,1121,7596,34,12,21,8
2021-04-27T23:59:59+02:00,1,0,219,388,903,1126,1001,1545,1097,2534,1476,2332,1840,1863,2897,2931,2655,5011,69,89,351,434,384,619,396,870,450,625,599,523,1638,1644,1878,3644,20385,13231,2235,1093,7562,29,12,20,8
2021-04-26T23:59:59+02:00,1,0,216,381,894,1117,991,1532,1071,2516,1422,2282,1822,1842,2887,2920,2652,5005,69,89,347,430,384,618,392,867,446,619,590,511,1623,1629,1876,3640,20195,13187,2219,1055,7494,27,12,20,8
2021-04-25T23:59:59+02:00,1,0,216,380,886,1108,979,1524,1055,2497,1389,2248,1798,1819,2879,2913,2652,5004,68,88,346,425,381,617,390,863,444,618,587,505,1617,1619,1876,3638,20063,13168,2195,1035,7443,19,12,20,7
2021-04-24T23:59:59+02:00,1,0,212,376,875,1098,966,1510,1041,2479,1357,2225,1788,1795,2876,2907,2652,5004,68,88,346,425,380,617,390,861,443,615,586,502,1616,1616,1876,3638,19893,13161,2195,1026,7424,19,12,20,7
2021-04-23T23:59:59+02:00,1,0,208,370,864,1087,959,1500,1021,2460,1299,2177,1764,1768,2869,2901,2652,5001,67,86,346,425,380,616,389,858,440,611,579,494,1607,1607,1876,3633,19733,13135,2184,999,7328,19,12,20,7
2021-04-22T23:59:59+02:00,1,0,207,362,840,1068,935,1477,991,2418,1245,2113,1719,1717,2857,2881,2650,4992,67,85,344,420,374,608,386,848,435,606,569,486,1588,1593,1871,3628,19432,13063,2128,972,7252,12,12,20,7
2021-04-21T23:59:59+02:00,1,0,201,355,821,1053,911,1460,952,2381,1194,2065,1673,1651,2837,2860,2643,4984,65,83,341,418,373,605,383,843,432,599,564,480,1576,1571,1860,3623,19088,12993,2096,950,7193,12,12,20,7
2021-04-20T23:59:59+02:00,1,0,195,350,805,1029,893,1441,931,2328,1153,2013,1617,1584,2807,2834,2637,4969,64,83,339,417,369,601,378,837,432,592,557,472,1554,1539,1856,3619,18771,12910,2024,927,7123,11,12,20,7
2021-04-19T23:59:59+02:00,1,0,193,342,791,1018,879,1424,914,2296,1129,1979,1577,1538,2794,2820,2635,4964,64,82,338,415,364,596,374,828,427,581,553,466,1526,1513,1850,3606,18562,12816,2008,899,7054,8,11,19,7
2021-04-18T23:59:59+02:00,1,0,192,339,784,1009,868,1414,894,2277,1108,1959,1539,1499,2785,2813,2629,4958,63,80,337,414,364,596,373,823,426,578,550,460,1516,1507,1847,3604,18431,12786,1977,883,6982,8,11,19,7
2021-04-17T23:59:59+02:00,1,0,190,335,781,1006,862,1412,885,2272,1102,1951,1519,1473,2780,2805,2629,4958,63,77,335,409,363,596,371,819,426,575,545,454,1507,1499,1847,3601,18352,12737,1976,881,6954,8,11,19,7
2021-04-16T23:59:59+02:00,1,0,189,334,772,1000,849,1395,872,2250,1065,1911,1464,1406,2767,2790,2625,4951,58,75,332,402,362,594,366,807,419,561,520,424,1494,1477,1836,3588,18126,12630,1960,816,6875,7,11,18,6
2021-04-15T23:59:59+02:00,1,0,188,329,750,983,832,1383,847,2206,1024,1872,1414,1352,2738,2762,2610,4935,56,74,327,396,357,593,358,801,409,558,505,416,1461,1445,1824,3573,17852,12515,1944,769,6746,6,11,17,6
2021-04-14T23:59:59+02:00,1,0,187,323,741,976,825,1370,834,2172,1006,1843,1357,1306,2690,2697,2597,4919,54,70,323,393,353,589,355,793,400,544,489,398,1427,1414,1817,3554,17572,12381,1925,723,6660,6,11,16,6
2021-04-13T23:59:59+02:00,1,0,183,317,732,972,814,1359,823,2147,973,1815,1293,1234,2637,2639,2589,4904,52,70,320,390,345,583,348,785,392,536,476,390,1400,1392,1809,3543,17324,12284,1874,678,6547,5,11,15,6
2021-04-12T23:59:59+02:00,1,0,183,316,727,967,807,1347,797,2124,957,1794,1246,1198,2618,2609,2585,4890,51,66,310,383,340,577,343,777,386,529,459,380,1383,1379,1806,3535,17190,12196,1850,636,6437,5,11,13,6
2021-04-11T23:59:59+02:00,0,0,181,315,721,958,800,1342,785,2108,941,1777,1224,1168,2598,2587,2580,4883,50,64,305,381,338,575,342,773,381,521,454,371,1368,1374,1802,3528,17119,12144,1826,610,6331,4,11,13,6
2021-04-10T23:59:59+02:00,0,0,181,313,721,955,798,1341,778,2100,934,1771,1210,1154,2585,2571,2580,4883,45,59,282,368,323,560,328,761,366,511,441,364,1356,1355,1797,3522,17065,11967,1817,594,6301,4,10,13,6
2021-04-09T23:59:59+02:00,0,0,181,309,716,951,788,1318,770,2016,915,1689,1155,1083,2544,2542,2577,4875,38,57,267,354,305,548,309,747,353,495,424,355,1314,1326,1784,3508,16904,11739,1780,564,6051,4,8,11,5
2021-04-08T23:59:59+02:00,0,0,180,306,712,944,781,1312,757,1999,892,1667,1085,1003,2486,2505,2565,4865,37,55,259,340,292,540,293,731,327,477,397,332,1265,1288,1760,3474,16736,11451,1716,531,5913,4,7,11,5
2021-04-07T23:59:59+02:00,0,0,174,303,704,938,773,1298,740,1971,870,1635,1031,946,2435,2446,2556,4849,35,52,241,324,282,534,284,718,312,464,368,313,1218,1250,1741,3436,16544,11181,1674,500,5754,4,7,11,5
2021-04-06T23:59:59+02:00,0,0,170,302,698,934,759,1283,721,1948,842,1610,998,899,2395,2397,2548,4839,33,51,240,321,279,531,274,715,302,459,357,299,1190,1220,1721,3414,16426,11048,1640,467,5576,4,7,11,5
2021-04-05T23:59:59+02:00,0,0,170,302,697,928,755,1274,712,1932,831,1595,971,873,2369,2354,2543,4831,33,51,240,317,278,527,271,708,296,457,355,292,1156,1195,1713,3395,16363,10954,1624,437,5445,4,7,11,5
2021-04-04T23:59:59+02:00,0,0,169,299,694,921,750,1263,703,1916,824,1574,957,859,2363,2348,2543,4830,33,51,240,317,277,527,271,708,295,457,353,292,1138,1182,1709,3391,16334,10910,1621,437,5354,4,7,10,5
2021-04-03T23:59:59+02:00,0,0,169,299,694,921,748,1261,702,1911,816,1571,944,850,2357,2338,2540,4829,33,51,240,317,277,527,271,707,295,455,353,292,1138,1177,1709,3388,16289,10899,1621,437,5334,4,7,10,5
2021-04-02T23:59:59+02:00,0,0,169,298,694,920,747,1258,699,1904,808,1560,932,839,2335,2316,2538,4826,33,51,237,317,275,525,268,700,288,450,348,290,1117,1149,1698,3361,16219,10781,1609,430,5307,4,7,10,5
2021-04-01T23:59:59+02:00,0,0,166,295,688,909,734,1245,693,1884,790,1539,903,805,2296,2268,2532,4807,32,50,229,314,273,521,265,693,282,445,336,282,1078,1111,1665,3318,16090,10580,1548,416,5204,4,7,10,5
2021-03-31T23:59:59+02:00,0,0,163,292,681,902,724,1229,685,1838,776,1496,887,786,2251,2207,2511,4788,32,50,228,313,268,519,261,691,273,435,322,276,1014,1058,1641,3286,15973,10372,1485,398,5046,4,6,10,5
2021-03-30T23:59:59+02:00,0,0,159,285,675,893,720,1208,675,1799,766,1452,867,768,2206,2143,2497,4766,32,49,225,310,265,516,259,685,268,427,311,270,980,1029,1619,3250,15832,10215,1441,380,4892,4,6,10,5
2021-03-29T23:59:59+02:00,0,0,156,279,669,880,714,1197,665,1767,753,1413,848,751,2134,2076,2476,4736,32,48,224,309,264,514,255,678,260,416,304,264,952,1008,1606,3223,15626,10086,1397,370,4775,4,6,10,5
2021-03-28T23:59:59+02:00,0,0,148,262,659,873,708,1188,660,1746,748,1395,841,730,2088,2034,2471,4724,32,47,221,309,260,508,251,675,258,413,302,262,941,997,1600,3215,15548,10028,1344,362,4666,4,6,10,5
2021-03-27T23:59:59+01:00,0,0,148,259,655,866,704,1184,654,1735,746,1388,832,716,2077,2021,2471,4721,32,47,221,309,260,508,250,669,255,408,300,261,934,987,1583,3191,15495,9962,1335,352,4628,4,6,10,5
2021-03-26T23:59:59+01:00,0,0,146,257,645,854,699,1168,645,1717,738,1357,813,698,2051,1996,2461,4711,32,47,221,309,259,506,250,669,249,396,296,254,902,955,1550,3142,15388,9785,1298,352,4548,4,4,10,5
2021-03-25T23:59:59+01:00,0,0,143,256,635,842,678,1147,629,1680,720,1314,793,678,2009,1953,2445,4693,32,47,218,304,258,505,243,666,247,394,288,250,863,924,1488,3063,15275,9550,1244,338,4372,3,4,9,5
2021-03-24T23:59:59+01:00,0,0,140,248,621,829,671,1134,620,1642,706,1280,769,661,1968,1909,2428,4669,32,47,216,302,257,503,241,666,241,391,281,244,818,899,1437,2970,15141,9323,1210,322,4219,2,3,9,5
2021-03-23T23:59:59+01:00,0,0,137,246,614,821,657,1122,610,1620,693,1241,751,647,1927,1878,2413,4651,31,46,214,301,255,499,234,661,238,384,271,240,793,876,1359,2872,15049,9061,1181,311,4071,2,3,9,5
2021-03-22T23:59:59+01:00,0,0,134,241,596,804,639,1103,599,1588,678,1215,740,634,1896,1853,2402,4635,31,45,213,299,253,497,233,653,237,380,268,235,767,854,1267,2767,14968,8798,1149,299,3912,2,3,8,5
2021-03-21T23:59:59+01:00,0,0,132,239,592,798,635,1100,594,1564,668,1180,734,624,1872,1846,2396,4619,31,45,212,299,252,495,232,652,236,378,266,232,761,851,1258,2758,14935,8765,1128,290,3796,2,3,8,5
2021-03-20T23:59:59+01:00,0,0,130,239,587,795,632,1097,591,1560,666,1178,730,615,1848,1824,2389,4607,31,45,212,299,252,495,231,650,233,372,264,230,752,845,1240,2744,14874,8712,1118,280,3760,2,3,8,5
2021-03-19T23:59:59+01:00,0,0,121,227,581,781,625,1091,588,1542,649,1164,696,572,1790,1782,2359,4586,30,45,212,298,251,495,230,643,230,369,262,224,726,826,1204,2691,14707,8567,1044,265,3663,2,3,7,5
2021-03-18T23:59:59+01:00,0,0,118,222,563,771,605,1059,569,1492,619,1116,660,547,1740,1734,2332,4543,30,45,210,296,249,487,230,637,226,360,260,216,709,814,1171,2648,14514,8437,982,246,3448,2,3,7,5
2021-03-17T23:59:59+01:00,0,0,113,216,552,758,593,1054,558,1479,604,1093,636,523,1695,1699,2311,4504,30,44,210,295,248,484,229,636,225,357,259,214,697,802,1136,2601,14311,8320,933,240,3393,2,3,6,5
2021-03-16T23:59:59+01:00,0,0,108,210,540,746,580,1042,546,1437,588,1065,618,499,1641,1644,2290,4468,30,43,210,293,248,479,228,634,223,356,255,214,682,783,1106,2546,14133,8186,880,237,3252,2,2,6,5
2021-03-15T23:59:59+01:00,0,0,104,203,526,731,568,1018,535,1403,573,1027,599,481,1600,1607,2268,4444,29,43,209,290,248,476,226,632,221,356,247,210,664,771,1081,2510,13979,8084,825,223,3122,2,0,6,5
2021-03-14T23:59:59+01:00,0,0,100,191,517,716,557,996,527,1358,556,982,581,466,1571,1586,2252,4419,29,43,209,288,247,475,225,627,220,351,245,206,660,764,1073,2495,13872,8057,790,194,2947,2,0,6,5
2021-03-13T23:59:59+01:00,0,0,96,180,491,695,528,970,500,1336,533,962,555,458,1545,1561,2244,4411,29,43,209,288,247,475,224,627,220,350,244,206,655,755,1043,2466,13648,7980,776,193,2860,2,0,6,5
2021-03-12T23:59:59+01:00,0,0,87,174,465,667,508,942,477,1301,507,926,525,437,1490,1514,2222,4372,29,43,209,287,247,474,224,627,220,349,240,204,642,743,1018,2439,13345,7892,747,193,2731,2,0,6,4
2021-03-11T23:59:59+01:00,0,0,81,163,434,630,473,910,439,1222,469,863,495,404,1411,1448,2174,4313,29,42,208,284,242,470,222,623,216,346,236,202,626,721,993,2398,12964,7806,694,142,2462,2,0,6,4
2021-03-10T23:59:59+01:00,0,0,79,157,410,605,454,892,421,1186,441,820,466,379,1333,1384,2135,4256,29,42,206,279,238,466,219,617,216,344,231,199,607,713,970,2359,12625,7697,661,125,2320,2,0,6,4
2021-03-09T23:59:59+01:00,0,0,78,153,400,585,429,863,407,1137,423,789,444,360,1283,1351,2094,4212,29,42,205,276,236,458,216,613,212,340,229,198,596,706,951,2328,12401,7615,635,106,2147,2,0,6,4
2021-03-08T23:59:59+01:00,0,0,75,148,386,567,411,845,395,1084,412,747,428,345,1226,1315,2070,4174,29,42,205,275,233,452,212,608,208,336,227,197,584,701,941,2317,12211,7564,598,90,1991,1,0,6,3
2021-03-07T23:59:59+01:00,0,0,72,144,383,557,403,829,383,1070,405,741,425,340,1213,1295,2061,4165,29,42,205,274,233,450,210,607,208,335,226,196,580,698,933,2310,12144,7535,571,88,1939,0,0,6,3
2021-03-06T23:59:59+01:00,0,0,72,137,380,553,396,808,374,1016,397,707,423,339,1206,1284,2046,4150,29,42,205,274,232,449,210,606,208,335,226,196,577,698,931,2297,12087,7527,571,75,1796,0,0,6,3
2021-03-05T23:59:59+01:00,0,0,72,132,376,547,392,802,371,1000,386,681,412,326,1166,1242,2002,4091,29,42,204,273,231,448,209,604,207,332,224,195,572,697,923,2276,11873,7503,549,49,1735,0,0,6,3
2021-03-04T23:59:59+01:00,0,0,72,121,367,514,378,769,351,958,372,651,395,324,1114,1192,1918,3995,28,42,202,268,229,441,207,593,204,331,223,194,570,694,920,2273,11570,7455,516,48,1561,0,0,6,3
2021-03-03T23:59:59+01:00,0,0,68,114,358,498,371,752,346,936,358,631,385,316,1069,1158,1848,3873,28,42,202,267,228,439,204,583,204,324,222,191,565,691,913,2267,11295,7411,489,43,1450,0,0,5,3
2021-03-02T23:59:59+01:00,0,0,65,108,348,485,358,734,335,915,350,603,372,309,1034,1128,1750,3752,27,42,202,267,228,432,199,576,202,321,220,191,563,683,906,2254,10971,7352,465,43,1356,0,0,5,3
2021-03-01T23:59:59+01:00,0,0,64,106,342,472,351,715,324,890,343,569,367,305,1008,1096,1632,3598,27,41,201,266,226,423,197,568,202,317,219,191,560,676,897,2246,10631,7295,444,43,1250,0,0,5,3
2021-02-28T23:59:59+01:00,0,0,64,104,335,463,348,707,322,866,339,549,362,293,999,1092,1622,3586,27,41,200,265,225,423,197,568,202,317,218,191,559,672,894,2243,10586,7280,433,43,1173,0,0,5,3
2021-02-27T23:59:59+01:00,0,0,61,95,331,454,344,703,316,853,335,539,358,289,990,1081,1600,3564,27,41,200,264,225,422,196,567,201,316,218,191,559,672,894,2243,10515,7279,421,38,1116,0,0,5,3
2021-02-26T23:59:59+01:00,0,0,59,92,324,430,319,672,296,822,322,518,354,285,965,1061,1558,3502,27,40,200,263,225,420,194,564,198,314,218,191,559,672,893,2240,10354,7261,418,38,941,0,0,5,2
2021-02-25T23:59:59+01:00,0,0,52,79,311,411,309,642,289,794,307,492,344,275,947,1042,1520,3456,27,40,199,260,221,417,191,556,193,313,213,188,548,664,882,2234,10203,7199,404,28,794,0,0,5,2
2021-02-24T23:59:59+01:00,0,0,48,74,302,399,302,629,284,779,303,482,338,274,927,1030,1473,3397,26,40,197,258,218,404,189,548,190,308,211,185,542,658,880,2221,10055,7134,390,20,724,0,0,5,2
2021-02-23T23:59:59+01:00,0,0,45,65,289,383,294,610,278,760,293,472,331,272,899,1011,1432,3324,25,40,196,256,216,399,188,542,186,305,210,184,540,648,874,2202,9879,7073,371,16,632,0,0,5,2
2021-02-22T23:59:59+01:00,0,0,42,62,282,371,290,599,275,749,289,468,324,265,878,996,1402,3288,25,38,192,253,213,386,180,532,181,302,207,182,528,640,867,2185,9759,6983,355,5,589,0,0,4,2
2021-02-21T23:59:59+01:00,0,0,41,61,277,363,288,590,271,741,283,464,321,263,873,991,1395,3279,25,37,191,251,212,384,180,523,181,300,207,182,524,639,859,2172,9733,6938,347,5,540,0,0,4,2
2021-02-20T23:59:59+01:00,0,0,40,61,274,362,288,587,270,735,280,456,320,263,860,980,1362,3248,25,37,191,251,212,384,180,523,180,299,207,182,523,639,857,2171,9648,6932,336,5,518,0,0,4,2
2021-02-19T23:59:59+01:00,0,0,39,61,270,357,282,564,260,709,275,443,316,258,837,963,1328,3218,25,36,191,251,211,383,180,522,179,299,206,181,518,638,852,2154,9542,6897,321,5,430,0,0,3,2
2021-02-18T23:59:59+01:00,0,0,39,57,252,336,273,543,251,688,258,415,313,249,825,942,1302,3186,24,35,187,244,209,377,176,506,177,288,203,176,503,624,815,2087,9449,6702,295,5,296,0,0,3,2
2021-02-17T23:59:59+01:00,0,0,39,55,245,330,270,530,246,675,255,393,308,244,805,931,1273,3139,22,33,184,239,201,362,172,489,172,276,195,172,492,609,796,2048,9316,6531,285,4,243,0,0,3,2
2021-02-16T23:59:59+01:00,0,0,38,50,234,318,267,519,240,660,248,386,303,242,794,920,1247,3107,20,33,175,231,193,343,166,477,168,262,192,165,459,578,761,1980,9221,6271,277,4,179,0,0,3,2
2021-02-15T23:59:59+01:00,0,0,37,49,228,315,260,506,236,654,245,378,300,241,776,912,1235,3088,19,31,169,225,188,335,161,466,162,255,182,159,429,549,725,1909,9159,6032,263,4,142,0,0,3,2
2021-02-14T23:59:59+01:00,0,0,35,49,226,312,258,500,234,648,245,374,300,237,769,906,1226,3069,18,31,167,222,184,330,160,454,160,252,181,156,421,540,707,1866,9137,5916,230,4,124,0,0,3,2
2021-02-13T23:59:59+01:00,0,0,34,49,226,312,257,500,234,647,245,374,300,237,767,905,1225,3069,18,31,165,221,181,330,159,452,159,249,179,153,416,537,699,1851,9131,5869,230,1,123,0,0,3,2
2021-02-12T23:59:59+01:00,0,0,33,47,223,306,254,491,230,636,242,367,299,236,761,904,1222,3059,18,31,163,218,180,329,157,450,157,248,177,149,413,521,668,1785,9102,5733,230,1,79,0,0,3,2
2021-02-11T23:59:59+01:00,0,0,32,46,215,287,247,475,223,612,229,353,295,235,753,887,1197,3026,18,30,146,198,172,298,146,403,151,226,160,133,367,472,605,1617,9030,5207,163,1,18,0,0,3,2
2021-02-10T23:59:59+01:00,0,0,31,46,212,280,244,468,219,603,226,346,291,235,741,884,1189,3016,17,27,133,175,157,260,127,354,140,201,144,124,340,441,543,1492,8975,4734,146,1,7,0,0,3,0
2021-02-09T23:59:59+01:00,0,0,30,44,211,277,242,455,215,596,222,343,287,231,737,877,1180,3003,17,26,118,146,144,237,110,311,126,174,126,115,308,385,488,1334,8921,4218,122,1,3,0,0,3,0
2021-02-08T23:59:59+01:00,0,0,30,44,210,275,236,441,212,584,219,338,282,231,729,871,1174,2996,15,24,102,124,123,193,91,270,118,162,103,106,269,333,426,1199,8855,3706,107,1,3,0,0,3,0
2021-02-07T23:59:59+01:00,0,0,30,43,208,274,234,440,212,581,219,337,282,231,727,867,1169,2993,14,18,98,116,116,182,86,252,112,152,96,101,262,320,410,1149,8834,3529,104,1,0,0,0,3,0
2021-02-06T23:59:59+01:00,0,0,30,43,208,274,234,439,212,581,219,336,281,231,726,867,1168,2981,11,14,97,114,115,178,84,245,112,150,95,100,262,316,399,1134,8831,3468,90,1,0,0,0,3,0
2021-02-05T23:59:59+01:00,0,0,29,42,208,274,234,438,210,578,217,335,280,231,724,867,1156,2954,10,10,89,106,111,175,83,241,106,138,92,98,253,310,375,1105,8811,3342,55,0,0,0,0,3,0
2021-02-04T23:59:59+01:00,0,0,29,42,206,271,230,433,205,572,215,331,277,228,718,861,1147,2943,9,7,62,74,88,131,71,203,86,119,88,84,221,274,331,978,8742,2855,55,0,0,0,0,3,0
2021-02-03T23:59:59+01:00,0,0,29,41,206,269,229,421,202,566,214,328,275,226,708,858,1140,2928,6,4,45,56,69,107,53,157,73,89,63,59,166,200,250,715,8679,2135,50,0,0,0,0,3,0
2021-02-02T23:59:59+01:00,0,0,28,41,205,267,225,415,201,561,211,327,272,225,700,848,1133,2903,3,3,29,39,54,77,41,101,54,66,54,48,119,134,166,473,8600,1476,49,0,0,0,0,3,0
2021-02-01T23:59:59+01:00,0,0,27,39,203,267,222,410,198,555,207,320,271,222,693,845,1128,2891,3,1,22,21,27,45,28,62,30,35,38,30,72,86,96,284,8536,888,49,0,0,0,0,3,0
2021-01-31T23:59:59+01:00,0,0,27,39,203,265,220,406,196,547,206,318,270,222,689,841,1122,2876,3,1,20,16,18,37,21,49,22,31,35,24,57,74,93,254,8485,761,48,0,0,0,0,3,0
2021-01-30T23:59:59+01:00,0,0,27,39,203,265,220,405,195,547,206,318,270,222,688,841,1121,2874,3,1,19,15,16,37,19,45,20,30,34,23,57,71,91,248,8480,734,47,0,0,0,0,3,0
2021-01-29T23:59:59+01:00,0,0,27,39,203,262,219,404,194,546,204,316,270,222,683,838,1115,2866,3,0,16,10,11,31,18,40,16,27,34,22,54,70,89,242,8452,686,43,0,0,0,0,2,0
2021-01-28T23:59:59+01:00,0,0,27,38,196,259,219,398,193,537,201,311,269,222,671,830,1092,2846,3,0,3,3,6,18,10,22,7,13,26,15,37,47,59,171,8362,441,34,0,0,0,0,2,0
2021-01-27T23:59:59+01:00,0,0,26,36,191,254,214,389,191,523,198,301,261,217,657,813,1068,2808,1,0,2,3,5,14,9,20,6,12,25,14,31,41,49,130,8200,362,29,0,0,0,0,2,0
2021-01-26T23:59:59+01:00,0,0,23,36,188,243,208,376,186,505,195,293,255,212,635,796,1040,2757,1,0,1,3,5,14,9,20,6,12,24,11,30,37,48,113,8005,334,24,0,0,0,0,2,0
2021-01-25T23:59:59+01:00,0,0,23,35,180,241,205,366,181,495,190,282,245,207,612,776,1014,2712,1,0,1,3,4,12,8,17,6,11,21,10,26,36,40,102,7837,298,6,0,0,0,0,2,0
2021-01-24T23:59:59+01:00,0,0,22,34,178,238,202,365,180,493,189,280,245,205,608,771,1011,2707,1,0,1,3,3,12,8,17,6,11,21,10,26,36,39,100,7801,294,5,0,0,0,0,2,0
2021-01-23T23:59:59+01:00,0,0,22,34,178,238,200,365,180,492,189,280,245,205,607,771,1003,2694,1,0,1,3,3,11,8,17,5,11,21,10,26,36,39,100,7776,292,5,0,0,0,0,2,0
2021-01-22T23:59:59+01:00,0,0,21,33,176,234,199,365,180,491,188,280,245,203,605,769,975,2652,1,0,1,3,3,11,8,17,5,11,21,10,26,36,39,100,7689,292,5,0,0,0,0,2,0
2021-01-21T23:59:59+01:00,0,0,20,33,166,225,192,347,175,468,186,263,233,198,580,743,938,2599,1,0,1,3,1,6,7,12,3,7,20,8,22,26,34,83,7436,234,5,0,0,0,0,2,0
2021-01-20T23:59:59+01:00,0,0,19,31,151,199,175,305,146,412,172,239,215,186,538,697,869,2399,1,0,1,3,1,6,7,11,3,6,19,7,21,23,30,77,6817,216,4,0,0,0,0,2,0
2021-01-19T23:59:59+01:00,0,0,19,29,128,167,159,271,133,369,157,216,180,165,475,606,771,2125,1,0,1,3,1,6,5,7,1,4,11,3,10,15,21,55,6027,144,3,0,0,0,0,2,0
2021-01-18T23:59:59+01:00,0,0,16,28,113,149,137,227,115,321,140,189,142,150,385,501,635,1782,1,0,1,1,0,3,4,5,0,4,2,1,4,6,10,28,5083,70,3,0,0,0,0,2,0
2021-01-17T23:59:59+01:00,0,0,15,18,109,135,129,214,107,297,132,177,133,136,370,471,585,1680,1,0,0,0,0,1,2,4,0,2,1,1,3,1,2,5,4754,23,3,0,0,0,0,2,0
2021-01-16T23:59:59+01:00,0,0,13,14,105,132,127,209,104,287,130,171,130,132,365,463,568,1652,0,0,0,0,0,0,0,0,0,0,0,0,0,0,0,0,4648,0,0,0,0,0,0,2,0
2021-01-15T23:59:59+01:00,0,0,11,12,100,123,123,204,102,278,128,159,126,129,358,447,538,1608,0,0,0,0,0,0,0,0,0,0,0,0,0,0,0,0,4489,0,0,0,0,0,0,2,0
2021-01-14T23:59:59+01:00,0,0,9,8,75,90,104,167,84,233,111,142,114,108,306,397,473,1392,0,0,0,0,0,0,0,0,0,0,0,0,0,0,0,0,3846,0,0,0,0,0,0,2,0
2021-01-13T23:59:59+01:00,0,0,7,7,62,80,93,140,74,191,101,116,86,79,236,282,375,1062,0,0,0,0,0,0,0,0,0,0,0,0,0,0,0,0,3018,0,0,0,0,0,0,2,0
2021-01-12T23:59:59+01:00,0,0,5,5,53,61,76,110,66,134,79,92,70,63,166,202,272,742,0,0,0,0,0,0,0,0,0,0,0,0,0,0,0,0,2220,0,0,0,0,0,0,0,0
2021-01-11T23:59:59+01:00,0,0,4,3,45,48,63,81,52,108,57,65,50,42,96,123,143,417,0,0,0,0,0,0,0,0,0,0,0,0,0,0,0,0,1416,0,0,0,0,0,0,0,0
2021-01-10T23:59:59+01:00,0,0,3,3,41,36,46,67,38,86,47,56,45,32,79,109,134,363,0,0,0,0,0,0,0,0,0,0,0,0,0,0,0,0,1196,0,0,0,0,0,0,0,0
2021-01-09T23:59:59+01:00,0,0,3,2,38,35,41,64,35,76,41,51,44,32,79,107,131,361,0,0,0,0,0,0,0,0,0,0,0,0,0,0,0,0,1149,0,0,0,0,0,0,0,0
2021-01-08T23:59:59+01:00,0,0,3,2,31,27,34,57,29,63,36,45,42,29,74,104,127,350,0,0,0,0,0,0,0,0,0,0,0,0,0,0,0,0,1060,0,0,0,0,0,0,0,0
2021-01-07T23:59:59+01:00,0,0,3,2,9,3,9,20,12,28,12,23,35,20,52,69,88,248,0,0,0,0,0,0,0,0,0,0,0,0,0,0,0,0,634,0,0,0,0,0,0,0,0
2021-01-06T23:59:59+01:00,0,0,3,0,2,3,5,15,9,22,8,14,31,18,44,58,73,197,0,0,0,0,0,0,0,0,0,0,0,0,0,0,0,0,503,0,0,0,0,0,0,0,0
2021-01-05T23:59:59+01:00,0,0,2,0,1,3,5,14,9,20,8,13,30,17,43,57,70,189,0,0,0,0,0,0,0,0,0,0,0,0,0,0,0,0,482,0,0,0,0,0,0,0,0
2021-01-04T23:59:59+01:00,0,0,1,0,1,3,5,13,8,18,7,12,26,14,34,48,54,143,0,0,0,0,0,0,0,0,0,0,0,0,0,0,0,0,387,0,0,0,0,0,0,0,0
2021-01-03T23:59:59+01:00,0,0,1,0,1,3,4,13,8,18,6,12,26,14,34,48,54,142,0,0,0,0,0,0,0,0,0,0,0,0,0,0,0,0,384,0,0,0,0,0,0,0,0
2021-01-02T23:59:59+01:00,0,0,1,0,1,3,4,13,7,18,5,12,26,14,34,48,54,142,0,0,0,0,0,0,0,0,0,0,0,0,0,0,0,0,382,0,0,0,0,0,0,0,0
2021-01-01T23:59:59+01:00,0,0,1,0,1,3,4,13,7,18,5,12,26,14,34,48,54,142,0,0,0,0,0,0,0,0,0,0,0,0,0,0,0,0,382,0,0,0,0,0,0,0,0
2020-12-31T23:59:59+01:00,0,0,1,0,1,3,4,12,7,18,5,12,26,14,34,48,54,142,0,0,0,0,0,0,0,0,0,0,0,0,0,0,0,0,381,0,0,0,0,0,0,0,0
2020-12-30T23:59:59+01:00,0,0,1,0,1,3,4,12,7,17,5,12,26,14,34,48,54,142,0,0,0,0,0,0,0,0,0,0,0,0,0,0,0,0,380,0,0,0,0,0,0,0,0
2020-12-29T23:59:59+01:00,0,0,1,0,1,3,3,8,5,12,3,9,19,10,25,40,39,115,0,0,0,0,0,0,0,0,0,0,0,0,0,0,0,0,293,0,0,0,0,0,0,0,0
2020-12-28T23:59:59+01:00,0,0,1,0,1,1,1,2,3,6,2,5,11,3,8,15,24,58,0,0,0,0,0,0,0,0,0,0,0,0,0,0,0,0,141,0,0,0,0,0,0,0,0
2020-12-27T23:59:59+01:00,0,0,1,0,0,0,0,1,2,6,0,2,2,1,5,4,5,20,0,0,0,0,0,0,0,0,0,0,0,0,0,0,0,0,49,0,0,0,0,0,0,0,0
