Datum,<24_1_m,<24_1_w,25-34_1_m,25-34_1_w,35-44_1_m,35-44_1_w,45-54_1_m,45-54_1_w,55-64_1_m,55-64_1_w,65-74_1_m,65-74_1_w,75-84_1_m,75-84_1_w,>84_1_m,>84_1_w,<24_2_m,<24_2_w,25-34_2_m,25-34_2_w,35-44_2_m,35-44_2_w,45-54_2_m,45-54_2_w,55-64_2_m,55-64_2_w,65-74_2_m,65-74_2_w,75-84_2_m,75-84_2_w,>84_2_m,>84_2_w,bp_1,bp_2,mo_1,mo_2,az_1,az_2,ja
2021-05-27T23:59:59+02:00,648,800,2012,1790,2435,2467,2538,3904,2441,3377,1423,1816,1753,2137,1292,2950,184,250,613,702,682,1095,634,1518,664,1162,607,774,1098,1387,781,1948,22227,10502,3346,1046,7466,1648,1001
2021-05-26T23:59:59+02:00,621,773,1933,1735,2305,2411,2460,3852,2399,3344,1414,1809,1751,2131,1291,2946,178,235,580,672,637,1064,601,1459,628,1112,595,751,1087,1361,781,1946,21899,10321,3198,1039,7447,1537,888
2021-05-25T23:59:59+02:00,593,756,1855,1696,2212,2373,2371,3778,2359,3318,1407,1801,1749,2129,1290,2944,169,223,563,651,606,1033,569,1401,597,1059,579,733,1073,1343,780,1944,21600,10160,3044,1008,7416,1425,828
2021-05-24T23:59:59+02:00,577,739,1808,1657,2145,2341,2314,3733,2318,3286,1398,1797,1745,2128,1290,2943,167,214,542,637,579,1001,546,1356,577,1019,565,719,1069,1341,780,1944,21449,10098,2910,1000,7385,1325,731
2021-05-23T23:59:59+02:00,573,738,1797,1648,2135,2327,2309,3724,2308,3271,1397,1795,1745,2127,1290,2943,165,212,539,636,571,997,537,1347,569,1014,564,713,1066,1338,779,1942,21360,10044,2909,996,7384,1317,730
2021-05-22T23:59:59+02:00,567,731,1777,1632,2113,2316,2289,3698,2287,3248,1390,1788,1745,2126,1290,2942,163,206,532,631,567,991,528,1342,567,1007,554,704,1062,1329,779,1942,21182,9997,2908,996,7384,1287,721
2021-05-21T23:59:59+02:00,555,715,1699,1603,2041,2272,2240,3660,2257,3210,1384,1782,1744,2125,1290,2942,163,203,528,625,556,983,518,1330,553,992,546,681,1056,1325,779,1941,20805,9930,2882,996,7367,1231,719
2021-05-20T23:59:59+02:00,520,688,1572,1541,1922,2202,2120,3574,2189,3136,1370,1771,1741,2120,1290,2940,155,193,495,592,535,947,493,1277,531,942,530,657,1049,1319,779,1940,20223,9844,2779,988,7295,1046,652
2021-05-19T23:59:59+02:00,485,646,1478,1488,1789,2138,2002,3477,2108,3059,1356,1759,1735,2117,1288,2940,141,181,472,573,507,916,465,1223,510,889,519,643,1040,1298,778,1937,19596,9718,2722,974,7263,959,537
2021-05-18T23:59:59+02:00,454,624,1403,1437,1712,2082,1905,3363,2028,2976,1346,1743,1730,2110,1288,2937,125,173,452,553,490,885,448,1149,490,828,508,624,1036,1286,777,1934,19168,9621,2575,940,7217,863,430
2021-05-17T23:59:59+02:00,429,610,1361,1401,1667,2035,1848,3277,1994,2916,1327,1728,1727,2104,1288,2936,119,166,438,541,483,847,442,1089,485,782,495,596,1034,1278,777,1934,18918,9567,2474,918,7166,775,342
2021-05-16T23:59:59+02:00,424,609,1335,1376,1635,2015,1810,3226,1949,2872,1313,1719,1725,2100,1288,2936,115,164,431,522,472,828,431,1043,470,743,476,576,1032,1274,777,1933,18771,9528,2410,891,7134,696,268
2021-05-15T23:59:59+02:00,417,602,1313,1359,1621,1996,1795,3204,1925,2846,1309,1718,1725,2099,1287,2936,115,162,429,522,472,827,430,1038,464,736,473,573,1030,1273,777,1933,18599,9505,2410,891,7130,690,264
2021-05-14T23:59:59+02:00,406,589,1287,1327,1581,1957,1724,3142,1886,2811,1304,1713,1724,2099,1285,2936,113,159,427,506,452,803,417,1010,453,718,463,563,1028,1269,777,1932,18288,9466,2371,877,7111,592,251
2021-05-13T23:59:59+02:00,387,566,1233,1292,1486,1910,1623,3065,1830,2733,1282,1703,1718,2098,1283,2933,110,156,418,501,444,790,412,997,444,704,447,539,1020,1251,777,1928,17924,9401,2174,845,7067,562,226
2021-05-12T23:59:59+02:00,380,560,1218,1287,1473,1902,1606,3045,1820,2720,1280,1698,1713,2097,1283,2933,109,155,418,501,443,785,407,992,442,699,440,528,1019,1246,777,1928,17823,9361,2155,839,7063,562,223
2021-05-11T23:59:59+02:00,364,538,1152,1259,1378,1865,1509,2954,1744,2659,1270,1676,1709,2089,1283,2933,104,145,404,473,421,763,395,962,421,682,427,505,1012,1242,777,1928,17471,9291,2012,814,6973,478,174
2021-05-10T23:59:59+02:00,350,522,1119,1236,1327,1835,1449,2898,1699,2603,1264,1665,1706,2083,1283,2930,102,143,398,465,412,741,389,943,416,657,422,494,1011,1239,777,1928,17245,9252,1945,807,6879,426,148
2021-05-09T23:59:59+02:00,345,510,1081,1224,1305,1817,1403,2868,1654,2570,1257,1655,1704,2078,1283,2929,97,140,394,458,405,733,382,933,407,650,413,483,1008,1237,777,1927,17060,9226,1900,801,6841,384,129
2021-05-08T23:59:59+02:00,338,508,1075,1203,1280,1807,1390,2850,1634,2557,1251,1651,1703,2078,1282,2929,97,140,393,458,403,732,381,927,407,646,412,482,1004,1229,777,1927,16918,9213,1897,795,6839,374,129
2021-05-07T23:59:59+02:00,330,500,1058,1179,1237,1786,1335,2799,1596,2512,1246,1644,1702,2073,1282,2926,94,136,381,445,394,705,370,897,392,622,406,460,995,1219,777,1926,16698,9166,1871,774,6780,274,101
2021-05-06T23:59:59+02:00,314,488,977,1139,1126,1730,1204,2689,1489,2440,1224,1618,1701,2065,1282,2924,91,132,368,432,387,685,358,880,376,604,400,450,985,1209,777,1924,16277,9123,1709,760,6593,196,75
2021-05-05T23:59:59+02:00,303,475,945,1117,1090,1697,1140,2628,1432,2374,1210,1595,1696,2055,1282,2920,91,127,364,426,383,673,355,873,368,588,387,437,971,1197,777,1923,15922,9069,1656,742,6552,155,70
2021-05-04T23:59:59+02:00,294,464,915,1098,1056,1675,1096,2582,1392,2325,1198,1567,1692,2048,1281,2918,89,125,358,416,381,667,347,858,361,572,378,422,963,1178,777,1923,15653,9005,1600,719,6520,120,66
2021-05-03T23:59:59+02:00,291,454,889,1080,1024,1663,1067,2550,1361,2290,1187,1541,1687,2042,1280,2916,84,119,348,413,373,657,345,853,353,564,368,411,954,1167,776,1921,15451,8942,1581,713,6482,100,44
2021-05-02T23:59:59+02:00,288,452,873,1069,1005,1651,1047,2538,1353,2267,1180,1531,1686,2041,1280,2914,82,119,343,410,371,653,342,847,351,558,360,403,940,1159,776,1921,15355,8914,1568,697,6457,88,29
2021-05-01T23:59:59+02:00,285,449,867,1062,996,1642,1037,2526,1342,2253,1176,1525,1685,2039,1280,2914,82,119,343,409,370,652,341,844,350,557,359,403,940,1159,776,1921,15257,8907,1568,697,6457,85,29
2021-04-30T23:59:59+02:00,281,442,858,1047,976,1625,1004,2460,1303,2210,1167,1511,1682,2037,1280,2911,81,117,342,406,367,644,340,819,346,552,355,398,938,1154,776,1920,15003,8895,1565,688,6455,62,3
2021-04-29T23:59:59+02:00,269,435,825,1025,944,1594,963,2405,1228,2145,1137,1478,1680,2031,1280,2910,81,116,338,404,363,640,335,807,340,543,347,389,930,1147,776,1918,14636,8855,1534,668,6406,41,3
2021-04-28T23:59:59+02:00,258,432,813,1011,917,1582,930,2370,1175,2084,1115,1438,1675,2030,1280,2910,77,116,332,399,359,633,333,799,338,533,334,377,921,1137,776,1917,14381,8800,1497,643,6368,27,3
2021-04-27T23:59:59+02:00,255,423,803,999,903,1573,910,2350,1155,2056,1095,1406,1670,2027,1280,2908,76,113,330,396,358,629,331,794,333,527,330,368,912,1124,775,1916,14221,8758,1476,621,6341,22,3
2021-04-26T23:59:59+02:00,253,418,796,992,893,1567,889,2328,1110,2014,1082,1386,1663,2024,1279,2907,76,113,328,394,357,628,329,792,330,523,324,358,907,1117,775,1916,14070,8731,1464,605,6292,20,3
2021-04-25T23:59:59+02:00,253,415,789,985,880,1557,875,2314,1082,1986,1068,1368,1660,2018,1279,2906,75,113,328,390,355,627,329,790,329,522,322,355,905,1110,775,1915,13962,8723,1443,593,6253,13,3
2021-04-24T23:59:59+02:00,248,411,782,982,868,1547,865,2297,1059,1972,1062,1348,1658,2016,1279,2906,75,113,328,390,355,627,328,790,329,519,321,354,905,1109,775,1915,13838,8720,1443,589,6241,13,3
2021-04-23T23:59:59+02:00,245,405,772,973,864,1540,848,2284,1002,1934,1053,1328,1655,2011,1279,2903,75,113,328,390,355,626,327,788,328,518,315,346,903,1105,775,1915,13724,8705,1433,578,6157,13,3
2021-04-22T23:59:59+02:00,244,398,752,955,849,1522,816,2242,966,1885,1031,1291,1648,2001,1279,2900,75,110,326,388,352,619,324,781,327,514,312,341,895,1095,774,1914,13508,8661,1387,569,6100,6,3
2021-04-21T23:59:59+02:00,238,394,737,942,829,1507,787,2210,922,1842,1006,1245,1644,1989,1279,2899,73,108,324,387,351,616,322,777,324,507,311,337,888,1080,772,1910,13265,8618,1366,552,6054,6,3
2021-04-20T23:59:59+02:00,234,388,724,923,817,1488,767,2159,896,1797,974,1187,1632,1976,1278,2898,73,108,322,387,348,613,320,772,324,503,309,330,878,1060,771,1910,13043,8571,1304,540,6004,6,3
2021-04-19T23:59:59+02:00,232,380,714,912,804,1472,755,2134,876,1769,952,1151,1628,1973,1278,2895,73,107,320,384,345,608,319,764,321,495,309,325,864,1043,770,1904,12896,8516,1291,521,5951,4,2
2021-04-18T23:59:59+02:00,230,376,704,907,789,1463,742,2122,860,1750,932,1119,1626,1969,1276,2893,72,105,319,383,345,608,318,760,321,493,308,320,858,1040,769,1904,12803,8497,1265,512,5903,4,2
2021-04-17T23:59:59+02:00,228,372,698,904,785,1463,738,2116,857,1743,920,1102,1624,1965,1276,2893,71,102,318,381,345,608,317,756,321,490,307,316,854,1033,769,1904,12746,8468,1264,510,5887,4,2
2021-04-16T23:59:59+02:00,227,369,693,902,771,1449,728,2097,826,1704,889,1051,1618,1956,1275,2891,67,100,315,376,344,606,313,748,316,475,295,296,851,1023,765,1898,12577,8403,1251,470,5831,4,2
2021-04-15T23:59:59+02:00,224,366,678,884,757,1437,706,2059,787,1663,863,1014,1608,1937,1274,2885,66,100,312,370,339,605,306,743,309,472,289,289,832,1003,763,1891,12385,8330,1240,444,5729,4,2
2021-04-14T23:59:59+02:00,221,360,670,878,749,1423,699,2029,772,1638,830,979,1584,1896,1271,2880,63,95,309,368,336,601,304,737,302,462,283,277,814,986,762,1885,12194,8253,1225,416,5671,4,2
2021-04-13T23:59:59+02:00,217,355,663,874,740,1412,691,2007,745,1610,797,929,1567,1869,1269,2875,61,94,306,364,328,596,300,731,297,456,279,272,803,976,757,1882,12059,8196,1181,392,5591,3,2
2021-04-12T23:59:59+02:00,216,354,660,871,732,1401,676,1990,731,1593,768,897,1556,1856,1269,2871,60,90,297,358,324,590,295,726,292,451,270,264,798,968,757,1876,11972,8134,1164,366,5514,3,2
2021-04-11T23:59:59+02:00,212,353,654,867,726,1396,669,1978,720,1578,750,873,1549,1839,1269,2867,58,88,292,356,323,588,293,724,289,444,266,259,790,964,755,1875,11928,8094,1146,353,5435,3,2
2021-04-10T23:59:59+02:00,212,353,654,866,724,1394,665,1971,715,1573,743,857,1543,1829,1269,2867,53,80,268,343,310,575,283,712,274,435,257,251,785,951,753,1873,11888,7942,1140,343,5415,3,2
2021-04-09T23:59:59+02:00,212,349,651,864,716,1368,656,1892,700,1493,716,806,1523,1810,1269,2862,44,75,254,329,292,561,267,700,263,422,246,246,765,928,750,1869,11783,7760,1120,333,5192,3,1
2021-04-08T23:59:59+02:00,211,345,646,860,710,1361,646,1873,682,1473,678,752,1496,1791,1268,2860,42,72,245,314,277,554,252,685,245,406,233,227,751,911,745,1852,11682,7576,1084,314,5094,3,1
2021-04-07T23:59:59+02:00,205,342,640,853,703,1350,632,1848,669,1445,644,710,1471,1751,1265,2853,40,68,228,300,268,547,246,674,236,392,219,217,722,888,742,1839,11554,7405,1051,299,4981,3,1
2021-04-06T23:59:59+02:00,202,341,634,850,692,1336,616,1824,647,1425,623,672,1453,1722,1263,2852,39,67,227,298,265,545,237,671,230,386,215,211,707,864,740,1831,11480,7331,1027,280,4848,3,1
2021-04-05T23:59:59+02:00,202,341,634,843,686,1327,610,1808,639,1412,602,648,1443,1700,1263,2851,39,67,226,295,263,540,233,665,229,384,215,205,688,843,740,1826,11447,7272,1016,263,4746,3,1
2021-04-04T23:59:59+02:00,201,339,634,838,682,1318,605,1790,635,1395,593,636,1442,1698,1263,2850,39,67,225,295,263,540,233,665,228,384,214,205,678,829,740,1823,11436,7242,1015,263,4668,3,1
2021-04-03T23:59:59+02:00,201,339,634,838,681,1316,605,1787,629,1393,581,629,1441,1690,1262,2849,39,67,225,295,263,540,233,665,228,382,214,205,678,825,740,1821,11406,7234,1015,263,4654,3,1
2021-04-02T23:59:59+02:00,201,339,634,836,680,1313,602,1780,624,1385,573,620,1433,1680,1261,2848,39,67,222,294,262,538,232,659,223,377,210,203,664,802,737,1808,11363,7157,1009,257,4636,3,1
2021-04-01T23:59:59+02:00,197,333,631,829,669,1300,596,1760,611,1366,553,596,1412,1652,1260,2836,38,66,214,291,261,534,229,651,219,372,202,201,644,775,730,1784,11278,7039,970,249,4549,3,1
2021-03-31T23:59:59+02:00,194,331,625,822,661,1285,588,1715,602,1330,542,585,1392,1609,1254,2828,38,66,212,290,260,532,228,645,212,370,196,197,617,741,726,1758,11210,6925,930,240,4419,3,1
2021-03-30T23:59:59+02:00,192,325,620,815,658,1257,582,1680,593,1292,532,570,1365,1570,1251,2821,38,64,210,288,258,530,225,640,210,363,191,193,605,719,715,1743,11128,6838,901,230,4288,3,1
2021-03-29T23:59:59+02:00,188,319,614,799,654,1247,573,1651,585,1254,519,551,1333,1530,1244,2807,38,64,209,287,257,528,225,634,207,355,187,190,590,703,711,1733,10999,6773,874,222,4189,2,1
2021-03-28T23:59:59+02:00,180,303,608,791,650,1240,569,1633,583,1237,514,534,1309,1504,1241,2800,38,63,206,287,253,522,223,630,207,353,185,189,582,696,710,1729,10950,6733,841,217,4099,2,1
2021-03-27T23:59:59+01:00,179,301,605,787,647,1235,565,1624,581,1229,510,526,1305,1497,1241,2799,38,62,206,287,253,522,223,624,205,349,182,187,576,687,703,1719,10917,6690,837,210,4070,2,1
2021-03-26T23:59:59+01:00,177,299,598,777,643,1225,557,1605,576,1209,500,513,1297,1481,1233,2794,38,62,206,287,253,520,223,624,198,338,180,182,556,663,694,1702,10848,6593,817,210,4009,2,1
2021-03-25T23:59:59+01:00,175,298,589,766,631,1206,541,1570,566,1175,489,497,1271,1459,1228,2787,38,62,202,281,253,520,218,621,196,336,173,181,532,639,674,1668,10771,6472,793,198,3873,2,1
2021-03-24T23:59:59+01:00,172,287,581,757,626,1191,537,1541,558,1143,481,484,1250,1429,1222,2778,37,62,202,280,253,519,218,620,192,333,170,175,510,623,661,1623,10696,6365,766,190,3762,2,0
2021-03-23T23:59:59+01:00,170,285,575,748,612,1180,531,1521,547,1110,473,470,1230,1412,1213,2771,36,61,201,278,250,518,214,615,189,328,165,172,491,612,637,1582,10638,6241,748,184,3647,2,0
2021-03-22T23:59:59+01:00,164,278,557,734,599,1161,522,1497,536,1086,470,459,1219,1396,1210,2763,36,60,200,276,248,517,213,609,189,325,163,167,477,594,600,1543,10592,6113,726,180,3517,2,0
2021-03-21T23:59:59+01:00,162,277,552,727,596,1156,518,1471,528,1054,463,451,1203,1391,1207,2756,36,60,200,275,247,516,212,608,188,323,162,164,472,592,594,1539,10568,6088,713,175,3411,2,0
2021-03-20T23:59:59+01:00,160,277,548,725,595,1154,515,1469,528,1050,458,444,1191,1376,1202,2751,36,60,200,275,246,516,212,606,188,318,159,163,468,586,589,1530,10530,6055,709,172,3383,2,0
2021-03-19T23:59:59+01:00,152,266,543,714,589,1146,514,1456,515,1032,440,412,1160,1347,1194,2745,36,60,200,274,245,516,211,599,186,315,159,160,457,563,581,1505,10432,5974,663,167,3305,2,0
2021-03-18T23:59:59+01:00,149,263,528,708,567,1113,500,1409,495,987,420,395,1135,1319,1186,2725,36,60,197,272,244,506,211,593,184,313,157,157,444,552,574,1479,10318,5896,627,156,3125,2,0
2021-03-17T23:59:59+01:00,143,255,518,697,557,1109,493,1396,484,971,406,380,1110,1298,1180,2712,36,59,197,272,243,503,211,593,184,311,157,155,436,546,560,1455,10202,5835,596,154,3080,2,0
2021-03-16T23:59:59+01:00,137,251,508,685,544,1096,481,1360,472,944,398,363,1079,1257,1176,2699,36,58,197,271,243,498,211,592,182,311,154,155,431,533,548,1429,10092,5767,564,152,2959,2,0
2021-03-15T23:59:59+01:00,135,245,495,670,534,1070,471,1324,463,911,386,349,1059,1228,1170,2688,35,58,197,268,242,495,211,591,180,311,152,152,422,526,541,1405,9984,5707,524,149,2852,2,0
2021-03-14T23:59:59+01:00,130,231,483,654,526,1047,465,1277,453,873,373,341,1038,1211,1166,2677,35,58,197,266,240,494,210,587,179,306,151,149,419,522,537,1400,9909,5688,501,132,2694,2,0
2021-03-13T23:59:59+01:00,125,217,457,634,501,1023,444,1254,430,856,357,334,1025,1196,1165,2673,35,58,197,266,240,494,210,587,178,305,150,149,414,514,520,1383,9724,5638,492,131,2627,2,0
2021-03-12T23:59:59+01:00,115,206,431,609,481,993,425,1223,408,821,339,320,988,1158,1156,2652,35,58,197,266,240,493,210,587,178,305,147,147,407,504,511,1373,9475,5593,481,131,2518,2,0
2021-03-11T23:59:59+01:00,107,194,401,573,446,954,393,1156,384,760,322,291,948,1114,1132,2618,35,58,196,263,234,489,208,582,176,301,145,146,398,494,499,1353,9195,5545,453,98,2286,2,0
2021-03-10T23:59:59+01:00,102,186,383,554,430,933,379,1119,365,723,306,277,904,1074,1121,2576,35,58,193,258,232,482,206,577,176,298,143,144,385,488,490,1330,8978,5475,434,86,2159,2,0
2021-03-09T23:59:59+01:00,101,181,371,534,411,903,365,1075,353,688,297,267,872,1050,1100,2557,35,58,192,254,231,476,204,574,173,296,143,143,377,482,485,1315,8845,5430,416,74,1994,2,0
2021-03-08T23:59:59+01:00,98,174,358,521,394,880,356,1026,346,650,287,259,845,1018,1089,2542,35,58,192,252,227,470,200,567,169,294,141,143,370,479,479,1307,8733,5393,389,57,1849,1,0
2021-03-07T23:59:59+01:00,95,167,355,513,385,862,346,1013,345,645,284,256,837,1006,1085,2535,35,58,192,251,227,468,199,566,169,294,141,143,366,476,475,1305,8680,5377,371,55,1804,0,0
2021-03-06T23:59:59+01:00,95,162,350,510,379,837,341,964,336,616,283,254,830,996,1080,2529,35,58,192,251,226,467,199,565,169,294,141,143,365,476,474,1299,8644,5372,371,49,1671,0,0
2021-03-05T23:59:59+01:00,93,157,346,505,377,832,339,949,325,593,278,243,800,962,1068,2503,35,58,191,250,225,466,198,563,168,292,140,142,362,475,471,1288,8516,5355,355,36,1618,0,0
2021-03-04T23:59:59+01:00,93,148,333,471,367,801,323,902,314,572,267,241,765,920,1034,2463,35,58,189,245,224,459,196,553,165,290,139,141,361,473,469,1285,8343,5313,335,35,1454,0,0
2021-03-03T23:59:59+01:00,90,142,324,458,363,788,318,884,305,552,261,232,734,894,1010,2403,35,57,189,245,223,456,194,544,165,283,139,138,360,470,466,1282,8194,5282,320,30,1358,0,0
2021-03-02T23:59:59+01:00,86,137,316,448,353,773,310,866,299,527,251,228,711,873,964,2342,34,57,189,245,223,448,189,540,163,281,138,138,359,465,466,1274,8008,5243,305,30,1282,0,0
2021-03-01T23:59:59+01:00,84,134,312,436,346,756,302,837,292,498,250,222,692,847,907,2268,34,56,188,244,220,439,188,533,161,277,138,138,358,461,462,1269,7821,5200,291,30,1181,0,0
2021-02-28T23:59:59+01:00,84,132,306,427,343,745,302,813,287,479,246,216,687,843,900,2261,34,56,186,243,220,439,188,533,161,277,137,138,358,458,462,1268,7790,5192,282,30,1107,0,0
2021-02-27T23:59:59+01:00,81,122,302,417,337,744,298,801,283,469,242,214,680,831,890,2246,34,56,186,242,220,438,187,532,160,276,137,138,358,458,462,1268,7739,5191,273,25,1051,0,0
2021-02-26T23:59:59+01:00,79,117,296,395,310,710,280,773,274,450,240,212,662,807,880,2215,34,56,186,241,220,436,186,530,158,274,137,138,358,458,462,1266,7649,5178,271,25,883,0,0
2021-02-25T23:59:59+01:00,72,104,284,378,304,679,272,746,262,430,232,209,651,790,864,2185,34,56,185,239,216,433,182,522,154,273,136,135,350,453,458,1262,7552,5134,260,17,751,0,0
2021-02-24T23:59:59+01:00,66,98,279,368,298,665,269,734,258,421,229,209,635,779,841,2151,33,56,184,237,213,420,181,514,152,268,135,133,346,452,457,1255,7459,5085,253,12,687,0,0
2021-02-23T23:59:59+01:00,59,88,270,359,288,645,263,719,253,413,225,207,624,763,825,2112,32,56,183,234,211,415,179,509,150,265,135,131,343,446,455,1247,7364,5042,244,9,602,0,0
2021-02-22T23:59:59+01:00,55,85,264,345,285,637,261,708,250,411,218,203,610,751,811,2085,32,54,179,231,205,401,173,500,145,261,134,130,337,443,452,1240,7281,4973,233,3,561,0,0
2021-02-21T23:59:59+01:00,51,83,263,339,283,627,256,699,245,408,217,202,606,747,806,2080,32,53,178,229,205,399,172,490,145,259,134,130,333,443,450,1232,7264,4939,228,3,514,0,0
2021-02-20T23:59:59+01:00,50,83,261,338,283,623,255,692,242,403,216,202,596,737,787,2060,32,53,178,229,205,399,172,490,144,258,134,130,332,443,449,1231,7205,4934,222,3,494,0,0
2021-02-19T23:59:59+01:00,49,83,255,333,278,596,248,672,238,392,213,198,585,725,772,2047,32,52,178,229,204,398,172,489,143,258,134,129,327,442,445,1224,7149,4911,216,3,408,0,0
2021-02-18T23:59:59+01:00,47,77,237,317,270,574,239,654,224,366,210,192,578,717,758,2031,32,51,176,223,203,389,168,475,142,251,132,125,314,433,431,1186,7097,4785,199,3,282,0,0
2021-02-17T23:59:59+01:00,47,75,232,312,268,558,234,640,222,348,206,188,563,711,744,2003,30,49,173,217,195,373,163,458,137,242,127,121,308,423,419,1166,7006,4653,194,3,236,0,0
2021-02-16T23:59:59+01:00,44,69,224,301,265,544,229,627,216,343,202,188,552,705,732,1985,28,49,164,208,186,354,159,445,133,231,126,116,288,399,402,1132,6943,4472,192,3,174,0,0
2021-02-15T23:59:59+01:00,43,68,218,298,257,531,227,621,213,335,201,187,542,701,727,1972,27,47,159,203,181,348,155,435,129,226,114,112,273,385,383,1086,6900,4315,186,3,138,0,0
2021-02-14T23:59:59+01:00,41,68,215,295,254,524,225,618,213,331,201,183,536,699,723,1961,26,46,158,201,177,343,155,422,128,224,114,109,266,379,374,1065,6883,4238,165,3,120,0,0
2021-02-13T23:59:59+01:00,40,68,215,295,253,524,225,617,213,331,201,183,535,698,723,1961,26,46,156,200,174,343,154,419,126,222,114,109,264,376,369,1060,6879,4211,165,1,119,0,0
2021-02-12T23:59:59+01:00,39,66,213,291,250,513,221,607,210,326,200,181,530,697,721,1955,26,45,154,198,173,342,151,417,126,220,113,106,263,366,351,1024,6856,4128,165,1,79,0,0
2021-02-11T23:59:59+01:00,38,64,205,273,243,495,211,583,198,311,198,180,524,684,706,1934,25,43,138,180,166,308,141,374,122,201,104,96,238,338,319,935,6793,3777,116,1,17,0,0
2021-02-10T23:59:59+01:00,38,64,200,267,241,488,209,575,195,305,196,180,520,681,701,1926,23,42,127,160,154,269,125,330,112,178,92,90,219,317,287,867,6752,3433,106,1,7,0,0
2021-02-09T23:59:59+01:00,37,62,198,264,240,475,205,570,191,303,194,176,519,675,698,1918,23,40,111,134,139,247,112,285,102,155,78,82,197,270,259,785,6712,3056,88,1,3,0,0
2021-02-08T23:59:59+01:00,37,62,197,260,233,460,202,559,187,298,191,176,513,672,695,1915,21,37,93,115,119,198,96,252,92,142,67,78,173,234,226,703,6659,2679,71,1,3,0,0
2021-02-07T23:59:59+01:00,37,61,194,258,233,458,202,557,187,298,191,176,512,669,695,1914,20,32,89,108,112,185,90,236,89,132,62,75,166,222,219,675,6648,2542,68,1,0,0,0
2021-02-06T23:59:59+01:00,37,61,194,258,233,457,202,556,186,298,191,176,512,669,694,1908,15,25,89,107,111,179,88,232,89,128,61,75,166,218,214,665,6645,2491,61,1,0,0,0
2021-02-05T23:59:59+01:00,37,61,194,258,233,456,201,554,184,297,191,176,512,669,688,1889,12,20,82,101,108,175,86,230,84,117,59,74,161,214,201,652,6631,2403,41,0,0,0,0
2021-02-04T23:59:59+01:00,36,61,194,256,228,452,197,548,182,294,191,173,510,664,685,1882,9,11,57,72,84,133,75,196,63,96,54,67,143,189,174,581,6584,2024,41,0,0,0,0
2021-02-03T23:59:59+01:00,36,58,194,254,227,440,193,542,182,291,191,171,504,663,680,1871,6,6,41,56,68,109,58,150,48,73,40,43,114,134,136,428,6533,1525,36,0,0,0,0
2021-02-02T23:59:59+01:00,35,58,193,251,224,434,191,537,180,289,189,170,498,656,675,1858,4,5,27,37,52,77,45,96,37,56,32,28,82,98,95,278,6472,1061,36,0,0,0,0
2021-02-01T23:59:59+01:00,34,55,191,251,220,429,188,531,176,281,189,167,493,653,672,1850,2,2,21,19,26,40,27,62,21,32,19,19,52,70,53,170,6414,644,36,0,0,0,0
2021-01-31T23:59:59+01:00,34,55,191,249,218,425,186,522,175,279,188,167,488,650,670,1841,2,2,19,14,17,35,19,48,15,27,18,15,42,62,52,149,6372,542,35,0,0,0,0
2021-01-30T23:59:59+01:00,34,55,191,249,218,425,185,521,175,279,188,167,487,650,670,1839,2,2,18,13,15,35,17,44,13,26,18,14,42,60,50,145,6368,519,34,0,0,0,0
2021-01-29T23:59:59+01:00,34,55,191,246,216,424,185,520,174,277,188,167,482,648,664,1835,2,0,16,9,9,29,17,39,10,22,18,14,40,59,50,142,6345,479,30,0,0,0,0
2021-01-28T23:59:59+01:00,34,54,187,244,216,417,184,512,172,274,187,166,470,644,654,1823,2,0,3,3,4,18,10,19,5,11,15,10,26,38,33,104,6284,301,22,0,0,0,0
2021-01-27T23:59:59+01:00,33,52,183,238,210,407,181,499,168,265,180,162,460,632,639,1800,0,0,2,3,4,15,9,18,4,11,14,9,21,32,27,80,6154,249,19,0,0,0,0
2021-01-26T23:59:59+01:00,30,52,179,226,203,393,178,481,165,258,179,158,445,617,621,1768,0,0,1,3,4,15,9,18,4,11,14,8,19,26,27,71,6002,230,15,0,0,0,0
2021-01-25T23:59:59+01:00,30,51,173,224,200,384,175,468,160,250,171,155,429,607,607,1739,0,0,1,3,3,13,8,15,4,10,14,7,15,25,23,66,5882,207,4,0,0,0,0
2021-01-24T23:59:59+01:00,29,50,172,221,198,383,174,466,160,250,171,155,426,604,605,1736,0,0,1,3,3,13,8,15,4,10,14,7,15,25,22,65,5859,205,3,0,0,0,0
2021-01-23T23:59:59+01:00,29,50,172,221,196,383,174,466,160,250,171,155,426,604,600,1731,0,0,1,3,3,13,8,15,4,10,14,7,15,25,22,65,5847,205,3,0,0,0,0
2021-01-22T23:59:59+01:00,29,49,170,217,195,383,174,465,160,250,171,154,425,602,585,1704,0,0,1,3,3,13,8,15,4,10,14,7,15,25,22,65,5792,205,3,0,0,0,0
2021-01-21T23:59:59+01:00,28,48,161,208,189,366,168,445,159,237,163,150,404,580,564,1678,0,0,1,3,1,7,7,11,3,5,13,7,13,19,20,52,5604,162,3,0,0,0,0
2021-01-20T23:59:59+01:00,27,47,146,185,174,322,144,393,146,214,151,138,374,547,518,1545,0,0,1,3,1,7,7,11,3,4,13,6,13,18,16,50,5121,153,3,0,0,0,0
2021-01-19T23:59:59+01:00,25,46,126,155,156,290,134,349,134,194,124,119,324,479,464,1372,0,0,1,3,1,6,5,7,1,3,7,2,6,14,9,34,4534,99,2,0,0,0,0
2021-01-18T23:59:59+01:00,22,41,107,142,132,240,121,304,117,167,99,109,270,401,378,1149,0,0,1,1,0,3,4,5,0,3,0,1,1,4,5,19,3840,47,2,0,0,0,0
2021-01-17T23:59:59+01:00,21,30,103,129,123,224,114,277,111,158,92,98,258,376,346,1089,0,0,0,0,0,1,2,4,0,1,0,1,1,2,1,4,3584,17,2,0,0,0,0
2021-01-16T23:59:59+01:00,17,24,100,127,121,217,111,268,108,151,91,98,256,368,337,1071,0,0,0,0,0,0,0,0,0,0,0,0,0,0,0,1,3501,1,0,0,0,0,0
2021-01-15T23:59:59+01:00,13,22,96,119,119,210,108,262,107,138,87,96,251,358,319,1046,0,0,0,0,0,0,0,0,0,0,0,0,0,0,0,1,3384,1,0,0,0,0,0
2021-01-14T23:59:59+01:00,10,13,70,89,101,171,91,221,90,119,75,83,217,323,278,902,0,0,0,0,0,0,0,0,0,0,0,0,0,0,0,0,2879,0,0,0,0,0,0
2021-01-13T23:59:59+01:00,7,10,59,79,92,144,81,180,79,96,59,60,170,219,236,701,0,0,0,0,0,0,0,0,0,0,0,0,0,0,0,0,2294,0,0,0,0,0,0
2021-01-12T23:59:59+01:00,6,10,50,60,75,111,70,131,64,75,44,41,125,159,170,482,0,0,0,0,0,0,0,0,0,0,0,0,0,0,0,0,1691,0,0,0,0,0,0
2021-01-11T23:59:59+01:00,3,8,44,46,62,81,53,103,48,56,28,25,70,110,93,269,0,0,0,0,0,0,0,0,0,0,0,0,0,0,0,0,1113,0,0,0,0,0,0
2021-01-10T23:59:59+01:00,2,7,38,34,46,65,37,81,38,47,25,20,58,99,90,229,0,0,0,0,0,0,0,0,0,0,0,0,0,0,0,0,927,0,0,0,0,0,0
2021-01-09T23:59:59+01:00,2,6,35,32,40,63,35,72,33,44,25,20,58,98,88,228,0,0,0,0,0,0,0,0,0,0,0,0,0,0,0,0,888,0,0,0,0,0,0
2021-01-08T23:59:59+01:00,2,4,28,26,33,57,28,61,30,38,24,19,55,95,86,222,0,0,0,0,0,0,0,0,0,0,0,0,0,0,0,0,816,0,0,0,0,0,0
2021-01-07T23:59:59+01:00,2,2,9,3,6,20,12,28,11,19,21,13,41,61,57,163,0,0,0,0,0,0,0,0,0,0,0,0,0,0,0,0,468,0,0,0,0,0,0
2021-01-06T23:59:59+01:00,2,0,3,3,4,17,9,19,6,14,18,12,35,50,49,132,0,0,0,0,0,0,0,0,0,0,0,0,0,0,0,0,373,0,0,0,0,0,0
2021-01-05T23:59:59+01:00,1,0,1,3,4,15,9,18,6,13,18,11,34,49,46,125,0,0,0,0,0,0,0,0,0,0,0,0,0,0,0,0,353,0,0,0,0,0,0
2021-01-04T23:59:59+01:00,0,0,1,3,4,14,8,16,6,12,17,9,24,38,35,101,0,0,0,0,0,0,0,0,0,0,0,0,0,0,0,0,288,0,0,0,0,0,0
2021-01-03T23:59:59+01:00,0,0,1,3,4,14,8,16,6,12,17,9,24,38,35,100,0,0,0,0,0,0,0,0,0,0,0,0,0,0,0,0,287,0,0,0,0,0,0
2021-01-02T23:59:59+01:00,0,0,1,3,4,14,8,16,6,12,17,9,24,38,35,100,0,0,0,0,0,0,0,0,0,0,0,0,0,0,0,0,287,0,0,0,0,0,0
2021-01-01T23:59:59+01:00,0,0,1,3,4,14,8,16,6,12,17,9,24,38,35,100,0,0,0,0,0,0,0,0,0,0,0,0,0,0,0,0,287,0,0,0,0,0,0
2020-12-31T23:59:59+01:00,0,0,1,3,4,14,8,16,6,12,17,9,24,38,35,100,0,0,0,0,0,0,0,0,0,0,0,0,0,0,0,0,287,0,0,0,0,0,0
2020-12-30T23:59:59+01:00,0,0,1,3,4,14,8,16,6,12,17,9,24,38,35,100,0,0,0,0,0,0,0,0,0,0,0,0,0,0,0,0,287,0,0,0,0,0,0
2020-12-29T23:59:59+01:00,0,0,1,3,3,10,6,11,4,10,11,5,18,32,25,80,0,0,0,0,0,0,0,0,0,0,0,0,0,0,0,0,219,0,0,0,0,0,0
2020-12-28T23:59:59+01:00,0,0,1,1,1,2,4,6,3,5,7,2,4,12,14,40,0,0,0,0,0,0,0,0,0,0,0,0,0,0,0,0,102,0,0,0,0,0,0
2020-12-27T23:59:59+01:00,0,0,0,0,0,1,2,6,0,2,0,1,3,4,2,13,0,0,0,0,0,0,0,0,0,0,0,0,0,0,0,0,34,0,0,0,0,0,0
