Datum,<15_m,<15_w,15-24_1_m,15-24_1_w,25-34_1_m,25-34_1_w,35-44_1_m,35-44_1_w,45-54_1_m,45-54_1_w,55-64_1_m,55-64_1_w,65-74_1_m,65-74_1_w,75-84_1_m,75-84_1_w,>84_1_m,>84_1_w,<24_2_m,<24_2_w,25-34_2_m,25-34_2_w,35-44_2_m,35-44_2_w,45-54_2_m,45-54_2_w,55-64_2_m,55-64_2_w,65-74_2_m,65-74_2_w,75-84_2_m,75-84_2_w,>84_2_m,>84_2_w,bp_1,bp_2,mo_1,mo_2,az_1,az_2,ja,unb_1,unb_2
2021-08-06T23:59:59+02:00,102,115,2689,2481,7496,5404,7494,5171,6747,7225,5055,5415,2573,2707,3148,3218,2726,5154,1863,1732,5711,4177,6133,4236,5656,6097,4261,4683,1964,2266,2306,2506,1965,3828,51276,39033,7766,6281,9297,7201,7367,25,20
2021-08-05T23:59:59+02:00,100,114,2662,2467,7466,5384,7460,5151,6728,7207,5041,5394,2571,2705,3146,3215,2726,5153,1832,1689,5619,4102,6028,4185,5597,6041,4228,4646,1959,2261,2304,2504,1965,3828,51144,38656,7759,6197,9295,7147,7278,25,20
2021-08-04T23:59:59+02:00,97,111,2601,2444,7389,5350,7417,5127,6698,7174,5024,5383,2566,2702,3144,3214,2726,5153,1761,1662,5501,4040,5905,4136,5537,5979,4199,4609,1949,2255,2299,2501,1965,3827,50951,38226,7742,6150,9295,7114,7118,25,20
2021-08-03T23:59:59+02:00,94,111,2582,2426,7363,5335,7385,5112,6674,7153,5014,5371,2563,2700,3143,3212,2726,5153,1730,1634,5416,3975,5811,4088,5472,5928,4161,4570,1945,2251,2298,2500,1965,3827,50811,37778,7737,6118,9294,7093,7061,25,20
2021-08-02T23:59:59+02:00,94,111,2563,2408,7324,5313,7361,5103,6655,7139,4997,5362,2562,2696,3142,3211,2725,5153,1707,1611,5321,3913,5709,4029,5410,5880,4113,4539,1940,2238,2297,2495,1964,3826,50683,37311,7730,6084,9294,7075,6998,25,20
2021-08-01T23:59:59+02:00,93,108,2548,2396,7294,5295,7348,5090,6645,7130,4991,5356,2560,2695,3140,3211,2725,5153,1690,1595,5256,3873,5649,3988,5368,5858,4095,4521,1938,2236,2295,2492,1964,3826,50596,37058,7718,6053,9293,7050,6956,25,20
2021-07-31T23:59:59+02:00,91,107,2542,2390,7282,5288,7341,5085,6641,7121,4990,5356,2558,2695,3140,3211,2725,5153,1653,1552,5161,3810,5589,3944,5318,5824,4067,4496,1935,2233,2295,2491,1964,3826,50564,36601,7714,6040,9293,7046,6930,25,20
2021-07-30T23:59:59+02:00,90,104,2531,2384,7264,5277,7328,5066,6622,7109,4983,5349,2557,2694,3140,3210,2725,5153,1635,1537,5084,3770,5526,3890,5260,5778,4042,4479,1932,2231,2294,2488,1964,3826,50498,36260,7708,6018,9293,7038,6872,25,20
2021-07-29T23:59:59+02:00,89,103,2501,2369,7213,5236,7289,5023,6597,7072,4961,5327,2556,2690,3138,3209,2725,5153,1596,1509,4967,3676,5402,3823,5176,5693,3997,4426,1926,2222,2291,2486,1963,3826,50314,35719,7694,5965,9289,7002,6737,25,20
2021-07-28T23:59:59+02:00,88,101,2482,2357,7175,5199,7260,5000,6574,7050,4946,5318,2553,2689,3136,3206,2724,5152,1560,1467,4867,3606,5292,3761,5085,5620,3962,4393,1914,2214,2289,2484,1963,3825,50132,35174,7684,5914,9287,6964,6690,25,20
2021-07-27T23:59:59+02:00,85,99,2470,2343,7131,5179,7224,4984,6555,7031,4935,5307,2552,2688,3136,3205,2723,5152,1518,1440,4736,3530,5167,3687,4997,5553,3922,4344,1908,2201,2288,2481,1962,3825,50009,34617,7668,5833,9286,6929,6619,25,20
2021-07-26T23:59:59+02:00,84,96,2446,2329,7102,5163,7190,4968,6532,7012,4931,5297,2551,2688,3135,3205,2723,5152,1484,1387,4604,3472,5062,3629,4925,5479,3870,4310,1905,2187,2287,2475,1962,3824,49885,34084,7649,5768,9284,6881,6567,25,20
2021-07-25T23:59:59+02:00,82,93,2431,2312,7067,5143,7157,4955,6512,6992,4922,5293,2549,2685,3134,3204,2723,5151,1464,1363,4550,3434,5010,3599,4879,5441,3840,4288,1902,2183,2286,2475,1962,3824,49746,33831,7640,5737,9281,6849,6519,25,20
2021-07-24T23:59:59+02:00,82,93,2417,2306,7037,5131,7134,4944,6496,6978,4914,5289,2548,2682,3134,3204,2723,5151,1444,1346,4506,3414,4936,3555,4838,5419,3819,4280,1901,2181,2285,2473,1962,3823,49678,33644,7618,5656,9281,6849,6467,25,20
2021-07-23T23:59:59+02:00,80,91,2389,2284,6987,5107,7104,4923,6464,6954,4893,5282,2546,2680,3132,3204,2723,5151,1391,1315,4377,3323,4805,3479,4764,5352,3772,4248,1900,2173,2284,2468,1961,3823,49514,33037,7613,5629,9281,6829,6366,25,20
2021-07-22T23:59:59+02:00,78,88,2356,2260,6908,5073,7058,4888,6417,6911,4862,5260,2540,2677,3129,3203,2723,5149,1333,1278,4223,3256,4656,3407,4616,5276,3691,4201,1888,2164,2280,2466,1961,3822,49223,32429,7597,5488,9274,6762,6263,25,20
2021-07-21T23:59:59+02:00,77,83,2329,2243,6850,5045,7004,4850,6359,6875,4845,5237,2533,2673,3128,3200,2723,5147,1305,1241,4107,3177,4520,3348,4509,5174,3624,4160,1877,2153,2277,2466,1961,3820,48996,31987,7551,5288,9268,6702,6162,25,20
2021-07-20T23:59:59+02:00,76,82,2313,2225,6799,5019,6970,4823,6324,6838,4816,5220,2530,2669,3128,3200,2723,5147,1272,1215,3996,3115,4437,3301,4421,5096,3571,4129,1875,2144,2275,2465,1961,3819,48777,31544,7541,5219,9267,6653,6093,25,20
2021-07-19T23:59:59+02:00,75,82,2292,2203,6750,4987,6923,4803,6291,6807,4796,5205,2526,2665,3127,3196,2723,5146,1253,1194,3926,3071,4359,3268,4344,5033,3537,4106,1871,2138,2271,2462,1960,3819,48524,31254,7531,5110,9266,6610,6051,25,20
2021-07-18T23:59:59+02:00,75,80,2269,2178,6687,4952,6884,4775,6256,6771,4781,5195,2519,2660,3125,3196,2722,5145,1237,1174,3883,3032,4320,3239,4295,5013,3502,4093,1866,2128,2270,2462,1960,3817,48246,31060,7517,5038,9262,6586,6019,25,19
2021-07-17T23:59:59+02:00,73,76,2255,2165,6669,4939,6865,4760,6237,6756,4763,5185,2515,2659,3125,3195,2722,5144,1228,1162,3850,2999,4279,3220,4257,4981,3474,4081,1861,2125,2270,2460,1960,3817,48141,30908,7511,4986,9262,6579,5963,25,19
2021-07-16T23:59:59+02:00,73,73,2217,2140,6611,4908,6807,4726,6194,6714,4733,5156,2508,2655,3123,3194,2722,5144,1191,1141,3753,2953,4187,3177,4171,4923,3413,4035,1847,2115,2264,2458,1960,3816,47967,30573,7486,4959,9253,6513,5765,25,19
2021-07-15T23:59:59+02:00,71,68,2177,2113,6541,4875,6751,4686,6146,6664,4716,5129,2505,2652,3121,3191,2722,5144,1145,1110,3562,2848,4010,3074,4025,4826,3352,3973,1838,2106,2262,2453,1960,3816,47656,29903,7473,4748,9248,6447,5665,25,19
2021-07-14T23:59:59+02:00,70,66,2145,2097,6474,4841,6677,4653,6093,6621,4695,5108,2498,2646,3118,3189,2722,5144,1097,1076,3449,2765,3909,3013,3922,4756,3309,3929,1826,2098,2261,2450,1960,3816,47355,29442,7460,4655,9246,6376,5564,25,19
2021-07-13T23:59:59+02:00,67,62,2117,2071,6423,4813,6614,4618,6055,6575,4674,5091,2490,2641,3116,3189,2722,5144,1067,1047,3355,2688,3786,2947,3833,4670,3255,3869,1799,2091,2258,2445,1959,3814,47055,28971,7455,4524,9245,6287,5495,24,19
2021-07-12T23:59:59+02:00,63,61,2092,2052,6355,4772,6546,4576,6007,6539,4648,5064,2485,2638,3113,3188,2722,5144,1037,1027,3259,2615,3677,2886,3732,4592,3207,3823,1788,2080,2254,2435,1959,3814,46732,28541,7446,4409,9241,6212,5412,24,19
2021-07-11T23:59:59+02:00,59,60,2083,2041,6321,4755,6517,4557,5977,6522,4639,5057,2482,2633,3111,3188,2721,5144,1028,1012,3223,2576,3620,2858,3680,4565,3184,3810,1779,2068,2251,2431,1959,3814,46631,28374,7426,4378,9239,6156,5336,24,19
2021-07-10T23:59:59+02:00,58,59,2062,2013,6244,4714,6457,4524,5930,6486,4616,5046,2479,2630,3111,3185,2721,5143,1013,995,3171,2539,3576,2829,3643,4536,3168,3798,1773,2062,2251,2429,1959,3814,46396,28209,7408,4377,9224,6143,5212,24,19
2021-07-09T23:59:59+02:00,57,57,2040,1994,6175,4676,6409,4500,5882,6453,4598,5024,2477,2626,3110,3184,2721,5143,994,980,3118,2496,3526,2798,3594,4501,3142,3772,1771,2048,2249,2428,1959,3814,46175,28009,7377,4349,9219,6092,5114,24,19
2021-07-08T23:59:59+02:00,53,54,1988,1947,6081,4616,6309,4446,5816,6390,4564,4991,2470,2617,3107,3180,2721,5143,925,928,2958,2414,3335,2725,3421,4409,3070,3705,1755,2032,2247,2419,1958,3813,45859,27532,7303,4065,9186,5974,4903,24,19
2021-07-07T23:59:59+02:00,53,53,1923,1905,5966,4543,6206,4395,5745,6333,4531,4945,2464,2608,3102,3176,2721,5143,876,899,2813,2340,3169,2652,3266,4304,3015,3641,1737,2006,2239,2411,1958,3811,45378,27006,7262,3829,9168,5896,4758,24,19
2021-07-06T23:59:59+02:00,51,53,1880,1871,5862,4491,6117,4355,5693,6265,4488,4910,2458,2602,3099,3172,2721,5143,840,866,2703,2244,3080,2593,3193,4213,2959,3587,1712,1975,2236,2405,1958,3811,44949,26520,7223,3729,9155,5816,4657,24,19
2021-07-05T23:59:59+02:00,49,53,1812,1826,5721,4418,6005,4319,5626,6212,4446,4873,2454,2595,3097,3171,2721,5141,798,829,2600,2170,3004,2545,3117,4143,2911,3532,1694,1956,2229,2396,1957,3808,44482,26151,7186,3662,9132,5734,4487,24,19
2021-07-04T23:59:59+02:00,49,52,1772,1791,5644,4379,5961,4291,5586,6192,4428,4854,2452,2592,3097,3169,2721,5140,760,804,2542,2122,2968,2522,3087,4110,2888,3510,1680,1934,2227,2395,1956,3808,44289,26019,7152,3606,9106,5660,4371,24,19
2021-07-03T23:59:59+02:00,47,41,1678,1720,5442,4227,5815,4204,5501,6103,4380,4818,2450,2589,3097,3165,2721,5140,722,780,2480,2077,2918,2501,3049,4065,2858,3482,1674,1927,2226,2391,1956,3806,43490,25850,7123,3604,9099,5632,4168,24,19
2021-07-02T23:59:59+02:00,41,36,1645,1682,5374,4185,5772,4171,5480,6078,4368,4800,2449,2583,3096,3164,2720,5140,703,755,2412,2030,2849,2461,3006,4018,2829,3442,1657,1910,2222,2385,1956,3804,43238,25572,7093,3578,9094,5534,4097,24,19
2021-07-01T23:59:59+02:00,35,32,1600,1649,5273,4125,5688,4125,5406,6010,4342,4773,2446,2579,3095,3163,2720,5139,636,718,2229,1962,2666,2379,2836,3907,2732,3356,1633,1887,2213,2373,1955,3802,42857,24839,7037,3375,9080,5438,3962,24,19
2021-06-30T23:59:59+02:00,35,30,1556,1606,5168,4043,5592,4083,5348,5964,4330,4749,2442,2572,3093,3160,2720,5139,602,685,2133,1898,2556,2330,2727,3821,2671,3281,1613,1859,2205,2361,1954,3801,42462,24390,6981,3263,9064,5315,3856,24,19
2021-06-29T23:59:59+02:00,34,27,1504,1533,5069,3958,5501,4030,5295,5906,4303,4721,2438,2568,3092,3159,2720,5138,576,645,2057,1823,2479,2267,2628,3705,2610,3232,1598,1826,2193,2348,1953,3798,41968,23917,6952,3189,9057,5208,3747,24,19
2021-06-28T23:59:59+02:00,33,26,1475,1478,4960,3904,5438,3979,5250,5864,4275,4695,2434,2560,3091,3157,2720,5138,562,623,1964,1762,2403,2212,2557,3624,2565,3185,1580,1808,2186,2342,1953,3795,41594,23607,6893,3054,9047,5114,3667,24,19
2021-06-27T23:59:59+02:00,33,25,1445,1453,4915,3867,5393,3950,5210,5846,4264,4686,2432,2556,3091,3156,2720,5138,544,608,1913,1719,2368,2193,2514,3586,2535,3168,1572,1796,2185,2333,1953,3795,41421,23468,6856,3000,9031,5038,3596,24,19
2021-06-26T23:59:59+02:00,25,20,1414,1426,4850,3822,5303,3906,5172,5814,4243,4672,2432,2554,3091,3154,2720,5138,538,599,1881,1699,2334,2175,2493,3565,2515,3148,1551,1786,2184,2331,1953,3795,41074,23259,6778,2997,9031,5014,3596,22,19
2021-06-25T23:59:59+02:00,20,12,1384,1390,4746,3753,5252,3880,5137,5789,4218,4661,2429,2552,3089,3153,2720,5138,529,576,1836,1677,2277,2110,2400,3426,2472,3051,1543,1765,2180,2327,1951,3794,40674,22824,6747,2971,9030,4837,3594,22,19
2021-06-24T23:59:59+02:00,14,11,1338,1343,4572,3645,5130,3830,5047,5749,4176,4631,2425,2549,3089,3152,2719,5138,491,554,1726,1613,2114,2046,2240,3347,2365,2958,1511,1742,2172,2322,1950,3791,40069,22330,6696,2669,9024,4755,3487,22,19
2021-06-23T23:59:59+02:00,14,11,1308,1312,4491,3598,5051,3783,4995,5705,4152,4596,2415,2543,3085,3150,2718,5138,457,537,1661,1558,2016,2000,2125,3254,2268,2869,1490,1719,2166,2316,1949,3789,39662,21804,6650,2597,9018,4615,3453,22,19
2021-06-22T23:59:59+02:00,13,11,1282,1295,4419,3541,4972,3740,4950,5660,4126,4570,2411,2537,3085,3149,2717,5138,443,519,1605,1522,1936,1948,2047,3144,2168,2782,1478,1695,2157,2304,1949,3785,39275,21399,6608,2483,9015,4463,3429,22,18
2021-06-21T23:59:59+02:00,13,11,1255,1256,4312,3461,4894,3698,4888,5599,4100,4552,2407,2524,3084,3144,2716,5136,427,505,1572,1490,1902,1908,1999,3067,2108,2706,1456,1660,2136,2281,1949,3781,38779,21127,6569,2391,9013,4321,3396,22,18
2021-06-20T23:59:59+02:00,13,9,1232,1227,4247,3404,4854,3681,4853,5579,4077,4541,2405,2522,3083,3144,2715,5136,411,491,1539,1464,1879,1886,1968,3043,2060,2667,1449,1647,2134,2275,1949,3780,38518,20955,6541,2354,9002,4258,3363,22,17
2021-06-19T23:59:59+02:00,12,9,1222,1208,4208,3376,4834,3658,4824,5557,4060,4532,2402,2520,3083,3143,2714,5136,406,487,1522,1448,1862,1861,1955,3020,2037,2634,1441,1639,2131,2274,1947,3779,38362,20804,6483,2326,9002,4250,3347,22,17
2021-06-18T23:59:59+02:00,8,6,1204,1188,4144,3339,4785,3621,4775,5520,4036,4520,2398,2516,3082,3141,2714,5136,396,478,1501,1431,1837,1829,1912,2972,1988,2578,1427,1628,2131,2269,1946,3776,38055,20513,6437,2323,9002,4209,3334,22,17
2021-06-17T23:59:59+02:00,7,6,1165,1162,3989,3271,4605,3550,4609,5434,3977,4477,2392,2513,3082,3140,2713,5136,364,461,1405,1399,1665,1768,1754,2880,1892,2500,1404,1606,2120,2257,1944,3774,37494,20061,6379,2220,8995,4132,3054,20,17
2021-06-16T23:59:59+02:00,7,6,1143,1131,3890,3190,4514,3502,4504,5370,3934,4447,2384,2509,3081,3137,2712,5135,349,441,1347,1363,1607,1737,1675,2800,1832,2433,1390,1580,2108,2244,1944,3770,37036,19679,6263,2153,8986,4056,3003,20,17
2021-06-15T23:59:59+02:00,7,6,1110,1099,3758,3113,4449,3448,4430,5297,3895,4416,2376,2502,3076,3135,2712,5134,340,418,1298,1318,1561,1696,1610,2742,1764,2365,1373,1552,2103,2230,1943,3769,36518,19365,6229,2072,8974,3984,2928,20,17
2021-06-14T23:59:59+02:00,7,4,1087,1069,3672,3065,4364,3393,4353,5227,3843,4383,2372,2492,3076,3131,2711,5133,332,405,1261,1288,1518,1666,1567,2689,1708,2314,1362,1527,2098,2223,1942,3767,36076,19131,6142,2014,8969,3908,2877,20,17
2021-06-13T23:59:59+02:00,7,4,1072,1055,3624,3025,4308,3352,4304,5190,3825,4369,2371,2486,3075,3130,2711,5131,327,398,1229,1272,1485,1643,1524,2655,1673,2276,1348,1507,2092,2212,1942,3765,35825,18957,6107,1993,8964,3834,2822,20,17
2021-06-12T23:59:59+02:00,7,3,1055,1034,3597,3000,4280,3333,4289,5176,3809,4359,2368,2483,3074,3129,2711,5130,323,397,1222,1256,1463,1625,1500,2635,1630,2255,1339,1497,2080,2210,1942,3765,35642,18808,6096,1993,8964,3780,2812,20,17
2021-06-11T23:59:59+02:00,6,3,1039,1023,3560,2958,4206,3307,4252,5143,3784,4348,2367,2479,3073,3126,2711,5129,314,385,1201,1224,1439,1607,1457,2586,1575,2210,1329,1482,2078,2205,1942,3764,35366,18564,6069,1987,8961,3707,2791,20,17
2021-06-10T23:59:59+02:00,6,3,983,982,3453,2883,4077,3231,4154,5075,3729,4314,2364,2471,3071,3124,2710,5129,299,373,1144,1191,1378,1549,1393,2516,1494,2107,1298,1451,2073,2195,1942,3761,34811,18154,5943,1980,8944,3554,2721,20,17
2021-06-09T23:59:59+02:00,6,1,934,954,3329,2791,3941,3174,4063,4998,3687,4274,2360,2465,3068,3121,2710,5129,281,358,1084,1159,1315,1524,1334,2440,1420,2038,1275,1394,2066,2182,1941,3758,34336,17845,5779,1929,8941,3435,2601,20,17
2021-06-08T23:59:59+02:00,5,1,886,917,3202,2707,3820,3091,3965,4918,3632,4247,2353,2460,3065,3118,2709,5127,268,340,1040,1120,1263,1493,1282,2385,1376,1965,1254,1362,2055,2165,1938,3754,33800,17619,5645,1884,8931,3306,2490,20,16
2021-06-07T23:59:59+02:00,4,1,859,892,3102,2635,3692,3057,3844,4846,3583,4220,2339,2456,3064,3116,2709,5125,259,333,996,1083,1211,1472,1236,2333,1308,1913,1240,1342,2041,2148,1937,3746,33431,17453,5476,1849,8925,3182,2347,20,16
2021-06-06T23:59:59+02:00,4,1,840,882,3046,2595,3610,3013,3774,4817,3551,4207,2336,2450,3062,3115,2707,5124,252,321,982,1058,1181,1444,1215,2277,1278,1855,1224,1327,2034,2141,1935,3743,33222,17353,5347,1801,8919,3069,2273,20,16
2021-06-05T23:59:59+02:00,4,1,828,866,2977,2539,3566,2986,3737,4796,3538,4204,2336,2448,3062,3114,2707,5123,248,314,966,1039,1162,1426,1192,2251,1244,1834,1207,1304,2031,2137,1935,3743,32964,17201,5342,1798,8913,3022,2238,20,16
2021-06-04T23:59:59+02:00,2,1,806,850,2929,2492,3491,2946,3670,4746,3511,4188,2332,2445,3059,3114,2707,5123,238,308,947,1012,1142,1412,1159,2220,1216,1803,1192,1282,2024,2132,1935,3741,32652,17057,5298,1793,8911,2968,2170,20,16
2021-06-03T23:59:59+02:00,2,1,762,819,2782,2403,3316,2844,3495,4633,3423,4117,2324,2435,3055,3109,2707,5123,227,296,919,982,1090,1362,1095,2132,1158,1741,1156,1240,2015,2118,1935,3739,31996,16850,5071,1779,8898,2805,1989,20,16
2021-06-02T23:59:59+02:00,2,1,735,813,2715,2332,3255,2795,3438,4569,3382,4092,2322,2431,3055,3108,2707,5123,215,292,900,957,1043,1334,1053,2088,1108,1693,1142,1204,2013,2115,1935,3739,31654,16645,5054,1765,8898,2770,1864,20,16
2021-06-01T23:59:59+02:00,2,1,690,785,2564,2227,3067,2699,3267,4457,3319,4032,2311,2423,3052,3102,2707,5123,202,279,826,915,949,1277,974,1976,1054,1620,1109,1148,2004,2103,1933,3734,31055,16373,4840,1727,8889,2581,1623,20,16
2021-05-31T23:59:59+02:00,2,1,658,764,2445,2151,2933,2614,3162,4362,3265,3985,2306,2410,3050,3099,2707,5122,189,267,781,878,886,1235,931,1899,1015,1562,1089,1119,1998,2098,1931,3732,30683,16208,4616,1713,8873,2450,1434,20,16
2021-05-30T23:59:59+02:00,2,1,648,754,2396,2105,2861,2580,3108,4320,3246,3963,2302,2406,3050,3098,2706,5120,180,251,747,844,836,1192,889,1837,993,1510,1076,1103,1992,2089,1931,3730,30538,16114,4555,1703,8864,2297,1277,20,16
2021-05-29T23:59:59+02:00,2,1,646,752,2382,2090,2838,2569,3092,4302,3236,3954,2301,2405,3050,3098,2706,5120,177,243,741,834,818,1168,874,1786,980,1474,1062,1084,1991,2083,1930,3730,30419,16025,4553,1703,8862,2161,1276,20,16
2021-05-28T23:59:59+02:00,2,1,639,742,2353,2055,2795,2543,3067,4285,3224,3938,2301,2401,3048,3093,2706,5120,174,236,731,823,808,1148,864,1747,947,1434,1042,1055,1989,2075,1929,3728,30199,15858,4544,1701,8859,2086,1272,20,16
2021-05-27T23:59:59+02:00,2,1,597,724,2230,2007,2665,2474,2936,4212,3142,3886,2292,2387,3047,3091,2706,5117,161,221,669,775,733,1093,787,1650,882,1349,1020,1024,1975,2054,1928,3726,29737,15652,4417,1661,8831,1839,1078,20,15
2021-05-26T23:59:59+02:00,2,1,570,700,2135,1942,2507,2417,2812,4150,3087,3834,2281,2376,3042,3084,2703,5111,157,207,632,736,687,1058,744,1581,836,1294,1005,995,1956,2021,1923,3720,29349,15429,4191,1651,8806,1706,947,20,15
2021-05-25T23:59:59+02:00,2,1,548,686,2055,1888,2407,2376,2706,4069,3038,3800,2268,2367,3039,3079,2702,5107,149,199,613,707,656,1025,700,1523,788,1233,984,973,1929,1987,1922,3716,29009,15214,4016,1615,8766,1573,883,19,14
2021-05-24T23:59:59+02:00,2,1,535,667,2005,1852,2333,2345,2639,4018,2987,3761,2256,2359,3033,3078,2699,5106,145,191,594,689,629,993,664,1464,765,1180,963,957,1923,1985,1917,3715,28837,15118,3853,1603,8733,1449,784,19,14
2021-05-23T23:59:59+02:00,2,1,532,666,1992,1841,2321,2332,2629,4005,2976,3746,2252,2356,3033,3076,2699,5106,144,190,590,683,623,989,648,1452,754,1173,958,951,1919,1981,1915,3711,28731,15042,3850,1597,8732,1440,782,19,14
2021-05-22T23:59:59+02:00,2,1,527,657,1969,1824,2291,2317,2605,3975,2949,3719,2244,2352,3032,3073,2699,5105,141,182,583,678,619,979,637,1447,749,1164,945,945,1912,1966,1915,3711,28514,14975,3849,1597,8730,1405,773,19,14
2021-05-21T23:59:59+02:00,2,1,515,642,1891,1794,2210,2274,2544,3926,2908,3674,2237,2339,3029,3072,2699,5104,141,179,578,671,607,970,625,1435,729,1144,930,919,1900,1961,1915,3710,28075,14881,3822,1596,8715,1344,770,19,14
2021-05-20T23:59:59+02:00,2,1,478,623,1761,1726,2084,2203,2424,3834,2827,3588,2218,2326,3021,3064,2697,5101,134,171,550,636,574,931,597,1379,698,1081,905,886,1888,1948,1913,3707,27432,14750,3707,1581,8645,1142,698,19,14
2021-05-19T23:59:59+02:00,2,1,438,588,1657,1653,1949,2138,2290,3737,2726,3497,2200,2310,3014,3059,2691,5100,121,163,523,616,542,897,568,1329,671,1021,885,865,1868,1918,1906,3702,26716,14577,3639,1561,8604,1046,580,19,14
2021-05-18T23:59:59+02:00,2,0,417,566,1583,1596,1855,2080,2178,3616,2634,3402,2188,2291,3006,3051,2690,5096,114,156,499,596,520,865,551,1253,653,959,869,838,1856,1899,1902,3695,26229,14446,3471,1522,8550,941,481,19,14
2021-05-17T23:59:59+02:00,2,0,397,554,1530,1562,1803,2030,2110,3510,2585,3331,2169,2272,2995,3043,2688,5091,109,148,479,582,512,830,538,1189,641,904,851,804,1851,1888,1901,3690,25938,14359,3333,1487,8488,843,389,19,13
2021-05-16T23:59:59+02:00,2,0,393,553,1504,1533,1773,2008,2069,3459,2527,3275,2155,2264,2992,3039,2688,5090,106,146,471,563,503,814,525,1139,622,862,822,775,1846,1884,1901,3689,25763,14303,3265,1452,8453,754,316,19,13
2021-05-15T23:59:59+02:00,2,0,388,549,1478,1516,1756,1988,2050,3437,2504,3239,2148,2264,2991,3037,2687,5090,106,143,469,562,503,813,520,1135,615,853,818,773,1842,1881,1901,3689,25571,14271,3265,1452,8448,746,311,18,13
2021-05-14T23:59:59+02:00,2,0,377,538,1449,1486,1716,1947,1972,3364,2457,3195,2138,2255,2988,3037,2685,5090,104,140,467,546,485,789,501,1105,602,837,805,759,1835,1873,1901,3688,25211,14215,3224,1437,8426,645,294,18,13
2021-05-13T23:59:59+02:00,2,0,357,522,1395,1439,1618,1905,1858,3278,2388,3108,2112,2237,2979,3032,2683,5084,99,137,456,538,475,774,495,1090,592,824,779,733,1820,1850,1900,3682,24787,14133,3013,1390,8375,605,267,18,13
2021-05-12T23:59:59+02:00,1,0,350,519,1377,1431,1602,1896,1838,3254,2374,3094,2109,2230,2973,3029,2683,5083,99,135,454,538,474,768,491,1086,589,818,771,719,1816,1843,1898,3682,24661,14081,2992,1382,8370,604,264,17,13
2021-05-11T23:59:59+02:00,1,0,333,499,1311,1398,1506,1860,1733,3155,2274,3020,2092,2203,2964,3018,2679,5082,93,125,440,512,455,742,472,1055,557,797,747,688,1804,1833,1896,3678,24261,13968,2829,1346,8264,516,211,17,13
2021-05-10T23:59:59+02:00,1,0,319,483,1273,1369,1457,1831,1669,3100,2217,2950,2080,2188,2955,3009,2678,5078,93,122,434,505,446,722,465,1032,553,774,734,672,1798,1826,1894,3674,23997,13906,2756,1339,8151,463,184,17,12
2021-05-09T23:59:59+02:00,1,0,314,473,1234,1351,1435,1815,1624,3064,2153,2905,2070,2174,2952,3003,2678,5073,90,119,426,496,438,715,456,1023,543,761,722,662,1792,1821,1893,3671,23772,13863,2705,1333,8104,415,162,17,12
2021-05-08T23:59:59+02:00,1,0,308,471,1225,1333,1406,1798,1595,3041,2104,2888,2063,2166,2950,3002,2676,5072,89,119,425,496,436,714,455,1018,543,755,719,661,1786,1810,1893,3671,23557,13846,2702,1325,8100,403,161,17,12
2021-05-07T23:59:59+02:00,1,0,298,464,1199,1308,1360,1778,1538,2978,2052,2840,2054,2156,2949,2997,2674,5067,86,116,414,483,426,688,442,983,520,729,713,637,1765,1796,1893,3667,23290,13777,2674,1300,8037,299,127,17,11
2021-05-06T23:59:59+02:00,1,0,281,451,1112,1271,1244,1715,1401,2867,1919,2750,2016,2124,2945,2984,2673,5063,84,110,401,469,415,673,430,962,501,710,701,620,1750,1780,1889,3660,22800,13706,2487,1279,7831,216,99,15,10
2021-05-05T23:59:59+02:00,1,0,266,437,1073,1247,1202,1679,1333,2802,1832,2669,1993,2092,2931,2969,2673,5052,84,106,393,460,410,661,423,951,494,692,681,607,1725,1759,1889,3657,22352,13621,2427,1257,7773,168,92,15,9
2021-05-04T23:59:59+02:00,1,0,258,427,1038,1225,1164,1658,1291,2755,1776,2605,1974,2059,2921,2955,2663,5039,80,103,386,450,407,656,414,932,485,673,664,586,1709,1733,1885,3657,22019,13525,2365,1225,7727,130,86,15,8
2021-05-03T23:59:59+02:00,1,0,254,419,1007,1202,1128,1642,1262,2722,1730,2568,1957,2030,2908,2946,2661,5033,76,97,374,444,399,648,410,924,478,666,648,576,1686,1706,1883,3653,21771,13428,2341,1216,7679,109,60,15,7
2021-05-02T23:59:59+02:00,1,0,248,418,994,1191,1100,1626,1237,2709,1715,2546,1950,2016,2903,2943,2659,5030,74,97,368,441,396,643,407,918,475,660,640,565,1666,1693,1883,3652,21649,13388,2325,1194,7643,96,45,15,7
2021-05-01T23:59:59+02:00,1,0,245,415,986,1183,1090,1617,1226,2697,1700,2527,1942,2010,2899,2939,2659,5030,74,97,368,440,395,643,406,914,475,659,638,565,1666,1693,1883,3652,21526,13381,2325,1194,7643,93,45,15,7
2021-04-30T23:59:59+02:00,1,0,243,409,976,1163,1069,1598,1189,2633,1640,2468,1928,1993,2893,2934,2658,5026,73,95,367,434,392,637,405,890,470,648,631,559,1663,1687,1883,3650,21217,13366,2320,1182,7639,68,14,15,6
2021-04-29T23:59:59+02:00,1,0,229,394,929,1140,1032,1562,1142,2580,1550,2396,1879,1947,2884,2923,2654,5014,73,94,361,433,387,632,399,879,460,637,617,548,1648,1675,1877,3644,20742,13294,2284,1155,7580,47,13,15,6
2021-04-28T23:59:59+02:00,1,0,218,391,916,1126,1002,1551,1108,2542,1483,2341,1841,1884,2872,2918,2652,5011,70,93,354,430,384,622,396,869,454,624,600,530,1631,1658,1877,3642,20437,13218,2242,1114,7526,34,12,15,6
2021-04-27T23:59:59+02:00,1,0,217,385,902,1113,988,1539,1084,2517,1461,2313,1808,1841,2866,2911,2650,5007,68,90,352,427,382,617,394,865,448,619,593,519,1619,1635,1873,3639,20238,13157,2216,1086,7492,29,12,14,6
2021-04-26T23:59:59+02:00,1,0,214,379,893,1104,978,1528,1058,2500,1407,2265,1790,1820,2856,2900,2647,5001,68,89,348,423,382,616,390,862,444,613,584,507,1604,1620,1871,3635,20050,13112,2201,1048,7428,27,12,14,6
2021-04-25T23:59:59+02:00,1,0,214,378,885,1095,966,1520,1041,2481,1374,2231,1766,1797,2848,2893,2647,5000,67,88,347,418,379,615,388,858,442,612,581,501,1599,1610,1871,3633,19918,13093,2177,1029,7377,19,12,14,5
2021-04-24T23:59:59+02:00,1,0,210,374,874,1086,953,1506,1027,2462,1342,2208,1756,1773,2845,2888,2647,5000,67,88,347,418,378,615,388,856,441,609,580,498,1598,1607,1871,3633,19750,13086,2177,1020,7358,19,12,14,5
2021-04-23T23:59:59+02:00,1,0,206,368,863,1075,946,1496,1008,2444,1284,2162,1734,1747,2839,2882,2647,4997,66,86,347,418,378,614,387,853,438,605,573,490,1589,1599,1871,3628,19596,13061,2166,993,7264,19,12,14,5
2021-04-22T23:59:59+02:00,1,0,205,360,839,1056,922,1473,978,2402,1231,2099,1690,1700,2828,2862,2645,4988,66,85,345,414,372,606,384,843,433,600,563,482,1570,1586,1866,3623,19303,12991,2111,966,7188,12,12,14,5
2021-04-21T23:59:59+02:00,1,0,200,353,820,1042,898,1456,940,2366,1180,2051,1645,1636,2808,2841,2638,4980,64,83,342,412,371,603,381,838,430,593,558,476,1558,1564,1855,3618,18965,12921,2080,944,7129,12,12,14,5
2021-04-20T23:59:59+02:00,1,0,194,348,804,1018,881,1437,919,2314,1140,2000,1589,1569,2781,2816,2632,4965,63,83,340,411,367,599,377,832,430,586,552,468,1536,1532,1851,3614,18653,12840,2008,921,7062,11,12,14,5
2021-04-19T23:59:59+02:00,1,0,192,340,790,1007,868,1420,902,2283,1116,1967,1552,1524,2768,2802,2630,4960,63,82,339,409,362,594,373,823,425,576,548,462,1508,1506,1845,3601,18449,12747,1992,893,6995,8,11,13,5
2021-04-18T23:59:59+02:00,1,0,191,337,782,998,856,1409,883,2265,1095,1947,1516,1485,2759,2795,2624,4954,62,80,338,408,362,594,372,818,423,574,545,456,1498,1500,1842,3599,18321,12718,1960,877,6924,8,11,13,5
2021-04-17T23:59:59+02:00,1,0,189,333,779,995,851,1407,874,2260,1089,1939,1496,1460,2754,2787,2624,4954,62,77,336,403,361,594,370,814,423,571,541,450,1490,1492,1842,3597,18242,12672,1959,875,6898,8,11,13,5
2021-04-16T23:59:59+02:00,1,0,188,332,771,989,839,1391,861,2239,1052,1900,1441,1393,2742,2772,2620,4947,57,75,333,396,360,592,366,802,416,557,516,421,1477,1471,1831,3584,18019,12566,1944,811,6821,7,11,12,5
2021-04-15T23:59:59+02:00,1,0,187,327,749,972,822,1380,836,2196,1011,1861,1391,1339,2713,2744,2605,4931,55,74,328,390,355,591,358,797,406,554,501,413,1445,1439,1819,3569,17746,12453,1928,764,6693,6,11,11,5
2021-04-14T23:59:59+02:00,1,0,186,321,740,965,815,1367,825,2163,994,1832,1335,1294,2665,2679,2592,4915,53,70,324,387,351,587,355,789,397,542,485,396,1412,1408,1812,3551,17470,12320,1909,722,6609,6,11,10,5
2021-04-13T23:59:59+02:00,1,0,182,315,731,961,804,1356,814,2138,961,1804,1273,1222,2612,2621,2584,4900,51,70,321,384,343,582,348,781,389,534,472,388,1386,1386,1804,3540,17224,12225,1858,677,6496,5,11,9,5
2021-04-12T23:59:59+02:00,1,0,182,314,727,956,797,1344,790,2115,946,1783,1227,1187,2593,2591,2580,4886,50,66,311,377,338,576,343,773,383,528,457,378,1370,1373,1801,3532,17090,12141,1836,635,6389,5,11,8,5
2021-04-11T23:59:59+02:00,0,0,180,313,721,947,790,1339,779,2099,930,1766,1206,1158,2573,2569,2575,4879,49,64,306,375,336,574,342,769,378,520,452,369,1355,1368,1797,3525,17020,12089,1812,609,6285,4,11,8,5
2021-04-10T23:59:59+02:00,0,0,180,311,721,944,788,1338,772,2091,923,1760,1192,1144,2561,2554,2575,4879,44,59,283,362,321,559,328,757,363,510,439,362,1343,1349,1792,3519,16967,11912,1803,593,6256,4,10,8,5
2021-04-09T23:59:59+02:00,0,0,180,307,716,940,778,1315,764,2008,904,1678,1141,1075,2520,2527,2572,4871,37,57,268,348,304,548,309,743,350,494,422,353,1303,1320,1779,3505,16813,11687,1766,563,6008,4,8,6,5
2021-04-08T23:59:59+02:00,0,0,179,304,712,933,771,1309,751,1991,882,1658,1073,995,2462,2490,2560,4861,36,55,260,334,291,540,293,727,325,476,396,330,1254,1282,1755,3471,16648,11401,1704,530,5871,4,7,6,5
2021-04-07T23:59:59+02:00,0,0,173,301,704,927,763,1295,734,1963,861,1627,1020,938,2411,2432,2551,4845,34,52,242,318,281,534,284,714,311,463,368,311,1207,1245,1736,3433,16458,11134,1663,499,5713,4,7,6,5
2021-04-06T23:59:59+02:00,0,0,169,300,698,923,750,1280,715,1940,834,1602,987,891,2371,2383,2543,4835,32,51,241,315,278,531,274,711,301,458,357,297,1179,1215,1716,3411,16341,11001,1629,466,5536,4,7,6,5
2021-04-05T23:59:59+02:00,0,0,169,300,697,917,746,1271,706,1924,825,1587,960,866,2345,2340,2538,4827,32,51,241,311,277,527,271,704,296,456,355,290,1146,1190,1708,3392,16281,10908,1613,437,5405,4,7,6,5
2021-04-04T23:59:59+02:00,0,0,168,297,694,911,741,1260,697,1908,818,1566,947,852,2340,2334,2538,4826,32,51,241,311,276,527,271,704,295,456,353,290,1129,1177,1704,3388,16253,10866,1611,437,5315,4,7,5,5
2021-04-03T23:59:59+02:00,0,0,168,297,694,911,739,1258,696,1903,811,1563,934,843,2334,2323,2535,4825,32,51,241,311,276,527,271,703,295,454,353,290,1129,1172,1704,3385,16209,10855,1611,437,5295,4,7,5,5
2021-04-02T23:59:59+02:00,0,0,168,296,694,910,738,1255,693,1896,803,1552,922,832,2312,2302,2533,4822,32,51,238,311,274,525,268,696,287,449,349,289,1108,1144,1693,3358,16140,10738,1599,430,5268,4,7,5,5
2021-04-01T23:59:59+02:00,0,0,165,293,688,899,725,1242,687,1876,785,1531,893,799,2274,2254,2527,4803,31,50,230,308,272,521,265,689,281,444,337,281,1070,1106,1660,3315,16013,10538,1538,416,5165,4,7,5,5
2021-03-31T23:59:59+02:00,0,0,162,290,681,892,715,1226,679,1830,771,1488,878,781,2230,2195,2506,4784,31,50,229,307,267,519,261,687,272,434,323,275,1007,1053,1636,3283,15896,10331,1478,398,5010,4,6,5,5
2021-03-30T23:59:59+02:00,0,0,158,283,675,883,711,1205,670,1791,762,1444,859,763,2185,2131,2492,4762,31,49,226,304,264,516,259,681,267,426,312,269,974,1024,1614,3247,15758,10175,1434,380,4856,4,6,5,5
2021-03-29T23:59:59+02:00,0,0,155,277,670,870,705,1193,660,1759,749,1405,840,746,2115,2065,2471,4732,31,48,225,303,263,514,255,675,259,415,305,264,948,1003,1601,3220,15556,10050,1390,370,4739,4,6,5,5
2021-03-28T23:59:59+02:00,0,0,147,260,660,863,699,1184,655,1738,744,1389,833,725,2072,2023,2466,4720,31,47,222,303,259,508,251,672,257,412,303,262,937,993,1595,3212,15482,9993,1338,362,4630,4,6,5,5
2021-03-27T23:59:59+01:00,0,0,147,257,656,856,695,1180,649,1726,742,1382,825,711,2062,2010,2466,4718,31,47,222,303,259,508,250,666,254,407,301,261,930,983,1578,3188,15432,9927,1329,352,4592,4,6,5,5
2021-03-26T23:59:59+01:00,0,0,145,255,646,844,690,1164,640,1708,734,1352,806,693,2036,1985,2456,4708,31,47,222,303,258,506,250,666,248,395,296,254,898,951,1545,3139,15325,9750,1292,352,4513,4,4,5,5
2021-03-25T23:59:59+01:00,0,0,142,254,636,834,672,1143,625,1674,716,1309,787,673,1994,1943,2440,4690,31,47,219,298,257,505,243,663,246,393,288,250,859,920,1483,3060,15215,9515,1238,338,4344,3,4,5,5
2021-03-24T23:59:59+01:00,0,0,139,246,622,821,667,1130,616,1637,702,1275,763,656,1953,1899,2423,4666,31,47,217,296,256,503,241,663,240,390,281,244,816,896,1433,2968,15081,9293,1204,322,4194,2,3,5,5
2021-03-23T23:59:59+01:00,0,0,137,244,615,814,653,1119,606,1615,689,1237,745,642,1912,1867,2408,4648,30,46,215,295,254,499,234,658,237,383,271,240,792,873,1355,2870,14989,9032,1175,311,4049,2,3,5,5
2021-03-22T23:59:59+01:00,0,0,134,239,598,797,634,1100,595,1583,674,1211,735,630,1881,1843,2397,4632,30,45,214,293,252,497,233,650,236,379,268,235,767,851,1263,2765,14908,8770,1143,299,3892,2,3,5,5
2021-03-21T23:59:59+01:00,0,0,132,237,594,791,630,1097,590,1559,663,1176,729,620,1857,1836,2391,4616,30,45,213,293,251,495,232,649,235,377,266,232,761,848,1254,2756,14875,8737,1122,290,3776,2,3,5,5
2021-03-20T23:59:59+01:00,0,0,130,237,589,788,627,1094,587,1555,661,1174,725,611,1833,1814,2384,4604,30,45,213,293,251,495,231,647,232,371,264,230,752,842,1236,2743,14814,8685,1112,280,3740,2,3,5,5
2021-03-19T23:59:59+01:00,0,0,121,225,583,774,621,1088,584,1537,644,1160,691,569,1777,1773,2354,4583,29,45,213,292,250,495,230,640,229,368,262,224,726,823,1200,2690,14649,8540,1039,265,3645,2,3,5,5
2021-03-18T23:59:59+01:00,0,0,118,220,565,764,601,1056,565,1487,615,1112,655,544,1727,1725,2327,4540,29,45,211,290,248,488,230,634,225,359,260,216,709,811,1168,2647,14457,8412,977,246,3430,2,3,5,5
2021-03-17T23:59:59+01:00,0,0,113,214,554,751,589,1051,555,1473,600,1091,633,521,1683,1690,2306,4501,29,44,211,289,247,485,229,633,224,356,259,214,697,799,1133,2601,14256,8296,931,240,3376,2,3,5,5
2021-03-16T23:59:59+01:00,0,0,108,208,542,739,576,1039,543,1432,584,1063,615,497,1630,1638,2285,4465,29,43,211,287,247,480,228,631,222,355,255,214,682,780,1103,2546,14080,8162,878,237,3238,2,2,5,5
2021-03-15T23:59:59+01:00,0,0,104,201,528,724,565,1015,532,1397,569,1026,598,479,1589,1601,2263,4441,28,43,210,284,247,477,226,629,220,355,247,210,664,768,1078,2510,13929,8061,823,223,3109,2,0,5,5
2021-03-14T23:59:59+01:00,0,0,100,189,519,709,554,993,524,1352,552,981,580,464,1561,1580,2247,4416,28,43,210,282,246,476,225,624,219,350,245,206,660,761,1070,2495,13824,8034,788,194,2934,2,0,5,5
2021-03-13T23:59:59+01:00,0,0,96,178,493,688,525,967,497,1330,529,960,554,456,1535,1555,2239,4408,28,43,210,282,246,476,224,624,219,349,244,206,655,752,1041,2466,13600,7958,774,193,2847,2,0,5,5
2021-03-12T23:59:59+01:00,0,0,87,172,467,660,505,940,474,1295,504,925,524,435,1481,1508,2217,4369,28,43,210,281,246,475,224,624,219,348,240,204,642,740,1016,2439,13298,7870,745,193,2721,2,0,5,4
2021-03-11T23:59:59+01:00,0,0,81,161,436,623,471,908,436,1216,466,862,493,402,1404,1442,2169,4310,28,42,209,278,241,471,222,620,215,345,236,202,626,719,991,2398,12919,7785,692,142,2453,2,0,5,4
2021-03-10T23:59:59+01:00,0,0,79,155,412,598,453,890,418,1180,439,819,464,377,1327,1378,2130,4253,28,42,207,273,237,466,219,614,215,343,231,199,607,711,968,2359,12582,7676,659,125,2312,2,0,5,4
2021-03-09T23:59:59+01:00,0,0,78,151,402,578,428,861,404,1131,421,788,443,359,1278,1345,2089,4209,28,42,206,270,235,458,216,610,211,339,229,198,596,704,950,2328,12361,7595,633,106,2139,2,0,5,4
2021-03-08T23:59:59+01:00,0,0,75,146,388,560,410,843,392,1079,410,746,427,345,1223,1310,2065,4171,28,42,206,269,232,452,212,605,207,335,227,197,584,699,940,2317,12176,7544,596,90,1983,1,0,5,3
2021-03-07T23:59:59+01:00,0,0,72,142,385,550,402,827,380,1065,403,740,424,340,1211,1291,2056,4162,28,42,206,268,232,450,210,604,207,334,226,196,580,696,932,2310,12110,7515,570,88,1931,0,0,5,3
2021-03-06T23:59:59+01:00,0,0,72,136,382,546,395,806,373,1011,395,706,422,339,1204,1280,2041,4147,28,42,206,268,231,449,210,603,207,334,226,196,577,696,930,2297,12053,7507,570,75,1791,0,0,5,3
2021-03-05T23:59:59+01:00,0,0,72,131,378,540,391,800,370,995,384,680,411,326,1164,1238,1997,4088,28,42,205,267,230,448,209,601,206,331,224,195,572,695,922,2276,11839,7483,548,49,1730,0,0,5,3
2021-03-04T23:59:59+01:00,0,0,72,120,369,507,377,767,350,954,370,650,394,324,1112,1188,1913,3993,27,42,203,262,228,441,207,590,203,330,223,194,570,692,919,2273,11537,7435,516,48,1556,0,0,5,3
2021-03-03T23:59:59+01:00,0,0,68,113,360,491,370,751,345,932,356,630,384,316,1068,1155,1844,3872,27,42,203,261,227,439,204,580,203,323,222,191,565,689,912,2267,11266,7391,489,43,1445,0,0,5,3
2021-03-02T23:59:59+01:00,0,0,65,107,350,478,357,733,334,911,348,602,371,309,1033,1125,1746,3751,26,42,203,261,227,432,199,573,201,320,220,191,563,681,905,2254,10942,7332,465,43,1351,0,0,5,3
2021-03-01T23:59:59+01:00,0,0,64,105,344,465,350,714,323,886,341,568,366,305,1007,1093,1628,3597,26,41,202,260,225,423,197,565,201,316,219,191,560,675,896,2246,10602,7276,444,43,1245,0,0,5,3
2021-02-28T23:59:59+01:00,0,0,64,103,337,456,347,706,321,862,337,548,361,293,999,1089,1618,3585,26,41,201,259,224,423,197,565,201,316,218,191,559,671,893,2243,10558,7261,433,43,1168,0,0,5,3
2021-02-27T23:59:59+01:00,0,0,61,94,333,447,343,703,315,850,333,538,357,289,990,1078,1596,3564,26,41,201,258,224,422,196,564,200,315,218,191,559,671,893,2243,10489,7260,421,38,1112,0,0,5,3
2021-02-26T23:59:59+01:00,0,0,59,91,326,423,318,672,296,819,320,517,353,285,965,1058,1554,3502,26,40,201,257,224,420,194,561,197,313,218,191,559,671,892,2240,10329,7242,418,38,937,0,0,5,2
2021-02-25T23:59:59+01:00,0,0,52,79,313,404,308,642,289,791,305,491,344,275,947,1039,1517,3456,26,40,200,255,220,417,191,553,192,312,213,188,548,663,881,2234,10179,7181,404,28,792,0,0,5,2
2021-02-24T23:59:59+01:00,0,0,48,74,304,392,301,629,284,776,301,481,338,274,927,1027,1470,3397,25,40,198,253,217,404,189,545,189,307,211,185,542,657,879,2221,10031,7116,390,20,722,0,0,5,2
2021-02-23T23:59:59+01:00,0,0,45,65,291,377,293,610,278,757,291,471,331,272,899,1008,1429,3324,24,40,197,251,215,399,188,539,185,304,210,184,540,647,873,2202,9856,7055,371,16,630,0,0,5,2
2021-02-22T23:59:59+01:00,0,0,42,62,284,365,289,599,275,746,287,467,324,265,878,993,1399,3288,24,38,193,248,212,386,180,529,180,301,207,182,528,639,866,2185,9737,6965,355,5,587,0,0,4,2
2021-02-21T23:59:59+01:00,0,0,41,61,279,357,287,590,271,738,281,463,321,263,873,988,1392,3279,24,37,192,246,212,384,180,520,180,299,207,182,524,638,858,2172,9711,6921,347,5,538,0,0,4,2
2021-02-20T23:59:59+01:00,0,0,40,61,276,356,287,587,270,732,278,455,320,263,860,977,1360,3248,24,37,192,246,212,384,180,520,179,298,207,182,523,638,856,2171,9627,6915,336,5,516,0,0,4,2
2021-02-19T23:59:59+01:00,0,0,39,61,272,351,281,564,260,706,273,442,316,258,837,960,1326,3218,24,36,192,246,211,383,180,519,178,298,206,181,518,637,851,2154,9521,6880,321,5,428,0,0,3,2
2021-02-18T23:59:59+01:00,0,0,39,57,254,330,272,543,251,685,256,414,313,249,825,940,1300,3186,24,35,188,239,209,377,176,503,176,287,203,176,503,623,814,2087,9429,6686,295,5,294,0,0,3,2
2021-02-17T23:59:59+01:00,0,0,39,55,247,324,269,530,246,672,253,392,308,244,805,929,1271,3139,22,33,185,234,201,363,172,486,171,275,195,172,492,608,795,2048,9296,6516,285,4,242,0,0,3,2
2021-02-16T23:59:59+01:00,0,0,38,50,236,313,266,519,240,657,246,385,303,242,794,918,1246,3107,20,33,176,226,193,344,166,474,167,261,192,165,459,577,760,1980,9202,6256,277,4,179,0,0,3,2
2021-02-15T23:59:59+01:00,0,0,37,49,230,310,259,506,236,651,243,377,300,241,776,910,1234,3088,19,31,170,220,188,336,161,463,161,254,182,159,429,548,724,1909,9140,6017,263,4,142,0,0,3,2
2021-02-14T23:59:59+01:00,0,0,35,49,228,307,257,500,234,645,243,373,300,237,769,904,1225,3069,18,31,168,217,184,331,160,451,159,251,181,156,421,539,706,1866,9118,5901,230,4,124,0,0,3,2
2021-02-13T23:59:59+01:00,0,0,34,49,228,307,256,500,234,644,243,373,300,237,767,903,1224,3069,18,31,166,216,181,331,159,449,158,248,179,153,416,536,698,1851,9112,5854,230,1,123,0,0,3,2
2021-02-12T23:59:59+01:00,0,0,33,47,225,301,253,491,230,633,240,366,299,236,761,902,1221,3059,18,31,164,213,180,330,157,447,156,247,177,149,413,520,667,1785,9083,5718,230,1,79,0,0,3,2
2021-02-11T23:59:59+01:00,0,0,32,46,217,282,246,475,223,609,227,352,295,235,753,885,1196,3026,18,30,147,194,172,299,147,401,150,225,160,133,367,471,604,1617,9011,5195,163,1,18,0,0,3,2
2021-02-10T23:59:59+01:00,0,0,31,46,213,275,243,468,219,600,224,345,291,235,741,882,1188,3016,17,27,134,171,158,261,128,352,139,200,144,124,340,440,542,1492,8956,4723,146,1,7,0,0,3,0
2021-02-09T23:59:59+01:00,0,0,30,44,212,272,241,455,215,593,220,342,287,231,737,875,1179,3003,17,26,119,143,145,238,110,310,125,173,126,115,308,384,487,1334,8902,4209,122,1,3,0,0,3,0
2021-02-08T23:59:59+01:00,0,0,30,44,211,270,235,441,212,581,217,337,282,231,729,870,1173,2996,15,24,103,122,124,194,91,269,117,161,103,106,269,332,425,1199,8837,3698,107,1,3,0,0,3,0
2021-02-07T23:59:59+01:00,0,0,30,43,209,268,233,440,212,578,217,336,282,231,727,866,1168,2993,14,18,99,115,117,183,86,251,112,151,96,101,262,319,409,1149,8815,3523,104,1,0,0,0,3,0
2021-02-06T23:59:59+01:00,0,0,30,43,209,268,233,439,212,578,217,335,281,231,726,866,1167,2981,11,14,98,113,116,179,84,244,112,149,95,100,262,315,398,1134,8812,3462,90,1,0,0,0,3,0
2021-02-05T23:59:59+01:00,0,0,29,42,209,268,233,438,210,575,215,334,280,231,724,866,1155,2954,10,10,90,105,112,176,83,240,106,137,92,98,253,310,374,1105,8792,3337,55,0,0,0,0,3,0
2021-02-04T23:59:59+01:00,0,0,29,42,207,267,229,433,205,569,213,330,277,228,718,860,1146,2943,9,7,62,73,88,132,71,202,86,118,88,84,221,274,330,978,8725,2850,55,0,0,0,0,3,0
2021-02-03T23:59:59+01:00,0,0,29,41,207,265,228,421,202,563,212,327,275,226,708,857,1139,2928,6,4,45,55,69,108,53,157,73,89,63,59,166,200,249,715,8662,2133,50,0,0,0,0,3,0
2021-02-02T23:59:59+01:00,0,0,28,41,206,263,225,415,201,558,209,326,272,225,700,847,1132,2903,3,3,29,39,54,77,41,101,54,66,54,48,119,134,165,473,8584,1475,49,0,0,0,0,3,0
2021-02-01T23:59:59+01:00,0,0,27,39,204,263,222,410,198,552,205,319,271,222,693,844,1127,2891,3,1,22,21,27,45,28,62,30,35,38,30,72,86,95,284,8520,887,49,0,0,0,0,3,0
2021-01-31T23:59:59+01:00,0,0,27,39,204,261,220,406,196,544,204,317,270,222,689,840,1121,2876,3,1,20,16,18,37,21,49,22,31,35,24,57,74,92,254,8469,760,48,0,0,0,0,3,0
2021-01-30T23:59:59+01:00,0,0,27,39,204,261,220,406,195,544,204,317,270,222,688,840,1120,2874,3,1,19,15,16,37,19,45,20,30,34,23,57,71,90,248,8465,733,47,0,0,0,0,3,0
2021-01-29T23:59:59+01:00,0,0,27,39,204,258,219,405,194,543,202,315,270,222,683,837,1114,2866,3,0,16,10,11,31,18,40,16,27,34,22,54,70,88,242,8437,685,43,0,0,0,0,2,0
2021-01-28T23:59:59+01:00,0,0,27,38,197,255,219,399,193,534,199,310,269,222,671,829,1091,2846,3,0,3,3,6,18,10,22,7,13,26,15,37,47,58,171,8347,440,34,0,0,0,0,2,0
2021-01-27T23:59:59+01:00,0,0,26,36,192,250,214,390,191,520,196,300,261,217,657,812,1067,2808,1,0,2,3,5,14,9,20,6,12,25,14,31,41,49,130,8185,362,29,0,0,0,0,2,0
2021-01-26T23:59:59+01:00,0,0,23,36,189,239,208,377,186,502,193,291,255,212,635,795,1039,2757,1,0,1,3,5,14,9,20,6,12,24,11,30,37,48,113,7989,334,24,0,0,0,0,2,0
2021-01-25T23:59:59+01:00,0,0,23,35,181,237,205,367,181,492,188,280,245,207,612,775,1013,2712,1,0,1,3,4,12,8,17,6,11,21,10,26,36,40,102,7821,298,6,0,0,0,0,2,0
2021-01-24T23:59:59+01:00,0,0,22,34,179,234,202,366,180,490,187,278,245,205,608,770,1010,2707,1,0,1,3,3,12,8,17,6,11,21,10,26,36,39,100,7785,294,5,0,0,0,0,2,0
2021-01-23T23:59:59+01:00,0,0,22,34,179,234,200,366,180,489,187,278,245,205,607,770,1002,2694,1,0,1,3,3,11,8,17,5,11,21,10,26,36,39,100,7760,292,5,0,0,0,0,2,0
2021-01-22T23:59:59+01:00,0,0,21,33,177,230,199,366,180,488,186,278,245,203,605,768,974,2652,1,0,1,3,3,11,8,17,5,11,21,10,26,36,39,100,7673,292,5,0,0,0,0,2,0
2021-01-21T23:59:59+01:00,0,0,20,33,167,222,192,348,175,465,184,261,233,198,580,742,937,2599,1,0,1,3,1,6,7,12,3,7,20,8,22,26,34,83,7421,234,5,0,0,0,0,2,0
2021-01-20T23:59:59+01:00,0,0,19,31,152,196,176,306,146,409,170,237,215,186,538,696,868,2399,1,0,1,3,1,6,7,11,3,6,19,7,21,23,30,77,6803,216,4,0,0,0,0,2,0
2021-01-19T23:59:59+01:00,0,0,19,29,129,165,160,272,133,368,155,214,180,165,475,605,770,2125,1,0,1,3,1,6,5,7,1,4,11,3,10,15,21,55,6017,144,3,0,0,0,0,2,0
2021-01-18T23:59:59+01:00,0,0,16,28,114,148,138,228,115,320,138,187,142,150,385,500,634,1782,1,0,1,1,0,3,4,5,0,4,2,1,4,6,10,28,5074,70,3,0,0,0,0,2,0
2021-01-17T23:59:59+01:00,0,0,15,18,110,134,130,215,107,296,131,175,133,136,370,470,584,1680,1,0,0,0,0,1,2,4,0,2,1,1,3,1,2,5,4746,23,3,0,0,0,0,2,0
2021-01-16T23:59:59+01:00,0,0,13,14,106,131,128,210,104,286,129,169,130,132,365,462,567,1652,0,0,0,0,0,0,0,0,0,0,0,0,0,0,0,0,4640,0,0,0,0,0,0,2,0
2021-01-15T23:59:59+01:00,0,0,11,12,101,122,124,205,102,277,127,157,126,129,358,447,537,1608,0,0,0,0,0,0,0,0,0,0,0,0,0,0,0,0,4482,0,0,0,0,0,0,2,0
2021-01-14T23:59:59+01:00,0,0,9,8,76,89,104,168,84,232,110,140,114,108,306,397,472,1392,0,0,0,0,0,0,0,0,0,0,0,0,0,0,0,0,3839,0,0,0,0,0,0,2,0
2021-01-13T23:59:59+01:00,0,0,7,7,63,79,93,141,74,191,100,115,86,79,236,282,374,1062,0,0,0,0,0,0,0,0,0,0,0,0,0,0,0,0,3014,0,0,0,0,0,0,2,0
2021-01-12T23:59:59+01:00,0,0,5,5,53,61,76,111,66,134,78,91,70,63,166,202,271,742,0,0,0,0,0,0,0,0,0,0,0,0,0,0,0,0,2217,0,0,0,0,0,0,0,0
2021-01-11T23:59:59+01:00,0,0,4,3,45,48,63,81,52,108,56,64,50,42,96,123,142,417,0,0,0,0,0,0,0,0,0,0,0,0,0,0,0,0,1413,0,0,0,0,0,0,0,0
2021-01-10T23:59:59+01:00,0,0,3,3,41,36,46,67,38,86,46,55,45,32,79,109,133,363,0,0,0,0,0,0,0,0,0,0,0,0,0,0,0,0,1193,0,0,0,0,0,0,0,0
2021-01-09T23:59:59+01:00,0,0,3,2,38,35,41,64,35,76,40,50,44,32,79,107,130,361,0,0,0,0,0,0,0,0,0,0,0,0,0,0,0,0,1146,0,0,0,0,0,0,0,0
2021-01-08T23:59:59+01:00,0,0,3,2,31,27,34,57,29,63,35,44,42,29,74,104,126,350,0,0,0,0,0,0,0,0,0,0,0,0,0,0,0,0,1057,0,0,0,0,0,0,0,0
2021-01-07T23:59:59+01:00,0,0,3,2,9,3,9,20,12,28,11,22,35,20,52,69,87,248,0,0,0,0,0,0,0,0,0,0,0,0,0,0,0,0,631,0,0,0,0,0,0,0,0
2021-01-06T23:59:59+01:00,0,0,3,0,2,3,5,15,9,22,7,13,31,18,44,58,73,197,0,0,0,0,0,0,0,0,0,0,0,0,0,0,0,0,501,0,0,0,0,0,0,0,0
2021-01-05T23:59:59+01:00,0,0,2,0,1,3,5,14,9,20,7,12,30,17,43,57,70,189,0,0,0,0,0,0,0,0,0,0,0,0,0,0,0,0,480,0,0,0,0,0,0,0,0
2021-01-04T23:59:59+01:00,0,0,1,0,1,3,5,13,8,18,6,11,26,14,34,48,54,143,0,0,0,0,0,0,0,0,0,0,0,0,0,0,0,0,385,0,0,0,0,0,0,0,0
2021-01-03T23:59:59+01:00,0,0,1,0,1,3,4,13,8,18,6,11,26,14,34,48,54,142,0,0,0,0,0,0,0,0,0,0,0,0,0,0,0,0,383,0,0,0,0,0,0,0,0
2021-01-02T23:59:59+01:00,0,0,1,0,1,3,4,13,7,18,5,11,26,14,34,48,54,142,0,0,0,0,0,0,0,0,0,0,0,0,0,0,0,0,381,0,0,0,0,0,0,0,0
2021-01-01T23:59:59+01:00,0,0,1,0,1,3,4,13,7,18,5,11,26,14,34,48,54,142,0,0,0,0,0,0,0,0,0,0,0,0,0,0,0,0,381,0,0,0,0,0,0,0,0
2020-12-31T23:59:59+01:00,0,0,1,0,1,3,4,12,7,18,5,11,26,14,34,48,54,142,0,0,0,0,0,0,0,0,0,0,0,0,0,0,0,0,380,0,0,0,0,0,0,0,0
2020-12-30T23:59:59+01:00,0,0,1,0,1,3,4,12,7,17,5,11,26,14,34,48,54,142,0,0,0,0,0,0,0,0,0,0,0,0,0,0,0,0,379,0,0,0,0,0,0,0,0
2020-12-29T23:59:59+01:00,0,0,1,0,1,3,3,8,5,12,3,8,19,10,25,40,39,115,0,0,0,0,0,0,0,0,0,0,0,0,0,0,0,0,292,0,0,0,0,0,0,0,0
2020-12-28T23:59:59+01:00,0,0,1,0,1,1,1,2,3,6,2,5,11,3,8,15,24,58,0,0,0,0,0,0,0,0,0,0,0,0,0,0,0,0,141,0,0,0,0,0,0,0,0
2020-12-27T23:59:59+01:00,0,0,1,0,0,0,0,1,2,6,0,2,2,1,5,4,5,20,0,0,0,0,0,0,0,0,0,0,0,0,0,0,0,0,49,0,0,0,0,0,0,0,0
