Datum,<15_1_m,<15_1_w,15-24_1_m,15-24_1_w,25-34_1_m,25-34_1_w,35-44_1_m,35-44_1_w,45-54_1_m,45-54_1_w,55-64_1_m,55-64_1_w,65-74_1_m,65-74_1_w,75-84_1_m,75-84_1_w,>84_1_m,>84_1_w,<15_2_m,<15_2_w,15-24_2_m,15-24_2_w,25-34_2_m,25-34_2_w,35-44_2_m,35-44_2_w,45-54_2_m,45-54_2_w,55-64_2_m,55-64_2_w,65-74_2_m,65-74_2_w,75-84_2_m,75-84_2_w,>84_2_m,>84_2_w,bp_1,bp_2,mo_1,mo_2,az_1,az_2,ja,unb_1,unb_2
2021-11-13T23:59:59+01:00,246,237,4882,3918,11771,7846,11113,7192,9404,9500,5911,6487,1929,2409,1207,1657,326,932,185,170,3891,3278,9764,6797,9322,6263,8086,8324,5277,5829,1792,2239,1139,1572,288,858,57579,47221,8009,7263,9303,8017,13946,71,74
2021-11-12T23:59:59+01:00,241,234,4849,3889,11704,7804,11053,7162,9349,9462,5899,6464,1928,2402,1206,1657,326,932,182,170,3875,3270,9740,6786,9310,6256,8069,8314,5271,5825,1792,2237,1139,1572,288,858,57203,47126,8001,7260,9303,8017,13924,71,74
2021-11-11T23:59:59+01:00,240,232,4796,3870,11606,7755,10942,7122,9277,9403,5860,6425,1922,2393,1206,1655,326,931,181,169,3853,3259,9705,6769,9285,6234,8040,8293,5267,5813,1792,2236,1138,1571,288,858,56655,46965,7981,7250,9303,8017,13892,71,74
2021-11-10T23:59:59+01:00,236,230,4733,3849,11466,7686,10847,7075,9200,9349,5826,6395,1918,2387,1204,1651,326,929,179,168,3838,3246,9679,6756,9262,6222,8019,8281,5256,5806,1789,2234,1137,1568,288,858,56061,46844,7961,7245,9302,8017,13853,71,74
2021-11-09T23:59:59+01:00,236,228,4681,3821,11363,7656,10767,7044,9147,9324,5796,6367,1917,2384,1204,1651,326,929,178,165,3824,3241,9649,6746,9238,6213,8005,8259,5247,5793,1789,2231,1135,1567,288,858,55650,46732,7948,7239,9302,8016,13811,71,74
2021-11-08T23:59:59+01:00,234,223,4624,3795,11241,7621,10660,7006,9075,9268,5767,6342,1914,2382,1203,1648,326,928,177,165,3808,3231,9619,6730,9211,6198,7988,8247,5242,5785,1787,2227,1134,1567,288,858,55136,46630,7934,7232,9301,8016,13756,71,74
2021-11-07T23:59:59+01:00,233,222,4593,3779,11180,7590,10594,6988,9030,9244,5752,6328,1912,2380,1202,1647,325,928,176,164,3797,3220,9600,6722,9192,6190,7979,8237,5239,5781,1786,2226,1133,1566,288,858,54851,46565,7921,7222,9301,8016,13723,71,74
2021-11-06T23:59:59+01:00,233,222,4580,3770,11142,7578,10554,6969,9006,9228,5740,6318,1909,2378,1202,1647,325,928,176,164,3795,3215,9593,6719,9188,6186,7975,8231,5236,5779,1783,2226,1133,1566,288,858,54667,46533,7918,7222,9301,8016,13712,71,74
2021-11-05T23:59:59+01:00,232,221,4541,3752,11078,7552,10481,6937,8940,9188,5724,6302,1908,2375,1202,1646,325,928,175,164,3781,3209,9579,6706,9172,6181,7957,8220,5232,5773,1782,2225,1133,1566,288,858,54306,46457,7914,7220,9301,8016,13680,71,74
2021-11-04T23:59:59+01:00,230,219,4480,3724,10964,7490,10369,6888,8848,9137,5695,6279,1904,2368,1201,1645,325,927,174,162,3759,3196,9545,6683,9132,6157,7931,8190,5216,5762,1782,2222,1132,1566,288,858,53792,46328,7899,7216,9301,8016,13566,71,74
2021-11-03T23:59:59+01:00,229,217,4447,3703,10870,7453,10279,6863,8783,9092,5671,6257,1901,2366,1201,1644,325,927,173,159,3743,3192,9513,6666,9101,6150,7909,8174,5210,5758,1779,2216,1132,1566,288,857,53388,46221,7892,7209,9301,8016,13511,71,74
2021-11-02T23:59:59+01:00,229,216,4402,3687,10785,7423,10198,6833,8711,9061,5643,6239,1898,2363,1201,1643,325,927,173,158,3734,3176,9490,6646,9070,6138,7891,8149,5202,5748,1776,2214,1132,1564,288,855,53022,46119,7882,7201,9301,8013,13441,71,74
2021-11-01T23:59:59+01:00,228,216,4369,3673,10713,7397,10102,6801,8651,9036,5619,6220,1896,2357,1201,1641,325,926,173,158,3715,3167,9459,6624,9037,6119,7868,8136,5189,5737,1775,2214,1132,1564,288,855,52701,46016,7876,7196,9301,8013,13355,71,74
2021-10-31T23:59:59+01:00,226,216,4356,3672,10697,7390,10089,6796,8645,9030,5618,6218,1896,2357,1201,1641,325,926,172,158,3710,3166,9452,6622,9031,6117,7866,8133,5187,5734,1774,2214,1132,1564,288,855,52655,46006,7874,7195,9301,8013,13331,71,74
2021-10-30T23:59:59+02:00,225,215,4351,3670,10676,7386,10076,6793,8636,9022,5608,6214,1895,2356,1201,1641,325,926,172,158,3708,3166,9442,6619,9026,6117,7863,8132,5181,5731,1774,2214,1132,1564,288,855,52595,45996,7874,7195,9301,8013,13308,71,74
2021-10-29T23:59:59+02:00,224,215,4297,3659,10591,7359,9997,6764,8590,8981,5589,6201,1895,2353,1201,1641,324,925,171,158,3683,3159,9407,6613,8997,6112,7844,8115,5175,5725,1772,2214,1132,1564,288,854,52286,45933,7865,7192,9301,8013,13215,71,74
2021-10-28T23:59:59+02:00,224,213,4253,3643,10487,7327,9894,6728,8528,8926,5562,6173,1893,2346,1199,1641,324,925,171,157,3656,3148,9358,6583,8944,6086,7816,8089,5160,5716,1771,2211,1132,1564,287,854,51926,45814,7853,7180,9301,8013,13064,71,74
2021-10-27T23:59:59+02:00,224,212,4228,3635,10429,7307,9843,6693,8474,8896,5545,6156,1890,2343,1199,1640,324,925,168,157,3639,3139,9326,6560,8919,6071,7796,8073,5153,5704,1768,2210,1131,1561,287,853,51677,45699,7842,7171,9301,8012,12999,71,74
2021-10-26T23:59:59+02:00,223,210,4195,3619,10381,7277,9786,6667,8434,8850,5528,6143,1887,2340,1198,1639,324,924,166,156,3623,3130,9285,6539,8886,6057,7776,8051,5142,5697,1766,2210,1129,1557,287,852,51423,45572,7834,7170,9301,8012,12920,71,74
2021-10-25T23:59:59+02:00,221,210,4189,3614,10366,7270,9766,6654,8420,8833,5526,6138,1885,2339,1198,1639,324,924,166,156,3620,3129,9275,6527,8869,6048,7765,8036,5138,5695,1765,2210,1128,1557,287,852,51358,45532,7833,7168,9301,8012,12876,71,74
2021-10-24T23:59:59+02:00,218,209,4179,3603,10324,7254,9737,6635,8403,8811,5520,6130,1884,2339,1197,1639,324,924,165,155,3610,3123,9251,6521,8851,6037,7754,8023,5133,5691,1765,2209,1128,1556,287,852,51222,45471,7827,7164,9301,8010,12831,71,74
2021-10-23T23:59:59+02:00,216,209,4175,3600,10303,7252,9725,6629,8399,8803,5519,6126,1884,2339,1197,1639,324,924,165,155,3608,3120,9245,6520,8845,6034,7749,8021,5132,5690,1765,2209,1128,1556,287,852,51169,45455,7826,7163,9301,8010,12818,71,74
2021-10-22T23:59:59+02:00,215,208,4152,3590,10267,7236,9699,6615,8372,8769,5507,6106,1884,2338,1197,1639,324,924,163,154,3600,3118,9225,6508,8825,6026,7736,8010,5124,5678,1765,2205,1128,1555,287,852,51002,45388,7821,7158,9301,8010,12768,71,74
2021-10-21T23:59:59+02:00,210,206,4132,3577,10200,7214,9657,6580,8341,8722,5499,6082,1883,2335,1196,1638,324,924,161,154,3571,3100,9179,6495,8797,6008,7709,7986,5108,5664,1763,2202,1126,1554,287,852,50766,45226,7808,7150,9301,8010,12694,71,74
2021-10-20T23:59:59+02:00,210,206,4121,3566,10181,7201,9628,6567,8316,8704,5492,6069,1881,2332,1196,1638,324,924,160,153,3561,3087,9150,6482,8771,5995,7692,7973,5100,5654,1760,2200,1126,1552,287,850,50635,45102,7806,7142,9301,8009,12664,70,74
2021-10-19T23:59:59+02:00,207,205,4113,3560,10165,7194,9602,6558,8300,8692,5485,6063,1880,2331,1196,1638,324,923,155,151,3551,3072,9135,6469,8758,5984,7680,7960,5087,5644,1759,2195,1125,1551,287,850,50542,44984,7799,7138,9301,8009,12643,70,74
2021-10-18T23:59:59+02:00,207,203,4100,3553,10153,7186,9585,6550,8289,8681,5480,6050,1879,2328,1194,1637,324,923,155,151,3542,3060,9118,6456,8744,5977,7671,7951,5086,5631,1756,2193,1125,1551,287,848,50448,44895,7795,7131,9301,8008,12626,70,74
2021-10-17T23:59:59+02:00,207,201,4094,3549,10144,7177,9571,6547,8282,8678,5478,6046,1878,2328,1194,1636,323,922,155,148,3530,3052,9109,6452,8736,5972,7661,7943,5084,5627,1754,2189,1123,1551,287,848,50399,44830,7789,7128,9301,8007,12613,70,74
2021-10-16T23:59:59+02:00,207,201,4092,3547,10139,7175,9569,6545,8281,8673,5477,6044,1877,2328,1193,1635,323,922,155,147,3529,3051,9105,6450,8736,5971,7658,7942,5083,5627,1754,2189,1123,1551,287,848,50379,44822,7788,7128,9301,8006,12607,70,74
2021-10-15T23:59:59+02:00,205,201,4080,3541,10122,7166,9555,6540,8272,8658,5470,6037,1876,2328,1193,1635,323,922,155,145,3519,3048,9093,6439,8722,5965,7651,7936,5076,5623,1754,2189,1123,1550,287,848,50293,44758,7785,7126,9301,8006,12589,70,74
2021-10-14T23:59:59+02:00,204,201,4067,3533,10096,7148,9532,6523,8251,8637,5462,6027,1875,2325,1193,1634,323,922,154,142,3494,3039,9062,6414,8690,5940,7628,7923,5066,5613,1753,2185,1120,1550,287,848,50177,44604,7776,7111,9301,8004,12543,70,74
2021-10-13T23:59:59+02:00,202,201,4055,3529,10080,7135,9516,6513,8237,8622,5454,6019,1873,2324,1193,1632,323,922,152,142,3480,3033,9036,6399,8673,5929,7610,7913,5057,5606,1753,2185,1119,1549,287,848,50087,44502,7772,7105,9301,8004,12514,70,74
2021-10-12T23:59:59+02:00,200,199,4048,3524,10064,7128,9496,6502,8226,8605,5442,6010,1872,2322,1192,1631,323,922,151,140,3473,3023,9014,6383,8648,5912,7595,7901,5043,5596,1749,2180,1119,1548,287,848,49991,44369,7766,7101,9301,8003,12491,70,74
2021-10-11T23:59:59+02:00,200,197,4037,3517,10038,7121,9474,6488,8218,8588,5436,6001,1871,2321,1192,1631,323,922,149,140,3460,3013,8976,6371,8622,5892,7577,7882,5036,5587,1748,2179,1119,1548,287,848,49904,44240,7757,7090,9301,8002,12456,70,74
2021-10-10T23:59:59+02:00,199,195,4024,3515,10029,7109,9468,6477,8210,8577,5433,5992,1871,2321,1191,1631,323,922,148,140,3449,3010,8958,6364,8611,5885,7565,7876,5030,5580,1746,2178,1119,1547,287,848,49842,44166,7748,7087,9301,8002,12439,70,74
2021-10-09T23:59:59+02:00,199,195,4022,3513,10026,7108,9455,6472,8207,8575,5430,5992,1871,2320,1191,1631,323,922,148,139,3445,3007,8956,6361,8602,5879,7561,7875,5026,5579,1746,2178,1119,1547,287,848,49823,44147,7748,7084,9301,8001,12423,70,74
2021-10-08T23:59:59+02:00,197,194,4010,3504,10006,7099,9443,6460,8194,8558,5424,5987,1869,2319,1191,1631,323,922,148,139,3438,3000,8936,6353,8588,5870,7556,7860,5016,5576,1744,2176,1118,1546,287,848,49734,44072,7744,7083,9301,8001,12394,70,74
2021-10-07T23:59:59+02:00,196,193,3992,3491,9978,7084,9405,6450,8173,8536,5419,5981,1868,2314,1191,1631,323,922,148,139,3413,2976,8895,6334,8562,5858,7533,7830,4998,5565,1741,2170,1118,1545,287,848,49594,43889,7737,7065,9301,8001,12355,70,74
2021-10-06T23:59:59+02:00,194,192,3984,3485,9952,7067,9391,6443,8167,8528,5412,5973,1866,2311,1191,1629,323,921,147,139,3400,2964,8873,6322,8545,5845,7525,7816,4995,5554,1739,2167,1118,1544,287,848,49504,43790,7735,7059,9301,7999,12329,70,74
2021-10-05T23:59:59+02:00,194,191,3970,3475,9937,7051,9372,6431,8148,8504,5404,5966,1865,2309,1191,1628,323,920,146,139,3385,2952,8851,6310,8521,5832,7504,7790,4985,5546,1737,2163,1117,1542,287,848,49397,43664,7733,7051,9301,7999,12288,70,74
2021-10-04T23:59:59+02:00,194,190,3951,3467,9914,7036,9336,6414,8131,8491,5396,5957,1862,2309,1190,1623,323,918,146,139,3371,2944,8828,6291,8488,5816,7483,7763,4974,5531,1736,2161,1117,1541,286,848,49282,43528,7724,7047,9301,7999,12234,70,74
2021-10-03T23:59:59+02:00,194,190,3934,3461,9889,7022,9323,6405,8117,8479,5394,5950,1860,2306,1189,1622,322,918,146,139,3356,2936,8800,6281,8477,5808,7474,7750,4969,5526,1735,2158,1117,1540,285,848,49202,43461,7722,7044,9301,7996,12189,70,74
2021-10-02T23:59:59+02:00,194,190,3932,3460,9888,7020,9320,6404,8115,8479,5392,5948,1859,2305,1189,1622,322,918,146,139,3353,2935,8796,6280,8475,5808,7470,7749,4968,5522,1734,2157,1117,1540,285,848,49195,43450,7720,7043,9301,7994,12180,70,74
2021-10-01T23:59:59+02:00,192,189,3922,3456,9867,7012,9306,6395,8103,8466,5387,5938,1856,2302,1189,1622,322,917,144,138,3337,2928,8777,6271,8459,5796,7462,7738,4961,5515,1732,2157,1117,1540,285,848,49123,43381,7717,7040,9301,7990,12139,70,74
2021-09-30T23:59:59+02:00,191,188,3889,3436,9816,6989,9270,6368,8074,8440,5370,5924,1853,2299,1187,1622,322,916,142,137,3316,2907,8730,6244,8427,5775,7445,7706,4946,5501,1730,2151,1117,1540,285,847,48942,43249,7710,7015,9301,7987,12037,70,74
2021-09-29T23:59:59+02:00,190,186,3874,3423,9772,6974,9253,6347,8061,8413,5361,5918,1851,2296,1186,1620,322,915,142,136,3302,2898,8697,6237,8411,5753,7434,7685,4935,5488,1730,2149,1117,1539,285,847,48818,43155,7702,7010,9301,7983,11973,70,74
2021-09-28T23:59:59+02:00,188,186,3863,3415,9733,6954,9223,6334,8034,8379,5353,5901,1850,2289,1186,1619,322,913,139,135,3287,2886,8670,6216,8390,5738,7407,7658,4927,5476,1730,2143,1117,1538,285,846,48690,43049,7696,7005,9301,7982,11885,70,74
2021-09-27T23:59:59+02:00,186,186,3846,3400,9698,6926,9199,6310,8016,8349,5339,5889,1847,2278,1185,1618,321,912,139,134,3269,2875,8629,6189,8361,5710,7384,7629,4915,5468,1727,2134,1117,1536,285,845,48568,42919,7687,7002,9301,7978,11778,70,74
2021-09-26T23:59:59+02:00,184,186,3838,3391,9681,6916,9187,6301,8003,8338,5334,5883,1841,2277,1183,1617,321,912,138,133,3260,2869,8609,6185,8351,5698,7370,7623,4908,5458,1723,2134,1117,1535,285,844,48498,42861,7686,6998,9301,7974,11736,70,74
2021-09-25T23:59:59+02:00,184,185,3834,3389,9672,6912,9183,6297,7996,8337,5331,5883,1841,2276,1183,1616,321,912,138,132,3254,2866,8602,6182,8347,5694,7366,7618,4906,5456,1723,2133,1116,1532,285,844,48481,42842,7684,6995,9301,7972,11714,70,74
2021-09-24T23:59:59+02:00,183,183,3818,3381,9640,6899,9167,6287,7974,8318,5323,5871,1839,2274,1183,1615,321,912,137,132,3242,2858,8575,6168,8334,5683,7344,7604,4899,5447,1722,2129,1116,1532,285,844,48394,42782,7683,6989,9301,7972,11636,70,74
2021-09-23T23:59:59+02:00,181,181,3782,3365,9575,6869,9113,6243,7934,8269,5305,5851,1834,2267,1180,1612,321,912,137,131,3217,2844,8516,6138,8282,5647,7305,7557,4881,5429,1714,2125,1115,1530,285,844,48241,42675,7674,6981,9301,7968,11398,70,74
2021-09-22T23:59:59+02:00,177,181,3757,3350,9544,6848,9084,6223,7901,8255,5288,5840,1832,2263,1179,1612,321,912,135,128,3192,2836,8487,6115,8256,5633,7274,7537,4866,5422,1711,2118,1113,1530,285,843,48108,42552,7669,6978,9299,7962,11310,70,74
2021-09-21T23:59:59+02:00,176,179,3741,3336,9519,6827,9038,6200,7870,8228,5273,5829,1831,2263,1179,1612,321,912,134,128,3170,2822,8451,6089,8211,5618,7240,7504,4849,5402,1710,2116,1112,1529,285,843,47986,42397,7662,6970,9298,7962,11203,70,74
2021-09-20T23:59:59+02:00,174,179,3710,3323,9482,6811,9002,6177,7837,8196,5266,5814,1827,2261,1179,1612,321,910,134,126,3146,2799,8410,6068,8170,5594,7207,7474,4841,5382,1707,2114,1111,1528,284,843,47859,42258,7659,6965,9298,7956,11075,70,74
2021-09-19T23:59:59+02:00,174,178,3692,3315,9450,6803,8987,6171,7831,8186,5259,5807,1824,2258,1178,1610,321,909,132,126,3137,2791,8382,6058,8150,5587,7192,7459,4834,5374,1706,2110,1110,1527,284,842,47793,42190,7652,6959,9298,7950,11017,70,74
2021-09-18T23:59:59+02:00,174,178,3688,3314,9445,6801,8982,6168,7825,8184,5257,5806,1824,2258,1178,1610,321,909,132,126,3129,2788,8374,6057,8139,5584,7185,7457,4830,5369,1706,2110,1110,1526,284,842,47781,42151,7651,6958,9297,7950,10999,70,74
2021-09-17T23:59:59+02:00,174,177,3668,3306,9408,6788,8953,6154,7805,8173,5246,5797,1823,2253,1176,1610,321,909,132,126,3115,2779,8334,6043,8111,5573,7163,7448,4822,5360,1706,2109,1109,1526,284,842,47690,42081,7645,6946,9294,7947,10915,70,74
2021-09-16T23:59:59+02:00,174,177,3640,3280,9351,6764,8906,6125,7768,8137,5227,5784,1820,2248,1175,1610,321,908,132,125,3100,2764,8293,6021,8078,5547,7141,7424,4808,5353,1704,2108,1109,1526,283,840,47480,41962,7620,6936,9292,7938,10824,70,74
2021-09-15T23:59:59+02:00,172,177,3616,3268,9315,6746,8872,6100,7739,8119,5220,5764,1817,2244,1172,1610,320,907,129,125,3083,2760,8264,6004,8047,5520,7106,7405,4790,5336,1701,2105,1109,1523,281,837,47331,41826,7614,6928,9292,7934,10738,70,74
2021-09-14T23:59:59+02:00,171,176,3594,3249,9271,6723,8829,6073,7710,8087,5208,5745,1815,2241,1171,1609,319,907,129,123,3062,2743,8224,5977,8009,5502,7079,7380,4776,5318,1700,2105,1108,1520,281,836,47170,41692,7603,6919,9292,7931,10628,70,74
2021-09-13T23:59:59+02:00,169,176,3575,3235,9230,6705,8799,6048,7692,8055,5191,5728,1813,2237,1171,1609,319,906,127,121,3045,2735,8191,5962,7992,5488,7069,7358,4767,5312,1699,2101,1108,1518,281,836,47003,41587,7583,6913,9292,7930,10573,70,74
2021-09-12T23:59:59+02:00,169,175,3557,3233,9207,6695,8789,6038,7682,8040,5184,5720,1812,2236,1170,1606,319,905,126,120,3029,2727,8168,5948,7983,5477,7051,7342,4763,5303,1695,2100,1108,1518,281,835,46924,41505,7582,6908,9292,7922,10531,70,74
2021-09-11T23:59:59+02:00,169,175,3554,3230,9200,6691,8786,6036,7681,8038,5181,5718,1811,2235,1169,1606,319,905,125,120,3027,2726,8161,5945,7981,5474,7050,7337,4762,5301,1695,2100,1108,1518,281,835,46906,41490,7581,6908,9291,7922,10516,70,74
2021-09-10T23:59:59+02:00,168,171,3525,3224,9174,6669,8767,6023,7658,8016,5167,5698,1807,2232,1168,1606,319,905,124,117,3012,2721,8133,5921,7962,5459,7030,7317,4746,5282,1694,2099,1107,1516,281,835,46817,41422,7578,6903,9291,7921,10398,70,74
2021-09-09T23:59:59+02:00,166,170,3510,3206,9127,6642,8731,6000,7636,7975,5149,5687,1806,2229,1168,1606,319,905,122,116,3001,2712,8097,5894,7934,5438,7006,7286,4731,5267,1693,2095,1107,1516,281,835,46652,41309,7570,6891,9291,7913,10304,70,73
2021-09-08T23:59:59+02:00,165,168,3491,3196,9094,6633,8708,5971,7618,7945,5134,5670,1802,2227,1167,1604,319,904,120,114,2985,2700,8054,5877,7901,5414,6978,7249,4720,5245,1692,2094,1106,1516,281,835,46550,41179,7562,6882,9289,7909,10195,70,73
2021-09-07T23:59:59+02:00,164,166,3470,3191,9073,6609,8679,5951,7598,7926,5118,5659,1802,2225,1166,1603,319,901,118,113,2967,2692,8028,5853,7876,5391,6961,7224,4705,5233,1689,2090,1105,1515,281,835,46418,41054,7560,6872,9289,7903,10130,70,73
2021-09-06T23:59:59+02:00,164,166,3450,3180,9042,6589,8653,5939,7579,7899,5111,5647,1797,2216,1164,1603,318,901,118,113,2948,2678,8003,5840,7853,5381,6944,7195,4699,5219,1684,2088,1105,1515,281,835,46283,40948,7558,6869,9288,7902,10062,70,73
2021-09-05T23:59:59+02:00,164,165,3439,3175,9032,6580,8642,5929,7577,7889,5105,5637,1796,2215,1164,1603,318,900,118,112,2939,2676,7988,5826,7841,5369,6937,7187,4689,5213,1682,2087,1105,1514,281,835,46231,40891,7556,6861,9287,7901,10028,70,73
2021-09-04T23:59:59+02:00,164,164,3433,3173,9029,6575,8636,5928,7574,7888,5105,5636,1796,2215,1164,1603,318,900,117,112,2935,2672,7983,5819,7836,5369,6932,7185,4688,5212,1680,2086,1104,1514,281,835,46217,40870,7556,6858,9287,7900,10013,70,73
2021-09-03T23:59:59+02:00,162,163,3419,3156,8996,6565,8616,5910,7556,7872,5092,5621,1793,2212,1164,1602,318,898,116,109,2918,2656,7955,5805,7815,5350,6912,7163,4675,5192,1676,2084,1104,1512,281,833,46134,40782,7545,6836,9287,7899,9919,70,73
2021-09-02T23:59:59+02:00,162,160,3397,3138,8946,6542,8575,5890,7535,7847,5079,5603,1788,2207,1162,1601,318,897,115,108,2900,2642,7907,5787,7779,5329,6887,7136,4666,5171,1672,2079,1102,1511,281,830,46001,40671,7536,6825,9285,7894,9792,70,72
2021-09-01T23:59:59+02:00,160,160,3379,3127,8908,6528,8549,5877,7516,7830,5067,5595,1787,2205,1161,1598,318,897,112,106,2882,2634,7863,5764,7746,5312,6859,7113,4654,5157,1668,2077,1101,1508,281,830,45890,40525,7524,6802,9285,7892,9725,70,72
2021-08-31T23:59:59+02:00,158,159,3364,3118,8864,6506,8529,5868,7499,7809,5059,5586,1784,2203,1160,1597,318,896,111,105,2865,2623,7818,5744,7724,5294,6835,7085,4642,5138,1664,2075,1100,1508,281,830,45791,40407,7519,6793,9285,7877,9639,70,72
2021-08-30T23:59:59+02:00,157,159,3333,3100,8825,6477,8487,5847,7462,7776,5046,5569,1779,2201,1159,1597,318,896,111,104,2833,2610,7771,5720,7688,5277,6801,7062,4631,5119,1660,2073,1099,1508,281,829,45630,40279,7518,6783,9283,7875,9511,70,72
2021-08-29T23:59:59+02:00,156,159,3323,3082,8798,6469,8466,5838,7454,7766,5039,5560,1778,2198,1159,1597,317,896,111,101,2814,2586,7735,5712,7667,5258,6788,7048,4621,5114,1658,2072,1098,1507,280,829,45562,40177,7513,6772,9283,7870,9447,70,72
2021-08-28T23:59:59+02:00,155,159,3318,3081,8795,6466,8460,5837,7447,7764,5039,5558,1778,2197,1159,1596,317,896,111,100,2809,2581,7730,5706,7662,5255,6782,7044,4618,5113,1658,2072,1098,1506,280,829,45547,40151,7512,6771,9283,7870,9427,70,72
2021-08-27T23:59:59+02:00,154,159,3306,3077,8776,6457,8435,5829,7429,7755,5028,5550,1778,2197,1159,1595,317,896,111,99,2792,2575,7711,5699,7641,5241,6770,7037,4609,5105,1658,2072,1097,1504,280,829,45484,40088,7511,6770,9282,7869,9364,70,72
2021-08-26T23:59:59+02:00,154,158,3278,3063,8736,6433,8400,5816,7406,7733,5013,5539,1777,2194,1159,1594,317,895,108,96,2768,2552,7669,5670,7591,5213,6734,7007,4584,5090,1653,2066,1097,1503,280,829,45346,39891,7504,6753,9281,7849,9268,70,72
2021-08-25T23:59:59+02:00,150,156,3259,3054,8698,6416,8368,5800,7381,7710,5000,5517,1775,2190,1159,1592,317,895,105,93,2732,2532,7619,5634,7545,5177,6697,6969,4568,5061,1652,2061,1096,1502,280,829,45233,39654,7498,6745,9280,7841,9156,70,72
2021-08-24T23:59:59+02:00,150,155,3254,3045,8678,6400,8350,5783,7365,7688,4991,5505,1773,2189,1158,1590,317,893,104,93,2711,2512,7584,5601,7511,5156,6669,6942,4552,5044,1652,2059,1095,1502,280,828,45159,39482,7494,6736,9280,7837,9079,70,72
2021-08-23T23:59:59+02:00,149,150,3227,3028,8634,6379,8308,5762,7334,7659,4977,5491,1773,2187,1156,1588,317,892,103,92,2681,2493,7539,5561,7470,5138,6634,6911,4537,5028,1648,2059,1095,1500,279,828,45015,39321,7485,6721,9277,7831,8954,70,72
2021-08-22T23:59:59+02:00,149,150,3214,3020,8620,6362,8294,5755,7314,7648,4971,5485,1772,2186,1155,1588,317,892,102,92,2665,2477,7507,5538,7449,5124,6614,6890,4534,5018,1644,2054,1094,1500,278,827,44944,39185,7478,6711,9277,7828,8910,70,72
2021-08-21T23:59:59+02:00,148,150,3206,3015,8610,6353,8284,5753,7309,7643,4969,5479,1771,2186,1155,1587,317,892,97,90,2656,2469,7489,5528,7429,5114,6603,6883,4526,5009,1643,2052,1093,1500,278,827,44895,39107,7475,6684,9277,7827,8893,70,72
2021-08-20T23:59:59+02:00,147,148,3196,3007,8585,6337,8251,5733,7290,7621,4957,5467,1768,2183,1155,1586,317,890,95,88,2627,2455,7442,5495,7393,5083,6565,6846,4510,4989,1637,2048,1092,1497,278,825,44819,38933,7466,6646,9276,7817,8788,70,72
2021-08-19T23:59:59+02:00,146,145,3177,2993,8542,6313,8215,5714,7270,7595,4944,5449,1762,2180,1154,1584,317,889,92,83,2582,2435,7361,5445,7333,5047,6518,6787,4480,4956,1632,2044,1092,1496,278,825,44692,38600,7454,6614,9273,7806,8675,70,72
2021-08-18T23:59:59+02:00,145,143,3166,2984,8519,6297,8187,5700,7237,7577,4930,5440,1757,2178,1154,1584,316,888,90,81,2554,2415,7295,5411,7276,5013,6477,6753,4455,4933,1627,2040,1090,1496,278,824,44582,38356,7449,6562,9272,7796,8601,70,72
2021-08-17T23:59:59+02:00,145,143,3150,2975,8495,6272,8160,5686,7224,7554,4919,5428,1754,2176,1153,1583,315,888,86,78,2526,2395,7240,5362,7233,4977,6447,6714,4436,4912,1618,2034,1089,1492,277,824,44467,38086,7442,6521,9271,7790,8541,70,72
2021-08-16T23:59:59+02:00,143,142,3140,2963,8475,6256,8141,5680,7211,7538,4906,5415,1753,2175,1153,1583,315,888,79,76,2497,2365,7164,5318,7163,4944,6398,6672,4406,4886,1616,2031,1087,1491,277,824,44377,37715,7437,6506,9271,7777,8491,70,72
2021-08-15T23:59:59+02:00,142,141,3131,2949,8446,6247,8124,5670,7193,7523,4900,5404,1751,2172,1153,1582,315,888,71,73,2460,2329,7099,5285,7126,4916,6352,6642,4393,4873,1612,2025,1086,1489,277,824,44283,37415,7430,6485,9270,7772,8447,70,72
2021-08-14T23:59:59+02:00,140,141,3126,2943,8436,6244,8117,5669,7193,7520,4896,5402,1749,2171,1153,1581,315,888,71,72,2451,2320,7073,5272,7114,4906,6345,6628,4374,4864,1608,2022,1086,1487,277,823,44265,37319,7430,6472,9270,7769,8418,70,72
2021-08-13T23:59:59+02:00,140,140,3110,2940,8413,6236,8108,5656,7178,7509,4888,5393,1749,2167,1152,1580,315,888,71,70,2417,2300,7023,5241,7077,4878,6305,6599,4364,4849,1607,2018,1085,1487,277,823,44196,37083,7429,6458,9270,7768,8363,70,72
2021-08-12T23:59:59+02:00,138,135,3092,2932,8383,6215,8075,5636,7154,7485,4874,5378,1746,2165,1149,1578,315,888,70,69,2374,2264,6930,5190,7023,4839,6254,6549,4339,4819,1603,2015,1082,1486,277,823,44089,36759,7421,6424,9268,7743,8254,69,72
2021-08-11T23:59:59+02:00,136,132,3074,2917,8346,6189,8052,5624,7132,7464,4863,5365,1745,2163,1149,1577,315,888,68,67,2347,2231,6855,5132,6946,4797,6195,6485,4318,4780,1598,2007,1082,1484,277,821,43964,36338,7410,6393,9263,7736,8187,69,72
2021-08-10T23:59:59+02:00,136,130,3055,2907,8316,6177,8027,5604,7103,7448,4845,5356,1741,2163,1149,1575,315,887,67,63,2275,2175,6738,5069,6859,4725,6103,6420,4271,4756,1588,1999,1080,1482,277,819,43857,35726,7400,6368,9260,7722,8108,69,72
2021-08-09T23:59:59+02:00,133,130,3035,2898,8287,6155,8003,5595,7078,7429,4835,5344,1740,2162,1149,1575,315,886,63,62,2212,2116,6629,4988,6759,4683,6031,6364,4240,4723,1582,1989,1079,1481,277,819,43770,35220,7394,6313,9260,7699,8013,69,72
2021-08-08T23:59:59+02:00,133,129,3023,2891,8269,6146,7986,5583,7068,7421,4828,5340,1736,2162,1149,1575,315,885,63,61,2187,2089,6563,4955,6715,4656,5990,6342,4228,4706,1572,1985,1078,1479,277,818,43710,34982,7392,6269,9257,7689,7966,69,72
2021-08-07T23:59:59+02:00,132,128,3015,2884,8250,6134,7972,5576,7061,7410,4823,5335,1734,2162,1148,1575,315,885,60,54,2151,2066,6487,4906,6658,4624,5955,6306,4212,4692,1568,1984,1078,1476,277,818,43652,34663,7387,6241,9257,7680,7928,69,72
2021-08-06T23:59:59+02:00,132,127,3003,2874,8222,6123,7940,5553,7042,7388,4812,5321,1729,2160,1148,1574,315,885,54,51,2110,2026,6379,4834,6579,4589,5911,6267,4194,4671,1565,1981,1077,1473,277,818,43591,34304,7369,6213,9257,7663,7815,69,70
2021-08-05T23:59:59+02:00,131,126,2979,2858,8199,6102,7901,5533,7018,7364,4793,5298,1725,2157,1146,1570,315,884,50,47,2069,1977,6247,4727,6466,4530,5839,6202,4155,4629,1558,1973,1074,1471,277,818,43460,33807,7360,6122,9256,7606,7702,69,70
2021-08-04T23:59:59+02:00,128,122,2943,2837,8130,6068,7863,5508,6988,7333,4777,5282,1721,2153,1143,1569,315,884,50,42,2015,1940,6122,4655,6345,4476,5769,6134,4127,4590,1548,1967,1069,1468,277,817,43249,33302,7346,6074,9256,7571,7578,69,70
2021-08-03T23:59:59+02:00,126,121,2926,2817,8103,6055,7827,5491,6966,7308,4764,5269,1717,2152,1142,1566,315,884,47,42,1979,1910,6028,4590,6239,4424,5701,6076,4083,4548,1543,1960,1068,1466,277,817,43108,32822,7341,6030,9255,7546,7507,69,69
2021-08-02T23:59:59+02:00,126,121,2901,2791,8069,6031,7801,5477,6942,7291,4747,5260,1714,2148,1141,1566,314,884,46,41,1950,1874,5900,4497,6125,4362,5630,6023,4037,4515,1537,1946,1067,1463,276,816,42963,32251,7334,5989,9254,7527,7433,69,69
2021-08-01T23:59:59+02:00,126,120,2884,2775,8040,6009,7788,5460,6931,7283,4742,5253,1713,2147,1139,1566,314,884,43,40,1926,1853,5822,4452,6061,4316,5585,5999,4021,4496,1535,1943,1065,1460,276,816,42871,31951,7322,5960,9254,7504,7384,69,68
2021-07-31T23:59:59+02:00,124,119,2877,2768,8027,6002,7780,5456,6924,7274,4741,5251,1712,2147,1139,1566,314,884,40,30,1887,1810,5722,4387,5995,4268,5532,5960,3992,4472,1529,1940,1065,1459,276,816,42832,31458,7320,5948,9254,7498,7356,69,68
2021-07-30T23:59:59+02:00,121,117,2870,2760,8000,5986,7768,5439,6904,7260,4733,5243,1711,2145,1139,1565,314,884,36,29,1866,1787,5641,4344,5933,4215,5474,5913,3964,4453,1525,1938,1064,1456,276,816,42750,31092,7308,5923,9253,7487,7302,69,68
2021-07-29T23:59:59+02:00,119,115,2837,2744,7943,5944,7726,5395,6875,7219,4710,5224,1709,2140,1137,1564,314,884,31,25,1826,1759,5512,4241,5800,4139,5383,5827,3917,4401,1518,1928,1061,1454,276,816,42547,30506,7295,5866,9247,7448,7156,69,68
2021-07-28T23:59:59+02:00,116,113,2818,2730,7914,5917,7699,5367,6852,7196,4696,5208,1704,2138,1136,1562,313,883,30,22,1789,1714,5410,4166,5683,4068,5297,5753,3879,4367,1505,1920,1059,1452,276,815,42371,29938,7285,5807,9243,7404,7109,69,68
2021-07-27T23:59:59+02:00,112,112,2802,2711,7874,5901,7667,5350,6833,7178,4684,5196,1704,2136,1135,1561,312,883,28,22,1743,1686,5273,4080,5557,3985,5207,5685,3839,4316,1496,1909,1057,1449,275,815,42254,29345,7269,5726,9242,7360,7032,69,68
2021-07-26T23:59:59+02:00,110,110,2776,2693,7839,5877,7633,5333,6811,7157,4679,5184,1702,2136,1133,1561,312,883,28,22,1698,1629,5134,4014,5454,3918,5134,5615,3781,4282,1493,1897,1056,1443,275,814,42110,28767,7246,5658,9239,7313,6975,69,68
2021-07-25T23:59:59+02:00,104,108,2761,2679,7804,5856,7606,5325,6790,7138,4669,5178,1700,2133,1132,1560,312,882,25,19,1674,1604,5073,3967,5395,3887,5084,5581,3748,4258,1489,1892,1055,1442,275,814,41969,28473,7238,5624,9236,7277,6927,69,68
2021-07-24T23:59:59+02:00,104,106,2748,2666,7779,5843,7581,5311,6775,7125,4659,5173,1699,2130,1132,1560,312,882,24,18,1653,1583,5025,3946,5321,3840,5042,5557,3728,4250,1488,1890,1054,1440,275,813,41887,28274,7215,5532,9235,7276,6878,69,68
2021-07-23T23:59:59+02:00,102,104,2724,2644,7723,5822,7553,5287,6736,7099,4640,5162,1697,2126,1130,1560,312,882,20,15,1594,1553,4873,3840,5184,3772,4967,5486,3675,4219,1486,1881,1053,1435,274,813,41718,27614,7207,5503,9233,7255,6767,69,68
2021-07-22T23:59:59+02:00,101,101,2691,2615,7651,5772,7499,5250,6689,7050,4605,5138,1690,2119,1129,1559,312,881,19,15,1542,1516,4702,3761,5029,3690,4808,5404,3596,4166,1473,1871,1048,1433,274,812,41406,26950,7181,5358,9223,7186,6653,69,68
2021-07-21T23:59:59+02:00,100,98,2663,2600,7586,5742,7449,5211,6629,7010,4582,5115,1683,2113,1128,1556,312,879,19,13,1504,1468,4580,3679,4896,3622,4708,5298,3521,4126,1460,1859,1045,1432,274,809,41158,26463,7142,5148,9217,7126,6542,69,67
2021-07-20T23:59:59+02:00,100,98,2642,2575,7532,5710,7413,5182,6590,6970,4558,5096,1679,2109,1128,1555,312,878,18,13,1471,1434,4449,3610,4806,3569,4606,5218,3470,4092,1456,1849,1044,1431,274,808,40912,25964,7133,5067,9214,7070,6466,69,67
2021-07-19T23:59:59+02:00,99,98,2620,2550,7476,5670,7368,5162,6547,6938,4540,5080,1673,2103,1126,1552,312,877,17,10,1447,1407,4374,3560,4721,3532,4532,5157,3435,4063,1450,1843,1039,1428,272,807,40630,25640,7119,4940,9212,7029,6424,69,67
2021-07-18T23:59:59+02:00,99,96,2592,2527,7408,5635,7332,5133,6505,6899,4523,5070,1667,2096,1125,1552,311,876,15,10,1426,1382,4328,3519,4683,3502,4483,5133,3401,4050,1444,1833,1038,1428,272,805,40332,25434,7103,4862,9207,7003,6389,69,66
2021-07-17T23:59:59+02:00,94,93,2580,2513,7391,5622,7315,5116,6487,6884,4502,5059,1663,2095,1125,1551,311,874,15,10,1412,1369,4289,3487,4632,3479,4443,5101,3371,4038,1439,1830,1038,1426,272,805,40225,25255,7094,4804,9205,6995,6334,69,66
2021-07-16T23:59:59+02:00,94,90,2543,2491,7327,5586,7257,5075,6442,6841,4475,5031,1656,2089,1124,1550,311,874,14,9,1369,1341,4188,3433,4542,3437,4356,5044,3309,3991,1426,1822,1033,1424,272,804,40036,24904,7073,4769,9197,6929,6125,69,66
2021-07-15T23:59:59+02:00,91,86,2493,2465,7256,5550,7199,5037,6395,6785,4457,5005,1652,2084,1122,1547,310,874,12,9,1311,1307,3993,3320,4355,3335,4212,4945,3248,3926,1415,1814,1028,1419,271,804,39713,24199,7054,4533,9190,6864,6021,67,66
2021-07-14T23:59:59+02:00,90,83,2459,2449,7183,5521,7128,5003,6341,6738,4434,4982,1644,2077,1120,1545,310,873,11,9,1264,1267,3862,3226,4247,3267,4099,4880,3201,3882,1403,1804,1027,1415,271,804,39396,23679,7034,4428,9188,6790,5924,67,66
2021-07-13T23:59:59+02:00,86,80,2428,2423,7130,5492,7064,4964,6302,6687,4414,4964,1634,2071,1118,1545,310,873,10,7,1231,1228,3747,3128,4124,3198,4011,4790,3148,3824,1376,1798,1025,1409,269,802,39083,23175,7025,4282,9185,6686,5849,67,66
2021-07-12T23:59:59+02:00,81,80,2402,2400,7059,5448,6995,4919,6251,6646,4386,4938,1629,2068,1115,1545,310,873,9,7,1199,1204,3635,3037,4006,3125,3910,4709,3095,3779,1362,1788,1021,1401,269,802,38740,22702,7011,4149,9181,6600,5762,66,65
2021-07-11T23:59:59+02:00,74,77,2388,2385,7021,5422,6966,4895,6221,6628,4377,4931,1626,2064,1113,1545,309,873,9,7,1185,1186,3581,2990,3947,3088,3854,4680,3072,3765,1353,1776,1018,1397,269,802,38619,22505,6992,4109,9176,6539,5675,65,65
2021-07-10T23:59:59+02:00,73,76,2359,2350,6940,5383,6901,4857,6171,6593,4354,4920,1622,2061,1113,1542,309,872,9,7,1162,1165,3525,2948,3899,3058,3816,4648,3054,3752,1347,1769,1018,1395,269,802,38368,22315,6966,4108,9163,6524,5537,65,65
2021-07-09T23:59:59+02:00,72,73,2333,2332,6872,5347,6856,4834,6121,6560,4336,4898,1620,2055,1113,1541,309,872,5,3,1137,1148,3474,2900,3847,3016,3761,4608,3026,3723,1345,1753,1016,1394,269,802,38143,22067,6939,4075,9152,6471,5440,65,65
2021-07-08T23:59:59+02:00,67,70,2282,2287,6780,5280,6756,4781,6056,6494,4298,4863,1613,2045,1111,1538,309,872,4,3,1063,1094,3306,2808,3651,2936,3578,4511,2956,3660,1330,1736,1014,1385,268,801,37809,21555,6862,3783,9120,6332,5233,65,65
2021-07-07T23:59:59+02:00,67,69,2205,2236,6667,5206,6654,4727,5983,6436,4264,4814,1606,2036,1108,1534,308,872,4,3,1008,1057,3154,2725,3471,2850,3419,4405,2903,3598,1314,1706,1007,1376,268,799,37312,20985,6820,3537,9095,6252,5076,65,65
2021-07-06T23:59:59+02:00,64,68,2159,2196,6560,5149,6564,4681,5927,6368,4224,4780,1599,2030,1105,1529,308,872,4,3,972,1013,3038,2621,3383,2791,3345,4313,2849,3538,1288,1675,1003,1367,268,799,36858,20471,6767,3427,9079,6162,4976,65,65
2021-07-05T23:59:59+02:00,62,68,2088,2150,6423,5079,6446,4644,5856,6310,4186,4743,1593,2023,1103,1527,308,870,4,3,927,975,2928,2548,3303,2745,3270,4245,2805,3482,1267,1657,997,1357,268,796,36368,20082,6718,3349,9053,6078,4821,65,64
2021-07-04T23:59:59+02:00,62,67,2049,2105,6335,5031,6408,4614,5812,6290,4168,4720,1590,2021,1103,1525,308,869,4,3,889,949,2860,2493,3266,2718,3235,4210,2780,3459,1253,1638,995,1356,267,796,36155,19927,6680,3291,9028,6005,4691,65,64
2021-07-03T23:59:59+02:00,58,52,1948,2020,6118,4866,6253,4525,5725,6201,4118,4685,1586,2017,1102,1521,308,869,4,3,850,919,2788,2446,3208,2689,3194,4160,2749,3428,1247,1633,994,1352,266,794,35298,19728,6644,3288,9020,5980,4468,65,64
2021-07-02T23:59:59+02:00,49,45,1908,1980,6037,4820,6209,4497,5703,6172,4103,4667,1585,2011,1100,1520,307,869,4,3,826,892,2714,2395,3138,2641,3149,4110,2718,3391,1228,1614,990,1346,266,792,35007,19408,6609,3261,9015,5878,4401,65,64
2021-07-01T23:59:59+02:00,45,38,1855,1938,5928,4747,6126,4448,5622,6105,4076,4636,1582,2005,1099,1519,307,868,4,3,748,839,2513,2305,2947,2550,2969,3991,2617,3298,1205,1590,980,1330,266,790,34579,18590,6560,3032,8998,5772,4250,65,64
2021-06-30T23:59:59+02:00,45,37,1805,1878,5801,4662,6023,4394,5559,6056,4062,4611,1578,1997,1097,1516,307,868,4,2,711,802,2399,2230,2833,2491,2859,3898,2550,3219,1181,1564,971,1320,265,789,34129,18103,6496,2906,8982,5639,4119,64,64
2021-06-29T23:59:59+02:00,43,35,1740,1798,5685,4571,5923,4333,5503,5997,4034,4582,1570,1991,1096,1515,307,866,3,2,677,753,2313,2142,2756,2425,2753,3779,2492,3168,1168,1530,959,1310,264,786,33568,17591,6460,2830,8974,5522,4000,63,64
2021-06-28T23:59:59+02:00,41,33,1703,1738,5565,4500,5851,4281,5457,5958,4004,4557,1568,1982,1095,1514,307,866,3,2,663,723,2206,2069,2675,2362,2674,3692,2440,3119,1151,1512,952,1304,264,784,33135,17236,6403,2678,8964,5416,3915,63,64
2021-06-27T23:59:59+02:00,41,32,1670,1711,5511,4461,5807,4248,5407,5943,3993,4545,1565,1978,1095,1513,307,866,3,2,643,705,2150,2026,2630,2332,2625,3649,2408,3098,1143,1498,950,1295,264,784,32941,17070,6369,2616,8942,5327,3836,63,64
2021-06-26T23:59:59+02:00,34,27,1637,1682,5439,4413,5714,4204,5366,5911,3974,4529,1565,1976,1095,1511,307,866,3,2,635,694,2117,1998,2594,2310,2606,3623,2385,3080,1126,1488,949,1293,264,784,32571,16835,6285,2611,8942,5309,3836,63,63
2021-06-25T23:59:59+02:00,28,21,1600,1643,5328,4341,5658,4175,5325,5887,3952,4519,1562,1975,1093,1510,306,866,2,2,627,671,2062,1967,2526,2242,2505,3489,2339,2978,1115,1466,946,1290,263,783,32135,16355,6256,2581,8941,5130,3834,63,63
2021-06-24T23:59:59+02:00,21,16,1547,1590,5144,4226,5529,4119,5221,5842,3912,4492,1558,1971,1093,1509,305,865,2,2,585,649,1948,1895,2342,2172,2333,3405,2232,2883,1085,1443,936,1284,262,779,31474,15831,6194,2239,8931,5046,3723,63,63
2021-06-23T23:59:59+02:00,20,16,1513,1541,5053,4163,5450,4062,5172,5798,3890,4455,1549,1965,1090,1506,304,865,2,2,554,626,1873,1830,2229,2119,2212,3310,2129,2793,1058,1421,931,1276,261,778,31013,15243,6141,2157,8925,4902,3687,63,63
2021-06-22T23:59:59+02:00,20,16,1481,1524,4977,4094,5362,4013,5126,5752,3863,4432,1544,1959,1089,1505,304,865,2,2,537,604,1804,1779,2138,2065,2127,3202,2025,2705,1043,1399,921,1264,261,774,30584,14805,6096,2018,8920,4735,3661,63,62
2021-06-21T23:59:59+02:00,19,16,1448,1481,4849,4002,5278,3969,5056,5692,3834,4409,1540,1946,1087,1500,303,863,2,2,521,586,1763,1733,2098,2023,2073,3116,1958,2623,1025,1370,897,1243,261,771,30021,14493,6055,1918,8918,4590,3621,63,62
2021-06-20T23:59:59+02:00,18,14,1418,1448,4769,3930,5225,3949,5021,5671,3810,4399,1537,1945,1086,1500,302,863,2,2,504,569,1731,1703,2073,1999,2044,3088,1915,2586,1017,1354,895,1236,261,770,29709,14304,6018,1879,8904,4526,3587,63,61
2021-06-19T23:59:59+02:00,17,14,1399,1427,4724,3896,5200,3922,4990,5645,3790,4387,1530,1943,1086,1499,302,863,2,2,495,564,1710,1679,2053,1973,2030,3062,1890,2546,1007,1347,891,1235,259,769,29516,14121,5949,1847,8904,4519,3568,63,60
2021-06-18T23:59:59+02:00,12,10,1373,1409,4647,3853,5147,3879,4941,5606,3764,4375,1527,1940,1084,1497,302,863,2,2,480,554,1689,1664,2025,1942,1984,3014,1840,2493,994,1332,889,1231,258,767,29169,13814,5901,1845,8903,4471,3555,63,60
2021-06-17T23:59:59+02:00,9,9,1335,1371,4474,3771,4954,3801,4762,5517,3709,4330,1520,1937,1084,1496,301,863,2,2,442,533,1584,1626,1841,1879,1823,2916,1737,2410,972,1314,878,1219,256,765,28538,13343,5842,1734,8896,4381,3252,62,59
2021-06-16T23:59:59+02:00,9,8,1304,1339,4369,3685,4852,3747,4659,5454,3662,4304,1513,1933,1082,1492,301,862,2,2,424,512,1521,1586,1778,1845,1742,2833,1679,2333,954,1288,868,1203,255,762,28040,12923,5726,1662,8880,4303,3198,62,59
2021-06-15T23:59:59+02:00,9,8,1270,1308,4229,3594,4775,3682,4583,5384,3620,4270,1503,1925,1077,1489,301,860,2,2,411,491,1462,1533,1724,1798,1673,2776,1610,2265,937,1262,863,1192,253,761,27467,12580,5688,1579,8865,4231,3117,62,59
2021-06-14T23:59:59+02:00,9,6,1243,1267,4135,3536,4693,3625,4499,5309,3565,4240,1498,1917,1076,1483,299,859,2,2,403,478,1416,1497,1674,1763,1621,2709,1553,2213,928,1239,859,1185,252,760,26982,12327,5590,1504,8861,4145,3061,61,58
2021-06-13T23:59:59+02:00,9,6,1226,1249,4084,3498,4642,3583,4448,5264,3545,4224,1497,1911,1076,1481,298,858,2,2,395,470,1381,1480,1633,1738,1578,2672,1518,2171,910,1220,855,1175,251,758,26717,12138,5554,1480,8856,4066,3000,61,58
2021-06-12T23:59:59+02:00,9,5,1212,1223,4053,3478,4612,3559,4430,5246,3532,4214,1495,1907,1075,1480,298,857,2,2,391,468,1368,1460,1608,1714,1557,2650,1491,2152,902,1210,845,1172,251,757,26522,11993,5543,1479,8855,4005,2988,61,57
2021-06-11T23:59:59+02:00,8,5,1195,1208,4012,3433,4539,3532,4387,5208,3501,4202,1494,1905,1074,1477,298,856,2,2,381,455,1345,1419,1579,1692,1514,2607,1444,2111,891,1195,842,1166,251,756,26215,11745,5510,1470,8851,3926,2969,61,57
2021-06-10T23:59:59+02:00,8,4,1131,1152,3888,3344,4402,3448,4288,5142,3448,4165,1489,1897,1072,1476,298,856,2,2,360,437,1280,1378,1504,1634,1447,2535,1359,2014,865,1164,838,1157,250,753,25598,11313,5366,1457,8832,3762,2890,61,56
2021-06-09T23:59:59+02:00,7,2,1079,1114,3738,3235,4261,3385,4199,5064,3400,4123,1483,1891,1070,1473,298,856,1,2,342,417,1216,1334,1441,1598,1392,2455,1278,1947,837,1109,831,1143,249,751,25081,11007,5181,1396,8823,3620,2750,61,56
2021-06-08T23:59:59+02:00,6,2,1020,1070,3592,3136,4140,3303,4088,4980,3347,4093,1477,1887,1068,1470,297,854,1,1,325,397,1165,1294,1383,1561,1333,2396,1231,1874,814,1074,820,1127,245,748,24493,10759,5035,1346,8811,3478,2625,61,54
2021-06-07T23:59:59+02:00,5,2,992,1042,3479,3056,4002,3266,3965,4912,3293,4067,1463,1882,1067,1468,297,852,1,0,318,391,1119,1254,1325,1538,1284,2346,1165,1821,800,1054,806,1110,243,743,24090,10588,4848,1311,8805,3346,2482,61,54
2021-06-06T23:59:59+02:00,5,2,968,1031,3415,3018,3922,3215,3890,4882,3261,4051,1461,1877,1064,1467,296,852,1,0,310,381,1102,1227,1291,1505,1263,2289,1135,1762,788,1039,798,1102,243,739,23874,10474,4704,1256,8792,3236,2410,61,53
2021-06-05T23:59:59+02:00,5,2,955,1013,3339,2954,3866,3184,3853,4857,3251,4047,1460,1875,1064,1466,296,851,1,0,303,371,1082,1204,1271,1489,1236,2260,1103,1742,776,1016,796,1098,243,739,23578,10304,4697,1253,8788,3192,2370,60,52
2021-06-04T23:59:59+02:00,3,2,928,993,3291,2898,3790,3145,3788,4801,3222,4026,1456,1871,1062,1466,296,851,1,0,293,363,1060,1175,1246,1473,1209,2219,1072,1714,760,994,790,1093,243,736,23250,10168,4651,1248,8784,3129,2281,60,52
2021-06-03T23:59:59+02:00,3,2,883,959,3131,2797,3599,3038,3611,4685,3132,3951,1446,1860,1058,1461,296,851,0,0,282,353,1025,1133,1190,1415,1138,2132,1010,1656,721,956,782,1080,243,735,22549,9946,4416,1229,8767,2962,2085,60,51
2021-06-02T23:59:59+02:00,3,2,855,947,3056,2728,3542,2996,3547,4622,3090,3924,1444,1855,1058,1460,296,851,0,0,269,344,996,1109,1146,1396,1094,2089,956,1612,707,924,779,1075,243,734,22185,9729,4396,1215,8767,2923,1969,60,51
2021-06-01T23:59:59+02:00,3,2,809,911,2891,2608,3360,2900,3377,4515,3029,3863,1434,1848,1055,1454,296,851,0,0,257,329,912,1045,1052,1337,1010,1981,906,1532,679,871,771,1066,242,727,21559,9442,4179,1181,8754,2715,1725,60,50
2021-05-31T23:59:59+02:00,3,2,770,882,2767,2521,3216,2802,3270,4423,2976,3810,1429,1835,1053,1449,296,851,0,0,242,312,871,1002,985,1286,961,1904,868,1473,659,847,765,1061,241,727,21149,9271,3935,1166,8734,2578,1524,60,49
2021-05-30T23:59:59+02:00,3,2,759,870,2708,2475,3146,2762,3215,4381,2955,3789,1425,1829,1053,1449,296,850,0,0,232,295,827,957,930,1244,919,1842,843,1415,646,831,761,1052,241,726,20994,9170,3873,1156,8723,2404,1357,60,49
2021-05-29T23:59:59+02:00,3,2,756,867,2689,2459,3124,2748,3197,4365,2947,3780,1423,1828,1053,1449,296,850,0,0,229,284,822,944,911,1215,903,1794,829,1382,633,810,759,1047,240,726,20868,9078,3871,1155,8720,2264,1356,59,48
2021-05-28T23:59:59+02:00,3,2,747,855,2650,2419,3074,2719,3172,4342,2937,3765,1423,1825,1051,1444,296,850,0,0,225,275,809,924,899,1190,887,1752,801,1342,615,780,754,1039,239,724,20612,8896,3861,1150,8717,2176,1352,59,47
2021-05-27T23:59:59+02:00,3,2,700,832,2517,2352,2940,2648,3029,4262,2854,3715,1414,1814,1050,1442,295,848,0,0,209,258,746,872,817,1135,800,1657,735,1259,591,747,745,1020,238,722,20113,8685,3723,1114,8683,1914,1146,59,45
2021-05-26T23:59:59+02:00,3,2,665,797,2406,2276,2775,2581,2905,4195,2804,3665,1404,1803,1049,1434,293,843,0,0,200,238,704,832,768,1099,757,1588,695,1201,576,722,727,987,237,719,19686,8461,3472,1103,8655,1774,1014,59,45
2021-05-25T23:59:59+02:00,3,2,642,777,2313,2214,2671,2535,2803,4111,2757,3628,1392,1795,1046,1430,292,841,0,0,188,225,680,802,732,1063,719,1530,645,1139,557,702,707,958,236,717,19309,8241,3292,1068,8611,1636,956,58,42
2021-05-24T23:59:59+02:00,3,2,627,752,2253,2172,2596,2501,2731,4054,2701,3585,1379,1788,1040,1429,292,840,0,0,183,217,657,784,705,1031,684,1473,621,1087,539,689,700,954,236,715,19108,8147,3109,1057,8576,1515,857,58,41
2021-05-23T23:59:59+02:00,3,2,623,751,2235,2157,2584,2486,2720,4038,2689,3571,1376,1786,1040,1427,292,840,0,0,181,216,651,776,696,1025,669,1461,611,1080,536,682,695,949,235,712,18983,8067,3106,1051,8576,1503,856,58,39
2021-05-22T23:59:59+02:00,3,2,616,738,2209,2135,2547,2465,2698,4005,2656,3543,1369,1782,1039,1425,292,839,0,0,179,208,643,773,691,1014,657,1454,606,1074,526,673,689,938,235,712,18731,8005,3105,1051,8574,1467,847,58,39
2021-05-21T23:59:59+02:00,3,2,601,722,2121,2098,2460,2411,2629,3956,2612,3497,1362,1769,1037,1424,291,838,0,0,177,205,637,763,681,1005,645,1442,591,1054,514,648,682,931,235,710,18236,7919,3078,1050,8551,1405,843,58,39
2021-05-20T23:59:59+02:00,3,2,565,698,1997,2021,2325,2333,2496,3856,2533,3413,1346,1753,1035,1418,291,836,0,0,168,194,604,723,648,966,613,1386,565,990,493,618,676,922,235,709,17573,7795,2952,1039,8475,1194,769,58,37
2021-05-19T23:59:59+02:00,2,2,529,664,1881,1934,2176,2261,2353,3755,2432,3316,1329,1735,1027,1415,289,836,0,0,154,187,575,699,614,932,580,1332,540,930,479,596,666,898,234,707,16800,7640,2881,1021,8433,1093,645,57,36
2021-05-18T23:59:59+02:00,2,1,501,642,1800,1852,2072,2203,2238,3636,2337,3225,1318,1715,1020,1408,289,832,0,0,147,178,553,670,589,902,564,1254,521,867,461,569,657,885,233,704,16270,7517,2711,983,8376,983,539,57,36
2021-05-17T23:59:59+02:00,2,0,481,628,1740,1813,2018,2152,2160,3523,2276,3150,1299,1695,1013,1401,288,830,0,0,141,170,536,656,580,863,552,1194,505,811,443,538,655,877,233,703,15962,7441,2550,953,8306,879,443,57,36
2021-05-16T23:59:59+02:00,2,0,476,627,1713,1785,1976,2121,2119,3473,2220,3091,1284,1686,1011,1396,288,829,0,0,137,169,526,637,566,847,537,1147,488,773,418,508,653,874,233,702,15775,7387,2480,924,8261,793,362,57,35
2021-05-15T23:59:59+02:00,2,0,471,622,1683,1767,1957,2100,2098,3448,2196,3051,1276,1685,1010,1394,287,829,0,0,136,166,523,636,565,844,532,1142,482,763,415,506,651,872,233,702,15565,7359,2479,923,8252,781,357,55,34
2021-05-14T23:59:59+02:00,2,0,454,607,1652,1731,1913,2059,2016,3379,2155,3010,1268,1675,1008,1394,285,829,0,0,133,160,517,621,546,820,513,1109,468,747,399,490,646,867,233,700,15193,7301,2436,907,8231,675,333,55,34
2021-05-13T23:59:59+02:00,1,0,427,585,1580,1679,1799,2005,1898,3293,2088,2920,1244,1657,1001,1392,283,825,0,0,127,157,502,614,536,804,505,1093,454,734,382,462,635,841,233,695,14760,7216,2177,867,8177,635,300,54,34
2021-05-12T23:59:59+02:00,1,0,419,580,1559,1668,1781,1995,1875,3271,2073,2905,1242,1652,997,1390,283,825,0,0,127,155,499,614,535,798,502,1088,450,727,376,450,634,835,233,695,14627,7172,2151,858,8169,633,298,52,34
2021-05-11T23:59:59+02:00,1,0,400,559,1479,1628,1671,1955,1762,3177,1965,2837,1227,1628,993,1380,283,825,0,0,120,146,482,581,514,770,482,1056,421,706,353,423,625,829,233,695,14217,7075,1972,829,8053,536,232,52,34
2021-05-10T23:59:59+02:00,1,0,384,543,1435,1596,1617,1921,1688,3112,1907,2770,1220,1614,989,1374,283,822,0,0,120,143,476,576,505,747,474,1031,415,686,344,411,623,825,233,694,13941,7027,1890,821,7929,484,206,52,32
2021-05-09T23:59:59+02:00,1,0,377,532,1390,1569,1582,1901,1643,3075,1845,2730,1207,1602,986,1369,283,821,0,0,115,140,469,566,495,739,465,1021,405,674,334,400,618,820,233,693,13701,6990,1832,810,7876,432,185,52,31
2021-05-08T23:59:59+02:00,1,0,372,527,1376,1548,1548,1882,1620,3050,1813,2708,1200,1595,983,1368,282,821,0,0,114,140,468,566,492,738,464,1016,405,668,333,398,614,812,233,693,13486,6974,1826,804,7873,421,183,52,31
2021-05-07T23:59:59+02:00,1,0,360,519,1347,1518,1494,1863,1560,2989,1765,2658,1193,1587,982,1362,282,818,0,0,110,136,457,552,479,710,452,981,389,644,331,378,599,800,232,691,13212,6923,1797,779,7807,317,146,52,30
2021-05-06T23:59:59+02:00,1,0,336,505,1249,1476,1382,1806,1418,2874,1634,2565,1162,1556,979,1351,282,815,0,0,107,132,443,534,468,691,437,958,376,624,322,363,586,787,232,688,12717,6862,1607,761,7583,230,118,49,28
2021-05-05T23:59:59+02:00,1,0,321,490,1208,1445,1337,1765,1351,2806,1554,2479,1143,1531,973,1338,282,810,0,0,106,128,431,524,463,678,429,948,371,606,305,352,569,770,232,687,12289,6792,1542,742,7518,181,110,49,24
2021-05-04T23:59:59+02:00,1,0,312,478,1157,1411,1298,1738,1305,2760,1501,2420,1127,1502,968,1327,280,806,0,0,102,125,422,511,460,671,418,928,361,589,293,336,558,750,232,687,11961,6716,1480,715,7470,141,98,48,22
2021-05-03T23:59:59+02:00,1,0,306,472,1121,1387,1262,1718,1275,2725,1458,2381,1110,1476,962,1320,279,802,0,0,94,121,410,504,451,664,411,921,351,581,282,328,540,733,230,685,11712,6634,1455,707,7426,122,70,48,20
2021-05-02T23:59:59+02:00,1,0,302,471,1105,1372,1230,1701,1248,2706,1447,2359,1101,1462,959,1319,279,799,0,0,92,120,403,496,446,659,406,915,347,578,278,320,520,722,230,685,11580,6593,1439,687,7391,108,53,47,19
2021-05-01T23:59:59+02:00,1,0,298,466,1096,1364,1220,1688,1233,2694,1429,2342,1095,1456,956,1316,279,798,0,0,92,119,403,495,442,659,404,911,347,576,276,320,520,722,230,685,11445,6583,1438,687,7390,105,52,47,17
2021-04-30T23:59:59+02:00,1,0,293,457,1085,1340,1197,1668,1203,2631,1375,2292,1082,1438,951,1313,279,795,0,0,90,117,400,490,438,652,402,886,342,566,271,313,518,717,230,684,11143,6566,1433,677,7386,78,22,47,16
2021-04-29T23:59:59+02:00,1,0,277,443,1030,1310,1150,1628,1156,2575,1285,2228,1039,1396,946,1305,278,793,0,0,90,115,395,488,433,647,393,874,334,558,261,303,507,707,229,681,10670,6506,1395,657,7323,54,21,46,16
2021-04-28T23:59:59+02:00,1,0,266,437,1015,1292,1122,1614,1123,2534,1218,2175,1007,1343,938,1303,278,792,0,0,86,113,389,485,428,637,388,866,331,546,246,287,497,695,228,680,10386,6439,1345,623,7269,40,20,45,15
2021-04-27T23:59:59+02:00,1,0,262,427,994,1276,1101,1602,1099,2511,1194,2151,982,1308,932,1299,278,789,0,0,84,110,385,480,426,630,386,862,324,540,242,279,483,676,227,679,10195,6386,1317,595,7232,34,19,40,13
2021-04-26T23:59:59+02:00,1,0,259,421,987,1267,1091,1586,1070,2494,1145,2104,963,1288,926,1292,277,788,0,0,84,110,381,472,426,627,382,859,323,535,236,271,474,667,227,679,10023,6352,1302,570,7166,32,19,38,13
2021-04-25T23:59:59+02:00,1,0,258,419,978,1254,1074,1578,1053,2477,1115,2076,942,1265,923,1285,277,788,0,0,83,109,379,464,423,626,381,854,322,534,235,267,469,659,227,678,9895,6333,1277,554,7118,24,19,37,13
2021-04-24T23:59:59+02:00,1,0,254,414,963,1241,1062,1563,1037,2458,1090,2059,933,1241,920,1281,277,788,0,0,83,109,379,464,421,626,381,852,321,531,234,266,468,656,227,678,9728,6327,1277,546,7096,23,19,35,13
2021-04-23T23:59:59+02:00,1,0,252,404,952,1224,1053,1553,1020,2439,1036,2016,912,1217,918,1274,277,785,0,0,82,108,379,463,420,625,380,850,318,528,230,260,463,650,227,678,9576,6304,1264,533,7001,23,19,34,12
2021-04-22T23:59:59+02:00,1,0,248,394,928,1200,1029,1533,991,2399,989,1955,884,1177,911,1261,277,782,0,0,82,106,377,457,414,618,375,841,316,523,224,254,454,640,226,676,9305,6249,1216,518,6935,16,19,34,11
2021-04-21T23:59:59+02:00,1,0,244,389,903,1182,1003,1516,957,2364,944,1907,852,1127,903,1247,277,779,0,0,81,104,374,456,412,614,371,835,311,514,221,249,444,625,225,673,9015,6196,1191,497,6877,15,19,34,11
2021-04-20T23:59:59+02:00,1,0,237,384,884,1155,985,1496,931,2314,904,1855,808,1064,891,1230,275,776,0,0,81,103,372,454,409,609,364,830,308,508,215,240,433,606,224,673,8734,6132,1123,482,6814,14,19,34,11
2021-04-19T23:59:59+02:00,1,0,234,374,863,1143,972,1476,915,2283,877,1820,779,1035,887,1223,275,772,0,0,80,102,371,452,404,604,361,820,304,498,215,235,421,588,222,668,8555,6070,1107,462,6746,12,18,33,11
2021-04-18T23:59:59+02:00,1,0,233,370,855,1133,959,1467,895,2263,858,1801,753,996,885,1218,274,770,0,0,79,100,367,451,404,604,360,816,304,495,214,231,415,584,222,668,8435,6050,1079,451,6686,12,18,33,10
2021-04-17T23:59:59+02:00,1,0,232,367,853,1130,953,1464,888,2257,854,1794,738,971,883,1212,274,770,0,0,79,97,365,447,402,604,357,812,303,490,211,225,409,577,222,667,8370,6007,1078,447,6661,12,18,33,10
2021-04-16T23:59:59+02:00,1,0,231,366,843,1125,940,1444,872,2236,825,1757,700,914,873,1202,272,766,0,0,75,95,362,440,399,602,348,799,298,478,197,209,404,569,219,664,8178,5937,1062,408,6591,11,18,33,9
2021-04-15T23:59:59+02:00,1,0,229,359,819,1107,923,1429,844,2191,784,1718,667,866,864,1182,272,762,0,0,73,94,358,433,394,596,341,791,291,475,189,203,388,546,217,659,7953,5855,1050,380,6471,10,18,31,8
2021-04-14T23:59:59+02:00,1,0,227,352,809,1097,913,1415,830,2156,767,1690,629,825,835,1134,272,758,0,0,70,90,350,430,390,590,338,781,281,467,179,187,371,525,215,654,7732,5759,1034,345,6399,10,18,27,8
2021-04-13T23:59:59+02:00,1,0,222,348,799,1092,904,1404,821,2131,740,1661,582,773,813,1101,271,755,0,0,68,87,342,422,377,585,329,774,276,463,176,183,358,512,214,651,7574,5687,989,317,6308,8,18,24,8
2021-04-12T23:59:59+02:00,1,0,220,347,794,1086,895,1390,795,2110,722,1642,551,746,802,1084,270,753,0,0,67,83,328,416,373,579,324,767,270,457,169,178,350,500,213,645,7477,5609,968,292,6215,8,18,21,8
2021-04-11T23:59:59+02:00,0,0,216,345,786,1075,887,1385,781,2093,711,1625,537,722,793,1062,269,750,0,0,66,81,323,414,369,577,322,763,269,452,163,170,343,497,211,642,7414,5561,948,282,6124,7,18,20,8
2021-04-10T23:59:59+02:00,0,0,216,343,786,1072,882,1383,771,2085,701,1616,530,707,786,1049,268,750,0,0,62,74,297,397,350,562,308,748,255,444,156,163,338,482,210,640,7360,5383,941,276,6093,7,17,18,8
2021-04-09T23:59:59+02:00,0,0,216,340,780,1069,869,1360,763,2003,685,1532,494,646,766,1027,266,746,0,0,53,70,282,385,333,548,292,733,245,431,146,157,316,461,207,632,7243,5189,916,268,5846,7,13,17,8
2021-04-08T23:59:59+02:00,0,0,214,337,774,1062,857,1352,749,1983,665,1512,452,584,735,1004,264,743,0,0,51,67,270,367,318,536,277,719,229,413,137,141,300,443,205,615,7123,4991,876,256,5727,7,12,17,8
2021-04-07T23:59:59+02:00,0,0,209,333,765,1056,844,1336,728,1955,646,1479,415,543,707,966,261,739,0,0,48,64,251,353,308,531,269,706,221,401,123,131,281,423,199,606,6987,4822,844,246,5580,7,12,16,7
2021-04-06T23:59:59+02:00,0,0,207,331,755,1051,829,1318,711,1931,618,1453,394,507,682,935,260,738,0,0,46,62,250,348,303,529,258,702,216,395,118,127,272,403,195,596,6896,4749,817,225,5430,6,12,14,7
2021-04-05T23:59:59+02:00,0,0,207,330,751,1044,822,1307,702,1914,611,1437,375,486,665,911,260,737,0,0,45,61,249,344,302,525,254,696,212,394,117,123,259,383,191,589,6856,4686,804,210,5316,6,12,14,7
2021-04-04T23:59:59+02:00,0,0,206,327,747,1034,816,1296,693,1897,604,1418,364,473,662,907,260,737,0,0,45,60,248,343,301,525,254,696,211,394,115,123,252,369,188,587,6831,4654,799,210,5230,6,10,14,7
2021-04-03T23:59:59+02:00,0,0,206,327,746,1034,814,1294,693,1893,597,1416,357,467,659,900,260,736,0,0,45,60,248,343,301,525,254,695,211,392,115,123,252,366,188,585,6800,4646,799,210,5217,6,10,14,7
2021-04-02T23:59:59+02:00,0,0,206,325,745,1032,812,1292,689,1886,593,1406,348,457,646,890,260,735,0,0,45,59,245,341,298,523,252,687,206,385,113,122,245,347,185,572,6750,4569,793,207,5194,6,10,13,7
2021-04-01T23:59:59+02:00,0,0,203,322,740,1018,800,1279,684,1866,578,1387,333,433,614,857,259,729,0,0,43,58,236,335,295,520,251,680,204,380,105,119,227,322,182,551,6660,4458,750,200,5102,5,10,13,7
2021-03-31T23:59:59+02:00,0,0,199,319,732,1010,791,1265,674,1820,568,1348,324,422,592,811,255,726,0,0,43,58,235,334,290,517,248,678,198,376,100,116,212,295,180,529,6591,4368,706,193,4968,5,8,13,7
2021-03-30T23:59:59+02:00,0,0,196,313,727,1001,785,1243,661,1781,558,1304,312,404,565,776,254,726,0,0,43,57,233,330,286,514,247,673,194,371,97,114,204,277,176,514,6513,4291,667,188,4834,5,8,12,7
2021-03-29T23:59:59+02:00,0,0,192,307,722,983,780,1230,652,1750,549,1266,308,390,534,738,252,719,0,0,43,55,231,328,285,512,246,669,192,364,93,112,195,264,169,503,6403,4229,645,182,4730,3,8,12,7
2021-03-28T23:59:59+02:00,0,0,185,291,712,973,771,1222,647,1728,546,1249,306,376,506,714,249,717,0,0,43,54,229,328,282,506,243,666,191,361,90,110,188,255,166,501,6357,4185,610,178,4626,3,8,12,7
2021-03-27T23:59:59+01:00,0,0,185,288,707,967,766,1218,641,1716,544,1240,302,367,500,704,249,716,0,0,43,54,229,328,282,506,240,660,188,357,89,109,184,248,161,491,6316,4147,602,172,4589,3,8,12,7
2021-03-26T23:59:59+01:00,0,0,181,286,695,955,757,1203,629,1698,536,1217,295,356,496,689,247,712,0,0,42,54,229,328,281,504,240,659,181,345,84,102,172,232,154,479,6251,4066,583,171,4510,3,6,12,7
2021-03-25T23:59:59+01:00,0,0,177,284,685,941,736,1177,612,1661,525,1178,287,344,479,664,246,708,0,0,42,53,226,323,279,503,233,656,181,344,77,102,155,214,149,455,6172,3975,569,163,4351,3,6,12,7
2021-03-24T23:59:59+01:00,0,0,175,275,673,928,728,1161,602,1624,511,1147,277,330,461,640,243,705,0,0,42,53,224,321,276,501,231,656,177,341,75,99,142,208,143,421,6094,3901,543,156,4227,2,6,12,7
2021-03-23T23:59:59+01:00,0,0,172,272,665,913,715,1146,591,1601,498,1108,271,319,443,624,238,701,0,0,41,53,222,320,273,498,226,651,175,337,72,95,134,200,133,395,6040,3819,527,151,4092,2,6,12,7
2021-03-22T23:59:59+01:00,0,0,168,263,645,893,696,1127,578,1569,483,1084,266,310,431,608,237,695,0,0,41,53,220,318,269,496,224,644,174,335,72,92,128,191,118,365,5976,3736,505,148,3949,1,6,12,7
2021-03-21T23:59:59+01:00,0,0,164,261,636,884,688,1122,572,1545,477,1052,260,302,418,600,235,690,0,0,41,53,217,318,267,494,223,643,172,333,71,89,126,190,114,362,5947,3715,489,144,3844,1,4,11,6
2021-03-20T23:59:59+01:00,0,0,162,261,628,879,683,1119,564,1540,474,1051,256,294,405,586,233,688,0,0,41,53,217,318,266,494,222,641,172,329,70,88,123,186,110,356,5911,3690,482,142,3800,1,4,10,6
2021-03-19T23:59:59+01:00,0,0,152,251,621,861,672,1112,559,1522,463,1038,239,272,388,561,228,680,0,0,39,53,216,317,265,494,220,634,171,325,68,86,115,175,105,335,5833,3623,440,141,3712,1,3,10,6
2021-03-18T23:59:59+01:00,0,0,147,245,601,845,654,1079,541,1471,449,992,224,257,375,538,225,662,0,0,39,53,215,314,263,486,220,629,168,318,68,83,107,167,100,322,5747,3562,406,132,3507,1,3,10,6
2021-03-17T23:59:59+01:00,0,0,141,239,588,826,641,1072,536,1458,441,973,212,244,356,521,221,656,0,0,39,52,215,312,262,484,219,628,168,317,68,83,102,161,94,308,5651,3522,378,130,3443,1,3,8,6
2021-03-16T23:59:59+01:00,0,0,137,230,571,811,622,1061,524,1417,430,948,204,230,335,487,217,644,0,0,39,51,215,309,262,478,217,627,167,316,64,83,98,155,91,290,5558,3476,346,126,3304,1,2,8,6
2021-03-15T23:59:59+01:00,0,0,131,223,555,796,612,1040,515,1385,416,911,198,222,322,462,214,637,0,0,38,51,214,306,262,475,216,626,165,315,63,81,92,149,89,276,5468,3433,317,124,3187,1,1,8,6
2021-03-14T23:59:59+01:00,0,0,126,211,541,777,597,1019,506,1342,404,865,188,210,310,451,208,633,0,0,38,51,214,303,261,474,215,621,164,310,62,81,91,146,87,273,5400,3417,304,114,3014,1,0,7,6
2021-03-13T23:59:59+01:00,0,0,123,199,513,748,568,993,481,1317,384,846,173,201,303,438,207,630,0,0,38,51,214,303,261,474,214,621,164,309,62,81,88,142,75,258,5205,3379,300,114,2928,1,0,7,6
2021-03-12T23:59:59+01:00,0,0,112,191,483,722,548,963,459,1278,363,813,157,189,278,410,204,610,0,0,38,51,214,302,261,474,214,621,164,308,57,79,85,136,70,251,4974,3347,294,114,2808,1,0,7,5
2021-03-11T23:59:59+01:00,0,0,104,182,449,675,509,927,419,1205,341,760,144,167,249,369,200,588,0,0,38,50,213,300,256,470,212,617,161,306,57,77,81,130,68,238,4723,3318,284,93,2552,1,0,7,4
2021-03-10T23:59:59+01:00,0,0,101,172,425,651,490,908,402,1166,324,722,128,152,232,338,194,554,0,0,37,50,211,295,252,465,209,611,161,304,54,75,77,127,65,228,4543,3274,273,81,2410,1,0,7,4
2021-03-09T23:59:59+01:00,0,0,101,167,413,621,459,878,387,1122,312,690,122,144,222,320,188,542,0,0,37,50,210,292,249,457,207,607,157,300,53,73,75,124,59,220,4460,3233,257,71,2225,1,0,7,3
2021-03-08T23:59:59+01:00,0,0,98,159,397,604,441,861,378,1071,303,652,118,135,208,300,182,530,0,0,37,50,210,288,246,452,202,603,151,296,51,72,70,121,58,219,4381,3205,241,54,2064,1,0,7,2
2021-03-07T23:59:59+01:00,0,0,95,155,392,592,432,846,367,1056,300,646,116,135,201,286,180,528,0,0,37,50,209,287,246,450,201,602,151,296,51,72,68,119,57,218,4334,3196,231,51,2006,0,0,7,2
2021-03-06T23:59:59+01:00,0,0,94,148,390,584,425,822,356,1004,290,614,115,134,195,278,177,523,0,0,37,50,209,287,245,449,201,601,151,296,51,72,66,119,56,213,4298,3191,231,45,1861,0,0,7,2
2021-03-05T23:59:59+01:00,0,0,92,143,385,571,420,814,355,986,281,591,109,124,184,258,169,510,0,0,37,50,208,285,244,448,200,599,150,294,51,72,64,118,55,205,4216,3176,222,36,1788,0,0,7,2
2021-03-04T23:59:59+01:00,0,0,89,127,375,535,402,780,338,942,271,562,100,123,165,232,162,485,0,0,37,50,206,279,242,442,198,586,147,293,50,72,64,118,55,204,4113,3137,206,35,1599,0,0,7,2
2021-03-03T23:59:59+01:00,0,0,82,116,365,519,393,762,333,921,262,544,98,120,154,225,156,451,0,0,37,49,206,279,241,440,195,578,147,287,50,72,63,116,55,204,4043,3113,200,32,1482,0,0,7,2
2021-03-02T23:59:59+01:00,0,0,79,113,354,504,376,744,326,902,256,522,96,115,144,215,146,423,0,0,36,49,206,279,241,434,190,571,145,284,50,72,63,114,55,203,3954,3084,194,32,1384,0,0,7,2
2021-03-01T23:59:59+01:00,0,0,78,111,348,491,369,722,315,877,250,494,94,114,137,204,128,388,0,0,36,48,205,278,239,425,188,564,145,281,50,72,62,113,54,203,3867,3053,189,32,1276,0,0,7,2
2021-02-28T23:59:59+01:00,0,0,78,109,341,482,366,714,313,853,245,476,89,106,135,201,124,384,0,0,36,48,204,278,238,424,187,564,145,281,50,72,62,113,54,203,3843,3051,186,31,1196,0,0,7,1
2021-02-27T23:59:59+01:00,0,0,75,100,335,476,361,707,307,842,242,467,87,104,134,196,117,374,0,0,36,48,204,277,238,423,186,563,143,280,50,72,62,113,54,203,3811,3049,180,26,1138,0,0,7,1
2021-02-26T23:59:59+01:00,0,0,72,95,327,452,335,672,286,811,231,446,84,100,126,185,113,354,0,0,35,47,204,276,238,421,185,560,139,278,50,72,62,113,54,201,3753,3032,178,26,956,0,0,7,0
2021-02-25T23:59:59+01:00,0,0,64,84,314,430,324,644,278,785,219,423,79,100,118,178,109,342,0,0,35,47,202,272,233,418,183,553,134,277,50,70,60,111,53,201,3701,3003,171,18,806,0,0,7,0
2021-02-24T23:59:59+01:00,0,0,60,77,307,417,316,629,273,769,216,415,78,100,113,173,102,329,0,0,32,47,200,270,230,405,181,545,132,272,48,69,57,111,53,201,3661,2961,166,12,731,0,0,7,0
2021-02-23T23:59:59+01:00,0,0,57,68,294,399,306,612,267,751,210,407,74,98,108,168,99,307,0,0,31,47,199,268,227,399,180,539,128,269,47,69,57,107,53,199,3609,2930,161,8,633,0,0,7,0
2021-02-22T23:59:59+01:00,0,0,55,66,288,387,302,603,265,742,208,402,72,95,100,160,97,295,0,0,31,45,196,266,224,385,173,529,125,266,46,69,56,107,53,199,3564,2883,153,4,592,0,0,6,0
2021-02-21T23:59:59+01:00,0,0,54,65,282,380,299,593,260,734,203,398,71,93,99,158,95,293,0,0,31,44,195,264,223,382,173,520,125,265,46,69,56,107,53,197,3554,2861,150,4,542,0,0,5,0
2021-02-20T23:59:59+01:00,0,0,53,65,280,379,298,590,259,728,203,393,69,93,96,154,83,278,0,0,31,42,195,264,223,382,173,520,123,264,46,69,55,107,53,195,3517,2853,149,4,521,0,0,5,0
2021-02-19T23:59:59+01:00,0,0,52,65,277,374,292,567,248,702,201,381,66,90,92,146,78,270,0,0,31,41,195,264,222,381,173,519,123,264,46,69,54,106,52,193,3483,2844,148,4,432,0,0,4,0
2021-02-18T23:59:59+01:00,0,0,49,63,259,350,284,544,240,681,186,357,65,86,90,141,76,261,0,0,30,40,190,255,219,374,168,504,123,254,46,67,54,104,49,188,3454,2775,139,4,297,0,0,4,0
2021-02-17T23:59:59+01:00,0,0,49,61,252,344,282,529,233,668,183,337,63,83,86,138,73,249,0,0,28,39,186,249,212,360,164,488,120,243,42,65,54,102,48,185,3403,2692,137,3,242,0,0,4,0
2021-02-16T23:59:59+01:00,0,0,48,56,238,330,278,518,227,652,178,330,61,82,83,136,67,242,0,0,25,39,177,240,204,340,158,476,116,231,42,60,44,88,40,175,3366,2561,134,3,176,0,0,4,0
2021-02-15T23:59:59+01:00,0,0,47,56,233,327,271,506,224,647,174,324,59,82,78,132,66,241,0,0,24,38,169,233,199,332,152,465,112,224,39,57,44,82,36,166,3339,2477,133,3,145,0,0,4,0
2021-02-14T23:59:59+01:00,0,0,44,56,230,323,269,499,221,642,174,319,58,79,75,132,65,238,0,0,22,38,167,228,196,327,151,453,111,221,39,57,43,80,35,159,3328,2431,122,3,122,0,0,4,0
2021-02-13T23:59:59+01:00,0,0,43,56,230,323,267,499,221,641,174,319,58,79,74,132,65,237,0,0,22,38,166,227,193,327,150,451,110,218,38,57,42,79,32,155,3324,2410,122,1,120,0,0,4,0
2021-02-12T23:59:59+01:00,0,0,42,54,228,319,264,490,217,630,171,316,58,78,72,132,65,236,0,0,22,38,165,223,192,326,149,449,108,217,36,56,42,75,28,147,3315,2378,122,1,81,0,0,4,0
2021-02-11T23:59:59+01:00,0,0,41,53,220,297,257,473,210,606,159,306,57,77,71,130,65,230,0,0,22,35,150,201,185,296,140,404,103,198,32,55,38,65,26,133,3278,2178,99,1,18,0,0,4,0
2021-02-10T23:59:59+01:00,0,0,41,52,217,289,255,466,206,598,157,301,54,77,70,130,64,228,0,0,20,32,137,177,171,257,121,355,96,176,28,52,37,62,23,121,3246,1948,89,1,8,0,0,4,0
2021-02-09T23:59:59+01:00,0,0,39,51,216,286,253,456,201,590,153,298,54,77,70,128,64,228,0,0,20,30,119,151,156,235,108,313,91,151,23,47,36,49,20,109,3223,1730,74,1,4,0,0,4,0
2021-02-08T23:59:59+01:00,0,0,39,51,215,284,247,441,198,579,149,293,51,77,69,127,64,228,0,0,18,29,103,128,134,195,88,274,86,141,16,45,30,40,19,96,3184,1508,58,1,4,0,0,3,0
2021-02-07T23:59:59+01:00,0,0,39,50,212,283,245,440,197,576,148,293,51,77,68,127,64,228,0,0,17,23,98,118,124,184,83,254,82,131,15,44,28,33,18,88,3176,1403,55,1,0,0,0,2,0
2021-02-06T23:59:59+01:00,0,0,39,50,212,283,245,439,197,576,147,292,50,77,67,127,63,223,0,0,13,19,97,117,123,180,81,247,82,129,14,43,28,30,16,88,3172,1366,48,1,0,0,0,2,0
2021-02-05T23:59:59+01:00,0,0,38,49,212,283,245,438,196,574,145,291,50,77,67,127,62,213,0,0,11,15,88,109,119,175,80,243,81,121,13,42,28,26,14,85,3159,1306,39,0,0,0,0,2,0
2021-02-04T23:59:59+01:00,0,0,38,49,209,279,240,434,191,568,143,288,50,75,67,125,62,212,0,0,10,11,60,77,96,130,68,207,64,102,13,37,25,22,11,74,3121,1049,39,0,0,0,0,2,0
2021-02-03T23:59:59+01:00,0,0,37,48,209,278,239,422,189,562,142,285,50,74,66,123,62,212,0,0,7,6,44,58,74,107,53,158,55,74,10,17,19,15,6,58,3092,792,36,0,0,0,0,2,0
2021-02-02T23:59:59+01:00,0,0,36,48,208,275,235,416,188,556,139,284,49,74,64,120,60,209,0,0,5,4,28,41,58,77,41,102,44,52,8,14,13,9,2,41,3053,560,36,0,0,0,0,2,0
2021-02-01T23:59:59+01:00,0,0,35,46,206,275,230,409,185,551,136,277,49,73,62,119,60,209,0,0,4,2,22,22,32,46,27,63,27,28,6,9,9,5,2,23,3013,339,36,0,0,0,0,1,0
2021-01-31T23:59:59+01:00,0,0,35,46,205,274,228,403,183,543,135,277,49,73,61,118,60,207,0,0,4,2,20,17,23,36,21,51,21,24,6,6,8,5,2,19,2988,275,34,0,0,0,0,1,0
2021-01-30T23:59:59+01:00,0,0,35,46,205,274,228,402,182,543,135,277,49,73,60,118,60,204,0,0,4,2,19,16,21,36,19,47,20,23,6,5,8,4,2,18,2983,259,33,0,0,0,0,1,0
2021-01-29T23:59:59+01:00,0,0,34,46,205,272,227,401,181,542,133,275,49,73,59,117,59,203,0,0,4,1,16,10,15,29,16,41,16,21,5,4,7,4,2,17,2972,215,29,0,0,0,0,0,0
2021-01-28T23:59:59+01:00,0,0,34,45,196,269,226,396,180,533,131,271,49,73,58,116,57,202,0,0,4,1,5,3,8,16,9,23,9,9,2,2,5,1,0,16,2940,116,21,0,0,0,0,0,0
2021-01-27T23:59:59+01:00,0,0,33,44,193,262,222,386,178,520,128,262,46,71,58,114,56,200,0,0,1,1,3,3,7,14,8,19,8,9,2,2,4,1,0,13,2875,97,17,0,0,0,0,0,0
2021-01-26T23:59:59+01:00,0,0,30,44,190,250,216,373,174,502,125,255,45,66,52,107,49,191,0,0,1,1,2,3,7,14,8,19,8,9,2,2,4,1,0,10,2774,93,13,0,0,0,0,0,0
2021-01-25T23:59:59+01:00,0,0,30,43,181,247,213,363,171,493,122,245,43,64,51,104,43,188,0,0,1,1,1,3,5,12,7,16,8,9,2,2,3,0,0,8,2712,80,5,0,0,0,0,0,0
2021-01-24T23:59:59+01:00,0,0,29,42,179,244,211,362,170,491,122,244,43,64,49,100,42,187,0,0,1,1,1,3,4,12,7,16,8,9,2,2,3,0,0,8,2691,79,3,0,0,0,0,0,0
2021-01-23T23:59:59+01:00,0,0,29,42,179,244,209,362,170,490,122,244,43,64,49,99,41,185,0,0,1,1,1,3,4,11,7,15,7,9,2,2,3,0,0,8,2684,76,3,0,0,0,0,0,0
2021-01-22T23:59:59+01:00,0,0,28,41,178,240,208,362,170,489,121,244,43,64,49,99,38,179,0,0,1,0,1,3,4,11,7,15,7,9,2,2,3,0,0,8,2665,75,3,0,0,0,0,0,0
2021-01-21T23:59:59+01:00,0,0,24,39,169,227,202,346,166,468,119,231,42,64,46,91,37,176,0,0,1,0,1,3,1,6,6,10,5,5,2,2,2,0,0,7,2552,53,3,0,0,0,0,0,0
2021-01-20T23:59:59+01:00,0,0,23,37,152,201,186,303,138,412,109,210,37,60,44,86,32,159,0,0,1,0,1,3,1,6,6,9,5,4,2,2,2,0,0,7,2283,51,2,0,0,0,0,0,0
2021-01-19T23:59:59+01:00,0,0,23,34,126,173,170,269,129,369,105,189,27,54,36,71,29,145,0,0,1,0,1,3,1,5,4,7,3,3,1,0,2,0,0,4,2031,36,2,0,0,0,0,0,0
2021-01-18T23:59:59+01:00,0,0,20,33,113,152,147,228,112,321,98,165,24,51,33,58,26,125,0,0,1,0,1,1,0,2,3,5,2,3,0,0,1,0,0,4,1782,24,2,0,0,0,0,0,0
2021-01-17T23:59:59+01:00,0,0,18,24,108,138,139,214,103,296,94,154,23,46,32,52,25,112,0,0,1,0,0,0,0,1,1,4,2,2,0,0,1,0,0,1,1646,13,2,0,0,0,0,0,0
2021-01-16T23:59:59+01:00,0,0,15,21,105,136,137,209,100,286,93,147,20,45,31,46,20,109,0,0,0,0,0,0,0,0,0,0,0,0,0,0,0,0,0,0,1586,0,0,0,0,0,0,0,0
2021-01-15T23:59:59+01:00,0,0,12,17,99,127,133,203,98,277,93,137,19,44,31,41,19,106,0,0,0,0,0,0,0,0,0,0,0,0,0,0,0,0,0,0,1518,0,0,0,0,0,0,0,0
2021-01-14T23:59:59+01:00,0,0,10,13,75,95,114,167,82,234,81,122,15,39,28,33,17,91,0,0,0,0,0,0,0,0,0,0,0,0,0,0,0,0,0,0,1265,0,0,0,0,0,0,0,0
2021-01-13T23:59:59+01:00,0,0,8,12,61,84,100,138,76,190,76,97,15,25,22,24,15,71,0,0,0,0,0,0,0,0,0,0,0,0,0,0,0,0,0,0,1055,0,0,0,0,0,0,0,0
2021-01-12T23:59:59+01:00,0,0,6,8,49,67,82,108,68,135,63,75,11,19,17,20,7,55,0,0,0,0,0,0,0,0,0,0,0,0,0,0,0,0,0,0,825,0,0,0,0,0,0,0,0
2021-01-11T23:59:59+01:00,0,0,4,6,43,51,68,83,54,107,48,55,10,14,9,11,4,29,0,0,0,0,0,0,0,0,0,0,0,0,0,0,0,0,0,0,621,0,0,0,0,0,0,0,0
2021-01-10T23:59:59+01:00,0,0,4,6,39,40,50,67,40,86,40,47,9,9,8,10,4,23,0,0,0,0,0,0,0,0,0,0,0,0,0,0,0,0,0,0,498,0,0,0,0,0,0,0,0
2021-01-09T23:59:59+01:00,0,0,4,5,36,39,45,64,37,78,37,43,9,9,8,8,4,22,0,0,0,0,0,0,0,0,0,0,0,0,0,0,0,0,0,0,462,0,0,0,0,0,0,0,0
2021-01-08T23:59:59+01:00,0,0,4,5,29,30,38,56,28,65,31,38,6,6,6,7,3,20,0,0,0,0,0,0,0,0,0,0,0,0,0,0,0,0,0,0,383,0,0,0,0,0,0,0,0
2021-01-07T23:59:59+01:00,0,0,4,2,11,3,11,18,11,29,8,18,5,3,5,2,1,18,0,0,0,0,0,0,0,0,0,0,0,0,0,0,0,0,0,0,152,0,0,0,0,0,0,0,0
2021-01-06T23:59:59+01:00,0,0,4,1,4,3,6,15,8,23,7,10,3,3,4,2,1,16,0,0,0,0,0,0,0,0,0,0,0,0,0,0,0,0,0,0,113,0,0,0,0,0,0,0,0
2021-01-05T23:59:59+01:00,0,0,2,1,2,3,6,14,8,21,7,9,3,2,4,2,0,15,0,0,0,0,0,0,0,0,0,0,0,0,0,0,0,0,0,0,102,0,0,0,0,0,0,0,0
2021-01-04T23:59:59+01:00,0,0,1,1,2,3,6,13,7,17,7,9,2,2,3,1,0,10,0,0,0,0,0,0,0,0,0,0,0,0,0,0,0,0,0,0,86,0,0,0,0,0,0,0,0
2021-01-03T23:59:59+01:00,0,0,1,1,1,3,5,13,7,17,7,9,2,2,3,1,0,10,0,0,0,0,0,0,0,0,0,0,0,0,0,0,0,0,0,0,84,0,0,0,0,0,0,0,0
2021-01-02T23:59:59+01:00,0,0,1,1,1,3,5,13,6,17,6,9,2,2,3,1,0,10,0,0,0,0,0,0,0,0,0,0,0,0,0,0,0,0,0,0,82,0,0,0,0,0,0,0,0
2021-01-01T23:59:59+01:00,0,0,1,0,1,3,5,13,6,17,6,9,2,2,3,1,0,10,0,0,0,0,0,0,0,0,0,0,0,0,0,0,0,0,0,0,81,0,0,0,0,0,0,0,0
2020-12-31T23:59:59+01:00,0,0,1,0,1,3,5,12,6,17,6,9,2,2,3,1,0,10,0,0,0,0,0,0,0,0,0,0,0,0,0,0,0,0,0,0,80,0,0,0,0,0,0,0,0
2020-12-30T23:59:59+01:00,0,0,1,0,1,3,5,12,6,16,6,9,2,2,3,1,0,10,0,0,0,0,0,0,0,0,0,0,0,0,0,0,0,0,0,0,79,0,0,0,0,0,0,0,0
2020-12-29T23:59:59+01:00,0,0,1,0,1,3,4,8,4,13,4,7,1,1,3,0,0,8,0,0,0,0,0,0,0,0,0,0,0,0,0,0,0,0,0,0,59,0,0,0,0,0,0,0,0
2020-12-28T23:59:59+01:00,0,0,1,0,1,1,1,1,2,6,3,4,1,0,2,0,0,4,0,0,0,0,0,0,0,0,0,0,0,0,0,0,0,0,0,0,28,0,0,0,0,0,0,0,0
2020-12-27T23:59:59+01:00,0,0,1,0,0,0,0,1,1,6,1,2,0,0,1,0,0,2,0,0,0,0,0,0,0,0,0,0,0,0,0,0,0,0,0,0,15,0,0,0,0,0,0,0,0
