Datum,<15_m,<15_w,15-24_1_m,15-24_1_w,25-34_1_m,25-34_1_w,35-44_1_m,35-44_1_w,45-54_1_m,45-54_1_w,55-64_1_m,55-64_1_w,65-74_1_m,65-74_1_w,75-84_1_m,75-84_1_w,>84_1_m,>84_1_w,<24_2_m,<24_2_w,25-34_2_m,25-34_2_w,35-44_2_m,35-44_2_w,45-54_2_m,45-54_2_w,55-64_2_m,55-64_2_w,65-74_2_m,65-74_2_w,75-84_2_m,75-84_2_w,>84_2_m,>84_2_w,bp_1,bp_2,mo_1,mo_2,az_1,az_2,ja,unb_1,unb_2
2021-09-12T23:59:59+02:00,204,202,3810,3328,9479,6729,8974,6112,7837,8231,5741,6085,2872,2972,3310,3348,2754,5205,3090,2748,8270,5880,8095,5490,7145,7474,5139,5559,2294,2558,2483,2649,1992,3872,58739,49282,8603,7491,9805,7788,11180,48,44
2021-09-11T23:59:59+02:00,204,202,3806,3323,9470,6722,8970,6108,7835,8229,5739,6083,2871,2970,3309,3348,2754,5205,3089,2746,8260,5877,8090,5485,7144,7470,5138,5557,2294,2557,2483,2649,1992,3872,58714,49263,8600,7490,9805,7788,11163,48,44
2021-09-10T23:59:59+02:00,203,198,3767,3308,9425,6688,8940,6091,7809,8209,5728,6061,2869,2967,3309,3348,2754,5205,3067,2734,8214,5845,8063,5472,7120,7449,5123,5538,2293,2556,2483,2649,1992,3872,58602,49180,8593,7484,9804,7788,11014,48,44
2021-09-09T23:59:59+02:00,199,196,3738,3280,9363,6652,8892,6066,7786,8166,5714,6052,2866,2965,3309,3348,2754,5205,3049,2717,8171,5808,8027,5449,7096,7421,5109,5527,2291,2553,2483,2648,1992,3872,58401,49055,8582,7471,9804,7781,10898,48,44
2021-09-08T23:59:59+02:00,197,194,3698,3266,9312,6640,8860,6037,7767,8133,5699,6035,2863,2963,3308,3347,2754,5205,3016,2706,8114,5787,7986,5423,7065,7387,5094,5506,2289,2552,2482,2648,1992,3872,58265,48902,8576,7460,9803,7777,10768,48,44
2021-09-07T23:59:59+02:00,194,193,3664,3255,9278,6611,8832,6015,7744,8112,5680,6020,2862,2961,3307,3346,2754,5202,2994,2695,8070,5758,7959,5394,7045,7360,5080,5493,2287,2548,2480,2647,1992,3872,58105,48754,8570,7448,9803,7772,10686,48,44
2021-09-06T23:59:59+02:00,194,192,3631,3241,9236,6584,8801,5999,7722,8086,5673,6008,2859,2954,3305,3346,2754,5202,2971,2681,8035,5741,7930,5384,7027,7335,5074,5481,2283,2546,2479,2647,1992,3872,57942,48639,8569,7443,9802,7772,10608,48,44
2021-09-05T23:59:59+02:00,192,191,3615,3236,9218,6574,8786,5989,7719,8074,5666,6001,2858,2953,3305,3346,2754,5201,2961,2675,8011,5724,7917,5367,7019,7328,5064,5476,2281,2545,2479,2646,1992,3872,57878,48570,8568,7434,9801,7771,10565,48,44
2021-09-04T23:59:59+02:00,192,190,3612,3232,9215,6566,8781,5989,7715,8072,5666,6000,2858,2953,3305,3346,2754,5201,2960,2670,8005,5717,7912,5366,7014,7325,5063,5475,2277,2544,2479,2646,1992,3872,57861,48549,8568,7430,9801,7770,10551,48,44
2021-09-03T23:59:59+02:00,190,189,3583,3202,9164,6548,8747,5963,7693,8055,5652,5983,2856,2951,3305,3344,2754,5199,2938,2648,7961,5694,7883,5345,6991,7300,5049,5454,2273,2542,2479,2644,1992,3870,57728,48435,8553,7409,9801,7769,10429,48,44
2021-09-02T23:59:59+02:00,189,187,3549,3184,9105,6519,8698,5944,7668,8028,5639,5963,2852,2948,3303,3343,2754,5198,2917,2628,7897,5667,7843,5326,6964,7271,5037,5432,2269,2539,2477,2643,1992,3867,57566,48289,8544,7396,9799,7766,10294,48,44
2021-09-01T23:59:59+02:00,186,186,3524,3168,9051,6499,8664,5928,7645,8012,5628,5956,2851,2945,3302,3340,2754,5198,2898,2618,7844,5635,7800,5303,6930,7251,5027,5421,2265,2536,2476,2639,1992,3867,57422,48114,8525,7371,9799,7763,10223,48,44
2021-08-31T23:59:59+02:00,182,186,3494,3152,8995,6474,8636,5918,7626,7988,5621,5947,2847,2943,3301,3338,2754,5196,2877,2599,7796,5607,7771,5286,6905,7222,5016,5402,2261,2532,2475,2639,1992,3867,57285,47974,8518,7362,9799,7751,10127,48,44
2021-08-30T23:59:59+02:00,181,186,3444,3131,8946,6440,8588,5889,7588,7956,5609,5932,2842,2940,3300,3337,2754,5196,2842,2583,7741,5585,7728,5264,6874,7201,5007,5385,2256,2528,2473,2639,1992,3866,57080,47828,8514,7354,9798,7750,9997,48,44
2021-08-29T23:59:59+02:00,178,185,3429,3115,8917,6422,8564,5876,7580,7946,5601,5923,2841,2937,3300,3337,2753,5196,2822,2560,7700,5569,7702,5244,6861,7184,4996,5379,2254,2527,2472,2637,1991,3866,56997,47713,8508,7341,9798,7745,9926,48,44
2021-08-28T23:59:59+02:00,177,185,3423,3114,8912,6420,8558,5873,7573,7945,5601,5922,2841,2936,3300,3337,2753,5196,2815,2554,7691,5566,7694,5239,6855,7180,4994,5378,2254,2527,2472,2637,1991,3866,56982,47684,8508,7338,9798,7744,9907,48,44
2021-08-27T23:59:59+02:00,175,184,3407,3106,8881,6404,8527,5863,7552,7934,5593,5914,2841,2936,3300,3337,2753,5196,2799,2546,7666,5556,7674,5225,6838,7172,4986,5371,2254,2527,2471,2635,1991,3866,56892,47620,8507,7337,9798,7744,9834,48,44
2021-08-26T23:59:59+02:00,175,182,3359,3086,8812,6378,8482,5846,7529,7912,5578,5902,2838,2933,3300,3336,2753,5195,2763,2520,7610,5520,7612,5191,6801,7147,4955,5355,2249,2522,2470,2634,1991,3866,56714,47405,8500,7317,9798,7721,9709,48,44
2021-08-25T23:59:59+02:00,172,180,3329,3073,8767,6348,8446,5829,7496,7887,5566,5880,2834,2928,3300,3333,2752,5195,2715,2492,7540,5475,7559,5154,6758,7105,4938,5327,2247,2517,2469,2631,1990,3866,56578,47127,8495,7309,9797,7715,9570,48,44
2021-08-24T23:59:59+02:00,171,178,3317,3059,8740,6328,8426,5809,7477,7865,5558,5869,2832,2927,3299,3330,2752,5194,2688,2466,7496,5443,7524,5128,6726,7073,4921,5308,2246,2515,2468,2630,1990,3866,56485,46935,8489,7292,9797,7711,9485,48,44
2021-08-23T23:59:59+02:00,169,170,3267,3036,8687,6301,8387,5788,7445,7833,5544,5854,2830,2926,3298,3329,2752,5193,2657,2446,7436,5401,7481,5110,6686,7041,4905,5291,2242,2513,2467,2629,1989,3866,56304,46750,8479,7277,9794,7707,9354,48,44
2021-08-22T23:59:59+02:00,168,170,3255,3026,8670,6281,8373,5779,7427,7822,5538,5847,2827,2923,3298,3329,2752,5193,2639,2434,7403,5375,7458,5093,6662,7024,4901,5281,2237,2508,2467,2629,1988,3865,56225,46610,8473,7267,9793,7704,9308,48,44
2021-08-21T23:59:59+02:00,165,169,3240,3020,8656,6270,8361,5772,7421,7815,5533,5840,2826,2923,3298,3328,2752,5193,2628,2427,7379,5356,7438,5081,6649,7017,4892,5274,2236,2506,2466,2628,1988,3865,56155,46515,8467,7241,9793,7702,9288,48,44
2021-08-20T23:59:59+02:00,164,166,3223,3007,8621,6246,8329,5753,7399,7792,5522,5826,2825,2920,3298,3327,2752,5191,2592,2412,7324,5313,7397,5051,6608,6977,4875,5251,2232,2501,2466,2625,1988,3863,56070,46331,8454,7197,9792,7690,9165,48,44
2021-08-19T23:59:59+02:00,164,163,3197,2988,8559,6215,8286,5727,7375,7765,5508,5811,2819,2917,3297,3325,2752,5190,2542,2387,7236,5259,7330,5012,6558,6917,4845,5218,2228,2497,2465,2624,1988,3863,55913,45980,8439,7167,9790,7681,9035,48,44
2021-08-18T23:59:59+02:00,163,161,3174,2977,8524,6191,8253,5709,7340,7749,5496,5804,2814,2914,3296,3325,2751,5189,2506,2367,7159,5224,7266,4977,6512,6887,4819,5190,2224,2493,2462,2624,1988,3862,55770,45718,8432,7103,9789,7672,8957,48,44
2021-08-17T23:59:59+02:00,163,160,3155,2960,8492,6167,8222,5694,7329,7728,5484,5793,2811,2912,3295,3324,2750,5189,2474,2342,7092,5173,7215,4940,6483,6846,4799,5168,2216,2487,2461,2620,1987,3862,55644,45424,8422,7061,9788,7665,8891,48,44
2021-08-16T23:59:59+02:00,160,158,3142,2946,8461,6151,8202,5685,7314,7711,5471,5780,2811,2912,3294,3323,2750,5189,2439,2303,7011,5129,7143,4902,6429,6803,4768,5143,2214,2485,2458,2617,1987,3862,55543,45028,8417,7047,9788,7654,8828,48,44
2021-08-15T23:59:59+02:00,160,157,3135,2934,8429,6138,8183,5673,7296,7699,5465,5773,2809,2909,3294,3322,2750,5189,2408,2256,6951,5091,7098,4866,6392,6770,4755,5130,2210,2480,2457,2615,1987,3862,55446,44719,8412,7025,9787,7650,8786,48,44
2021-08-14T23:59:59+02:00,159,157,3130,2928,8418,6133,8174,5672,7296,7696,5461,5771,2807,2908,3294,3321,2750,5189,2399,2245,6922,5077,7083,4855,6383,6753,4735,5120,2207,2477,2457,2613,1987,3861,55425,44607,8411,7012,9787,7648,8757,48,44
2021-08-13T23:59:59+02:00,157,156,3108,2917,8391,6116,8160,5658,7280,7685,5449,5763,2806,2903,3293,3320,2750,5189,2359,2218,6870,5035,7038,4819,6346,6727,4718,5105,2206,2471,2454,2613,1987,3861,55330,44344,8409,6989,9787,7647,8691,48,44
2021-08-12T23:59:59+02:00,154,150,3091,2904,8353,6092,8124,5637,7259,7660,5435,5748,2804,2901,3291,3320,2750,5189,2321,2182,6776,4977,6979,4778,6299,6674,4691,5072,2202,2468,2449,2612,1987,3861,55201,43992,8404,6962,9786,7626,8586,48,44
2021-08-11T23:59:59+02:00,151,147,3072,2890,8309,6066,8094,5622,7236,7643,5423,5731,2802,2898,3291,3319,2750,5189,2288,2152,6682,4918,6891,4729,6243,6612,4666,5028,2194,2458,2448,2610,1987,3860,55056,43543,8395,6922,9783,7615,8514,48,44
2021-08-10T23:59:59+02:00,150,146,3054,2875,8262,6046,8063,5603,7204,7626,5408,5724,2799,2898,3291,3317,2750,5188,2213,2091,6554,4848,6793,4659,6151,6541,4621,5005,2188,2449,2445,2609,1987,3859,54926,42905,8384,6899,9781,7599,8428,48,44
2021-08-09T23:59:59+02:00,149,145,3036,2870,8223,6023,8033,5592,7180,7607,5397,5712,2798,2897,3291,3317,2750,5187,2155,2038,6449,4775,6689,4612,6083,6487,4593,4969,2181,2440,2444,2607,1987,3859,54833,42424,8374,6843,9781,7578,8334,48,44
2021-08-08T23:59:59+02:00,149,143,3019,2859,8198,6006,8012,5577,7168,7596,5390,5707,2795,2897,3291,3317,2750,5187,2126,2009,6375,4726,6629,4580,6042,6462,4578,4953,2170,2435,2442,2605,1987,3859,54754,42150,8373,6794,9778,7571,8271,48,44
2021-08-07T23:59:59+02:00,148,142,3010,2852,8168,5990,7994,5570,7160,7587,5386,5702,2793,2897,3291,3317,2750,5187,2086,1985,6292,4671,6568,4545,6006,6421,4559,4937,2166,2434,2442,2602,1987,3859,54685,41806,8369,6764,9778,7562,8227,48,44
2021-08-06T23:59:59+02:00,147,141,2995,2841,8137,5974,7962,5548,7138,7564,5374,5689,2789,2895,3291,3316,2750,5187,2046,1939,6184,4593,6494,4503,5962,6376,4539,4917,2164,2431,2441,2599,1987,3858,54621,41435,8348,6730,9778,7550,8106,48,44
2021-08-05T23:59:59+02:00,145,140,2962,2824,8103,5949,7920,5521,7115,7543,5354,5663,2784,2892,3288,3312,2750,5186,1996,1884,6044,4485,6377,4437,5891,6311,4502,4872,2155,2423,2438,2596,1986,3858,54464,40918,8338,6631,9775,7492,7987,48,44
2021-08-04T23:59:59+02:00,140,135,2892,2793,8011,5909,7867,5491,7079,7505,5336,5648,2778,2888,3286,3311,2750,5186,1912,1850,5903,4406,6239,4381,5820,6245,4472,4830,2144,2417,2433,2593,1986,3857,54216,40420,8319,6572,9774,7455,7803,48,44
2021-08-03T23:59:59+02:00,137,135,2869,2770,7978,5891,7826,5468,7054,7480,5324,5635,2774,2886,3285,3308,2750,5186,1879,1820,5801,4335,6136,4328,5748,6185,4431,4789,2139,2411,2432,2591,1986,3857,54048,39939,8314,6527,9772,7431,7728,48,44
2021-08-02T23:59:59+02:00,137,135,2845,2743,7932,5859,7797,5457,7028,7466,5305,5626,2771,2880,3284,3307,2749,5186,1851,1789,5671,4241,6023,4262,5677,6134,4382,4754,2134,2398,2430,2585,1985,3856,53880,39369,8305,6485,9772,7408,7655,48,44
2021-08-01T23:59:59+02:00,136,132,2828,2727,7893,5834,7782,5442,7016,7457,5299,5619,2768,2879,3282,3307,2749,5186,1831,1769,5589,4197,5959,4214,5632,6111,4363,4734,2131,2394,2428,2582,1985,3856,53776,39077,8289,6452,9770,7382,7604,48,44
2021-07-31T23:59:59+02:00,134,131,2821,2719,7872,5825,7773,5437,7012,7445,5297,5618,2766,2879,3282,3307,2749,5186,1792,1725,5488,4135,5894,4167,5579,6075,4335,4709,2128,2391,2428,2581,1985,3856,53731,38605,8284,6434,9769,7378,7572,48,44
2021-07-30T23:59:59+02:00,130,128,2809,2709,7844,5808,7758,5415,6992,7432,5290,5610,2765,2878,3282,3306,2749,5186,1771,1706,5401,4092,5824,4109,5520,6024,4309,4692,2123,2389,2427,2578,1985,3856,53643,38238,8273,6402,9769,7367,7509,48,44
2021-07-29T23:59:59+02:00,128,127,2774,2689,7786,5757,7717,5372,6962,7392,5266,5588,2764,2873,3280,3305,2749,5186,1730,1675,5273,3991,5691,4038,5429,5931,4262,4636,2115,2379,2424,2576,1984,3856,53428,37650,8256,6344,9764,7330,7365,48,44
2021-07-28T23:59:59+02:00,125,125,2752,2674,7746,5718,7681,5344,6934,7370,5251,5576,2761,2871,3278,3302,2748,5185,1692,1630,5171,3910,5573,3970,5335,5854,4226,4601,2103,2371,2422,2574,1984,3854,53223,37071,8243,6284,9760,7291,7313,48,44
2021-07-27T23:59:59+02:00,122,123,2734,2655,7699,5694,7644,5326,6913,7346,5238,5561,2759,2869,3278,3301,2747,5185,1649,1599,5028,3821,5446,3892,5245,5781,4181,4548,2096,2358,2421,2571,1983,3854,53081,36475,8220,6200,9759,7248,7232,48,44
2021-07-26T23:59:59+02:00,121,120,2707,2636,7665,5670,7608,5306,6886,7327,5233,5548,2755,2869,3277,3300,2747,5185,1611,1542,4885,3758,5334,3827,5171,5705,4126,4511,2092,2344,2420,2565,1983,3853,52926,35904,8196,6125,9756,7199,7175,48,44
2021-07-25T23:59:59+02:00,117,117,2690,2612,7626,5644,7573,5293,6865,7305,5223,5543,2753,2866,3276,3299,2747,5184,1591,1514,4828,3712,5277,3797,5123,5665,4095,4487,2088,2339,2419,2565,1983,3853,52759,35620,8186,6092,9753,7167,7126,48,44
2021-07-24T23:59:59+02:00,117,116,2674,2601,7593,5627,7546,5280,6847,7290,5214,5537,2752,2863,3276,3299,2747,5184,1571,1495,4781,3690,5202,3751,5081,5637,4074,4477,2087,2337,2418,2563,1983,3852,52667,35421,8164,6004,9752,7167,7070,48,44
2021-07-23T23:59:59+02:00,114,114,2642,2574,7537,5596,7513,5256,6813,7265,5192,5524,2750,2860,3274,3299,2747,5184,1514,1461,4638,3586,5063,3673,5005,5566,4026,4444,2086,2329,2417,2558,1982,3852,52473,34765,8158,5976,9750,7146,6960,48,44
2021-07-22T23:59:59+02:00,112,111,2607,2544,7445,5550,7459,5216,6761,7219,5158,5500,2743,2853,3272,3298,2747,5182,1454,1420,4470,3511,4909,3600,4855,5484,3936,4389,2073,2319,2412,2556,1982,3851,52132,34116,8137,5822,9738,7074,6850,48,44
2021-07-21T23:59:59+02:00,111,107,2574,2525,7373,5512,7398,5174,6699,7179,5137,5474,2736,2847,3270,3295,2747,5180,1424,1373,4347,3424,4767,3534,4744,5374,3863,4343,2060,2307,2409,2555,1982,3849,51858,33629,8084,5605,9732,7013,6740,48,44
2021-07-20T23:59:59+02:00,110,106,2551,2496,7312,5477,7361,5140,6660,7135,5106,5455,2733,2842,3268,3295,2747,5180,1389,1339,4226,3355,4677,3481,4650,5294,3807,4312,2056,2297,2408,2554,1982,3848,51582,33148,8073,5525,9730,6963,6662,48,44
2021-07-19T23:59:59+02:00,109,105,2523,2467,7255,5432,7311,5117,6620,7102,5085,5438,2728,2837,3267,3291,2747,5179,1367,1315,4149,3309,4594,3446,4571,5229,3771,4286,2052,2291,2404,2551,1981,3848,51283,32840,8058,5407,9729,6918,6615,48,44
2021-07-18T23:59:59+02:00,109,103,2492,2436,7178,5380,7267,5084,6582,7059,5066,5428,2721,2831,3265,3291,2746,5178,1349,1294,4102,3266,4554,3415,4521,5208,3734,4271,2046,2281,2403,2551,1981,3846,50941,32634,8041,5332,9725,6891,6579,48,42
2021-07-17T23:59:59+02:00,107,99,2474,2420,7158,5365,7248,5065,6562,7042,5045,5417,2717,2830,3265,3290,2746,5177,1336,1281,4068,3232,4509,3394,4480,5175,3704,4259,2040,2278,2403,2549,1981,3846,50820,32472,8031,5275,9724,6881,6520,48,42
2021-07-16T23:59:59+02:00,107,96,2432,2392,7094,5330,7186,5029,6516,6999,5013,5389,2710,2824,3263,3289,2746,5177,1296,1257,3964,3181,4416,3352,4391,5115,3643,4211,2026,2267,2397,2547,1981,3845,50633,32121,8000,5246,9710,6811,6312,48,42
2021-07-15T23:59:59+02:00,104,91,2389,2361,7016,5290,7121,4986,6466,6944,4996,5362,2707,2818,3260,3284,2746,5177,1243,1224,3761,3065,4230,3247,4237,5015,3577,4148,2017,2258,2392,2541,1981,3845,50283,31410,7981,5010,9704,6743,6208,48,42
2021-07-14T23:59:59+02:00,101,89,2348,2342,6942,5254,7045,4949,6409,6899,4974,5337,2698,2812,3257,3282,2746,5177,1194,1182,3642,2976,4127,3183,4131,4944,3531,4103,2004,2249,2391,2538,1981,3845,49950,30925,7964,4910,9700,6668,6101,48,42
2021-07-13T23:59:59+02:00,98,84,2317,2311,6883,5218,6980,4909,6367,6850,4951,5319,2688,2805,3255,3282,2746,5177,1160,1149,3539,2894,3998,3116,4043,4855,3476,4040,1976,2241,2388,2533,1979,3843,49615,30438,7954,4773,9699,6572,6022,47,42
2021-07-12T23:59:59+02:00,90,82,2287,2285,6812,5172,6909,4863,6315,6809,4923,5291,2683,2802,3252,3281,2746,5177,1129,1127,3440,2817,3884,3050,3938,4773,3423,3992,1965,2230,2383,2523,1979,3843,49258,29987,7940,4653,9695,6489,5934,47,41
2021-07-11T23:59:59+02:00,85,80,2275,2269,6774,5154,6879,4840,6283,6790,4914,5282,2680,2797,3250,3281,2745,5177,1120,1111,3397,2775,3823,3018,3884,4745,3401,3977,1956,2218,2380,2519,1979,3843,49140,29804,7917,4620,9692,6433,5852,47,41
2021-07-10T23:59:59+02:00,83,79,2251,2234,6692,5103,6815,4804,6233,6753,4888,5270,2677,2794,3250,3278,2745,5176,1102,1091,3339,2730,3776,2988,3846,4713,3385,3965,1949,2211,2380,2517,1979,3843,48879,29622,7895,4618,9676,6417,5715,47,41
2021-07-09T23:59:59+02:00,82,77,2227,2211,6616,5060,6764,4778,6183,6717,4868,5249,2675,2789,3249,3277,2745,5176,1079,1074,3279,2683,3725,2951,3794,4677,3355,3936,1945,2196,2378,2516,1979,3843,48646,29403,7859,4586,9667,6360,5604,47,41
2021-07-08T23:59:59+02:00,77,74,2168,2162,6513,4993,6654,4719,6116,6650,4832,5215,2667,2780,3246,3273,2745,5176,1002,1019,3109,2590,3529,2876,3616,4577,3279,3868,1928,2180,2376,2507,1978,3842,48301,28904,7780,4295,9632,6226,5375,47,41
2021-07-07T23:59:59+02:00,77,73,2093,2115,6388,4915,6546,4659,6040,6591,4796,5166,2661,2769,3241,3268,2745,5176,950,982,2955,2507,3355,2797,3457,4469,3221,3803,1908,2150,2368,2498,1978,3840,47784,28347,7730,4047,9611,6142,5217,47,41
2021-07-06T23:59:59+02:00,74,73,2046,2076,6275,4859,6452,4615,5984,6521,4751,5130,2654,2763,3237,3263,2745,5176,912,943,2839,2408,3263,2734,3379,4374,3160,3746,1881,2119,2363,2491,1978,3840,47325,27834,7679,3938,9595,6052,5112,46,41
2021-07-05T23:59:59+02:00,72,73,1971,2026,6129,4779,6337,4573,5913,6463,4709,5090,2650,2756,3235,3261,2745,5174,864,900,2730,2330,3185,2684,3299,4300,3112,3689,1859,2100,2356,2482,1977,3837,46834,27450,7633,3861,9569,5967,4928,46,41
2021-07-04T23:59:59+02:00,72,72,1924,1989,6034,4732,6289,4541,5870,6442,4691,5067,2647,2754,3235,3259,2745,5173,825,876,2665,2274,3148,2658,3267,4266,3087,3666,1843,2075,2353,2481,1976,3837,46612,27307,7590,3802,9540,5887,4800,45,41
2021-07-03T23:59:59+02:00,67,58,1819,1909,5821,4572,6138,4452,5782,6350,4640,5030,2645,2751,3235,3255,2745,5173,783,850,2599,2226,3098,2634,3228,4219,3056,3636,1837,2068,2352,2477,1976,3835,45762,27128,7556,3800,9532,5858,4585,45,41
2021-07-02T23:59:59+02:00,61,50,1778,1865,5741,4526,6090,4413,5759,6322,4627,5012,2644,2745,3234,3254,2744,5173,761,823,2525,2177,3025,2591,3184,4169,3025,3596,1819,2050,2348,2471,1976,3833,45475,26832,7517,3773,9527,5757,4505,45,41
2021-07-01T23:59:59+02:00,52,41,1729,1823,5631,4452,5999,4363,5682,6251,4599,4982,2640,2739,3233,3253,2744,5172,692,782,2325,2101,2833,2501,3006,4054,2925,3508,1787,2026,2339,2458,1975,3831,45043,26045,7456,3568,9511,5647,4358,45,41
2021-06-30T23:59:59+02:00,52,38,1678,1767,5508,4357,5897,4310,5623,6202,4586,4958,2636,2731,3231,3250,2744,5172,656,743,2221,2034,2720,2446,2895,3966,2861,3432,1767,1992,2330,2446,1974,3830,44598,25570,7389,3450,9494,5520,4237,45,41
2021-06-29T23:59:59+02:00,51,34,1620,1684,5393,4264,5797,4255,5566,6141,4557,4928,2630,2726,3230,3249,2743,5171,626,703,2138,1951,2639,2378,2794,3847,2799,3380,1750,1958,2317,2432,1973,3827,44053,25070,7355,3374,9486,5406,4116,45,41
2021-06-28T23:59:59+02:00,49,32,1585,1625,5274,4196,5726,4200,5520,6098,4529,4903,2626,2718,3229,3247,2743,5171,610,676,2041,1887,2560,2324,2721,3765,2753,3332,1731,1939,2309,2426,1973,3824,43638,24748,7291,3233,9474,5309,4028,45,41
2021-06-27T23:59:59+02:00,48,31,1553,1597,5224,4153,5678,4167,5476,6079,4518,4891,2623,2714,3229,3246,2743,5171,590,658,1990,1840,2522,2304,2675,3726,2723,3315,1719,1923,2308,2416,1973,3824,43444,24598,7254,3178,9451,5221,3952,45,41
2021-06-26T23:59:59+02:00,36,26,1520,1567,5151,4106,5580,4122,5435,6044,4497,4878,2623,2712,3229,3244,2743,5171,584,648,1957,1818,2485,2284,2652,3703,2701,3293,1697,1913,2307,2414,1973,3824,43069,24370,7167,3174,9451,5197,3952,44,41
2021-06-25T23:59:59+02:00,29,18,1484,1524,5035,4026,5523,4093,5399,6017,4471,4866,2619,2709,3227,3243,2743,5170,574,623,1910,1798,2421,2217,2555,3562,2655,3191,1688,1891,2303,2410,1971,3823,42619,23905,7130,3148,9450,5016,3950,44,41
2021-06-24T23:59:59+02:00,21,13,1432,1470,4844,3906,5394,4041,5302,5973,4427,4835,2614,2706,3227,3242,2742,5170,534,600,1798,1729,2249,2150,2393,3478,2542,3096,1654,1868,2293,2404,1970,3820,41954,23380,7075,2839,9439,4931,3838,44,41
2021-06-23T23:59:59+02:00,21,13,1400,1435,4759,3847,5309,3989,5246,5927,4402,4800,2604,2699,3223,3238,2741,5169,500,581,1732,1670,2148,2102,2274,3386,2438,2999,1629,1844,2287,2397,1969,3818,41515,22824,7016,2763,9434,4787,3802,44,41
2021-06-22T23:59:59+02:00,20,13,1373,1414,4681,3781,5226,3941,5200,5880,4373,4774,2600,2693,3223,3237,2740,5169,484,562,1674,1629,2064,2046,2193,3273,2331,2900,1615,1820,2277,2385,1968,3814,41096,22385,6969,2643,9430,4625,3776,44,40
2021-06-21T23:59:59+02:00,19,13,1344,1371,4565,3693,5144,3895,5134,5819,4346,4754,2596,2679,3222,3232,2739,5167,468,546,1638,1593,2029,2005,2142,3190,2263,2819,1590,1784,2254,2362,1968,3810,40564,22082,6924,2546,9427,4480,3742,44,40
2021-06-20T23:59:59+02:00,18,11,1320,1340,4491,3628,5098,3877,5099,5799,4323,4742,2592,2677,3221,3232,2738,5167,452,531,1604,1564,2003,1981,2107,3163,2213,2778,1583,1769,2252,2356,1968,3809,40282,21891,6893,2509,9414,4415,3703,44,39
2021-06-19T23:59:59+02:00,17,11,1309,1321,4448,3596,5077,3849,5067,5774,4305,4732,2588,2675,3221,3231,2737,5167,447,527,1587,1547,1987,1954,2094,3139,2188,2741,1575,1760,2248,2353,1966,3808,40112,21732,6829,2480,9414,4405,3682,44,39
2021-06-18T23:59:59+02:00,12,8,1290,1299,4377,3552,5026,3809,5017,5733,4281,4720,2584,2671,3220,3229,2737,5167,434,517,1566,1530,1960,1923,2048,3090,2131,2679,1561,1743,2248,2348,1965,3805,39779,21416,6782,2477,9413,4358,3668,44,39
2021-06-17T23:59:59+02:00,10,7,1244,1263,4216,3481,4839,3735,4842,5640,4217,4671,2578,2668,3220,3228,2736,5167,400,500,1467,1497,1783,1861,1884,2995,2025,2597,1537,1720,2237,2336,1963,3803,39168,20941,6720,2371,9403,4277,3379,42,39
2021-06-16T23:59:59+02:00,10,7,1219,1229,4109,3396,4740,3680,4735,5569,4171,4640,2570,2664,3219,3224,2735,5166,384,479,1408,1461,1719,1830,1802,2915,1961,2524,1521,1692,2223,2323,1963,3799,38676,20536,6592,2303,9393,4198,3324,42,39
2021-06-15T23:59:59+02:00,10,7,1184,1194,3972,3310,4669,3622,4659,5493,4128,4607,2560,2657,3214,3222,2735,5165,374,455,1358,1414,1672,1788,1732,2858,1889,2451,1503,1661,2217,2309,1962,3798,38121,20207,6552,2215,9380,4126,3244,42,39
2021-06-14T23:59:59+02:00,10,5,1157,1159,3880,3255,4585,3566,4580,5422,4076,4573,2556,2647,3213,3218,2734,5164,364,442,1319,1379,1624,1756,1684,2799,1828,2397,1490,1635,2212,2302,1961,3796,37657,19955,6462,2143,9374,4046,3189,41,39
2021-06-13T23:59:59+02:00,10,5,1142,1145,3829,3212,4527,3521,4530,5383,4056,4558,2555,2641,3212,3217,2734,5162,358,435,1286,1361,1589,1731,1641,2763,1788,2352,1474,1614,2206,2291,1961,3794,37395,19765,6425,2120,9368,3969,3129,41,39
2021-06-12T23:59:59+02:00,10,4,1125,1123,3801,3186,4499,3499,4511,5368,4040,4548,2552,2638,3211,3216,2734,5161,354,433,1278,1344,1564,1705,1612,2743,1743,2330,1464,1602,2194,2287,1961,3793,37206,19593,6413,2120,9368,3910,3115,41,39
2021-06-11T23:59:59+02:00,8,4,1107,1110,3761,3140,4424,3471,4472,5331,4013,4537,2551,2634,3210,3213,2734,5160,343,421,1256,1310,1536,1685,1566,2693,1685,2282,1453,1586,2192,2282,1961,3792,36910,19335,6386,2112,9364,3833,3090,41,39
2021-06-10T23:59:59+02:00,7,4,1047,1065,3637,3056,4292,3389,4368,5261,3956,4502,2547,2626,3208,3211,2733,5160,327,409,1194,1274,1469,1623,1501,2621,1593,2176,1419,1551,2187,2272,1960,3789,36319,18895,6244,2105,9346,3677,3008,41,38
2021-06-09T23:59:59+02:00,7,2,997,1030,3508,2958,4150,3328,4277,5182,3911,4460,2543,2620,3205,3207,2733,5160,309,392,1131,1238,1400,1595,1439,2539,1515,2100,1392,1491,2179,2258,1959,3786,35828,18567,6073,2051,9342,3545,2874,41,38
2021-06-08T23:59:59+02:00,6,2,948,989,3378,2869,4028,3239,4175,5095,3854,4431,2535,2615,3202,3204,2732,5158,294,369,1087,1198,1344,1561,1383,2479,1464,2026,1367,1454,2168,2240,1955,3781,35267,18319,5936,2002,9331,3405,2749,41,37
2021-06-07T23:59:59+02:00,5,2,920,963,3273,2792,3895,3198,4050,5021,3802,4403,2521,2609,3201,3202,2732,5156,285,362,1041,1159,1288,1539,1337,2424,1392,1972,1352,1432,2152,2223,1954,3772,34880,18141,5755,1966,9322,3273,2601,41,37
2021-06-06T23:59:59+02:00,5,2,901,953,3214,2751,3805,3146,3975,4990,3767,4387,2517,2603,3199,3201,2730,5155,278,349,1026,1133,1256,1505,1312,2367,1360,1912,1336,1415,2145,2216,1952,3769,34664,18035,5617,1917,9313,3159,2511,41,37
2021-06-05T23:59:59+02:00,5,2,886,934,3142,2690,3756,3115,3939,4964,3754,4382,2516,2601,3199,3200,2730,5154,273,342,1010,1111,1233,1485,1287,2336,1324,1890,1316,1389,2142,2212,1952,3769,34380,17863,5610,1914,9307,3108,2470,41,36
2021-06-04T23:59:59+02:00,3,2,862,918,3087,2638,3679,3074,3867,4907,3724,4362,2512,2598,3196,3200,2730,5154,262,335,987,1078,1210,1471,1252,2297,1287,1853,1297,1364,2132,2207,1952,3767,34054,17695,5562,1909,9304,3048,2381,41,36
2021-06-03T23:59:59+02:00,3,2,816,886,2930,2537,3491,2967,3687,4784,3628,4289,2504,2588,3191,3194,2730,5154,250,321,954,1042,1151,1416,1183,2201,1224,1788,1256,1318,2121,2193,1952,3765,33365,17466,5326,1888,9288,2882,2172,41,36
2021-06-02T23:59:59+02:00,3,2,785,877,2855,2455,3423,2911,3618,4719,3585,4263,2502,2583,3191,3193,2730,5154,234,316,933,1010,1096,1384,1132,2156,1171,1735,1241,1280,2117,2190,1952,3765,32999,17248,5308,1873,9287,2843,2013,41,36
2021-06-01T23:59:59+02:00,3,2,739,849,2690,2338,3229,2809,3440,4601,3521,4199,2491,2575,3188,3187,2730,5154,221,303,854,959,993,1319,1041,2038,1116,1658,1206,1220,2108,2178,1950,3760,32389,16964,5085,1833,9275,2646,1732,41,36
2021-05-31T23:59:59+02:00,3,2,704,823,2559,2253,3091,2710,3324,4496,3460,4148,2484,2562,3186,3182,2730,5153,206,287,805,914,923,1265,988,1951,1073,1598,1183,1189,2102,2173,1948,3758,31993,16784,4852,1818,9256,2510,1494,41,36
2021-05-30T23:59:59+02:00,3,2,693,809,2502,2203,3014,2671,3264,4448,3440,4124,2480,2557,3185,3181,2729,5151,196,267,764,875,866,1219,941,1883,1050,1545,1165,1173,2096,2163,1948,3756,31841,16685,4787,1804,9245,2353,1303,41,36
2021-05-29T23:59:59+02:00,3,1,691,807,2487,2186,2991,2659,3247,4430,3430,4115,2479,2556,3185,3181,2729,5151,193,257,758,865,847,1194,922,1829,1031,1507,1150,1152,2095,2155,1947,3756,31716,16579,4785,1803,9243,2210,1302,41,36
2021-05-28T23:59:59+02:00,3,1,683,797,2454,2150,2943,2632,3222,4409,3418,4098,2478,2552,3183,3175,2729,5151,190,249,747,855,837,1173,911,1787,996,1463,1127,1121,2092,2147,1946,3754,31477,16394,4774,1801,9238,2133,1298,41,36
2021-05-27T23:59:59+02:00,3,1,637,776,2325,2095,2808,2559,3084,4330,3333,4044,2470,2538,3182,3173,2729,5148,175,232,684,803,761,1117,828,1689,927,1376,1104,1088,2078,2126,1945,3752,30982,16171,4642,1760,9205,1878,1100,41,35
2021-05-26T23:59:59+02:00,3,1,606,750,2221,2030,2646,2499,2956,4266,3278,3990,2459,2526,3177,3166,2726,5142,168,214,646,764,715,1081,779,1620,881,1318,1085,1058,2059,2092,1940,3745,30578,15936,4403,1745,9175,1738,968,41,35
2021-05-25T23:59:59+02:00,3,1,583,734,2135,1971,2544,2457,2848,4183,3226,3952,2445,2517,3174,3161,2725,5138,158,205,625,735,680,1046,732,1559,829,1255,1060,1034,2028,2057,1939,3740,30215,15695,4221,1706,9133,1601,903,40,32
2021-05-24T23:59:59+02:00,3,1,570,711,2080,1930,2469,2427,2777,4129,3172,3908,2433,2509,3168,3160,2722,5137,153,197,606,717,653,1014,694,1497,804,1198,1036,1016,2022,2053,1934,3739,30029,15584,4045,1693,9097,1475,804,39,31
2021-05-23T23:59:59+02:00,3,1,567,709,2066,1918,2456,2413,2766,4116,3161,3894,2428,2506,3168,3158,2722,5137,152,196,602,711,645,1008,676,1484,791,1189,1030,1010,2017,2048,1932,3735,29916,15496,4042,1686,9096,1465,802,39,31
2021-05-22T23:59:59+02:00,3,1,562,699,2043,1899,2422,2396,2741,4086,3131,3865,2419,2501,3166,3155,2722,5136,149,188,595,706,641,998,662,1478,785,1180,1017,1002,2009,2033,1932,3735,29681,15425,4041,1686,9094,1427,792,39,31
2021-05-21T23:59:59+02:00,3,1,550,681,1958,1869,2330,2349,2674,4035,3087,3816,2412,2487,3163,3153,2722,5134,149,185,589,699,629,988,648,1466,764,1159,1000,973,1996,2027,1932,3734,29198,15321,4013,1684,9077,1364,789,39,31
2021-05-20T23:59:59+02:00,3,1,512,659,1825,1797,2197,2274,2549,3938,3000,3728,2391,2472,3154,3145,2720,5131,141,176,561,664,596,949,620,1407,732,1096,973,937,1984,2012,1930,3731,28512,15180,3895,1668,9003,1157,717,39,31
2021-05-19T23:59:59+02:00,3,1,472,624,1718,1723,2060,2206,2410,3840,2896,3628,2370,2452,3147,3138,2714,5130,128,168,534,643,564,915,592,1356,704,1035,951,916,1964,1979,1923,3727,27761,15001,3824,1645,8959,1060,599,39,31
2021-05-18T23:59:59+02:00,3,0,447,601,1640,1662,1962,2145,2295,3717,2795,3527,2357,2431,3139,3130,2713,5126,120,161,510,623,541,882,574,1280,686,972,933,889,1950,1957,1919,3720,27239,14860,3650,1604,8902,954,499,39,31
2021-05-17T23:59:59+02:00,3,0,426,589,1583,1627,1904,2092,2217,3606,2740,3454,2337,2411,3128,3122,2711,5121,115,153,488,609,530,847,561,1216,673,917,911,852,1945,1946,1918,3715,26926,14767,3497,1565,8835,855,406,39,29
2021-05-16T23:59:59+02:00,3,0,422,588,1554,1599,1873,2068,2173,3553,2679,3395,2323,2402,3125,3118,2711,5120,112,151,480,590,521,831,547,1166,653,875,883,821,1938,1941,1918,3714,26738,14705,3428,1528,8794,767,333,39,29
2021-05-15T23:59:59+02:00,3,0,417,583,1527,1582,1854,2048,2153,3529,2652,3357,2316,2402,3124,3115,2710,5120,111,148,478,589,521,830,542,1162,645,867,879,818,1932,1937,1918,3714,26534,14669,3428,1527,8786,759,328,37,29
2021-05-14T23:59:59+02:00,3,0,404,569,1496,1552,1813,2004,2073,3455,2598,3309,2306,2390,3121,3115,2708,5120,109,144,475,573,501,805,522,1131,631,851,864,803,1924,1928,1918,3713,26151,14606,3386,1511,8762,657,307,37,29
2021-05-13T23:59:59+02:00,2,0,381,553,1436,1503,1709,1959,1957,3367,2526,3216,2279,2372,3112,3109,2706,5114,104,141,463,565,491,790,516,1116,618,838,835,770,1907,1902,1917,3707,25699,14514,3167,1457,8708,617,280,37,27
2021-05-12T23:59:59+02:00,1,0,374,548,1418,1495,1691,1950,1937,3342,2511,3198,2276,2365,3106,3106,2706,5113,104,139,460,565,490,783,511,1111,614,832,827,754,1903,1893,1915,3707,25563,14455,3144,1447,8702,616,277,36,27
2021-05-11T23:59:59+02:00,1,0,353,528,1350,1458,1593,1910,1825,3244,2406,3120,2259,2337,3097,3095,2701,5112,98,129,445,537,470,753,491,1079,579,810,798,720,1890,1882,1913,3703,25144,14329,2973,1403,8588,528,220,36,27
2021-05-10T23:59:59+02:00,1,0,338,509,1311,1429,1540,1880,1757,3182,2344,3048,2244,2322,3088,3086,2700,5108,98,126,439,530,461,732,484,1055,574,787,782,701,1884,1875,1911,3698,24861,14260,2897,1394,8466,474,192,36,26
2021-05-09T23:59:59+02:00,1,0,332,499,1270,1409,1513,1863,1710,3145,2275,2995,2233,2308,3085,3080,2700,5103,95,123,430,521,453,726,474,1045,563,773,767,691,1875,1870,1910,3695,24617,14211,2842,1386,8415,425,169,36,25
2021-05-08T23:59:59+02:00,1,0,326,496,1259,1390,1480,1840,1679,3118,2224,2974,2226,2300,3082,3079,2698,5102,94,123,429,520,451,725,473,1040,563,767,761,690,1870,1859,1910,3695,24373,14190,2838,1378,8411,412,168,36,25
2021-05-07T23:59:59+02:00,1,0,315,489,1231,1363,1428,1820,1619,3054,2169,2925,2217,2289,3081,3074,2696,5097,91,120,417,507,441,698,460,1005,540,742,755,665,1849,1844,1910,3691,24088,14118,2809,1353,8345,308,134,36,22
2021-05-06T23:59:59+02:00,1,0,297,474,1143,1325,1311,1758,1478,2940,2025,2832,2177,2253,3077,3061,2695,5093,88,114,404,493,429,681,447,982,522,719,740,646,1831,1828,1906,3684,23573,14034,2616,1328,8132,223,106,34,21
2021-05-05T23:59:59+02:00,1,0,282,460,1102,1299,1264,1721,1410,2874,1933,2748,2152,2219,3062,3046,2695,5082,88,110,396,483,424,669,439,970,515,701,718,633,1805,1806,1906,3681,23108,13947,2556,1302,8066,174,99,34,19
2021-05-04T23:59:59+02:00,1,0,274,449,1065,1275,1225,1700,1364,2826,1869,2681,2132,2184,3052,3032,2685,5069,84,106,389,472,421,664,429,950,505,681,700,610,1785,1779,1902,3681,22757,13841,2493,1269,8013,133,93,34,18
2021-05-03T23:59:59+02:00,1,0,267,441,1033,1252,1188,1683,1335,2791,1821,2643,2114,2153,3038,3023,2683,5063,78,100,377,466,413,656,425,942,497,674,681,598,1758,1750,1900,3677,22498,13735,2468,1258,7962,112,64,34,17
2021-05-02T23:59:59+02:00,1,0,261,439,1019,1240,1160,1667,1309,2778,1806,2620,2106,2138,3033,3020,2681,5060,76,99,371,462,408,651,420,936,493,669,673,585,1733,1735,1900,3676,22372,13686,2451,1230,7922,98,50,34,16
2021-05-01T23:59:59+02:00,1,0,257,434,1011,1231,1147,1656,1293,2764,1788,2601,2097,2131,3029,3016,2681,5059,76,98,371,461,406,651,418,932,493,668,671,585,1733,1735,1900,3676,22227,13678,2450,1230,7922,95,48,34,16
2021-04-30T23:59:59+02:00,1,0,254,428,1000,1209,1125,1636,1255,2699,1720,2538,2083,2113,3022,3011,2680,5055,75,96,370,455,403,645,417,907,488,656,664,579,1730,1729,1900,3674,21895,13662,2445,1218,7918,70,16,34,15
2021-04-29T23:59:59+02:00,1,0,240,413,951,1185,1086,1598,1203,2641,1624,2461,2032,2063,3012,2999,2675,5043,75,95,364,454,398,640,410,896,477,646,647,567,1714,1716,1894,3668,21386,13582,2407,1191,7858,48,15,33,15
2021-04-28T23:59:59+02:00,1,0,229,410,935,1170,1056,1586,1167,2600,1555,2405,1985,2000,2999,2994,2673,5040,72,94,357,451,395,631,406,886,470,631,629,548,1695,1695,1894,3666,21066,13502,2359,1141,7800,35,14,33,15
2021-04-27T23:59:59+02:00,1,0,226,402,921,1156,1039,1573,1143,2574,1532,2376,1950,1953,2992,2987,2671,5036,70,91,355,448,393,626,404,882,464,626,621,535,1683,1672,1890,3663,20856,13439,2327,1112,7765,30,14,29,15
2021-04-26T23:59:59+02:00,1,0,223,395,911,1147,1028,1560,1115,2555,1477,2326,1930,1930,2982,2976,2668,5030,70,91,351,444,393,624,398,879,460,620,611,522,1668,1657,1888,3658,20655,13389,2311,1073,7697,28,14,29,15
2021-04-25T23:59:59+02:00,1,0,223,394,903,1137,1015,1552,1098,2536,1444,2291,1901,1906,2974,2969,2668,5029,69,90,350,438,390,622,395,875,458,619,608,515,1662,1647,1888,3656,20517,13367,2283,1053,7645,20,14,29,13
2021-04-24T23:59:59+02:00,1,0,219,390,892,1127,1002,1538,1084,2517,1407,2267,1891,1881,2971,2963,2668,5029,69,90,350,438,389,622,395,873,457,616,605,512,1661,1644,1888,3656,20338,13360,2283,1042,7625,20,14,29,13
2021-04-23T23:59:59+02:00,1,0,215,383,881,1114,995,1527,1064,2496,1349,2218,1865,1853,2964,2957,2668,5026,68,88,350,438,389,621,394,869,454,612,598,504,1651,1634,1888,3651,20170,13331,2271,1014,7525,20,14,29,13
2021-04-22T23:59:59+02:00,1,0,213,375,855,1092,971,1504,1032,2452,1292,2153,1818,1800,2950,2937,2666,5017,68,87,348,433,383,613,391,859,449,606,584,496,1632,1619,1883,3646,19854,13254,2215,986,7444,13,14,29,13
2021-04-21T23:59:59+02:00,1,0,207,368,836,1077,946,1485,990,2415,1240,2100,1766,1729,2928,2915,2659,5008,66,85,345,431,381,610,388,854,446,599,579,490,1618,1597,1872,3641,19490,13182,2179,963,7381,13,14,29,13
2021-04-20T23:59:59+02:00,1,0,201,363,818,1053,926,1464,967,2361,1196,2043,1702,1660,2898,2888,2653,4990,65,85,343,430,377,606,383,848,445,592,572,481,1595,1565,1868,3637,19147,13097,2106,939,7307,12,14,29,13
2021-04-19T23:59:59+02:00,1,0,199,353,803,1042,912,1445,950,2328,1170,2007,1657,1613,2885,2873,2651,4985,65,84,342,428,372,600,379,839,440,581,568,475,1567,1538,1862,3624,18925,13001,2087,911,7236,9,13,28,13
2021-04-18T23:59:59+02:00,1,0,197,350,796,1033,900,1434,928,2305,1146,1986,1616,1571,2876,2865,2644,4979,64,82,341,427,372,600,378,834,439,578,565,469,1557,1532,1859,3622,18777,12971,2054,895,7162,9,13,28,13
2021-04-17T23:59:59+02:00,1,0,195,346,793,1030,893,1432,919,2300,1139,1978,1596,1540,2871,2856,2644,4979,64,79,339,422,371,600,376,830,438,575,560,463,1546,1524,1859,3619,18691,12919,2053,893,7133,9,13,28,13
2021-04-16T23:59:59+02:00,1,0,194,345,784,1023,879,1415,905,2277,1101,1937,1539,1472,2857,2841,2640,4972,59,77,336,415,370,598,371,818,431,561,533,432,1533,1502,1848,3606,18456,12811,2036,826,7053,8,13,27,12
2021-04-15T23:59:59+02:00,1,0,193,340,762,1006,861,1403,879,2232,1057,1894,1485,1413,2828,2813,2625,4956,57,76,331,409,365,597,363,811,421,558,518,424,1499,1468,1835,3591,18170,12693,2019,777,6918,7,13,26,12
2021-04-14T23:59:59+02:00,1,0,192,334,753,998,854,1390,864,2198,1037,1863,1425,1365,2777,2747,2612,4940,54,72,326,405,361,592,360,802,410,544,502,404,1463,1436,1828,3572,17885,12550,1995,729,6827,7,13,23,11
2021-04-13T23:59:59+02:00,1,0,188,328,744,994,843,1378,854,2173,1003,1834,1358,1292,2723,2688,2604,4925,52,72,321,401,352,584,353,794,401,536,489,396,1436,1413,1819,3561,17632,12448,1942,681,6712,5,13,22,11
2021-04-12T23:59:59+02:00,1,0,188,327,738,989,835,1366,826,2150,987,1813,1305,1254,2703,2658,2600,4911,51,68,311,393,347,578,348,786,395,529,470,386,1417,1397,1816,3553,17491,12351,1916,639,6598,5,13,20,11
2021-04-11T23:59:59+02:00,0,0,186,325,732,978,827,1361,812,2131,970,1795,1279,1222,2681,2636,2595,4904,50,66,306,391,345,576,347,782,390,521,464,377,1402,1392,1811,3546,17412,12298,1888,613,6487,4,12,19,11
2021-04-10T23:59:59+02:00,0,0,186,323,732,975,824,1360,805,2123,962,1788,1265,1206,2668,2619,2594,4904,45,61,283,377,329,560,333,770,375,511,449,370,1390,1372,1806,3540,17352,12115,1879,597,6455,4,11,19,11
2021-04-09T23:59:59+02:00,0,0,186,319,727,972,814,1337,796,2039,942,1705,1209,1132,2624,2590,2591,4896,38,59,269,363,310,547,313,756,361,494,431,360,1346,1342,1793,3526,17185,11874,1839,567,6202,4,9,17,10
2021-04-08T23:59:59+02:00,0,0,184,315,723,965,803,1325,780,2021,917,1683,1133,1048,2564,2550,2578,4886,37,57,261,349,297,539,297,740,335,476,404,337,1296,1303,1769,3492,17005,11583,1766,534,6050,4,8,17,10
2021-04-07T23:59:59+02:00,0,0,178,312,714,959,795,1310,763,1992,894,1651,1078,985,2508,2489,2569,4871,35,54,243,332,287,533,288,727,320,463,374,317,1249,1264,1750,3454,16807,11309,1718,503,5884,4,8,17,10
2021-04-06T23:59:59+02:00,0,0,174,311,707,954,779,1295,743,1970,865,1625,1044,938,2467,2439,2561,4861,33,53,241,329,283,530,278,723,310,458,363,303,1218,1234,1730,3432,16683,11172,1683,468,5702,4,8,17,10
2021-04-05T23:59:59+02:00,0,0,174,311,706,948,773,1285,734,1954,854,1610,1015,911,2440,2396,2556,4852,33,53,241,325,282,526,274,716,304,456,361,296,1182,1208,1722,3413,16615,11074,1666,438,5568,4,8,17,10
2021-04-04T23:59:59+02:00,0,0,173,308,703,941,767,1273,723,1937,845,1588,999,895,2432,2390,2556,4851,33,53,241,325,281,526,274,716,303,456,359,296,1164,1194,1718,3409,16580,11029,1660,438,5472,4,8,16,10
2021-04-03T23:59:59+02:00,0,0,173,308,703,941,765,1271,722,1932,837,1584,986,884,2425,2379,2553,4850,33,53,241,325,281,526,274,715,303,454,359,296,1164,1189,1718,3406,16531,11018,1660,438,5451,4,8,16,10
2021-04-02T23:59:59+02:00,0,0,173,307,703,940,764,1268,718,1925,829,1573,973,871,2402,2356,2551,4847,33,53,238,325,279,524,271,708,296,449,354,294,1142,1161,1706,3379,16455,10898,1648,431,5423,4,8,16,10
2021-04-01T23:59:59+02:00,0,0,170,304,697,929,751,1254,712,1905,811,1552,941,835,2360,2306,2545,4828,32,52,230,322,277,520,268,701,290,444,342,286,1102,1120,1673,3336,16318,10693,1584,417,5319,4,8,16,10
2021-03-31T23:59:59+02:00,0,0,167,301,690,922,741,1238,703,1859,796,1509,923,815,2313,2240,2524,4809,32,52,229,321,272,518,263,699,280,433,327,280,1036,1067,1649,3304,16196,10480,1514,398,5161,4,7,16,10
2021-03-30T23:59:59+02:00,0,0,163,294,684,913,737,1217,692,1820,784,1463,900,796,2262,2174,2510,4787,32,51,226,318,269,515,260,693,274,425,316,274,1002,1038,1627,3268,16044,10321,1466,380,5005,4,7,16,10
2021-03-29T23:59:59+02:00,0,0,160,288,678,900,731,1205,682,1788,771,1424,881,777,2186,2105,2489,4757,32,50,225,316,268,513,256,685,266,414,309,267,974,1016,1614,3241,15831,10188,1422,370,4886,4,7,16,10
2021-03-28T23:59:59+02:00,0,0,152,270,668,893,724,1196,677,1767,766,1406,873,755,2137,2060,2484,4745,32,49,222,316,264,507,252,682,264,411,307,265,963,1005,1608,3233,15747,10130,1367,362,4775,4,7,16,10
2021-03-27T23:59:59+01:00,0,0,152,267,664,886,720,1192,671,1756,763,1399,862,740,2125,2044,2484,4742,32,49,222,316,264,507,251,675,261,406,305,264,956,995,1590,3209,15690,10063,1357,351,4733,4,7,16,10
2021-03-26T23:59:59+01:00,0,0,150,265,654,874,714,1176,661,1737,754,1367,843,720,2099,2018,2474,4732,32,49,222,316,263,505,251,674,255,394,299,256,924,963,1557,3158,15582,9880,1319,351,4647,4,5,16,10
2021-03-25T23:59:59+01:00,0,0,147,264,644,862,693,1155,643,1699,735,1324,823,700,2055,1974,2458,4714,32,48,219,311,262,504,245,671,253,392,291,252,885,932,1495,3079,15465,9644,1265,337,4468,3,5,15,10
2021-03-24T23:59:59+01:00,0,0,144,255,629,849,686,1141,634,1660,720,1290,798,680,2011,1930,2441,4690,32,48,217,308,260,502,243,671,247,389,284,246,839,907,1444,2986,15323,9414,1230,321,4312,2,4,15,10
2021-03-23T23:59:59+01:00,0,0,141,253,622,839,672,1128,624,1637,706,1250,780,666,1970,1899,2425,4671,31,47,215,307,258,498,236,666,244,382,274,242,813,883,1366,2887,15227,9149,1200,310,4161,2,4,15,10
2021-03-22T23:59:59+01:00,0,0,138,248,604,820,655,1109,613,1603,689,1224,769,652,1938,1874,2414,4655,31,46,214,305,256,496,235,658,243,378,270,238,786,861,1274,2781,15141,8883,1168,298,4000,2,4,13,10
2021-03-21T23:59:59+01:00,0,0,135,246,600,813,651,1106,608,1579,677,1189,762,641,1914,1867,2407,4639,31,46,213,305,255,494,234,657,241,376,268,234,780,858,1265,2772,15107,8849,1147,289,3879,2,4,12,9
2021-03-20T23:59:59+01:00,0,0,133,246,594,810,647,1102,604,1575,675,1187,755,632,1890,1843,2400,4627,31,46,213,305,254,494,233,655,238,370,266,232,770,852,1247,2758,15041,8794,1137,279,3839,2,4,12,9
2021-03-19T23:59:59+01:00,0,0,124,234,587,796,638,1095,600,1557,658,1173,719,587,1830,1801,2370,4606,30,46,213,304,253,494,231,648,235,367,264,226,744,833,1209,2705,14865,8646,1061,264,3742,2,4,11,9
2021-03-18T23:59:59+01:00,0,0,121,229,568,786,618,1063,581,1507,628,1125,683,562,1778,1752,2342,4563,30,46,212,302,251,486,231,643,231,358,262,218,726,821,1176,2661,14670,8514,996,245,3526,2,4,11,9
2021-03-17T23:59:59+01:00,0,0,115,223,557,771,606,1058,571,1494,613,1102,659,537,1733,1717,2321,4524,30,45,212,301,250,483,230,642,230,355,261,216,714,808,1141,2614,14466,8396,945,239,3470,2,4,10,9
2021-03-16T23:59:59+01:00,0,0,110,217,545,759,592,1044,559,1451,596,1074,640,513,1678,1661,2299,4487,30,44,212,299,250,477,229,640,228,354,257,216,697,789,1111,2558,14286,8259,889,236,3325,2,2,10,9
2021-03-15T23:59:59+01:00,0,0,106,210,530,742,580,1020,547,1417,581,1035,620,494,1632,1622,2277,4462,29,44,211,296,250,474,227,638,226,354,248,211,677,777,1086,2522,14123,8153,834,222,3187,2,0,10,9
2021-03-14T23:59:59+01:00,0,0,102,198,521,727,569,998,539,1372,564,990,602,478,1603,1601,2261,4437,29,44,211,294,249,473,226,633,225,349,246,207,673,770,1078,2507,14016,8126,799,193,3011,2,0,10,9
2021-03-13T23:59:59+01:00,0,0,98,188,495,706,540,972,511,1348,541,969,574,469,1576,1574,2253,4429,29,44,211,294,249,473,225,633,225,348,245,207,667,760,1047,2476,13789,8044,785,192,2917,2,0,10,9
2021-03-12T23:59:59+01:00,0,0,89,182,469,677,520,945,487,1313,514,932,542,447,1518,1527,2230,4390,29,44,211,293,249,472,225,633,225,347,241,205,651,748,1021,2449,13476,7952,755,192,2786,2,0,10,8
2021-03-11T23:59:59+01:00,0,0,83,171,437,640,485,912,447,1234,476,868,508,414,1438,1459,2182,4331,29,43,210,290,244,468,223,629,221,344,236,203,635,725,996,2408,13086,7864,702,141,2512,2,0,10,8
2021-03-10T23:59:59+01:00,0,0,81,165,413,615,466,895,428,1198,448,823,477,388,1359,1393,2143,4275,29,43,208,285,240,464,220,623,221,342,231,200,616,717,973,2368,12740,7754,669,124,2369,2,0,10,8
2021-03-09T23:59:59+01:00,0,0,81,161,402,594,439,866,413,1148,430,791,455,369,1307,1360,2101,4230,29,43,207,282,238,456,217,619,217,337,229,199,604,710,954,2337,12511,7670,642,105,2192,2,0,10,8
2021-03-08T23:59:59+01:00,0,0,78,156,389,576,418,848,401,1095,418,749,439,353,1249,1324,2077,4192,29,43,207,281,235,450,213,614,212,333,227,198,591,705,944,2326,12320,7617,605,89,2031,1,0,10,7
2021-03-07T23:59:59+01:00,0,0,75,152,386,566,410,832,389,1081,411,743,436,348,1236,1304,2068,4183,29,43,206,280,235,448,211,613,212,332,226,197,587,702,936,2319,12253,7587,578,87,1979,0,0,10,7
2021-03-06T23:59:59+01:00,0,0,75,145,383,561,403,810,379,1024,403,709,433,347,1229,1293,2053,4168,29,43,206,280,234,447,211,612,212,332,226,197,584,702,934,2305,12194,7578,578,74,1830,0,0,10,7
2021-03-05T23:59:59+01:00,0,0,75,140,379,555,399,803,376,1007,391,683,421,333,1188,1251,2009,4107,29,43,205,279,233,446,210,610,211,329,224,196,579,701,926,2284,11975,7554,556,48,1766,0,0,10,7
2021-03-04T23:59:59+01:00,0,0,74,127,370,522,385,770,356,965,377,653,403,331,1136,1201,1925,4011,28,43,203,272,231,440,208,599,208,328,223,195,577,698,923,2281,11672,7506,522,47,1589,0,0,10,5
2021-03-03T23:59:59+01:00,0,0,68,116,361,506,377,753,351,943,363,633,393,323,1091,1167,1855,3889,28,43,203,271,230,438,205,589,208,322,222,192,572,695,916,2275,11396,7462,495,42,1472,0,0,9,5
2021-03-02T23:59:59+01:00,0,0,65,109,351,493,362,734,340,922,355,605,380,316,1055,1136,1757,3768,27,43,203,271,230,431,200,582,206,319,220,192,570,687,909,2262,11070,7403,471,42,1374,0,0,9,5
2021-03-01T23:59:59+01:00,0,0,64,107,345,479,355,714,329,897,348,571,374,313,1027,1104,1639,3613,27,42,202,270,228,422,198,574,206,315,219,192,567,679,900,2254,10726,7345,450,42,1266,0,0,9,5
2021-02-28T23:59:59+01:00,0,0,64,105,338,470,352,706,327,873,342,551,369,301,1018,1100,1629,3601,27,42,201,269,227,422,198,574,206,315,218,192,566,675,897,2251,10680,7330,439,42,1188,0,0,9,5
2021-02-27T23:59:59+01:00,0,0,61,96,334,461,348,702,321,860,338,541,365,297,1008,1089,1606,3579,27,42,201,268,227,421,197,573,205,314,218,192,566,675,897,2251,10608,7329,426,37,1131,0,0,9,5
2021-02-26T23:59:59+01:00,0,0,59,93,327,438,322,670,299,829,325,520,361,293,983,1069,1562,3517,27,41,201,267,227,419,195,570,202,312,218,192,566,675,896,2248,10444,7311,423,37,953,0,0,9,4
2021-02-25T23:59:59+01:00,0,0,52,80,315,417,311,640,293,801,311,493,351,283,964,1050,1524,3470,27,41,200,264,223,416,192,562,197,311,213,189,555,667,885,2242,10290,7249,409,27,802,0,0,9,4
2021-02-24T23:59:59+01:00,0,0,48,75,306,405,303,627,288,786,307,483,345,282,944,1038,1477,3411,26,41,198,262,220,403,190,554,194,306,211,186,549,661,883,2229,10142,7184,394,19,732,0,0,9,4
2021-02-23T23:59:59+01:00,0,0,45,66,293,389,295,608,282,767,297,473,338,280,913,1019,1436,3338,25,41,197,260,218,398,189,548,190,303,210,185,547,650,877,2209,9963,7121,375,15,640,0,0,9,4
2021-02-22T23:59:59+01:00,0,0,42,63,286,377,291,597,278,756,293,469,329,272,890,1004,1406,3302,25,39,193,257,215,385,181,538,184,300,207,182,535,642,870,2192,9838,7028,358,5,597,0,0,8,4
2021-02-21T23:59:59+01:00,0,0,41,62,281,369,289,588,274,748,286,465,326,269,885,999,1399,3292,25,38,191,255,214,383,181,529,184,299,207,182,531,641,862,2179,9811,6982,350,5,547,0,0,7,4
2021-02-20T23:59:59+01:00,0,0,40,62,278,368,289,585,273,742,283,457,325,269,871,987,1365,3259,25,38,191,255,214,383,181,529,183,298,207,182,530,641,860,2178,9721,6976,339,5,525,0,0,7,4
2021-02-19T23:59:59+01:00,0,0,39,62,274,363,283,563,263,716,278,443,321,264,845,970,1330,3229,25,37,191,255,213,382,181,527,182,298,206,181,525,640,855,2161,9611,6940,324,5,436,0,0,6,4
2021-02-18T23:59:59+01:00,0,0,39,58,256,342,275,542,254,695,261,415,317,255,833,949,1304,3197,24,36,187,248,211,376,177,512,180,287,203,176,510,626,818,2094,9517,6745,298,5,302,0,0,6,4
2021-02-17T23:59:59+01:00,0,0,39,56,249,336,271,528,249,682,258,393,312,250,813,938,1275,3150,22,34,184,243,203,361,173,495,175,275,195,172,499,611,799,2055,9384,6574,288,4,246,0,0,6,4
2021-02-16T23:59:59+01:00,0,0,38,51,237,324,268,517,243,667,251,385,307,248,801,926,1249,3118,20,34,175,235,196,342,166,483,171,261,192,165,465,580,764,1987,9286,6312,280,4,181,0,0,6,4
2021-02-15T23:59:59+01:00,0,0,37,50,231,321,261,504,239,661,247,377,303,247,782,917,1237,3099,19,32,168,228,191,334,161,472,165,254,182,159,435,551,728,1916,9220,6071,266,4,144,0,0,6,4
2021-02-14T23:59:59+01:00,0,0,35,50,228,318,259,498,237,655,247,373,303,243,775,911,1228,3080,18,32,166,225,187,329,160,460,163,251,181,156,426,542,710,1872,9197,5953,233,4,126,0,0,6,4
2021-02-13T23:59:59+01:00,0,0,34,50,228,318,257,498,237,654,247,373,303,243,773,910,1227,3079,18,32,164,224,184,329,159,458,162,248,179,153,421,539,702,1856,9190,5905,233,1,124,0,0,6,4
2021-02-12T23:59:59+01:00,0,0,33,48,225,312,254,489,233,643,244,366,302,242,767,909,1224,3069,18,32,162,221,183,328,157,456,160,247,177,149,417,523,671,1790,9161,5768,233,1,80,0,0,6,4
2021-02-11T23:59:59+01:00,0,0,32,47,217,293,247,473,226,619,231,353,298,241,759,892,1199,3036,18,31,146,200,175,297,146,409,154,224,160,133,370,474,608,1622,9090,5238,166,1,18,0,0,6,4
2021-02-10T23:59:59+01:00,0,0,31,47,214,285,244,466,222,610,228,347,293,241,747,889,1191,3026,17,28,133,176,159,260,127,358,143,200,144,125,343,443,546,1496,9034,4760,148,1,7,0,0,6,2
2021-02-09T23:59:59+01:00,0,0,30,46,213,282,242,453,217,602,224,344,289,237,743,882,1182,3013,17,26,118,146,146,237,110,315,129,173,126,116,309,386,491,1338,8979,4239,124,1,3,0,0,6,2
2021-02-08T23:59:59+01:00,0,0,30,46,212,280,236,439,214,590,221,339,284,237,735,875,1176,3006,15,24,102,124,125,193,91,274,121,161,103,107,270,334,429,1202,8912,3726,109,1,3,0,0,6,2
2021-02-07T23:59:59+01:00,0,0,30,45,210,279,234,438,214,587,221,338,284,237,733,871,1171,3003,14,18,98,116,118,182,86,256,115,151,96,102,263,321,413,1152,8891,3549,106,1,0,0,0,6,2
2021-02-06T23:59:59+01:00,0,0,30,45,210,279,234,437,214,587,221,337,283,237,732,871,1170,2991,11,14,97,114,117,178,84,249,115,149,95,101,263,317,402,1137,8888,3488,92,1,0,0,0,6,2
2021-02-05T23:59:59+01:00,0,0,29,44,210,279,234,436,212,584,219,336,282,237,730,871,1158,2964,10,10,89,106,113,175,83,244,109,137,92,99,254,310,377,1108,8868,3359,57,0,0,0,0,6,2
2021-02-04T23:59:59+01:00,0,0,29,44,207,274,230,432,207,578,217,332,279,233,724,864,1149,2950,9,7,62,73,90,131,71,205,89,118,88,85,222,274,333,982,8793,2870,57,0,0,0,0,4,2
2021-02-03T23:59:59+01:00,0,0,29,43,207,272,229,420,204,572,216,329,276,230,714,861,1141,2933,6,4,45,55,71,107,53,159,76,88,63,60,166,200,252,719,8727,2149,50,0,0,0,0,4,2
2021-02-02T23:59:59+01:00,0,0,28,43,206,270,225,414,203,567,213,328,273,229,706,850,1134,2908,3,3,29,38,56,77,41,103,57,65,54,49,119,134,168,475,8647,1488,49,0,0,0,0,4,2
2021-02-01T23:59:59+01:00,0,0,27,41,204,270,222,409,200,561,208,320,271,226,699,847,1129,2896,3,1,22,20,29,45,28,64,33,34,38,31,72,86,97,286,8580,898,49,0,0,0,0,4,2
2021-01-31T23:59:59+01:00,0,0,27,41,203,268,220,405,198,553,207,319,270,226,695,843,1123,2881,3,1,20,15,19,37,21,51,25,30,35,25,57,74,94,256,8528,770,48,0,0,0,0,4,2
2021-01-30T23:59:59+01:00,0,0,27,41,203,268,220,404,197,553,207,319,270,226,694,843,1122,2879,3,1,19,14,17,37,19,47,23,29,34,24,57,71,92,250,8523,743,47,0,0,0,0,4,2
2021-01-29T23:59:59+01:00,0,0,27,41,203,265,219,403,196,552,205,317,270,226,689,840,1116,2871,3,0,16,9,12,31,18,42,19,26,34,23,54,70,90,244,8495,695,43,0,0,0,0,3,2
2021-01-28T23:59:59+01:00,0,0,27,40,196,262,219,397,195,543,202,312,269,226,677,832,1093,2851,3,0,3,3,7,18,10,23,9,12,26,16,37,47,60,173,8405,449,34,0,0,0,0,3,1
2021-01-27T23:59:59+01:00,0,0,26,38,191,257,214,388,193,530,199,302,261,221,663,815,1069,2813,1,0,2,3,6,14,9,20,8,11,25,15,31,41,50,132,8243,369,29,0,0,0,0,3,1
2021-01-26T23:59:59+01:00,0,0,23,38,188,246,208,375,188,512,196,293,255,216,641,798,1041,2762,1,0,1,3,6,14,9,20,8,11,24,12,30,37,49,115,8047,341,24,0,0,0,0,3,1
2021-01-25T23:59:59+01:00,0,0,23,37,179,243,205,365,183,502,191,282,245,211,618,778,1015,2717,1,0,1,3,4,12,8,17,8,10,21,10,26,36,41,104,7877,303,6,0,0,0,0,3,1
2021-01-24T23:59:59+01:00,0,0,22,36,177,240,202,364,182,500,190,280,245,209,614,773,1012,2712,1,0,1,3,3,12,8,17,8,10,21,10,26,36,40,102,7841,299,5,0,0,0,0,3,1
2021-01-23T23:59:59+01:00,0,0,22,36,177,240,200,364,182,499,190,280,245,209,613,773,1004,2699,1,0,1,3,3,11,8,17,7,10,21,10,26,36,40,102,7816,297,5,0,0,0,0,3,1
2021-01-22T23:59:59+01:00,0,0,21,35,175,236,199,364,182,498,189,280,245,207,611,771,976,2657,1,0,1,3,3,11,8,17,7,10,21,10,26,36,40,102,7729,297,5,0,0,0,0,3,1
2021-01-21T23:59:59+01:00,0,0,20,35,166,226,192,346,177,474,187,263,233,202,586,745,940,2603,1,0,1,3,1,6,7,11,5,6,20,8,22,26,35,85,7474,238,5,0,0,0,0,3,1
2021-01-20T23:59:59+01:00,0,0,19,33,151,200,174,305,147,416,173,240,215,191,543,699,871,2402,1,0,1,3,1,6,7,10,5,5,19,7,21,23,31,79,6849,220,4,0,0,0,0,3,1
2021-01-19T23:59:59+01:00,0,0,19,30,128,168,159,271,134,373,157,217,180,170,479,608,773,2128,1,0,1,3,1,6,5,7,3,3,11,3,10,15,22,57,6056,148,3,0,0,0,0,3,1
2021-01-18T23:59:59+01:00,0,0,16,29,113,150,137,227,116,324,140,190,142,155,388,503,638,1787,1,0,1,1,0,3,4,5,2,3,2,1,4,6,10,28,5113,71,3,0,0,0,0,3,1
2021-01-17T23:59:59+01:00,0,0,15,19,109,136,129,214,108,300,132,178,133,140,372,473,588,1684,1,0,0,0,0,1,2,4,2,2,1,1,3,1,2,5,4781,24,3,0,0,0,0,3,1
2021-01-16T23:59:59+01:00,0,0,13,15,105,133,127,209,105,290,130,172,130,136,367,465,571,1656,0,0,0,0,0,0,0,0,1,0,0,0,0,0,0,0,4675,0,0,0,0,0,0,3,1
2021-01-15T23:59:59+01:00,0,0,11,13,100,124,123,204,103,280,128,160,126,133,359,449,540,1612,0,0,0,0,0,0,0,0,1,0,0,0,0,0,0,0,4513,0,0,0,0,0,0,3,1
2021-01-14T23:59:59+01:00,0,0,9,9,75,91,104,167,85,235,112,143,114,111,306,399,475,1396,0,0,0,0,0,0,0,0,1,0,0,0,0,0,0,0,3868,0,0,0,0,0,0,3,1
2021-01-13T23:59:59+01:00,0,0,7,8,62,81,93,140,75,193,102,117,86,82,236,283,377,1066,0,0,0,0,0,0,0,0,1,0,0,0,0,0,0,0,3039,0,0,0,0,0,0,3,1
2021-01-12T23:59:59+01:00,0,0,5,6,53,61,76,110,67,136,80,93,70,66,166,203,274,747,0,0,0,0,0,0,0,0,1,0,0,0,0,0,0,0,2240,0,0,0,0,0,0,1,1
2021-01-11T23:59:59+01:00,0,0,4,4,45,48,63,81,53,109,58,65,50,45,96,123,145,421,0,0,0,0,0,0,0,0,1,0,0,0,0,0,0,0,1432,0,0,0,0,0,0,1,1
2021-01-10T23:59:59+01:00,0,0,3,4,41,36,47,67,39,87,48,56,45,35,79,109,136,367,0,0,0,0,0,0,0,0,1,0,0,0,0,0,0,0,1212,0,0,0,0,0,0,1,1
2021-01-09T23:59:59+01:00,0,0,3,3,38,35,42,64,36,77,42,51,44,35,79,107,133,365,0,0,0,0,0,0,0,0,1,0,0,0,0,0,0,0,1165,0,0,0,0,0,0,1,1
2021-01-08T23:59:59+01:00,0,0,3,2,31,27,35,57,29,64,37,45,42,32,74,104,129,354,0,0,0,0,0,0,0,0,1,0,0,0,0,0,0,0,1074,0,0,0,0,0,0,1,1
2021-01-07T23:59:59+01:00,0,0,3,2,9,3,10,20,12,28,13,22,35,23,52,69,89,251,0,0,0,0,0,0,0,0,1,0,0,0,0,0,0,0,644,0,0,0,0,0,0,0,1
2021-01-06T23:59:59+01:00,0,0,3,0,2,3,5,15,9,21,9,13,31,21,44,58,74,200,0,0,0,0,0,0,0,0,1,0,0,0,0,0,0,0,511,0,0,0,0,0,0,0,1
2021-01-05T23:59:59+01:00,0,0,2,0,1,3,5,14,9,19,9,12,30,20,43,57,71,192,0,0,0,0,0,0,0,0,1,0,0,0,0,0,0,0,490,0,0,0,0,0,0,0,1
2021-01-04T23:59:59+01:00,0,0,1,0,1,3,5,13,8,17,8,11,26,16,34,48,55,146,0,0,0,0,0,0,0,0,1,0,0,0,0,0,0,0,394,0,0,0,0,0,0,0,1
2021-01-03T23:59:59+01:00,0,0,1,0,1,3,4,13,8,17,7,11,26,16,34,48,55,145,0,0,0,0,0,0,0,0,1,0,0,0,0,0,0,0,391,0,0,0,0,0,0,0,1
2021-01-02T23:59:59+01:00,0,0,1,0,1,3,4,13,7,17,6,11,26,16,34,48,55,145,0,0,0,0,0,0,0,0,1,0,0,0,0,0,0,0,389,0,0,0,0,0,0,0,1
2021-01-01T23:59:59+01:00,0,0,1,0,1,3,4,13,7,17,6,11,26,16,34,48,55,145,0,0,0,0,0,0,0,0,1,0,0,0,0,0,0,0,389,0,0,0,0,0,0,0,1
2020-12-31T23:59:59+01:00,0,0,1,0,1,3,4,12,7,17,6,11,26,16,34,48,55,145,0,0,0,0,0,0,0,0,1,0,0,0,0,0,0,0,388,0,0,0,0,0,0,0,1
2020-12-30T23:59:59+01:00,0,0,1,0,1,3,4,12,7,16,6,11,26,16,34,48,55,145,0,0,0,0,0,0,0,0,1,0,0,0,0,0,0,0,387,0,0,0,0,0,0,0,1
2020-12-29T23:59:59+01:00,0,0,1,0,1,3,3,8,5,12,4,8,19,10,25,40,40,118,0,0,0,0,0,0,0,0,1,0,0,0,0,0,0,0,298,0,0,0,0,0,0,0,1
2020-12-28T23:59:59+01:00,0,0,1,0,1,1,1,2,3,6,3,4,11,3,8,15,24,58,0,0,0,0,0,0,0,0,1,0,0,0,0,0,0,0,142,0,0,0,0,0,0,0,1
2020-12-27T23:59:59+01:00,0,0,1,0,0,0,0,1,2,6,1,2,2,1,5,4,5,20,0,0,0,0,0,0,0,0,0,0,0,0,0,0,0,0,50,0,0,0,0,0,0,0,0
