Datum,<15_m,<15_w,15-24_1_m,15-24_1_w,25-34_1_m,25-34_1_w,35-44_1_m,35-44_1_w,45-54_1_m,45-54_1_w,55-64_1_m,55-64_1_w,65-74_1_m,65-74_1_w,75-84_1_m,75-84_1_w,>84_1_m,>84_1_w,<24_2_m,<24_2_w,25-34_2_m,25-34_2_w,35-44_2_m,35-44_2_w,45-54_2_m,45-54_2_w,55-64_2_m,55-64_2_w,65-74_2_m,65-74_2_w,75-84_2_m,75-84_2_w,>84_2_m,>84_2_w,bp_1,bp_2,mo_1,mo_2,az_1,az_2,ja,unb_1,unb_2
2021-07-29T23:59:59+02:00,79,97,2405,2275,7063,5088,7124,4882,6460,6956,4835,5253,2502,2641,3105,3188,2717,5146,1544,1453,4844,3571,5254,3712,5044,5589,3881,4360,1875,2176,2261,2464,1956,3820,49415,35047,7514,5819,9157,6895,6420,22,18
2021-07-28T23:59:59+02:00,78,95,2387,2264,7027,5052,7094,4862,6438,6935,4820,5244,2500,2640,3103,3185,2716,5146,1509,1414,4753,3509,5156,3652,4953,5518,3850,4329,1863,2168,2260,2462,1956,3820,49242,34542,7504,5771,9155,6857,6375,22,18
2021-07-27T23:59:59+02:00,75,93,2376,2255,6986,5035,7063,4848,6421,6920,4811,5233,2500,2640,3103,3184,2716,5146,1470,1388,4630,3436,5043,3586,4874,5452,3817,4285,1857,2156,2259,2459,1955,3820,49130,34024,7493,5691,9154,6827,6318,22,18
2021-07-26T23:59:59+02:00,75,91,2354,2242,6958,5019,7033,4833,6399,6901,4807,5223,2499,2640,3102,3184,2716,5146,1439,1337,4506,3381,4943,3529,4807,5383,3766,4252,1854,2142,2258,2453,1955,3819,49017,33518,7474,5629,9152,6781,6269,22,18
2021-07-25T23:59:59+02:00,73,88,2341,2226,6925,4999,7000,4820,6379,6881,4798,5219,2497,2637,3101,3183,2716,5146,1420,1316,4456,3344,4891,3499,4761,5344,3737,4230,1851,2138,2257,2453,1955,3819,48883,33274,7466,5598,9149,6749,6221,22,18
2021-07-24T23:59:59+02:00,73,88,2328,2220,6896,4987,6977,4809,6365,6867,4791,5215,2496,2634,3101,3183,2716,5146,1400,1299,4412,3325,4819,3456,4724,5322,3717,4222,1850,2136,2256,2451,1955,3818,48817,33091,7444,5519,9149,6749,6172,22,18
2021-07-23T23:59:59+02:00,72,86,2301,2198,6850,4965,6948,4787,6336,6843,4773,5208,2494,2632,3099,3183,2716,5146,1349,1269,4290,3235,4691,3382,4652,5257,3670,4190,1849,2128,2255,2446,1954,3818,48662,32498,7439,5492,9149,6730,6077,22,18
2021-07-22T23:59:59+02:00,70,84,2268,2174,6773,4931,6903,4752,6289,6801,4742,5186,2488,2629,3097,3182,2716,5144,1296,1235,4140,3169,4551,3312,4510,5183,3592,4144,1837,2119,2251,2444,1954,3817,48374,31907,7426,5367,9143,6665,5976,22,18
2021-07-21T23:59:59+02:00,69,79,2240,2158,6716,4904,6850,4714,6231,6765,4727,5163,2481,2625,3096,3179,2716,5142,1268,1201,4029,3091,4419,3253,4411,5085,3525,4104,1826,2108,2248,2444,1954,3815,48152,31479,7381,5178,9137,6606,5875,22,18
2021-07-20T23:59:59+02:00,68,78,2224,2141,6665,4879,6816,4688,6196,6728,4698,5148,2478,2621,3096,3179,2716,5142,1234,1176,3920,3029,4336,3206,4324,5007,3472,4074,1824,2099,2246,2443,1954,3814,47935,31039,7372,5109,9136,6558,5808,22,18
2021-07-19T23:59:59+02:00,67,78,2204,2120,6617,4847,6769,4668,6164,6697,4678,5133,2474,2617,3095,3175,2716,5141,1215,1156,3851,2985,4258,3173,4247,4944,3438,4051,1820,2094,2242,2440,1953,3814,47686,30752,7362,5000,9135,6515,5766,22,18
2021-07-18T23:59:59+02:00,67,76,2181,2097,6555,4812,6730,4640,6130,6665,4664,5123,2467,2612,3093,3175,2715,5140,1199,1137,3810,2948,4221,3144,4200,4926,3404,4038,1815,2084,2241,2440,1953,3812,47414,30565,7349,4932,9131,6491,5736,22,17
2021-07-17T23:59:59+02:00,65,72,2167,2086,6538,4799,6711,4626,6111,6650,4646,5114,2463,2611,3093,3174,2715,5139,1190,1126,3778,2916,4180,3126,4164,4894,3377,4026,1810,2081,2241,2438,1953,3812,47311,30416,7344,4880,9131,6486,5682,22,17
2021-07-16T23:59:59+02:00,65,69,2129,2062,6480,4769,6654,4592,6068,6609,4616,5085,2457,2607,3091,3173,2715,5139,1152,1105,3681,2871,4089,3086,4081,4841,3316,3981,1797,2072,2235,2436,1953,3811,47138,30092,7319,4854,9124,6422,5487,22,17
2021-07-15T23:59:59+02:00,63,64,2089,2037,6410,4736,6598,4553,6021,6559,4599,5059,2454,2604,3089,3170,2715,5139,1105,1076,3491,2769,3915,2988,3940,4745,3257,3919,1788,2063,2233,2431,1953,3811,46828,29435,7307,4648,9119,6357,5390,22,17
2021-07-14T23:59:59+02:00,62,62,2058,2022,6342,4702,6524,4520,5969,6516,4578,5039,2447,2598,3086,3168,2715,5139,1056,1045,3379,2687,3817,2929,3838,4676,3215,3876,1776,2055,2232,2428,1953,3811,46530,28983,7294,4556,9117,6289,5290,22,16
2021-07-13T23:59:59+02:00,59,59,2033,1998,6294,4674,6464,4485,5931,6470,4558,5023,2438,2593,3084,3168,2715,5139,1027,1016,3290,2612,3698,2864,3751,4590,3162,3815,1748,2048,2229,2423,1952,3809,46239,28522,7290,4429,9116,6201,5224,22,16
2021-07-12T23:59:59+02:00,56,58,2011,1978,6227,4633,6396,4444,5884,6435,4533,4997,2433,2590,3081,3167,2715,5139,997,996,3197,2539,3590,2804,3652,4516,3116,3769,1737,2037,2225,2413,1952,3809,45925,28103,7282,4314,9112,6128,5141,22,16
2021-07-11T23:59:59+02:00,52,58,2002,1967,6195,4617,6369,4425,5854,6418,4524,4991,2430,2585,3079,3167,2714,5139,989,981,3163,2500,3535,2776,3600,4489,3094,3757,1729,2025,2222,2409,1952,3809,45827,27937,7262,4284,9110,6075,5069,22,16
2021-07-10T23:59:59+02:00,51,57,1981,1940,6118,4578,6311,4393,5808,6382,4501,4981,2427,2582,3079,3164,2714,5138,974,965,3112,2463,3491,2747,3563,4460,3078,3745,1723,2019,2222,2408,1952,3809,45600,27773,7244,4283,9095,6063,4946,22,16
2021-07-09T23:59:59+02:00,50,55,1959,1922,6052,4540,6268,4372,5761,6349,4484,4960,2425,2578,3079,3163,2714,5138,955,950,3061,2420,3442,2716,3515,4425,3054,3718,1722,2006,2220,2407,1952,3809,45393,27578,7213,4256,9090,6014,4850,22,16
2021-07-08T23:59:59+02:00,46,52,1914,1880,5961,4483,6171,4320,5695,6287,4451,4927,2418,2569,3076,3159,2714,5138,888,903,2902,2340,3255,2643,3344,4331,2982,3651,1706,1990,2218,2398,1951,3808,45092,27107,7142,3981,9057,5896,4646,22,16
2021-07-07T23:59:59+02:00,46,51,1852,1841,5848,4412,6070,4271,5625,6231,4419,4881,2412,2560,3073,3155,2714,5138,842,876,2762,2269,3088,2573,3188,4228,2928,3588,1688,1964,2210,2390,1951,3806,44623,26590,7101,3749,9040,5820,4509,22,16
2021-07-06T23:59:59+02:00,44,51,1810,1809,5745,4362,5982,4231,5573,6163,4376,4846,2406,2554,3070,3151,2714,5138,807,844,2654,2173,3000,2517,3116,4138,2872,3534,1664,1935,2207,2385,1951,3806,44198,26115,7063,3651,9027,5743,4410,22,16
2021-07-05T23:59:59+02:00,42,51,1743,1769,5607,4293,5872,4196,5505,6109,4335,4809,2402,2548,3068,3150,2714,5136,766,811,2553,2102,2925,2471,3042,4068,2826,3479,1646,1917,2200,2376,1950,3803,43739,25750,7026,3585,9005,5665,4249,22,16
2021-07-04T23:59:59+02:00,42,50,1705,1734,5531,4258,5828,4170,5469,6089,4317,4790,2400,2546,3068,3148,2714,5135,729,786,2495,2056,2889,2449,3012,4035,2803,3457,1633,1897,2198,2375,1949,3803,43553,25618,6994,3529,8981,5594,4136,22,16
2021-07-03T23:59:59+02:00,40,39,1614,1666,5332,4108,5685,4084,5385,6000,4271,4754,2398,2543,3068,3144,2714,5135,692,763,2434,2012,2839,2428,2974,3990,2774,3430,1627,1890,2197,2371,1949,3801,42769,25451,6966,3527,8974,5567,3936,22,16
2021-07-02T23:59:59+02:00,34,34,1582,1631,5264,4070,5642,4052,5365,5975,4260,4737,2397,2537,3067,3143,2713,5135,673,739,2368,1966,2771,2388,2932,3943,2745,3391,1610,1873,2193,2365,1949,3799,42525,25175,6938,3501,8969,5471,3868,22,16
2021-07-01T23:59:59+02:00,30,30,1539,1599,5171,4011,5561,4007,5292,5908,4234,4711,2394,2533,3066,3142,2713,5134,608,702,2187,1900,2589,2307,2765,3836,2649,3306,1587,1850,2184,2353,1948,3797,42151,24450,6884,3300,8958,5377,3743,22,16
2021-06-30T23:59:59+02:00,30,28,1497,1558,5071,3932,5468,3966,5235,5862,4221,4687,2390,2526,3064,3139,2713,5134,575,671,2092,1838,2481,2261,2659,3751,2590,3232,1568,1821,2176,2341,1947,3796,41765,24011,6832,3189,8941,5256,3642,22,16
2021-06-29T23:59:59+02:00,29,25,1445,1488,4977,3851,5380,3914,5182,5804,4195,4659,2386,2522,3063,3139,2713,5133,549,633,2017,1765,2406,2198,2560,3638,2531,3183,1554,1789,2164,2328,1946,3793,41282,23542,6804,3117,8934,5151,3541,22,16
2021-06-28T23:59:59+02:00,28,24,1417,1436,4872,3800,5321,3868,5139,5765,4167,4633,2382,2514,3062,3137,2713,5133,538,612,1927,1705,2330,2143,2490,3559,2486,3136,1537,1771,2157,2322,1946,3790,40924,23238,6750,2984,8924,5058,3465,22,16
2021-06-27T23:59:59+02:00,28,23,1391,1411,4833,3765,5279,3842,5101,5749,4158,4625,2380,2510,3062,3136,2713,5133,523,597,1877,1665,2295,2124,2448,3522,2456,3119,1530,1759,2156,2313,1946,3790,40765,23102,6720,2931,8908,4983,3398,22,16
2021-06-26T23:59:59+02:00,21,18,1366,1388,4768,3722,5191,3800,5064,5718,4137,4611,2380,2508,3062,3134,2713,5133,517,588,1845,1646,2262,2107,2428,3503,2436,3102,1511,1749,2155,2311,1946,3790,40435,22902,6644,2929,8908,4960,3398,20,16
2021-06-25T23:59:59+02:00,17,11,1337,1354,4666,3656,5141,3776,5031,5693,4112,4600,2377,2507,3060,3133,2713,5133,508,567,1801,1625,2206,2043,2336,3366,2395,3006,1503,1729,2152,2307,1944,3789,40047,22476,6617,2905,8907,4787,3396,20,16
2021-06-24T23:59:59+02:00,13,10,1299,1311,4496,3552,5021,3727,4942,5653,4071,4573,2375,2504,3060,3132,2712,5133,472,545,1696,1562,2044,1980,2179,3288,2288,2912,1473,1707,2144,2302,1943,3786,39470,21992,6570,2610,8901,4707,3289,20,16
2021-06-23T23:59:59+02:00,13,10,1272,1281,4416,3508,4943,3680,4893,5612,4047,4538,2365,2499,3057,3130,2711,5133,440,528,1633,1509,1947,1935,2066,3196,2196,2825,1452,1684,2138,2296,1942,3784,39077,21481,6527,2538,8895,4570,3255,20,16
2021-06-22T23:59:59+02:00,13,10,1245,1265,4346,3452,4868,3638,4850,5570,4024,4513,2361,2493,3057,3129,2710,5133,426,511,1577,1474,1868,1884,1988,3089,2099,2740,1440,1660,2129,2284,1942,3780,38710,21081,6485,2426,8892,4423,3231,19,16
2021-06-21T23:59:59+02:00,13,10,1220,1227,4241,3373,4793,3598,4789,5509,3999,4495,2357,2480,3056,3124,2709,5131,412,497,1544,1442,1834,1844,1940,3012,2042,2666,1419,1627,2108,2262,1942,3777,38227,20816,6446,2336,8890,4284,3198,19,16
2021-06-20T23:59:59+02:00,13,8,1198,1202,4181,3320,4753,3581,4754,5490,3977,4484,2356,2478,3055,3124,2708,5131,397,483,1511,1417,1813,1822,1910,2988,1996,2628,1412,1614,2106,2256,1942,3776,37983,20649,6418,2300,8879,4222,3165,19,16
2021-06-19T23:59:59+02:00,12,8,1188,1184,4144,3294,4735,3561,4727,5469,3960,4475,2353,2476,3055,3123,2707,5131,392,479,1494,1402,1796,1800,1898,2965,1973,2597,1404,1606,2103,2255,1940,3775,37836,20503,6362,2272,8879,4214,3152,19,16
2021-06-18T23:59:59+02:00,8,5,1171,1165,4082,3259,4686,3526,4678,5433,3936,4463,2350,2472,3054,3121,2707,5131,382,470,1473,1385,1771,1768,1855,2918,1926,2543,1392,1595,2103,2250,1939,3772,37538,20222,6317,2269,8879,4173,3139,19,16
2021-06-17T23:59:59+02:00,7,5,1132,1139,3933,3192,4517,3458,4516,5347,3877,4420,2344,2469,3054,3120,2706,5131,350,453,1379,1353,1609,1708,1703,2826,1831,2466,1369,1576,2092,2239,1937,3770,36985,19780,6260,2166,8872,4096,2875,17,16
2021-06-16T23:59:59+02:00,7,5,1110,1108,3834,3113,4429,3411,4418,5288,3835,4391,2336,2465,3053,3117,2705,5130,335,433,1321,1318,1553,1677,1624,2746,1771,2399,1356,1550,2081,2226,1937,3766,36538,19399,6152,2099,8863,4023,2825,17,16
2021-06-15T23:59:59+02:00,7,5,1077,1076,3703,3038,4366,3361,4345,5215,3796,4361,2328,2458,3048,3115,2705,5129,326,410,1272,1275,1507,1637,1562,2688,1707,2332,1339,1522,2076,2212,1936,3765,36030,19092,6118,2020,8851,3951,2752,17,16
2021-06-14T23:59:59+02:00,7,4,1054,1047,3619,2991,4282,3307,4268,5145,3744,4328,2324,2448,3048,3111,2704,5128,321,396,1235,1245,1467,1612,1524,2644,1653,2282,1328,1497,2071,2205,1935,3763,35594,18860,6032,1987,8846,3875,2702,17,16
2021-06-13T23:59:59+02:00,7,4,1039,1033,3572,2953,4226,3268,4220,5109,3727,4314,2323,2442,3047,3110,2704,5126,316,389,1203,1229,1434,1592,1480,2610,1622,2245,1314,1478,2065,2194,1935,3761,35347,18693,5999,1966,8842,3801,2649,17,16
2021-06-12T23:59:59+02:00,7,3,1023,1012,3546,2928,4198,3249,4205,5095,3711,4304,2320,2439,3046,3109,2704,5125,312,388,1197,1212,1417,1574,1459,2590,1583,2227,1305,1468,2054,2192,1935,3761,35165,18559,5988,1966,8842,3748,2640,17,16
2021-06-11T23:59:59+02:00,6,3,1008,1002,3509,2886,4124,3224,4168,5062,3686,4292,2319,2436,3045,3106,2704,5124,303,377,1176,1180,1393,1557,1416,2543,1530,2183,1295,1453,2052,2187,1935,3760,34890,18321,5962,1960,8839,3675,2620,17,16
2021-06-10T23:59:59+02:00,6,3,953,962,3402,2812,3996,3153,4074,4994,3635,4258,2316,2428,3043,3104,2703,5124,290,365,1120,1149,1333,1504,1353,2475,1452,2082,1267,1422,2048,2177,1935,3757,34345,17928,5842,1953,8823,3523,2555,17,16
2021-06-09T23:59:59+02:00,6,1,905,936,3279,2723,3863,3099,3984,4918,3594,4219,2312,2422,3040,3101,2703,5124,273,351,1061,1119,1271,1479,1294,2400,1383,2014,1244,1366,2041,2164,1934,3754,33881,17628,5680,1903,8820,3404,2439,17,16
2021-06-08T23:59:59+02:00,5,1,858,901,3154,2639,3744,3017,3886,4838,3540,4193,2305,2417,3037,3098,2702,5122,260,333,1019,1080,1222,1448,1243,2346,1341,1944,1223,1334,2030,2147,1931,3750,33350,17408,5548,1858,8810,3277,2332,17,15
2021-06-07T23:59:59+02:00,4,1,831,876,3055,2569,3618,2984,3767,4770,3491,4166,2291,2413,3036,3096,2702,5120,251,326,975,1046,1173,1427,1199,2294,1276,1894,1209,1314,2017,2131,1930,3742,32985,17249,5379,1823,8805,3156,2196,17,15
2021-06-06T23:59:59+02:00,4,1,813,867,3000,2531,3539,2944,3699,4743,3462,4154,2288,2407,3034,3095,2700,5119,244,314,961,1022,1144,1403,1180,2240,1248,1838,1193,1299,2011,2124,1928,3739,32784,17151,5252,1776,8801,3046,2132,17,15
2021-06-05T23:59:59+02:00,4,1,801,851,2932,2479,3495,2919,3662,4723,3449,4151,2288,2405,3034,3094,2700,5118,240,307,945,1005,1125,1387,1157,2215,1215,1817,1176,1276,2008,2120,1928,3739,32530,17001,5247,1773,8795,2999,2101,17,15
2021-06-04T23:59:59+02:00,2,1,781,835,2888,2433,3424,2882,3600,4674,3423,4136,2284,2402,3031,3094,2700,5118,231,301,928,982,1109,1377,1128,2185,1190,1788,1161,1254,2001,2115,1928,3737,32224,16865,5205,1768,8793,2946,2049,17,15
2021-06-03T23:59:59+02:00,2,1,737,805,2743,2349,3248,2783,3428,4562,3335,4065,2276,2392,3027,3089,2700,5118,220,289,902,955,1059,1330,1068,2099,1133,1726,1126,1213,1992,2101,1928,3735,31575,16663,4978,1754,8780,2784,1881,17,15
2021-06-02T23:59:59+02:00,2,1,711,799,2680,2282,3193,2742,3375,4507,3295,4040,2274,2388,3027,3088,2700,5118,209,285,885,933,1017,1308,1028,2064,1086,1680,1113,1178,1990,2098,1928,3735,31247,16463,4962,1741,8779,2753,1781,17,15
2021-06-01T23:59:59+02:00,2,1,667,770,2534,2178,3012,2650,3206,4403,3233,3980,2263,2380,3024,3082,2700,5118,197,272,812,892,929,1254,951,1958,1034,1607,1081,1123,1981,2086,1926,3730,30654,16194,4753,1704,8770,2565,1561,17,15
2021-05-31T23:59:59+02:00,2,1,636,749,2418,2109,2887,2571,3105,4312,3180,3933,2258,2367,3022,3079,2700,5117,185,260,771,860,873,1219,910,1883,996,1550,1061,1096,1975,2081,1924,3728,30291,16034,4529,1690,8754,2435,1400,17,15
2021-05-30T23:59:59+02:00,2,1,626,739,2371,2066,2821,2540,3057,4272,3161,3910,2255,2363,3022,3078,2699,5115,175,245,739,829,829,1179,874,1824,974,1498,1049,1080,1969,2073,1924,3726,30147,15943,4468,1680,8745,2283,1265,17,15
2021-05-29T23:59:59+02:00,2,1,624,737,2357,2051,2798,2529,3040,4254,3151,3901,2254,2362,3022,3078,2699,5115,172,237,733,821,811,1155,861,1773,961,1463,1036,1061,1968,2067,1923,3726,30028,15859,4466,1680,8742,2148,1264,17,15
2021-05-28T23:59:59+02:00,2,1,618,727,2330,2016,2756,2504,3016,4237,3140,3885,2254,2358,3020,3073,2699,5115,169,230,723,810,801,1137,851,1736,929,1424,1017,1032,1966,2059,1922,3724,29814,15699,4457,1678,8740,2073,1260,17,15
2021-05-27T23:59:59+02:00,2,1,576,709,2207,1969,2625,2437,2885,4163,3058,3833,2245,2345,3019,3071,2699,5112,156,216,664,763,726,1082,775,1639,865,1339,995,1001,1952,2039,1921,3722,29355,15497,4330,1639,8713,1827,1068,17,14
2021-05-26T23:59:59+02:00,2,1,551,686,2113,1906,2468,2381,2762,4102,3004,3782,2234,2334,3014,3064,2696,5106,152,203,627,724,680,1048,735,1570,820,1285,980,973,1933,2006,1916,3716,28976,15279,4108,1629,8688,1697,937,17,14
2021-05-25T23:59:59+02:00,2,1,529,672,2034,1854,2368,2340,2657,4022,2956,3748,2221,2326,3011,3059,2695,5102,145,195,608,695,650,1015,693,1513,775,1224,960,952,1907,1973,1915,3712,28641,15076,3934,1593,8649,1564,873,17,13
2021-05-24T23:59:59+02:00,2,1,519,655,1985,1819,2299,2309,2593,3972,2905,3709,2209,2319,3005,3058,2692,5101,141,187,589,677,624,985,658,1455,753,1172,940,938,1901,1971,1910,3711,28476,14988,3780,1581,8617,1442,774,17,13
2021-05-23T23:59:59+02:00,2,1,516,654,1972,1809,2287,2296,2583,3959,2894,3694,2205,2316,3005,3056,2692,5101,140,186,585,672,618,982,642,1443,743,1166,936,932,1897,1967,1908,3707,28370,14917,3777,1575,8616,1433,772,17,13
2021-05-22T23:59:59+02:00,2,1,511,645,1951,1795,2258,2281,2560,3931,2867,3670,2198,2312,3004,3053,2692,5100,137,178,578,667,614,973,632,1439,739,1157,924,926,1890,1952,1908,3707,28166,14854,3776,1575,8614,1399,763,17,13
2021-05-21T23:59:59+02:00,2,1,499,631,1874,1765,2178,2240,2500,3882,2827,3626,2191,2299,3001,3052,2692,5099,137,175,573,660,603,964,620,1427,719,1138,909,901,1878,1947,1908,3706,27733,14763,3751,1574,8599,1338,760,17,13
2021-05-20T23:59:59+02:00,2,1,464,613,1745,1698,2052,2171,2383,3791,2746,3539,2172,2286,2993,3044,2690,5096,130,167,545,625,571,925,594,1371,688,1075,886,869,1866,1934,1906,3703,27096,14635,3639,1559,8530,1136,691,17,13
2021-05-19T23:59:59+02:00,2,1,426,578,1641,1626,1918,2107,2253,3695,2647,3451,2154,2270,2986,3039,2684,5095,117,159,518,605,539,891,565,1321,662,1015,867,849,1846,1904,1899,3698,26390,14465,3572,1539,8494,1040,573,17,13
2021-05-18T23:59:59+02:00,2,0,405,557,1567,1569,1826,2049,2143,3575,2555,3356,2142,2251,2978,3031,2683,5091,111,153,494,585,518,859,548,1245,644,953,852,823,1835,1885,1895,3691,25907,14338,3408,1501,8440,936,474,17,13
2021-05-17T23:59:59+02:00,2,0,386,545,1515,1536,1780,2005,2081,3480,2512,3288,2123,2233,2967,3023,2681,5087,106,146,475,571,510,824,536,1183,633,900,834,790,1830,1874,1894,3686,25629,14256,3296,1467,8381,839,384,17,12
2021-05-16T23:59:59+02:00,2,0,382,544,1489,1508,1750,1983,2042,3429,2456,3233,2109,2225,2964,3019,2681,5086,103,144,467,552,501,808,523,1134,613,859,806,762,1825,1870,1894,3685,25458,14200,3230,1434,8346,752,311,17,12
2021-05-15T23:59:59+02:00,2,0,377,540,1463,1491,1733,1963,2024,3407,2434,3199,2102,2225,2963,3017,2680,5086,103,141,465,552,501,807,518,1130,607,850,802,760,1821,1867,1894,3685,25268,14169,3230,1434,8342,744,307,16,12
2021-05-14T23:59:59+02:00,2,0,366,529,1434,1461,1694,1923,1948,3334,2389,3157,2094,2217,2960,3017,2678,5086,101,138,463,536,483,783,500,1100,594,834,789,746,1815,1859,1894,3684,24920,14114,3190,1419,8321,643,291,16,12
2021-05-13T23:59:59+02:00,2,0,347,513,1380,1415,1597,1881,1835,3250,2321,3071,2068,2200,2951,3013,2676,5080,97,135,451,528,473,768,494,1086,584,821,764,721,1802,1836,1893,3678,24504,14033,2983,1375,8270,603,265,16,12
2021-05-12T23:59:59+02:00,1,0,340,510,1362,1407,1581,1872,1815,3226,2308,3057,2065,2193,2945,3010,2676,5079,97,133,449,528,472,762,490,1082,581,815,757,707,1798,1829,1891,3678,24379,13982,2962,1367,8265,602,262,15,12
2021-05-11T23:59:59+02:00,1,0,324,489,1297,1375,1485,1838,1712,3129,2210,2986,2048,2166,2936,2999,2672,5078,91,123,435,502,452,736,471,1051,550,795,734,677,1786,1819,1889,3674,23988,13873,2802,1331,8161,514,209,15,12
2021-05-10T23:59:59+02:00,1,0,311,474,1259,1348,1437,1809,1649,3074,2155,2917,2036,2151,2927,2990,2671,5074,91,120,429,495,443,716,464,1028,546,772,724,661,1780,1812,1887,3670,23726,13813,2729,1325,8055,461,182,15,11
2021-05-09T23:59:59+02:00,1,0,306,464,1219,1330,1416,1793,1603,3038,2095,2874,2026,2138,2924,2984,2671,5069,88,117,421,487,436,709,455,1019,537,760,713,651,1774,1808,1886,3667,23508,13773,2678,1319,8008,415,161,15,11
2021-05-08T23:59:59+02:00,1,0,300,462,1210,1311,1393,1777,1578,3015,2051,2860,2019,2130,2922,2983,2669,5068,87,117,420,487,434,708,454,1014,537,754,710,650,1768,1797,1886,3667,23312,13756,2675,1311,8004,403,160,15,11
2021-05-07T23:59:59+02:00,1,0,290,455,1186,1286,1348,1757,1520,2954,2000,2812,2010,2120,2921,2978,2667,5063,84,114,409,474,424,682,441,979,515,728,704,626,1750,1783,1886,3663,23049,13690,2647,1287,7943,299,126,15,10
2021-05-06T23:59:59+02:00,1,0,273,444,1099,1250,1233,1696,1383,2843,1870,2722,1974,2091,2917,2965,2666,5059,82,108,396,460,413,667,429,958,496,709,692,610,1736,1768,1882,3656,22571,13620,2461,1268,7739,216,98,14,9
2021-05-05T23:59:59+02:00,1,0,258,431,1061,1226,1192,1661,1317,2778,1789,2642,1951,2059,2903,2950,2666,5048,82,104,388,451,408,655,422,947,490,691,672,598,1712,1748,1882,3653,22135,13539,2401,1246,7682,168,91,14,8
2021-05-04T23:59:59+02:00,1,0,250,421,1026,1204,1155,1640,1275,2732,1735,2580,1932,2026,2893,2936,2656,5035,78,101,381,441,405,650,413,928,482,671,655,579,1696,1722,1878,3653,21807,13445,2339,1215,7637,129,85,14,7
2021-05-03T23:59:59+02:00,1,0,247,413,995,1181,1119,1624,1245,2699,1691,2545,1915,1997,2880,2927,2654,5029,74,95,369,436,397,642,409,920,475,664,641,569,1673,1695,1876,3649,21562,13351,2316,1206,7591,108,59,14,6
2021-05-02T23:59:59+02:00,1,0,241,411,981,1170,1091,1608,1222,2687,1676,2524,1908,1983,2875,2924,2652,5026,72,95,363,434,394,637,406,914,472,658,633,558,1653,1683,1876,3648,21440,13313,2301,1184,7556,95,44,14,6
2021-05-01T23:59:59+02:00,1,0,238,408,973,1162,1081,1600,1211,2675,1661,2505,1900,1977,2871,2920,2652,5026,72,95,363,433,393,637,405,910,472,657,631,558,1653,1683,1876,3648,21318,13306,2301,1184,7556,92,44,14,6
2021-04-30T23:59:59+02:00,1,0,236,402,963,1143,1060,1582,1175,2612,1606,2446,1886,1960,2865,2915,2651,5022,71,93,362,428,390,631,404,886,467,646,624,552,1650,1677,1876,3646,21018,13291,2296,1172,7552,68,13,14,5
2021-04-29T23:59:59+02:00,1,0,224,388,918,1121,1023,1548,1129,2559,1517,2376,1839,1916,2856,2904,2647,5010,71,92,356,427,385,626,398,875,457,635,612,541,1635,1665,1870,3640,20558,13221,2260,1145,7494,47,12,14,5
2021-04-28T23:59:59+02:00,1,0,213,385,905,1107,994,1537,1095,2521,1451,2321,1802,1854,2845,2899,2645,5007,68,91,349,424,382,616,395,866,451,622,596,523,1619,1649,1870,3638,20259,13146,2218,1107,7440,34,11,14,5
2021-04-27T23:59:59+02:00,1,0,212,379,891,1094,981,1525,1071,2496,1429,2293,1771,1811,2839,2892,2643,5003,66,88,347,421,380,611,393,862,445,617,589,512,1607,1626,1866,3635,20061,13085,2193,1079,7407,29,11,13,5
2021-04-26T23:59:59+02:00,1,0,210,373,882,1085,971,1515,1045,2479,1377,2247,1753,1791,2829,2881,2640,4997,66,87,343,417,380,610,389,859,441,611,580,501,1592,1611,1864,3631,19878,13040,2178,1042,7346,27,11,13,5
2021-04-25T23:59:59+02:00,1,0,210,372,874,1076,960,1508,1028,2461,1345,2214,1729,1768,2821,2874,2640,4996,65,86,342,412,377,609,387,855,439,610,578,495,1587,1602,1864,3629,19750,13022,2154,1024,7296,19,11,13,4
2021-04-24T23:59:59+02:00,1,0,206,368,864,1070,947,1494,1015,2443,1314,2192,1719,1744,2818,2869,2640,4996,65,86,342,412,376,609,387,853,438,607,577,492,1586,1599,1864,3629,19587,13015,2154,1015,7280,19,11,13,4
2021-04-23T23:59:59+02:00,1,0,202,362,853,1059,940,1485,997,2429,1257,2149,1697,1718,2812,2863,2640,4993,64,84,342,412,376,608,386,850,435,603,570,484,1578,1591,1864,3624,19441,12991,2143,988,7188,19,11,13,4
2021-04-22T23:59:59+02:00,1,0,202,354,830,1040,917,1463,968,2387,1205,2086,1653,1671,2801,2843,2638,4984,64,83,341,408,370,602,383,840,430,598,560,476,1560,1578,1859,3619,19154,12923,2088,963,7112,12,11,13,4
2021-04-21T23:59:59+02:00,1,0,197,348,812,1026,893,1446,932,2351,1156,2039,1608,1610,2781,2822,2631,4976,62,81,338,406,369,599,380,835,427,591,555,470,1548,1556,1848,3614,18823,12853,2057,941,7056,12,11,13,4
2021-04-20T23:59:59+02:00,1,0,192,343,796,1002,878,1427,912,2300,1122,1989,1554,1546,2754,2798,2625,4961,61,81,336,405,365,596,376,829,427,584,549,462,1526,1525,1844,3610,18527,12773,1986,919,6990,11,11,13,4
2021-04-19T23:59:59+02:00,1,0,190,335,783,991,866,1410,896,2270,1099,1957,1520,1501,2741,2784,2623,4956,61,80,335,403,361,591,372,820,422,574,545,456,1498,1500,1838,3597,18331,12682,1970,891,6924,8,10,12,4
2021-04-18T23:59:59+02:00,1,0,189,332,775,983,854,1401,878,2253,1078,1939,1488,1464,2732,2778,2617,4950,60,78,334,402,361,591,371,815,420,572,542,450,1488,1494,1835,3595,18211,12653,1940,875,6856,8,10,12,4
2021-04-17T23:59:59+02:00,1,0,187,328,772,980,849,1399,870,2249,1073,1932,1469,1439,2727,2770,2617,4950,60,75,332,397,360,591,369,811,420,569,539,444,1480,1486,1835,3594,18136,12609,1939,873,6831,8,10,12,4
2021-04-16T23:59:59+02:00,1,0,186,327,764,974,837,1383,858,2229,1037,1892,1417,1373,2716,2755,2613,4943,55,73,329,390,359,589,365,799,413,555,515,416,1468,1465,1824,3581,17917,12505,1924,810,6758,7,10,11,4
2021-04-15T23:59:59+02:00,1,0,185,323,742,958,820,1372,833,2185,996,1854,1370,1320,2688,2728,2598,4927,53,73,324,384,354,588,357,794,403,552,500,408,1437,1433,1812,3566,17648,12394,1911,763,6632,6,10,10,4
2021-04-14T23:59:59+02:00,1,0,184,317,733,951,813,1359,822,2153,979,1825,1314,1278,2641,2663,2585,4911,51,69,320,381,350,584,354,786,394,540,485,393,1404,1403,1805,3548,17376,12265,1892,721,6549,6,10,9,4
2021-04-13T23:59:59+02:00,1,0,180,312,724,947,803,1349,811,2128,948,1797,1253,1208,2589,2605,2577,4896,49,69,317,378,342,579,347,778,386,532,472,385,1379,1381,1797,3537,17138,12171,1841,676,6437,5,10,8,4
2021-04-12T23:59:59+02:00,1,0,180,311,720,943,795,1337,787,2106,933,1777,1210,1174,2570,2575,2573,4882,48,65,307,371,337,573,342,770,381,526,457,375,1363,1368,1794,3529,17008,12088,1820,635,6331,5,10,7,4
2021-04-11T23:59:59+02:00,0,0,178,310,714,935,788,1332,776,2090,916,1760,1189,1146,2550,2553,2568,4875,47,63,302,369,335,571,341,766,376,518,452,366,1348,1364,1790,3522,16939,12037,1796,609,6228,4,10,7,4
2021-04-10T23:59:59+02:00,0,0,178,308,714,933,786,1331,769,2081,909,1754,1176,1132,2538,2538,2568,4875,42,58,279,357,320,556,327,755,361,508,439,359,1336,1345,1785,3516,16885,11862,1787,593,6200,4,10,7,4
2021-04-09T23:59:59+02:00,0,0,178,304,709,929,776,1309,761,1998,891,1672,1126,1064,2500,2511,2565,4867,35,56,265,344,302,545,309,741,348,492,422,351,1296,1316,1773,3502,16733,11642,1752,563,5956,4,8,5,4
2021-04-08T23:59:59+02:00,0,0,177,301,705,923,769,1303,748,1981,869,1652,1061,985,2443,2474,2553,4857,35,54,258,330,289,537,293,725,323,474,396,328,1247,1279,1749,3468,16571,11359,1692,530,5820,4,7,5,4
2021-04-07T23:59:59+02:00,0,0,171,298,697,917,761,1289,732,1953,852,1623,1010,928,2392,2418,2544,4841,33,51,240,314,279,531,284,712,309,461,368,309,1201,1242,1730,3430,16383,11093,1651,499,5671,4,7,5,4
2021-04-06T23:59:59+02:00,0,0,167,297,691,913,748,1274,713,1930,826,1599,977,882,2352,2369,2536,4831,31,50,239,311,277,528,274,709,299,456,357,295,1173,1212,1710,3409,16266,10962,1618,466,5497,4,7,5,4
2021-04-05T23:59:59+02:00,0,0,167,297,690,907,744,1265,704,1914,817,1584,951,857,2326,2326,2531,4823,31,50,239,307,276,524,271,702,294,454,355,288,1141,1188,1702,3390,16206,10871,1602,437,5367,4,7,5,4
2021-04-04T23:59:59+02:00,0,0,166,294,688,901,739,1254,695,1898,810,1563,941,843,2321,2320,2531,4822,31,50,239,307,275,524,271,702,293,454,353,288,1124,1175,1698,3386,16181,10829,1600,437,5278,4,7,4,4
2021-04-03T23:59:59+02:00,0,0,166,294,688,901,737,1252,694,1893,803,1560,929,834,2315,2309,2528,4821,31,50,239,307,275,524,271,701,293,452,353,288,1124,1170,1698,3383,16138,10818,1600,437,5258,4,7,4,4
2021-04-02T23:59:59+02:00,0,0,166,293,688,900,736,1249,691,1886,795,1549,917,823,2295,2288,2526,4818,31,50,236,307,273,522,268,694,285,447,349,287,1102,1142,1687,3356,16071,10701,1588,430,5231,4,7,4,4
2021-04-01T23:59:59+02:00,0,0,163,290,682,889,723,1236,685,1866,778,1528,889,790,2258,2241,2520,4799,30,49,228,304,271,518,265,687,279,442,337,279,1065,1104,1654,3313,15946,10502,1527,416,5130,4,7,4,4
2021-03-31T23:59:59+02:00,0,0,160,287,675,882,713,1221,677,1820,765,1485,874,772,2218,2183,2499,4780,30,49,227,303,266,516,261,685,270,432,323,273,1002,1051,1630,3281,15831,10295,1469,398,4978,4,6,4,4
2021-03-30T23:59:59+02:00,0,0,156,280,669,873,709,1200,668,1781,756,1442,855,754,2173,2119,2485,4758,30,48,224,300,264,513,259,679,265,424,312,267,969,1022,1608,3245,15693,10140,1425,380,4825,4,6,4,4
2021-03-29T23:59:59+02:00,0,0,153,274,664,860,704,1188,658,1749,743,1403,838,737,2103,2054,2464,4728,30,48,223,299,263,511,255,673,257,413,305,262,944,1001,1595,3218,15494,10017,1382,370,4708,4,6,4,4
2021-03-28T23:59:59+02:00,0,0,145,257,654,853,698,1179,653,1729,738,1387,831,717,2060,2014,2459,4716,30,47,220,299,259,505,251,670,255,410,303,260,933,991,1589,3210,15421,9960,1332,362,4600,4,6,4,4
2021-03-27T23:59:59+01:00,0,0,145,254,650,846,694,1175,647,1717,736,1380,823,703,2050,2001,2459,4715,30,47,220,299,259,505,250,664,252,405,301,259,926,981,1572,3186,15372,9894,1323,352,4562,4,6,4,4
2021-03-26T23:59:59+01:00,0,0,143,252,640,834,689,1160,638,1699,728,1350,805,685,2025,1976,2449,4705,30,47,220,299,258,503,250,664,246,393,296,252,896,949,1539,3137,15267,9719,1287,352,4483,4,4,4,4
2021-03-25T23:59:59+01:00,0,0,140,251,630,825,671,1139,623,1665,710,1307,786,665,1983,1934,2433,4687,30,47,217,294,257,502,243,661,244,391,288,248,857,917,1478,3058,15157,9485,1233,338,4315,3,4,4,4
2021-03-24T23:59:59+01:00,0,0,137,243,616,813,667,1126,614,1628,696,1273,763,649,1942,1891,2416,4663,30,47,215,293,256,500,241,661,238,388,281,242,814,893,1428,2966,15025,9264,1199,322,4168,2,3,4,4
2021-03-23T23:59:59+01:00,0,0,135,241,609,806,653,1114,604,1606,684,1235,745,635,1902,1860,2401,4645,29,46,213,292,254,496,234,656,235,381,271,238,790,870,1350,2868,14934,9003,1170,311,4024,2,3,4,4
2021-03-22T23:59:59+01:00,0,0,132,236,591,789,634,1096,593,1574,669,1209,736,622,1872,1836,2390,4629,29,45,212,290,252,495,233,648,234,377,268,233,765,848,1259,2763,14854,8743,1139,299,3867,2,3,4,4
2021-03-21T23:59:59+01:00,0,0,130,234,587,783,630,1093,588,1550,658,1174,730,612,1848,1830,2384,4613,29,45,211,290,251,493,232,647,233,375,266,230,759,845,1250,2754,14822,8710,1118,290,3751,2,3,4,4
2021-03-20T23:59:59+01:00,0,0,128,234,582,780,627,1091,585,1547,656,1172,726,603,1825,1808,2377,4601,29,45,211,290,251,493,231,645,230,369,264,228,750,839,1232,2741,14761,8658,1110,280,3716,2,3,4,4
2021-03-19T23:59:59+01:00,0,0,119,222,577,767,621,1085,582,1529,639,1158,692,562,1769,1767,2348,4580,28,45,211,289,250,493,230,638,227,366,262,222,724,820,1197,2688,14599,8514,1038,265,3621,2,3,4,4
2021-03-18T23:59:59+01:00,0,0,116,217,560,757,601,1053,563,1479,610,1110,656,537,1720,1719,2321,4537,28,45,209,287,248,486,230,632,224,357,260,214,707,808,1165,2646,14409,8388,976,246,3406,2,3,4,4
2021-03-17T23:59:59+01:00,0,0,111,211,549,744,589,1048,553,1465,595,1090,634,516,1677,1684,2300,4498,28,44,209,286,247,483,229,631,223,354,259,212,695,796,1130,2600,14211,8272,930,240,3353,2,3,4,4
2021-03-16T23:59:59+01:00,0,0,106,205,538,732,576,1036,541,1427,579,1062,616,492,1624,1632,2279,4463,28,43,209,284,247,478,228,629,221,353,255,212,680,777,1100,2545,14036,8138,877,237,3219,2,2,4,4
2021-03-15T23:59:59+01:00,0,0,102,198,524,717,565,1011,530,1392,565,1025,599,475,1583,1597,2257,4439,27,43,208,281,247,475,226,627,219,353,247,208,662,765,1076,2509,13887,8038,823,223,3091,2,0,4,4
2021-03-14T23:59:59+01:00,0,0,98,186,515,702,554,989,522,1348,549,980,581,460,1556,1576,2241,4414,27,43,208,279,246,474,225,622,218,348,245,204,658,758,1068,2494,13782,8011,788,194,2919,2,0,4,4
2021-03-13T23:59:59+01:00,0,0,94,175,489,681,525,963,496,1327,527,959,555,452,1531,1552,2233,4406,27,43,208,279,246,474,224,621,218,347,244,204,653,749,1039,2465,13562,7934,774,193,2834,2,0,4,4
2021-03-12T23:59:59+01:00,0,0,85,169,463,653,504,936,474,1292,502,924,525,433,1476,1505,2211,4367,27,43,208,278,246,473,224,621,218,346,240,202,641,737,1014,2438,13262,7847,745,193,2709,2,0,4,3
2021-03-11T23:59:59+01:00,0,0,79,158,432,616,470,904,435,1213,464,861,494,400,1400,1439,2163,4308,27,42,207,275,241,469,223,617,214,343,236,200,626,718,989,2397,12884,7766,692,142,2441,2,0,4,3
2021-03-10T23:59:59+01:00,0,0,77,152,408,592,452,886,417,1177,437,818,465,375,1323,1375,2124,4251,27,42,205,270,237,464,220,611,214,341,231,197,607,710,966,2358,12547,7657,659,125,2301,2,0,4,3
2021-03-09T23:59:59+01:00,0,0,76,149,399,572,429,857,404,1128,419,787,444,358,1274,1342,2083,4207,27,42,204,267,235,456,217,607,211,337,229,196,596,703,948,2327,12329,7577,633,106,2131,2,0,4,3
2021-03-08T23:59:59+01:00,0,0,73,144,386,554,411,839,392,1076,408,745,428,344,1220,1307,2059,4169,27,42,204,266,232,451,213,602,207,333,227,195,584,698,938,2316,12145,7526,596,90,1976,1,0,4,3
2021-03-07T23:59:59+01:00,0,0,70,140,383,544,403,823,380,1062,401,739,425,339,1208,1289,2050,4160,27,42,204,265,232,449,211,601,207,332,226,194,580,695,930,2309,12079,7497,570,88,1925,0,0,4,3
2021-03-06T23:59:59+01:00,0,0,70,134,380,540,396,802,373,1008,393,705,423,338,1201,1278,2035,4145,27,42,204,265,231,448,211,600,207,332,226,194,577,695,928,2296,12022,7489,570,75,1785,0,0,4,3
2021-03-05T23:59:59+01:00,0,0,70,129,376,534,392,796,370,992,382,679,412,325,1161,1236,1991,4086,27,42,203,264,230,447,210,598,206,330,224,193,572,694,920,2275,11808,7466,548,49,1724,0,0,4,3
2021-03-04T23:59:59+01:00,0,0,70,118,367,501,378,763,350,951,368,649,395,323,1109,1185,1908,3991,27,42,201,259,228,440,208,587,203,329,223,192,570,691,917,2272,11507,7419,516,48,1550,0,0,4,3
2021-03-03T23:59:59+01:00,0,0,66,111,358,486,371,747,345,929,354,629,385,315,1065,1152,1839,3870,27,42,201,258,227,438,205,577,203,322,222,189,565,688,910,2266,11237,7375,489,43,1439,0,0,4,3
2021-03-02T23:59:59+01:00,0,0,63,105,348,474,358,729,334,908,346,601,372,308,1030,1122,1741,3749,26,42,201,258,227,431,200,570,201,319,220,189,563,680,903,2253,10913,7316,465,43,1346,0,0,4,3
2021-03-01T23:59:59+01:00,0,0,62,103,342,461,351,711,323,883,339,567,367,304,1004,1090,1624,3595,26,41,200,258,225,422,198,562,201,315,219,189,560,674,894,2245,10575,7261,444,43,1240,0,0,4,3
2021-02-28T23:59:59+01:00,0,0,62,101,335,452,348,703,321,859,335,547,362,292,996,1086,1614,3583,26,41,199,257,224,422,198,562,201,315,218,189,559,670,891,2242,10531,7246,433,43,1163,0,0,4,3
2021-02-27T23:59:59+01:00,0,0,59,92,331,443,344,701,315,847,331,537,358,288,987,1075,1592,3562,26,41,199,256,224,421,197,561,200,314,218,189,559,670,891,2242,10462,7245,421,38,1108,0,0,4,3
2021-02-26T23:59:59+01:00,0,0,57,89,324,419,319,670,296,816,318,516,354,284,962,1055,1551,3500,26,40,199,255,224,419,195,558,197,312,218,189,559,670,890,2239,10303,7227,418,38,933,0,0,4,2
2021-02-25T23:59:59+01:00,0,0,50,78,311,400,309,640,289,788,304,490,345,274,945,1036,1514,3455,26,40,198,253,220,416,192,550,192,311,213,186,548,662,879,2233,10156,7166,404,28,789,0,0,4,2
2021-02-24T23:59:59+01:00,0,0,46,73,302,388,302,627,284,773,300,480,338,273,925,1024,1467,3396,25,40,196,251,217,403,190,542,189,306,211,183,542,656,877,2220,10008,7101,390,20,719,0,0,4,2
2021-02-23T23:59:59+01:00,0,0,44,64,289,373,293,608,278,754,290,470,331,271,897,1005,1426,3323,24,40,195,249,215,398,189,536,185,303,210,182,540,646,871,2201,9833,7040,371,16,628,0,0,4,2
2021-02-22T23:59:59+01:00,0,0,41,61,282,361,289,598,275,743,286,466,324,264,876,990,1397,3287,24,38,191,246,212,385,181,526,180,300,207,180,528,638,864,2184,9715,6950,355,5,585,0,0,4,2
2021-02-21T23:59:59+01:00,0,0,40,60,277,354,287,589,271,735,280,462,321,262,871,985,1390,3278,24,37,190,244,212,383,181,517,180,298,207,180,524,637,856,2171,9689,6906,347,5,537,0,0,4,2
2021-02-20T23:59:59+01:00,0,0,39,60,274,353,287,586,270,729,277,454,320,262,858,974,1358,3247,24,37,190,244,212,383,181,517,179,297,207,180,523,637,854,2170,9605,6900,336,5,515,0,0,4,2
2021-02-19T23:59:59+01:00,0,0,38,60,270,348,281,563,261,703,272,441,316,257,836,957,1324,3217,24,36,190,244,211,382,181,516,178,297,206,179,518,636,849,2153,9501,6865,321,5,427,0,0,3,2
2021-02-18T23:59:59+01:00,0,0,38,56,252,327,272,542,252,682,255,413,313,248,825,939,1298,3185,24,35,186,237,209,376,177,500,176,286,203,174,503,622,812,2086,9412,6671,295,5,293,0,0,3,2
2021-02-17T23:59:59+01:00,0,0,38,54,245,321,269,529,247,669,252,391,308,243,805,928,1269,3138,22,33,183,232,201,362,173,483,171,274,195,170,492,607,793,2047,9279,6501,285,4,241,0,0,3,2
2021-02-16T23:59:59+01:00,0,0,37,49,234,310,266,518,241,654,246,384,303,241,794,917,1244,3106,20,33,174,224,193,343,167,471,167,260,192,163,459,576,758,1979,9186,6241,277,4,178,0,0,3,2
2021-02-15T23:59:59+01:00,0,0,36,48,228,307,259,505,237,648,243,376,300,239,776,909,1232,3087,19,31,169,218,188,335,162,461,161,253,182,158,429,547,722,1908,9123,6005,263,4,141,0,0,3,2
2021-02-14T23:59:59+01:00,0,0,34,48,226,304,257,499,235,642,243,372,300,235,769,903,1223,3068,18,31,167,215,184,330,161,449,159,250,181,155,421,538,704,1865,9101,5889,230,4,123,0,0,3,2
2021-02-13T23:59:59+01:00,0,0,33,48,226,304,256,499,235,641,243,372,300,235,767,902,1222,3068,18,31,165,214,181,330,160,447,158,247,179,152,416,535,696,1850,9095,5842,230,1,122,0,0,3,2
2021-02-12T23:59:59+01:00,0,0,32,46,223,299,253,490,231,630,240,366,299,234,761,901,1219,3058,18,31,163,211,180,329,158,445,156,246,177,148,413,519,665,1784,9067,5706,230,1,79,0,0,3,2
2021-02-11T23:59:59+01:00,0,0,31,45,215,280,246,474,224,606,227,352,295,233,753,884,1194,3025,18,30,146,192,172,298,148,399,150,224,160,132,367,471,602,1616,8995,5184,163,1,18,0,0,3,2
2021-02-10T23:59:59+01:00,0,0,31,45,211,273,243,467,220,597,224,345,291,233,741,881,1186,3015,17,27,133,169,158,260,129,350,139,200,144,123,340,440,541,1491,8941,4714,146,1,7,0,0,3,0
2021-02-09T23:59:59+01:00,0,0,30,43,210,270,241,454,216,590,220,342,287,229,737,874,1177,3002,17,26,118,141,145,237,111,308,125,173,126,114,308,384,486,1333,8887,4200,122,1,3,0,0,3,0
2021-02-08T23:59:59+01:00,0,0,30,43,209,268,235,440,213,578,217,337,282,229,729,869,1171,2995,15,24,102,120,124,194,92,267,117,161,103,105,269,332,424,1198,8822,3690,107,1,3,0,0,3,0
2021-02-07T23:59:59+01:00,0,0,30,42,207,266,233,439,213,575,217,336,282,229,727,865,1166,2992,14,18,98,114,117,183,87,249,112,151,96,100,262,319,408,1148,8800,3516,104,1,0,0,0,3,0
2021-02-06T23:59:59+01:00,0,0,30,42,207,266,233,438,213,575,217,335,281,229,726,865,1165,2980,11,14,97,112,116,179,85,242,112,149,95,99,262,315,397,1133,8797,3455,90,1,0,0,0,3,0
2021-02-05T23:59:59+01:00,0,0,29,41,207,266,233,437,211,572,215,334,280,229,724,865,1153,2953,10,10,89,104,112,176,84,238,106,137,92,97,253,310,373,1104,8777,3330,55,0,0,0,0,3,0
2021-02-04T23:59:59+01:00,0,0,29,41,205,265,229,432,206,566,213,330,277,226,718,859,1144,2942,9,7,61,72,88,132,72,200,86,118,88,83,221,274,329,977,8710,2843,55,0,0,0,0,3,0
2021-02-03T23:59:59+01:00,0,0,29,40,205,263,228,420,203,560,212,327,275,224,708,856,1137,2927,6,4,45,54,69,108,54,155,73,89,63,58,166,200,248,714,8647,2127,50,0,0,0,0,3,0
2021-02-02T23:59:59+01:00,0,0,28,40,204,261,225,414,202,555,209,326,272,223,700,846,1130,2902,3,3,29,38,54,77,42,99,54,66,54,47,119,134,165,472,8569,1470,49,0,0,0,0,3,0
2021-02-01T23:59:59+01:00,0,0,27,38,202,261,222,409,199,549,205,319,271,220,693,843,1125,2890,3,1,22,21,27,45,28,62,30,35,38,29,72,86,95,284,8505,886,49,0,0,0,0,3,0
2021-01-31T23:59:59+01:00,0,0,27,38,202,259,220,405,197,541,204,317,270,220,689,839,1119,2875,3,1,20,16,18,37,21,49,22,31,35,23,57,74,92,254,8454,759,48,0,0,0,0,3,0
2021-01-30T23:59:59+01:00,0,0,27,38,202,259,220,405,196,541,204,317,270,220,688,839,1118,2873,3,1,19,15,16,37,19,45,20,30,34,22,57,71,90,248,8450,732,47,0,0,0,0,3,0
2021-01-29T23:59:59+01:00,0,0,27,38,202,256,219,404,195,540,202,315,270,220,683,836,1112,2865,3,0,16,10,11,31,18,40,16,27,34,21,54,70,88,242,8422,684,43,0,0,0,0,2,0
2021-01-28T23:59:59+01:00,0,0,27,37,195,253,219,398,194,531,199,310,269,220,671,828,1089,2845,3,0,3,3,6,18,10,22,7,13,26,15,37,47,58,171,8332,440,34,0,0,0,0,2,0
2021-01-27T23:59:59+01:00,0,0,26,35,190,248,214,389,192,517,196,300,261,215,657,811,1065,2807,1,0,2,3,5,14,9,20,6,12,25,14,31,41,49,130,8170,362,29,0,0,0,0,2,0
2021-01-26T23:59:59+01:00,0,0,23,35,187,237,208,376,187,499,193,291,255,210,635,794,1037,2756,1,0,1,3,5,14,9,20,6,12,24,11,30,37,48,113,7974,334,24,0,0,0,0,2,0
2021-01-25T23:59:59+01:00,0,0,23,34,179,235,205,366,182,489,188,280,245,206,612,774,1011,2711,1,0,1,3,4,12,8,17,6,11,21,10,26,36,40,102,7807,298,6,0,0,0,0,2,0
2021-01-24T23:59:59+01:00,0,0,22,33,177,232,202,365,181,487,187,278,245,204,608,769,1008,2706,1,0,1,3,3,12,8,17,6,11,21,10,26,36,39,100,7771,294,5,0,0,0,0,2,0
2021-01-23T23:59:59+01:00,0,0,22,33,177,232,200,365,181,486,187,278,245,204,607,769,1000,2693,1,0,1,3,3,11,8,17,5,11,21,10,26,36,39,100,7746,292,5,0,0,0,0,2,0
2021-01-22T23:59:59+01:00,0,0,21,32,175,228,199,365,181,485,186,278,245,202,605,767,972,2651,1,0,1,3,3,11,8,17,5,11,21,10,26,36,39,100,7659,292,5,0,0,0,0,2,0
2021-01-21T23:59:59+01:00,0,0,20,32,166,220,192,347,176,463,184,261,233,197,580,742,935,2598,1,0,1,3,1,6,7,12,3,7,20,8,22,26,34,83,7410,234,5,0,0,0,0,2,0
2021-01-20T23:59:59+01:00,0,0,19,30,151,195,176,305,147,407,170,237,215,185,538,696,867,2398,1,0,1,3,1,6,7,11,3,6,19,7,21,23,30,77,6794,216,4,0,0,0,0,2,0
2021-01-19T23:59:59+01:00,0,0,19,28,128,164,160,271,134,366,155,214,180,164,475,605,769,2124,1,0,1,3,1,6,5,7,1,4,11,3,10,15,21,55,6008,144,3,0,0,0,0,2,0
2021-01-18T23:59:59+01:00,0,0,16,27,113,147,138,227,116,318,138,187,142,149,385,500,633,1781,1,0,1,1,0,3,4,5,0,4,2,1,4,6,10,28,5065,70,3,0,0,0,0,2,0
2021-01-17T23:59:59+01:00,0,0,15,17,109,133,130,214,108,294,131,175,133,135,370,470,583,1679,1,0,0,0,0,1,2,4,0,2,1,1,3,1,2,5,4737,23,3,0,0,0,0,2,0
2021-01-16T23:59:59+01:00,0,0,13,13,105,130,128,209,105,284,129,169,130,131,365,462,566,1651,0,0,0,0,0,0,0,0,0,0,0,0,0,0,0,0,4631,0,0,0,0,0,0,2,0
2021-01-15T23:59:59+01:00,0,0,11,11,100,121,124,204,103,275,127,157,126,128,358,447,536,1607,0,0,0,0,0,0,0,0,0,0,0,0,0,0,0,0,4473,0,0,0,0,0,0,2,0
2021-01-14T23:59:59+01:00,0,0,9,7,75,88,104,167,85,230,110,140,114,107,306,397,471,1391,0,0,0,0,0,0,0,0,0,0,0,0,0,0,0,0,3830,0,0,0,0,0,0,2,0
2021-01-13T23:59:59+01:00,0,0,7,6,63,78,93,140,75,189,100,115,86,78,236,282,373,1061,0,0,0,0,0,0,0,0,0,0,0,0,0,0,0,0,3006,0,0,0,0,0,0,2,0
2021-01-12T23:59:59+01:00,0,0,5,5,53,60,76,110,67,132,78,91,70,62,166,202,270,741,0,0,0,0,0,0,0,0,0,0,0,0,0,0,0,0,2210,0,0,0,0,0,0,0,0
2021-01-11T23:59:59+01:00,0,0,4,3,45,48,63,80,53,106,56,64,50,41,96,123,141,417,0,0,0,0,0,0,0,0,0,0,0,0,0,0,0,0,1408,0,0,0,0,0,0,0,0
2021-01-10T23:59:59+01:00,0,0,3,3,41,36,46,67,38,84,46,55,45,31,79,109,132,363,0,0,0,0,0,0,0,0,0,0,0,0,0,0,0,0,1189,0,0,0,0,0,0,0,0
2021-01-09T23:59:59+01:00,0,0,3,2,38,35,41,64,35,74,40,50,44,31,79,107,129,361,0,0,0,0,0,0,0,0,0,0,0,0,0,0,0,0,1142,0,0,0,0,0,0,0,0
2021-01-08T23:59:59+01:00,0,0,3,2,31,27,34,57,29,62,35,44,42,29,74,104,126,350,0,0,0,0,0,0,0,0,0,0,0,0,0,0,0,0,1056,0,0,0,0,0,0,0,0
2021-01-07T23:59:59+01:00,0,0,3,2,9,3,9,20,12,28,11,22,35,20,52,69,87,248,0,0,0,0,0,0,0,0,0,0,0,0,0,0,0,0,631,0,0,0,0,0,0,0,0
2021-01-06T23:59:59+01:00,0,0,3,0,2,3,5,15,9,22,7,13,31,18,44,58,73,197,0,0,0,0,0,0,0,0,0,0,0,0,0,0,0,0,501,0,0,0,0,0,0,0,0
2021-01-05T23:59:59+01:00,0,0,2,0,1,3,5,14,9,20,7,12,30,17,43,57,70,189,0,0,0,0,0,0,0,0,0,0,0,0,0,0,0,0,480,0,0,0,0,0,0,0,0
2021-01-04T23:59:59+01:00,0,0,1,0,1,3,5,13,8,18,6,11,26,14,34,48,54,143,0,0,0,0,0,0,0,0,0,0,0,0,0,0,0,0,385,0,0,0,0,0,0,0,0
2021-01-03T23:59:59+01:00,0,0,1,0,1,3,4,13,8,18,6,11,26,14,34,48,54,142,0,0,0,0,0,0,0,0,0,0,0,0,0,0,0,0,383,0,0,0,0,0,0,0,0
2021-01-02T23:59:59+01:00,0,0,1,0,1,3,4,13,7,18,5,11,26,14,34,48,54,142,0,0,0,0,0,0,0,0,0,0,0,0,0,0,0,0,381,0,0,0,0,0,0,0,0
2021-01-01T23:59:59+01:00,0,0,1,0,1,3,4,13,7,18,5,11,26,14,34,48,54,142,0,0,0,0,0,0,0,0,0,0,0,0,0,0,0,0,381,0,0,0,0,0,0,0,0
2020-12-31T23:59:59+01:00,0,0,1,0,1,3,4,12,7,18,5,11,26,14,34,48,54,142,0,0,0,0,0,0,0,0,0,0,0,0,0,0,0,0,380,0,0,0,0,0,0,0,0
2020-12-30T23:59:59+01:00,0,0,1,0,1,3,4,12,7,17,5,11,26,14,34,48,54,142,0,0,0,0,0,0,0,0,0,0,0,0,0,0,0,0,379,0,0,0,0,0,0,0,0
2020-12-29T23:59:59+01:00,0,0,1,0,1,3,3,8,5,12,3,8,19,10,25,40,39,115,0,0,0,0,0,0,0,0,0,0,0,0,0,0,0,0,292,0,0,0,0,0,0,0,0
2020-12-28T23:59:59+01:00,0,0,1,0,1,1,1,2,3,6,2,5,11,3,8,15,24,58,0,0,0,0,0,0,0,0,0,0,0,0,0,0,0,0,141,0,0,0,0,0,0,0,0
2020-12-27T23:59:59+01:00,0,0,1,0,0,0,0,1,2,6,0,2,2,1,5,4,5,20,0,0,0,0,0,0,0,0,0,0,0,0,0,0,0,0,49,0,0,0,0,0,0,0,0
