Datum,<24_1_m,<24_1_w,25-34_1_m,25-34_1_w,35-44_1_m,35-44_1_w,45-54_1_m,45-54_1_w,55-64_1_m,55-64_1_w,65-74_1_m,65-74_1_w,75-84_1_m,75-84_1_w,>84_1_m,>84_1_w,<24_2_m,<24_2_w,25-34_2_m,25-34_2_w,35-44_2_m,35-44_2_w,45-54_2_m,45-54_2_w,55-64_2_m,55-64_2_w,65-74_2_m,65-74_2_w,75-84_2_m,75-84_2_w,>84_2_m,>84_2_w,bp_1,bp_2,mo_1,mo_2,az_1,az_2,ja
2021-06-01T23:59:59+02:00,781,889,2359,1986,2770,2647,2851,4141,2590,3520,1443,1843,1764,2153,1293,2957,218,301,743,807,838,1267,785,1802,816,1405,672,880,1121,1426,785,1958,23562,11132,3801,1108,7553,2342,1345
2021-05-31T23:59:59+02:00,738,864,2252,1941,2684,2588,2773,4073,2555,3483,1441,1836,1763,2151,1293,2957,208,293,720,793,806,1250,762,1750,784,1361,659,856,1115,1422,784,1957,23244,11007,3611,1098,7542,2249,1269
2021-05-30T23:59:59+02:00,724,856,2214,1911,2644,2568,2743,4043,2544,3464,1439,1834,1763,2151,1293,2956,202,281,696,772,778,1217,745,1698,771,1317,649,843,1112,1417,784,1955,23116,10930,3558,1091,7536,2108,1210
2021-05-29T23:59:59+02:00,720,853,2196,1897,2623,2561,2729,4028,2535,3457,1438,1833,1763,2151,1293,2956,199,274,688,764,762,1194,735,1648,758,1290,642,828,1111,1413,783,1955,23005,10869,3557,1091,7534,1976,1210
2021-05-28T23:59:59+02:00,715,841,2167,1867,2586,2541,2706,4007,2524,3445,1438,1831,1761,2146,1293,2956,197,270,682,754,755,1173,723,1618,731,1253,628,803,1109,1406,782,1953,22810,10733,3547,1089,7532,1908,1208
2021-05-27T23:59:59+02:00,659,818,2036,1816,2467,2480,2575,3936,2456,3402,1432,1823,1760,2144,1293,2954,185,252,620,712,686,1109,652,1535,674,1178,613,775,1102,1392,782,1951,22382,10569,3418,1052,7507,1682,1015
2021-05-26T23:59:59+02:00,631,784,1950,1750,2321,2421,2483,3875,2411,3364,1422,1816,1758,2137,1291,2949,179,237,586,678,641,1073,615,1468,635,1126,601,750,1091,1365,781,1949,22020,10376,3233,1043,7487,1563,893
2021-05-25T23:59:59+02:00,603,766,1868,1708,2225,2382,2389,3796,2371,3338,1414,1808,1756,2135,1290,2947,169,225,567,656,608,1040,583,1407,602,1071,584,732,1076,1347,780,1947,21713,10208,3065,1012,7456,1442,832
2021-05-24T23:59:59+02:00,585,747,1819,1668,2157,2350,2330,3749,2328,3302,1405,1804,1752,2134,1290,2946,167,216,546,641,581,1008,559,1362,582,1029,570,718,1072,1345,780,1947,21559,10145,2916,1004,7425,1339,735
2021-05-23T23:59:59+02:00,581,746,1808,1659,2147,2336,2325,3740,2318,3287,1404,1802,1752,2133,1290,2946,165,214,543,640,573,1004,548,1353,574,1023,569,712,1069,1342,779,1945,21470,10089,2915,1000,7424,1330,734
2021-05-22T23:59:59+02:00,575,738,1788,1643,2123,2324,2305,3714,2298,3264,1397,1795,1752,2132,1290,2945,163,208,536,635,569,998,539,1348,571,1016,559,703,1065,1333,779,1945,21290,10042,2914,1000,7422,1299,725
2021-05-21T23:59:59+02:00,563,722,1710,1613,2052,2280,2255,3675,2267,3225,1391,1789,1751,2131,1290,2945,163,205,532,629,558,990,527,1336,557,1001,551,680,1059,1329,779,1944,20910,9975,2888,1000,7404,1242,722
2021-05-20T23:59:59+02:00,525,694,1583,1550,1932,2210,2135,3586,2199,3149,1377,1778,1748,2126,1290,2943,155,195,497,594,537,954,500,1281,534,948,535,655,1052,1323,779,1943,20321,9883,2784,992,7329,1051,654
2021-05-19T23:59:59+02:00,490,652,1488,1495,1799,2146,2016,3489,2117,3071,1363,1765,1742,2123,1288,2943,141,183,474,575,509,923,471,1228,512,895,524,641,1043,1302,778,1940,19686,9756,2727,978,7297,963,539
2021-05-18T23:59:59+02:00,458,630,1412,1444,1720,2089,1918,3373,2037,2988,1353,1749,1737,2116,1288,2940,125,175,454,555,492,890,454,1153,492,833,512,622,1039,1290,777,1937,19253,9658,2578,944,7251,864,431
2021-05-17T23:59:59+02:00,433,616,1370,1408,1675,2041,1861,3287,2003,2927,1334,1733,1734,2110,1288,2939,119,168,440,543,485,851,448,1093,487,787,498,594,1037,1282,777,1937,19000,9603,2477,921,7200,776,343
2021-05-16T23:59:59+02:00,428,615,1344,1382,1643,2021,1823,3236,1958,2883,1319,1724,1732,2106,1288,2939,115,166,433,524,474,832,437,1047,472,749,477,575,1035,1278,777,1936,18852,9563,2413,894,7168,697,268
2021-05-15T23:59:59+02:00,421,608,1322,1365,1629,2002,1808,3214,1933,2857,1315,1722,1732,2105,1287,2939,115,164,431,524,474,831,435,1042,466,742,474,572,1033,1277,777,1936,18678,9539,2413,894,7164,691,264
2021-05-14T23:59:59+02:00,410,595,1295,1333,1589,1963,1737,3152,1894,2822,1310,1717,1731,2105,1285,2939,113,161,429,508,454,807,421,1014,455,724,464,562,1031,1273,777,1935,18366,9500,2374,880,7145,592,251
2021-05-13T23:59:59+02:00,390,572,1241,1298,1494,1916,1636,3074,1838,2744,1288,1707,1725,2104,1283,2936,110,158,420,503,446,794,416,1000,445,711,448,539,1023,1255,777,1931,18000,9435,2177,848,7101,561,226
2021-05-12T23:59:59+02:00,383,566,1226,1293,1482,1908,1619,3054,1828,2731,1286,1702,1720,2103,1283,2936,109,157,420,503,445,789,411,995,443,706,441,528,1022,1250,777,1931,17900,9395,2158,842,7097,561,223
2021-05-11T23:59:59+02:00,367,544,1160,1265,1387,1872,1522,2964,1752,2670,1276,1680,1715,2095,1283,2936,104,147,406,476,423,767,399,965,422,687,428,505,1015,1246,777,1931,17549,9323,2014,817,7007,478,174
2021-05-10T23:59:59+02:00,353,528,1127,1242,1337,1842,1461,2908,1707,2614,1270,1669,1712,2089,1283,2933,102,144,400,468,414,745,393,946,417,662,423,494,1014,1243,777,1931,17321,9283,1947,810,6913,426,148
2021-05-09T23:59:59+02:00,347,515,1089,1230,1315,1824,1415,2878,1662,2580,1263,1659,1710,2084,1283,2932,97,141,396,461,406,737,386,935,408,655,414,483,1011,1241,777,1930,17134,9255,1902,804,6874,384,129
2021-05-08T23:59:59+02:00,340,513,1083,1209,1290,1814,1402,2860,1642,2567,1257,1655,1709,2084,1282,2932,97,141,395,461,404,736,385,929,408,651,413,482,1007,1233,777,1930,16992,9242,1899,798,6872,374,129
2021-05-07T23:59:59+02:00,332,505,1066,1185,1247,1793,1347,2809,1604,2522,1251,1648,1708,2079,1282,2929,94,137,383,448,395,709,374,899,393,627,407,460,998,1223,777,1929,16771,9195,1873,777,6813,274,101
2021-05-06T23:59:59+02:00,316,493,985,1145,1136,1737,1216,2699,1497,2449,1228,1622,1707,2071,1282,2927,91,133,370,435,388,689,362,882,377,609,401,450,988,1213,777,1927,16348,9152,1711,763,6626,196,75
2021-05-05T23:59:59+02:00,305,480,953,1123,1100,1704,1152,2638,1440,2383,1214,1599,1702,2061,1282,2923,91,128,366,429,384,677,359,875,369,593,388,437,974,1200,777,1926,15993,9097,1658,745,6585,155,70
2021-05-04T23:59:59+02:00,296,469,922,1104,1066,1681,1108,2592,1400,2332,1202,1571,1698,2054,1281,2921,89,126,360,419,382,671,351,860,362,577,379,422,966,1181,777,1926,15719,9033,1602,722,6552,120,66
2021-05-03T23:59:59+02:00,293,459,895,1086,1033,1669,1079,2560,1369,2297,1191,1544,1693,2048,1280,2919,84,120,350,415,374,661,349,855,353,569,369,411,957,1170,776,1924,15514,8968,1583,716,6514,100,44
2021-05-02T23:59:59+02:00,290,457,879,1075,1014,1656,1059,2548,1361,2274,1184,1534,1692,2047,1280,2917,82,120,345,412,372,657,346,849,351,563,361,403,943,1162,776,1924,15417,8940,1570,700,6489,88,29
2021-05-01T23:59:59+02:00,287,454,873,1068,1005,1647,1049,2536,1350,2260,1180,1527,1691,2045,1280,2917,82,120,345,411,371,656,345,846,350,562,360,403,943,1162,776,1924,15318,8933,1570,700,6489,85,29
2021-04-30T23:59:59+02:00,283,447,864,1053,985,1630,1016,2470,1311,2217,1171,1513,1688,2043,1280,2914,81,118,344,408,368,648,344,821,346,557,356,398,941,1157,776,1923,15064,8921,1567,691,6487,62,3
2021-04-29T23:59:59+02:00,271,440,831,1031,953,1599,975,2415,1235,2152,1141,1480,1686,2037,1280,2913,81,117,340,406,364,644,339,809,340,548,348,389,933,1150,776,1921,14696,8881,1536,671,6438,41,3
2021-04-28T23:59:59+02:00,260,437,819,1017,926,1587,942,2380,1182,2091,1119,1440,1681,2036,1280,2913,77,117,334,401,360,637,337,801,338,538,335,377,924,1140,776,1920,14441,8826,1499,646,6400,27,3
2021-04-27T23:59:59+02:00,257,428,809,1005,912,1578,922,2359,1162,2063,1099,1407,1676,2033,1280,2911,76,114,332,398,359,632,335,796,333,532,331,368,915,1127,775,1919,14280,8783,1478,624,6372,22,3
2021-04-26T23:59:59+02:00,255,423,802,998,902,1572,900,2337,1117,2021,1086,1387,1669,2030,1279,2910,76,114,330,396,358,631,333,794,330,528,325,358,910,1120,775,1919,14127,8756,1466,608,6323,20,3
2021-04-25T23:59:59+02:00,255,420,795,991,890,1562,886,2323,1089,1993,1072,1369,1666,2024,1279,2909,75,114,330,392,355,629,333,792,329,527,323,355,908,1113,775,1918,14019,8746,1445,596,6284,13,3
2021-04-24T23:59:59+02:00,250,416,788,988,877,1552,876,2306,1066,1979,1066,1349,1664,2022,1279,2909,75,114,330,392,355,629,332,792,329,524,322,354,908,1112,775,1918,13894,8743,1445,592,6272,13,3
2021-04-23T23:59:59+02:00,247,410,778,979,873,1545,859,2293,1009,1941,1057,1329,1661,2017,1279,2906,75,114,330,392,355,628,331,790,328,523,316,346,906,1108,775,1918,13780,8728,1435,581,6188,13,3
2021-04-22T23:59:59+02:00,246,403,758,961,858,1527,825,2250,973,1892,1035,1293,1654,2007,1279,2903,75,111,328,390,352,621,328,783,327,519,313,341,898,1098,774,1917,13561,8684,1389,572,6131,6,3
2021-04-21T23:59:59+02:00,240,398,743,948,837,1512,796,2218,928,1849,1010,1247,1650,1995,1279,2902,73,109,326,388,351,618,326,779,324,512,312,337,890,1083,772,1913,13315,8639,1368,555,6085,6,3
2021-04-20T23:59:59+02:00,235,392,730,929,823,1492,776,2167,901,1804,977,1189,1638,1982,1278,2901,73,109,324,388,348,615,324,774,324,508,310,330,880,1063,771,1913,13088,8592,1306,543,6034,6,3
2021-04-19T23:59:59+02:00,233,383,720,918,810,1476,764,2141,881,1776,955,1152,1634,1979,1278,2898,73,108,322,385,345,610,323,766,321,500,310,325,866,1046,770,1907,12938,8537,1293,524,5981,4,2
2021-04-18T23:59:59+02:00,231,379,710,913,795,1467,750,2128,864,1758,935,1121,1631,1974,1276,2896,72,106,321,384,345,610,322,762,321,498,309,320,860,1043,769,1907,12841,8518,1267,515,5932,4,2
2021-04-17T23:59:59+02:00,229,375,704,910,791,1467,746,2122,861,1751,923,1104,1629,1970,1276,2896,71,103,320,382,345,610,321,758,321,495,308,316,856,1036,769,1907,12784,8489,1266,513,5916,4,2
2021-04-16T23:59:59+02:00,228,372,699,908,777,1453,736,2103,830,1712,892,1052,1623,1961,1275,2894,67,101,317,377,344,608,317,750,316,480,296,296,853,1026,765,1901,12614,8424,1253,473,5860,4,2
2021-04-15T23:59:59+02:00,225,369,684,890,762,1441,714,2065,791,1670,866,1015,1613,1942,1274,2888,66,101,314,371,339,607,310,745,309,477,290,289,834,1006,763,1894,12420,8351,1242,447,5758,4,2
2021-04-14T23:59:59+02:00,222,363,676,884,754,1427,707,2036,776,1645,833,979,1589,1901,1271,2883,63,96,311,369,336,603,308,739,302,467,284,277,816,989,762,1888,12228,8274,1227,419,5700,4,2
2021-04-13T23:59:59+02:00,218,358,669,880,745,1416,699,2014,748,1617,799,929,1572,1874,1269,2878,61,95,308,365,328,598,304,733,297,461,280,272,805,979,757,1885,12093,8217,1183,395,5618,3,2
2021-04-12T23:59:59+02:00,217,357,666,876,737,1405,684,1997,733,1600,770,897,1561,1861,1269,2874,60,91,299,359,324,592,299,728,292,456,271,264,800,970,757,1879,12004,8154,1166,369,5541,3,2
2021-04-11T23:59:59+02:00,213,356,660,872,731,1400,677,1985,722,1585,752,873,1554,1844,1269,2870,58,89,294,357,323,590,297,726,289,449,267,259,792,966,755,1878,11960,8114,1148,356,5462,3,2
2021-04-10T23:59:59+02:00,213,356,660,871,729,1398,672,1978,717,1580,745,857,1548,1834,1269,2870,53,81,270,344,310,577,287,714,274,440,258,251,787,953,753,1876,11919,7962,1142,346,5442,3,2
2021-04-09T23:59:59+02:00,213,352,657,869,721,1372,663,1899,702,1500,718,806,1528,1815,1269,2865,44,76,256,330,292,563,271,702,263,427,247,246,767,930,750,1872,11814,7780,1122,336,5219,3,1
2021-04-08T23:59:59+02:00,212,348,652,865,715,1365,653,1880,684,1480,679,752,1501,1796,1268,2863,42,73,247,315,277,556,256,687,245,411,234,227,753,913,745,1855,11712,7596,1086,317,5121,3,1
2021-04-07T23:59:59+02:00,206,345,646,858,708,1354,639,1855,671,1452,645,710,1476,1756,1265,2856,40,69,230,301,268,549,250,676,236,397,220,217,724,890,742,1842,11584,7425,1053,302,5008,3,1
2021-04-06T23:59:59+02:00,203,344,640,855,696,1340,623,1831,649,1432,624,672,1458,1727,1263,2855,39,68,229,299,265,547,241,673,230,391,216,211,708,865,740,1834,11509,7349,1029,283,4875,3,1
2021-04-05T23:59:59+02:00,203,344,640,848,690,1331,617,1815,641,1419,603,648,1448,1705,1263,2854,39,68,228,296,263,542,237,666,229,389,216,205,689,844,740,1828,11476,7290,1018,264,4773,3,1
2021-04-04T23:59:59+02:00,202,342,640,843,684,1320,611,1797,637,1402,594,636,1447,1703,1263,2853,39,68,227,296,263,542,237,666,228,389,215,205,679,830,740,1825,11461,7260,1017,264,4694,3,1
2021-04-03T23:59:59+02:00,202,342,640,843,683,1318,611,1794,631,1400,582,629,1446,1695,1262,2852,39,68,227,296,263,542,237,666,228,387,215,205,679,826,740,1823,11431,7252,1017,264,4680,3,1
2021-04-02T23:59:59+02:00,202,342,640,841,682,1315,608,1787,626,1392,574,620,1438,1685,1261,2851,39,68,224,295,262,540,236,660,223,382,211,203,665,803,737,1810,11388,7175,1011,258,4662,3,1
2021-04-01T23:59:59+02:00,198,336,637,833,671,1302,602,1767,613,1372,554,595,1417,1657,1260,2839,38,67,216,292,261,536,233,651,219,377,203,201,645,776,730,1786,11302,7056,971,250,4574,3,1
2021-03-31T23:59:59+02:00,195,334,631,826,663,1287,594,1722,604,1336,543,584,1396,1614,1254,2831,38,67,214,291,260,534,232,645,212,375,197,197,618,742,726,1760,11233,6942,931,241,4444,3,1
2021-03-30T23:59:59+02:00,193,328,626,819,660,1259,588,1687,595,1298,533,569,1369,1575,1251,2824,38,65,212,289,258,532,229,640,210,368,192,193,606,720,715,1745,11151,6855,902,231,4313,3,1
2021-03-29T23:59:59+02:00,189,322,620,803,656,1249,579,1657,587,1260,520,550,1337,1535,1244,2810,38,65,211,288,257,530,229,634,207,360,188,190,591,704,711,1735,11022,6790,875,223,4213,2,1
2021-03-28T23:59:59+02:00,181,306,614,795,652,1242,575,1639,585,1243,515,533,1313,1509,1241,2803,38,64,208,288,253,524,227,630,207,358,186,189,583,697,710,1731,10973,6750,842,218,4123,2,1
2021-03-27T23:59:59+01:00,180,304,611,791,649,1237,571,1630,583,1235,511,525,1309,1502,1241,2802,38,63,208,288,253,524,227,624,205,354,183,187,577,688,703,1721,10940,6707,838,211,4094,2,1
2021-03-26T23:59:59+01:00,178,302,604,781,645,1227,563,1611,578,1215,501,512,1301,1486,1233,2797,38,63,208,288,253,522,227,624,198,343,181,182,557,664,694,1704,10871,6610,818,211,4033,2,1
2021-03-25T23:59:59+01:00,176,301,595,770,633,1208,547,1576,568,1181,490,496,1275,1464,1228,2790,38,63,204,282,253,522,221,621,196,341,174,181,533,640,674,1670,10794,6488,794,199,3897,2,1
2021-03-24T23:59:59+01:00,173,290,586,761,628,1193,543,1546,560,1149,482,483,1254,1434,1222,2781,37,63,204,281,253,521,221,620,192,338,171,175,511,624,661,1625,10719,6381,767,191,3785,2,0
2021-03-23T23:59:59+01:00,171,288,580,752,614,1182,537,1526,549,1116,474,469,1234,1416,1213,2774,36,62,203,279,250,520,217,615,189,333,166,172,492,613,637,1584,10660,6257,749,185,3670,2,0
2021-03-22T23:59:59+01:00,165,281,562,738,601,1163,528,1502,538,1092,471,458,1223,1400,1210,2766,36,61,202,277,248,519,216,609,189,330,164,167,478,595,600,1545,10614,6129,727,181,3540,2,0
2021-03-21T23:59:59+01:00,163,280,557,731,598,1158,524,1476,530,1060,464,450,1207,1395,1207,2759,36,61,202,276,247,518,215,608,188,328,163,164,473,593,594,1541,10590,6104,714,176,3434,2,0
2021-03-20T23:59:59+01:00,161,280,553,729,597,1156,521,1474,530,1056,459,443,1195,1380,1202,2754,36,61,202,276,246,518,215,606,188,323,160,163,469,587,589,1532,10552,6071,710,173,3406,2,0
2021-03-19T23:59:59+01:00,153,269,548,718,591,1148,520,1461,517,1038,441,411,1164,1351,1194,2748,36,61,202,275,245,518,214,599,186,320,160,160,458,564,581,1507,10454,5990,664,168,3328,2,0
2021-03-18T23:59:59+01:00,150,265,533,712,569,1115,506,1414,497,993,421,394,1139,1322,1186,2728,36,61,199,273,244,508,214,593,184,318,158,157,445,553,574,1481,10340,5912,628,157,3145,2,0
2021-03-17T23:59:59+01:00,144,257,522,701,559,1111,499,1401,486,977,407,380,1114,1301,1180,2715,36,60,199,273,243,505,214,593,184,316,158,155,437,547,560,1457,10224,5851,597,155,3101,2,0
2021-03-16T23:59:59+01:00,138,253,512,689,546,1098,487,1365,474,950,399,363,1082,1260,1176,2702,36,59,199,272,243,500,214,592,182,316,155,155,432,534,548,1431,10113,5783,565,153,2980,2,0
2021-03-15T23:59:59+01:00,136,247,499,674,535,1072,477,1329,464,917,387,349,1062,1231,1170,2691,35,59,199,269,242,497,214,591,180,316,153,152,423,527,541,1407,10005,5723,525,150,2871,2,0
2021-03-14T23:59:59+01:00,131,233,487,658,526,1049,471,1282,454,878,374,341,1041,1214,1166,2680,35,59,199,267,240,496,213,587,179,311,152,149,420,523,537,1402,9930,5704,502,133,2711,2,0
2021-03-13T23:59:59+01:00,126,219,461,638,501,1025,450,1259,431,861,358,334,1028,1199,1165,2676,35,59,199,267,240,496,213,587,178,310,151,149,415,515,520,1385,9745,5654,493,132,2644,2,0
2021-03-12T23:59:59+01:00,116,208,435,613,481,995,431,1228,409,826,340,320,991,1161,1156,2655,35,59,199,267,240,495,213,587,178,310,148,147,408,505,511,1375,9496,5609,482,132,2535,2,0
2021-03-11T23:59:59+01:00,108,196,403,576,446,956,399,1159,385,765,323,291,951,1117,1132,2621,35,59,198,264,234,491,211,582,176,306,146,146,399,495,499,1355,9215,5561,454,99,2299,2,0
2021-03-10T23:59:59+01:00,103,188,385,557,431,935,384,1122,366,728,307,277,907,1077,1121,2579,35,59,195,259,232,484,209,577,176,303,144,144,386,489,490,1332,8998,5491,435,87,2172,2,0
2021-03-09T23:59:59+01:00,102,183,373,537,412,905,370,1078,354,693,298,267,875,1053,1100,2560,35,59,194,255,231,477,207,574,173,301,144,143,378,483,485,1317,8865,5445,417,75,2007,2,0
2021-03-08T23:59:59+01:00,99,176,360,523,395,882,361,1028,347,655,288,259,848,1021,1089,2545,35,59,194,253,227,471,203,567,169,299,142,143,371,480,479,1309,8753,5408,390,58,1860,1,0
2021-03-07T23:59:59+01:00,96,169,357,515,384,864,351,1015,346,650,285,256,840,1009,1085,2538,35,59,194,252,227,469,202,566,169,299,142,143,367,477,475,1307,8700,5392,372,56,1813,0,0
2021-03-06T23:59:59+01:00,96,164,352,512,378,839,346,965,336,621,284,254,833,999,1080,2532,35,59,194,252,226,468,202,565,169,299,142,143,366,477,474,1301,8664,5387,372,50,1678,0,0
2021-03-05T23:59:59+01:00,94,158,348,506,376,834,344,949,325,598,279,243,803,965,1068,2506,35,59,193,251,225,467,201,563,168,297,141,142,363,476,471,1290,8536,5370,356,37,1622,0,0
2021-03-04T23:59:59+01:00,94,149,334,472,367,803,327,902,314,577,268,241,768,923,1034,2466,35,59,191,246,224,460,199,553,165,295,140,141,362,474,469,1287,8362,5328,336,36,1457,0,0
2021-03-03T23:59:59+01:00,91,143,325,459,363,790,322,884,305,557,262,232,737,897,1010,2406,35,58,191,246,223,457,197,544,165,288,140,138,361,471,466,1284,8213,5297,321,31,1361,0,0
2021-03-02T23:59:59+01:00,86,138,317,449,353,775,314,866,298,532,252,228,714,876,964,2345,34,58,191,246,223,449,192,540,163,286,139,138,360,465,466,1276,8027,5257,306,31,1283,0,0
2021-03-01T23:59:59+01:00,84,135,313,437,346,758,306,837,292,503,251,222,695,850,907,2271,34,57,190,245,220,440,191,533,161,282,139,138,359,461,462,1271,7841,5214,292,31,1182,0,0
2021-02-28T23:59:59+01:00,84,133,307,428,343,747,306,813,287,484,247,216,690,846,900,2264,34,57,188,244,220,440,191,533,161,282,138,138,359,458,462,1270,7810,5206,283,31,1108,0,0
2021-02-27T23:59:59+01:00,81,123,303,418,337,746,302,801,283,474,243,214,683,834,890,2249,34,57,188,243,220,439,190,532,160,281,138,138,359,458,462,1270,7759,5205,274,26,1052,0,0
2021-02-26T23:59:59+01:00,79,118,297,396,310,712,283,773,274,455,241,212,665,810,880,2218,34,56,188,242,220,437,189,530,158,279,138,138,359,458,462,1268,7669,5191,272,26,883,0,0
2021-02-25T23:59:59+01:00,72,105,285,379,304,681,275,746,262,435,233,209,654,793,864,2188,34,56,187,240,216,434,185,522,154,278,137,135,351,453,458,1264,7572,5147,261,18,751,0,0
2021-02-24T23:59:59+01:00,66,99,280,369,298,667,272,734,258,426,230,209,638,782,841,2154,33,56,186,238,213,421,184,514,152,273,136,133,347,452,457,1257,7479,5098,254,13,687,0,0
2021-02-23T23:59:59+01:00,59,89,271,360,288,647,266,719,253,418,226,207,627,766,825,2115,32,56,185,235,211,416,182,509,150,269,136,131,344,446,455,1249,7384,5054,245,10,602,0,0
2021-02-22T23:59:59+01:00,55,86,265,346,285,639,264,708,250,416,219,203,613,754,811,2088,32,54,181,232,205,402,176,500,145,265,135,130,338,443,452,1242,7301,4985,234,4,561,0,0
2021-02-21T23:59:59+01:00,51,84,264,340,283,629,259,699,245,413,218,202,609,750,806,2083,32,53,180,230,205,400,175,490,145,263,135,130,334,443,450,1234,7284,4951,229,4,514,0,0
2021-02-20T23:59:59+01:00,50,84,262,339,283,625,258,692,242,408,217,202,599,740,787,2063,32,53,180,230,205,400,175,490,144,262,135,130,333,443,449,1233,7225,4946,223,4,494,0,0
2021-02-19T23:59:59+01:00,49,84,256,334,278,598,251,672,238,397,214,198,588,728,772,2050,32,52,180,230,204,399,175,489,143,262,135,129,328,442,445,1226,7169,4923,217,4,408,0,0
2021-02-18T23:59:59+01:00,47,78,238,318,270,576,242,654,224,371,211,192,581,720,758,2034,32,51,178,224,203,390,171,475,142,255,133,125,315,433,431,1188,7117,4797,200,4,282,0,0
2021-02-17T23:59:59+01:00,47,76,233,313,268,560,237,640,222,353,207,188,566,714,744,2006,30,49,175,218,195,374,166,458,137,246,127,121,309,423,419,1168,7026,4665,195,3,236,0,0
2021-02-16T23:59:59+01:00,44,70,225,302,265,546,232,627,216,348,203,188,555,708,732,1988,28,49,166,209,186,355,162,445,133,234,126,116,289,399,402,1134,6963,4483,193,3,174,0,0
2021-02-15T23:59:59+01:00,43,69,219,299,257,533,230,621,213,340,202,187,545,704,727,1975,27,47,161,204,181,349,158,435,129,229,114,112,274,385,383,1088,6920,4326,187,3,138,0,0
2021-02-14T23:59:59+01:00,41,69,216,296,254,526,228,618,213,336,202,183,539,702,723,1964,26,46,159,202,177,344,158,422,128,227,114,109,267,379,374,1067,6903,4248,166,3,120,0,0
2021-02-13T23:59:59+01:00,40,69,216,296,253,526,228,617,213,336,202,183,538,701,723,1964,26,46,157,201,174,344,157,419,126,225,114,109,265,376,369,1062,6899,4221,166,1,119,0,0
2021-02-12T23:59:59+01:00,39,67,214,292,250,515,224,607,210,331,201,181,533,700,721,1958,26,45,155,199,173,343,154,417,126,223,113,106,264,366,351,1025,6876,4137,166,1,79,0,0
2021-02-11T23:59:59+01:00,38,65,206,274,243,497,214,583,198,316,199,180,527,687,706,1937,25,43,139,181,166,309,144,374,122,204,104,96,238,338,319,935,6813,3784,117,1,17,0,0
2021-02-10T23:59:59+01:00,38,65,201,268,241,489,212,575,195,310,197,180,523,684,701,1929,23,42,127,161,154,270,127,330,112,179,92,90,219,317,287,867,6771,3437,107,1,7,0,0
2021-02-09T23:59:59+01:00,37,63,199,265,240,476,208,570,191,308,195,176,522,677,698,1921,23,40,111,135,139,248,114,285,102,156,78,82,197,270,259,785,6730,3060,89,1,3,0,0
2021-02-08T23:59:59+01:00,37,63,198,261,233,461,205,559,187,303,192,176,516,674,695,1918,21,37,93,116,119,199,98,252,92,143,67,78,173,234,226,703,6677,2683,72,1,3,0,0
2021-02-07T23:59:59+01:00,37,62,195,259,233,459,205,557,187,303,192,176,515,671,695,1917,20,32,89,109,112,186,92,236,89,132,62,75,166,222,219,675,6666,2545,69,1,0,0,0
2021-02-06T23:59:59+01:00,37,62,195,259,233,458,205,556,186,303,192,176,515,671,694,1911,15,25,89,108,111,180,90,232,89,128,61,75,166,218,214,665,6663,2494,62,1,0,0,0
2021-02-05T23:59:59+01:00,37,61,195,259,233,457,204,554,184,302,192,176,515,671,688,1892,12,20,82,102,108,176,88,230,84,117,59,74,161,214,201,652,6648,2406,42,0,0,0,0
2021-02-04T23:59:59+01:00,36,61,195,257,228,453,200,548,182,299,192,173,513,666,685,1885,9,11,57,72,84,134,77,196,63,96,54,67,143,189,174,581,6601,2026,42,0,0,0,0
2021-02-03T23:59:59+01:00,36,58,195,255,227,441,196,542,182,296,192,171,506,665,680,1874,6,6,41,56,68,110,60,150,48,73,40,43,114,134,136,428,6549,1527,37,0,0,0,0
2021-02-02T23:59:59+01:00,35,58,194,252,224,435,194,537,180,293,190,170,500,658,675,1861,4,5,27,37,52,78,47,96,37,56,32,28,82,98,95,278,6487,1063,37,0,0,0,0
2021-02-01T23:59:59+01:00,34,55,192,252,220,430,191,531,176,285,190,167,495,655,672,1853,2,2,21,19,26,41,29,62,21,32,19,19,52,70,53,170,6429,646,37,0,0,0,0
2021-01-31T23:59:59+01:00,34,55,192,250,218,426,189,522,175,283,189,167,490,652,670,1844,2,2,19,14,17,36,21,48,15,27,18,15,42,62,52,149,6387,544,36,0,0,0,0
2021-01-30T23:59:59+01:00,34,55,192,250,218,426,188,521,175,283,189,167,489,652,670,1842,2,2,18,13,15,36,19,44,13,26,18,14,42,60,50,145,6383,521,35,0,0,0,0
2021-01-29T23:59:59+01:00,34,55,192,247,216,425,188,520,174,281,189,167,484,650,664,1838,2,0,16,9,9,30,19,39,10,22,18,14,40,59,50,142,6360,481,31,0,0,0,0
2021-01-28T23:59:59+01:00,34,54,188,245,216,418,187,512,172,278,188,166,472,646,654,1826,2,0,3,3,4,19,11,19,5,11,15,10,26,38,33,104,6299,303,23,0,0,0,0
2021-01-27T23:59:59+01:00,33,52,184,239,210,408,184,499,168,269,181,162,462,634,639,1803,0,0,2,3,4,16,10,18,4,11,14,9,21,32,27,80,6169,251,20,0,0,0,0
2021-01-26T23:59:59+01:00,30,52,180,227,203,394,181,481,165,261,180,158,447,619,621,1771,0,0,1,3,4,16,10,18,4,11,14,8,19,26,27,71,6016,232,16,0,0,0,0
2021-01-25T23:59:59+01:00,30,51,174,225,200,385,178,468,160,253,172,155,431,609,607,1742,0,0,1,3,3,14,9,15,4,10,14,7,15,25,23,66,5896,209,5,0,0,0,0
2021-01-24T23:59:59+01:00,29,50,172,222,198,384,177,466,160,253,172,155,428,606,605,1739,0,0,1,3,3,14,9,15,4,10,14,7,15,25,22,65,5872,207,4,0,0,0,0
2021-01-23T23:59:59+01:00,29,50,172,222,196,384,177,466,160,253,172,155,428,606,600,1734,0,0,1,3,3,13,8,15,4,10,14,7,15,25,22,65,5860,205,4,0,0,0,0
2021-01-22T23:59:59+01:00,29,49,170,218,195,384,177,465,160,253,172,154,427,604,585,1707,0,0,1,3,3,13,8,15,4,10,14,7,15,25,22,65,5805,205,4,0,0,0,0
2021-01-21T23:59:59+01:00,28,48,161,209,189,367,171,445,159,240,164,150,406,582,564,1681,0,0,1,3,1,7,7,11,3,5,13,7,13,19,20,52,5617,162,4,0,0,0,0
2021-01-20T23:59:59+01:00,27,47,146,186,174,323,146,393,146,216,151,138,376,549,518,1548,0,0,1,3,1,7,7,11,3,4,13,6,13,18,16,50,5132,153,3,0,0,0,0
2021-01-19T23:59:59+01:00,25,46,126,156,156,291,136,349,134,195,124,119,326,481,464,1374,0,0,1,3,1,6,5,7,1,3,7,2,6,14,9,34,4544,99,2,0,0,0,0
2021-01-18T23:59:59+01:00,22,41,107,143,132,241,123,304,117,168,99,109,272,403,378,1151,0,0,1,1,0,3,4,5,0,3,0,1,1,4,5,19,3850,47,2,0,0,0,0
2021-01-17T23:59:59+01:00,21,30,103,130,123,225,116,277,111,158,92,98,260,378,346,1091,0,0,0,0,0,1,2,4,0,1,0,1,1,2,1,4,3593,17,2,0,0,0,0
2021-01-16T23:59:59+01:00,17,24,100,128,121,218,113,268,108,151,91,98,258,370,337,1073,0,0,0,0,0,0,0,0,0,0,0,0,0,0,0,1,3510,1,0,0,0,0,0
2021-01-15T23:59:59+01:00,13,22,96,120,119,211,110,262,107,138,87,96,253,360,319,1048,0,0,0,0,0,0,0,0,0,0,0,0,0,0,0,1,3393,1,0,0,0,0,0
2021-01-14T23:59:59+01:00,10,13,70,89,101,172,93,221,90,119,75,83,219,325,278,904,0,0,0,0,0,0,0,0,0,0,0,0,0,0,0,0,2887,0,0,0,0,0,0
2021-01-13T23:59:59+01:00,7,10,59,79,92,145,83,180,79,96,59,60,172,221,236,703,0,0,0,0,0,0,0,0,0,0,0,0,0,0,0,0,2302,0,0,0,0,0,0
2021-01-12T23:59:59+01:00,6,10,50,60,75,112,72,131,64,75,44,41,126,161,170,483,0,0,0,0,0,0,0,0,0,0,0,0,0,0,0,0,1697,0,0,0,0,0,0
2021-01-11T23:59:59+01:00,3,8,44,46,62,82,55,103,48,56,28,25,71,112,93,270,0,0,0,0,0,0,0,0,0,0,0,0,0,0,0,0,1119,0,0,0,0,0,0
2021-01-10T23:59:59+01:00,2,7,38,34,46,66,39,81,38,47,25,20,59,101,90,230,0,0,0,0,0,0,0,0,0,0,0,0,0,0,0,0,933,0,0,0,0,0,0
2021-01-09T23:59:59+01:00,2,6,35,32,40,64,37,72,33,44,25,20,59,100,88,229,0,0,0,0,0,0,0,0,0,0,0,0,0,0,0,0,894,0,0,0,0,0,0
2021-01-08T23:59:59+01:00,2,4,28,26,33,58,30,61,30,38,24,19,56,97,86,223,0,0,0,0,0,0,0,0,0,0,0,0,0,0,0,0,822,0,0,0,0,0,0
2021-01-07T23:59:59+01:00,2,2,9,3,6,21,13,28,11,19,21,13,42,63,57,164,0,0,0,0,0,0,0,0,0,0,0,0,0,0,0,0,474,0,0,0,0,0,0
2021-01-06T23:59:59+01:00,2,0,3,3,4,18,10,19,6,14,18,12,35,50,49,132,0,0,0,0,0,0,0,0,0,0,0,0,0,0,0,0,375,0,0,0,0,0,0
2021-01-05T23:59:59+01:00,1,0,1,3,4,16,10,18,6,13,18,11,34,49,46,125,0,0,0,0,0,0,0,0,0,0,0,0,0,0,0,0,355,0,0,0,0,0,0
2021-01-04T23:59:59+01:00,0,0,1,3,4,15,9,16,6,12,17,9,24,38,35,101,0,0,0,0,0,0,0,0,0,0,0,0,0,0,0,0,290,0,0,0,0,0,0
2021-01-03T23:59:59+01:00,0,0,1,3,4,15,9,16,6,12,17,9,24,38,35,100,0,0,0,0,0,0,0,0,0,0,0,0,0,0,0,0,289,0,0,0,0,0,0
2021-01-02T23:59:59+01:00,0,0,1,3,4,15,8,16,6,12,17,9,24,38,35,100,0,0,0,0,0,0,0,0,0,0,0,0,0,0,0,0,288,0,0,0,0,0,0
2021-01-01T23:59:59+01:00,0,0,1,3,4,15,8,16,6,12,17,9,24,38,35,100,0,0,0,0,0,0,0,0,0,0,0,0,0,0,0,0,288,0,0,0,0,0,0
2020-12-31T23:59:59+01:00,0,0,1,3,4,14,8,16,6,12,17,9,24,38,35,100,0,0,0,0,0,0,0,0,0,0,0,0,0,0,0,0,287,0,0,0,0,0,0
2020-12-30T23:59:59+01:00,0,0,1,3,4,14,8,16,6,12,17,9,24,38,35,100,0,0,0,0,0,0,0,0,0,0,0,0,0,0,0,0,287,0,0,0,0,0,0
2020-12-29T23:59:59+01:00,0,0,1,3,3,10,6,11,4,10,11,5,18,32,25,80,0,0,0,0,0,0,0,0,0,0,0,0,0,0,0,0,219,0,0,0,0,0,0
2020-12-28T23:59:59+01:00,0,0,1,1,1,2,4,6,3,5,7,2,4,12,14,40,0,0,0,0,0,0,0,0,0,0,0,0,0,0,0,0,102,0,0,0,0,0,0
2020-12-27T23:59:59+01:00,0,0,0,0,0,1,2,6,0,2,0,1,3,4,2,13,0,0,0,0,0,0,0,0,0,0,0,0,0,0,0,0,34,0,0,0,0,0,0
