Datum,<15_1_m,<15_1_w,15-24_1_m,15-24_1_w,25-34_1_m,25-34_1_w,35-44_1_m,35-44_1_w,45-54_1_m,45-54_1_w,55-64_1_m,55-64_1_w,65-74_1_m,65-74_1_w,75-84_1_m,75-84_1_w,>84_1_m,>84_1_w,<15_2_m,<15_2_w,15-24_2_m,15-24_2_w,25-34_2_m,25-34_2_w,35-44_2_m,35-44_2_w,45-54_2_m,45-54_2_w,55-64_2_m,55-64_2_w,65-74_2_m,65-74_2_w,75-84_2_m,75-84_2_w,>84_2_m,>84_2_w,bp_1,bp_2,mo_1,mo_2,az_1,az_2,ja,unb_1,unb_2
2021-10-30T23:59:59+01:00,254,229,4458,3777,10572,7304,9959,6758,8540,8993,5577,6186,1892,2353,1185,1623,323,915,193,169,3723,3225,9289,6515,8907,6067,7750,8100,5152,5712,1768,2210,1114,1540,284,844,52397,45558,7814,7122,9199,7922,13209,46,46
2021-10-29T23:59:59+02:00,252,229,4415,3761,10501,7279,9888,6731,8496,8950,5560,6176,1892,2350,1185,1623,322,914,192,169,3708,3216,9260,6510,8882,6062,7730,8085,5147,5707,1766,2210,1114,1540,284,843,52104,45497,7806,7119,9199,7922,13136,46,46
2021-10-28T23:59:59+02:00,252,228,4368,3744,10394,7248,9790,6698,8434,8897,5532,6147,1889,2343,1183,1623,322,914,191,168,3679,3199,9209,6476,8832,6037,7704,8062,5135,5698,1765,2207,1114,1540,283,843,51743,45369,7794,7109,9199,7922,12991,46,46
2021-10-27T23:59:59+02:00,251,227,4338,3729,10334,7229,9735,6662,8378,8865,5516,6131,1886,2340,1183,1622,322,914,189,168,3659,3186,9176,6451,8805,6020,7685,8048,5127,5685,1762,2206,1113,1537,283,842,51474,45244,7784,7100,9199,7921,12926,46,46
2021-10-26T23:59:59+02:00,249,225,4296,3710,10272,7200,9676,6634,8341,8818,5498,6118,1883,2337,1182,1621,322,914,188,167,3637,3170,9122,6431,8777,6006,7670,8025,5114,5677,1760,2206,1111,1533,283,842,51205,45112,7777,7099,9199,7921,12836,46,46
2021-10-25T23:59:59+02:00,247,225,4288,3702,10254,7191,9655,6622,8325,8800,5495,6113,1881,2336,1182,1621,322,914,188,167,3636,3169,9108,6419,8761,5996,7659,8009,5110,5675,1759,2206,1111,1533,283,842,51128,45072,7776,7097,9199,7921,12790,46,46
2021-10-24T23:59:59+02:00,244,224,4272,3687,10214,7173,9623,6603,8309,8778,5491,6105,1879,2336,1181,1621,322,914,187,166,3618,3156,9082,6410,8741,5986,7649,7997,5106,5670,1758,2206,1111,1532,283,842,50985,44997,7771,7092,9199,7919,12741,46,46
2021-10-23T23:59:59+02:00,243,224,4266,3681,10194,7170,9611,6596,8305,8771,5490,6101,1879,2336,1181,1621,322,914,187,166,3615,3153,9076,6409,8735,5983,7644,7996,5105,5669,1758,2206,1111,1532,283,842,50928,44982,7770,7090,9199,7919,12728,46,46
2021-10-22T23:59:59+02:00,242,221,4232,3666,10154,7150,9585,6583,8275,8738,5478,6081,1879,2335,1181,1621,322,914,185,165,3603,3147,9051,6396,8713,5976,7629,7985,5096,5658,1758,2203,1111,1531,283,842,50737,44901,7764,7084,9199,7919,12677,46,46
2021-10-21T23:59:59+02:00,238,220,4199,3646,10065,7127,9542,6545,8240,8690,5471,6058,1878,2330,1180,1620,322,914,182,164,3568,3122,8999,6376,8684,5956,7600,7961,5081,5645,1757,2200,1109,1530,283,842,50459,44724,7750,7070,9199,7917,12596,46,46
2021-10-20T23:59:59+02:00,237,218,4180,3626,10045,7110,9514,6529,8215,8672,5465,6046,1876,2327,1180,1620,322,914,180,163,3551,3107,8970,6356,8657,5943,7582,7948,5073,5635,1754,2198,1109,1528,283,840,50307,44585,7746,7061,9199,7915,12564,45,46
2021-10-19T23:59:59+02:00,233,217,4165,3615,10027,7105,9484,6517,8200,8660,5459,6038,1875,2326,1180,1620,322,913,176,162,3535,3089,8953,6340,8643,5930,7570,7934,5063,5626,1753,2193,1108,1527,283,840,50197,44456,7738,7058,9199,7915,12542,45,46
2021-10-18T23:59:59+02:00,233,215,4152,3607,10010,7095,9465,6506,8188,8649,5455,6026,1874,2322,1179,1619,322,913,176,162,3524,3075,8938,6325,8630,5922,7562,7925,5062,5615,1750,2191,1108,1527,283,838,50090,44367,7735,7049,9199,7915,12525,45,46
2021-10-17T23:59:59+02:00,233,213,4137,3602,10000,7086,9453,6502,8179,8646,5453,6022,1873,2322,1179,1618,321,912,176,159,3512,3066,8928,6322,8624,5917,7552,7917,5060,5611,1749,2187,1106,1527,283,838,50028,44302,7729,7046,9199,7915,12513,45,46
2021-10-16T23:59:59+02:00,233,213,4132,3600,9995,7084,9451,6501,8177,8643,5452,6021,1872,2322,1178,1617,321,912,176,158,3510,3064,8924,6320,8624,5916,7549,7915,5060,5611,1749,2187,1106,1527,283,838,50008,44293,7728,7045,9199,7914,12507,45,46
2021-10-15T23:59:59+02:00,229,212,4115,3592,9977,7075,9436,6493,8167,8628,5445,6015,1871,2322,1178,1617,321,912,176,156,3497,3058,8909,6309,8611,5910,7541,7908,5053,5607,1749,2187,1106,1526,283,838,49914,44224,7724,7043,9199,7914,12484,45,46
2021-10-14T23:59:59+02:00,228,212,4097,3581,9946,7055,9415,6475,8143,8608,5436,6006,1871,2319,1178,1616,320,911,174,150,3472,3045,8876,6282,8578,5882,7515,7895,5042,5597,1748,2182,1103,1526,283,838,49783,44053,7715,7027,9199,7912,12436,45,46
2021-10-13T23:59:59+02:00,225,211,4079,3573,9927,7041,9398,6463,8132,8594,5428,5998,1869,2318,1178,1614,320,911,172,150,3457,3037,8848,6264,8561,5870,7497,7885,5034,5591,1748,2182,1102,1525,283,838,49682,43948,7711,7021,9199,7912,12403,45,46
2021-10-12T23:59:59+02:00,223,210,4068,3566,9906,7027,9376,6453,8120,8578,5416,5989,1868,2316,1177,1614,320,911,170,148,3449,3023,8824,6245,8537,5855,7483,7872,5018,5580,1744,2177,1101,1524,283,838,49569,43803,7705,7016,9199,7911,12381,45,46
2021-10-11T23:59:59+02:00,221,208,4047,3560,9882,7021,9354,6441,8111,8561,5412,5979,1867,2315,1177,1614,320,911,168,148,3433,3012,8788,6233,8510,5835,7465,7852,5011,5571,1743,2176,1101,1524,283,838,49473,43667,7696,7004,9199,7911,12349,45,46
2021-10-10T23:59:59+02:00,220,206,4036,3553,9869,7009,9346,6430,8100,8552,5408,5971,1867,2315,1176,1614,320,911,166,148,3424,3009,8769,6227,8496,5827,7452,7849,5005,5564,1742,2175,1101,1523,283,838,49400,43595,7690,7001,9199,7911,12330,45,46
2021-10-09T23:59:59+02:00,220,206,4034,3552,9865,7009,9334,6423,8097,8550,5406,5971,1867,2314,1176,1614,320,911,166,147,3421,3002,8767,6225,8486,5818,7448,7848,5002,5563,1742,2175,1101,1523,283,838,49382,43572,7690,6997,9199,7910,12314,45,46
2021-10-08T23:59:59+02:00,218,205,4021,3542,9843,7000,9321,6412,8083,8533,5401,5968,1865,2313,1176,1614,320,911,166,147,3413,2989,8741,6215,8472,5809,7442,7829,4993,5561,1738,2173,1100,1522,283,838,49298,43485,7687,6996,9199,7910,12277,45,46
2021-10-07T23:59:59+02:00,216,203,3995,3525,9802,6980,9278,6402,8060,8512,5395,5962,1864,2308,1176,1614,320,911,165,145,3381,2962,8695,6193,8441,5796,7419,7800,4974,5550,1735,2168,1100,1521,283,838,49133,43294,7682,6976,9199,7910,12222,45,46
2021-10-06T23:59:59+02:00,214,202,3984,3517,9774,6961,9263,6395,8052,8504,5389,5954,1862,2305,1176,1612,320,910,164,145,3366,2948,8673,6180,8423,5786,7411,7784,4972,5539,1733,2165,1100,1520,283,838,49037,43195,7678,6970,9199,7908,12193,45,46
2021-10-05T23:59:59+02:00,214,200,3966,3503,9756,6943,9242,6382,8035,8481,5381,5948,1861,2303,1176,1611,320,910,163,145,3349,2933,8649,6169,8397,5768,7392,7758,4962,5531,1731,2161,1099,1518,283,838,48924,43065,7676,6962,9199,7908,12146,45,46
2021-10-04T23:59:59+02:00,214,199,3940,3490,9724,6925,9204,6365,8019,8470,5374,5939,1859,2302,1175,1606,320,908,163,145,3334,2923,8623,6148,8360,5755,7372,7733,4953,5516,1730,2159,1099,1517,282,838,48795,42934,7668,6957,9198,7908,12085,45,46
2021-10-03T23:59:59+02:00,214,199,3918,3476,9695,6909,9190,6355,8005,8458,5372,5931,1857,2300,1174,1605,320,908,163,145,3316,2916,8592,6137,8348,5746,7363,7720,4947,5510,1728,2156,1099,1516,282,838,48703,42862,7663,6954,9198,7905,12035,45,46
2021-10-02T23:59:59+02:00,214,199,3914,3473,9693,6907,9187,6353,8003,8458,5369,5929,1856,2299,1174,1605,320,908,163,145,3313,2916,8588,6136,8346,5746,7358,7719,4946,5506,1727,2155,1099,1516,282,838,48690,42850,7660,6954,9198,7903,12026,45,46
2021-10-01T23:59:59+02:00,213,198,3901,3468,9670,6901,9175,6343,7990,8447,5364,5920,1853,2297,1174,1605,320,907,161,141,3295,2904,8568,6127,8331,5733,7349,7708,4939,5499,1725,2155,1098,1516,282,838,48622,42772,7657,6950,9198,7899,11982,45,46
2021-09-30T23:59:59+02:00,212,196,3863,3443,9619,6876,9139,6318,7961,8421,5347,5906,1850,2294,1173,1605,320,906,159,140,3273,2878,8518,6098,8298,5712,7330,7677,4924,5485,1724,2149,1098,1516,282,837,48433,42629,7647,6925,9198,7895,11881,45,46
2021-09-29T23:59:59+02:00,209,194,3841,3427,9572,6859,9121,6296,7948,8393,5338,5900,1848,2291,1172,1603,320,905,159,140,3254,2868,8483,6091,8282,5688,7319,7655,4913,5473,1724,2147,1098,1515,282,837,48293,42535,7639,6917,9198,7890,11815,45,46
2021-09-28T23:59:59+02:00,207,194,3825,3414,9533,6833,9090,6283,7923,8359,5329,5883,1847,2284,1172,1602,320,903,156,139,3235,2855,8457,6066,8259,5675,7294,7628,4904,5461,1724,2141,1098,1514,282,836,48151,42426,7634,6912,9198,7889,11724,45,46
2021-09-27T23:59:59+02:00,205,194,3800,3397,9494,6804,9065,6258,7906,8329,5315,5871,1843,2273,1171,1602,319,902,156,138,3210,2843,8413,6039,8230,5647,7272,7599,4891,5452,1721,2132,1098,1513,282,835,48024,42292,7620,6909,9198,7885,11612,45,46
2021-09-26T23:59:59+02:00,203,194,3787,3388,9474,6790,9054,6250,7893,8317,5310,5865,1837,2272,1169,1601,319,902,155,137,3198,2836,8392,6034,8219,5636,7258,7592,4883,5442,1717,2132,1098,1512,282,834,47953,42231,7615,6905,9197,7881,11566,45,46
2021-09-25T23:59:59+02:00,202,193,3780,3387,9464,6785,9050,6246,7886,8315,5308,5864,1837,2271,1169,1600,319,902,155,136,3191,2833,8384,6030,8215,5633,7254,7587,4882,5439,1716,2131,1097,1509,282,834,47933,42211,7612,6902,9197,7879,11542,45,46
2021-09-24T23:59:59+02:00,201,191,3760,3374,9431,6771,9035,6234,7863,8295,5300,5852,1836,2269,1169,1599,319,902,154,135,3176,2820,8358,6015,8203,5621,7232,7572,4875,5430,1716,2127,1097,1509,282,834,47840,42147,7610,6896,9197,7879,11459,45,46
2021-09-23T23:59:59+02:00,199,189,3723,3357,9368,6737,8982,6185,7821,8246,5280,5832,1830,2262,1167,1596,319,902,153,134,3153,2807,8305,5986,8153,5582,7190,7525,4856,5412,1707,2123,1096,1507,282,834,47672,42035,7598,6888,9197,7875,11229,45,46
2021-09-22T23:59:59+02:00,196,189,3702,3339,9341,6712,8954,6164,7786,8232,5264,5822,1828,2259,1166,1596,319,902,151,131,3130,2798,8276,5961,8127,5567,7160,7505,4841,5406,1704,2116,1094,1507,282,833,47540,41911,7593,6884,9195,7869,11143,45,46
2021-09-21T23:59:59+02:00,194,185,3681,3323,9313,6689,8908,6141,7753,8205,5249,5811,1827,2259,1166,1596,319,902,150,131,3106,2783,8239,5934,8082,5552,7124,7473,4824,5386,1702,2115,1093,1506,282,833,47405,41754,7586,6877,9195,7869,11031,45,46
2021-09-20T23:59:59+02:00,192,185,3654,3306,9273,6673,8871,6119,7718,8172,5242,5796,1823,2257,1166,1596,319,900,150,128,3085,2758,8195,5915,8042,5528,7089,7444,4816,5366,1699,2113,1092,1505,281,833,47270,41610,7582,6871,9194,7864,10907,45,46
2021-09-19T23:59:59+02:00,191,184,3637,3297,9243,6665,8856,6113,7712,8161,5235,5789,1822,2254,1165,1594,319,899,148,128,3078,2751,8166,5901,8023,5521,7074,7428,4809,5358,1697,2109,1091,1504,281,832,47205,41541,7575,6862,9194,7858,10851,45,46
2021-09-18T23:59:59+02:00,190,184,3633,3294,9238,6663,8849,6110,7708,8159,5233,5788,1822,2254,1165,1594,319,899,147,128,3071,2749,8156,5898,8012,5517,7069,7426,4805,5353,1697,2109,1091,1503,281,832,47189,41499,7573,6861,9193,7858,10835,45,46
2021-09-17T23:59:59+02:00,190,183,3614,3285,9201,6647,8820,6096,7689,8146,5224,5779,1821,2249,1163,1594,319,899,147,127,3055,2741,8115,5882,7982,5505,7046,7415,4797,5344,1697,2107,1090,1503,281,832,47096,41417,7566,6849,9191,7855,10751,45,46
2021-09-16T23:59:59+02:00,190,182,3588,3254,9145,6621,8773,6069,7652,8112,5204,5766,1819,2244,1161,1594,319,898,147,126,3043,2727,8075,5856,7948,5480,7025,7390,4783,5337,1695,2106,1090,1503,280,831,46881,41297,7541,6840,9190,7847,10662,45,46
2021-09-15T23:59:59+02:00,188,182,3563,3240,9111,6604,8742,6043,7625,8091,5198,5747,1816,2240,1158,1594,318,897,143,126,3026,2723,8049,5843,7921,5453,6992,7371,4767,5320,1693,2103,1090,1500,278,828,46727,41163,7534,6833,9190,7846,10586,45,46
2021-09-14T23:59:59+02:00,187,181,3543,3218,9068,6583,8696,6015,7598,8060,5186,5729,1814,2236,1157,1593,317,897,143,124,3006,2707,8008,5819,7880,5434,6966,7347,4752,5304,1692,2103,1089,1497,278,827,46564,41030,7524,6824,9190,7843,10478,45,46
2021-09-13T23:59:59+02:00,185,180,3528,3202,9027,6560,8666,5995,7580,8028,5171,5712,1812,2232,1157,1593,317,896,141,122,2992,2697,7976,5804,7863,5421,6957,7325,4743,5299,1691,2100,1089,1496,278,827,46399,40931,7503,6819,9189,7840,10426,45,46
2021-09-12T23:59:59+02:00,185,179,3510,3197,9002,6549,8654,5985,7569,8012,5162,5703,1811,2231,1156,1590,317,895,140,121,2977,2688,7950,5789,7853,5409,6940,7309,4739,5290,1687,2099,1089,1496,278,826,46310,40847,7501,6813,9189,7832,10382,45,46
2021-09-11T23:59:59+02:00,185,179,3507,3195,8994,6544,8650,5983,7568,8010,5159,5701,1810,2230,1155,1590,317,895,139,121,2975,2687,7941,5786,7849,5406,6939,7304,4738,5288,1687,2099,1089,1496,278,826,46293,40832,7499,6811,9187,7832,10366,45,46
2021-09-10T23:59:59+02:00,184,175,3478,3188,8967,6524,8632,5969,7542,7988,5146,5681,1806,2227,1154,1590,317,895,138,118,2960,2681,7915,5763,7831,5391,6916,7284,4723,5269,1686,2098,1089,1494,278,826,46203,40768,7496,6805,9187,7831,10248,45,46
2021-09-09T23:59:59+02:00,182,172,3458,3165,8920,6496,8596,5944,7520,7949,5130,5670,1803,2224,1154,1590,317,895,136,117,2945,2669,7881,5735,7804,5370,6893,7254,4710,5254,1685,2094,1089,1494,278,826,46024,40653,7488,6794,9187,7822,10156,45,45
2021-09-08T23:59:59+02:00,181,171,3437,3150,8885,6484,8570,5915,7501,7919,5115,5653,1799,2222,1153,1588,317,894,134,115,2927,2657,7838,5717,7768,5346,6864,7218,4698,5232,1684,2093,1088,1494,277,826,45915,40521,7479,6785,9184,7818,10042,45,45
2021-09-07T23:59:59+02:00,180,169,3416,3144,8867,6458,8541,5894,7479,7899,5100,5642,1799,2220,1152,1587,317,891,132,114,2910,2646,7809,5693,7743,5323,6846,7192,4685,5220,1681,2089,1087,1493,277,826,45782,40390,7476,6775,9184,7814,9977,45,45
2021-09-06T23:59:59+02:00,180,169,3396,3134,8836,6437,8516,5883,7459,7874,5091,5629,1795,2210,1150,1587,316,891,132,114,2891,2634,7782,5679,7718,5313,6829,7164,4678,5206,1675,2087,1087,1493,277,826,45650,40281,7474,6772,9183,7813,9909,45,45
2021-09-05T23:59:59+02:00,180,168,3381,3129,8827,6428,8504,5873,7457,7864,5084,5617,1792,2209,1150,1587,316,890,132,113,2880,2632,7766,5666,7707,5299,6822,7157,4668,5199,1672,2086,1087,1492,277,826,45594,40226,7472,6763,9182,7812,9870,45,45
2021-09-04T23:59:59+02:00,180,167,3376,3127,8824,6422,8497,5871,7454,7863,5084,5616,1791,2209,1150,1587,316,890,131,113,2875,2627,7762,5658,7700,5299,6817,7155,4667,5198,1670,2085,1086,1492,277,826,45577,40202,7472,6760,9182,7810,9855,45,45
2021-09-03T23:59:59+02:00,178,165,3362,3108,8790,6412,8478,5854,7436,7848,5071,5601,1788,2206,1150,1586,316,888,130,110,2857,2612,7733,5644,7679,5281,6798,7133,4654,5178,1666,2084,1086,1490,277,824,45492,40116,7461,6737,9182,7809,9762,45,45
2021-09-02T23:59:59+02:00,178,163,3339,3089,8739,6387,8436,5833,7415,7822,5058,5583,1783,2201,1148,1585,315,887,129,109,2840,2599,7683,5623,7644,5263,6773,7106,4645,5157,1662,2079,1084,1488,277,821,45357,40006,7450,6727,9180,7806,9631,45,44
2021-09-01T23:59:59+02:00,175,163,3321,3076,8699,6372,8409,5820,7395,7804,5046,5575,1782,2198,1147,1582,315,887,126,107,2823,2591,7637,5599,7611,5246,6745,7083,4633,5144,1659,2077,1083,1485,277,821,45240,39862,7437,6706,9180,7804,9561,45,44
2021-08-31T23:59:59+02:00,173,162,3305,3067,8655,6349,8389,5809,7376,7783,5039,5566,1779,2196,1146,1581,314,886,124,107,2808,2580,7593,5577,7589,5228,6721,7055,4621,5125,1655,2075,1082,1485,276,821,45136,39744,7432,6697,9180,7790,9474,45,44
2021-08-30T23:59:59+02:00,172,162,3278,3049,8614,6322,8346,5785,7338,7752,5026,5550,1775,2194,1145,1581,314,886,124,106,2778,2566,7546,5554,7552,5208,6686,7034,4610,5106,1651,2073,1081,1485,276,820,44977,39615,7431,6687,9179,7788,9347,45,44
2021-08-29T23:59:59+02:00,171,161,3266,3032,8587,6314,8327,5777,7330,7742,5018,5541,1774,2191,1145,1581,313,886,124,103,2755,2546,7511,5545,7533,5190,6673,7020,4599,5101,1649,2072,1080,1484,275,820,44905,39511,7425,6676,9179,7783,9288,45,44
2021-08-28T23:59:59+02:00,170,161,3259,3031,8581,6311,8322,5775,7324,7739,5018,5539,1774,2190,1145,1580,313,886,124,102,2749,2541,7505,5540,7528,5188,6668,7016,4596,5100,1649,2072,1080,1483,275,820,44886,39487,7425,6675,9179,7783,9268,45,44
2021-08-27T23:59:59+02:00,168,161,3249,3028,8563,6298,8299,5767,7304,7729,5006,5531,1774,2190,1145,1579,313,886,124,101,2735,2536,7487,5531,7507,5175,6653,7008,4586,5092,1649,2072,1079,1481,275,820,44821,39424,7424,6674,9178,7782,9205,45,44
2021-08-26T23:59:59+02:00,168,160,3223,3015,8524,6275,8263,5753,7281,7707,4992,5520,1772,2187,1145,1578,313,885,121,98,2712,2513,7446,5504,7459,5147,6618,6980,4562,5077,1643,2066,1079,1480,275,820,44682,39233,7417,6655,9178,7762,9115,45,44
2021-08-25T23:59:59+02:00,164,158,3201,3006,8486,6258,8228,5738,7257,7683,4979,5498,1768,2184,1145,1576,313,885,118,95,2674,2495,7395,5465,7410,5111,6581,6943,4545,5050,1642,2061,1078,1479,275,820,44570,38998,7411,6647,9178,7755,8996,45,44
2021-08-24T23:59:59+02:00,164,157,3196,2997,8467,6243,8209,5720,7241,7662,4969,5487,1765,2183,1144,1574,313,883,117,95,2655,2475,7362,5436,7377,5089,6555,6917,4529,5033,1642,2059,1077,1479,275,819,44494,38836,7407,6637,9178,7751,8920,45,44
2021-08-23T23:59:59+02:00,163,150,3172,2977,8421,6222,8165,5698,7211,7632,4955,5474,1765,2182,1142,1573,313,882,116,94,2629,2454,7316,5398,7337,5072,6520,6884,4514,5016,1638,2058,1077,1478,274,819,44352,38677,7396,6625,9175,7745,8793,45,44
2021-08-22T23:59:59+02:00,161,150,3160,2967,8406,6203,8150,5690,7191,7621,4948,5468,1764,2181,1141,1573,313,882,115,94,2615,2439,7283,5376,7313,5059,6500,6865,4509,5007,1635,2053,1076,1478,273,818,44275,38546,7388,6614,9175,7742,8747,45,44
2021-08-21T23:59:59+02:00,160,150,3152,2963,8395,6195,8140,5688,7186,7616,4946,5462,1763,2181,1141,1572,313,882,110,92,2606,2431,7265,5363,7293,5049,6488,6858,4501,4999,1634,2051,1075,1478,273,818,44228,38466,7385,6587,9175,7740,8730,45,44
2021-08-20T23:59:59+02:00,159,148,3142,2954,8370,6178,8109,5669,7167,7596,4934,5450,1760,2178,1141,1571,313,880,108,90,2577,2416,7221,5328,7258,5020,6453,6822,4485,4979,1628,2047,1074,1475,273,816,44156,38298,7376,6550,9174,7731,8624,45,44
2021-08-19T23:59:59+02:00,158,145,3122,2940,8327,6152,8070,5650,7147,7568,4921,5432,1754,2175,1140,1569,313,879,105,85,2531,2396,7140,5277,7198,4984,6406,6764,4455,4947,1624,2043,1074,1474,273,816,44025,37971,7364,6520,9172,7720,8507,45,44
2021-08-18T23:59:59+02:00,157,143,3109,2933,8301,6135,8040,5637,7114,7550,4909,5423,1749,2173,1140,1569,312,878,103,83,2505,2379,7074,5242,7142,4949,6364,6731,4432,4924,1619,2039,1072,1473,273,816,43914,37733,7359,6468,9171,7711,8432,45,44
2021-08-17T23:59:59+02:00,157,143,3092,2921,8278,6108,8012,5624,7100,7528,4898,5411,1746,2171,1139,1568,311,878,98,79,2478,2359,7018,5196,7099,4914,6336,6691,4414,4904,1611,2033,1071,1469,272,816,43792,37463,7353,6433,9170,7705,8373,45,44
2021-08-16T23:59:59+02:00,155,142,3081,2910,8257,6091,7992,5618,7088,7513,4885,5398,1745,2170,1138,1568,311,878,91,77,2447,2331,6945,5152,7030,4878,6287,6648,4383,4877,1609,2031,1068,1468,272,816,43703,37092,7348,6419,9170,7693,8320,45,44
2021-08-15T23:59:59+02:00,154,141,3073,2896,8230,6081,7976,5605,7070,7499,4880,5388,1743,2167,1138,1567,311,878,81,74,2415,2293,6885,5122,6993,4848,6245,6618,4370,4865,1605,2025,1067,1466,272,816,43609,36804,7341,6397,9169,7688,8279,45,44
2021-08-14T23:59:59+02:00,152,141,3067,2889,8217,6077,7967,5604,7069,7496,4876,5386,1741,2166,1138,1566,311,878,81,73,2406,2285,6858,5110,6980,4838,6237,6604,4351,4856,1602,2022,1067,1464,272,815,43587,36710,7339,6384,9169,7687,8247,45,44
2021-08-13T23:59:59+02:00,152,140,3053,2885,8197,6068,7957,5591,7055,7485,4868,5378,1741,2162,1137,1565,311,878,81,71,2370,2263,6812,5080,6941,4811,6196,6575,4340,4841,1601,2018,1066,1464,272,815,43521,36472,7338,6369,9169,7686,8193,45,44
2021-08-12T23:59:59+02:00,150,135,3035,2876,8166,6045,7927,5573,7033,7461,4854,5364,1739,2160,1134,1563,311,878,80,70,2332,2228,6724,5031,6889,4774,6148,6526,4315,4811,1598,2015,1063,1463,272,815,43419,36161,7330,6341,9167,7663,8085,43,44
2021-08-11T23:59:59+02:00,148,132,3019,2859,8126,6020,7907,5563,7011,7440,4843,5350,1737,2158,1134,1562,310,878,78,67,2305,2197,6642,4975,6814,4733,6091,6464,4294,4772,1593,2007,1063,1461,272,813,43295,35747,7319,6310,9162,7656,8017,43,44
2021-08-10T23:59:59+02:00,148,131,3000,2849,8096,6007,7881,5544,6982,7424,4825,5341,1734,2158,1134,1560,310,877,77,62,2233,2141,6530,4916,6728,4664,6002,6398,4247,4747,1583,1999,1061,1459,272,812,43189,35150,7309,6286,9159,7642,7938,43,44
2021-08-09T23:59:59+02:00,145,131,2980,2841,8066,5986,7857,5534,6958,7405,4816,5330,1733,2157,1134,1560,310,876,74,61,2171,2083,6429,4845,6631,4621,5932,6342,4219,4714,1577,1989,1060,1458,272,812,43103,34666,7302,6235,9159,7619,7846,43,44
2021-08-08T23:59:59+02:00,145,130,2967,2834,8050,5976,7841,5521,6948,7397,4809,5326,1730,2157,1134,1560,310,876,74,60,2146,2056,6368,4809,6590,4594,5893,6319,4207,4697,1568,1985,1059,1456,272,812,43046,34433,7299,6190,9155,7611,7801,43,44
2021-08-07T23:59:59+02:00,144,129,2960,2827,8030,5963,7827,5514,6942,7387,4804,5321,1728,2157,1133,1560,310,876,71,53,2115,2035,6290,4760,6535,4560,5860,6281,4190,4683,1564,1984,1059,1453,272,812,42988,34117,7294,6162,9155,7601,7765,43,44
2021-08-06T23:59:59+02:00,144,128,2949,2819,8003,5952,7796,5492,6922,7366,4793,5307,1723,2155,1133,1559,310,876,64,50,2075,2000,6193,4687,6461,4525,5820,6243,4169,4662,1561,1980,1058,1450,272,812,42926,33773,7277,6133,9155,7584,7658,43,44
2021-08-05T23:59:59+02:00,143,127,2925,2802,7979,5933,7759,5472,6899,7344,4774,5284,1719,2152,1131,1555,310,875,58,46,2034,1952,6066,4579,6353,4465,5752,6179,4132,4622,1554,1972,1055,1448,272,812,42797,33285,7269,6046,9153,7527,7548,43,44
2021-08-04T23:59:59+02:00,140,123,2883,2781,7911,5901,7722,5446,6871,7312,4756,5268,1715,2148,1128,1554,310,875,58,41,1976,1919,5944,4512,6231,4411,5686,6112,4104,4584,1544,1965,1050,1445,272,811,42587,32799,7256,5995,9153,7494,7420,43,44
2021-08-03T23:59:59+02:00,138,122,2868,2763,7884,5889,7686,5429,6848,7286,4744,5255,1711,2147,1127,1551,310,875,55,41,1942,1889,5846,4451,6125,4358,5617,6054,4064,4543,1539,1958,1049,1443,272,811,42452,32325,7251,5951,9152,7470,7348,43,44
2021-08-02T23:59:59+02:00,138,122,2845,2739,7853,5867,7662,5417,6826,7269,4727,5244,1710,2143,1126,1551,309,875,54,40,1918,1854,5721,4358,6013,4297,5550,6000,4019,4509,1533,1945,1048,1440,271,810,42314,31762,7244,5910,9151,7452,7282,43,44
2021-08-01T23:59:59+02:00,138,121,2830,2723,7824,5846,7648,5401,6814,7261,4721,5237,1709,2142,1124,1551,309,875,48,38,1898,1835,5646,4314,5952,4253,5505,5978,4004,4489,1531,1942,1046,1437,271,810,42223,31471,7232,5881,9150,7431,7235,43,44
2021-07-31T23:59:59+02:00,136,120,2822,2715,7810,5839,7640,5397,6808,7252,4720,5235,1708,2141,1124,1551,309,875,45,28,1860,1793,5548,4250,5887,4206,5453,5940,3978,4465,1526,1938,1046,1436,271,810,42182,30989,7230,5869,9150,7427,7206,43,44
2021-07-30T23:59:59+02:00,134,118,2811,2707,7784,5823,7627,5380,6790,7238,4713,5227,1707,2140,1124,1550,309,875,41,27,1837,1770,5467,4213,5823,4153,5396,5893,3952,4446,1522,1936,1045,1433,271,810,42100,30631,7218,5843,9150,7416,7152,43,44
2021-07-29T23:59:59+02:00,132,116,2776,2690,7732,5780,7587,5337,6761,7198,4688,5207,1706,2135,1122,1549,309,875,36,24,1798,1741,5345,4115,5693,4079,5306,5808,3903,4395,1515,1927,1042,1431,271,810,41897,30060,7203,5788,9144,7377,7012,43,44
2021-07-28T23:59:59+02:00,129,114,2757,2676,7702,5753,7560,5310,6738,7176,4674,5193,1702,2133,1121,1547,308,874,35,21,1761,1695,5246,4044,5577,4008,5220,5735,3865,4362,1503,1920,1040,1429,271,809,41722,29499,7193,5728,9140,7335,6968,43,44
2021-07-27T23:59:59+02:00,124,112,2741,2656,7663,5737,7529,5291,6719,7158,4662,5181,1702,2132,1121,1546,307,874,33,21,1716,1667,5112,3966,5452,3926,5129,5667,3825,4310,1496,1909,1039,1426,270,809,41604,28923,7176,5645,9139,7291,6892,43,44
2021-07-26T23:59:59+02:00,122,110,2718,2640,7627,5711,7497,5271,6696,7136,4656,5170,1700,2132,1119,1545,307,874,33,21,1671,1613,4975,3898,5350,3857,5056,5597,3764,4276,1493,1897,1038,1420,270,808,41457,28349,7154,5575,9136,7242,6835,43,44
2021-07-25T23:59:59+02:00,115,108,2703,2626,7591,5692,7470,5263,6677,7118,4646,5166,1698,2129,1118,1543,307,873,30,18,1648,1586,4916,3850,5292,3827,5008,5562,3730,4252,1489,1893,1037,1420,270,808,41321,28059,7146,5543,9134,7207,6786,43,44
2021-07-24T23:59:59+02:00,115,106,2689,2616,7564,5681,7446,5247,6663,7105,4636,5162,1697,2126,1118,1543,307,873,30,17,1627,1564,4869,3830,5221,3779,4966,5538,3710,4244,1488,1891,1036,1418,270,807,41245,27863,7124,5455,9133,7206,6734,43,44
2021-07-23T23:59:59+02:00,113,104,2665,2595,7515,5659,7421,5222,6625,7081,4616,5151,1695,2122,1116,1543,307,873,26,14,1568,1534,4728,3724,5091,3707,4893,5467,3658,4214,1486,1882,1035,1413,269,807,41075,27211,7117,5427,9131,7185,6635,43,44
2021-07-22T23:59:59+02:00,112,101,2634,2567,7441,5614,7369,5184,6579,7034,4581,5127,1688,2115,1115,1542,307,872,24,14,1514,1493,4561,3648,4939,3625,4739,5385,3577,4160,1473,1873,1030,1411,269,806,40770,26548,7094,5286,9120,7117,6522,43,44
2021-07-21T23:59:59+02:00,110,97,2607,2550,7376,5582,7319,5144,6521,6994,4559,5104,1681,2109,1115,1539,307,870,24,12,1478,1447,4440,3566,4805,3561,4635,5278,3505,4119,1462,1861,1028,1410,269,804,40522,26072,7054,5078,9114,7056,6412,43,43
2021-07-20T23:59:59+02:00,110,97,2586,2526,7324,5548,7283,5115,6483,6953,4532,5085,1677,2105,1115,1538,307,870,23,12,1443,1415,4323,3498,4718,3508,4536,5197,3450,4086,1457,1852,1027,1409,269,803,40278,25590,7044,5001,9112,7000,6333,43,43
2021-07-19T23:59:59+02:00,109,97,2566,2502,7269,5511,7238,5094,6439,6921,4513,5069,1671,2098,1113,1535,307,869,23,10,1420,1388,4249,3451,4633,3473,4462,5134,3415,4058,1451,1846,1023,1406,267,802,39996,25272,7033,4876,9110,6960,6291,43,43
2021-07-18T23:59:59+02:00,109,95,2539,2477,7205,5475,7204,5066,6402,6881,4496,5059,1665,2093,1112,1535,306,868,21,10,1401,1363,4202,3412,4595,3442,4414,5110,3382,4045,1445,1837,1022,1406,267,800,39709,25069,7017,4797,9104,6934,6259,43,42
2021-07-17T23:59:59+02:00,104,92,2527,2463,7185,5462,7186,5050,6382,6867,4474,5048,1660,2092,1112,1534,306,866,21,10,1389,1350,4167,3379,4545,3420,4372,5080,3352,4033,1438,1834,1022,1404,267,800,39601,24898,7007,4741,9102,6925,6200,43,42
2021-07-16T23:59:59+02:00,104,89,2492,2443,7126,5426,7126,5009,6339,6824,4447,5020,1654,2086,1111,1533,306,866,20,9,1346,1323,4069,3325,4454,3376,4290,5024,3291,3986,1425,1825,1016,1402,267,799,39421,24550,6985,4706,9095,6860,5994,43,42
2021-07-15T23:59:59+02:00,102,85,2447,2416,7058,5390,7069,4971,6293,6771,4429,4994,1651,2081,1109,1530,304,866,12,9,1292,1289,3873,3216,4265,3275,4147,4927,3226,3920,1415,1817,1012,1398,265,799,39104,23848,6967,4465,9089,6795,5893,43,42
2021-07-14T23:59:59+02:00,101,82,2413,2400,6990,5359,6999,4937,6239,6724,4407,4971,1643,2074,1107,1528,304,866,11,9,1246,1246,3751,3126,4161,3208,4037,4861,3179,3876,1403,1807,1011,1395,265,799,38793,23343,6947,4361,9088,6723,5797,43,42
2021-07-13T23:59:59+02:00,97,79,2379,2373,6936,5329,6935,4899,6199,6675,4386,4953,1633,2069,1105,1528,304,866,10,7,1213,1207,3645,3036,4037,3137,3948,4770,3125,3816,1374,1800,1008,1390,263,797,38474,22837,6940,4223,9085,6621,5722,43,42
2021-07-12T23:59:59+02:00,92,79,2353,2350,6870,5286,6868,4856,6148,6634,4359,4928,1628,2066,1102,1528,304,866,9,7,1179,1185,3536,2949,3923,3067,3846,4691,3073,3770,1361,1790,1003,1382,263,797,38140,22373,6926,4093,9082,6536,5637,43,41
2021-07-11T23:59:59+02:00,86,76,2340,2336,6834,5261,6839,4834,6119,6616,4349,4920,1625,2061,1100,1528,303,866,9,7,1165,1168,3488,2903,3863,3031,3793,4662,3051,3756,1351,1777,1000,1378,263,797,38024,22183,6905,4053,9077,6476,5552,43,41
2021-07-10T23:59:59+02:00,85,75,2311,2302,6754,5220,6775,4796,6070,6580,4325,4909,1622,2058,1100,1525,303,865,9,7,1142,1146,3431,2863,3815,3001,3755,4630,3034,3744,1345,1769,1000,1376,263,797,37777,21997,6879,4052,9063,6461,5412,43,41
2021-07-09T23:59:59+02:00,83,72,2283,2282,6686,5187,6730,4774,6023,6547,4307,4886,1620,2052,1100,1524,303,865,5,3,1117,1130,3382,2814,3763,2961,3704,4593,3007,3716,1342,1753,998,1375,263,797,37552,21762,6851,4019,9051,6406,5318,43,41
2021-07-08T23:59:59+02:00,78,69,2235,2241,6598,5119,6633,4723,5956,6482,4270,4851,1613,2043,1098,1520,303,865,4,3,1044,1079,3216,2723,3570,2881,3522,4499,2936,3652,1327,1737,994,1366,262,796,37230,21261,6778,3728,9018,6266,5113,43,41
2021-07-07T23:59:59+02:00,78,68,2163,2195,6489,5044,6530,4670,5885,6424,4239,4804,1606,2034,1095,1515,302,865,4,3,989,1044,3064,2639,3392,2797,3362,4394,2881,3589,1311,1707,985,1356,262,793,36743,20688,6739,3483,8997,6184,4958,43,41
2021-07-06T23:59:59+02:00,75,68,2116,2155,6382,4993,6440,4621,5831,6356,4199,4770,1599,2029,1092,1510,302,865,4,3,952,1002,2948,2534,3303,2737,3287,4302,2829,3532,1285,1675,981,1348,262,793,36296,20178,6688,3369,8981,6098,4859,43,41
2021-07-05T23:59:59+02:00,72,68,2048,2114,6242,4923,6325,4582,5762,6298,4160,4733,1594,2022,1090,1508,302,863,4,3,908,964,2838,2461,3221,2692,3212,4235,2785,3477,1263,1658,975,1338,262,789,35807,19789,6643,3293,8956,6012,4706,43,40
2021-07-04T23:59:59+02:00,72,67,2005,2070,6160,4882,6287,4552,5719,6277,4142,4711,1591,2020,1090,1506,302,862,4,3,867,937,2774,2412,3184,2667,3180,4201,2764,3456,1249,1637,973,1337,261,789,35597,19640,6603,3236,8931,5938,4587,43,40
2021-07-03T23:59:59+02:00,69,53,1909,1988,5942,4719,6135,4466,5634,6190,4095,4678,1588,2016,1089,1502,302,862,4,3,828,908,2704,2364,3127,2639,3140,4153,2734,3425,1243,1632,972,1333,261,787,34761,19445,6569,3233,8923,5913,4370,43,40
2021-07-02T23:59:59+02:00,59,45,1871,1950,5868,4678,6091,4437,5614,6162,4080,4660,1587,2009,1087,1501,301,862,4,3,806,882,2630,2311,3058,2594,3095,4102,2703,3388,1222,1614,968,1327,261,785,34481,19130,6533,3204,8918,5809,4308,43,40
2021-07-01T23:59:59+02:00,54,38,1819,1913,5762,4605,6010,4385,5535,6095,4053,4630,1584,2003,1086,1500,301,861,4,3,731,836,2436,2230,2872,2504,2911,3982,2603,3297,1198,1590,957,1312,261,783,34057,18327,6485,2986,8902,5706,4163,43,40
2021-06-30T23:59:59+02:00,54,36,1768,1858,5640,4526,5909,4336,5475,6046,4039,4605,1580,1995,1084,1497,301,861,4,2,695,799,2328,2157,2758,2448,2799,3888,2536,3219,1174,1562,949,1302,260,782,33624,17844,6421,2861,8887,5571,4038,43,40
2021-06-29T23:59:59+02:00,52,34,1708,1774,5526,4445,5808,4277,5422,5986,4010,4575,1572,1990,1083,1496,301,860,3,2,663,748,2240,2076,2682,2384,2696,3768,2479,3166,1161,1528,936,1292,260,779,33085,17342,6386,2790,8879,5453,3915,42,40
2021-06-28T23:59:59+02:00,51,33,1672,1715,5404,4380,5740,4225,5374,5946,3981,4549,1570,1981,1082,1494,301,860,3,2,649,719,2139,2009,2603,2324,2621,3682,2425,3116,1145,1510,929,1286,260,777,32660,16993,6325,2643,8868,5351,3836,42,40
2021-06-27T23:59:59+02:00,51,32,1641,1685,5352,4341,5696,4193,5327,5932,3968,4537,1567,1977,1082,1493,301,860,3,2,630,701,2087,1969,2559,2297,2575,3643,2394,3097,1138,1498,928,1276,260,777,32467,16841,6292,2584,8845,5267,3761,42,40
2021-06-26T23:59:59+02:00,44,27,1610,1658,5282,4293,5604,4148,5286,5898,3949,4522,1567,1975,1082,1491,301,860,3,2,623,689,2054,1941,2524,2275,2557,3617,2371,3079,1120,1488,927,1274,260,777,32103,16608,6208,2579,8845,5249,3760,42,40
2021-06-25T23:59:59+02:00,38,21,1571,1620,5178,4221,5548,4121,5248,5874,3925,4512,1564,1972,1080,1490,300,860,2,2,613,665,2000,1913,2458,2206,2458,3484,2329,2975,1108,1466,924,1270,259,776,31677,16135,6178,2550,8844,5068,3757,42,40
2021-06-24T23:59:59+02:00,22,17,1517,1567,4992,4110,5418,4065,5146,5831,3886,4486,1560,1968,1080,1489,299,860,2,2,575,644,1888,1840,2278,2134,2286,3400,2224,2878,1076,1444,916,1264,258,773,31020,15616,6119,2220,8833,4985,3641,42,40
2021-06-23T23:59:59+02:00,21,17,1484,1520,4904,4056,5338,4008,5097,5787,3864,4451,1551,1962,1077,1486,298,860,2,2,544,621,1813,1777,2168,2080,2166,3308,2121,2790,1051,1422,911,1256,256,772,30575,15040,6065,2141,8829,4842,3604,42,40
2021-06-22T23:59:59+02:00,21,17,1454,1502,4830,3991,5253,3959,5052,5742,3839,4428,1546,1956,1076,1484,298,860,2,2,527,599,1747,1730,2077,2028,2079,3200,2017,2701,1037,1399,901,1244,256,767,30160,14610,6020,2005,8824,4672,3578,42,39
2021-06-21T23:59:59+02:00,20,17,1422,1460,4710,3898,5171,3915,4982,5681,3809,4406,1542,1943,1074,1479,297,858,2,2,511,583,1708,1686,2041,1986,2028,3116,1952,2617,1017,1370,879,1224,256,764,29608,14305,5976,1908,8822,4532,3540,42,39
2021-06-20T23:59:59+02:00,19,15,1395,1428,4634,3829,5121,3895,4947,5659,3786,4395,1539,1942,1073,1479,296,858,2,2,495,566,1676,1656,2017,1962,1998,3088,1911,2579,1009,1355,877,1218,256,763,29307,14120,5940,1869,8809,4469,3506,42,38
2021-06-19T23:59:59+02:00,18,14,1380,1409,4593,3797,5096,3869,4917,5634,3767,4382,1534,1939,1073,1478,296,858,2,2,486,562,1656,1635,1998,1935,1982,3062,1884,2541,999,1348,873,1217,254,762,29123,13939,5876,1838,8809,4461,3488,42,37
2021-06-18T23:59:59+02:00,13,10,1354,1392,4521,3755,5045,3825,4867,5595,3742,4370,1530,1936,1071,1476,296,858,2,2,470,553,1636,1618,1968,1904,1937,3013,1833,2485,986,1333,871,1213,253,760,28784,13630,5828,1834,8808,4414,3474,42,37
2021-06-17T23:59:59+02:00,9,9,1314,1353,4354,3677,4857,3746,4691,5507,3687,4325,1524,1933,1071,1475,295,858,2,2,431,532,1533,1583,1784,1843,1778,2915,1729,2403,965,1314,860,1202,251,758,28162,13156,5771,1724,8801,4328,3177,41,37
2021-06-16T23:59:59+02:00,9,8,1283,1322,4248,3591,4757,3692,4588,5442,3641,4298,1518,1929,1070,1471,295,857,2,2,412,509,1471,1544,1722,1810,1697,2829,1670,2327,948,1287,850,1187,251,755,27666,12736,5655,1653,8789,4251,3123,41,37
2021-06-15T23:59:59+02:00,9,8,1247,1287,4111,3506,4684,3632,4511,5370,3598,4265,1508,1922,1065,1469,295,856,2,2,399,489,1416,1491,1669,1764,1629,2772,1600,2258,931,1258,845,1176,250,754,27106,12398,5617,1567,8774,4181,3042,41,37
2021-06-14T23:59:59+02:00,9,6,1220,1248,4019,3449,4600,3577,4428,5296,3543,4234,1504,1914,1064,1464,293,854,2,2,391,478,1369,1456,1619,1729,1577,2708,1544,2205,921,1233,841,1169,249,751,26628,12143,5520,1493,8770,4096,2986,40,36
2021-06-13T23:59:59+02:00,9,6,1204,1231,3970,3408,4551,3536,4377,5252,3522,4218,1503,1908,1064,1463,293,853,2,2,383,470,1336,1438,1580,1704,1537,2671,1511,2164,903,1212,838,1159,249,749,26370,11957,5483,1470,8764,4022,2926,40,36
2021-06-12T23:59:59+02:00,9,5,1189,1203,3940,3387,4521,3511,4359,5236,3507,4208,1501,1905,1063,1462,293,852,2,2,378,468,1323,1419,1557,1679,1515,2649,1486,2145,895,1202,828,1156,249,748,26173,11814,5472,1470,8762,3961,2914,40,35
2021-06-11T23:59:59+02:00,8,5,1169,1189,3900,3339,4450,3481,4318,5198,3477,4196,1500,1903,1062,1459,293,851,2,2,366,454,1301,1378,1529,1658,1469,2607,1439,2103,885,1188,824,1150,249,747,25866,11569,5442,1462,8759,3881,2891,40,35
2021-06-10T23:59:59+02:00,8,4,1105,1135,3776,3254,4313,3399,4219,5132,3422,4159,1495,1896,1060,1458,293,851,2,2,346,437,1236,1339,1462,1598,1404,2535,1351,2005,859,1156,820,1140,248,744,25255,11139,5299,1449,8740,3719,2815,40,34
2021-06-09T23:59:59+02:00,7,2,1055,1097,3632,3147,4175,3337,4128,5054,3374,4117,1489,1890,1058,1455,293,851,1,2,329,417,1175,1296,1398,1562,1347,2453,1270,1939,832,1101,813,1126,247,742,24752,10833,5113,1389,8731,3579,2674,40,34
2021-06-08T23:59:59+02:00,6,2,999,1059,3495,3051,4054,3256,4016,4970,3324,4086,1482,1886,1055,1452,292,849,1,1,313,397,1129,1257,1341,1527,1287,2395,1224,1866,812,1067,802,1110,243,739,24180,10593,4968,1339,8720,3440,2554,40,33
2021-06-07T23:59:59+02:00,5,2,969,1030,3382,2971,3915,3221,3894,4900,3272,4060,1467,1881,1054,1450,292,848,1,0,305,391,1085,1217,1283,1506,1239,2343,1156,1812,799,1046,789,1094,241,735,23778,10423,4782,1303,8712,3309,2413,40,33
2021-06-06T23:59:59+02:00,5,2,945,1019,3319,2936,3836,3172,3826,4870,3241,4045,1465,1875,1051,1449,291,848,1,0,297,380,1069,1190,1252,1476,1217,2284,1129,1753,787,1031,782,1086,241,732,23566,10312,4645,1249,8699,3199,2345,40,33
2021-06-05T23:59:59+02:00,5,2,933,1001,3249,2874,3782,3142,3790,4846,3231,4041,1464,1873,1051,1449,291,847,1,0,290,369,1051,1170,1233,1460,1191,2256,1097,1731,773,1008,780,1083,241,732,23283,10146,4639,1245,8695,3155,2307,40,32
2021-06-04T23:59:59+02:00,3,2,905,980,3202,2817,3708,3104,3726,4792,3204,4020,1460,1869,1049,1449,291,847,1,0,277,361,1026,1138,1210,1444,1167,2216,1067,1703,757,986,774,1078,241,730,22962,10007,4593,1240,8691,3094,2218,40,32
2021-06-03T23:59:59+02:00,3,2,861,945,3039,2722,3521,2996,3551,4675,3111,3944,1451,1859,1045,1444,291,847,0,0,266,351,993,1098,1154,1388,1100,2131,1004,1646,718,948,766,1065,241,729,22269,9790,4353,1222,8674,2931,2024,40,32
2021-06-02T23:59:59+02:00,3,2,836,932,2968,2658,3464,2955,3488,4613,3069,3918,1449,1854,1045,1443,291,847,0,0,253,341,967,1076,1113,1370,1057,2089,953,1601,705,916,763,1060,241,728,21914,9578,4334,1208,8674,2895,1913,40,32
2021-06-01T23:59:59+02:00,3,2,789,899,2815,2545,3281,2862,3321,4506,3009,3856,1438,1847,1042,1438,291,847,0,0,242,327,886,1018,1021,1314,975,1981,904,1522,674,862,757,1051,241,722,21299,9292,4122,1173,8663,2698,1678,40,31
2021-05-31T23:59:59+02:00,3,2,751,871,2691,2457,3142,2764,3213,4415,2956,3803,1432,1835,1041,1434,291,846,0,0,229,311,847,976,956,1262,929,1904,864,1463,654,838,751,1046,239,719,20887,9120,3883,1157,8644,2562,1482,40,31
2021-05-30T23:59:59+02:00,3,2,740,859,2631,2411,3076,2725,3163,4374,2938,3782,1428,1829,1041,1433,291,845,0,0,219,294,804,933,904,1221,890,1844,841,1409,640,822,747,1036,239,718,20737,9021,3821,1149,8632,2393,1323,40,31
2021-05-29T23:59:59+02:00,3,2,738,856,2612,2395,3053,2713,3144,4357,2930,3773,1426,1827,1041,1433,291,845,0,0,215,283,798,920,884,1193,873,1797,827,1376,626,802,745,1031,238,718,20610,8928,3819,1148,8629,2251,1322,39,31
2021-05-28T23:59:59+02:00,3,2,730,844,2573,2354,3008,2685,3121,4334,2920,3758,1426,1824,1039,1428,291,845,0,0,211,274,786,902,872,1169,857,1756,795,1336,608,773,741,1023,237,716,20361,8747,3810,1143,8627,2164,1318,39,31
2021-05-27T23:59:59+02:00,3,2,684,821,2446,2291,2875,2616,2975,4257,2836,3709,1417,1813,1038,1426,290,843,0,0,197,258,723,849,790,1115,768,1664,731,1254,584,740,732,1007,236,714,19870,8543,3676,1104,8593,1903,1115,39,30
2021-05-26T23:59:59+02:00,3,2,650,786,2336,2218,2710,2551,2849,4191,2785,3659,1407,1801,1036,1419,288,838,0,0,188,236,681,809,742,1080,726,1595,692,1196,568,714,714,974,235,711,19443,8319,3429,1093,8565,1764,983,39,30
2021-05-25T23:59:59+02:00,3,2,628,767,2243,2156,2609,2508,2749,4109,2738,3621,1396,1793,1033,1415,288,836,0,0,179,223,658,780,707,1045,689,1537,644,1134,550,696,694,947,234,709,19073,8107,3249,1058,8523,1629,929,38,27
2021-05-24T23:59:59+02:00,3,2,613,743,2184,2115,2533,2474,2679,4053,2678,3579,1383,1786,1027,1414,288,835,0,0,174,215,636,762,680,1013,655,1480,618,1081,533,682,687,943,234,709,18874,8015,3066,1047,8489,1508,829,38,26
2021-05-23T23:59:59+02:00,3,2,609,742,2166,2101,2520,2459,2669,4037,2667,3566,1380,1784,1027,1412,288,835,0,0,172,213,630,754,672,1007,639,1466,610,1074,530,674,682,937,233,706,18753,7932,3063,1041,8489,1496,828,38,25
2021-05-22T23:59:59+02:00,3,2,602,729,2141,2078,2483,2437,2648,4004,2635,3538,1372,1780,1027,1410,288,834,0,0,170,205,621,751,667,997,627,1460,605,1068,520,666,676,925,233,706,18504,7870,3062,1041,8486,1461,819,38,25
2021-05-21T23:59:59+02:00,3,2,587,714,2051,2041,2398,2384,2579,3957,2594,3492,1365,1767,1025,1408,288,833,0,0,169,202,615,742,657,988,615,1448,590,1048,509,640,669,919,233,704,18016,7786,3034,1040,8466,1400,816,38,25
2021-05-20T23:59:59+02:00,3,2,556,693,1924,1970,2266,2306,2449,3855,2515,3407,1350,1751,1023,1403,288,831,0,0,160,191,581,704,625,949,585,1390,566,986,485,609,664,910,233,703,17365,7663,2907,1029,8392,1186,746,38,25
2021-05-19T23:59:59+02:00,2,2,520,658,1811,1886,2119,2233,2306,3753,2411,3312,1332,1733,1015,1400,286,831,0,0,146,184,554,680,592,914,553,1338,540,926,471,588,654,888,232,701,16592,7512,2836,1012,8350,1085,625,38,25
2021-05-18T23:59:59+02:00,2,1,492,637,1730,1809,2018,2176,2196,3633,2319,3221,1321,1714,1008,1393,286,827,0,0,139,175,530,651,569,883,537,1261,520,864,455,564,647,874,231,698,16076,7394,2669,974,8293,973,522,38,25
2021-05-17T23:59:59+02:00,2,0,472,623,1672,1773,1965,2125,2122,3521,2262,3144,1303,1694,1001,1386,286,825,0,0,133,167,514,636,561,845,527,1200,504,809,438,533,645,866,231,696,15772,7320,2515,944,8227,871,426,38,25
2021-05-16T23:59:59+02:00,2,0,466,622,1644,1748,1928,2097,2082,3472,2208,3086,1288,1685,999,1382,286,824,0,0,129,164,505,615,550,830,514,1154,486,772,413,504,642,861,231,695,15595,7264,2443,916,8185,784,349,38,25
2021-05-15T23:59:59+02:00,2,0,461,617,1617,1730,1909,2076,2061,3448,2183,3048,1279,1684,998,1380,285,824,0,0,128,161,501,614,549,827,509,1150,480,762,409,502,639,859,231,695,15388,7232,2442,915,8177,773,344,36,25
2021-05-14T23:59:59+02:00,2,0,443,603,1586,1696,1866,2034,1983,3379,2141,3004,1271,1674,996,1380,283,824,0,0,126,156,496,599,530,802,490,1118,466,746,393,485,634,854,231,693,15019,7172,2400,899,8156,669,322,36,25
2021-05-13T23:59:59+02:00,1,0,416,582,1524,1643,1756,1981,1863,3292,2074,2912,1247,1657,989,1378,281,820,0,0,121,153,484,591,521,786,484,1102,452,732,377,458,624,829,231,689,14580,7089,2157,859,8100,633,293,36,25
2021-05-12T23:59:59+02:00,1,0,409,576,1504,1634,1741,1972,1838,3269,2059,2898,1245,1651,985,1376,281,820,0,0,121,151,481,591,520,780,481,1097,449,726,372,446,623,823,231,688,14450,7046,2133,850,8093,632,291,35,25
2021-05-11T23:59:59+02:00,1,0,390,556,1427,1595,1634,1931,1726,3176,1954,2827,1231,1626,981,1367,281,820,0,0,114,142,466,559,498,752,462,1065,421,705,350,418,613,817,231,688,14046,6947,1956,821,7978,537,228,35,25
2021-05-10T23:59:59+02:00,1,0,375,541,1382,1563,1580,1898,1654,3111,1896,2759,1224,1612,977,1361,281,817,0,0,114,139,459,554,489,730,454,1041,416,685,341,405,611,811,231,687,13773,6899,1872,813,7855,484,203,35,23
2021-05-09T23:59:59+02:00,1,0,369,530,1337,1538,1546,1877,1610,3074,1835,2718,1211,1599,975,1356,281,816,0,0,109,136,452,545,479,722,444,1031,406,674,331,394,606,806,231,686,13531,6862,1816,802,7806,432,183,35,22
2021-05-08T23:59:59+02:00,1,0,363,525,1323,1517,1515,1857,1587,3048,1805,2697,1204,1591,972,1355,280,816,0,0,108,136,451,545,476,721,443,1026,406,667,330,393,602,798,231,686,13319,6847,1810,796,7803,420,181,35,22
2021-05-07T23:59:59+02:00,1,0,352,518,1295,1489,1461,1838,1525,2988,1756,2647,1198,1583,971,1350,280,813,0,0,105,133,439,531,463,694,431,991,390,643,328,374,588,785,231,684,13048,6797,1781,772,7738,318,145,35,20
2021-05-06T23:59:59+02:00,1,0,328,505,1199,1445,1348,1781,1384,2873,1623,2554,1167,1551,969,1339,280,811,0,0,102,128,425,515,451,676,418,968,377,624,319,357,576,773,231,682,12554,6736,1591,755,7514,233,119,33,19
2021-05-05T23:59:59+02:00,1,0,314,490,1159,1413,1302,1741,1318,2804,1545,2474,1150,1527,963,1324,280,806,0,0,101,124,414,504,447,664,410,958,372,606,302,346,558,754,231,681,12136,6664,1528,735,7448,184,111,33,17
2021-05-04T23:59:59+02:00,1,0,304,480,1113,1381,1263,1715,1273,2758,1492,2414,1133,1497,958,1314,279,802,0,0,97,121,404,492,444,657,399,939,364,589,288,331,547,734,231,681,11814,6589,1465,707,7404,145,99,33,16
2021-05-03T23:59:59+02:00,1,0,297,474,1081,1357,1227,1697,1242,2723,1451,2375,1117,1470,952,1308,278,797,0,0,90,116,392,485,435,649,392,931,354,581,276,323,530,718,230,679,11567,6510,1441,700,7364,123,70,33,14
2021-05-02T23:59:59+02:00,1,0,292,473,1067,1343,1194,1680,1217,2704,1440,2352,1108,1456,950,1307,278,794,0,0,88,115,385,478,431,644,387,924,351,578,271,315,512,708,230,679,11436,6471,1426,683,7330,109,53,32,13
2021-05-01T23:59:59+02:00,1,0,288,468,1058,1335,1182,1666,1202,2692,1423,2335,1102,1451,947,1305,278,793,0,0,88,114,384,477,428,644,385,920,351,577,269,315,512,708,230,679,11301,6461,1425,683,7329,106,52,32,12
2021-04-30T23:59:59+02:00,1,0,284,459,1046,1311,1162,1647,1174,2631,1369,2282,1089,1435,941,1301,278,790,0,0,86,112,383,472,424,637,383,895,347,567,264,309,510,703,230,678,11004,6447,1420,674,7326,79,22,32,11
2021-04-29T23:59:59+02:00,1,0,269,445,993,1281,1122,1607,1129,2575,1275,2213,1046,1391,936,1292,277,788,0,0,86,108,378,470,420,632,375,883,338,558,255,299,499,693,229,674,10530,6386,1381,653,7265,56,21,31,11
2021-04-28T23:59:59+02:00,1,0,258,439,976,1263,1095,1593,1096,2534,1210,2159,1015,1338,928,1290,277,786,0,0,82,105,372,465,416,624,372,875,334,545,241,284,487,679,228,673,10244,6320,1332,615,7211,42,20,31,11
2021-04-27T23:59:59+02:00,1,0,254,429,957,1246,1076,1581,1070,2511,1188,2132,991,1305,922,1286,277,783,0,0,80,102,366,460,414,618,370,870,328,539,238,276,476,660,227,672,10052,6270,1305,588,7176,35,19,27,9
2021-04-26T23:59:59+02:00,1,0,251,423,949,1237,1066,1566,1042,2493,1140,2085,972,1285,915,1279,276,782,0,0,80,102,362,454,414,615,366,867,327,534,233,268,466,651,227,672,9877,6237,1290,564,7111,33,19,27,9
2021-04-25T23:59:59+02:00,1,0,251,421,941,1223,1050,1559,1025,2476,1111,2057,950,1262,911,1272,276,782,0,0,79,101,360,445,411,614,365,862,326,533,232,263,461,643,227,671,9748,6217,1266,548,7064,24,19,27,9
2021-04-24T23:59:59+02:00,1,0,247,415,927,1211,1038,1544,1011,2456,1084,2040,939,1239,908,1269,276,782,0,0,79,101,360,445,410,614,365,860,325,530,231,261,460,640,227,671,9583,6210,1266,540,7040,24,19,26,9
2021-04-23T23:59:59+02:00,1,0,245,405,916,1195,1029,1533,995,2438,1031,1997,918,1216,906,1262,276,779,0,0,78,100,360,445,410,613,364,858,322,527,227,255,455,635,227,671,9432,6189,1253,528,6948,24,19,25,8
2021-04-22T23:59:59+02:00,1,0,242,395,893,1172,1005,1511,965,2398,988,1938,885,1175,898,1250,276,776,0,0,78,99,358,439,405,606,360,849,320,521,222,249,445,625,226,669,9164,6135,1203,513,6881,17,19,25,8
2021-04-21T23:59:59+02:00,1,0,237,390,871,1153,979,1494,930,2362,944,1890,853,1125,890,1236,276,772,0,0,77,97,356,438,403,603,356,843,316,513,221,244,436,610,225,666,8874,6086,1178,494,6823,17,19,25,8
2021-04-20T23:59:59+02:00,1,0,230,385,854,1126,961,1474,906,2313,904,1837,808,1061,878,1219,275,770,0,0,77,97,354,437,400,598,350,838,314,507,217,236,424,591,224,666,8599,6028,1110,479,6759,16,19,25,8
2021-04-19T23:59:59+02:00,1,0,227,375,836,1114,948,1454,890,2282,876,1802,780,1030,874,1212,274,767,0,0,76,96,353,434,394,593,347,828,310,497,217,231,414,574,222,661,8420,5969,1094,457,6692,14,18,24,8
2021-04-18T23:59:59+02:00,1,0,226,370,828,1104,936,1446,869,2260,858,1784,754,991,870,1206,273,764,0,0,75,94,350,434,394,593,346,825,310,494,216,227,408,571,222,661,8295,5950,1068,448,6632,14,18,24,8
2021-04-17T23:59:59+02:00,1,0,225,367,825,1101,929,1445,862,2255,854,1778,738,967,868,1200,273,764,0,0,75,91,348,430,392,593,343,821,309,490,214,222,402,564,222,660,8231,5908,1067,446,6608,14,18,24,8
2021-04-16T23:59:59+02:00,1,0,224,366,815,1096,916,1426,846,2234,823,1741,698,908,858,1190,272,761,0,0,71,89,346,423,389,591,334,807,302,476,202,206,399,555,219,657,8039,5836,1052,408,6534,13,18,24,7
2021-04-15T23:59:59+02:00,1,0,223,359,790,1079,898,1412,821,2189,784,1703,667,861,850,1171,272,757,0,0,69,88,343,416,384,586,327,799,295,473,193,200,382,533,217,652,7820,5753,1041,381,6419,12,18,23,7
2021-04-14T23:59:59+02:00,1,0,222,352,779,1070,889,1399,806,2154,767,1675,630,821,821,1125,272,753,0,0,66,84,338,413,380,581,325,789,287,465,183,184,367,510,215,647,7606,5661,1025,349,6344,12,18,21,7
2021-04-13T23:59:59+02:00,1,0,218,347,769,1065,878,1387,797,2129,739,1649,583,771,798,1091,271,749,0,0,63,81,331,408,370,577,318,782,282,460,180,180,354,497,213,644,7451,5599,978,318,6250,10,18,19,7
2021-04-12T23:59:59+02:00,1,0,216,345,765,1059,871,1374,771,2109,722,1632,551,743,787,1074,271,747,0,0,62,77,318,399,366,571,314,775,275,454,173,175,346,485,212,638,7359,5521,956,292,6159,10,18,16,7
2021-04-11T23:59:59+02:00,0,0,213,342,757,1049,864,1368,759,2093,712,1616,536,718,779,1050,270,744,0,0,60,74,313,397,363,569,312,771,274,449,168,167,339,482,210,636,7299,5474,936,282,6068,9,18,15,7
2021-04-10T23:59:59+02:00,0,0,213,340,757,1046,860,1366,749,2085,702,1608,529,703,772,1036,269,744,0,0,56,67,288,381,342,554,300,757,259,441,160,160,334,468,209,634,7244,5300,929,274,6038,9,17,14,7
2021-04-09T23:59:59+02:00,0,0,213,337,752,1043,847,1343,741,2003,686,1524,491,641,751,1016,266,740,0,0,47,64,275,369,325,541,284,742,248,428,151,155,311,446,205,625,7129,5107,905,266,5787,9,13,13,7
2021-04-08T23:59:59+02:00,0,0,211,333,747,1036,836,1334,727,1983,667,1504,445,582,723,993,264,737,0,0,45,62,266,353,310,529,271,726,233,412,140,139,295,429,203,608,7013,4917,866,255,5667,9,12,13,7
2021-04-07T23:59:59+02:00,0,0,206,329,737,1029,823,1319,711,1955,648,1471,407,540,693,955,261,733,0,0,42,59,247,340,300,523,264,712,225,400,125,129,277,409,198,599,6880,4748,832,246,5519,9,12,13,6
2021-04-06T23:59:59+02:00,0,0,204,327,729,1024,809,1303,692,1931,620,1445,384,504,668,924,260,731,0,0,40,58,246,335,296,521,254,708,219,394,119,124,268,389,193,589,6789,4674,805,226,5370,7,12,11,6
2021-04-05T23:59:59+02:00,0,0,204,326,726,1017,801,1291,684,1915,614,1430,367,481,651,900,260,730,0,0,40,56,246,331,295,516,250,702,214,393,119,120,253,369,190,583,6747,4613,794,210,5260,7,11,11,6
2021-04-04T23:59:59+02:00,0,0,203,322,721,1006,796,1280,675,1897,607,1411,357,469,648,896,260,730,0,0,39,55,245,330,294,516,250,702,213,393,117,120,246,356,186,581,6721,4581,789,209,5174,7,9,11,6
2021-04-03T23:59:59+02:00,0,0,203,322,719,1006,794,1278,674,1893,600,1409,349,463,645,889,260,729,0,0,39,55,245,330,294,516,250,701,213,391,117,120,245,354,186,579,6688,4573,789,209,5160,7,9,11,6
2021-04-02T23:59:59+02:00,0,0,203,320,718,1005,793,1275,670,1886,596,1399,340,454,633,879,260,728,0,0,39,54,242,329,292,514,248,693,208,385,115,119,238,335,185,566,6641,4501,783,206,5137,7,9,10,6
2021-04-01T23:59:59+02:00,0,0,200,317,713,991,781,1262,665,1866,579,1380,328,430,603,846,259,722,0,0,37,53,233,323,290,511,247,686,206,381,107,116,223,309,181,545,6554,4394,741,198,5044,6,9,10,6
2021-03-31T23:59:59+02:00,0,0,196,314,705,983,771,1248,655,1820,569,1341,319,419,582,797,257,719,0,0,37,53,232,322,285,508,244,684,200,377,101,113,209,283,179,524,6485,4306,695,191,4911,6,7,10,6
2021-03-30T23:59:59+02:00,0,0,193,308,700,972,766,1227,643,1781,560,1297,308,404,556,761,256,719,0,0,37,52,230,318,281,505,243,679,197,372,98,111,200,265,176,510,6410,4231,660,186,4775,6,7,10,6
2021-03-29T23:59:59+02:00,0,0,189,303,694,955,761,1214,634,1750,551,1259,304,390,526,724,254,712,0,0,37,51,228,317,280,503,242,674,195,365,94,109,191,252,171,498,6302,4171,638,180,4672,4,7,10,6
2021-03-28T23:59:59+02:00,0,0,182,287,686,946,754,1207,629,1728,548,1243,302,375,499,700,252,710,0,0,37,50,226,317,277,497,238,671,194,362,91,107,184,242,168,497,6256,4128,604,174,4575,4,7,10,6
2021-03-27T23:59:59+01:00,0,0,182,283,681,940,749,1203,622,1717,546,1235,298,367,493,690,252,709,0,0,37,50,226,317,277,497,236,665,191,357,90,106,180,235,164,487,6216,4091,596,168,4538,4,7,10,6
2021-03-26T23:59:59+01:00,0,0,178,281,669,928,741,1188,610,1699,537,1210,291,356,489,676,250,706,0,0,37,50,226,317,276,495,236,664,184,344,85,98,166,219,156,475,6149,4006,578,167,4460,4,5,10,6
2021-03-25T23:59:59+01:00,0,0,174,279,661,915,720,1164,593,1662,527,1170,284,344,473,652,249,702,0,0,37,50,222,312,274,494,230,661,184,343,78,98,150,202,153,451,6075,3920,562,160,4306,4,5,10,6
2021-03-24T23:59:59+01:00,0,0,172,270,650,902,712,1149,584,1625,515,1140,274,329,456,627,246,699,0,0,37,50,220,310,271,492,228,661,180,340,76,95,137,195,145,417,6002,3843,539,153,4179,3,5,10,6
2021-03-23T23:59:59+01:00,0,0,169,267,641,889,699,1137,573,1602,503,1102,268,317,438,611,241,695,0,0,35,50,218,309,269,490,223,656,178,336,73,92,130,188,136,392,5949,3768,522,148,4049,2,5,10,6
2021-03-22T23:59:59+01:00,0,0,165,259,622,868,680,1118,562,1570,490,1078,264,306,427,596,240,689,0,0,35,50,217,307,266,488,221,649,177,334,73,88,124,180,121,362,5893,3687,498,145,3907,1,5,10,6
2021-03-21T23:59:59+01:00,0,0,161,257,614,861,675,1114,558,1546,484,1045,258,298,414,589,238,685,0,0,35,50,214,307,265,486,220,648,175,332,72,85,122,179,117,359,5870,3666,485,141,3802,1,4,9,5
2021-03-20T23:59:59+01:00,0,0,159,257,606,857,670,1109,552,1542,481,1044,255,291,401,575,236,683,0,0,35,50,214,307,264,486,219,646,175,328,71,84,119,175,113,353,5836,3641,480,139,3758,1,4,9,5
2021-03-19T23:59:59+01:00,0,0,149,245,601,839,659,1103,546,1524,469,1031,241,269,385,549,230,674,0,0,33,50,213,306,263,486,217,638,174,325,68,82,110,165,108,331,5757,3573,441,137,3668,1,3,9,5
2021-03-18T23:59:59+01:00,0,0,144,239,583,823,642,1069,528,1474,455,986,226,254,371,528,226,657,0,0,33,50,212,303,261,478,217,633,172,318,68,79,101,157,102,316,5674,3510,408,128,3465,1,3,9,5
2021-03-17T23:59:59+01:00,0,0,137,233,571,804,629,1062,523,1461,446,968,214,241,353,510,223,651,0,0,33,49,212,301,260,476,216,632,172,317,68,79,96,152,97,304,5578,3473,381,127,3402,1,3,7,5
2021-03-16T23:59:59+01:00,0,0,132,225,556,789,611,1051,511,1421,434,943,206,226,333,476,218,639,0,0,33,48,212,298,260,470,214,631,171,316,64,79,91,147,95,284,5485,3426,346,123,3268,1,2,7,5
2021-03-15T23:59:59+01:00,0,0,126,218,541,773,602,1029,502,1389,418,906,200,218,318,452,216,633,0,0,32,48,211,295,260,467,213,630,169,315,63,77,85,141,92,269,5394,3381,316,121,3152,1,1,7,5
2021-03-14T23:59:59+01:00,0,0,121,205,529,755,587,1008,493,1346,405,863,191,206,308,440,209,629,0,0,32,48,211,292,259,466,212,625,168,310,62,77,84,138,90,266,5327,3366,302,110,2984,1,0,6,5
2021-03-13T23:59:59+01:00,0,0,117,193,502,729,556,982,469,1322,383,844,174,197,300,428,207,626,0,0,32,48,211,292,259,466,211,625,168,309,62,77,81,134,78,251,5132,3328,296,110,2898,1,0,6,5
2021-03-12T23:59:59+01:00,0,0,106,186,474,703,537,953,448,1283,361,812,158,185,275,400,206,606,0,0,32,48,211,291,259,465,211,625,168,308,57,76,78,128,76,245,4906,3300,290,110,2781,1,0,6,4
2021-03-11T23:59:59+01:00,0,0,98,179,442,657,501,916,410,1208,340,759,143,163,250,357,201,584,0,0,32,47,210,288,254,461,209,621,165,306,57,74,74,122,74,233,4662,3270,282,90,2525,1,0,6,3
2021-03-10T23:59:59+01:00,0,0,95,169,419,635,484,897,395,1170,324,722,128,147,234,327,196,553,0,0,32,47,208,283,250,456,206,615,165,304,54,73,70,120,71,222,4491,3228,272,78,2389,1,0,6,3
2021-03-09T23:59:59+01:00,0,0,95,164,408,608,453,868,380,1126,312,690,123,138,222,309,190,541,0,0,32,47,207,280,247,448,204,611,160,300,54,71,68,118,64,213,4407,3185,256,68,2208,1,0,6,3
2021-03-08T23:59:59+01:00,0,0,92,157,393,591,435,851,371,1074,303,653,118,129,208,289,186,528,0,0,32,47,207,276,244,443,199,607,154,296,52,70,63,115,63,212,4329,3157,240,51,2048,1,0,6,2
2021-03-07T23:59:59+01:00,0,0,88,152,388,579,427,836,361,1060,300,647,116,129,201,275,184,527,0,0,32,47,206,275,244,441,198,606,154,296,52,70,61,114,62,211,4283,3148,229,49,1992,0,0,6,2
2021-03-06T23:59:59+01:00,0,0,87,145,386,572,420,812,351,1009,291,615,115,128,195,267,182,522,0,0,32,47,206,275,243,440,198,605,154,296,52,70,59,114,61,206,4250,3143,229,43,1849,0,0,6,2
2021-03-05T23:59:59+01:00,0,0,86,140,381,560,415,804,350,992,282,591,109,118,181,247,173,509,0,0,32,47,205,273,242,439,197,603,153,294,52,70,57,113,61,198,4164,3128,220,35,1778,0,0,6,2
2021-03-04T23:59:59+01:00,0,0,83,126,370,524,397,770,332,946,272,564,99,117,162,222,167,485,0,0,32,47,203,267,240,433,195,590,150,293,50,70,57,113,61,197,4065,3088,203,34,1589,0,0,6,2
2021-03-03T23:59:59+01:00,0,0,76,115,360,506,388,752,328,925,263,546,97,114,151,213,159,450,0,0,32,46,203,267,239,431,192,582,150,287,50,70,56,112,61,197,3990,3065,197,31,1472,0,0,6,2
2021-03-02T23:59:59+01:00,0,0,73,112,349,490,372,735,320,906,257,524,95,111,142,205,150,423,0,0,31,46,203,267,239,425,187,575,148,284,50,70,56,110,61,196,3909,3036,191,31,1373,0,0,6,2
2021-03-01T23:59:59+01:00,0,0,72,110,343,476,365,714,311,882,251,496,94,109,135,195,132,388,0,0,31,45,202,266,237,416,185,568,148,281,50,70,56,109,60,196,3823,3006,186,31,1268,0,0,6,2
2021-02-28T23:59:59+01:00,0,0,72,108,336,467,362,706,308,858,246,478,89,101,133,191,128,384,0,0,31,45,201,265,236,416,184,568,148,281,50,70,56,109,60,195,3799,3002,181,31,1188,0,0,6,1
2021-02-27T23:59:59+01:00,0,0,69,99,330,461,357,700,302,847,243,469,87,99,132,186,121,373,0,0,31,45,201,264,236,415,183,567,146,280,50,70,56,109,60,195,3766,3000,175,26,1131,0,0,6,1
2021-02-26T23:59:59+01:00,0,0,67,94,322,438,331,665,281,816,233,448,84,95,123,176,117,353,0,0,31,44,201,263,236,413,182,564,142,278,50,70,56,109,60,193,3709,2984,173,26,951,0,0,6,0
2021-02-25T23:59:59+01:00,0,0,59,83,309,417,320,637,275,790,221,425,79,95,114,169,112,339,0,0,31,44,199,260,231,410,180,557,137,277,50,68,54,107,58,193,3655,2955,167,18,802,0,0,6,0
2021-02-24T23:59:59+01:00,0,0,55,76,302,404,312,622,270,774,218,417,78,95,109,165,106,328,0,0,30,44,197,259,228,397,178,549,135,272,48,67,52,107,58,193,3619,2917,162,12,727,0,0,6,0
2021-02-23T23:59:59+01:00,0,0,50,67,289,385,302,604,264,756,213,409,74,93,103,161,104,304,0,0,29,44,196,257,226,392,177,543,131,269,47,67,52,103,58,191,3565,2888,157,8,627,0,0,6,0
2021-02-22T23:59:59+01:00,0,0,48,64,284,374,298,595,262,747,211,405,72,90,95,153,101,290,0,0,29,42,193,255,223,379,169,533,128,266,46,67,51,103,57,191,3517,2840,150,4,588,0,0,5,0
2021-02-21T23:59:59+01:00,0,0,47,63,278,368,295,585,257,739,206,400,71,88,94,151,99,288,0,0,29,41,192,253,222,376,169,524,128,265,46,67,51,102,56,190,3506,2817,147,4,539,0,0,4,0
2021-02-20T23:59:59+01:00,0,0,46,63,276,367,295,582,256,733,206,394,70,88,91,147,87,273,0,0,29,41,192,253,222,376,169,524,126,264,46,67,50,102,56,188,3470,2811,146,4,518,0,0,4,0
2021-02-19T23:59:59+01:00,0,0,45,63,273,362,289,559,245,707,204,382,66,86,87,139,85,266,0,0,29,39,192,253,221,375,169,523,126,264,46,67,49,101,55,186,3440,2801,144,4,430,0,0,3,0
2021-02-18T23:59:59+01:00,0,0,43,60,255,338,281,537,237,686,190,359,65,82,85,134,83,256,0,0,28,38,188,245,218,368,164,508,125,254,46,65,48,99,51,182,3411,2732,135,4,297,0,0,3,0
2021-02-17T23:59:59+01:00,0,0,43,58,248,333,279,522,230,673,187,339,63,80,81,132,80,246,0,0,26,37,184,239,211,354,160,492,122,243,42,63,48,97,50,179,3363,2649,134,3,243,0,0,3,0
2021-02-16T23:59:59+01:00,0,0,42,53,235,318,275,511,224,659,182,332,61,79,78,130,73,237,0,0,23,37,175,230,203,335,154,480,118,231,42,59,38,83,43,170,3324,2522,131,3,178,0,0,3,0
2021-02-15T23:59:59+01:00,0,0,41,53,230,315,268,498,221,654,178,326,59,79,73,126,72,236,0,0,22,36,168,223,198,327,148,469,114,224,39,56,38,77,40,162,3297,2441,130,3,146,0,0,3,0
2021-02-14T23:59:59+01:00,0,0,38,53,227,311,266,491,218,647,178,321,58,76,70,126,71,232,0,0,20,36,166,219,194,322,147,457,113,221,39,56,37,76,38,155,3286,2395,118,3,122,0,0,3,0
2021-02-13T23:59:59+01:00,0,0,37,53,227,311,264,491,218,646,178,321,58,76,69,126,71,231,0,0,20,36,165,218,191,322,146,455,112,218,38,56,36,75,36,151,3282,2375,118,1,120,0,0,3,0
2021-02-12T23:59:59+01:00,0,0,36,51,225,306,261,482,214,635,175,318,58,75,68,126,71,230,0,0,20,36,164,215,190,321,145,453,110,217,36,55,36,71,33,142,3273,2344,118,1,81,0,0,3,0
2021-02-11T23:59:59+01:00,0,0,35,50,217,285,254,465,207,610,163,307,56,74,67,124,71,225,0,0,20,34,148,195,183,290,136,408,105,198,32,54,33,61,31,128,3235,2147,96,1,18,0,0,3,0
2021-02-10T23:59:59+01:00,0,0,35,49,214,277,252,458,203,602,161,302,53,74,66,124,70,223,0,0,18,31,137,171,169,252,117,359,98,176,28,52,32,59,28,117,3203,1923,86,1,8,0,0,3,0
2021-02-09T23:59:59+01:00,0,0,34,48,213,274,250,448,198,594,157,299,53,74,66,122,70,223,0,0,18,29,120,146,152,232,104,317,93,151,23,47,31,47,24,105,3181,1708,71,1,4,0,0,3,0
2021-02-08T23:59:59+01:00,0,0,34,48,212,272,244,433,195,582,152,294,51,74,66,121,70,223,0,0,16,28,103,123,130,193,85,278,88,141,16,45,25,40,23,90,3141,1487,55,1,4,0,0,3,0
2021-02-07T23:59:59+01:00,0,0,34,47,209,271,242,432,194,579,151,294,51,74,65,120,70,223,0,0,15,22,98,114,122,182,80,259,83,131,16,44,24,34,23,85,3132,1392,52,1,0,0,0,2,0
2021-02-06T23:59:59+01:00,0,0,34,47,209,271,242,431,194,579,150,292,50,74,64,120,69,218,0,0,12,18,97,113,121,178,78,252,83,129,15,43,24,31,21,84,3127,1356,45,1,0,0,0,2,0
2021-02-05T23:59:59+01:00,0,0,33,46,209,271,242,430,193,578,148,291,50,74,64,120,69,208,0,0,10,15,88,105,117,173,77,248,82,121,14,41,23,27,18,81,3115,1294,37,0,0,0,0,2,0
2021-02-04T23:59:59+01:00,0,0,33,46,206,268,237,426,188,572,146,288,50,72,64,118,69,207,0,0,9,11,60,74,94,128,66,209,65,102,13,36,20,23,16,71,3078,1039,37,0,0,0,0,2,0
2021-02-03T23:59:59+01:00,0,0,33,45,206,267,236,414,186,566,145,285,50,71,63,117,69,206,0,0,6,6,44,55,73,105,51,160,55,74,10,17,16,17,11,54,3050,785,34,0,0,0,0,2,0
2021-02-02T23:59:59+01:00,0,0,32,45,205,265,232,408,185,560,142,284,49,71,61,114,67,203,0,0,4,3,28,39,57,75,40,103,44,51,8,14,11,12,7,36,3012,553,34,0,0,0,0,2,0
2021-02-01T23:59:59+01:00,0,0,31,43,203,265,228,403,182,555,139,277,49,70,60,113,67,203,0,0,4,1,22,21,31,44,26,63,27,28,5,9,8,8,6,21,2976,336,34,0,0,0,0,1,0
2021-01-31T23:59:59+01:00,0,0,31,43,202,263,226,398,180,547,138,277,49,70,59,113,66,202,0,0,4,1,20,16,22,36,20,51,21,24,5,6,6,7,5,19,2951,273,33,0,0,0,0,1,0
2021-01-30T23:59:59+01:00,0,0,31,43,202,263,226,397,179,547,138,277,49,70,58,113,66,199,0,0,4,1,19,15,20,36,18,47,20,23,5,5,6,6,5,18,2946,257,32,0,0,0,0,1,0
2021-01-29T23:59:59+01:00,0,0,31,42,202,261,225,396,178,546,136,275,49,70,57,112,65,198,0,0,4,0,16,9,15,29,16,41,16,21,4,4,5,6,5,17,2935,215,28,0,0,0,0,0,0
2021-01-28T23:59:59+01:00,0,0,31,41,194,258,224,391,177,537,133,271,49,70,55,111,61,196,0,0,4,0,5,3,8,16,9,23,9,9,2,2,3,3,1,17,2899,117,20,0,0,0,0,0,0
2021-01-27T23:59:59+01:00,0,0,30,40,191,252,220,381,175,524,130,262,46,68,55,109,60,194,0,0,1,0,3,3,7,14,8,19,8,9,2,2,2,3,1,13,2835,97,16,0,0,0,0,0,0
2021-01-26T23:59:59+01:00,0,0,27,40,188,240,214,368,171,506,127,255,45,64,49,101,54,186,0,0,1,0,2,3,7,14,8,19,8,9,2,2,2,3,1,10,2736,93,12,0,0,0,0,0,0
2021-01-25T23:59:59+01:00,0,0,27,39,179,237,211,358,168,497,124,245,43,62,48,98,49,184,0,0,1,0,1,3,5,12,7,16,8,9,2,2,2,1,1,8,2676,80,4,0,0,0,0,0,0
2021-01-24T23:59:59+01:00,0,0,26,38,177,234,208,357,167,495,124,244,43,62,46,95,48,183,0,0,1,0,1,3,4,12,7,16,8,9,2,2,2,1,1,8,2654,79,3,0,0,0,0,0,0
2021-01-23T23:59:59+01:00,0,0,26,38,177,234,206,357,167,494,124,244,43,62,46,94,48,181,0,0,1,0,1,3,4,11,7,15,7,9,2,2,2,1,1,8,2648,76,3,0,0,0,0,0,0
2021-01-22T23:59:59+01:00,0,0,25,37,176,230,205,357,167,493,123,244,43,62,46,94,46,174,0,0,1,0,1,3,4,11,7,15,7,9,2,2,2,1,1,8,2629,76,3,0,0,0,0,0,0
2021-01-21T23:59:59+01:00,0,0,21,36,167,221,199,340,163,472,121,231,42,62,42,86,45,171,0,0,1,0,1,3,1,6,6,10,5,5,2,2,2,0,1,7,2520,54,3,0,0,0,0,0,0
2021-01-20T23:59:59+01:00,0,0,20,34,153,195,183,299,135,416,111,210,37,59,39,82,41,157,0,0,1,0,1,3,1,6,6,9,5,4,2,2,2,0,1,7,2261,52,2,0,0,0,0,0,0
2021-01-19T23:59:59+01:00,0,0,20,31,128,168,166,267,126,373,107,189,27,53,31,68,36,143,0,0,1,0,1,3,1,5,4,7,3,3,1,0,2,0,0,4,2011,36,2,0,0,0,0,0,0
2021-01-18T23:59:59+01:00,0,0,17,31,113,147,143,226,109,325,100,165,24,50,28,56,32,121,0,0,1,0,1,1,0,2,3,5,2,3,0,0,1,0,0,4,1760,24,2,0,0,0,0,0,0
2021-01-17T23:59:59+01:00,0,0,16,22,108,133,135,212,100,301,95,154,24,45,28,51,30,109,0,0,1,0,0,0,0,1,1,4,2,2,0,0,1,0,0,1,1628,13,2,0,0,0,0,0,0
2021-01-16T23:59:59+01:00,0,0,14,19,105,131,133,207,97,291,94,147,21,44,27,45,25,105,0,0,0,0,0,0,0,0,0,0,0,0,0,0,0,0,0,0,1569,0,0,0,0,0,0,0,0
2021-01-15T23:59:59+01:00,0,0,11,17,99,122,129,201,95,282,94,137,20,43,26,40,23,102,0,0,0,0,0,0,0,0,0,0,0,0,0,0,0,0,0,0,1501,0,0,0,0,0,0,0,0
2021-01-14T23:59:59+01:00,0,0,9,13,75,91,110,165,79,237,82,122,15,38,23,33,22,88,0,0,0,0,0,0,0,0,0,0,0,0,0,0,0,0,0,0,1250,0,0,0,0,0,0,0,0
2021-01-13T23:59:59+01:00,0,0,7,12,61,80,97,136,73,192,76,97,15,24,19,25,20,68,0,0,0,0,0,0,0,0,0,0,0,0,0,0,0,0,0,0,1043,0,0,0,0,0,0,0,0
2021-01-12T23:59:59+01:00,0,0,5,8,49,62,79,106,66,136,63,75,11,19,15,21,12,51,0,0,0,0,0,0,0,0,0,0,0,0,0,0,0,0,0,0,813,0,0,0,0,0,0,0,0
2021-01-11T23:59:59+01:00,0,0,4,6,43,49,67,81,52,107,48,55,10,15,8,12,9,28,0,0,0,0,0,0,0,0,0,0,0,0,0,0,0,0,0,0,619,0,0,0,0,0,0,0,0
2021-01-10T23:59:59+01:00,0,0,4,6,39,38,50,67,38,86,40,47,8,10,6,11,8,24,0,0,0,0,0,0,0,0,0,0,0,0,0,0,0,0,0,0,498,0,0,0,0,0,0,0,0
2021-01-09T23:59:59+01:00,0,0,4,5,36,37,45,64,35,78,37,43,8,9,6,10,8,23,0,0,0,0,0,0,0,0,0,0,0,0,0,0,0,0,0,0,462,0,0,0,0,0,0,0,0
2021-01-08T23:59:59+01:00,0,0,4,5,29,28,39,56,27,65,31,38,6,6,4,9,7,21,0,0,0,0,0,0,0,0,0,0,0,0,0,0,0,0,0,0,386,0,0,0,0,0,0,0,0
2021-01-07T23:59:59+01:00,0,0,4,2,11,3,11,18,11,29,8,18,5,3,3,4,3,20,0,0,0,0,0,0,0,0,0,0,0,0,0,0,0,0,0,0,156,0,0,0,0,0,0,0,0
2021-01-06T23:59:59+01:00,0,0,4,0,4,3,6,15,8,23,7,10,3,3,2,4,3,17,0,0,0,0,0,0,0,0,0,0,0,0,0,0,0,0,0,0,115,0,0,0,0,0,0,0,0
2021-01-05T23:59:59+01:00,0,0,2,0,2,3,6,14,8,21,7,9,3,2,2,4,2,16,0,0,0,0,0,0,0,0,0,0,0,0,0,0,0,0,0,0,104,0,0,0,0,0,0,0,0
2021-01-04T23:59:59+01:00,0,0,1,0,2,3,6,13,7,17,7,9,2,2,2,2,2,10,0,0,0,0,0,0,0,0,0,0,0,0,0,0,0,0,0,0,87,0,0,0,0,0,0,0,0
2021-01-03T23:59:59+01:00,0,0,1,0,1,3,5,13,7,17,7,9,2,2,2,2,2,10,0,0,0,0,0,0,0,0,0,0,0,0,0,0,0,0,0,0,85,0,0,0,0,0,0,0,0
2021-01-02T23:59:59+01:00,0,0,1,0,1,3,5,13,6,17,6,9,2,2,2,2,2,10,0,0,0,0,0,0,0,0,0,0,0,0,0,0,0,0,0,0,83,0,0,0,0,0,0,0,0
2021-01-01T23:59:59+01:00,0,0,1,0,1,3,5,13,6,17,6,9,2,2,2,2,2,10,0,0,0,0,0,0,0,0,0,0,0,0,0,0,0,0,0,0,83,0,0,0,0,0,0,0,0
2020-12-31T23:59:59+01:00,0,0,1,0,1,3,5,12,6,17,6,9,2,2,2,2,2,10,0,0,0,0,0,0,0,0,0,0,0,0,0,0,0,0,0,0,82,0,0,0,0,0,0,0,0
2020-12-30T23:59:59+01:00,0,0,1,0,1,3,5,12,6,16,6,9,2,2,2,2,2,10,0,0,0,0,0,0,0,0,0,0,0,0,0,0,0,0,0,0,81,0,0,0,0,0,0,0,0
2020-12-29T23:59:59+01:00,0,0,1,0,1,3,4,8,4,13,4,7,1,1,2,1,0,8,0,0,0,0,0,0,0,0,0,0,0,0,0,0,0,0,0,0,59,0,0,0,0,0,0,0,0
2020-12-28T23:59:59+01:00,0,0,1,0,1,1,1,1,2,6,3,4,1,0,1,0,0,4,0,0,0,0,0,0,0,0,0,0,0,0,0,0,0,0,0,0,27,0,0,0,0,0,0,0,0
2020-12-27T23:59:59+01:00,0,0,1,0,0,0,0,1,1,6,1,2,0,0,1,0,0,2,0,0,0,0,0,0,0,0,0,0,0,0,0,0,0,0,0,0,15,0,0,0,0,0,0,0,0
