Datum,<15_m,<15_w,15-24_1_m,15-24_1_w,25-34_1_m,25-34_1_w,35-44_1_m,35-44_1_w,45-54_1_m,45-54_1_w,55-64_1_m,55-64_1_w,65-74_1_m,65-74_1_w,75-84_1_m,75-84_1_w,>84_1_m,>84_1_w,<24_2_m,<24_2_w,25-34_2_m,25-34_2_w,35-44_2_m,35-44_2_w,45-54_2_m,45-54_2_w,55-64_2_m,55-64_2_w,65-74_2_m,65-74_2_w,75-84_2_m,75-84_2_w,>84_2_m,>84_2_w,bp_1,bp_2,mo_1,mo_2,az_1,az_2,ja,unb_1,unb_2
2021-10-06T23:59:59+02:00,182,181,3833,3303,9558,6800,9135,6268,7933,8359,5297,5891,1810,2261,1144,1596,309,907,3259,2823,8496,6064,8313,5674,7309,7661,4900,5482,1685,2122,1068,1507,274,836,47878,42359,7478,6803,9077,7803,11776,39,37
2021-10-05T23:59:59+02:00,182,179,3818,3293,9546,6783,9116,6256,7916,8340,5290,5886,1809,2258,1144,1595,309,907,3245,2811,8476,6054,8288,5657,7291,7638,4893,5475,1683,2118,1067,1506,274,836,47778,42241,7476,6797,9077,7803,11738,39,37
2021-10-04T23:59:59+02:00,182,178,3803,3286,9523,6772,9083,6243,7902,8331,5285,5878,1807,2258,1143,1591,309,905,3235,2804,8453,6039,8256,5645,7272,7614,4886,5462,1682,2116,1067,1505,273,836,47681,42123,7470,6793,9077,7803,11693,39,37
2021-10-03T23:59:59+02:00,182,178,3784,3277,9504,6759,9070,6233,7889,8320,5283,5871,1805,2256,1142,1590,309,905,3219,2799,8429,6029,8245,5636,7265,7602,4881,5457,1680,2114,1067,1504,273,836,47603,42059,7466,6791,9077,7800,11653,39,37
2021-10-02T23:59:59+02:00,182,178,3781,3276,9502,6758,9067,6232,7886,8320,5281,5869,1804,2255,1142,1590,309,905,3216,2799,8425,6029,8243,5636,7262,7601,4880,5453,1679,2113,1067,1504,273,836,47593,42049,7464,6791,9077,7798,11645,39,37
2021-10-01T23:59:59+02:00,181,177,3770,3272,9481,6752,9056,6224,7874,8311,5278,5860,1801,2253,1142,1590,309,905,3203,2789,8406,6020,8228,5628,7255,7591,4875,5446,1677,2113,1066,1504,273,836,47531,41981,7461,6788,9077,7794,11609,39,37
2021-09-30T23:59:59+02:00,180,176,3741,3255,9434,6735,9025,6202,7851,8288,5262,5846,1798,2250,1141,1590,309,904,3182,2767,8361,5995,8199,5609,7242,7562,4862,5432,1676,2108,1066,1504,273,835,47378,41854,7455,6767,9077,7791,11519,39,37
2021-09-29T23:59:59+02:00,178,174,3723,3245,9390,6722,9008,6179,7839,8261,5253,5840,1796,2247,1140,1588,309,903,3165,2757,8329,5989,8183,5588,7231,7541,4852,5420,1676,2106,1066,1504,273,835,47252,41767,7450,6760,9077,7787,11458,39,37
2021-09-28T23:59:59+02:00,176,174,3708,3232,9352,6703,8977,6168,7815,8231,5244,5824,1795,2240,1140,1588,309,901,3147,2744,8303,5966,8161,5578,7207,7515,4843,5408,1676,2101,1066,1503,273,834,47124,41666,7447,6755,9077,7786,11371,39,37
2021-09-27T23:59:59+02:00,174,174,3691,3219,9321,6676,8954,6141,7798,8201,5230,5812,1793,2229,1139,1588,309,900,3126,2735,8265,5939,8134,5551,7185,7486,4830,5399,1673,2093,1066,1502,273,833,47005,41536,7437,6752,9077,7782,11272,39,37
2021-09-26T23:59:59+02:00,172,174,3680,3210,9302,6667,8943,6133,7786,8189,5226,5807,1789,2228,1138,1587,309,900,3116,2730,8244,5935,8124,5540,7171,7479,4822,5389,1670,2093,1066,1501,273,832,46943,41479,7433,6749,9076,7778,11230,39,37
2021-09-25T23:59:59+02:00,171,173,3674,3209,9293,6663,8939,6130,7781,8188,5224,5807,1789,2227,1138,1586,309,900,3110,2728,8237,5931,8120,5538,7168,7475,4821,5387,1669,2092,1065,1498,273,832,46926,41462,7431,6746,9076,7776,11210,39,37
2021-09-24T23:59:59+02:00,170,172,3655,3204,9262,6650,8924,6119,7760,8168,5217,5795,1788,2225,1138,1585,309,900,3096,2717,8211,5917,8108,5526,7147,7460,4814,5378,1669,2088,1065,1498,273,832,46846,41400,7430,6740,9076,7776,11131,39,37
2021-09-23T23:59:59+02:00,168,171,3623,3190,9203,6619,8874,6073,7719,8120,5198,5775,1783,2219,1136,1582,309,900,3075,2704,8160,5891,8062,5490,7105,7414,4795,5360,1661,2084,1064,1496,273,832,46694,41297,7421,6732,9076,7772,10912,39,37
2021-09-22T23:59:59+02:00,165,171,3602,3182,9178,6598,8848,6055,7686,8106,5182,5765,1781,2216,1135,1582,309,900,3053,2698,8136,5870,8038,5475,7077,7394,4780,5354,1659,2077,1062,1496,273,831,46573,41181,7416,6729,9074,7766,10838,39,37
2021-09-21T23:59:59+02:00,164,168,3584,3167,9151,6577,8802,6034,7654,8081,5170,5756,1780,2216,1135,1582,309,900,3030,2685,8100,5845,7994,5459,7041,7362,4765,5335,1657,2076,1061,1495,273,831,46455,41029,7409,6722,9074,7766,10732,39,37
2021-09-20T23:59:59+02:00,163,168,3557,3156,9112,6564,8770,6015,7620,8050,5163,5741,1776,2214,1135,1582,309,898,3009,2660,8057,5828,7956,5436,7006,7335,4757,5315,1654,2074,1060,1494,272,831,46336,40890,7408,6717,9074,7761,10613,39,37
2021-09-19T23:59:59+02:00,162,167,3540,3149,9084,6557,8757,6008,7614,8040,5155,5734,1775,2212,1134,1580,309,897,3002,2653,8030,5816,7937,5429,6992,7320,4749,5307,1654,2070,1059,1493,272,830,46278,40825,7403,6710,9074,7756,10557,39,37
2021-09-18T23:59:59+02:00,162,167,3536,3149,9078,6555,8752,6005,7611,8038,5153,5733,1775,2212,1134,1580,309,897,2994,2652,8020,5814,7925,5426,6986,7318,4745,5303,1654,2070,1059,1492,272,830,46268,40787,7402,6709,9073,7756,10541,39,37
2021-09-17T23:59:59+02:00,162,166,3518,3140,9041,6539,8725,5992,7592,8027,5144,5724,1774,2207,1132,1580,309,897,2980,2645,7979,5799,7898,5415,6964,7308,4738,5294,1654,2068,1058,1492,272,830,46179,40711,7394,6699,9071,7753,10463,39,37
2021-09-16T23:59:59+02:00,162,166,3494,3122,8985,6515,8683,5965,7556,7994,5125,5713,1773,2203,1132,1580,309,896,2969,2632,7940,5774,7865,5392,6943,7283,4725,5288,1652,2067,1058,1492,271,829,45995,40597,7370,6691,9070,7746,10375,39,37
2021-09-15T23:59:59+02:00,160,166,3472,3112,8952,6498,8655,5941,7530,7976,5119,5696,1770,2200,1129,1580,308,895,2951,2628,7914,5762,7838,5365,6910,7264,4710,5272,1650,2064,1058,1489,269,826,45860,40467,7366,6684,9070,7745,10299,39,37
2021-09-14T23:59:59+02:00,160,165,3453,3094,8908,6480,8611,5915,7503,7945,5108,5679,1768,2197,1128,1580,307,895,2930,2613,7871,5738,7798,5347,6885,7239,4695,5256,1649,2064,1057,1486,269,825,45712,40337,7358,6675,9070,7742,10191,39,37
2021-09-13T23:59:59+02:00,159,164,3441,3080,8868,6461,8581,5895,7486,7915,5096,5663,1766,2193,1128,1580,307,894,2916,2604,7839,5722,7782,5336,6876,7217,4687,5251,1648,2061,1057,1485,269,825,45561,40242,7339,6670,9070,7740,10142,39,37
2021-09-12T23:59:59+02:00,159,163,3426,3078,8845,6452,8571,5886,7476,7899,5090,5655,1765,2192,1127,1577,307,893,2904,2596,7815,5707,7772,5326,6861,7201,4684,5243,1644,2060,1057,1485,269,824,45486,40166,7338,6664,9070,7733,10101,39,37
2021-09-11T23:59:59+02:00,159,163,3424,3076,8837,6448,8567,5884,7475,7898,5088,5653,1764,2191,1126,1577,307,893,2902,2595,7807,5704,7768,5323,6860,7197,4684,5241,1644,2060,1057,1485,269,824,45470,40151,7336,6663,9069,7733,10087,39,37
2021-09-10T23:59:59+02:00,158,159,3397,3069,8811,6429,8550,5871,7451,7879,5078,5633,1761,2188,1125,1577,307,893,2888,2591,7782,5681,7751,5310,6837,7179,4670,5223,1643,2059,1057,1484,269,824,45391,40094,7333,6659,9069,7732,9974,39,37
2021-09-09T23:59:59+02:00,156,156,3380,3053,8766,6401,8515,5847,7430,7841,5062,5622,1758,2186,1125,1577,307,893,2874,2580,7748,5653,7726,5290,6815,7150,4657,5208,1642,2055,1057,1484,269,824,45228,39984,7325,6648,9069,7724,9883,39,36
2021-09-08T23:59:59+02:00,155,154,3361,3040,8733,6391,8490,5818,7412,7812,5048,5606,1755,2184,1124,1576,307,892,2857,2569,7706,5637,7691,5266,6788,7114,4645,5186,1641,2054,1056,1484,268,824,45129,39858,7318,6639,9068,7720,9772,39,36
2021-09-07T23:59:59+02:00,154,153,3340,3035,8715,6365,8461,5798,7391,7794,5033,5595,1755,2182,1123,1575,307,889,2840,2559,7678,5613,7666,5243,6770,7088,4632,5174,1638,2050,1055,1483,268,824,45002,39729,7315,6629,9068,7716,9707,39,36
2021-09-06T23:59:59+02:00,154,153,3320,3026,8685,6346,8437,5787,7373,7769,5025,5582,1751,2174,1121,1575,306,889,2821,2548,7652,5599,7641,5233,6753,7060,4625,5160,1632,2048,1055,1483,268,824,44880,39622,7313,6626,9067,7715,9639,39,36
2021-09-05T23:59:59+02:00,154,153,3306,3022,8677,6338,8426,5778,7371,7759,5018,5571,1748,2173,1121,1575,306,888,2810,2546,7637,5587,7630,5219,6746,7054,4615,5153,1629,2047,1055,1482,268,824,44832,39569,7311,6617,9066,7714,9601,39,36
2021-09-04T23:59:59+02:00,154,152,3302,3020,8675,6332,8419,5778,7368,7758,5018,5570,1747,2173,1121,1575,306,888,2807,2543,7633,5579,7623,5219,6741,7052,4614,5152,1626,2046,1054,1482,268,824,44818,39549,7311,6614,9066,7712,9587,39,36
2021-09-03T23:59:59+02:00,152,151,3288,3001,8641,6324,8399,5761,7350,7743,5006,5555,1745,2171,1121,1574,306,886,2789,2528,7604,5565,7602,5201,6722,7030,4601,5132,1623,2045,1054,1480,268,822,44736,39463,7302,6591,9066,7711,9495,39,36
2021-09-02T23:59:59+02:00,152,149,3267,2984,8592,6299,8358,5743,7329,7718,4994,5537,1740,2166,1119,1573,305,885,2772,2515,7556,5545,7568,5184,6697,7004,4592,5111,1619,2040,1052,1478,268,819,44610,39355,7292,6581,9064,7708,9367,39,36
2021-09-01T23:59:59+02:00,150,149,3250,2974,8553,6285,8331,5730,7309,7702,4984,5530,1739,2163,1118,1570,305,885,2756,2507,7510,5523,7535,5167,6669,6982,4581,5098,1616,2038,1051,1475,268,819,44503,39212,7279,6560,9064,7706,9302,39,36
2021-08-31T23:59:59+02:00,148,149,3234,2966,8510,6264,8310,5719,7292,7681,4978,5521,1736,2161,1117,1569,304,884,2741,2496,7466,5503,7513,5149,6646,6954,4569,5079,1612,2036,1050,1475,267,819,44407,39097,7274,6551,9064,7693,9216,39,36
2021-08-30T23:59:59+02:00,147,149,3208,2948,8471,6238,8266,5696,7255,7652,4966,5507,1732,2159,1116,1569,304,884,2711,2482,7421,5480,7476,5130,6613,6934,4559,5062,1608,2034,1049,1475,267,818,44253,38971,7273,6541,9063,7692,9095,39,36
2021-08-29T23:59:59+02:00,146,149,3196,2933,8447,6231,8247,5687,7247,7642,4958,5498,1731,2156,1116,1569,303,884,2688,2462,7388,5472,7457,5113,6600,6920,4548,5057,1606,2033,1048,1474,266,818,44186,38870,7268,6530,9063,7687,9037,39,36
2021-08-28T23:59:59+02:00,145,149,3192,2932,8443,6228,8242,5686,7240,7640,4958,5497,1731,2155,1116,1568,303,884,2683,2458,7383,5467,7451,5111,6595,6916,4545,5056,1606,2033,1048,1473,266,818,44173,38846,7268,6530,9063,7687,9019,39,36
2021-08-27T23:59:59+02:00,143,149,3182,2929,8425,6218,8220,5678,7221,7630,4946,5489,1731,2155,1116,1567,303,884,2670,2454,7365,5459,7430,5098,6580,6908,4535,5048,1606,2033,1047,1471,266,818,44111,38785,7267,6529,9063,7686,8957,39,36
2021-08-26T23:59:59+02:00,143,148,3158,2917,8388,6197,8187,5666,7198,7608,4932,5478,1729,2152,1116,1566,303,883,2647,2433,7327,5431,7382,5070,6545,6880,4510,5033,1601,2027,1047,1470,266,818,43982,38600,7261,6510,9063,7666,8869,39,36
2021-08-25T23:59:59+02:00,139,146,3136,2908,8350,6180,8153,5652,7173,7584,4920,5456,1727,2149,1116,1564,303,883,2611,2415,7275,5392,7333,5035,6508,6842,4493,5006,1600,2022,1046,1469,266,818,43872,38367,7257,6502,9063,7659,8753,39,36
2021-08-24T23:59:59+02:00,139,145,3130,2899,8331,6165,8135,5634,7157,7562,4910,5445,1724,2148,1115,1562,303,881,2591,2396,7242,5363,7301,5012,6482,6815,4477,4988,1600,2020,1045,1469,266,817,43798,38207,7253,6492,9063,7655,8677,39,36
2021-08-23T23:59:59+02:00,138,138,3105,2880,8285,6143,8093,5614,7128,7533,4896,5432,1724,2147,1113,1561,303,880,2564,2376,7196,5326,7261,4995,6447,6783,4462,4972,1596,2020,1045,1468,265,817,43663,38053,7243,6480,9060,7649,8550,39,36
2021-08-22T23:59:59+02:00,137,138,3094,2871,8270,6125,8078,5607,7109,7522,4890,5426,1723,2146,1112,1561,303,880,2550,2361,7165,5304,7237,4982,6428,6764,4458,4963,1593,2015,1044,1468,264,816,43592,37926,7235,6469,9060,7646,8506,39,36
2021-08-21T23:59:59+02:00,136,138,3085,2868,8259,6117,8067,5605,7104,7517,4888,5420,1722,2146,1112,1560,303,880,2541,2353,7148,5291,7217,4972,6416,6757,4450,4956,1592,2013,1043,1468,264,816,43546,37851,7232,6442,9060,7644,8489,39,36
2021-08-20T23:59:59+02:00,135,137,3075,2860,8234,6102,8038,5586,7085,7497,4876,5408,1720,2144,1112,1559,303,878,2512,2341,7104,5258,7183,4943,6381,6721,4434,4936,1586,2009,1042,1465,264,814,43480,37687,7223,6406,9059,7635,8385,39,36
2021-08-19T23:59:59+02:00,134,135,3056,2848,8191,6078,7999,5567,7065,7470,4863,5392,1714,2141,1111,1557,303,877,2468,2323,7023,5208,7124,4907,6334,6663,4404,4905,1582,2005,1042,1464,264,814,43355,37364,7211,6376,9057,7624,8271,39,36
2021-08-18T23:59:59+02:00,133,133,3043,2841,8168,6061,7969,5554,7033,7452,4851,5383,1709,2139,1111,1557,302,876,2442,2306,6960,5174,7069,4874,6292,6632,4381,4882,1577,2001,1040,1463,264,813,43247,37135,7206,6324,9057,7616,8196,39,36
2021-08-17T23:59:59+02:00,133,133,3026,2831,8145,6035,7941,5541,7020,7431,4840,5372,1706,2137,1110,1556,301,876,2415,2288,6903,5128,7026,4841,6265,6592,4363,4863,1569,1996,1039,1459,263,813,43129,36872,7200,6290,9056,7610,8138,39,36
2021-08-16T23:59:59+02:00,131,132,3015,2821,8124,6019,7921,5535,7008,7416,4827,5359,1705,2136,1109,1556,301,876,2385,2261,6831,5088,6958,4806,6218,6550,4332,4836,1567,1994,1036,1458,263,813,43041,36511,7195,6276,9056,7598,8087,39,36
2021-08-15T23:59:59+02:00,131,131,3007,2809,8098,6009,7905,5524,6990,7403,4822,5351,1703,2133,1109,1555,301,876,2355,2225,6773,5058,6921,4780,6179,6521,4320,4824,1563,1988,1035,1456,263,813,42954,36240,7189,6255,9055,7594,8047,39,36
2021-08-14T23:59:59+02:00,130,131,3001,2803,8087,6005,7896,5523,6989,7401,4818,5349,1701,2132,1109,1554,301,876,2346,2217,6748,5046,6908,4770,6171,6508,4301,4815,1560,1985,1035,1454,263,812,42934,36146,7188,6243,9055,7593,8017,39,36
2021-08-13T23:59:59+02:00,129,130,2987,2800,8067,5996,7887,5511,6975,7391,4810,5342,1701,2128,1108,1553,301,876,2310,2194,6702,5017,6870,4743,6131,6481,4290,4801,1559,1981,1034,1454,263,812,42872,35912,7187,6229,9055,7592,7964,39,36
2021-08-12T23:59:59+02:00,127,125,2969,2792,8036,5975,7857,5493,6953,7368,4797,5328,1699,2126,1105,1552,301,876,2274,2161,6615,4970,6818,4706,6085,6432,4264,4771,1556,1978,1031,1453,263,812,42771,35606,7181,6202,9054,7571,7857,38,36
2021-08-11T23:59:59+02:00,125,122,2953,2777,7996,5950,7837,5483,6932,7347,4786,5314,1697,2124,1105,1551,300,876,2247,2131,6534,4915,6743,4666,6028,6370,4243,4732,1551,1970,1031,1451,263,810,42649,35195,7170,6171,9049,7564,7791,38,36
2021-08-10T23:59:59+02:00,125,121,2935,2767,7965,5937,7811,5464,6904,7331,4768,5306,1694,2124,1105,1549,300,875,2176,2078,6422,4858,6657,4598,5939,6304,4196,4708,1542,1962,1029,1449,263,809,42544,34607,7160,6148,9047,7550,7713,38,36
2021-08-09T23:59:59+02:00,122,121,2917,2760,7935,5916,7788,5454,6880,7312,4759,5295,1693,2123,1105,1549,300,874,2115,2021,6323,4787,6561,4556,5869,6249,4168,4675,1536,1952,1028,1448,263,809,42463,34131,7153,6098,9047,7527,7622,38,36
2021-08-08T23:59:59+02:00,122,120,2903,2754,7920,5907,7772,5443,6871,7304,4753,5291,1690,2123,1105,1549,300,874,2089,1995,6263,4751,6520,4530,5831,6227,4155,4658,1526,1948,1027,1446,263,809,42411,33900,7150,6055,9044,7519,7578,38,36
2021-08-07T23:59:59+02:00,121,119,2897,2747,7901,5894,7758,5436,6865,7294,4748,5286,1688,2123,1104,1549,300,874,2058,1974,6187,4702,6465,4497,5799,6190,4138,4644,1522,1947,1027,1443,263,809,42355,33592,7145,6027,9044,7509,7542,38,36
2021-08-06T23:59:59+02:00,121,118,2886,2739,7873,5883,7728,5414,6845,7273,4737,5272,1683,2121,1104,1548,300,874,2020,1939,6091,4629,6393,4462,5759,6152,4118,4623,1519,1944,1026,1440,263,809,42293,33251,7128,5999,9044,7494,7436,38,36
2021-08-05T23:59:59+02:00,120,117,2861,2723,7849,5863,7691,5395,6823,7251,4718,5248,1679,2118,1102,1544,300,873,1979,1891,5964,4522,6284,4403,5690,6088,4081,4581,1512,1936,1023,1438,263,809,42164,32767,7120,5912,9043,7437,7327,38,36
2021-08-04T23:59:59+02:00,117,113,2819,2703,7782,5832,7654,5370,6795,7219,4700,5233,1675,2114,1100,1543,300,873,1918,1859,5843,4456,6162,4350,5623,6021,4053,4543,1502,1930,1019,1435,263,808,41958,32282,7107,5862,9043,7404,7203,38,36
2021-08-03T23:59:59+02:00,115,112,2804,2685,7756,5820,7618,5355,6773,7193,4688,5219,1671,2113,1099,1540,300,873,1885,1829,5750,4394,6056,4299,5555,5963,4013,4502,1497,1923,1018,1433,263,808,41825,31814,7102,5819,9042,7380,7133,38,36
2021-08-02T23:59:59+02:00,115,112,2781,2662,7725,5798,7594,5344,6752,7177,4671,5209,1670,2109,1098,1540,299,873,1862,1795,5626,4304,5945,4239,5488,5911,3968,4469,1491,1910,1017,1430,262,807,41692,31260,7095,5780,9042,7362,7067,38,36
2021-08-01T23:59:59+02:00,115,111,2766,2647,7696,5777,7581,5328,6740,7169,4666,5202,1669,2108,1096,1540,299,873,1843,1776,5551,4261,5885,4196,5444,5889,3953,4449,1489,1907,1015,1427,262,807,41603,30975,7083,5752,9042,7341,7020,38,36
2021-07-31T23:59:59+02:00,113,110,2758,2639,7682,5770,7573,5324,6734,7160,4665,5201,1668,2108,1096,1540,299,873,1807,1737,5454,4197,5820,4151,5392,5851,3927,4425,1484,1904,1015,1426,262,807,41564,30504,7081,5740,9042,7337,6991,38,36
2021-07-30T23:59:59+02:00,111,108,2748,2631,7658,5754,7561,5307,6717,7146,4658,5193,1667,2107,1096,1539,299,873,1785,1715,5374,4160,5758,4099,5335,5804,3901,4406,1480,1902,1014,1423,262,807,41487,30152,7069,5715,9042,7326,6937,38,36
2021-07-29T23:59:59+02:00,109,106,2714,2614,7608,5712,7521,5265,6688,7106,4633,5173,1666,2102,1094,1538,299,873,1747,1686,5256,4063,5629,4027,5247,5717,3853,4355,1473,1893,1011,1421,261,807,41285,29590,7054,5661,9036,7287,6802,38,36
2021-07-28T23:59:59+02:00,107,104,2696,2600,7578,5685,7495,5239,6665,7084,4619,5160,1662,2100,1093,1536,298,872,1710,1642,5161,3994,5513,3959,5160,5646,3815,4323,1461,1886,1009,1419,261,806,41114,29038,7044,5603,9032,7248,6759,38,36
2021-07-27T23:59:59+02:00,102,102,2680,2581,7541,5670,7464,5221,6646,7066,4608,5148,1662,2099,1093,1535,297,872,1666,1614,5028,3916,5389,3878,5069,5578,3776,4271,1454,1875,1008,1416,260,806,41000,28464,7028,5522,9031,7205,6684,38,36
2021-07-26T23:59:59+02:00,101,100,2658,2568,7506,5645,7432,5204,6623,7045,4602,5137,1660,2099,1091,1535,297,872,1622,1561,4891,3848,5286,3811,4995,5509,3715,4237,1451,1862,1007,1411,260,805,40863,27894,7006,5452,9028,7156,6629,38,36
2021-07-25T23:59:59+02:00,95,98,2643,2554,7470,5626,7406,5196,6604,7027,4593,5133,1658,2096,1090,1533,297,871,1599,1536,4832,3801,5228,3781,4947,5474,3683,4213,1447,1858,1006,1411,260,805,40731,27610,6998,5420,9026,7123,6580,38,36
2021-07-24T23:59:59+02:00,95,96,2630,2545,7443,5616,7382,5180,6591,7014,4583,5129,1657,2093,1090,1533,297,871,1580,1515,4785,3782,5157,3734,4905,5450,3663,4205,1446,1856,1005,1409,260,804,40657,27417,6977,5333,9025,7123,6529,38,36
2021-07-23T23:59:59+02:00,93,94,2606,2524,7396,5595,7359,5156,6555,6990,4563,5118,1655,2089,1088,1533,297,871,1522,1485,4647,3678,5027,3664,4832,5380,3611,4175,1444,1847,1004,1404,259,804,40492,26770,6970,5306,9023,7102,6435,38,36
2021-07-22T23:59:59+02:00,93,91,2575,2498,7322,5551,7307,5118,6509,6942,4528,5094,1649,2082,1087,1532,297,869,1468,1446,4483,3604,4875,3583,4679,5300,3530,4121,1431,1838,999,1402,259,803,40192,26117,6947,5167,9012,7035,6323,38,36
2021-07-21T23:59:59+02:00,92,88,2548,2482,7258,5520,7256,5078,6451,6901,4508,5071,1642,2076,1087,1529,297,867,1432,1403,4362,3522,4741,3519,4576,5194,3460,4079,1420,1826,997,1401,259,801,39948,25647,6907,4961,9006,6975,6215,38,35
2021-07-20T23:59:59+02:00,92,88,2528,2460,7207,5487,7220,5050,6414,6862,4482,5053,1638,2072,1087,1528,297,867,1399,1372,4246,3456,4654,3466,4477,5115,3407,4048,1415,1817,996,1400,259,800,39711,25167,6898,4887,9004,6922,6140,38,35
2021-07-19T23:59:59+02:00,91,88,2507,2437,7154,5451,7175,5030,6371,6830,4463,5037,1632,2067,1086,1525,297,866,1376,1346,4172,3409,4569,3432,4402,5054,3371,4020,1409,1811,992,1397,257,799,39437,24852,6887,4764,9002,6882,6098,38,35
2021-07-18T23:59:59+02:00,91,86,2480,2412,7092,5417,7141,5002,6335,6793,4445,5027,1625,2062,1085,1525,296,865,1358,1322,4125,3369,4531,3403,4354,5032,3337,4007,1403,1802,991,1397,257,797,39159,24653,6872,4686,8996,6856,6066,38,34
2021-07-17T23:59:59+02:00,88,84,2468,2398,7073,5404,7123,4986,6316,6779,4424,5016,1621,2061,1085,1524,296,863,1346,1309,4090,3337,4480,3381,4313,5002,3307,3995,1397,1799,991,1395,257,797,39054,24485,6863,4630,8995,6847,6009,38,34
2021-07-16T23:59:59+02:00,88,81,2432,2377,7015,5370,7064,4948,6273,6736,4397,4988,1615,2055,1084,1523,296,863,1303,1283,3994,3283,4388,3340,4232,4947,3245,3948,1384,1790,986,1393,257,796,38876,24139,6840,4600,8987,6782,5808,38,34
2021-07-15T23:59:59+02:00,86,77,2388,2350,6946,5334,7007,4910,6227,6683,4379,4962,1612,2050,1082,1520,294,863,1251,1250,3800,3175,4201,3239,4089,4850,3180,3882,1376,1782,982,1389,255,796,38559,23453,6823,4362,8981,6718,5707,38,34
2021-07-14T23:59:59+02:00,85,74,2353,2334,6881,5303,6937,4876,6173,6637,4357,4939,1604,2044,1080,1518,294,863,1206,1209,3678,3086,4097,3172,3979,4784,3133,3839,1364,1772,981,1386,255,796,38253,22951,6804,4260,8979,6647,5611,38,34
2021-07-13T23:59:59+02:00,81,71,2319,2307,6828,5273,6873,4838,6132,6588,4335,4922,1594,2039,1078,1518,294,863,1174,1170,3572,2997,3974,3101,3891,4694,3081,3781,1335,1765,978,1381,253,794,37934,22451,6797,4126,8976,6546,5537,37,34
2021-07-12T23:59:59+02:00,76,71,2294,2284,6764,5232,6806,4796,6082,6547,4308,4897,1589,2036,1075,1518,294,863,1142,1148,3464,2912,3861,3032,3789,4615,3029,3736,1322,1755,973,1373,253,794,37608,21994,6783,3997,8973,6461,5453,37,33
2021-07-11T23:59:59+02:00,70,69,2281,2272,6731,5208,6778,4774,6054,6529,4298,4889,1586,2031,1073,1518,293,863,1130,1131,3418,2868,3803,2996,3736,4587,3007,3722,1312,1742,970,1369,253,794,37499,21808,6763,3960,8969,6401,5370,37,33
2021-07-10T23:59:59+02:00,69,68,2256,2240,6654,5167,6714,4737,6006,6493,4274,4878,1583,2028,1073,1515,293,862,1111,1111,3364,2828,3755,2967,3699,4557,2990,3710,1306,1735,970,1367,253,794,37255,21627,6738,3959,8955,6387,5239,37,33
2021-07-09T23:59:59+02:00,68,65,2229,2220,6588,5134,6669,4715,5959,6461,4256,4856,1581,2022,1073,1514,293,862,1087,1094,3316,2780,3704,2927,3650,4520,2963,3682,1303,1719,968,1366,253,794,37035,21398,6711,3926,8943,6333,5146,37,33
2021-07-08T23:59:59+02:00,63,62,2181,2179,6501,5066,6572,4664,5894,6396,4219,4821,1574,2013,1071,1510,293,862,1014,1043,3150,2689,3510,2848,3473,4426,2892,3619,1288,1704,965,1357,252,793,36713,20900,6638,3636,8911,6197,4943,37,33
2021-07-07T23:59:59+02:00,63,61,2109,2133,6394,4993,6468,4613,5822,6340,4188,4773,1567,2004,1068,1505,293,862,959,1008,3000,2605,3334,2764,3314,4322,2837,3555,1273,1674,956,1347,252,790,36234,20331,6599,3395,8890,6115,4787,37,33
2021-07-06T23:59:59+02:00,60,61,2062,2096,6287,4943,6378,4567,5768,6273,4148,4738,1560,1999,1065,1500,293,862,922,968,2884,2501,3246,2704,3240,4232,2785,3498,1247,1643,952,1339,252,790,35790,19825,6551,3281,8874,6031,4690,37,33
2021-07-05T23:59:59+02:00,57,61,1997,2056,6152,4874,6263,4529,5699,6215,4109,4701,1555,1992,1063,1498,293,860,880,932,2779,2430,3163,2659,3165,4164,2741,3444,1226,1625,946,1329,252,786,35304,19439,6507,3205,8850,5946,4547,37,32
2021-07-04T23:59:59+02:00,57,60,1955,2014,6071,4835,6225,4500,5657,6194,4092,4679,1552,1990,1063,1496,293,859,840,907,2717,2384,3126,2634,3133,4129,2720,3423,1212,1606,944,1328,251,786,35094,19294,6469,3148,8827,5873,4433,37,32
2021-07-03T23:59:59+02:00,54,48,1858,1936,5855,4672,6073,4415,5573,6108,4045,4646,1550,1986,1062,1492,293,859,802,879,2648,2336,3071,2606,3094,4081,2690,3392,1207,1601,943,1324,251,784,34267,19102,6435,3145,8819,5848,4220,37,32
2021-07-02T23:59:59+02:00,45,41,1821,1899,5782,4631,6029,4387,5553,6081,4030,4628,1549,1979,1060,1491,292,859,780,853,2576,2284,3002,2561,3049,4030,2659,3355,1187,1584,939,1318,251,782,33992,18789,6400,3116,8814,5746,4160,37,32
2021-07-01T23:59:59+02:00,41,34,1773,1863,5678,4558,5947,4336,5474,6014,4002,4598,1546,1973,1059,1490,292,858,706,808,2385,2205,2815,2471,2866,3912,2559,3264,1164,1560,928,1303,251,780,33575,17991,6352,2906,8799,5644,4016,37,32
2021-06-30T23:59:59+02:00,41,32,1723,1811,5559,4479,5847,4287,5414,5966,3988,4573,1542,1965,1057,1487,292,858,672,773,2278,2132,2700,2416,2757,3821,2492,3186,1140,1533,920,1293,250,779,33146,17516,6292,2783,8784,5509,3896,37,32
2021-06-29T23:59:59+02:00,39,30,1663,1731,5448,4398,5746,4228,5363,5907,3959,4543,1534,1960,1056,1486,292,857,641,723,2194,2052,2625,2352,2655,3703,2435,3134,1127,1500,907,1283,250,776,32612,17019,6258,2713,8776,5392,3780,36,32
2021-06-28T23:59:59+02:00,38,29,1627,1676,5327,4336,5681,4177,5315,5866,3930,4518,1531,1951,1055,1484,292,857,628,699,2094,1985,2549,2293,2583,3620,2383,3086,1113,1482,900,1277,250,774,32196,16686,6197,2569,8766,5293,3704,36,32
2021-06-27T23:59:59+02:00,38,28,1598,1648,5276,4298,5638,4146,5269,5852,3918,4506,1528,1947,1055,1483,292,857,612,684,2043,1944,2507,2269,2538,3583,2352,3067,1106,1470,899,1268,250,774,32007,16539,6165,2515,8743,5210,3634,36,32
2021-06-26T23:59:59+02:00,31,24,1570,1622,5206,4250,5546,4103,5228,5819,3899,4491,1528,1945,1055,1481,292,857,605,673,2010,1917,2472,2248,2519,3560,2329,3049,1088,1460,898,1266,250,774,31650,16311,6082,2510,8743,5192,3634,36,32
2021-06-25T23:59:59+02:00,25,18,1531,1584,5103,4176,5491,4076,5191,5795,3875,4481,1525,1943,1053,1480,291,857,596,649,1958,1890,2406,2179,2420,3428,2287,2947,1077,1438,895,1262,249,773,31226,15844,6053,2483,8742,5012,3631,36,32
2021-06-24T23:59:59+02:00,19,15,1481,1532,4921,4066,5360,4021,5089,5751,3835,4454,1521,1939,1053,1479,290,857,561,628,1852,1817,2232,2107,2251,3345,2183,2854,1045,1416,887,1256,248,770,30586,15331,5993,2168,8732,4930,3521,36,32
2021-06-23T23:59:59+02:00,18,15,1448,1488,4835,4011,5280,3965,5040,5706,3813,4419,1512,1933,1050,1476,289,857,530,607,1779,1754,2121,2054,2133,3255,2081,2766,1021,1394,883,1248,246,769,30147,14765,5940,2089,8728,4788,3485,36,32
2021-06-22T23:59:59+02:00,18,15,1420,1470,4762,3947,5195,3917,4995,5661,3787,4396,1507,1927,1049,1474,289,857,514,586,1716,1708,2033,2001,2048,3147,1981,2677,1007,1372,873,1236,246,764,29735,14341,5897,1965,8723,4618,3459,36,31
2021-06-21T23:59:59+02:00,17,15,1390,1430,4644,3857,5114,3873,4927,5601,3757,4375,1503,1914,1047,1469,288,855,498,570,1677,1665,1997,1958,1998,3065,1916,2593,987,1342,851,1216,246,761,29193,14039,5857,1868,8721,4477,3422,36,31
2021-06-20T23:59:59+02:00,16,13,1363,1397,4569,3789,5063,3854,4892,5580,3734,4363,1500,1913,1046,1469,287,855,482,553,1647,1636,1973,1934,1967,3038,1876,2556,979,1327,849,1210,246,760,28897,13860,5820,1830,8708,4415,3388,36,30
2021-06-19T23:59:59+02:00,15,13,1351,1378,4527,3756,5038,3829,4862,5556,3716,4350,1495,1911,1046,1468,286,855,476,549,1628,1615,1954,1908,1952,3014,1851,2519,971,1320,845,1209,244,759,28716,13686,5756,1799,8708,4408,3374,36,30
2021-06-18T23:59:59+02:00,10,9,1328,1361,4455,3714,4988,3786,4811,5520,3691,4338,1491,1908,1044,1466,286,855,460,540,1608,1598,1926,1877,1906,2967,1801,2464,958,1305,843,1205,243,757,28381,13381,5709,1795,8707,4362,3362,36,30
2021-06-17T23:59:59+02:00,7,8,1289,1323,4291,3637,4800,3706,4639,5433,3636,4293,1485,1905,1044,1465,285,855,421,519,1507,1565,1745,1816,1746,2871,1700,2382,937,1287,832,1194,241,755,27770,12912,5656,1690,8700,4277,3069,34,30
2021-06-16T23:59:59+02:00,7,7,1259,1292,4186,3553,4703,3653,4536,5370,3591,4266,1479,1901,1043,1461,285,854,403,497,1444,1527,1685,1783,1664,2785,1641,2306,921,1261,822,1179,241,752,27282,12495,5543,1619,8688,4202,3017,34,30
2021-06-15T23:59:59+02:00,7,7,1224,1259,4048,3470,4632,3594,4459,5299,3548,4234,1469,1894,1038,1459,285,853,390,477,1390,1476,1635,1739,1597,2729,1573,2237,904,1233,817,1168,240,751,26727,12164,5506,1535,8673,4132,2940,34,30
2021-06-14T23:59:59+02:00,7,5,1195,1222,3957,3415,4548,3540,4376,5228,3494,4203,1465,1885,1037,1454,283,851,381,466,1344,1442,1584,1704,1546,2667,1517,2185,894,1210,813,1161,239,748,26256,11911,5412,1465,8669,4047,2886,33,30
2021-06-13T23:59:59+02:00,7,5,1179,1206,3910,3374,4500,3499,4326,5185,3473,4187,1464,1879,1037,1453,283,850,374,458,1311,1424,1547,1679,1507,2630,1483,2145,876,1189,810,1151,239,746,26001,11728,5376,1442,8663,3973,2828,33,30
2021-06-12T23:59:59+02:00,7,4,1164,1178,3880,3353,4470,3476,4308,5169,3458,4177,1462,1876,1036,1452,283,849,369,457,1298,1405,1525,1655,1487,2609,1458,2125,868,1179,800,1148,239,745,25808,11589,5365,1442,8661,3914,2816,33,29
2021-06-11T23:59:59+02:00,6,4,1145,1164,3841,3306,4399,3449,4267,5130,3428,4165,1461,1874,1035,1449,283,848,357,443,1276,1365,1497,1635,1444,2567,1412,2084,858,1165,797,1142,239,744,25505,11348,5336,1434,8657,3836,2796,33,29
2021-06-10T23:59:59+02:00,6,3,1079,1111,3718,3224,4262,3368,4168,5064,3374,4128,1456,1867,1033,1448,283,848,336,426,1211,1325,1430,1577,1379,2497,1326,1985,831,1133,793,1132,238,741,24898,10924,5197,1421,8638,3674,2721,33,28
2021-06-09T23:59:59+02:00,6,1,1030,1074,3574,3118,4124,3307,4078,4988,3326,4085,1452,1861,1031,1445,283,848,318,406,1150,1282,1365,1542,1322,2417,1245,1918,805,1080,786,1118,237,739,24400,10621,5014,1361,8630,3534,2584,33,28
2021-06-08T23:59:59+02:00,5,1,977,1037,3438,3023,4003,3226,3971,4905,3276,4054,1445,1857,1029,1442,282,846,303,386,1104,1243,1309,1509,1266,2361,1198,1845,786,1045,775,1102,233,736,23832,10384,4872,1311,8619,3396,2471,33,27
2021-06-07T23:59:59+02:00,4,1,950,1010,3326,2942,3866,3192,3848,4837,3223,4028,1430,1852,1028,1440,282,845,297,380,1061,1203,1252,1489,1218,2310,1130,1791,773,1026,762,1086,232,732,23435,10216,4687,1275,8612,3269,2334,33,27
2021-06-06T23:59:59+02:00,4,1,927,999,3267,2907,3788,3145,3780,4808,3192,4012,1428,1846,1025,1439,281,845,289,369,1047,1176,1222,1461,1196,2253,1103,1731,760,1011,755,1078,232,729,23222,10106,4553,1221,8600,3159,2271,33,27
2021-06-05T23:59:59+02:00,4,1,916,981,3199,2847,3733,3116,3745,4784,3182,4008,1427,1844,1025,1439,281,844,283,358,1029,1156,1203,1446,1172,2224,1071,1711,747,988,753,1075,232,729,22944,9944,4547,1217,8596,3118,2235,33,26
2021-06-04T23:59:59+02:00,2,1,889,961,3153,2793,3660,3079,3683,4731,3156,3988,1423,1840,1023,1439,281,844,272,350,1006,1126,1182,1432,1149,2188,1043,1683,732,967,747,1070,232,727,22628,9811,4501,1212,8592,3059,2158,33,26
2021-06-03T23:59:59+02:00,2,1,845,926,2994,2700,3477,2974,3507,4617,3064,3913,1414,1830,1019,1434,281,844,261,340,975,1086,1128,1379,1085,2106,981,1624,694,929,739,1057,232,726,21939,9596,4262,1194,8575,2897,1978,33,26
2021-06-02T23:59:59+02:00,2,1,820,915,2926,2636,3422,2934,3446,4558,3023,3887,1412,1825,1019,1433,281,844,248,332,951,1064,1089,1362,1044,2066,932,1579,681,898,736,1052,232,725,21585,9385,4243,1180,8575,2861,1880,33,26
2021-06-01T23:59:59+02:00,2,1,773,882,2773,2523,3242,2840,3279,4452,2964,3826,1401,1818,1016,1428,281,844,237,318,871,1006,1001,1306,962,1958,883,1502,652,845,730,1043,232,719,20974,9104,4033,1145,8564,2668,1648,33,26
2021-05-31T23:59:59+02:00,2,1,736,854,2649,2435,3103,2745,3172,4363,2911,3774,1396,1806,1015,1424,281,843,224,302,833,964,935,1256,917,1882,843,1443,633,821,724,1038,230,716,20565,8934,3799,1129,8545,2533,1457,33,26
2021-05-30T23:59:59+02:00,2,1,726,842,2592,2390,3040,2708,3123,4325,2894,3753,1392,1800,1015,1423,281,842,214,285,792,923,885,1216,879,1823,821,1389,619,805,720,1029,230,715,20420,8837,3737,1121,8533,2364,1308,33,26
2021-05-29T23:59:59+02:00,2,1,724,840,2573,2374,3017,2696,3104,4309,2886,3744,1391,1799,1015,1423,281,842,210,274,786,910,865,1189,863,1777,807,1357,606,786,718,1024,229,715,20296,8746,3735,1120,8530,2226,1307,33,26
2021-05-28T23:59:59+02:00,2,1,716,828,2535,2333,2972,2669,3081,4286,2876,3729,1391,1796,1013,1418,281,842,206,265,774,893,854,1165,848,1736,776,1317,589,757,714,1016,228,713,20049,8570,3726,1116,8528,2140,1303,33,26
2021-05-27T23:59:59+02:00,2,1,670,805,2409,2272,2839,2599,2938,4211,2792,3680,1382,1784,1012,1416,280,840,191,249,711,840,772,1110,763,1644,712,1235,566,725,705,1000,227,711,19561,8368,3593,1078,8495,1882,1102,33,25
2021-05-26T23:59:59+02:00,2,1,636,771,2299,2201,2677,2534,2814,4147,2741,3630,1372,1773,1010,1409,278,835,182,228,669,800,726,1076,721,1576,673,1177,551,699,688,967,226,708,19144,8148,3348,1068,8468,1744,972,33,25
2021-05-25T23:59:59+02:00,2,1,614,753,2207,2139,2577,2491,2716,4066,2694,3593,1361,1765,1007,1405,278,833,173,215,646,771,692,1041,683,1518,625,1117,534,681,670,940,225,706,18778,7941,3170,1033,8426,1609,919,32,22
2021-05-24T23:59:59+02:00,2,1,599,731,2149,2097,2502,2459,2648,4012,2637,3551,1348,1757,1001,1404,278,832,168,207,624,753,665,1009,649,1462,599,1065,517,667,663,936,225,706,18591,7851,2988,1022,8392,1488,819,32,21
2021-05-23T23:59:59+02:00,2,1,595,730,2131,2083,2489,2445,2638,3998,2626,3538,1345,1755,1001,1402,278,832,167,206,619,745,657,1003,635,1449,592,1058,514,660,659,930,224,703,18473,7775,2985,1017,8392,1477,818,32,20
2021-05-22T23:59:59+02:00,2,1,588,717,2106,2061,2453,2424,2618,3966,2595,3510,1337,1751,1001,1400,278,831,165,199,610,742,652,993,623,1443,587,1052,504,652,653,917,224,703,18229,7713,2984,1017,8390,1443,809,32,20
2021-05-21T23:59:59+02:00,2,1,575,701,2017,2024,2367,2371,2549,3919,2555,3464,1330,1738,999,1398,278,830,165,196,604,733,642,984,611,1431,572,1032,493,627,646,911,224,701,17742,7631,2957,1016,8372,1382,806,32,20
2021-05-20T23:59:59+02:00,2,1,543,680,1890,1953,2236,2293,2420,3821,2476,3382,1315,1722,997,1393,278,828,156,185,571,695,610,945,581,1373,548,970,469,598,640,902,224,700,17098,7511,2833,1005,8298,1169,737,32,20
2021-05-19T23:59:59+02:00,2,1,507,645,1779,1869,2088,2220,2280,3722,2372,3286,1298,1703,990,1390,276,828,142,178,546,671,577,909,550,1321,522,910,455,578,630,879,223,698,16332,7363,2764,989,8256,1068,617,32,20
2021-05-18T23:59:59+02:00,2,0,479,624,1701,1793,1986,2163,2171,3603,2281,3196,1287,1684,983,1383,276,824,135,169,522,642,554,877,534,1244,503,849,439,553,623,865,222,695,15822,7247,2598,951,8199,956,514,32,20
2021-05-17T23:59:59+02:00,2,0,459,610,1644,1757,1933,2112,2096,3492,2225,3121,1269,1664,976,1376,276,822,129,161,505,628,546,839,523,1183,489,796,422,524,621,857,222,693,15523,7176,2448,921,8133,857,419,32,20
2021-05-16T23:59:59+02:00,2,0,454,609,1618,1731,1897,2085,2057,3443,2173,3065,1255,1655,974,1372,276,821,125,159,496,608,535,823,510,1137,472,759,396,495,619,852,222,692,15352,7125,2380,893,8092,770,342,32,20
2021-05-15T23:59:59+02:00,2,0,449,604,1592,1713,1878,2065,2035,3419,2149,3028,1247,1654,973,1370,275,821,124,156,492,607,534,820,505,1133,466,750,393,493,616,850,222,692,15150,7095,2379,892,8084,759,337,30,20
2021-05-14T23:59:59+02:00,2,0,432,591,1561,1680,1835,2023,1956,3351,2106,2984,1239,1644,971,1370,273,821,122,151,487,591,515,795,486,1101,452,734,377,477,611,845,222,690,14784,7036,2339,876,8062,655,315,30,20
2021-05-13T23:59:59+02:00,1,0,408,571,1502,1628,1731,1971,1839,3265,2042,2893,1215,1627,964,1368,271,817,117,148,475,584,506,779,480,1087,439,722,361,453,601,820,222,686,14351,6959,2113,838,8006,620,286,30,20
2021-05-12T23:59:59+02:00,1,0,401,566,1482,1619,1716,1962,1814,3242,2027,2879,1213,1621,960,1366,271,817,117,146,472,584,505,773,477,1082,437,716,356,441,600,814,222,685,14222,6917,2089,829,7999,619,284,29,20
2021-05-11T23:59:59+02:00,1,0,383,547,1411,1582,1615,1921,1706,3149,1925,2807,1199,1597,955,1357,271,817,110,137,457,552,484,745,458,1049,409,695,337,413,590,808,222,685,13825,6821,1924,800,7888,524,222,29,20
2021-05-10T23:59:59+02:00,1,0,368,532,1366,1550,1560,1888,1634,3084,1867,2740,1192,1583,951,1351,271,814,110,134,451,547,475,724,450,1027,404,674,328,401,588,803,222,684,13554,6776,1840,792,7766,473,197,29,19
2021-05-09T23:59:59+02:00,1,0,362,521,1321,1525,1527,1868,1590,3048,1807,2700,1180,1570,949,1347,271,813,106,131,444,537,465,716,440,1017,395,663,318,390,583,799,222,683,13319,6741,1784,781,7717,422,177,29,18
2021-05-08T23:59:59+02:00,1,0,356,517,1307,1504,1498,1848,1568,3024,1777,2679,1173,1562,946,1346,270,813,105,131,443,537,463,715,439,1012,395,657,317,389,579,791,222,683,13112,6727,1778,775,7714,410,176,29,18
2021-05-07T23:59:59+02:00,1,0,345,510,1279,1476,1444,1829,1505,2964,1729,2630,1167,1554,945,1341,270,810,102,128,431,523,450,690,427,977,379,633,314,370,567,778,222,681,12843,6679,1749,752,7649,309,140,29,16
2021-05-06T23:59:59+02:00,1,0,322,497,1184,1433,1332,1773,1365,2851,1598,2537,1136,1523,944,1330,270,808,99,123,418,507,439,672,414,954,366,614,304,353,555,766,222,679,12356,6619,1563,735,7429,224,114,27,15
2021-05-05T23:59:59+02:00,1,0,308,482,1144,1402,1287,1733,1299,2783,1520,2458,1119,1500,938,1315,270,803,98,119,407,496,435,660,406,944,361,597,288,342,537,747,222,678,11942,6548,1500,716,7364,175,106,27,13
2021-05-04T23:59:59+02:00,1,0,299,472,1098,1370,1248,1707,1255,2737,1468,2398,1103,1470,933,1305,269,799,94,116,398,484,432,653,395,925,354,580,275,327,526,727,222,678,11621,6474,1439,689,7322,137,94,27,12
2021-05-03T23:59:59+02:00,1,0,293,465,1067,1346,1213,1689,1225,2703,1428,2359,1087,1443,927,1299,268,794,87,111,386,478,423,645,388,917,345,572,263,319,510,711,221,676,11379,6398,1416,682,7282,115,64,27,11
2021-05-02T23:59:59+02:00,1,0,288,464,1053,1332,1180,1672,1200,2685,1416,2337,1078,1429,925,1298,268,791,85,110,379,472,419,640,383,910,342,569,258,311,492,701,221,676,11250,6360,1401,665,7248,101,47,26,10
2021-05-01T23:59:59+02:00,1,0,284,459,1044,1324,1168,1659,1186,2672,1399,2320,1072,1424,922,1296,268,790,85,109,379,471,418,640,381,906,342,568,256,311,492,701,221,676,11117,6352,1400,665,7247,98,46,26,10
2021-04-30T23:59:59+02:00,1,0,280,450,1033,1300,1148,1640,1158,2613,1346,2266,1059,1409,917,1292,268,787,83,107,378,466,414,633,379,881,338,558,251,305,490,696,221,675,10827,6338,1395,656,7244,71,16,26,9
2021-04-29T23:59:59+02:00,1,0,265,436,980,1269,1109,1600,1111,2558,1254,2196,1017,1366,912,1283,267,785,83,104,373,464,410,628,371,869,329,549,243,296,479,686,220,671,10360,6280,1356,635,7183,48,15,25,9
2021-04-28T23:59:59+02:00,1,0,254,430,964,1251,1082,1586,1077,2517,1190,2143,986,1314,904,1281,267,783,79,102,367,460,406,619,368,861,325,536,229,281,469,674,220,670,10075,6216,1307,602,7131,34,14,25,9
2021-04-27T23:59:59+02:00,1,0,250,420,945,1235,1063,1574,1051,2494,1168,2116,962,1280,898,1277,267,780,77,99,362,456,404,614,366,857,320,530,226,273,459,655,219,669,9883,6167,1280,577,7096,28,14,21,8
2021-04-26T23:59:59+02:00,1,0,247,414,937,1226,1053,1559,1024,2477,1120,2068,943,1262,891,1270,266,779,77,99,358,450,404,611,362,854,319,525,221,265,449,646,219,669,9712,6134,1265,553,7031,26,14,21,8
2021-04-25T23:59:59+02:00,1,0,247,412,928,1213,1037,1552,1007,2460,1092,2040,921,1239,888,1263,266,779,76,98,357,443,401,610,361,850,318,525,220,260,444,638,219,668,9586,6118,1241,537,6984,18,14,21,8
2021-04-24T23:59:59+02:00,1,0,243,406,915,1201,1024,1537,994,2442,1064,2024,910,1216,885,1260,266,779,76,98,357,443,400,610,361,848,317,522,219,259,443,635,219,668,9424,6112,1241,529,6961,18,14,21,8
2021-04-23T23:59:59+02:00,1,0,241,396,904,1187,1016,1526,978,2425,1011,1981,890,1193,882,1253,266,776,75,96,357,443,400,609,360,846,314,519,215,253,440,630,219,668,9276,6093,1229,517,6869,18,14,21,7
2021-04-22T23:59:59+02:00,1,0,238,386,881,1164,992,1504,949,2384,968,1921,860,1155,873,1241,266,773,75,95,355,437,395,602,356,837,312,513,210,247,431,620,218,666,9014,6040,1180,502,6802,11,14,21,7
2021-04-21T23:59:59+02:00,1,0,233,381,859,1145,966,1489,914,2349,924,1875,828,1105,865,1227,266,769,74,93,353,436,393,599,352,832,308,505,209,242,422,605,217,663,8727,5992,1156,483,6746,11,14,21,7
2021-04-20T23:59:59+02:00,1,0,226,376,842,1119,948,1469,890,2300,884,1823,783,1042,853,1210,265,767,74,93,351,435,390,595,346,827,306,499,205,234,410,586,216,663,8453,5935,1088,468,6684,10,14,21,7
2021-04-19T23:59:59+02:00,1,0,223,366,825,1107,935,1449,874,2269,856,1789,757,1011,849,1203,264,764,73,92,350,432,384,590,343,817,302,489,205,229,400,569,214,658,8277,5876,1072,446,6618,8,13,20,7
2021-04-18T23:59:59+02:00,1,0,222,362,817,1097,923,1441,854,2249,838,1772,732,972,846,1197,263,761,72,90,347,432,384,590,342,814,302,486,204,225,394,566,214,658,8158,5857,1046,437,6559,8,13,20,7
2021-04-17T23:59:59+02:00,1,0,221,359,814,1094,916,1440,847,2244,834,1766,716,948,844,1191,263,761,72,87,345,428,382,590,339,810,301,482,202,220,388,559,214,657,8094,5815,1045,435,6535,8,13,20,7
2021-04-16T23:59:59+02:00,1,0,220,358,804,1089,903,1422,831,2222,804,1729,675,891,834,1181,262,758,68,85,343,421,379,588,331,797,295,469,190,204,385,550,211,654,7905,5747,1030,397,6461,7,13,19,6
2021-04-15T23:59:59+02:00,1,0,219,351,781,1072,885,1408,807,2176,765,1692,644,846,826,1162,262,754,66,84,340,414,374,583,324,791,288,466,182,198,369,530,209,649,7688,5669,1021,371,6348,6,13,18,6
2021-04-14T23:59:59+02:00,1,0,218,344,770,1063,876,1395,792,2141,749,1664,608,806,798,1116,262,750,63,80,335,411,370,578,322,782,280,458,172,182,354,507,207,644,7476,5578,1006,339,6273,6,13,16,6
2021-04-13T23:59:59+02:00,1,0,214,339,760,1058,866,1384,783,2116,722,1639,562,755,777,1082,261,746,61,78,328,406,361,574,315,775,275,453,169,178,341,494,206,641,7327,5519,959,309,6179,4,13,15,6
2021-04-12T23:59:59+02:00,1,0,212,338,756,1053,859,1371,757,2096,706,1622,532,727,766,1065,261,744,60,74,316,397,357,568,311,768,268,447,162,173,333,482,205,635,7237,5442,937,283,6090,4,13,13,6
2021-04-11T23:59:59+02:00,0,0,209,336,748,1043,852,1365,745,2080,696,1606,517,704,758,1042,260,741,58,72,311,395,354,566,309,765,267,442,157,166,326,479,203,633,7179,5397,918,273,6001,4,13,12,6
2021-04-10T23:59:59+02:00,0,0,209,334,748,1040,849,1363,736,2072,687,1599,511,690,751,1028,259,741,54,65,285,379,334,550,297,751,252,434,149,159,322,465,202,631,7126,5225,911,265,5974,4,12,12,6
2021-04-09T23:59:59+02:00,0,0,209,331,744,1037,837,1340,728,1990,671,1515,475,630,732,1008,256,737,45,62,272,367,318,538,281,737,241,421,140,154,300,444,198,622,7015,5036,888,257,5725,4,9,11,6
2021-04-08T23:59:59+02:00,0,0,207,328,739,1030,826,1331,714,1970,653,1496,431,572,705,985,254,734,43,60,264,351,304,527,267,723,226,405,130,138,285,427,196,605,6905,4854,849,246,5608,4,8,11,6
2021-04-07T23:59:59+02:00,0,0,202,324,729,1023,813,1316,698,1943,635,1463,394,530,675,946,251,730,40,57,245,338,294,520,260,709,218,393,115,128,267,407,191,596,6775,4685,816,237,5460,4,8,11,5
2021-04-06T23:59:59+02:00,0,0,200,322,721,1018,799,1300,679,1920,607,1437,374,494,650,915,250,728,38,56,244,334,290,518,250,705,213,388,110,123,259,387,187,586,6686,4615,789,217,5312,4,8,10,5
2021-04-05T23:59:59+02:00,0,0,200,321,718,1012,793,1289,671,1904,601,1422,357,471,633,892,250,727,38,55,244,330,289,513,246,699,209,387,110,119,245,367,184,580,6646,4556,778,202,5205,4,7,10,5
2021-04-04T23:59:59+02:00,0,0,199,318,715,1004,788,1278,662,1886,594,1403,347,460,630,888,250,727,37,54,244,330,288,513,246,699,208,387,108,119,238,355,181,578,6623,4526,774,201,5120,4,7,10,5
2021-04-03T23:59:59+02:00,0,0,199,318,713,1004,786,1276,661,1882,587,1401,339,454,627,881,250,726,37,54,244,330,288,513,246,698,208,385,108,119,237,353,181,576,6590,4518,774,201,5106,4,7,10,5
2021-04-02T23:59:59+02:00,0,0,199,316,713,1003,785,1273,657,1875,583,1391,330,445,617,871,250,725,37,53,241,330,286,511,244,690,203,380,106,118,231,334,180,563,6545,4449,769,198,5083,4,7,9,5
2021-04-01T23:59:59+02:00,0,0,196,313,708,989,773,1260,652,1855,567,1372,318,421,587,838,249,719,35,52,232,324,284,508,243,683,201,376,99,115,217,308,176,542,6458,4343,727,190,4991,4,7,9,5
2021-03-31T23:59:59+02:00,0,0,192,310,700,982,764,1246,642,1811,557,1333,309,410,567,791,248,716,35,52,231,323,280,506,240,681,195,372,94,112,203,282,174,521,6391,4257,685,183,4859,4,6,9,5
2021-03-30T23:59:59+02:00,0,0,189,304,695,971,759,1226,630,1772,548,1289,299,394,541,755,247,716,35,51,229,319,276,503,239,676,192,367,91,110,194,264,171,507,6315,4182,651,178,4724,4,6,9,5
2021-03-29T23:59:59+02:00,0,0,185,299,689,954,754,1214,621,1741,539,1251,295,380,512,718,245,709,35,50,227,318,275,501,238,671,190,360,88,109,185,252,167,495,6209,4123,629,173,4621,4,6,9,5
2021-03-28T23:59:59+02:00,0,0,178,283,681,946,747,1205,617,1719,536,1236,293,366,485,694,243,707,35,49,225,318,272,495,234,668,189,357,85,107,178,242,164,494,6166,4080,595,167,4525,4,6,9,5
2021-03-27T23:59:59+01:00,0,0,178,280,676,940,742,1201,611,1708,534,1228,288,358,479,684,243,706,35,49,225,318,272,495,233,662,186,353,84,106,174,235,160,484,6127,4045,587,161,4489,4,6,9,5
2021-03-26T23:59:59+01:00,0,0,174,277,665,928,734,1186,600,1691,526,1204,281,348,475,670,241,703,35,49,225,318,271,493,233,661,179,340,80,98,160,219,152,472,6064,3960,569,161,4413,4,4,9,5
2021-03-25T23:59:59+01:00,0,0,170,275,657,915,713,1162,584,1656,516,1164,274,336,459,646,240,699,35,49,221,313,269,492,227,658,179,339,73,98,144,202,149,448,5992,3874,553,154,4260,4,4,9,5
2021-03-24T23:59:59+01:00,0,0,168,266,646,902,705,1147,575,1618,504,1134,265,323,442,621,237,696,35,49,220,311,266,490,225,658,175,337,71,95,132,195,141,414,5919,3800,530,147,4135,3,4,9,5
2021-03-23T23:59:59+01:00,0,0,165,263,638,889,692,1135,564,1596,492,1096,259,311,424,605,232,692,34,49,218,310,264,488,220,653,173,333,68,92,125,188,132,389,5867,3725,513,142,4006,3,4,9,5
2021-03-22T23:59:59+01:00,0,0,161,255,619,868,673,1116,553,1564,479,1072,255,301,412,590,231,686,34,49,217,308,261,486,219,646,172,331,68,88,119,180,117,359,5811,3645,489,139,3865,2,4,9,5
2021-03-21T23:59:59+01:00,0,0,157,253,611,861,669,1112,549,1540,473,1039,250,294,399,584,229,682,34,49,214,308,260,484,218,645,170,329,67,85,117,179,113,356,5792,3624,476,135,3761,2,3,7,4
2021-03-20T23:59:59+01:00,0,0,155,253,603,857,664,1108,544,1536,470,1037,247,287,387,570,227,680,34,49,214,308,259,484,217,643,170,325,66,84,114,175,109,350,5759,3599,471,133,3719,2,3,7,4
2021-03-19T23:59:59+01:00,0,0,145,241,598,839,653,1102,540,1519,458,1024,233,265,372,544,221,671,32,49,213,307,258,484,215,635,169,322,64,82,107,165,104,329,5682,3534,432,132,3631,2,2,7,4
2021-03-18T23:59:59+01:00,0,0,140,235,581,823,635,1068,522,1469,444,978,217,250,359,523,218,654,32,49,212,304,256,476,215,630,167,315,64,79,98,157,98,314,5600,3471,400,123,3429,2,2,7,4
2021-03-17T23:59:59+01:00,0,0,133,229,569,804,622,1061,517,1456,435,960,205,237,341,505,215,648,32,48,212,302,255,474,215,629,167,314,64,79,94,152,93,303,5504,3436,373,123,3366,2,2,5,4
2021-03-16T23:59:59+01:00,0,0,129,222,554,789,605,1050,505,1416,423,935,198,222,321,471,211,636,32,47,212,299,255,468,213,628,166,313,60,79,89,147,91,283,5414,3389,339,119,3233,2,1,5,4
2021-03-15T23:59:59+01:00,0,0,123,215,539,774,596,1027,496,1384,407,898,192,214,307,447,210,630,31,47,211,296,255,465,212,627,164,313,59,77,83,142,89,268,5325,3346,309,118,3118,2,0,5,4
2021-03-14T23:59:59+01:00,0,0,118,202,527,757,582,1006,487,1342,394,855,183,203,297,436,203,626,31,47,211,294,254,464,211,622,163,308,58,77,82,139,87,265,5261,3331,295,107,2950,2,0,5,4
2021-03-13T23:59:59+01:00,0,0,114,190,499,731,552,979,462,1318,373,837,167,195,289,424,202,623,31,47,211,294,254,464,210,622,163,307,58,77,79,135,76,250,5068,3294,289,107,2869,2,0,5,4
2021-03-12T23:59:59+01:00,0,0,103,183,472,707,533,951,441,1279,351,806,151,183,265,397,201,603,31,47,211,293,254,463,210,622,163,306,54,76,76,129,74,244,4847,3267,283,107,2754,2,0,5,3
2021-03-11T23:59:59+01:00,0,0,95,176,440,661,496,915,404,1205,330,753,137,161,243,354,196,581,31,46,210,290,249,459,208,618,160,304,54,74,72,123,72,232,4611,3237,275,87,2499,2,0,5,2
2021-03-10T23:59:59+01:00,0,0,92,166,417,639,479,897,389,1167,314,716,122,145,227,324,191,550,31,46,208,285,245,454,205,612,160,302,51,73,68,121,69,221,4441,3195,265,75,2363,2,0,5,2
2021-03-09T23:59:59+01:00,0,0,92,161,406,612,449,868,374,1123,305,685,117,137,215,306,185,538,31,46,207,282,242,446,203,608,156,298,51,71,66,119,62,212,4358,3153,249,65,2187,2,0,5,2
2021-03-08T23:59:59+01:00,0,0,89,154,391,595,431,851,365,1071,297,648,112,128,201,286,181,525,31,46,207,278,239,441,198,604,150,294,49,70,61,116,61,211,4280,3125,233,49,2029,1,0,5,1
2021-03-07T23:59:59+01:00,0,0,85,150,386,583,423,835,355,1057,295,642,110,128,194,273,179,524,31,46,206,277,239,439,197,603,150,294,49,70,59,115,60,210,4235,3116,223,47,1974,0,0,5,1
2021-03-06T23:59:59+01:00,0,0,84,143,384,576,416,812,347,1006,286,611,109,127,188,265,177,519,31,46,206,277,238,438,197,602,150,294,49,70,57,115,59,205,4203,3111,223,41,1834,0,0,5,1
2021-03-05T23:59:59+01:00,0,0,83,138,379,564,411,804,346,990,277,587,103,117,174,245,168,506,31,46,205,275,237,437,196,600,149,292,49,70,55,114,59,197,4117,3096,214,33,1764,0,0,5,1
2021-03-04T23:59:59+01:00,0,0,80,124,368,528,393,770,328,944,267,560,93,116,155,220,162,482,31,46,203,269,235,431,194,588,146,291,47,70,55,114,59,196,4018,3057,197,32,1575,0,0,5,1
2021-03-03T23:59:59+01:00,0,0,73,114,359,510,384,752,324,923,258,542,91,113,145,212,154,447,31,45,203,269,234,429,191,579,146,285,47,70,54,113,59,196,3946,3034,191,29,1460,0,0,5,1
2021-03-02T23:59:59+01:00,0,0,70,111,348,495,368,735,316,904,252,520,89,110,137,204,145,420,30,45,203,269,234,423,186,572,144,282,47,70,54,111,59,195,3866,3005,185,29,1362,0,0,5,1
2021-03-01T23:59:59+01:00,0,0,69,109,342,481,361,714,308,880,246,492,88,108,130,194,128,385,30,44,202,268,232,414,184,564,144,279,47,70,54,110,58,195,3781,2975,181,29,1257,0,0,5,1
2021-02-28T23:59:59+01:00,0,0,69,107,335,472,358,706,306,856,241,474,84,100,128,190,124,381,30,44,201,267,231,414,184,564,144,279,47,70,54,110,58,194,3757,2971,176,29,1179,0,0,5,1
2021-02-27T23:59:59+01:00,0,0,66,98,329,466,353,700,300,845,238,465,82,98,127,184,117,370,30,44,201,266,231,413,183,563,143,278,47,70,54,110,58,194,3724,2970,170,24,1122,0,0,5,1
2021-02-26T23:59:59+01:00,0,0,64,93,321,442,327,665,280,814,228,444,80,94,119,174,113,351,30,43,201,265,231,411,182,560,140,276,47,70,54,110,58,192,3669,2955,169,24,943,0,0,5,0
2021-02-25T23:59:59+01:00,0,0,57,82,308,421,316,635,274,787,216,422,75,94,110,167,108,337,30,43,199,262,227,408,180,552,135,275,47,68,52,108,56,192,3616,2927,163,16,795,0,0,5,0
2021-02-24T23:59:59+01:00,0,0,53,75,301,408,308,620,269,771,213,414,74,94,106,163,102,327,29,43,197,261,224,395,178,544,133,270,45,67,50,108,56,192,3582,2889,158,10,720,0,0,5,0
2021-02-23T23:59:59+01:00,0,0,49,66,288,389,298,601,263,753,208,406,70,92,100,159,100,303,28,43,196,259,222,390,177,538,129,267,45,67,50,104,56,190,3528,2860,153,7,621,0,0,5,0
2021-02-22T23:59:59+01:00,0,0,47,63,283,377,294,591,261,744,206,402,67,89,92,152,98,289,28,41,193,257,219,377,169,528,126,264,45,67,49,104,55,190,3482,2812,145,4,582,0,0,4,0
2021-02-21T23:59:59+01:00,0,0,46,62,278,371,291,581,256,736,201,398,66,87,91,150,96,287,28,40,192,255,218,374,169,519,126,263,45,67,49,103,54,189,3472,2789,142,4,535,0,0,3,0
2021-02-20T23:59:59+01:00,0,0,45,62,276,370,291,578,255,730,201,392,65,87,88,146,85,272,28,40,192,255,218,374,169,519,124,262,45,67,48,103,54,187,3437,2783,141,4,514,0,0,3,0
2021-02-19T23:59:59+01:00,0,0,44,62,273,365,285,556,244,704,199,380,62,85,85,138,83,265,28,39,192,255,217,373,169,518,124,262,45,67,47,102,53,185,3408,2774,140,4,427,0,0,2,0
2021-02-18T23:59:59+01:00,0,0,42,59,255,341,277,535,236,683,185,355,61,81,83,133,81,255,27,38,188,247,214,367,165,503,123,252,45,65,46,100,49,181,3379,2707,131,4,294,0,0,2,0
2021-02-17T23:59:59+01:00,0,0,42,57,248,336,275,520,230,670,182,335,59,79,79,131,78,245,25,37,184,241,207,353,161,487,120,241,41,63,46,98,48,178,3331,2624,131,3,240,0,0,2,0
2021-02-16T23:59:59+01:00,0,0,41,52,235,321,271,509,224,656,177,328,57,78,76,129,71,236,22,37,175,232,199,334,155,475,116,229,41,59,37,84,42,169,3292,2499,128,3,175,0,0,2,0
2021-02-15T23:59:59+01:00,0,0,40,52,230,318,264,496,221,651,173,322,55,78,71,125,70,235,21,35,168,225,194,326,149,464,112,222,38,56,37,78,39,161,3265,2418,127,3,143,0,0,2,0
2021-02-14T23:59:59+01:00,0,0,37,52,227,314,262,489,218,645,173,318,55,76,68,125,69,231,20,35,166,221,190,321,148,452,111,220,38,56,36,77,37,154,3254,2374,116,3,122,0,0,2,0
2021-02-13T23:59:59+01:00,0,0,36,52,227,314,260,489,218,644,173,318,55,76,67,125,69,230,20,35,165,220,187,321,147,450,110,217,37,56,35,76,35,150,3250,2354,116,1,120,0,0,2,0
2021-02-12T23:59:59+01:00,0,0,35,50,225,309,257,480,214,633,170,315,55,75,66,125,69,229,20,35,164,217,186,320,146,448,108,216,35,55,35,72,32,141,3241,2323,116,1,81,0,0,2,0
2021-02-11T23:59:59+01:00,0,0,34,49,217,288,250,463,207,609,158,304,53,74,65,123,69,224,20,33,148,197,179,289,137,402,103,197,31,54,32,62,30,127,3204,2126,94,1,18,0,0,2,0
2021-02-10T23:59:59+01:00,0,0,34,48,214,280,248,456,203,600,156,299,50,74,64,123,68,222,18,30,137,173,165,251,117,353,96,175,27,52,31,60,27,116,3172,1902,84,1,8,0,0,2,0
2021-02-09T23:59:59+01:00,0,0,33,47,213,277,246,446,198,592,152,296,50,74,64,121,68,222,18,28,121,146,149,231,104,311,91,150,22,47,30,48,23,104,3150,1689,69,1,4,0,0,2,0
2021-02-08T23:59:59+01:00,0,0,33,47,212,275,240,431,195,579,148,291,48,74,64,120,68,222,16,27,104,123,127,192,85,272,86,140,15,45,24,41,22,89,3111,1468,53,1,4,0,0,2,0
2021-02-07T23:59:59+01:00,0,0,33,46,209,274,238,430,195,576,148,291,48,74,63,119,68,222,15,21,99,114,120,181,80,253,82,131,15,44,23,35,22,84,3103,1376,50,1,0,0,0,2,0
2021-02-06T23:59:59+01:00,0,0,33,46,209,274,238,429,195,576,148,290,47,74,62,119,67,217,12,17,98,113,119,177,78,246,82,129,14,43,23,32,20,83,3100,1340,43,1,0,0,0,2,0
2021-02-05T23:59:59+01:00,0,0,32,45,209,274,238,428,194,574,146,289,47,74,62,119,67,207,10,14,89,105,115,173,77,242,81,121,13,41,23,28,18,80,3087,1281,35,0,0,0,0,2,0
2021-02-04T23:59:59+01:00,0,0,32,45,206,271,233,424,189,568,144,286,47,72,62,117,67,206,9,10,61,73,92,128,66,204,64,102,12,36,20,24,16,71,3050,1028,35,0,0,0,0,2,0
2021-02-03T23:59:59+01:00,0,0,32,44,206,270,232,412,187,562,143,283,47,71,61,116,67,205,6,5,45,55,71,105,50,156,54,74,9,17,16,18,11,54,3022,776,32,0,0,0,0,2,0
2021-02-02T23:59:59+01:00,0,0,31,44,205,268,228,406,186,556,140,282,46,71,59,113,65,202,4,3,29,39,55,75,39,100,43,51,7,14,11,13,7,36,2984,546,32,0,0,0,0,2,0
2021-02-01T23:59:59+01:00,0,0,30,42,203,268,224,401,183,550,137,275,46,70,58,112,65,202,4,1,23,21,29,44,26,61,26,28,4,9,8,9,6,21,2948,331,32,0,0,0,0,1,0
2021-01-31T23:59:59+01:00,0,0,30,42,202,266,222,396,181,542,136,275,46,70,57,112,64,201,4,1,21,16,20,36,20,49,20,24,4,6,6,8,5,19,2923,268,31,0,0,0,0,1,0
2021-01-30T23:59:59+01:00,0,0,30,42,202,266,222,395,180,542,136,275,46,70,56,112,64,198,4,1,20,15,18,36,18,45,19,23,4,5,6,7,5,18,2918,252,30,0,0,0,0,1,0
2021-01-29T23:59:59+01:00,0,0,30,42,202,264,221,394,179,541,134,273,46,70,55,111,63,197,4,0,17,9,13,29,16,39,15,21,4,4,5,7,5,17,2908,211,26,0,0,0,0,0,0
2021-01-28T23:59:59+01:00,0,0,30,41,194,261,220,389,178,532,131,269,46,70,53,110,59,195,4,0,5,3,7,16,9,21,9,9,2,2,3,3,1,17,2872,114,18,0,0,0,0,0,0
2021-01-27T23:59:59+01:00,0,0,29,40,191,255,216,379,176,519,128,260,43,68,53,109,58,193,1,0,3,3,6,14,8,18,8,9,2,2,2,3,1,13,2809,95,14,0,0,0,0,0,0
2021-01-26T23:59:59+01:00,0,0,26,40,188,243,210,366,172,501,125,252,43,64,47,101,53,185,1,0,2,3,6,14,8,18,8,9,2,2,2,3,1,10,2710,91,11,0,0,0,0,0,0
2021-01-25T23:59:59+01:00,0,0,26,39,179,240,207,356,169,492,122,242,42,62,46,98,48,183,1,0,1,3,4,12,7,15,8,9,2,2,2,1,1,8,2650,78,4,0,0,0,0,0,0
2021-01-24T23:59:59+01:00,0,0,25,38,177,237,204,355,168,490,122,241,42,62,44,95,47,182,1,0,1,3,3,12,7,15,8,9,2,2,2,1,1,8,2628,77,3,0,0,0,0,0,0
2021-01-23T23:59:59+01:00,0,0,25,38,177,237,202,355,168,489,122,241,42,62,44,94,47,180,1,0,1,3,3,11,7,15,7,9,2,2,2,1,1,8,2622,75,3,0,0,0,0,0,0
2021-01-22T23:59:59+01:00,0,0,24,37,176,233,201,355,168,488,121,241,42,62,44,94,45,173,1,0,1,3,3,11,7,15,7,9,2,2,2,1,1,8,2603,75,3,0,0,0,0,0,0
2021-01-21T23:59:59+01:00,0,0,21,36,167,224,195,338,164,466,119,228,41,62,40,86,44,170,1,0,1,3,1,6,6,10,5,5,2,2,2,0,1,7,2495,54,3,0,0,0,0,0,0
2021-01-20T23:59:59+01:00,0,0,20,34,154,198,179,297,135,410,109,207,36,59,37,82,40,156,1,0,1,3,1,6,6,9,5,4,2,2,2,0,1,7,2237,52,2,0,0,0,0,0,0
2021-01-19T23:59:59+01:00,0,0,20,31,129,169,163,265,126,367,105,186,26,53,30,68,35,142,1,0,1,3,1,5,4,7,3,3,1,0,2,0,0,4,1989,36,2,0,0,0,0,0,0
2021-01-18T23:59:59+01:00,0,0,17,31,114,148,140,224,109,319,98,162,23,50,27,56,31,120,1,0,1,1,0,2,3,5,2,3,0,0,1,0,0,4,1738,24,2,0,0,0,0,0,0
2021-01-17T23:59:59+01:00,0,0,16,21,109,133,132,211,100,294,94,153,23,45,27,51,29,108,1,0,0,0,0,1,1,4,2,2,0,0,1,0,0,1,1608,13,2,0,0,0,0,0,0
2021-01-16T23:59:59+01:00,0,0,14,18,106,131,130,206,97,284,93,147,20,44,26,45,25,104,0,0,0,0,0,0,0,0,0,0,0,0,0,0,0,0,1551,0,0,0,0,0,0,0,0
2021-01-15T23:59:59+01:00,0,0,11,16,100,122,126,201,95,275,93,137,19,43,26,40,23,101,0,0,0,0,0,0,0,0,0,0,0,0,0,0,0,0,1485,0,0,0,0,0,0,0,0
2021-01-14T23:59:59+01:00,0,0,9,12,76,90,107,165,79,231,81,122,14,38,23,33,22,88,0,0,0,0,0,0,0,0,0,0,0,0,0,0,0,0,1236,0,0,0,0,0,0,0,0
2021-01-13T23:59:59+01:00,0,0,7,11,62,80,94,136,73,187,75,97,14,24,19,25,20,68,0,0,0,0,0,0,0,0,0,0,0,0,0,0,0,0,1031,0,0,0,0,0,0,0,0
2021-01-12T23:59:59+01:00,0,0,5,8,50,62,76,106,66,132,62,75,10,19,15,21,12,51,0,0,0,0,0,0,0,0,0,0,0,0,0,0,0,0,803,0,0,0,0,0,0,0,0
2021-01-11T23:59:59+01:00,0,0,4,6,44,49,63,81,51,104,47,55,9,15,8,12,9,28,0,0,0,0,0,0,0,0,0,0,0,0,0,0,0,0,609,0,0,0,0,0,0,0,0
2021-01-10T23:59:59+01:00,0,0,4,6,40,38,48,67,38,83,39,47,7,10,6,11,8,24,0,0,0,0,0,0,0,0,0,0,0,0,0,0,0,0,491,0,0,0,0,0,0,0,0
2021-01-09T23:59:59+01:00,0,0,4,5,37,37,43,64,35,75,36,43,7,9,6,10,8,23,0,0,0,0,0,0,0,0,0,0,0,0,0,0,0,0,455,0,0,0,0,0,0,0,0
2021-01-08T23:59:59+01:00,0,0,4,5,30,28,37,56,27,62,30,38,6,6,4,9,7,21,0,0,0,0,0,0,0,0,0,0,0,0,0,0,0,0,380,0,0,0,0,0,0,0,0
2021-01-07T23:59:59+01:00,0,0,4,2,11,3,10,18,11,26,8,18,5,3,3,4,3,20,0,0,0,0,0,0,0,0,0,0,0,0,0,0,0,0,152,0,0,0,0,0,0,0,0
2021-01-06T23:59:59+01:00,0,0,4,0,4,3,5,15,8,20,7,10,3,3,2,4,3,17,0,0,0,0,0,0,0,0,0,0,0,0,0,0,0,0,111,0,0,0,0,0,0,0,0
2021-01-05T23:59:59+01:00,0,0,2,0,2,3,5,14,8,18,7,9,3,2,2,4,2,16,0,0,0,0,0,0,0,0,0,0,0,0,0,0,0,0,100,0,0,0,0,0,0,0,0
2021-01-04T23:59:59+01:00,0,0,1,0,2,3,5,13,7,16,7,9,2,2,2,2,2,10,0,0,0,0,0,0,0,0,0,0,0,0,0,0,0,0,85,0,0,0,0,0,0,0,0
2021-01-03T23:59:59+01:00,0,0,1,0,1,3,4,13,7,16,7,9,2,2,2,2,2,10,0,0,0,0,0,0,0,0,0,0,0,0,0,0,0,0,83,0,0,0,0,0,0,0,0
2021-01-02T23:59:59+01:00,0,0,1,0,1,3,4,13,6,16,6,9,2,2,2,2,2,10,0,0,0,0,0,0,0,0,0,0,0,0,0,0,0,0,81,0,0,0,0,0,0,0,0
2021-01-01T23:59:59+01:00,0,0,1,0,1,3,4,13,6,16,6,9,2,2,2,2,2,10,0,0,0,0,0,0,0,0,0,0,0,0,0,0,0,0,81,0,0,0,0,0,0,0,0
2020-12-31T23:59:59+01:00,0,0,1,0,1,3,4,12,6,16,6,9,2,2,2,2,2,10,0,0,0,0,0,0,0,0,0,0,0,0,0,0,0,0,80,0,0,0,0,0,0,0,0
2020-12-30T23:59:59+01:00,0,0,1,0,1,3,4,12,6,15,6,9,2,2,2,2,2,10,0,0,0,0,0,0,0,0,0,0,0,0,0,0,0,0,79,0,0,0,0,0,0,0,0
2020-12-29T23:59:59+01:00,0,0,1,0,1,3,3,8,4,12,4,7,1,1,2,1,0,8,0,0,0,0,0,0,0,0,0,0,0,0,0,0,0,0,57,0,0,0,0,0,0,0,0
2020-12-28T23:59:59+01:00,0,0,1,0,1,1,1,1,2,6,3,4,1,0,1,0,0,4,0,0,0,0,0,0,0,0,0,0,0,0,0,0,0,0,27,0,0,0,0,0,0,0,0
2020-12-27T23:59:59+01:00,0,0,1,0,0,0,0,1,1,6,1,2,0,0,1,0,0,2,0,0,0,0,0,0,0,0,0,0,0,0,0,0,0,0,15,0,0,0,0,0,0,0,0
