Datum,<15_m,<15_w,15-24_1_m,15-24_1_w,25-34_1_m,25-34_1_w,35-44_1_m,35-44_1_w,45-54_1_m,45-54_1_w,55-64_1_m,55-64_1_w,65-74_1_m,65-74_1_w,75-84_1_m,75-84_1_w,>84_1_m,>84_1_w,<24_2_m,<24_2_w,25-34_2_m,25-34_2_w,35-44_2_m,35-44_2_w,45-54_2_m,45-54_2_w,55-64_2_m,55-64_2_w,65-74_2_m,65-74_2_w,75-84_2_m,75-84_2_w,>84_2_m,>84_2_w,bp_1,bp_2,mo_1,mo_2,az_1,az_2,ja,unb_1,unb_2
2021-10-08T23:59:59+02:00,187,188,3898,3348,9660,6871,9209,6300,7981,8414,5327,5914,1818,2271,1145,1601,309,908,3324,2875,8595,6125,8373,5715,7359,7726,4936,5508,1695,2132,1070,1510,274,836,48273,42736,7503,6843,9090,7818,11944,39,38
2021-10-07T23:59:59+02:00,185,186,3872,3336,9623,6852,9170,6291,7961,8393,5322,5907,1817,2266,1145,1601,309,907,3296,2852,8553,6107,8349,5702,7337,7698,4919,5498,1692,2129,1070,1509,274,836,48123,42574,7500,6826,9090,7818,11891,39,38
2021-10-06T23:59:59+02:00,183,185,3864,3329,9596,6834,9155,6286,7954,8385,5315,5899,1815,2263,1145,1599,309,906,3283,2841,8532,6095,8331,5693,7328,7682,4917,5489,1691,2126,1070,1508,274,836,48032,42480,7496,6821,9090,7817,11865,39,38
2021-10-05T23:59:59+02:00,183,183,3847,3318,9582,6817,9135,6273,7937,8364,5308,5894,1814,2260,1145,1598,309,906,3268,2829,8510,6085,8305,5676,7310,7658,4908,5482,1689,2122,1069,1507,274,836,47926,42360,7494,6813,9090,7817,11824,39,38
2021-10-04T23:59:59+02:00,183,182,3826,3308,9554,6801,9098,6258,7921,8355,5303,5885,1812,2260,1144,1593,309,904,3256,2821,8485,6068,8269,5663,7290,7634,4900,5468,1688,2120,1069,1506,273,836,47811,42238,7487,6808,9090,7817,11769,39,38
2021-10-03T23:59:59+02:00,183,182,3806,3298,9529,6786,9085,6248,7907,8344,5301,5878,1810,2258,1143,1592,309,904,3239,2815,8457,6057,8258,5654,7283,7622,4895,5463,1686,2118,1069,1505,273,836,47729,42174,7483,6806,9090,7814,11722,39,38
2021-10-02T23:59:59+02:00,183,182,3803,3297,9527,6784,9082,6247,7904,8344,5298,5876,1809,2257,1143,1592,309,904,3236,2815,8453,6056,8256,5654,7280,7621,4894,5459,1685,2117,1069,1505,273,836,47718,42164,7481,6806,9090,7812,11713,39,38
2021-10-01T23:59:59+02:00,182,181,3791,3293,9505,6778,9070,6239,7891,8335,5295,5867,1806,2255,1143,1592,309,904,3222,2804,8434,6047,8241,5646,7272,7611,4889,5452,1683,2117,1068,1505,273,836,47654,42096,7478,6802,9090,7808,11675,39,38
2021-09-30T23:59:59+02:00,181,179,3762,3276,9457,6759,9038,6216,7866,8311,5278,5853,1803,2252,1142,1592,309,903,3201,2780,8387,6021,8210,5626,7254,7582,4875,5438,1682,2112,1068,1505,273,835,47498,41962,7472,6781,9090,7804,11578,39,38
2021-09-29T23:59:59+02:00,179,177,3744,3266,9413,6746,9021,6193,7854,8284,5269,5847,1801,2249,1141,1590,309,902,3184,2769,8355,6015,8194,5605,7243,7561,4865,5426,1682,2110,1068,1504,273,835,47372,41874,7467,6774,9090,7799,11517,39,38
2021-09-28T23:59:59+02:00,177,177,3729,3254,9375,6727,8990,6182,7829,8253,5260,5831,1800,2242,1141,1590,309,900,3166,2757,8329,5992,8172,5595,7218,7534,4856,5414,1682,2105,1068,1503,273,834,47244,41773,7464,6769,9090,7798,11428,39,38
2021-09-27T23:59:59+02:00,175,177,3708,3241,9340,6700,8965,6155,7812,8223,5246,5819,1798,2231,1140,1590,309,899,3141,2748,8286,5965,8143,5567,7196,7505,4843,5405,1679,2096,1068,1502,273,833,47125,41640,7454,6766,9090,7794,11319,39,38
2021-09-26T23:59:59+02:00,173,177,3697,3232,9321,6691,8954,6147,7800,8211,5242,5814,1794,2230,1139,1589,309,899,3131,2742,8265,5961,8133,5556,7182,7498,4835,5395,1676,2096,1068,1501,273,832,47063,41581,7450,6763,9089,7790,11277,39,38
2021-09-25T23:59:59+02:00,172,176,3690,3231,9312,6687,8950,6144,7795,8210,5240,5813,1794,2229,1139,1588,309,899,3124,2740,8258,5957,8129,5554,7179,7494,4834,5392,1675,2095,1067,1498,273,832,47046,41564,7448,6760,9089,7788,11255,39,38
2021-09-24T23:59:59+02:00,171,175,3671,3226,9282,6674,8935,6133,7774,8190,5233,5801,1793,2227,1139,1587,309,899,3110,2729,8232,5942,8117,5542,7158,7479,4827,5383,1675,2091,1067,1498,273,832,46966,41501,7447,6754,9089,7788,11176,39,38
2021-09-23T23:59:59+02:00,169,174,3639,3212,9223,6644,8885,6086,7733,8142,5214,5781,1787,2221,1137,1584,309,899,3089,2716,8181,5916,8071,5504,7116,7433,4808,5365,1666,2087,1066,1496,273,832,46814,41396,7438,6746,9089,7784,10955,39,38
2021-09-22T23:59:59+02:00,166,174,3618,3204,9198,6622,8859,6068,7700,8128,5198,5771,1785,2218,1136,1584,309,899,3066,2710,8156,5894,8047,5489,7088,7413,4793,5359,1664,2080,1064,1496,273,831,46693,41278,7433,6743,9087,7778,10880,39,38
2021-09-21T23:59:59+02:00,165,171,3600,3189,9171,6601,8813,6047,7668,8103,5186,5762,1784,2218,1136,1584,309,899,3043,2697,8120,5868,8003,5473,7052,7381,4778,5340,1662,2079,1063,1495,273,831,46575,41125,7426,6736,9087,7778,10774,39,38
2021-09-20T23:59:59+02:00,164,171,3573,3178,9132,6588,8781,6028,7634,8072,5179,5747,1780,2216,1136,1584,309,897,3022,2672,8077,5851,7965,5450,7017,7354,4770,5320,1659,2077,1062,1494,272,831,46456,40986,7425,6731,9087,7773,10655,39,38
2021-09-19T23:59:59+02:00,163,170,3556,3171,9104,6581,8768,6021,7628,8062,5171,5740,1779,2214,1135,1582,309,896,3015,2665,8050,5839,7946,5443,7003,7339,4762,5312,1659,2073,1061,1493,272,830,46398,40921,7420,6724,9087,7768,10599,39,38
2021-09-18T23:59:59+02:00,163,170,3552,3171,9098,6579,8763,6018,7625,8060,5169,5739,1779,2214,1135,1582,309,896,3007,2664,8040,5837,7934,5440,6997,7337,4758,5308,1659,2073,1061,1492,272,830,46388,40883,7419,6723,9086,7768,10583,39,38
2021-09-17T23:59:59+02:00,163,169,3534,3162,9061,6563,8735,6005,7606,8048,5160,5730,1778,2209,1133,1582,309,896,2991,2657,7999,5822,7905,5429,6975,7326,4751,5299,1659,2071,1060,1492,272,830,46299,40804,7411,6713,9084,7765,10502,39,38
2021-09-16T23:59:59+02:00,163,169,3510,3142,9005,6539,8692,5978,7570,8015,5141,5718,1777,2205,1133,1582,309,895,2980,2644,7960,5797,7872,5405,6954,7302,4738,5293,1657,2070,1060,1492,271,829,46111,40691,7387,6705,9083,7757,10414,39,38
2021-09-15T23:59:59+02:00,161,169,3488,3129,8972,6522,8663,5954,7544,7996,5135,5701,1774,2202,1130,1582,308,894,2963,2640,7933,5785,7845,5378,6921,7283,4723,5277,1655,2067,1060,1489,269,826,45971,40561,7383,6698,9083,7756,10338,39,38
2021-09-14T23:59:59+02:00,161,168,3468,3111,8928,6504,8618,5928,7517,7965,5124,5684,1772,2199,1129,1582,307,894,2942,2624,7890,5761,7805,5360,6896,7258,4708,5261,1654,2067,1059,1486,269,825,45822,40430,7374,6689,9083,7753,10230,39,38
2021-09-13T23:59:59+02:00,160,167,3456,3097,8888,6485,8588,5908,7500,7935,5111,5668,1770,2195,1129,1582,307,893,2928,2614,7858,5745,7789,5349,6887,7236,4699,5256,1653,2064,1059,1485,269,825,45671,40333,7355,6684,9083,7751,10180,39,38
2021-09-12T23:59:59+02:00,160,166,3440,3095,8864,6476,8578,5899,7490,7919,5104,5660,1769,2194,1128,1579,307,892,2915,2606,7834,5730,7779,5339,6872,7220,4695,5248,1649,2063,1059,1485,269,824,45595,40256,7353,6678,9083,7744,10138,39,38
2021-09-11T23:59:59+02:00,160,166,3438,3093,8856,6472,8574,5897,7489,7918,5102,5658,1768,2193,1127,1579,307,892,2913,2605,7826,5727,7775,5336,6871,7216,4695,5246,1649,2063,1059,1485,269,824,45579,40241,7351,6677,9082,7744,10124,39,38
2021-09-10T23:59:59+02:00,159,162,3411,3086,8830,6453,8557,5883,7464,7899,5092,5638,1765,2190,1126,1579,307,892,2899,2600,7801,5704,7758,5322,6848,7198,4681,5227,1648,2062,1059,1484,269,824,45499,40182,7348,6673,9082,7743,10010,39,38
2021-09-09T23:59:59+02:00,157,159,3394,3068,8784,6425,8522,5859,7443,7861,5076,5627,1762,2188,1126,1579,307,892,2885,2589,7767,5676,7733,5302,6825,7169,4668,5212,1647,2058,1059,1484,269,824,45333,40071,7340,6662,9082,7735,9919,39,37
2021-09-08T23:59:59+02:00,156,157,3375,3055,8751,6414,8496,5830,7425,7832,5062,5611,1759,2186,1125,1577,307,891,2868,2578,7725,5658,7698,5278,6798,7133,4656,5190,1646,2057,1058,1484,268,824,45232,39944,7333,6653,9081,7731,9807,39,37
2021-09-07T23:59:59+02:00,155,156,3354,3049,8733,6388,8467,5810,7404,7814,5047,5600,1759,2184,1124,1576,307,888,2851,2568,7697,5634,7673,5255,6780,7107,4643,5178,1643,2053,1057,1483,268,824,45104,39815,7330,6643,9081,7727,9742,39,37
2021-09-06T23:59:59+02:00,155,156,3334,3040,8702,6369,8443,5799,7386,7789,5039,5587,1755,2175,1122,1576,306,888,2832,2557,7671,5620,7648,5245,6763,7079,4636,5164,1637,2051,1057,1483,268,824,44980,39708,7328,6640,9080,7726,9674,39,37
2021-09-05T23:59:59+02:00,155,155,3320,3035,8694,6361,8432,5790,7384,7780,5032,5576,1752,2174,1122,1576,306,887,2821,2555,7656,5608,7637,5231,6756,7072,4626,5157,1634,2050,1057,1482,268,824,44931,39654,7326,6631,9079,7725,9636,39,37
2021-09-04T23:59:59+02:00,155,154,3316,3033,8692,6355,8425,5790,7381,7779,5032,5575,1751,2174,1122,1576,306,887,2818,2552,7652,5600,7630,5231,6751,7070,4625,5156,1631,2049,1056,1482,268,824,44917,39634,7326,6628,9079,7723,9622,39,37
2021-09-03T23:59:59+02:00,153,153,3302,3014,8658,6346,8405,5773,7363,7764,5020,5560,1749,2172,1122,1575,306,885,2800,2537,7623,5586,7609,5213,6732,7048,4612,5136,1628,2048,1056,1480,268,822,44834,39548,7317,6605,9079,7722,9530,39,37
2021-09-02T23:59:59+02:00,153,151,3281,2997,8608,6322,8364,5755,7342,7739,5008,5542,1744,2167,1120,1574,305,884,2783,2524,7574,5565,7575,5196,6707,7022,4603,5115,1624,2043,1054,1478,268,819,44708,39439,7307,6595,9077,7719,9401,39,37
2021-09-01T23:59:59+02:00,151,151,3264,2987,8569,6308,8337,5742,7322,7723,4998,5535,1743,2164,1119,1571,305,884,2767,2516,7528,5543,7542,5179,6679,7000,4592,5102,1621,2041,1053,1475,268,819,44601,39296,7294,6574,9077,7717,9336,39,37
2021-08-31T23:59:59+02:00,149,150,3248,2979,8526,6287,8316,5731,7304,7702,4992,5526,1740,2162,1118,1570,304,883,2752,2505,7484,5523,7520,5161,6655,6972,4580,5083,1617,2039,1052,1475,267,819,44503,39180,7289,6565,9077,7704,9250,39,37
2021-08-30T23:59:59+02:00,148,150,3222,2961,8487,6261,8272,5707,7267,7673,4980,5512,1736,2160,1117,1570,304,883,2722,2491,7439,5500,7483,5142,6622,6952,4570,5066,1613,2037,1051,1475,267,818,44348,39054,7288,6555,9076,7703,9129,39,37
2021-08-29T23:59:59+02:00,147,150,3210,2946,8463,6253,8253,5698,7259,7663,4972,5503,1735,2157,1117,1570,303,883,2699,2471,7406,5492,7464,5125,6609,6938,4559,5061,1611,2036,1050,1474,266,818,44280,38953,7283,6544,9076,7698,9071,39,37
2021-08-28T23:59:59+02:00,146,150,3206,2945,8459,6250,8248,5697,7252,7661,4972,5502,1735,2156,1117,1569,303,883,2694,2467,7401,5487,7458,5123,6604,6934,4556,5060,1611,2036,1050,1473,266,818,44267,38929,7283,6544,9076,7698,9053,39,37
2021-08-27T23:59:59+02:00,144,150,3196,2942,8441,6239,8226,5689,7233,7651,4960,5494,1735,2156,1117,1568,303,883,2681,2463,7383,5479,7437,5110,6589,6926,4546,5052,1611,2036,1049,1471,266,818,44205,38868,7282,6543,9075,7697,8991,39,37
2021-08-26T23:59:59+02:00,144,149,3172,2930,8403,6218,8193,5677,7210,7629,4946,5483,1733,2153,1117,1567,303,882,2658,2442,7344,5451,7389,5082,6554,6898,4521,5037,1605,2030,1049,1470,266,818,44076,38682,7276,6524,9075,7677,8902,39,37
2021-08-25T23:59:59+02:00,140,147,3150,2921,8365,6201,8159,5663,7185,7605,4934,5461,1731,2150,1117,1565,303,882,2622,2424,7292,5412,7340,5047,6517,6860,4504,5010,1604,2025,1048,1469,266,818,43966,38449,7272,6516,9075,7670,8786,39,37
2021-08-24T23:59:59+02:00,140,146,3144,2912,8346,6186,8141,5645,7169,7583,4924,5450,1728,2149,1116,1563,303,880,2602,2405,7259,5383,7307,5024,6491,6833,4488,4992,1604,2023,1047,1469,266,817,43892,38288,7268,6506,9075,7666,8710,39,37
2021-08-23T23:59:59+02:00,139,139,3119,2891,8300,6164,8099,5625,7140,7554,4910,5437,1728,2148,1114,1562,303,879,2575,2385,7213,5346,7267,5007,6456,6801,4473,4976,1600,2023,1047,1468,265,817,43756,38134,7257,6494,9072,7660,8583,39,37
2021-08-22T23:59:59+02:00,138,139,3108,2882,8285,6146,8084,5618,7121,7543,4903,5431,1727,2147,1113,1562,303,879,2561,2370,7182,5324,7243,4994,6437,6782,4469,4967,1597,2018,1046,1468,264,816,43684,38007,7249,6483,9072,7657,8539,39,37
2021-08-21T23:59:59+02:00,137,139,3099,2879,8274,6138,8073,5616,7116,7538,4901,5425,1726,2147,1113,1561,303,879,2552,2362,7164,5311,7223,4984,6425,6775,4461,4960,1596,2016,1045,1468,264,816,43638,37931,7246,6456,9072,7655,8522,39,37
2021-08-20T23:59:59+02:00,136,138,3089,2871,8249,6123,8044,5597,7097,7518,4889,5413,1724,2145,1113,1560,303,877,2522,2350,7120,5277,7189,4955,6390,6739,4445,4940,1590,2012,1044,1465,264,814,43572,37766,7237,6419,9071,7646,8418,39,37
2021-08-19T23:59:59+02:00,135,136,3070,2858,8206,6098,8005,5578,7077,7491,4876,5397,1718,2142,1112,1558,303,876,2478,2332,7039,5227,7130,4919,6343,6681,4415,4909,1586,2008,1044,1464,264,814,43445,37443,7225,6389,9069,7635,8304,39,37
2021-08-18T23:59:59+02:00,134,134,3057,2851,8183,6081,7975,5565,7045,7473,4864,5388,1713,2140,1112,1558,302,875,2452,2315,6976,5193,7074,4885,6301,6649,4392,4886,1581,2004,1042,1463,264,813,43337,37211,7220,6337,9069,7627,8229,39,37
2021-08-17T23:59:59+02:00,134,134,3040,2841,8160,6055,7947,5552,7032,7452,4853,5377,1710,2138,1111,1557,301,875,2425,2297,6919,5147,7031,4852,6274,6608,4374,4867,1573,1999,1041,1459,263,813,43219,36947,7214,6303,9068,7621,8171,39,37
2021-08-16T23:59:59+02:00,132,133,3029,2831,8139,6038,7927,5546,7020,7437,4840,5364,1709,2137,1110,1557,301,875,2395,2270,6847,5105,6963,4817,6227,6566,4343,4840,1571,1997,1038,1458,263,813,43131,36585,7209,6289,9068,7609,8119,39,37
2021-08-15T23:59:59+02:00,132,132,3021,2818,8113,6028,7911,5535,7002,7423,4835,5355,1707,2134,1110,1556,301,875,2364,2234,6788,5075,6926,4791,6188,6537,4331,4828,1567,1991,1037,1456,263,813,43041,36312,7203,6268,9067,7605,8079,39,37
2021-08-14T23:59:59+02:00,131,132,3015,2812,8102,6024,7902,5534,7001,7421,4831,5353,1705,2133,1110,1555,301,875,2355,2226,6763,5063,6913,4781,6180,6524,4312,4819,1564,1988,1037,1454,263,812,43021,36218,7202,6256,9067,7604,8049,39,37
2021-08-13T23:59:59+02:00,130,131,3001,2809,8082,6015,7892,5522,6987,7411,4823,5346,1705,2129,1109,1554,301,875,2319,2203,6717,5033,6875,4754,6140,6497,4301,4805,1563,1984,1036,1454,263,812,42958,35983,7201,6242,9067,7603,7996,39,37
2021-08-12T23:59:59+02:00,128,126,2983,2801,8051,5993,7862,5504,6965,7388,4810,5332,1703,2127,1106,1553,301,875,2282,2170,6630,4986,6823,4717,6094,6448,4276,4775,1560,1981,1033,1453,263,812,42856,35676,7195,6215,9066,7582,7889,38,37
2021-08-11T23:59:59+02:00,126,123,2967,2785,8011,5968,7842,5494,6944,7367,4799,5318,1701,2125,1106,1552,300,875,2255,2140,6549,4931,6748,4677,6037,6386,4255,4736,1555,1973,1033,1451,263,810,42733,35265,7184,6184,9061,7575,7823,38,37
2021-08-10T23:59:59+02:00,126,122,2949,2775,7980,5955,7816,5475,6915,7351,4781,5310,1698,2125,1106,1550,300,874,2184,2086,6437,4874,6662,4609,5948,6320,4208,4712,1546,1965,1031,1449,263,809,42627,34676,7174,6161,9059,7561,7745,38,37
2021-08-09T23:59:59+02:00,123,122,2931,2768,7950,5934,7793,5465,6891,7332,4772,5299,1697,2124,1106,1550,300,873,2122,2028,6338,4803,6566,4567,5878,6265,4180,4679,1540,1955,1030,1448,263,809,42546,34198,7167,6111,9059,7538,7654,38,37
2021-08-08T23:59:59+02:00,123,121,2917,2762,7935,5925,7777,5454,6882,7324,4766,5295,1694,2124,1106,1550,300,873,2096,2002,6278,4767,6525,4541,5840,6243,4167,4662,1530,1951,1029,1446,263,809,42494,33967,7164,6068,9056,7530,7610,38,37
2021-08-07T23:59:59+02:00,122,120,2910,2755,7916,5912,7763,5447,6876,7314,4761,5290,1692,2124,1105,1550,300,873,2065,1981,6202,4718,6470,4508,5807,6206,4150,4648,1526,1950,1029,1443,263,809,42437,33658,7159,6040,9056,7520,7574,38,37
2021-08-06T23:59:59+02:00,122,119,2899,2747,7888,5901,7733,5425,6856,7293,4750,5276,1687,2122,1105,1549,300,873,2027,1946,6106,4645,6398,4473,5767,6168,4130,4627,1523,1947,1028,1440,263,809,42375,33317,7142,6012,9056,7505,7468,38,37
2021-08-05T23:59:59+02:00,121,118,2874,2731,7864,5881,7696,5406,6833,7271,4731,5252,1683,2119,1103,1545,300,872,1986,1899,5979,4537,6289,4414,5698,6104,4093,4585,1516,1939,1025,1438,263,809,42245,32832,7134,5925,9055,7448,7359,38,37
2021-08-04T23:59:59+02:00,118,114,2832,2711,7797,5850,7659,5381,6805,7239,4713,5237,1679,2115,1101,1544,300,872,1925,1867,5858,4471,6167,4361,5631,6037,4065,4547,1506,1933,1021,1435,263,808,42039,32347,7121,5875,9055,7415,7235,38,37
2021-08-03T23:59:59+02:00,116,113,2817,2693,7770,5838,7623,5366,6783,7213,4701,5223,1675,2114,1100,1541,300,872,1892,1837,5764,4409,6061,4310,5563,5979,4025,4506,1501,1926,1020,1433,263,808,41906,31879,7116,5832,9054,7391,7164,38,37
2021-08-02T23:59:59+02:00,116,113,2794,2670,7739,5816,7599,5355,6762,7197,4684,5213,1674,2110,1099,1541,299,872,1868,1803,5640,4319,5950,4250,5496,5925,3980,4473,1495,1913,1019,1430,262,807,41773,31323,7109,5792,9054,7373,7098,38,37
2021-08-01T23:59:59+02:00,116,112,2779,2654,7710,5795,7585,5339,6750,7189,4679,5206,1673,2109,1097,1541,299,872,1849,1784,5565,4275,5890,4207,5452,5903,3965,4453,1493,1910,1017,1427,262,807,41683,31037,7097,5764,9053,7352,7051,38,37
2021-07-31T23:59:59+02:00,114,111,2771,2646,7696,5788,7577,5335,6744,7180,4678,5205,1672,2109,1097,1541,299,872,1812,1744,5468,4211,5825,4162,5400,5865,3939,4429,1488,1907,1017,1426,262,807,41644,30564,7095,5752,9053,7348,7022,38,37
2021-07-30T23:59:59+02:00,112,109,2761,2638,7672,5772,7565,5318,6727,7166,4671,5197,1671,2108,1097,1540,299,872,1790,1722,5388,4174,5763,4109,5343,5818,3913,4410,1484,1905,1016,1423,262,807,41567,30211,7083,5727,9053,7337,6968,38,37
2021-07-29T23:59:59+02:00,110,107,2727,2621,7622,5730,7525,5276,6698,7125,4646,5177,1670,2103,1095,1539,299,872,1752,1693,5270,4077,5633,4037,5255,5731,3865,4359,1477,1896,1013,1421,262,807,41364,29646,7068,5673,9047,7298,6833,38,37
2021-07-28T23:59:59+02:00,108,105,2709,2607,7592,5703,7498,5249,6675,7103,4632,5164,1666,2101,1094,1537,298,871,1715,1649,5174,4006,5517,3968,5168,5659,3827,4327,1465,1889,1011,1419,262,806,41191,29092,7058,5614,9043,7257,6790,38,37
2021-07-27T23:59:59+02:00,103,103,2693,2588,7555,5688,7467,5231,6656,7085,4621,5152,1666,2100,1094,1536,297,871,1671,1621,5041,3928,5393,3887,5077,5591,3788,4275,1458,1878,1010,1416,261,806,41077,28518,7042,5533,9042,7214,6715,38,37
2021-07-26T23:59:59+02:00,102,101,2671,2575,7520,5663,7435,5214,6633,7064,4615,5141,1664,2100,1092,1536,297,871,1627,1568,4904,3860,5290,3820,5003,5522,3727,4241,1455,1865,1009,1411,261,805,40940,27948,7020,5463,9039,7165,6660,38,37
2021-07-25T23:59:59+02:00,96,99,2656,2561,7484,5644,7409,5206,6614,7046,4606,5137,1662,2097,1091,1534,297,870,1604,1543,4845,3813,5232,3790,4955,5487,3695,4217,1451,1861,1008,1411,261,805,40808,27664,7012,5431,9037,7132,6611,38,37
2021-07-24T23:59:59+02:00,96,97,2642,2552,7457,5633,7385,5190,6601,7033,4596,5133,1661,2094,1091,1534,297,870,1585,1522,4798,3794,5161,3743,4913,5463,3675,4209,1450,1859,1007,1409,261,804,40733,27471,6990,5344,9036,7132,6560,38,37
2021-07-23T23:59:59+02:00,94,95,2618,2531,7410,5611,7362,5166,6565,7009,4576,5122,1659,2090,1089,1534,297,870,1527,1492,4660,3690,5031,3673,4840,5393,3623,4179,1448,1850,1006,1404,260,804,40567,26824,6983,5317,9034,7111,6466,38,37
2021-07-22T23:59:59+02:00,94,92,2587,2505,7336,5567,7310,5128,6519,6961,4541,5098,1652,2083,1088,1533,297,868,1473,1453,4496,3616,4879,3592,4687,5312,3542,4125,1435,1841,1001,1402,260,803,40266,26171,6960,5177,9023,7044,6354,38,37
2021-07-21T23:59:59+02:00,93,89,2560,2489,7272,5536,7259,5088,6461,6920,4520,5075,1645,2077,1088,1530,297,866,1437,1410,4375,3534,4745,3527,4582,5206,3471,4083,1424,1829,999,1401,260,801,40022,25700,6920,4970,9017,6983,6245,38,36
2021-07-20T23:59:59+02:00,93,89,2540,2467,7221,5503,7223,5060,6424,6880,4493,5056,1641,2073,1088,1529,297,866,1404,1379,4258,3467,4658,3474,4483,5126,3417,4051,1419,1820,998,1400,260,800,39785,25220,6911,4895,9015,6929,6167,38,36
2021-07-19T23:59:59+02:00,92,89,2519,2444,7168,5467,7178,5040,6380,6848,4474,5040,1635,2068,1087,1526,297,865,1381,1353,4184,3419,4573,3440,4408,5064,3381,4023,1413,1814,994,1397,258,799,39510,24903,6900,4772,9013,6889,6125,38,36
2021-07-18T23:59:59+02:00,92,87,2492,2419,7106,5432,7144,5012,6344,6810,4456,5030,1628,2063,1086,1526,296,864,1363,1329,4137,3379,4535,3411,4360,5041,3347,4010,1407,1805,993,1397,258,797,39231,24704,6885,4694,9007,6863,6092,38,35
2021-07-17T23:59:59+02:00,89,85,2480,2405,7087,5419,7126,4996,6325,6796,4435,5019,1624,2062,1086,1525,296,862,1351,1316,4102,3346,4483,3389,4319,5011,3317,3998,1401,1802,993,1395,258,797,39126,24534,6876,4638,9006,6854,6035,38,35
2021-07-16T23:59:59+02:00,89,82,2444,2385,7029,5385,7067,4958,6282,6753,4408,4991,1618,2056,1085,1524,296,862,1308,1289,4005,3292,4391,3348,4237,4956,3255,3951,1388,1793,988,1393,258,796,38948,24187,6854,4606,8998,6789,5834,38,35
2021-07-15T23:59:59+02:00,87,78,2400,2358,6960,5349,7010,4920,6236,6700,4390,4965,1615,2051,1083,1521,294,862,1256,1256,3811,3184,4204,3247,4094,4859,3190,3885,1380,1785,984,1389,256,796,38631,23501,6837,4368,8992,6725,5733,38,35
2021-07-14T23:59:59+02:00,86,75,2365,2342,6895,5318,6940,4886,6182,6654,4368,4942,1607,2045,1081,1519,294,862,1211,1215,3689,3095,4100,3180,3984,4793,3143,3842,1368,1775,983,1386,256,796,38325,22999,6818,4266,8990,6654,5637,38,35
2021-07-13T23:59:59+02:00,82,72,2331,2315,6842,5288,6876,4848,6141,6605,4346,4925,1597,2040,1079,1519,294,862,1179,1176,3583,3006,3977,3109,3896,4704,3091,3784,1339,1768,980,1381,254,794,38006,22499,6811,4132,8987,6553,5563,37,35
2021-07-12T23:59:59+02:00,77,72,2305,2292,6778,5246,6809,4806,6091,6564,4319,4900,1592,2037,1076,1519,294,862,1147,1154,3475,2921,3864,3040,3794,4624,3039,3739,1326,1758,975,1373,254,794,37678,22041,6797,4003,8984,6468,5479,37,34
2021-07-11T23:59:59+02:00,71,70,2292,2280,6744,5222,6781,4784,6063,6546,4309,4892,1589,2032,1074,1519,293,862,1134,1137,3428,2877,3806,3004,3741,4596,3017,3725,1316,1745,972,1369,254,794,37569,21854,6777,3966,8980,6408,5395,37,34
2021-07-10T23:59:59+02:00,70,69,2265,2248,6665,5181,6717,4747,6014,6510,4285,4881,1586,2029,1074,1516,293,861,1113,1117,3372,2837,3758,2975,3704,4566,3000,3713,1310,1738,972,1367,254,794,37324,21673,6752,3965,8966,6394,5260,37,34
2021-07-09T23:59:59+02:00,69,66,2237,2228,6599,5148,6672,4725,5967,6478,4267,4859,1584,2023,1074,1515,293,861,1089,1100,3324,2788,3707,2935,3655,4529,2973,3685,1307,1722,970,1366,254,794,37103,21443,6725,3932,8954,6340,5167,37,34
2021-07-08T23:59:59+02:00,64,63,2189,2187,6512,5080,6575,4674,5902,6413,4230,4824,1577,2014,1072,1511,293,861,1016,1049,3158,2697,3513,2856,3478,4435,2902,3622,1292,1707,967,1357,253,793,36781,20945,6652,3642,8922,6204,4964,37,34
2021-07-07T23:59:59+02:00,64,62,2117,2141,6405,5006,6471,4623,5830,6356,4199,4776,1570,2005,1069,1506,293,861,961,1014,3008,2613,3336,2772,3319,4331,2847,3558,1277,1677,958,1347,253,790,36300,20376,6613,3400,8901,6122,4808,37,34
2021-07-06T23:59:59+02:00,61,62,2070,2103,6298,4956,6381,4576,5776,6289,4159,4741,1563,2000,1066,1501,293,861,924,974,2892,2509,3248,2712,3245,4241,2795,3501,1251,1646,954,1339,253,790,35854,19870,6565,3286,8885,6038,4711,37,34
2021-07-05T23:59:59+02:00,58,62,2004,2063,6162,4887,6266,4538,5707,6231,4120,4704,1558,1993,1064,1499,293,859,882,938,2786,2438,3165,2667,3170,4173,2751,3447,1230,1628,948,1329,253,786,35367,19484,6521,3210,8861,5953,4567,37,33
2021-07-04T23:59:59+02:00,58,61,1962,2020,6081,4846,6228,4509,5665,6210,4103,4682,1555,1991,1064,1497,293,858,842,912,2723,2390,3128,2642,3138,4137,2730,3426,1216,1609,946,1328,252,786,35157,19337,6483,3153,8838,5880,4450,37,33
2021-07-03T23:59:59+02:00,55,49,1865,1942,5865,4683,6076,4424,5581,6124,4056,4649,1553,1987,1063,1493,293,858,804,884,2654,2342,3073,2614,3099,4089,2700,3395,1211,1604,945,1324,252,784,34330,19145,6449,3150,8830,5855,4237,37,33
2021-07-02T23:59:59+02:00,46,42,1828,1905,5792,4642,6032,4396,5561,6097,4041,4631,1552,1980,1061,1492,292,858,782,858,2582,2289,3004,2569,3054,4038,2669,3358,1191,1587,941,1318,252,782,34055,18831,6414,3121,8825,5753,4177,37,33
2021-07-01T23:59:59+02:00,42,35,1780,1870,5688,4569,5950,4345,5482,6030,4014,4601,1549,1974,1060,1491,292,857,708,813,2390,2210,2817,2479,2871,3919,2569,3267,1168,1563,930,1303,252,780,33638,18032,6366,2909,8810,5651,4033,37,33
2021-06-30T23:59:59+02:00,42,33,1729,1818,5569,4490,5850,4296,5422,5982,4000,4576,1545,1966,1058,1488,292,857,673,778,2283,2136,2703,2424,2761,3828,2502,3189,1144,1536,922,1293,251,779,33209,17556,6306,2785,8795,5516,3912,37,33
2021-06-29T23:59:59+02:00,40,31,1669,1737,5458,4408,5749,4237,5371,5923,3971,4546,1537,1961,1057,1487,292,856,642,728,2199,2055,2628,2360,2659,3710,2445,3137,1131,1503,909,1283,251,776,32674,17059,6272,2715,8787,5399,3795,36,33
2021-06-28T23:59:59+02:00,39,30,1633,1681,5337,4345,5684,4186,5323,5882,3942,4521,1534,1952,1056,1485,292,856,629,704,2099,1988,2552,2301,2586,3627,2393,3089,1117,1485,902,1277,251,774,32256,16725,6211,2571,8777,5300,3719,36,33
2021-06-27T23:59:59+02:00,39,29,1603,1653,5286,4306,5641,4155,5277,5868,3930,4509,1531,1948,1056,1484,292,856,612,689,2048,1947,2510,2276,2541,3589,2362,3070,1110,1473,901,1267,251,774,32066,16576,6179,2517,8754,5216,3648,36,33
2021-06-26T23:59:59+02:00,32,25,1574,1627,5216,4258,5549,4112,5236,5835,3911,4494,1531,1946,1056,1482,292,856,605,678,2015,1920,2475,2254,2522,3565,2339,3052,1092,1463,900,1265,251,774,31708,16346,6096,2512,8754,5198,3648,36,33
2021-06-25T23:59:59+02:00,26,19,1535,1589,5113,4184,5494,4085,5199,5811,3887,4484,1528,1944,1054,1481,291,856,596,653,1963,1893,2409,2185,2423,3433,2297,2950,1081,1441,897,1261,250,773,31284,15878,6067,2485,8753,5018,3645,36,33
2021-06-24T23:59:59+02:00,19,15,1483,1537,4931,4073,5363,4030,5097,5767,3847,4457,1524,1940,1054,1480,290,856,560,632,1857,1820,2235,2113,2254,3350,2192,2857,1049,1419,889,1255,249,770,30639,15363,6007,2170,8743,4936,3535,36,33
2021-06-23T23:59:59+02:00,18,15,1450,1493,4845,4018,5283,3974,5048,5723,3825,4422,1515,1934,1051,1477,289,856,529,610,1784,1757,2124,2060,2136,3260,2090,2769,1025,1397,885,1247,247,769,30200,14796,5954,2091,8739,4794,3499,36,33
2021-06-22T23:59:59+02:00,18,15,1422,1475,4772,3954,5198,3926,5003,5678,3799,4399,1510,1928,1050,1475,289,856,513,589,1721,1711,2036,2007,2050,3152,1987,2680,1011,1375,875,1235,247,764,29788,14368,5911,1967,8734,4624,3473,36,32
2021-06-21T23:59:59+02:00,17,15,1392,1435,4653,3863,5117,3882,4935,5616,3769,4378,1506,1915,1048,1470,288,854,497,573,1682,1667,2000,1964,2000,3070,1922,2596,991,1345,853,1215,247,761,29244,14066,5870,1870,8732,4483,3435,36,32
2021-06-20T23:59:59+02:00,16,13,1365,1402,4578,3795,5066,3863,4900,5595,3746,4366,1503,1914,1047,1470,287,854,481,556,1652,1638,1976,1940,1969,3043,1882,2559,983,1330,851,1209,247,760,28947,13887,5833,1832,8719,4421,3401,36,31
2021-06-19T23:59:59+02:00,15,13,1353,1383,4536,3762,5041,3838,4870,5571,3728,4353,1498,1912,1047,1469,287,854,475,552,1633,1617,1957,1914,1954,3019,1857,2522,975,1323,847,1208,245,759,28766,13713,5769,1801,8719,4414,3387,36,31
2021-06-18T23:59:59+02:00,10,9,1330,1366,4464,3720,4990,3794,4819,5535,3703,4341,1494,1909,1045,1467,287,854,459,543,1613,1600,1928,1883,1908,2972,1807,2466,962,1308,845,1204,244,757,28430,13407,5722,1797,8718,4368,3374,36,31
2021-06-17T23:59:59+02:00,7,8,1291,1328,4300,3643,4802,3714,4646,5448,3648,4296,1488,1906,1045,1466,286,854,420,522,1512,1567,1747,1822,1748,2876,1706,2384,941,1290,834,1193,242,755,27818,12938,5668,1692,8711,4283,3081,35,31
2021-06-16T23:59:59+02:00,7,7,1261,1297,4195,3559,4705,3661,4542,5384,3603,4269,1482,1902,1044,1462,286,853,403,500,1449,1529,1687,1789,1666,2790,1647,2308,925,1264,824,1178,242,752,27329,12520,5553,1621,8699,4208,3030,35,31
2021-06-15T23:59:59+02:00,7,7,1226,1264,4057,3475,4634,3602,4465,5313,3560,4237,1472,1895,1039,1460,286,852,390,480,1395,1477,1637,1745,1599,2734,1578,2239,908,1236,819,1167,241,751,26774,12188,5516,1537,8684,4138,2952,35,31
2021-06-14T23:59:59+02:00,7,5,1197,1227,3966,3420,4550,3548,4382,5241,3506,4206,1468,1886,1038,1455,284,850,381,469,1349,1443,1586,1710,1548,2672,1522,2187,898,1213,815,1160,240,748,26302,11935,5422,1467,8680,4053,2898,34,31
2021-06-13T23:59:59+02:00,7,5,1181,1211,3919,3379,4502,3507,4332,5198,3485,4190,1467,1880,1038,1454,284,849,374,461,1316,1425,1549,1685,1509,2635,1488,2146,880,1192,812,1150,240,746,26047,11751,5386,1444,8674,3979,2840,34,31
2021-06-12T23:59:59+02:00,7,4,1166,1183,3889,3358,4472,3484,4314,5182,3470,4180,1465,1877,1037,1453,284,848,369,460,1303,1406,1527,1661,1488,2614,1463,2126,872,1182,802,1147,240,745,25854,11612,5375,1444,8672,3919,2828,34,30
2021-06-11T23:59:59+02:00,6,4,1147,1169,3849,3311,4401,3456,4272,5143,3440,4168,1464,1875,1036,1450,284,847,357,446,1281,1366,1499,1640,1444,2572,1417,2085,862,1168,799,1141,240,744,25550,11371,5346,1436,8668,3841,2806,34,30
2021-06-10T23:59:59+02:00,6,3,1081,1116,3726,3229,4264,3374,4173,5077,3385,4131,1459,1868,1034,1449,284,847,336,429,1216,1327,1432,1581,1380,2501,1330,1986,835,1136,795,1131,239,741,24942,10945,5207,1423,8649,3679,2730,34,29
2021-06-09T23:59:59+02:00,6,1,1031,1079,3582,3123,4126,3313,4082,5000,3337,4088,1455,1862,1032,1446,284,847,318,409,1155,1284,1367,1546,1323,2420,1249,1919,809,1083,788,1117,238,739,24442,10641,5024,1363,8640,3539,2593,34,29
2021-06-08T23:59:59+02:00,5,1,978,1042,3446,3028,4005,3232,3975,4917,3287,4057,1448,1858,1030,1443,283,845,303,389,1109,1245,1311,1513,1267,2364,1202,1846,790,1048,777,1101,234,736,23874,10404,4882,1313,8629,3401,2480,34,28
2021-06-07T23:59:59+02:00,4,1,951,1014,3334,2947,3868,3198,3852,4848,3234,4031,1433,1853,1029,1441,283,844,297,383,1065,1205,1254,1493,1219,2313,1134,1792,777,1028,764,1085,233,732,23476,10236,4696,1277,8622,3272,2343,34,28
2021-06-06T23:59:59+02:00,4,1,928,1003,3274,2912,3790,3150,3784,4819,3203,4015,1431,1847,1026,1440,282,844,289,372,1051,1178,1224,1464,1197,2256,1107,1732,764,1013,757,1077,233,729,23263,10126,4561,1223,8610,3162,2279,34,28
2021-06-05T23:59:59+02:00,4,1,917,985,3206,2852,3735,3121,3749,4795,3193,4011,1430,1845,1026,1440,282,843,283,361,1033,1158,1205,1449,1173,2227,1075,1712,750,990,755,1074,233,729,22985,9963,4555,1219,8606,3121,2243,34,27
2021-06-04T23:59:59+02:00,2,1,890,965,3160,2797,3662,3084,3687,4742,3167,3991,1426,1841,1024,1440,282,843,272,353,1009,1128,1184,1435,1150,2190,1047,1684,735,969,749,1069,233,727,22668,9828,4509,1214,8602,3062,2166,34,27
2021-06-03T23:59:59+02:00,2,1,846,930,3001,2703,3479,2978,3511,4627,3075,3916,1417,1831,1020,1435,282,843,261,343,978,1088,1130,1381,1086,2107,985,1625,697,931,741,1056,233,726,21978,9613,4270,1196,8585,2900,1984,34,27
2021-06-02T23:59:59+02:00,2,1,821,918,2933,2639,3424,2938,3450,4568,3034,3890,1415,1826,1020,1434,282,843,248,334,954,1066,1091,1364,1045,2067,935,1580,684,900,738,1051,233,725,21624,9401,4251,1182,8585,2864,1885,34,27
2021-06-01T23:59:59+02:00,2,1,774,885,2780,2526,3244,2844,3283,4462,2975,3829,1404,1819,1017,1429,282,843,237,320,873,1008,1003,1308,963,1959,886,1503,655,848,732,1042,233,719,21013,9120,4041,1147,8574,2671,1653,34,26
2021-05-31T23:59:59+02:00,2,1,736,857,2656,2437,3105,2748,3177,4373,2922,3777,1399,1807,1016,1425,282,842,224,304,835,966,937,1257,919,1883,846,1444,636,824,726,1037,231,716,20603,8950,3806,1131,8555,2536,1460,34,26
2021-05-30T23:59:59+02:00,2,1,726,845,2599,2392,3042,2710,3127,4334,2905,3756,1395,1801,1016,1424,282,841,214,287,794,925,887,1216,880,1824,824,1390,622,808,722,1028,231,715,20457,8853,3744,1123,8543,2367,1309,34,26
2021-05-29T23:59:59+02:00,2,1,724,843,2580,2376,3019,2698,3108,4318,2897,3747,1394,1800,1016,1424,282,841,210,276,788,912,867,1189,864,1778,810,1358,608,788,720,1023,230,715,20333,8762,3742,1122,8540,2227,1308,34,26
2021-05-28T23:59:59+02:00,2,1,716,831,2542,2335,2974,2671,3085,4295,2887,3732,1394,1797,1014,1419,282,841,206,267,776,895,855,1165,849,1737,779,1318,591,759,716,1015,229,713,20086,8585,3733,1118,8538,2141,1304,34,26
2021-05-27T23:59:59+02:00,2,1,670,808,2415,2274,2841,2601,2942,4219,2803,3683,1385,1785,1013,1417,281,839,191,251,713,842,773,1110,764,1645,715,1236,568,727,707,999,228,711,19596,8383,3600,1080,8505,1883,1103,34,25
2021-05-26T23:59:59+02:00,2,1,636,774,2305,2203,2678,2536,2818,4155,2752,3633,1375,1774,1011,1410,279,834,182,230,671,802,727,1076,722,1577,676,1178,553,701,689,966,227,708,19179,8162,3354,1070,8478,1745,973,34,25
2021-05-25T23:59:59+02:00,2,1,614,756,2212,2141,2577,2493,2720,4074,2705,3596,1364,1766,1008,1406,279,832,173,217,648,773,692,1041,684,1519,628,1117,536,683,671,939,226,706,18813,7954,3175,1035,8436,1610,919,33,22
2021-05-24T23:59:59+02:00,2,1,599,734,2154,2099,2502,2460,2651,4020,2648,3554,1351,1758,1002,1405,279,831,168,209,626,755,665,1009,650,1463,602,1065,519,669,664,935,226,706,18624,7864,2993,1024,8402,1489,819,33,21
2021-05-23T23:59:59+02:00,2,1,595,733,2136,2085,2489,2446,2641,4005,2637,3541,1348,1756,1002,1403,279,831,167,208,621,747,657,1003,635,1450,595,1058,516,662,659,929,225,703,18505,7786,2990,1019,8402,1478,818,33,20
2021-05-22T23:59:59+02:00,2,1,588,720,2111,2063,2453,2424,2621,3973,2605,3513,1340,1752,1002,1401,279,830,165,201,612,744,652,993,623,1444,590,1052,506,654,653,916,225,703,18259,7724,2989,1019,8400,1444,809,33,20
2021-05-21T23:59:59+02:00,2,1,575,704,2022,2026,2367,2371,2552,3926,2565,3467,1333,1739,1000,1399,279,829,165,198,606,735,642,984,611,1432,575,1032,495,629,646,910,225,701,17772,7642,2962,1018,8382,1383,806,33,20
2021-05-20T23:59:59+02:00,2,1,543,683,1895,1955,2236,2293,2424,3827,2486,3385,1318,1723,998,1394,279,827,156,187,573,697,610,945,581,1374,551,970,471,600,641,901,225,700,17128,7522,2837,1007,8308,1170,737,33,20
2021-05-19T23:59:59+02:00,2,1,507,648,1784,1871,2089,2220,2284,3728,2382,3290,1301,1704,991,1391,277,827,142,180,548,673,577,909,550,1322,525,911,457,580,631,878,224,698,16362,7374,2768,991,8266,1069,618,33,20
2021-05-18T23:59:59+02:00,2,0,479,627,1705,1795,1987,2163,2175,3609,2290,3200,1290,1685,984,1384,277,823,135,171,524,644,554,877,534,1245,506,850,441,555,624,864,223,695,15850,7258,2602,953,8209,957,515,33,20
2021-05-17T23:59:59+02:00,2,0,459,613,1648,1759,1934,2112,2100,3498,2234,3125,1272,1665,977,1377,277,821,129,163,507,630,546,839,523,1184,492,797,424,526,622,856,223,693,15551,7187,2452,923,8143,858,420,33,20
2021-05-16T23:59:59+02:00,2,0,454,612,1622,1733,1898,2085,2060,3449,2181,3069,1258,1656,975,1373,277,820,125,161,498,610,535,823,510,1138,475,760,398,497,620,851,223,692,15379,7136,2383,895,8102,771,343,33,20
2021-05-15T23:59:59+02:00,2,0,449,607,1596,1715,1879,2065,2038,3425,2157,3032,1250,1655,974,1371,276,820,124,158,494,609,534,820,505,1134,469,751,395,495,617,849,223,692,15177,7106,2382,894,8094,760,338,31,20
2021-05-14T23:59:59+02:00,2,0,432,593,1565,1682,1836,2024,1959,3357,2115,2987,1242,1645,972,1371,274,820,122,153,489,593,515,795,486,1102,455,735,379,479,612,844,223,690,14809,7047,2342,878,8073,656,316,31,20
2021-05-13T23:59:59+02:00,1,0,408,573,1506,1630,1732,1972,1842,3271,2050,2896,1218,1628,965,1369,272,816,117,150,477,586,506,779,480,1088,442,723,363,454,602,819,223,686,14375,6969,2116,840,8017,621,287,31,20
2021-05-12T23:59:59+02:00,1,0,401,568,1486,1621,1717,1963,1817,3248,2035,2882,1216,1622,961,1367,272,816,117,148,474,586,505,773,477,1083,440,717,358,442,601,813,223,685,14246,6927,2092,831,8010,620,285,30,20
2021-05-11T23:59:59+02:00,1,0,383,549,1415,1584,1616,1922,1708,3155,1932,2810,1202,1598,956,1358,272,816,110,139,459,554,484,745,458,1050,412,696,339,414,591,807,223,685,13847,6831,1927,802,7899,525,223,30,20
2021-05-10T23:59:59+02:00,1,0,368,534,1370,1552,1561,1889,1636,3089,1874,2743,1195,1584,952,1352,272,813,110,136,453,549,475,724,450,1028,407,675,330,401,589,802,223,684,13576,6785,1843,794,7776,474,198,30,19
2021-05-09T23:59:59+02:00,1,0,362,523,1325,1527,1528,1869,1592,3053,1813,2702,1182,1571,950,1348,272,812,106,133,446,539,465,716,440,1018,397,664,320,390,584,798,223,683,13338,6749,1787,783,7727,423,178,30,18
2021-05-08T23:59:59+02:00,1,0,356,519,1311,1506,1499,1849,1570,3029,1783,2681,1175,1563,947,1347,271,812,105,133,445,539,463,715,439,1013,397,658,319,389,580,790,223,683,13131,6735,1781,777,7724,411,177,30,18
2021-05-07T23:59:59+02:00,1,0,345,512,1283,1478,1445,1830,1507,2969,1735,2632,1169,1555,946,1342,271,809,102,130,433,525,450,690,427,978,381,634,316,370,567,777,223,681,12862,6687,1752,754,7659,310,141,30,16
2021-05-06T23:59:59+02:00,1,0,322,499,1188,1434,1333,1774,1367,2855,1603,2539,1138,1524,945,1331,271,807,99,125,420,509,439,672,414,955,368,615,306,353,555,765,223,679,12373,6627,1566,737,7438,225,115,28,15
2021-05-05T23:59:59+02:00,1,0,308,484,1148,1402,1288,1734,1301,2786,1525,2460,1121,1501,939,1316,271,802,98,121,409,498,435,660,406,945,363,598,289,342,537,746,223,678,11958,6556,1503,717,7372,176,107,28,13
2021-05-04T23:59:59+02:00,1,0,299,474,1102,1371,1249,1708,1256,2740,1473,2400,1105,1471,934,1306,270,798,94,118,400,486,432,653,395,926,355,581,276,327,526,726,223,678,11638,6481,1442,690,7329,138,95,28,12
2021-05-03T23:59:59+02:00,1,0,293,467,1071,1347,1214,1690,1226,2706,1432,2361,1089,1444,928,1300,269,793,87,113,388,480,423,645,388,918,345,573,264,319,510,710,222,676,11396,6404,1418,683,7289,116,65,28,11
2021-05-02T23:59:59+02:00,1,0,288,466,1057,1333,1181,1673,1201,2688,1420,2339,1080,1430,926,1299,269,790,85,112,381,474,419,640,383,911,342,570,259,311,492,700,222,676,11267,6366,1403,666,7255,102,48,27,10
2021-05-01T23:59:59+02:00,1,0,284,461,1048,1325,1169,1660,1187,2675,1403,2322,1074,1425,923,1297,269,789,85,111,381,473,418,640,381,907,342,569,257,311,492,700,222,676,11134,6358,1402,666,7254,99,47,27,10
2021-04-30T23:59:59+02:00,1,0,280,452,1037,1301,1149,1641,1159,2615,1350,2268,1061,1410,918,1293,269,786,83,109,380,468,414,633,379,882,338,559,252,305,490,695,222,675,10843,6344,1397,657,7251,72,17,27,9
2021-04-29T23:59:59+02:00,1,0,265,438,984,1271,1110,1601,1113,2559,1258,2198,1019,1367,913,1284,268,784,83,105,375,466,410,628,371,870,329,550,244,296,479,685,221,671,10375,6285,1358,636,7190,49,16,26,9
2021-04-28T23:59:59+02:00,1,0,254,432,968,1253,1083,1587,1079,2518,1193,2145,988,1315,905,1282,268,782,79,103,369,462,406,619,368,862,325,537,230,281,469,673,221,670,10089,6221,1309,603,7138,35,15,26,9
2021-04-27T23:59:59+02:00,1,0,250,422,949,1237,1064,1575,1053,2495,1171,2118,964,1281,899,1278,268,779,77,100,364,458,404,614,366,858,320,531,227,273,459,654,220,669,9897,6172,1282,578,7103,29,15,22,8
2021-04-26T23:59:59+02:00,1,0,247,416,941,1228,1054,1560,1026,2478,1123,2070,945,1263,892,1271,267,778,77,100,360,452,404,611,362,855,319,526,222,265,449,645,220,669,9726,6139,1267,554,7038,27,15,22,8
2021-04-25T23:59:59+02:00,1,0,247,414,932,1215,1038,1553,1009,2461,1095,2042,923,1240,889,1264,267,778,76,99,359,445,401,610,361,851,318,526,221,260,444,637,220,668,9600,6123,1243,538,6991,19,15,22,8
2021-04-24T23:59:59+02:00,1,0,243,408,918,1203,1025,1538,996,2443,1067,2026,912,1217,886,1261,267,778,76,99,359,445,400,610,361,849,317,523,220,259,443,634,220,668,9438,6117,1243,530,6968,19,15,21,8
2021-04-23T23:59:59+02:00,1,0,241,398,907,1189,1016,1527,980,2426,1014,1983,892,1194,883,1254,267,775,75,97,359,445,400,609,360,847,314,520,216,253,440,629,220,668,9289,6098,1231,518,6876,19,15,21,7
2021-04-22T23:59:59+02:00,1,0,238,388,884,1166,992,1505,951,2385,971,1923,862,1155,874,1242,267,772,75,96,357,439,395,602,356,838,312,514,211,247,431,619,219,666,9026,6045,1182,503,6809,12,15,21,7
2021-04-21T23:59:59+02:00,1,0,233,383,862,1147,966,1490,916,2350,927,1877,830,1105,866,1228,267,768,74,94,355,438,393,599,352,833,308,506,210,242,422,604,218,663,8739,5997,1158,484,6753,12,15,21,7
2021-04-20T23:59:59+02:00,1,0,226,378,845,1121,948,1470,892,2301,887,1825,785,1043,854,1211,266,766,74,94,353,437,390,595,346,828,306,500,206,234,410,585,217,663,8465,5940,1090,469,6691,11,15,21,7
2021-04-19T23:59:59+02:00,1,0,223,368,827,1109,935,1450,876,2270,859,1791,759,1012,850,1204,265,763,73,93,352,434,384,590,343,818,302,490,206,229,400,568,215,658,8288,5881,1074,447,6625,9,14,20,7
2021-04-18T23:59:59+02:00,1,0,222,364,819,1099,923,1442,855,2250,841,1774,734,973,847,1198,264,760,72,91,349,434,384,590,342,815,302,487,205,225,394,565,215,658,8168,5862,1048,438,6566,9,14,20,7
2021-04-17T23:59:59+02:00,1,0,221,361,816,1096,916,1441,848,2245,837,1768,718,949,845,1192,264,760,72,88,347,430,382,590,339,811,301,483,203,220,388,558,215,657,8104,5820,1047,436,6542,9,14,20,7
2021-04-16T23:59:59+02:00,1,0,220,360,806,1091,903,1423,832,2223,807,1731,677,892,835,1182,263,757,68,86,345,423,379,588,331,798,295,470,191,204,385,549,212,654,7915,5752,1032,398,6468,8,14,19,6
2021-04-15T23:59:59+02:00,1,0,219,353,783,1074,885,1409,808,2177,768,1694,646,847,827,1163,263,753,66,85,342,416,374,583,324,791,288,467,183,198,369,529,210,649,7698,5673,1023,372,6355,7,14,18,6
2021-04-14T23:59:59+02:00,1,0,218,346,772,1065,876,1396,793,2142,751,1666,610,807,798,1117,263,749,63,81,337,413,370,578,322,782,280,459,173,182,354,506,208,644,7484,5582,1008,340,6280,7,14,16,6
2021-04-13T23:59:59+02:00,1,0,214,341,762,1060,866,1385,784,2117,723,1640,564,756,777,1083,262,745,61,79,330,408,361,574,315,775,275,454,170,178,341,493,207,641,7333,5523,961,310,6186,5,14,15,6
2021-04-12T23:59:59+02:00,1,0,212,340,758,1055,859,1372,758,2097,706,1623,534,728,766,1066,262,743,60,75,318,399,357,568,311,768,268,448,163,173,333,481,206,635,7242,5446,939,284,6097,5,14,13,6
2021-04-11T23:59:59+02:00,0,0,209,338,750,1045,852,1366,746,2081,696,1607,519,705,758,1042,261,740,58,73,313,397,354,566,309,765,267,443,158,166,326,478,204,633,7184,5401,920,274,6007,5,14,12,6
2021-04-10T23:59:59+02:00,0,0,209,336,750,1042,849,1364,737,2073,687,1600,513,691,751,1028,260,740,54,66,287,381,334,550,297,751,252,435,150,159,322,464,203,631,7131,5229,913,266,5980,5,13,12,6
2021-04-09T23:59:59+02:00,0,0,209,333,746,1039,837,1341,729,1991,671,1516,477,631,731,1008,257,736,45,63,274,369,318,538,281,737,241,422,141,154,300,443,199,622,7020,5040,890,258,5731,5,10,11,6
2021-04-08T23:59:59+02:00,0,0,207,329,741,1032,826,1332,715,1971,653,1497,433,573,704,985,255,733,43,61,265,353,304,527,267,723,226,406,131,138,285,426,197,605,6909,4857,851,247,5614,5,9,11,6
2021-04-07T23:59:59+02:00,0,0,202,325,731,1025,813,1317,699,1944,635,1464,395,531,674,946,252,729,40,58,246,340,294,520,260,709,218,394,116,128,267,406,192,596,6779,4688,817,238,5466,5,9,11,5
2021-04-06T23:59:59+02:00,0,0,200,323,723,1020,799,1301,680,1921,607,1438,375,495,649,915,251,727,38,57,245,336,290,518,250,705,213,388,111,123,259,386,188,586,6690,4618,790,218,5318,4,9,10,5
2021-04-05T23:59:59+02:00,0,0,200,322,720,1014,793,1289,672,1905,601,1423,358,472,632,892,251,726,38,56,245,332,289,513,246,699,209,387,111,119,245,366,185,580,6650,4559,779,203,5210,4,8,10,5
2021-04-04T23:59:59+02:00,0,0,199,319,717,1005,788,1278,663,1887,594,1404,348,461,629,888,251,726,37,55,245,331,288,513,246,699,208,387,109,119,238,354,182,578,6627,4529,775,202,5125,4,7,10,5
2021-04-03T23:59:59+02:00,0,0,199,319,715,1005,786,1276,662,1883,587,1402,340,455,626,881,251,725,37,55,245,331,288,513,246,698,208,385,109,119,237,352,182,576,6594,4521,775,202,5111,4,7,10,5
2021-04-02T23:59:59+02:00,0,0,199,317,715,1004,785,1273,658,1876,583,1392,331,446,616,871,251,724,37,54,242,330,286,511,244,690,203,380,107,118,231,333,181,563,6549,4451,770,199,5088,4,7,9,5
2021-04-01T23:59:59+02:00,0,0,196,314,710,990,773,1260,653,1856,567,1373,319,422,586,838,250,718,35,53,233,324,284,508,243,683,201,376,100,115,217,307,177,542,6462,4345,728,191,4996,4,7,9,5
2021-03-31T23:59:59+02:00,0,0,192,311,702,983,764,1246,643,1812,557,1334,310,411,566,791,249,715,35,53,232,323,280,506,240,681,195,372,95,112,203,281,175,521,6395,4259,686,184,4864,4,6,9,5
2021-03-30T23:59:59+02:00,0,0,189,305,697,972,759,1226,631,1773,548,1290,300,395,540,755,248,715,35,52,230,319,276,503,239,676,192,367,92,110,194,263,172,507,6319,4184,652,179,4729,4,6,9,5
2021-03-29T23:59:59+02:00,0,0,185,300,691,955,754,1214,622,1742,539,1252,296,381,511,718,246,708,35,51,228,318,275,501,238,671,190,360,89,109,185,251,167,495,6213,4125,630,173,4626,4,6,9,5
2021-03-28T23:59:59+02:00,0,0,178,284,683,947,747,1205,618,1720,536,1237,294,367,484,694,244,706,35,50,226,318,272,495,234,668,189,357,86,107,178,241,164,494,6170,4082,596,167,4530,4,6,9,5
2021-03-27T23:59:59+01:00,0,0,178,281,678,941,742,1201,612,1709,534,1229,289,359,478,684,244,705,35,50,226,318,272,495,233,662,186,353,85,106,174,234,160,484,6131,4047,588,161,4494,4,6,9,5
2021-03-26T23:59:59+01:00,0,0,174,278,667,929,734,1186,601,1692,526,1205,282,349,474,670,242,702,35,50,226,318,271,493,233,661,179,340,81,98,160,218,152,472,6068,3962,570,161,4418,4,4,9,5
2021-03-25T23:59:59+01:00,0,0,170,276,659,916,713,1162,585,1656,516,1165,275,337,458,646,241,698,35,50,222,313,269,492,227,658,179,339,74,98,144,201,149,448,5995,3876,554,154,4265,4,4,9,5
2021-03-24T23:59:59+01:00,0,0,168,267,648,903,705,1147,576,1619,504,1135,266,324,441,621,238,695,35,50,221,311,266,490,225,658,175,337,72,95,132,195,141,414,5922,3803,531,147,4140,3,4,9,5
2021-03-23T23:59:59+01:00,0,0,165,264,639,890,692,1135,565,1597,492,1097,260,312,423,605,233,691,34,50,219,310,264,488,220,653,173,333,69,92,125,188,132,389,5870,3728,514,142,4010,3,4,9,5
2021-03-22T23:59:59+01:00,0,0,161,256,620,869,673,1116,554,1565,479,1073,256,302,412,590,232,685,34,50,218,308,261,486,219,646,172,331,69,88,119,180,117,359,5814,3648,490,139,3869,2,4,9,5
2021-03-21T23:59:59+01:00,0,0,157,254,612,862,669,1112,550,1541,473,1040,251,295,399,584,230,681,34,50,215,308,260,484,218,645,170,329,68,85,117,179,113,356,5795,3627,477,135,3765,2,3,7,4
2021-03-20T23:59:59+01:00,0,0,155,254,604,858,664,1108,544,1537,470,1038,248,288,387,570,228,679,34,50,215,308,259,484,217,643,170,325,67,84,114,175,109,350,5762,3602,472,133,3722,2,3,7,4
2021-03-19T23:59:59+01:00,0,0,145,242,599,840,653,1102,540,1520,458,1025,234,266,372,544,222,670,32,50,214,307,258,484,215,635,169,322,64,82,107,165,104,329,5685,3536,433,132,3634,2,2,7,4
2021-03-18T23:59:59+01:00,0,0,140,236,582,824,635,1068,522,1470,444,979,218,251,359,523,219,653,32,50,213,304,256,476,215,630,167,315,64,79,98,157,98,314,5603,3473,401,123,3432,2,2,7,4
2021-03-17T23:59:59+01:00,0,0,133,230,570,805,622,1061,517,1457,435,961,206,238,341,505,216,647,32,49,213,302,255,474,215,629,167,314,64,79,94,152,93,303,5507,3438,374,123,3369,2,2,5,4
2021-03-16T23:59:59+01:00,0,0,129,223,555,790,605,1050,505,1417,423,936,199,223,321,471,212,635,32,48,213,299,255,468,213,628,166,313,60,79,89,147,91,283,5417,3391,340,119,3236,2,1,5,4
2021-03-15T23:59:59+01:00,0,0,123,216,540,775,596,1027,496,1385,407,899,193,215,307,447,211,629,31,48,212,296,255,465,212,627,164,313,59,77,83,142,89,268,5328,3348,310,118,3121,2,0,5,4
2021-03-14T23:59:59+01:00,0,0,118,203,528,758,582,1006,487,1343,394,856,184,204,297,436,204,625,31,48,212,294,254,464,211,622,163,308,58,77,82,139,87,265,5264,3333,296,107,2953,2,0,5,4
2021-03-13T23:59:59+01:00,0,0,114,191,500,732,552,979,462,1319,373,838,167,195,289,424,203,622,31,48,212,294,254,464,210,622,163,307,58,77,79,135,76,250,5071,3296,290,107,2870,2,0,5,4
2021-03-12T23:59:59+01:00,0,0,103,184,473,707,533,951,441,1280,351,807,151,183,265,397,202,602,31,48,212,293,254,463,210,622,163,306,54,76,76,129,74,244,4849,3269,284,107,2755,2,0,5,3
2021-03-11T23:59:59+01:00,0,0,95,177,441,661,496,915,404,1206,330,754,137,161,243,354,197,580,31,47,211,290,249,459,208,618,160,304,54,74,72,123,72,232,4613,3239,276,87,2500,2,0,5,2
2021-03-10T23:59:59+01:00,0,0,92,167,418,639,479,897,389,1168,314,717,122,145,227,324,192,549,31,47,209,285,245,454,205,612,160,302,51,73,68,121,69,221,4443,3197,266,75,2364,2,0,5,2
2021-03-09T23:59:59+01:00,0,0,92,162,407,612,449,868,374,1124,305,685,117,137,215,306,186,537,31,47,208,282,242,446,203,608,156,298,51,71,66,119,62,212,4360,3155,250,65,2187,2,0,5,2
2021-03-08T23:59:59+01:00,0,0,89,155,392,595,431,851,365,1072,297,648,112,128,201,286,182,524,31,47,208,278,239,441,198,604,150,294,49,70,61,116,61,211,4282,3127,234,49,2029,1,0,5,1
2021-03-07T23:59:59+01:00,0,0,85,151,387,583,423,835,355,1058,295,642,110,128,194,273,180,523,31,47,207,277,239,439,197,603,150,294,49,70,59,115,60,210,4237,3118,224,47,1974,0,0,5,1
2021-03-06T23:59:59+01:00,0,0,84,144,385,576,416,812,347,1007,286,611,109,127,188,265,178,518,31,47,207,277,238,438,197,602,150,294,49,70,57,115,59,205,4205,3113,224,41,1834,0,0,5,1
2021-03-05T23:59:59+01:00,0,0,83,139,380,564,411,804,346,991,277,587,103,117,174,245,169,505,31,47,206,275,237,437,196,600,149,292,49,70,55,114,59,197,4119,3098,215,33,1764,0,0,5,1
2021-03-04T23:59:59+01:00,0,0,80,125,369,528,393,770,328,945,267,560,93,116,155,220,163,481,31,47,204,269,235,431,194,588,146,291,47,70,55,114,59,196,4020,3059,198,32,1575,0,0,5,1
2021-03-03T23:59:59+01:00,0,0,73,115,360,510,384,752,324,924,258,542,91,113,145,212,155,447,31,46,204,269,234,429,191,579,146,285,47,70,54,113,59,196,3949,3036,192,29,1460,0,0,5,1
2021-03-02T23:59:59+01:00,0,0,70,112,349,495,368,735,316,905,252,520,89,110,137,204,146,420,30,46,204,269,234,423,186,572,144,282,47,70,54,111,59,195,3869,3007,186,29,1362,0,0,5,1
2021-03-01T23:59:59+01:00,0,0,69,110,343,481,361,714,308,881,246,492,88,108,130,194,128,385,30,45,203,268,232,414,184,564,144,279,47,70,54,110,58,195,3784,2977,181,29,1257,0,0,5,1
2021-02-28T23:59:59+01:00,0,0,69,108,336,472,358,706,306,857,241,474,84,100,128,190,124,381,30,45,202,267,231,414,184,564,144,279,47,70,54,110,58,194,3760,2973,176,29,1179,0,0,5,1
2021-02-27T23:59:59+01:00,0,0,66,99,330,466,353,700,300,846,238,465,82,98,127,184,117,370,30,45,202,266,231,413,183,563,143,278,47,70,54,110,58,194,3727,2972,170,24,1122,0,0,5,1
2021-02-26T23:59:59+01:00,0,0,64,94,322,442,327,665,280,815,228,444,80,94,119,174,113,351,30,44,202,265,231,411,182,560,140,276,47,70,54,110,58,192,3672,2957,169,24,943,0,0,5,0
2021-02-25T23:59:59+01:00,0,0,57,83,309,421,316,635,274,788,216,422,75,94,110,167,108,337,30,44,200,262,227,408,180,552,135,275,47,68,52,108,56,192,3619,2929,163,16,795,0,0,5,0
2021-02-24T23:59:59+01:00,0,0,53,76,302,408,308,620,269,772,213,414,74,94,106,163,102,327,29,44,198,261,224,395,178,544,133,270,45,67,50,108,56,192,3585,2891,158,10,720,0,0,5,0
2021-02-23T23:59:59+01:00,0,0,49,67,289,389,298,601,263,754,208,406,70,92,100,159,100,303,28,44,197,259,222,390,177,538,129,267,45,67,50,104,56,190,3531,2862,153,7,621,0,0,5,0
2021-02-22T23:59:59+01:00,0,0,47,64,284,377,294,591,261,745,206,402,67,89,92,152,98,289,28,42,194,257,219,377,169,528,126,264,45,67,49,104,55,190,3485,2814,145,4,582,0,0,4,0
2021-02-21T23:59:59+01:00,0,0,46,63,279,371,291,581,256,737,201,398,66,87,91,150,96,287,28,41,193,255,218,374,169,519,126,263,45,67,49,103,54,189,3475,2791,142,4,535,0,0,3,0
2021-02-20T23:59:59+01:00,0,0,45,63,277,370,291,578,255,731,201,392,65,87,88,146,85,272,28,41,193,255,218,374,169,519,124,262,45,67,48,103,54,187,3440,2785,141,4,514,0,0,3,0
2021-02-19T23:59:59+01:00,0,0,44,63,274,365,285,556,244,705,199,380,62,85,85,138,83,265,28,40,193,255,217,373,169,518,124,262,45,67,47,102,53,185,3411,2776,140,4,427,0,0,2,0
2021-02-18T23:59:59+01:00,0,0,42,60,256,341,277,535,236,684,185,355,61,81,83,133,81,255,27,39,189,247,214,367,165,503,123,252,45,65,46,100,49,181,3382,2709,131,4,294,0,0,2,0
2021-02-17T23:59:59+01:00,0,0,42,58,249,336,275,520,230,671,182,335,59,79,79,131,78,245,25,38,185,241,207,353,161,487,120,241,41,63,46,98,48,178,3334,2626,131,3,240,0,0,2,0
2021-02-16T23:59:59+01:00,0,0,41,53,236,321,271,509,224,657,177,328,57,78,76,129,71,236,22,38,176,232,199,334,155,475,116,229,41,59,37,84,42,169,3295,2501,128,3,175,0,0,2,0
2021-02-15T23:59:59+01:00,0,0,40,53,231,318,264,496,221,652,173,322,55,78,71,125,70,235,21,36,169,225,194,326,149,464,112,222,38,56,37,78,39,161,3268,2420,127,3,143,0,0,2,0
2021-02-14T23:59:59+01:00,0,0,37,53,228,314,262,489,218,646,173,318,55,76,68,125,69,231,20,36,167,221,190,321,148,452,111,220,38,56,36,77,37,154,3257,2376,116,3,122,0,0,2,0
2021-02-13T23:59:59+01:00,0,0,36,53,228,314,260,489,218,645,173,318,55,76,67,125,69,230,20,36,166,220,187,321,147,450,110,217,37,56,35,76,35,150,3253,2356,116,1,120,0,0,2,0
2021-02-12T23:59:59+01:00,0,0,35,51,226,309,257,480,214,634,170,315,55,75,66,125,69,229,20,36,165,217,186,320,146,448,108,216,35,55,35,72,32,141,3244,2325,116,1,81,0,0,2,0
2021-02-11T23:59:59+01:00,0,0,34,50,218,288,250,463,207,610,158,304,53,74,65,123,69,224,20,34,149,197,179,289,137,402,103,197,31,54,32,62,30,127,3207,2128,94,1,18,0,0,2,0
2021-02-10T23:59:59+01:00,0,0,34,49,215,280,248,456,203,601,156,299,50,74,64,123,68,222,18,31,138,173,165,251,117,353,96,175,27,52,31,60,27,116,3175,1904,84,1,8,0,0,2,0
2021-02-09T23:59:59+01:00,0,0,33,48,214,277,246,446,198,593,152,296,50,74,64,121,68,222,18,29,121,146,149,231,104,311,91,150,22,47,30,48,23,104,3153,1690,69,1,4,0,0,2,0
2021-02-08T23:59:59+01:00,0,0,33,48,213,275,240,431,195,580,148,291,48,74,64,120,68,222,16,28,104,123,127,192,85,272,86,140,15,45,24,41,22,89,3114,1469,53,1,4,0,0,2,0
2021-02-07T23:59:59+01:00,0,0,33,47,210,274,238,430,195,577,148,291,48,74,63,119,68,222,15,22,99,114,120,181,80,253,82,131,15,44,23,35,22,84,3106,1377,50,1,0,0,0,2,0
2021-02-06T23:59:59+01:00,0,0,33,47,210,274,238,429,195,577,148,290,47,74,62,119,67,217,12,18,98,113,119,177,78,246,82,129,14,43,23,32,20,83,3103,1341,43,1,0,0,0,2,0
2021-02-05T23:59:59+01:00,0,0,32,46,210,274,238,428,194,575,146,289,47,74,62,119,67,207,10,15,89,105,115,173,77,242,81,121,13,41,23,28,18,80,3090,1282,35,0,0,0,0,2,0
2021-02-04T23:59:59+01:00,0,0,32,46,207,271,233,424,189,569,144,286,47,72,62,117,67,206,9,11,61,73,92,128,66,204,64,102,12,36,20,24,16,71,3053,1029,35,0,0,0,0,2,0
2021-02-03T23:59:59+01:00,0,0,32,45,207,270,232,412,187,563,143,283,47,71,61,116,67,205,6,6,45,55,71,105,50,156,54,74,9,17,16,18,11,54,3025,777,32,0,0,0,0,2,0
2021-02-02T23:59:59+01:00,0,0,31,45,206,268,228,406,186,557,140,282,46,71,59,113,65,202,4,3,29,39,55,75,39,100,43,51,7,14,11,13,7,36,2987,546,32,0,0,0,0,2,0
2021-02-01T23:59:59+01:00,0,0,30,43,204,268,224,401,183,551,137,275,46,70,58,112,65,202,4,1,23,21,29,44,26,61,26,28,4,9,8,9,6,21,2951,331,32,0,0,0,0,1,0
2021-01-31T23:59:59+01:00,0,0,30,43,203,266,222,396,181,543,136,275,46,70,57,112,64,201,4,1,21,16,20,36,20,49,20,24,4,6,6,8,5,19,2926,268,31,0,0,0,0,1,0
2021-01-30T23:59:59+01:00,0,0,30,43,203,266,222,395,180,543,136,275,46,70,56,112,64,198,4,1,20,15,18,36,18,45,19,23,4,5,6,7,5,18,2921,252,30,0,0,0,0,1,0
2021-01-29T23:59:59+01:00,0,0,30,43,203,264,221,394,179,542,134,273,46,70,55,111,63,197,4,0,17,9,13,29,16,39,15,21,4,4,5,7,5,17,2911,211,26,0,0,0,0,0,0
2021-01-28T23:59:59+01:00,0,0,30,42,195,261,220,389,178,533,131,269,46,70,53,110,59,195,4,0,5,3,7,16,9,21,9,9,2,2,3,3,1,17,2875,114,18,0,0,0,0,0,0
2021-01-27T23:59:59+01:00,0,0,29,41,192,255,216,379,176,520,128,260,43,68,53,109,58,193,1,0,3,3,6,14,8,18,8,9,2,2,2,3,1,13,2812,95,14,0,0,0,0,0,0
2021-01-26T23:59:59+01:00,0,0,26,41,189,243,210,366,172,502,125,252,43,64,47,101,53,185,1,0,2,3,6,14,8,18,8,9,2,2,2,3,1,10,2713,91,11,0,0,0,0,0,0
2021-01-25T23:59:59+01:00,0,0,26,40,180,240,207,356,169,493,122,242,42,62,46,98,48,183,1,0,1,3,4,12,7,15,8,9,2,2,2,1,1,8,2653,78,4,0,0,0,0,0,0
2021-01-24T23:59:59+01:00,0,0,25,39,178,237,204,355,168,491,122,241,42,62,44,95,47,182,1,0,1,3,3,12,7,15,8,9,2,2,2,1,1,8,2631,77,3,0,0,0,0,0,0
2021-01-23T23:59:59+01:00,0,0,25,39,178,237,202,355,168,490,122,241,42,62,44,94,47,180,1,0,1,3,3,11,7,15,7,9,2,2,2,1,1,8,2625,75,3,0,0,0,0,0,0
2021-01-22T23:59:59+01:00,0,0,24,38,177,233,201,355,168,489,121,241,42,62,44,94,45,173,1,0,1,3,3,11,7,15,7,9,2,2,2,1,1,8,2606,75,3,0,0,0,0,0,0
2021-01-21T23:59:59+01:00,0,0,21,37,168,224,195,338,164,467,119,228,41,62,40,86,44,170,1,0,1,3,1,6,6,10,5,5,2,2,2,0,1,7,2498,54,3,0,0,0,0,0,0
2021-01-20T23:59:59+01:00,0,0,20,35,154,198,179,297,135,411,109,207,36,59,37,82,40,156,1,0,1,3,1,6,6,9,5,4,2,2,2,0,1,7,2239,52,2,0,0,0,0,0,0
2021-01-19T23:59:59+01:00,0,0,20,32,129,169,163,265,126,368,105,186,26,53,30,68,35,142,1,0,1,3,1,5,4,7,3,3,1,0,2,0,0,4,1991,36,2,0,0,0,0,0,0
2021-01-18T23:59:59+01:00,0,0,17,32,114,148,140,224,109,320,98,162,23,50,27,56,31,120,1,0,1,1,0,2,3,5,2,3,0,0,1,0,0,4,1740,24,2,0,0,0,0,0,0
2021-01-17T23:59:59+01:00,0,0,16,22,109,133,132,211,100,295,94,153,23,45,27,51,29,108,1,0,0,0,0,1,1,4,2,2,0,0,1,0,0,1,1610,13,2,0,0,0,0,0,0
2021-01-16T23:59:59+01:00,0,0,14,19,106,131,130,206,97,285,93,147,20,44,26,45,25,104,0,0,0,0,0,0,0,0,0,0,0,0,0,0,0,0,1553,0,0,0,0,0,0,0,0
2021-01-15T23:59:59+01:00,0,0,11,17,100,122,126,201,95,276,93,137,19,43,26,40,23,101,0,0,0,0,0,0,0,0,0,0,0,0,0,0,0,0,1487,0,0,0,0,0,0,0,0
2021-01-14T23:59:59+01:00,0,0,9,13,76,90,107,165,79,232,81,122,14,38,23,33,22,88,0,0,0,0,0,0,0,0,0,0,0,0,0,0,0,0,1238,0,0,0,0,0,0,0,0
2021-01-13T23:59:59+01:00,0,0,7,12,62,80,94,136,73,188,75,97,14,24,19,25,20,68,0,0,0,0,0,0,0,0,0,0,0,0,0,0,0,0,1033,0,0,0,0,0,0,0,0
2021-01-12T23:59:59+01:00,0,0,5,8,50,62,76,106,66,133,62,75,10,19,15,21,12,51,0,0,0,0,0,0,0,0,0,0,0,0,0,0,0,0,804,0,0,0,0,0,0,0,0
2021-01-11T23:59:59+01:00,0,0,4,6,44,49,63,81,51,105,47,55,9,15,8,12,9,28,0,0,0,0,0,0,0,0,0,0,0,0,0,0,0,0,610,0,0,0,0,0,0,0,0
2021-01-10T23:59:59+01:00,0,0,4,6,40,38,48,67,38,84,39,47,7,10,6,11,8,24,0,0,0,0,0,0,0,0,0,0,0,0,0,0,0,0,492,0,0,0,0,0,0,0,0
2021-01-09T23:59:59+01:00,0,0,4,5,37,37,43,64,35,76,36,43,7,9,6,10,8,23,0,0,0,0,0,0,0,0,0,0,0,0,0,0,0,0,456,0,0,0,0,0,0,0,0
2021-01-08T23:59:59+01:00,0,0,4,5,30,28,37,56,27,63,30,38,6,6,4,9,7,21,0,0,0,0,0,0,0,0,0,0,0,0,0,0,0,0,381,0,0,0,0,0,0,0,0
2021-01-07T23:59:59+01:00,0,0,4,2,11,3,10,18,11,27,8,18,5,3,3,4,3,20,0,0,0,0,0,0,0,0,0,0,0,0,0,0,0,0,153,0,0,0,0,0,0,0,0
2021-01-06T23:59:59+01:00,0,0,4,0,4,3,5,15,8,21,7,10,3,3,2,4,3,17,0,0,0,0,0,0,0,0,0,0,0,0,0,0,0,0,112,0,0,0,0,0,0,0,0
2021-01-05T23:59:59+01:00,0,0,2,0,2,3,5,14,8,19,7,9,3,2,2,4,2,16,0,0,0,0,0,0,0,0,0,0,0,0,0,0,0,0,101,0,0,0,0,0,0,0,0
2021-01-04T23:59:59+01:00,0,0,1,0,2,3,5,13,7,17,7,9,2,2,2,2,2,10,0,0,0,0,0,0,0,0,0,0,0,0,0,0,0,0,86,0,0,0,0,0,0,0,0
2021-01-03T23:59:59+01:00,0,0,1,0,1,3,4,13,7,17,7,9,2,2,2,2,2,10,0,0,0,0,0,0,0,0,0,0,0,0,0,0,0,0,84,0,0,0,0,0,0,0,0
2021-01-02T23:59:59+01:00,0,0,1,0,1,3,4,13,6,17,6,9,2,2,2,2,2,10,0,0,0,0,0,0,0,0,0,0,0,0,0,0,0,0,82,0,0,0,0,0,0,0,0
2021-01-01T23:59:59+01:00,0,0,1,0,1,3,4,13,6,17,6,9,2,2,2,2,2,10,0,0,0,0,0,0,0,0,0,0,0,0,0,0,0,0,82,0,0,0,0,0,0,0,0
2020-12-31T23:59:59+01:00,0,0,1,0,1,3,4,12,6,17,6,9,2,2,2,2,2,10,0,0,0,0,0,0,0,0,0,0,0,0,0,0,0,0,81,0,0,0,0,0,0,0,0
2020-12-30T23:59:59+01:00,0,0,1,0,1,3,4,12,6,16,6,9,2,2,2,2,2,10,0,0,0,0,0,0,0,0,0,0,0,0,0,0,0,0,80,0,0,0,0,0,0,0,0
2020-12-29T23:59:59+01:00,0,0,1,0,1,3,3,8,4,13,4,7,1,1,2,1,0,8,0,0,0,0,0,0,0,0,0,0,0,0,0,0,0,0,58,0,0,0,0,0,0,0,0
2020-12-28T23:59:59+01:00,0,0,1,0,1,1,1,1,2,6,3,4,1,0,1,0,0,4,0,0,0,0,0,0,0,0,0,0,0,0,0,0,0,0,27,0,0,0,0,0,0,0,0
2020-12-27T23:59:59+01:00,0,0,1,0,0,0,0,1,1,6,1,2,0,0,1,0,0,2,0,0,0,0,0,0,0,0,0,0,0,0,0,0,0,0,15,0,0,0,0,0,0,0,0
