Datum,<15_1_m,<15_1_w,15-24_1_m,15-24_1_w,25-34_1_m,25-34_1_w,35-44_1_m,35-44_1_w,45-54_1_m,45-54_1_w,55-64_1_m,55-64_1_w,65-74_1_m,65-74_1_w,75-84_1_m,75-84_1_w,>84_1_m,>84_1_w,<15_2_m,<15_2_w,15-24_2_m,15-24_2_w,25-34_2_m,25-34_2_w,35-44_2_m,35-44_2_w,45-54_2_m,45-54_2_w,55-64_2_m,55-64_2_w,65-74_2_m,65-74_2_w,75-84_2_m,75-84_2_w,>84_2_m,>84_2_w,bp_1,bp_2,mo_1,mo_2,az_1,az_2,ja,unb_1,unb_2
2021-10-26T23:59:59+02:00,245,224,4253,3669,10218,7178,9654,6608,8315,8793,5479,6096,1877,2330,1178,1620,320,914,185,166,3610,3148,9094,6409,8758,5984,7649,8009,5099,5663,1755,2199,1106,1532,281,842,50943,44949,7753,7078,9185,7909,12760,47,46
2021-10-25T23:59:59+02:00,243,224,4245,3663,10202,7169,9633,6596,8300,8775,5476,6094,1876,2329,1178,1620,320,914,185,166,3609,3147,9081,6401,8742,5974,7639,7993,5095,5662,1754,2199,1106,1532,281,842,50874,44913,7752,7077,9185,7909,12716,47,46
2021-10-24T23:59:59+02:00,240,223,4231,3648,10166,7152,9603,6577,8283,8754,5472,6086,1874,2329,1177,1620,320,914,184,165,3593,3134,9059,6392,8724,5964,7629,7981,5091,5657,1753,2199,1106,1531,281,842,50734,44841,7748,7072,9185,7907,12672,47,46
2021-10-23T23:59:59+02:00,239,223,4225,3642,10146,7149,9592,6570,8279,8747,5471,6082,1874,2329,1177,1620,320,914,184,165,3590,3131,9053,6391,8718,5961,7624,7980,5090,5656,1753,2199,1106,1531,281,842,50678,44826,7747,7070,9185,7907,12659,47,46
2021-10-22T23:59:59+02:00,238,220,4195,3627,10107,7129,9570,6557,8252,8716,5459,6062,1874,2328,1177,1620,320,914,183,164,3579,3125,9028,6378,8697,5954,7612,7970,5081,5645,1753,2196,1106,1530,281,842,50496,44746,7741,7065,9185,7907,12613,47,46
2021-10-21T23:59:59+02:00,234,219,4167,3607,10028,7106,9527,6520,8217,8669,5453,6040,1873,2324,1176,1619,320,914,180,163,3547,3102,8976,6359,8668,5935,7583,7946,5066,5632,1752,2193,1104,1529,281,842,50236,44573,7727,7053,9185,7905,12534,47,46
2021-10-20T23:59:59+02:00,233,217,4152,3588,10008,7090,9500,6504,8193,8652,5447,6029,1871,2321,1176,1619,320,914,178,162,3531,3087,8947,6339,8641,5922,7565,7933,5058,5623,1749,2191,1104,1527,281,840,50093,44435,7723,7044,9185,7903,12503,46,46
2021-10-19T23:59:59+02:00,230,216,4137,3577,9990,7085,9470,6492,8178,8640,5442,6022,1870,2320,1176,1619,320,913,174,161,3515,3070,8930,6323,8625,5909,7553,7919,5049,5614,1748,2186,1103,1526,281,840,49985,44307,7715,7041,9185,7903,12482,46,46
2021-10-18T23:59:59+02:00,230,214,4124,3569,9973,7075,9451,6481,8166,8629,5438,6010,1869,2316,1175,1618,320,913,174,161,3504,3057,8915,6309,8613,5901,7544,7910,5048,5604,1746,2184,1103,1526,281,838,49878,44223,7712,7032,9185,7903,12465,46,46
2021-10-17T23:59:59+02:00,230,212,4109,3564,9963,7066,9439,6477,8156,8626,5436,6006,1868,2316,1175,1617,319,912,174,158,3492,3050,8905,6306,8607,5896,7534,7902,5046,5600,1745,2180,1101,1526,281,838,49815,44160,7706,7029,9185,7903,12453,46,46
2021-10-16T23:59:59+02:00,230,212,4104,3562,9958,7064,9437,6476,8154,8623,5435,6005,1867,2316,1174,1616,319,912,174,157,3490,3048,8901,6304,8607,5895,7532,7900,5046,5600,1745,2180,1101,1526,281,838,49795,44152,7705,7028,9185,7902,12447,46,46
2021-10-15T23:59:59+02:00,226,211,4087,3554,9940,7054,9422,6468,8144,8608,5428,5999,1866,2316,1174,1616,319,912,174,155,3477,3042,8887,6293,8594,5890,7524,7893,5039,5596,1745,2180,1101,1525,281,838,49701,44085,7701,7026,9185,7902,12424,46,46
2021-10-14T23:59:59+02:00,225,211,4069,3543,9909,7034,9401,6450,8120,8588,5419,5990,1866,2313,1174,1615,318,911,172,149,3453,3029,8853,6266,8561,5862,7499,7880,5028,5586,1744,2175,1098,1525,281,838,49570,43916,7692,7010,9185,7900,12376,46,46
2021-10-13T23:59:59+02:00,222,210,4052,3535,9890,7020,9384,6438,8109,8574,5411,5983,1864,2312,1174,1613,318,911,170,149,3438,3021,8825,6248,8544,5851,7481,7870,5021,5580,1744,2175,1097,1524,281,838,49471,43813,7688,7004,9185,7900,12343,46,46
2021-10-12T23:59:59+02:00,220,209,4041,3528,9869,7006,9362,6428,8097,8558,5402,5974,1863,2310,1173,1613,318,911,168,147,3430,3007,8801,6229,8520,5836,7467,7857,5006,5569,1740,2170,1096,1523,281,838,49360,43668,7682,6999,9185,7899,12322,46,46
2021-10-11T23:59:59+02:00,218,207,4020,3522,9845,7000,9340,6416,8088,8541,5398,5964,1862,2309,1173,1613,318,911,166,147,3414,2996,8765,6217,8493,5816,7449,7837,4999,5560,1739,2169,1096,1523,281,838,49264,43532,7673,6987,9185,7899,12290,46,46
2021-10-10T23:59:59+02:00,217,205,4009,3515,9832,6989,9332,6405,8077,8532,5394,5956,1862,2309,1172,1613,318,911,164,147,3405,2993,8746,6211,8479,5808,7436,7834,4993,5553,1738,2168,1096,1522,281,838,49192,43460,7667,6984,9185,7899,12271,46,46
2021-10-09T23:59:59+02:00,217,205,4008,3514,9828,6989,9320,6398,8074,8530,5392,5956,1862,2308,1172,1613,318,911,164,146,3403,2986,8744,6209,8469,5799,7432,7833,4990,5552,1738,2168,1096,1522,281,838,49174,43438,7667,6980,9185,7898,12256,46,46
2021-10-08T23:59:59+02:00,215,204,3995,3505,9806,6979,9307,6387,8060,8515,5387,5953,1860,2307,1172,1613,318,911,164,146,3395,2973,8718,6199,8455,5791,7427,7816,4981,5550,1734,2166,1095,1521,281,838,49090,43353,7665,6979,9185,7898,12221,46,46
2021-10-07T23:59:59+02:00,213,202,3969,3490,9767,6959,9264,6377,8037,8494,5381,5947,1859,2302,1172,1613,318,911,163,144,3363,2946,8672,6177,8426,5778,7404,7787,4962,5540,1731,2161,1095,1520,281,838,48930,43165,7660,6959,9185,7898,12166,46,46
2021-10-06T23:59:59+02:00,211,201,3959,3483,9739,6941,9249,6371,8029,8486,5374,5939,1857,2299,1172,1611,318,910,162,144,3348,2932,8650,6164,8408,5769,7396,7771,4960,5529,1729,2158,1095,1519,281,838,48836,43066,7656,6953,9185,7896,12138,46,46
2021-10-05T23:59:59+02:00,211,199,3942,3471,9722,6923,9227,6357,8012,8464,5366,5934,1856,2297,1172,1610,318,910,161,144,3331,2917,8626,6153,8382,5751,7377,7745,4950,5522,1727,2154,1094,1517,281,838,48727,42937,7654,6945,9185,7896,12091,46,46
2021-10-04T23:59:59+02:00,211,198,3917,3458,9691,6907,9190,6341,7996,8454,5360,5925,1854,2296,1171,1605,318,908,161,144,3317,2907,8600,6132,8345,5739,7357,7720,4941,5507,1726,2152,1094,1516,280,838,48605,42807,7646,6940,9184,7896,12031,46,46
2021-10-03T23:59:59+02:00,211,198,3895,3445,9663,6892,9176,6331,7982,8442,5358,5917,1852,2294,1170,1604,318,908,161,144,3299,2901,8569,6121,8334,5730,7348,7707,4936,5501,1724,2149,1094,1515,280,838,48516,42738,7641,6937,9184,7893,11981,46,46
2021-10-02T23:59:59+02:00,211,198,3891,3442,9661,6890,9173,6330,7980,8442,5355,5915,1851,2293,1170,1604,318,908,161,144,3296,2901,8565,6120,8332,5730,7343,7706,4935,5497,1723,2148,1094,1515,280,838,48504,42726,7638,6937,9184,7891,11972,46,46
2021-10-01T23:59:59+02:00,210,197,3878,3437,9639,6884,9161,6322,7967,8432,5351,5906,1848,2291,1170,1604,318,907,159,140,3278,2889,8546,6111,8317,5718,7334,7695,4929,5490,1721,2148,1093,1515,280,838,48438,42648,7635,6933,9184,7887,11931,46,46
2021-09-30T23:59:59+02:00,209,195,3845,3414,9590,6862,9125,6297,7939,8406,5334,5892,1845,2288,1169,1604,318,906,157,139,3256,2863,8498,6082,8284,5697,7315,7664,4914,5476,1720,2142,1093,1515,280,837,48261,42507,7627,6908,9184,7883,11830,46,46
2021-09-29T23:59:59+02:00,207,193,3822,3398,9543,6845,9108,6275,7926,8379,5325,5886,1843,2285,1168,1602,318,905,157,139,3236,2853,8463,6075,8268,5674,7304,7643,4904,5464,1720,2140,1093,1514,280,837,48122,42415,7620,6900,9184,7878,11765,46,46
2021-09-28T23:59:59+02:00,205,193,3806,3386,9504,6819,9076,6263,7901,8345,5316,5869,1842,2278,1168,1601,318,903,154,138,3217,2841,8437,6050,8245,5662,7279,7615,4895,5452,1720,2134,1093,1513,280,836,47982,42308,7615,6895,9184,7877,11674,46,46
2021-09-27T23:59:59+02:00,203,193,3782,3371,9468,6790,9051,6238,7884,8315,5302,5857,1838,2267,1167,1601,317,902,154,137,3192,2832,8394,6023,8216,5634,7257,7586,4882,5443,1717,2125,1093,1512,280,835,47858,42175,7601,6892,9184,7873,11565,46,46
2021-09-26T23:59:59+02:00,201,193,3770,3362,9449,6777,9040,6230,7871,8303,5298,5852,1833,2266,1165,1600,317,902,153,136,3180,2825,8373,6018,8205,5623,7243,7579,4874,5433,1713,2125,1093,1511,280,834,47792,42114,7596,6888,9183,7869,11520,46,46
2021-09-25T23:59:59+02:00,200,192,3763,3361,9439,6772,9036,6226,7866,8301,5296,5851,1833,2265,1165,1599,317,902,153,135,3173,2822,8365,6014,8201,5620,7240,7574,4873,5430,1712,2124,1092,1508,280,834,47773,42094,7593,6885,9183,7867,11497,46,46
2021-09-24T23:59:59+02:00,199,190,3744,3349,9407,6758,9021,6214,7843,8281,5288,5839,1832,2263,1165,1598,317,902,152,134,3159,2809,8339,5999,8189,5608,7218,7559,4866,5421,1712,2120,1092,1508,280,834,47682,42030,7591,6879,9183,7867,11415,46,46
2021-09-23T23:59:59+02:00,197,188,3707,3332,9345,6724,8968,6167,7801,8233,5268,5819,1826,2256,1163,1595,317,902,151,133,3136,2795,8286,5970,8140,5569,7176,7513,4847,5403,1703,2116,1091,1506,280,834,47517,41920,7580,6871,9183,7863,11186,46,46
2021-09-22T23:59:59+02:00,194,188,3686,3317,9318,6699,8940,6147,7767,8219,5252,5809,1824,2253,1162,1595,317,902,149,130,3113,2786,8257,5946,8115,5554,7146,7493,4832,5397,1700,2109,1089,1506,280,833,47390,41799,7575,6867,9181,7857,11100,46,46
2021-09-21T23:59:59+02:00,192,184,3665,3302,9289,6676,8893,6124,7734,8192,5237,5798,1823,2253,1162,1595,317,902,148,130,3089,2772,8220,5919,8070,5539,7110,7461,4815,5377,1698,2108,1088,1505,280,833,47256,41643,7568,6860,9181,7857,10988,46,46
2021-09-20T23:59:59+02:00,190,184,3638,3285,9249,6661,8856,6102,7698,8159,5230,5783,1819,2251,1162,1595,317,900,148,127,3068,2747,8177,5901,8030,5515,7075,7432,4807,5357,1695,2106,1087,1504,279,833,47121,41501,7565,6854,9180,7852,10864,46,46
2021-09-19T23:59:59+02:00,189,183,3621,3276,9219,6653,8842,6096,7692,8148,5222,5776,1818,2248,1161,1593,317,899,146,127,3061,2740,8148,5887,8011,5508,7060,7416,4799,5349,1694,2102,1086,1503,279,832,47057,41433,7558,6845,9180,7846,10807,46,46
2021-09-18T23:59:59+02:00,188,183,3617,3273,9213,6651,8835,6093,7688,8146,5220,5775,1818,2248,1161,1593,317,899,145,127,3054,2738,8138,5884,8000,5504,7054,7414,4795,5344,1694,2102,1086,1502,279,832,47041,41391,7556,6844,9179,7846,10791,46,46
2021-09-17T23:59:59+02:00,188,182,3598,3264,9175,6635,8806,6079,7669,8133,5211,5766,1817,2243,1159,1593,317,899,145,126,3038,2730,8097,5868,7970,5492,7031,7403,4787,5335,1694,2100,1085,1502,279,832,46948,41309,7549,6832,9177,7843,10708,46,46
2021-09-16T23:59:59+02:00,188,181,3572,3236,9120,6609,8758,6052,7632,8099,5191,5753,1815,2238,1157,1593,317,898,145,125,3026,2717,8057,5842,7937,5467,7010,7378,4773,5328,1692,2099,1085,1502,278,831,46735,41190,7524,6823,9176,7835,10620,46,46
2021-09-15T23:59:59+02:00,186,181,3548,3222,9087,6592,8728,6027,7605,8078,5185,5734,1812,2234,1154,1593,316,897,142,125,3009,2713,8031,5829,7910,5440,6977,7359,4757,5312,1690,2096,1085,1499,276,828,46584,41058,7518,6816,9176,7834,10544,46,46
2021-09-14T23:59:59+02:00,185,180,3528,3201,9044,6571,8682,5999,7578,8047,5173,5717,1810,2230,1153,1592,315,897,142,123,2989,2697,7990,5805,7869,5421,6951,7335,4742,5296,1689,2096,1084,1496,276,827,46423,40925,7508,6807,9176,7831,10436,46,46
2021-09-13T23:59:59+02:00,183,179,3513,3185,9004,6548,8652,5979,7560,8015,5158,5700,1808,2226,1153,1592,315,896,140,121,2975,2687,7958,5790,7852,5408,6942,7313,4733,5291,1688,2093,1084,1495,276,827,46258,40826,7488,6802,9175,7828,10384,46,46
2021-09-12T23:59:59+02:00,183,178,3495,3181,8979,6537,8641,5970,7549,7999,5150,5691,1807,2225,1152,1589,315,895,139,120,2960,2678,7932,5775,7842,5397,6925,7297,4729,5282,1684,2092,1084,1495,276,826,46172,40742,7486,6796,9175,7820,10341,46,46
2021-09-11T23:59:59+02:00,183,178,3492,3179,8971,6532,8637,5968,7548,7997,5147,5689,1806,2224,1151,1589,315,895,138,120,2958,2677,7923,5772,7838,5394,6924,7292,4728,5280,1684,2092,1084,1495,276,826,46155,40727,7484,6794,9173,7820,10325,46,46
2021-09-10T23:59:59+02:00,182,174,3463,3172,8945,6512,8619,5954,7522,7976,5134,5669,1802,2221,1150,1589,315,895,137,117,2943,2671,7898,5749,7820,5379,6901,7272,4713,5261,1683,2091,1084,1493,276,826,46068,40663,7481,6789,9173,7819,10207,46,46
2021-09-09T23:59:59+02:00,180,171,3443,3151,8898,6484,8583,5929,7500,7937,5118,5658,1799,2218,1150,1589,315,895,135,116,2928,2659,7864,5721,7793,5358,6878,7242,4700,5246,1682,2087,1084,1493,276,826,45891,40548,7473,6778,9173,7810,10115,46,45
2021-09-08T23:59:59+02:00,179,170,3423,3136,8864,6472,8557,5900,7481,7908,5103,5641,1795,2216,1149,1587,315,894,133,114,2911,2647,7821,5703,7757,5334,6850,7206,4688,5224,1681,2086,1083,1493,275,826,45784,40417,7464,6769,9170,7806,10002,46,45
2021-09-07T23:59:59+02:00,178,168,3402,3130,8846,6446,8528,5879,7460,7888,5088,5630,1795,2214,1148,1586,315,891,131,113,2894,2636,7792,5679,7732,5311,6832,7180,4675,5212,1678,2082,1082,1492,275,826,45652,40286,7461,6759,9170,7802,9937,46,45
2021-09-06T23:59:59+02:00,178,168,3382,3121,8815,6425,8503,5868,7440,7863,5079,5617,1791,2204,1146,1586,314,891,131,113,2875,2624,7765,5665,7707,5301,6815,7152,4668,5198,1672,2080,1082,1492,275,826,45521,40177,7459,6756,9169,7801,9869,46,45
2021-09-05T23:59:59+02:00,178,167,3367,3116,8806,6416,8491,5858,7438,7853,5072,5606,1788,2203,1146,1586,314,890,131,112,2864,2622,7749,5652,7696,5287,6808,7145,4658,5191,1669,2079,1082,1491,275,826,45466,40122,7457,6747,9168,7800,9830,46,45
2021-09-04T23:59:59+02:00,178,166,3362,3114,8803,6410,8484,5856,7435,7852,5072,5605,1787,2203,1146,1586,314,890,130,112,2859,2617,7745,5644,7689,5287,6803,7143,4657,5190,1666,2078,1081,1491,275,826,45449,40098,7457,6744,9168,7798,9815,46,45
2021-09-03T23:59:59+02:00,176,164,3348,3095,8769,6400,8465,5839,7417,7837,5059,5590,1784,2200,1146,1585,314,888,129,109,2841,2602,7716,5630,7668,5269,6784,7121,4644,5170,1662,2077,1081,1489,275,824,45364,40012,7446,6721,9168,7797,9722,46,45
2021-09-02T23:59:59+02:00,176,162,3325,3076,8719,6375,8424,5818,7396,7811,5046,5572,1779,2195,1144,1584,313,887,128,108,2824,2589,7666,5609,7634,5251,6759,7094,4635,5149,1658,2072,1079,1487,275,821,45230,39902,7435,6711,9166,7794,9592,46,44
2021-09-01T23:59:59+02:00,173,162,3308,3064,8679,6360,8397,5806,7376,7793,5034,5565,1778,2192,1143,1581,313,887,125,106,2808,2581,7620,5585,7601,5234,6731,7071,4623,5136,1655,2070,1078,1484,275,821,45117,39758,7422,6690,9166,7792,9523,46,44
2021-08-31T23:59:59+02:00,171,161,3292,3055,8635,6336,8377,5795,7358,7772,5027,5556,1775,2190,1142,1580,312,886,123,106,2793,2570,7576,5564,7579,5216,6707,7043,4611,5117,1651,2068,1077,1484,274,821,45014,39641,7417,6681,9166,7778,9436,46,44
2021-08-30T23:59:59+02:00,170,161,3265,3037,8595,6309,8334,5771,7321,7741,5014,5540,1771,2188,1141,1580,312,886,123,105,2763,2556,7529,5541,7542,5197,6673,7022,4600,5098,1647,2066,1076,1484,274,820,44856,39513,7416,6671,9165,7776,9310,46,44
2021-08-29T23:59:59+02:00,169,160,3253,3020,8568,6301,8315,5763,7313,7731,5006,5531,1770,2185,1141,1580,311,886,123,102,2740,2536,7495,5532,7523,5179,6660,7008,4589,5093,1645,2065,1075,1483,273,820,44784,39410,7410,6660,9165,7771,9251,46,44
2021-08-28T23:59:59+02:00,168,160,3246,3019,8562,6298,8310,5761,7306,7728,5006,5529,1770,2184,1141,1579,311,886,123,101,2734,2531,7489,5527,7518,5177,6655,7004,4586,5092,1645,2065,1075,1482,273,820,44765,39386,7410,6659,9165,7771,9231,46,44
2021-08-27T23:59:59+02:00,166,160,3236,3016,8544,6286,8288,5753,7286,7718,4994,5521,1770,2184,1141,1578,311,886,123,100,2721,2526,7471,5519,7497,5164,6640,6996,4576,5084,1645,2065,1074,1480,273,820,44701,39324,7409,6658,9164,7770,9169,46,44
2021-08-26T23:59:59+02:00,166,159,3210,3003,8505,6263,8252,5739,7263,7696,4980,5510,1768,2181,1141,1577,311,885,121,97,2698,2503,7431,5492,7449,5136,6605,6968,4552,5069,1639,2059,1074,1479,273,820,44562,39135,7402,6639,9164,7750,9079,46,44
2021-08-25T23:59:59+02:00,162,157,3187,2994,8467,6246,8217,5724,7238,7672,4967,5488,1764,2178,1141,1575,311,885,118,94,2661,2485,7380,5453,7400,5100,6568,6931,4535,5042,1638,2054,1073,1478,273,820,44449,38901,7396,6631,9164,7743,8960,46,44
2021-08-24T23:59:59+02:00,162,156,3182,2985,8448,6231,8198,5706,7222,7651,4957,5477,1761,2177,1140,1573,311,883,117,94,2642,2465,7347,5424,7367,5078,6542,6905,4519,5025,1638,2052,1072,1478,273,819,44373,38739,7392,6621,9164,7739,8884,46,44
2021-08-23T23:59:59+02:00,161,149,3158,2965,8402,6210,8154,5684,7192,7621,4943,5464,1761,2176,1138,1572,311,882,116,93,2616,2444,7301,5386,7327,5061,6507,6872,4504,5008,1634,2051,1072,1477,272,819,44231,38580,7381,6609,9161,7733,8757,46,44
2021-08-22T23:59:59+02:00,159,149,3146,2955,8387,6191,8139,5676,7172,7610,4936,5458,1760,2175,1137,1572,311,882,115,93,2602,2429,7268,5364,7303,5048,6487,6853,4499,4999,1631,2046,1071,1477,271,818,44154,38449,7373,6598,9161,7730,8711,46,44
2021-08-21T23:59:59+02:00,158,149,3138,2951,8376,6183,8129,5674,7167,7605,4934,5452,1759,2175,1137,1571,311,882,110,92,2593,2421,7250,5351,7283,5038,6475,6846,4491,4991,1630,2044,1070,1477,271,818,44107,38370,7370,6571,9161,7728,8694,46,44
2021-08-20T23:59:59+02:00,157,147,3128,2942,8351,6167,8098,5655,7148,7585,4922,5440,1757,2172,1137,1570,311,880,108,90,2564,2406,7206,5316,7248,5009,6440,6810,4475,4971,1624,2040,1069,1474,271,816,44037,38202,7361,6534,9160,7719,8588,46,44
2021-08-19T23:59:59+02:00,156,144,3108,2929,8308,6141,8059,5636,7128,7558,4909,5422,1751,2169,1136,1568,311,879,105,85,2518,2387,7125,5265,7188,4973,6393,6752,4445,4939,1620,2036,1069,1473,271,816,43907,37875,7349,6504,9158,7708,8472,46,44
2021-08-18T23:59:59+02:00,155,142,3095,2922,8282,6124,8029,5623,7096,7540,4897,5413,1746,2167,1136,1568,310,878,103,83,2492,2370,7059,5231,7132,4938,6351,6719,4422,4916,1615,2032,1067,1472,271,816,43797,37637,7344,6452,9157,7700,8397,46,44
2021-08-17T23:59:59+02:00,155,142,3078,2911,8259,6097,8001,5610,7082,7518,4886,5401,1743,2165,1135,1567,309,878,98,79,2465,2350,7002,5185,7089,4903,6323,6679,4404,4896,1607,2026,1066,1468,270,816,43676,37367,7338,6417,9156,7694,8338,46,44
2021-08-16T23:59:59+02:00,153,141,3067,2900,8238,6080,7982,5604,7070,7503,4873,5388,1742,2164,1134,1567,309,878,91,77,2434,2322,6929,5142,7021,4867,6275,6636,4373,4869,1605,2024,1063,1467,270,816,43587,36998,7333,6403,9156,7682,8286,46,44
2021-08-15T23:59:59+02:00,152,140,3059,2886,8211,6070,7966,5591,7052,7489,4868,5378,1740,2161,1134,1566,309,878,81,74,2402,2284,6869,5112,6983,4839,6233,6606,4360,4857,1601,2018,1062,1465,270,816,43493,36712,7326,6381,9155,7677,8245,46,44
2021-08-14T23:59:59+02:00,151,140,3053,2879,8199,6066,7957,5590,7051,7487,4864,5376,1738,2160,1134,1565,309,878,81,73,2393,2276,6842,5100,6970,4829,6225,6593,4341,4848,1598,2015,1062,1463,270,815,43472,36618,7325,6368,9155,7676,8214,46,44
2021-08-13T23:59:59+02:00,151,139,3039,2875,8179,6057,7947,5577,7037,7476,4856,5369,1738,2156,1133,1564,309,878,81,71,2357,2254,6796,5070,6931,4802,6184,6565,4330,4833,1597,2011,1061,1463,270,815,43407,36381,7324,6353,9155,7675,8160,46,44
2021-08-12T23:59:59+02:00,149,134,3021,2866,8148,6034,7917,5559,7015,7452,4842,5355,1736,2154,1130,1562,309,878,80,70,2319,2219,6708,5021,6879,4765,6137,6516,4305,4803,1594,2008,1058,1462,270,815,43305,36070,7316,6325,9153,7653,8052,44,44
2021-08-11T23:59:59+02:00,147,131,3005,2849,8108,6009,7897,5549,6993,7431,4831,5341,1734,2152,1130,1561,308,878,78,67,2292,2188,6626,4965,6804,4724,6080,6454,4284,4764,1589,2000,1058,1460,270,813,43181,35655,7305,6294,9148,7646,7984,44,44
2021-08-10T23:59:59+02:00,147,130,2986,2839,8077,5996,7871,5530,6964,7416,4813,5332,1731,2152,1130,1559,308,877,77,62,2220,2132,6515,4906,6718,4655,5991,6388,4237,4739,1579,1992,1056,1458,270,812,43075,35059,7295,6270,9145,7632,7905,44,44
2021-08-09T23:59:59+02:00,144,130,2966,2832,8047,5975,7847,5520,6940,7397,4804,5321,1730,2151,1130,1559,308,876,74,61,2158,2074,6414,4835,6621,4612,5921,6332,4209,4706,1573,1982,1055,1457,270,812,42990,34575,7288,6219,9145,7609,7813,44,44
2021-08-08T23:59:59+02:00,144,129,2953,2825,8031,5965,7831,5508,6930,7389,4798,5317,1727,2151,1130,1559,308,876,74,60,2133,2047,6354,4799,6580,4585,5882,6309,4197,4689,1564,1978,1054,1455,270,812,42935,34343,7285,6174,9141,7601,7768,44,44
2021-08-07T23:59:59+02:00,143,128,2946,2818,8011,5952,7817,5501,6924,7379,4793,5312,1725,2151,1129,1559,308,876,71,53,2102,2026,6276,4750,6525,4551,5849,6271,4180,4675,1560,1977,1054,1452,270,812,42877,34027,7280,6146,9141,7591,7732,44,44
2021-08-06T23:59:59+02:00,143,127,2935,2810,7984,5941,7786,5479,6904,7358,4782,5298,1720,2149,1129,1558,308,876,64,50,2063,1991,6179,4677,6451,4516,5809,6233,4159,4654,1557,1973,1053,1449,270,812,42815,33683,7263,6118,9141,7574,7625,44,44
2021-08-05T23:59:59+02:00,142,126,2911,2793,7960,5922,7749,5459,6881,7336,4763,5275,1716,2146,1127,1554,308,875,58,46,2023,1944,6052,4569,6343,4456,5740,6169,4122,4614,1550,1965,1050,1447,270,812,42686,33197,7255,6031,9139,7517,7515,44,44
2021-08-04T23:59:59+02:00,139,122,2869,2773,7892,5891,7712,5434,6853,7304,4745,5260,1712,2142,1124,1553,308,875,58,41,1965,1912,5930,4503,6221,4403,5674,6102,4094,4576,1540,1958,1045,1444,270,811,42477,32711,7242,5980,9139,7484,7390,44,44
2021-08-03T23:59:59+02:00,137,121,2854,2755,7865,5879,7676,5418,6831,7278,4733,5247,1708,2141,1123,1550,308,875,55,41,1932,1882,5832,4441,6115,4351,5605,6044,4054,4535,1535,1951,1044,1442,270,811,42344,32239,7237,5936,9138,7460,7318,44,44
2021-08-02T23:59:59+02:00,137,121,2831,2732,7834,5857,7652,5406,6809,7261,4716,5236,1707,2137,1122,1550,307,875,54,40,1908,1847,5708,4349,6003,4290,5538,5990,4009,4501,1529,1938,1043,1439,269,810,42207,31678,7230,5895,9137,7442,7252,44,44
2021-08-01T23:59:59+02:00,137,120,2816,2716,7805,5836,7638,5390,6797,7253,4710,5229,1706,2136,1120,1550,307,875,48,38,1888,1828,5633,4305,5943,4246,5494,5968,3994,4481,1527,1935,1041,1436,269,810,42116,31388,7218,5867,9136,7421,7205,44,44
2021-07-31T23:59:59+02:00,135,119,2808,2708,7791,5829,7630,5386,6791,7244,4709,5227,1705,2135,1120,1550,307,875,45,28,1850,1786,5535,4241,5878,4199,5442,5930,3968,4457,1522,1932,1041,1435,269,810,42075,30907,7216,5855,9136,7417,7176,44,44
2021-07-30T23:59:59+02:00,133,117,2798,2700,7766,5813,7618,5369,6774,7230,4702,5219,1704,2134,1120,1549,307,875,41,27,1828,1764,5455,4204,5814,4146,5385,5883,3942,4438,1518,1930,1040,1432,269,810,41997,30552,7204,5829,9136,7406,7122,44,44
2021-07-29T23:59:59+02:00,131,115,2763,2683,7714,5771,7578,5326,6745,7190,4677,5199,1703,2129,1118,1548,307,875,36,24,1789,1735,5333,4106,5684,4072,5295,5798,3893,4387,1511,1921,1037,1430,269,810,41795,29981,7189,5774,9130,7367,6982,44,44
2021-07-28T23:59:59+02:00,129,113,2744,2669,7684,5744,7551,5299,6722,7168,4663,5185,1699,2127,1117,1546,306,874,35,21,1752,1689,5236,4035,5568,4001,5209,5725,3855,4354,1499,1914,1035,1428,269,809,41621,29422,7179,5714,9126,7325,6938,44,44
2021-07-27T23:59:59+02:00,124,111,2728,2649,7646,5728,7520,5280,6703,7150,4651,5173,1699,2126,1117,1545,305,874,33,21,1708,1661,5103,3956,5443,3920,5118,5657,3815,4302,1492,1903,1034,1425,268,809,41503,28847,7162,5632,9125,7281,6863,44,44
2021-07-26T23:59:59+02:00,122,109,2705,2633,7611,5702,7488,5260,6680,7129,4645,5162,1697,2126,1115,1544,305,874,33,21,1663,1607,4966,3888,5341,3852,5045,5587,3754,4268,1489,1891,1033,1419,268,808,41358,28274,7140,5562,9122,7232,6806,44,44
2021-07-25T23:59:59+02:00,115,107,2690,2619,7574,5683,7461,5252,6661,7111,4635,5158,1695,2123,1114,1542,305,873,30,18,1640,1580,4907,3841,5283,3822,4997,5552,3721,4244,1485,1887,1032,1419,268,808,41222,27985,7132,5530,9120,7198,6757,44,44
2021-07-24T23:59:59+02:00,115,105,2676,2609,7547,5672,7437,5236,6647,7098,4625,5154,1694,2120,1114,1542,305,873,30,17,1620,1558,4860,3821,5212,3774,4955,5528,3701,4236,1484,1885,1031,1417,268,807,41146,27790,7110,5442,9119,7197,6705,44,44
2021-07-23T23:59:59+02:00,113,103,2652,2588,7498,5650,7412,5211,6610,7074,4605,5143,1692,2116,1112,1542,305,873,26,14,1561,1528,4719,3714,5082,3702,4882,5458,3649,4206,1482,1876,1030,1412,267,807,40977,27138,7103,5415,9117,7176,6606,44,44
2021-07-22T23:59:59+02:00,112,100,2621,2560,7424,5605,7360,5173,6564,7027,4570,5119,1685,2109,1111,1541,305,872,24,14,1508,1487,4553,3638,4930,3621,4728,5376,3568,4152,1469,1867,1025,1410,267,806,40672,26478,7080,5274,9106,7108,6493,44,44
2021-07-21T23:59:59+02:00,110,96,2594,2543,7360,5573,7310,5133,6506,6987,4548,5096,1678,2103,1111,1538,305,870,24,12,1472,1442,4433,3556,4796,3556,4624,5269,3497,4110,1458,1855,1023,1409,267,804,40424,26003,7040,5067,9100,7047,6384,44,43
2021-07-20T23:59:59+02:00,110,96,2573,2519,7308,5539,7274,5104,6468,6946,4521,5077,1674,2099,1111,1537,305,870,23,12,1438,1410,4316,3488,4709,3503,4525,5188,3443,4077,1453,1846,1022,1408,267,803,40180,25521,7030,4991,9098,6992,6305,44,43
2021-07-19T23:59:59+02:00,109,96,2553,2495,7253,5502,7229,5083,6424,6914,4502,5061,1668,2092,1109,1534,305,869,23,10,1415,1383,4242,3441,4624,3468,4451,5125,3408,4049,1447,1840,1018,1405,265,802,39898,25203,7019,4866,9096,6952,6263,44,43
2021-07-18T23:59:59+02:00,109,94,2526,2470,7190,5466,7195,5055,6387,6874,4485,5051,1662,2087,1108,1534,304,868,21,10,1396,1358,4195,3402,4586,3437,4403,5101,3374,4036,1441,1831,1017,1405,265,800,39612,25000,7003,4787,9090,6926,6231,44,42
2021-07-17T23:59:59+02:00,104,92,2514,2456,7170,5453,7177,5039,6367,6860,4463,5040,1657,2086,1108,1533,304,866,21,10,1384,1345,4160,3369,4536,3415,4361,5071,3344,4024,1434,1828,1017,1403,265,800,39505,24829,6993,4731,9088,6917,6172,44,42
2021-07-16T23:59:59+02:00,104,89,2479,2436,7111,5417,7117,4999,6324,6817,4436,5012,1651,2080,1107,1532,304,866,20,9,1341,1318,4062,3315,4445,3372,4280,5015,3283,3977,1421,1819,1011,1401,265,799,39325,24481,6971,4697,9081,6852,5967,44,42
2021-07-15T23:59:59+02:00,102,85,2434,2409,7043,5381,7060,4961,6278,6764,4418,4986,1648,2075,1105,1529,302,866,12,9,1287,1284,3866,3206,4256,3271,4137,4918,3218,3911,1411,1811,1007,1397,263,799,39008,23779,6953,4456,9075,6787,5866,44,42
2021-07-14T23:59:59+02:00,101,82,2400,2393,6975,5349,6990,4928,6224,6717,4396,4963,1640,2068,1103,1527,302,866,11,9,1241,1241,3744,3116,4152,3204,4027,4852,3171,3867,1399,1801,1006,1394,263,799,38698,23274,6933,4352,9073,6715,5770,44,42
2021-07-13T23:59:59+02:00,97,79,2366,2366,6921,5319,6926,4890,6183,6668,4374,4945,1630,2063,1101,1527,302,866,10,7,1208,1202,3639,3026,4028,3133,3939,4762,3118,3807,1370,1794,1003,1389,261,797,38377,22771,6926,4215,9070,6613,5695,44,42
2021-07-12T23:59:59+02:00,92,79,2341,2343,6856,5277,6859,4847,6132,6627,4347,4920,1625,2060,1098,1527,302,866,9,7,1175,1180,3530,2939,3915,3063,3837,4683,3066,3761,1357,1784,998,1381,261,797,38046,22309,6912,4085,9067,6528,5610,44,41
2021-07-11T23:59:59+02:00,86,76,2328,2329,6820,5252,6830,4825,6103,6609,4337,4912,1622,2055,1096,1527,301,866,9,7,1161,1163,3482,2894,3855,3027,3784,4654,3044,3747,1347,1771,995,1377,261,797,37930,22119,6891,4046,9062,6468,5525,44,41
2021-07-10T23:59:59+02:00,85,75,2299,2295,6740,5211,6766,4787,6054,6573,4313,4901,1619,2052,1096,1524,301,865,9,7,1138,1141,3425,2854,3807,2997,3747,4623,3027,3735,1341,1764,995,1375,261,797,37683,21936,6865,4045,9048,6453,5385,44,41
2021-07-09T23:59:59+02:00,83,72,2271,2275,6673,5178,6721,4765,6007,6540,4295,4878,1617,2046,1096,1523,301,865,5,3,1113,1125,3376,2805,3755,2956,3697,4586,3000,3707,1338,1748,993,1374,261,797,37458,21701,6837,4012,9037,6398,5292,44,41
2021-07-08T23:59:59+02:00,78,69,2223,2234,6585,5110,6624,4714,5941,6475,4258,4843,1610,2037,1094,1519,301,865,4,3,1040,1074,3210,2714,3562,2876,3516,4492,2929,3643,1323,1732,990,1365,260,796,37136,21201,6764,3721,9004,6258,5088,44,41
2021-07-07T23:59:59+02:00,78,68,2151,2188,6477,5035,6521,4661,5870,6417,4227,4796,1603,2028,1091,1514,300,865,4,3,985,1039,3058,2630,3384,2792,3356,4387,2874,3580,1307,1702,981,1355,260,793,36650,20628,6725,3476,8983,6176,4933,44,41
2021-07-06T23:59:59+02:00,75,68,2104,2148,6370,4984,6431,4613,5816,6349,4187,4762,1596,2023,1088,1509,300,865,4,3,948,997,2942,2525,3296,2732,3281,4295,2822,3523,1281,1670,977,1347,260,793,36204,20119,6674,3362,8967,6090,4834,44,41
2021-07-05T23:59:59+02:00,72,68,2037,2107,6232,4915,6316,4575,5747,6291,4148,4725,1591,2016,1086,1507,300,863,4,3,905,960,2834,2453,3214,2687,3206,4228,2778,3468,1259,1653,971,1337,260,789,35717,19731,6629,3286,8942,6004,4685,44,40
2021-07-04T23:59:59+02:00,72,67,1994,2063,6151,4874,6278,4545,5704,6270,4131,4703,1588,2014,1086,1505,300,862,4,3,864,933,2770,2405,3177,2662,3174,4193,2757,3447,1245,1632,969,1336,259,789,35508,19583,6589,3229,8918,5930,4566,44,40
2021-07-03T23:59:59+02:00,69,53,1898,1981,5933,4711,6126,4459,5620,6183,4084,4670,1585,2010,1085,1501,300,862,4,3,825,904,2700,2357,3120,2634,3134,4145,2727,3416,1239,1627,968,1332,259,787,34673,19388,6555,3226,8910,5905,4349,44,40
2021-07-02T23:59:59+02:00,59,45,1861,1943,5860,4670,6082,4430,5600,6155,4069,4652,1584,2003,1083,1500,299,862,4,3,803,878,2627,2304,3051,2589,3089,4094,2696,3379,1218,1610,964,1326,259,785,34393,19073,6520,3197,8905,5802,4288,44,40
2021-07-01T23:59:59+02:00,54,38,1812,1907,5754,4597,6001,4378,5521,6088,4042,4622,1581,1997,1082,1499,299,861,4,3,729,833,2433,2223,2865,2499,2905,3974,2596,3288,1194,1586,953,1311,259,783,33971,18270,6472,2980,8889,5699,4144,44,40
2021-06-30T23:59:59+02:00,54,36,1762,1852,5632,4518,5900,4329,5461,6039,4028,4597,1577,1989,1080,1496,299,861,4,2,694,796,2325,2150,2751,2443,2794,3881,2529,3210,1170,1558,945,1301,258,782,33538,17789,6408,2855,8874,5564,4021,44,40
2021-06-29T23:59:59+02:00,52,34,1702,1768,5518,4436,5798,4270,5409,5979,3999,4567,1569,1984,1079,1495,299,860,3,2,662,745,2237,2069,2675,2379,2691,3761,2472,3158,1157,1524,932,1291,258,779,33000,17288,6373,2784,8866,5446,3898,43,40
2021-06-28T23:59:59+02:00,51,33,1666,1710,5396,4371,5730,4219,5361,5939,3970,4541,1567,1975,1078,1493,299,860,3,2,648,717,2137,2002,2596,2319,2617,3676,2418,3108,1141,1506,925,1285,258,777,32576,16941,6312,2638,8855,5344,3820,43,40
2021-06-27T23:59:59+02:00,51,32,1635,1680,5344,4332,5687,4187,5315,5925,3957,4529,1564,1971,1078,1492,299,860,3,2,629,699,2085,1962,2552,2292,2571,3637,2387,3089,1134,1494,924,1275,258,777,32384,16789,6280,2579,8832,5260,3745,43,40
2021-06-26T23:59:59+02:00,44,27,1604,1653,5274,4284,5595,4143,5274,5891,3938,4514,1564,1969,1078,1490,299,860,3,2,622,687,2052,1934,2517,2270,2553,3611,2364,3071,1116,1484,923,1273,258,777,32021,16556,6196,2574,8832,5242,3744,43,40
2021-06-25T23:59:59+02:00,38,21,1565,1615,5171,4211,5539,4116,5236,5867,3914,4504,1561,1966,1076,1489,298,860,2,2,612,663,1998,1906,2451,2201,2454,3478,2322,2968,1104,1462,920,1269,257,776,31596,16084,6166,2545,8831,5061,3741,43,40
2021-06-24T23:59:59+02:00,22,17,1511,1562,4985,4100,5409,4060,5134,5824,3875,4477,1557,1962,1076,1488,297,860,2,2,573,642,1886,1833,2271,2129,2282,3394,2217,2872,1072,1440,912,1263,256,773,30939,15566,6107,2216,8820,4978,3625,43,40
2021-06-23T23:59:59+02:00,21,17,1478,1516,4899,4046,5329,4002,5085,5780,3853,4442,1548,1956,1073,1485,296,860,2,2,542,619,1812,1770,2160,2075,2162,3302,2114,2784,1047,1418,907,1255,254,772,30496,14990,6053,2137,8816,4835,3589,43,40
2021-06-22T23:59:59+02:00,21,17,1450,1498,4826,3981,5244,3954,5040,5735,3827,4419,1543,1950,1072,1483,296,860,2,2,525,597,1746,1723,2069,2023,2075,3194,2010,2695,1033,1395,897,1243,254,767,30084,14560,6009,2001,8811,4665,3563,43,39
2021-06-21T23:59:59+02:00,20,17,1419,1456,4706,3889,5163,3910,4972,5674,3797,4397,1539,1937,1070,1478,295,858,2,2,509,581,1707,1679,2033,1982,2025,3111,1945,2611,1013,1366,875,1223,254,764,29535,14257,5966,1904,8809,4525,3526,43,39
2021-06-20T23:59:59+02:00,19,15,1392,1424,4630,3821,5113,3890,4937,5652,3774,4386,1536,1936,1069,1478,294,858,2,2,493,564,1676,1649,2009,1958,1995,3083,1904,2574,1005,1351,873,1217,254,763,29235,14074,5930,1865,8796,4462,3492,43,38
2021-06-19T23:59:59+02:00,18,14,1377,1405,4589,3789,5088,3865,4907,5627,3755,4373,1531,1934,1069,1477,294,858,2,2,484,560,1656,1628,1990,1932,1979,3057,1878,2536,995,1344,869,1216,252,762,29053,13895,5866,1834,8796,4454,3474,43,37
2021-06-18T23:59:59+02:00,13,10,1352,1388,4517,3747,5037,3821,4857,5588,3730,4361,1527,1931,1067,1475,294,858,2,2,468,551,1636,1611,1960,1901,1934,3008,1827,2479,982,1329,867,1212,251,760,28715,13586,5818,1830,8795,4407,3460,43,37
2021-06-17T23:59:59+02:00,9,9,1312,1349,4350,3669,4848,3742,4683,5501,3675,4316,1521,1928,1067,1474,293,858,2,2,429,530,1533,1576,1775,1840,1775,2910,1724,2397,961,1310,856,1201,249,758,28095,13113,5762,1720,8788,4321,3163,42,37
2021-06-16T23:59:59+02:00,9,8,1281,1318,4244,3583,4748,3688,4580,5436,3630,4289,1515,1924,1066,1470,293,857,2,2,410,507,1470,1538,1713,1807,1694,2824,1665,2321,944,1283,846,1186,249,755,27599,12694,5647,1649,8776,4244,3109,42,37
2021-06-15T23:59:59+02:00,9,8,1245,1283,4107,3498,4675,3628,4503,5365,3587,4256,1505,1917,1061,1468,293,856,2,2,397,487,1415,1485,1660,1762,1626,2768,1595,2252,927,1254,841,1175,248,754,27039,12356,5609,1564,8761,4174,3029,42,37
2021-06-14T23:59:59+02:00,9,6,1217,1245,4016,3442,4591,3574,4420,5291,3532,4225,1501,1909,1060,1463,291,854,2,2,388,476,1368,1451,1610,1728,1574,2704,1539,2199,917,1229,837,1168,247,751,26563,12101,5512,1491,8757,4089,2975,41,36
2021-06-13T23:59:59+02:00,9,6,1201,1228,3967,3402,4542,3533,4369,5247,3511,4209,1500,1903,1060,1462,291,853,2,2,380,468,1335,1433,1572,1703,1534,2667,1506,2158,899,1208,834,1158,247,749,26306,11916,5475,1468,8751,4015,2915,41,36
2021-06-12T23:59:59+02:00,9,5,1186,1200,3937,3380,4512,3508,4351,5231,3496,4199,1498,1900,1059,1461,291,852,2,2,375,466,1322,1414,1549,1678,1512,2645,1481,2139,891,1198,824,1155,247,748,26109,11773,5464,1468,8749,3954,2903,41,35
2021-06-11T23:59:59+02:00,8,5,1166,1186,3897,3333,4441,3478,4310,5193,3466,4187,1497,1898,1058,1458,291,851,2,2,363,452,1300,1374,1521,1657,1466,2603,1434,2097,881,1184,820,1149,247,747,25802,11528,5434,1460,8746,3874,2881,41,35
2021-06-10T23:59:59+02:00,8,4,1102,1132,3773,3249,4304,3396,4211,5127,3411,4150,1492,1891,1056,1457,291,851,2,2,343,435,1235,1335,1454,1597,1401,2531,1346,1999,854,1152,816,1139,246,744,25191,11098,5292,1447,8727,3712,2805,41,34
2021-06-09T23:59:59+02:00,7,2,1052,1094,3629,3142,4166,3334,4120,5049,3363,4108,1486,1885,1054,1454,291,851,1,2,326,415,1174,1292,1390,1561,1344,2449,1265,1933,827,1098,809,1125,245,742,24688,10792,5106,1387,8718,3572,2664,41,34
2021-06-08T23:59:59+02:00,6,2,996,1057,3493,3047,4045,3253,4009,4965,3313,4077,1479,1881,1051,1451,290,849,1,1,310,395,1128,1253,1333,1526,1284,2391,1219,1860,807,1064,798,1109,241,739,24119,10552,4962,1337,8707,3433,2544,41,33
2021-06-07T23:59:59+02:00,5,2,968,1028,3380,2967,3906,3218,3887,4895,3261,4051,1464,1876,1050,1449,290,848,1,0,303,389,1084,1213,1275,1505,1236,2339,1151,1806,794,1043,785,1093,239,735,23718,10383,4776,1301,8700,3302,2403,41,33
2021-06-06T23:59:59+02:00,5,2,944,1017,3317,2932,3827,3170,3819,4865,3230,4036,1462,1870,1047,1448,289,848,1,0,295,378,1068,1186,1244,1476,1214,2280,1124,1747,782,1028,778,1085,239,732,23506,10272,4639,1247,8687,3192,2336,41,33
2021-06-05T23:59:59+02:00,5,2,932,999,3247,2870,3773,3140,3783,4841,3220,4032,1461,1868,1047,1448,289,847,1,0,288,367,1050,1166,1225,1460,1188,2252,1092,1725,768,1005,776,1082,239,732,23223,10106,4633,1243,8683,3148,2298,41,32
2021-06-04T23:59:59+02:00,3,2,904,978,3200,2813,3699,3102,3719,4787,3194,4012,1457,1864,1045,1448,289,847,1,0,276,359,1024,1134,1202,1445,1164,2212,1063,1698,752,984,770,1077,239,730,22902,9969,4587,1238,8679,3087,2212,41,31
2021-06-03T23:59:59+02:00,3,2,860,943,3037,2718,3513,2994,3544,4670,3101,3936,1448,1854,1041,1443,289,847,0,0,265,349,991,1094,1145,1389,1097,2127,1000,1641,713,946,762,1064,239,729,22210,9752,4347,1220,8662,2924,2018,41,31
2021-06-02T23:59:59+02:00,3,2,835,931,2966,2654,3456,2953,3481,4609,3059,3910,1446,1849,1041,1442,289,847,0,0,252,340,965,1072,1104,1371,1054,2086,949,1596,700,914,759,1059,239,728,21855,9540,4328,1206,8662,2888,1909,41,31
2021-06-01T23:59:59+02:00,3,2,788,898,2814,2540,3274,2860,3314,4503,3000,3848,1435,1842,1038,1437,289,847,0,0,241,326,884,1013,1014,1315,972,1978,900,1517,669,860,753,1050,239,722,21243,9254,4117,1171,8651,2693,1673,41,30
2021-05-31T23:59:59+02:00,3,2,750,870,2690,2451,3136,2762,3207,4412,2947,3795,1429,1830,1037,1433,289,846,0,0,228,310,845,971,950,1263,927,1901,860,1458,649,836,747,1045,237,719,20831,9082,3878,1155,8632,2557,1479,41,30
2021-05-30T23:59:59+02:00,3,2,739,858,2631,2405,3070,2723,3157,4371,2929,3774,1425,1824,1037,1432,289,845,0,0,218,293,803,929,898,1222,888,1841,837,1404,635,820,743,1035,237,718,20681,8984,3816,1147,8620,2388,1321,41,30
2021-05-29T23:59:59+02:00,3,2,737,855,2612,2389,3047,2711,3138,4354,2921,3765,1423,1823,1037,1432,289,845,0,0,214,282,797,916,878,1194,871,1794,823,1372,621,800,741,1030,236,718,20555,8892,3814,1146,8617,2246,1320,40,30
2021-05-28T23:59:59+02:00,3,2,729,843,2573,2348,3002,2683,3115,4331,2911,3750,1423,1820,1035,1427,289,845,0,0,210,273,785,899,866,1170,855,1754,791,1332,603,771,737,1022,235,716,20306,8713,3805,1141,8615,2159,1316,40,30
2021-05-27T23:59:59+02:00,3,2,683,820,2446,2285,2869,2613,2970,4254,2827,3701,1414,1809,1034,1425,288,843,0,0,196,257,722,846,784,1115,767,1661,727,1250,579,738,728,1006,234,714,19816,8509,3670,1102,8581,1899,1113,40,29
2021-05-26T23:59:59+02:00,3,2,649,785,2336,2214,2703,2548,2844,4189,2776,3651,1404,1797,1032,1418,286,838,0,0,187,235,680,806,736,1080,725,1592,688,1192,563,712,710,973,233,711,19391,8285,3423,1091,8554,1760,981,40,29
2021-05-25T23:59:59+02:00,3,2,627,766,2243,2152,2602,2505,2744,4108,2729,3614,1393,1789,1029,1414,286,836,0,0,178,222,657,777,701,1045,688,1534,640,1130,545,694,690,946,232,709,19023,8073,3243,1056,8512,1625,927,39,26
2021-05-24T23:59:59+02:00,3,2,612,742,2184,2111,2526,2471,2674,4052,2669,3572,1380,1782,1023,1413,286,835,0,0,173,214,635,759,674,1013,654,1478,614,1077,528,680,683,942,232,709,18824,7982,3060,1045,8478,1504,827,39,25
2021-05-23T23:59:59+02:00,3,2,608,741,2166,2097,2513,2456,2664,4036,2658,3559,1377,1780,1023,1411,286,835,0,0,171,212,629,751,666,1007,638,1464,606,1070,525,672,678,936,231,706,18703,7899,3057,1039,8478,1492,826,39,24
2021-05-22T23:59:59+02:00,3,2,601,728,2141,2074,2476,2434,2643,4003,2626,3531,1369,1776,1023,1409,286,834,0,0,169,204,620,748,661,997,626,1458,601,1064,515,664,672,924,231,706,18454,7837,3056,1039,8475,1457,817,39,24
2021-05-21T23:59:59+02:00,3,2,586,713,2051,2037,2391,2381,2574,3956,2585,3485,1362,1763,1021,1407,286,833,0,0,169,201,614,739,651,988,614,1446,586,1044,504,638,665,918,231,704,17966,7754,3028,1038,8455,1396,814,39,24
2021-05-20T23:59:59+02:00,3,2,554,692,1924,1966,2259,2303,2444,3855,2506,3401,1347,1747,1019,1402,286,831,0,0,160,190,580,701,619,949,584,1389,562,982,480,607,660,909,231,703,17316,7631,2901,1027,8381,1182,745,39,24
2021-05-19T23:59:59+02:00,2,2,518,657,1811,1882,2112,2230,2301,3753,2402,3306,1329,1728,1011,1399,284,831,0,0,146,183,553,677,586,913,552,1337,536,923,466,587,650,887,230,701,16542,7482,2830,1010,8339,1081,624,39,24
2021-05-18T23:59:59+02:00,2,1,490,636,1730,1806,2011,2173,2191,3633,2310,3215,1318,1709,1004,1392,284,827,0,0,139,174,529,648,563,881,536,1260,516,862,450,563,643,873,229,698,16026,7365,2664,972,8282,969,521,39,24
2021-05-17T23:59:59+02:00,2,0,470,622,1672,1770,1958,2123,2118,3522,2253,3138,1300,1689,997,1385,284,825,0,0,133,166,512,633,555,843,526,1199,500,807,433,532,641,865,229,696,15725,7291,2512,942,8216,867,425,39,24
2021-05-16T23:59:59+02:00,2,0,464,621,1645,1744,1921,2096,2077,3473,2199,3081,1285,1680,995,1381,284,824,0,0,129,163,503,612,544,828,512,1153,482,770,408,503,638,860,229,695,15550,7235,2441,914,8174,780,347,39,24
2021-05-15T23:59:59+02:00,2,0,459,616,1618,1726,1902,2076,2056,3449,2175,3043,1276,1679,994,1379,283,824,0,0,128,160,499,611,543,825,507,1149,476,760,404,501,635,858,229,695,15345,7203,2440,913,8166,769,342,37,24
2021-05-14T23:59:59+02:00,2,0,441,602,1587,1692,1859,2035,1978,3380,2133,2998,1268,1669,992,1379,281,824,0,0,126,155,494,596,524,800,488,1117,462,744,388,484,630,853,229,693,14976,7143,2398,897,8145,665,320,37,24
2021-05-13T23:59:59+02:00,1,0,415,581,1525,1639,1749,1982,1858,3293,2067,2906,1244,1652,985,1377,279,820,0,0,121,152,482,588,515,784,482,1101,449,731,372,457,620,828,229,689,14539,7062,2155,857,8089,629,291,37,24
2021-05-12T23:59:59+02:00,1,0,408,575,1505,1630,1734,1973,1833,3270,2052,2892,1242,1646,981,1375,279,820,0,0,121,150,479,588,514,778,479,1096,447,725,367,445,619,822,229,688,14409,7020,2131,848,8082,628,289,36,24
2021-05-11T23:59:59+02:00,1,0,389,555,1428,1591,1627,1932,1722,3177,1948,2821,1228,1621,976,1366,279,820,0,0,114,141,464,556,492,750,460,1064,419,704,346,417,609,816,229,688,14005,6922,1954,819,7969,533,226,36,24
2021-05-10T23:59:59+02:00,1,0,374,540,1383,1559,1573,1899,1650,3110,1890,2753,1221,1607,972,1360,279,817,0,0,114,138,457,551,483,729,452,1040,414,684,337,404,607,810,229,687,13732,6874,1870,811,7846,481,201,36,22
2021-05-09T23:59:59+02:00,1,0,368,529,1338,1534,1540,1878,1606,3073,1829,2712,1208,1594,970,1355,279,816,0,0,109,135,450,542,473,721,442,1030,404,673,327,393,602,805,229,686,13491,6837,1814,800,7797,429,181,36,21
2021-05-08T23:59:59+02:00,1,0,362,524,1324,1513,1510,1858,1583,3047,1799,2691,1201,1586,967,1354,278,816,0,0,108,135,449,542,471,720,441,1025,404,666,326,392,598,797,229,686,13279,6822,1808,794,7794,417,180,36,21
2021-05-07T23:59:59+02:00,1,0,351,517,1295,1485,1456,1839,1521,2987,1750,2641,1195,1578,966,1349,278,813,0,0,105,132,437,528,458,693,429,990,388,642,324,373,585,784,229,684,13008,6773,1779,770,7729,315,144,35,19
2021-05-06T23:59:59+02:00,1,0,327,504,1199,1441,1343,1782,1380,2872,1618,2548,1164,1546,964,1338,278,811,0,0,102,127,423,512,446,675,416,967,375,623,315,356,573,772,229,682,12515,6712,1589,753,7505,230,118,33,18
2021-05-05T23:59:59+02:00,1,0,313,489,1159,1409,1297,1742,1314,2803,1540,2469,1147,1523,958,1323,278,806,0,0,101,123,412,501,441,663,408,957,370,605,298,345,555,753,229,681,12099,6640,1526,733,7439,181,110,33,15
2021-05-04T23:59:59+02:00,1,0,303,479,1113,1377,1258,1716,1269,2757,1488,2409,1130,1493,953,1313,277,802,0,0,97,120,402,489,438,656,397,938,362,588,285,330,544,733,229,681,11777,6565,1463,705,7396,143,98,33,14
2021-05-03T23:59:59+02:00,1,0,297,473,1081,1353,1222,1698,1238,2723,1447,2370,1114,1466,947,1307,276,797,0,0,90,115,390,483,429,648,390,930,352,580,273,322,527,717,228,679,11532,6486,1439,698,7356,121,69,33,13
2021-05-02T23:59:59+02:00,1,0,292,472,1067,1339,1189,1681,1213,2704,1436,2348,1105,1452,945,1306,276,794,0,0,88,114,383,476,425,643,385,923,349,577,268,314,509,707,228,679,11402,6447,1424,681,7322,107,52,32,12
2021-05-01T23:59:59+02:00,1,0,288,467,1058,1331,1177,1667,1198,2692,1419,2331,1099,1447,942,1304,276,793,0,0,88,113,382,475,422,643,383,919,349,576,266,314,509,707,228,679,11267,6437,1423,681,7321,104,51,32,11
2021-04-30T23:59:59+02:00,1,0,284,458,1046,1307,1157,1648,1170,2631,1365,2278,1086,1432,936,1300,276,790,0,0,86,111,381,470,418,636,381,894,345,566,261,308,507,702,228,678,10971,6423,1418,672,7318,77,21,32,10
2021-04-29T23:59:59+02:00,1,0,269,444,993,1277,1117,1608,1125,2575,1271,2209,1043,1389,931,1291,275,788,0,0,86,107,376,468,414,631,373,882,336,557,253,298,496,692,227,674,10498,6363,1379,651,7257,54,20,31,10
2021-04-28T23:59:59+02:00,1,0,258,438,976,1259,1090,1594,1092,2534,1206,2155,1012,1336,923,1289,275,786,0,0,82,104,370,463,410,623,370,874,332,544,239,283,484,678,226,673,10211,6297,1330,613,7203,40,19,31,10
2021-04-27T23:59:59+02:00,1,0,254,428,957,1242,1071,1582,1066,2511,1184,2128,988,1303,917,1285,275,783,0,0,80,101,364,458,408,617,368,869,326,538,236,275,473,659,225,672,10019,6247,1303,586,7168,33,18,27,8
2021-04-26T23:59:59+02:00,1,0,251,422,949,1233,1061,1567,1038,2493,1136,2081,969,1283,910,1278,274,782,0,0,80,101,360,452,408,614,364,866,325,533,231,267,463,650,225,672,9844,6214,1288,562,7103,31,18,27,8
2021-04-25T23:59:59+02:00,1,0,251,420,941,1219,1045,1560,1021,2476,1107,2053,947,1260,906,1271,274,782,0,0,79,100,359,444,405,613,363,861,324,532,230,262,458,642,225,671,9715,6196,1264,546,7056,22,18,27,8
2021-04-24T23:59:59+02:00,1,0,247,414,927,1207,1033,1545,1007,2457,1080,2037,936,1237,903,1268,274,782,0,0,79,100,359,444,404,613,363,859,323,529,229,260,457,639,225,671,9552,6189,1264,538,7032,22,18,26,8
2021-04-23T23:59:59+02:00,1,0,245,404,916,1192,1024,1534,991,2439,1027,1994,915,1214,901,1261,274,779,0,0,78,99,359,444,404,612,362,857,320,526,225,254,452,634,225,671,9402,6168,1251,526,6940,22,18,25,7
2021-04-22T23:59:59+02:00,1,0,242,394,893,1169,1000,1512,961,2398,984,1935,882,1173,892,1249,274,776,0,0,78,98,357,438,399,605,358,848,318,520,220,248,443,624,224,669,9133,6115,1201,511,6873,15,18,25,7
2021-04-21T23:59:59+02:00,1,0,237,389,870,1150,974,1495,926,2362,940,1888,850,1123,884,1235,274,772,0,0,77,96,355,437,397,602,354,842,314,512,219,243,434,609,223,666,8844,6066,1176,492,6815,15,18,25,7
2021-04-20T23:59:59+02:00,1,0,230,384,853,1123,956,1475,902,2313,900,1835,805,1059,872,1218,273,770,0,0,77,96,353,436,394,597,348,837,312,506,215,235,422,590,222,666,8569,6008,1108,477,6751,14,18,25,7
2021-04-19T23:59:59+02:00,1,0,227,374,835,1111,943,1455,886,2282,872,1800,777,1028,868,1211,272,767,0,0,76,95,352,433,388,592,345,827,308,496,215,230,412,573,220,661,8390,5949,1092,455,6684,12,17,24,7
2021-04-18T23:59:59+02:00,1,0,226,369,827,1101,931,1447,865,2260,854,1783,751,989,865,1205,271,764,0,0,75,93,349,433,388,592,344,824,308,493,214,226,406,570,220,661,8267,5930,1066,446,6624,12,17,24,7
2021-04-17T23:59:59+02:00,1,0,225,366,824,1098,924,1446,858,2255,850,1777,735,965,863,1199,271,764,0,0,75,90,347,429,386,592,341,820,307,489,212,221,400,563,220,660,8203,5888,1065,444,6600,12,17,24,7
2021-04-16T23:59:59+02:00,1,0,224,365,814,1093,911,1427,842,2234,819,1740,695,906,853,1189,270,761,0,0,71,88,345,422,383,590,332,806,300,475,200,205,397,554,217,657,8011,5816,1050,406,6526,11,17,24,6
2021-04-15T23:59:59+02:00,1,0,223,358,789,1076,893,1413,817,2189,780,1702,664,859,845,1170,270,757,0,0,69,87,342,415,378,585,325,798,293,472,191,199,381,533,215,652,7792,5734,1039,380,6411,10,17,23,6
2021-04-14T23:59:59+02:00,1,0,222,351,778,1067,883,1400,802,2154,763,1674,627,819,816,1124,270,753,0,0,66,83,337,412,374,580,323,788,285,464,181,183,366,510,213,647,7578,5642,1023,348,6336,10,17,20,6
2021-04-13T23:59:59+02:00,1,0,218,346,768,1062,872,1388,793,2129,735,1648,580,769,794,1090,269,749,0,0,63,80,330,407,364,576,316,781,280,459,178,179,352,497,211,644,7424,5579,976,317,6242,8,17,18,6
2021-04-12T23:59:59+02:00,1,0,216,344,764,1057,865,1375,767,2109,718,1631,548,741,783,1073,269,747,0,0,62,76,318,398,360,570,312,774,273,453,171,174,344,485,210,638,7332,5502,954,291,6151,8,17,16,6
2021-04-11T23:59:59+02:00,0,0,213,341,756,1047,858,1369,755,2093,708,1615,533,716,775,1049,268,744,0,0,60,73,313,396,357,568,310,771,272,448,166,167,337,482,208,636,7272,5456,934,281,6060,8,17,15,6
2021-04-10T23:59:59+02:00,0,0,213,339,756,1044,854,1367,745,2085,698,1607,526,701,768,1035,267,744,0,0,56,66,287,380,337,553,298,757,257,440,158,160,333,468,207,634,7217,5284,927,273,6030,8,16,14,6
2021-04-09T23:59:59+02:00,0,0,213,336,751,1041,842,1344,737,2003,682,1523,488,639,747,1015,264,740,0,0,47,63,274,368,321,540,282,742,246,427,149,155,310,446,203,625,7102,5091,903,265,5779,8,13,13,6
2021-04-08T23:59:59+02:00,0,0,211,332,746,1034,831,1335,723,1983,664,1504,443,580,719,992,262,737,0,0,45,61,265,352,307,528,269,726,231,411,138,139,294,429,201,608,6989,4902,864,254,5659,8,12,13,6
2021-04-07T23:59:59+02:00,0,0,206,328,736,1027,818,1320,707,1955,646,1471,404,538,689,954,259,733,0,0,42,58,246,339,297,522,262,712,223,399,123,129,276,409,196,599,6857,4733,830,245,5511,8,12,13,5
2021-04-06T23:59:59+02:00,0,0,204,326,728,1022,804,1304,688,1931,618,1445,383,502,664,923,258,731,0,0,40,57,245,335,293,520,252,708,218,393,117,124,268,389,191,589,6767,4661,803,225,5363,7,12,11,5
2021-04-05T23:59:59+02:00,0,0,204,325,725,1015,796,1292,680,1915,612,1430,366,479,647,899,258,730,0,0,40,55,245,331,292,515,248,702,213,392,117,120,253,369,188,583,6725,4600,792,209,5253,7,11,11,5
2021-04-04T23:59:59+02:00,0,0,203,321,721,1005,791,1281,671,1897,605,1411,356,468,644,895,258,730,0,0,39,54,244,330,291,515,248,702,212,392,115,120,246,356,184,581,6701,4568,787,208,5168,7,9,11,5
2021-04-03T23:59:59+02:00,0,0,203,321,719,1005,789,1279,670,1893,598,1409,348,462,641,888,258,729,0,0,39,54,244,330,291,515,248,701,212,390,115,120,245,354,184,579,6668,4560,787,208,5154,7,9,11,5
2021-04-02T23:59:59+02:00,0,0,203,319,718,1004,788,1276,666,1886,594,1399,339,453,630,878,258,728,0,0,39,53,241,329,289,513,246,693,207,384,113,119,238,335,183,566,6622,4488,781,205,5131,7,9,10,5
2021-04-01T23:59:59+02:00,0,0,200,316,713,990,776,1263,661,1866,577,1380,327,429,600,845,257,722,0,0,37,52,232,323,287,510,245,686,205,380,105,116,223,309,179,545,6535,4381,739,197,5038,6,9,10,5
2021-03-31T23:59:59+02:00,0,0,196,313,705,982,766,1249,651,1820,567,1341,318,418,579,796,255,719,0,0,37,52,231,322,282,507,242,684,199,376,100,113,209,283,177,524,6466,4294,693,190,4905,6,7,10,5
2021-03-30T23:59:59+02:00,0,0,193,307,700,971,761,1228,639,1781,558,1297,307,403,553,760,254,719,0,0,37,51,229,318,278,504,241,679,196,371,97,111,200,265,174,510,6391,4219,658,185,4769,6,7,10,5
2021-03-29T23:59:59+02:00,0,0,189,302,694,954,756,1215,630,1750,549,1259,303,389,523,723,252,712,0,0,37,50,227,317,277,502,240,674,194,364,93,109,191,252,169,498,6283,4159,636,179,4666,4,7,10,5
2021-03-28T23:59:59+02:00,0,0,182,286,686,945,749,1208,626,1728,546,1243,301,374,496,699,250,710,0,0,37,49,225,317,274,496,236,671,193,361,90,107,184,242,166,497,6237,4116,602,173,4570,4,7,10,5
2021-03-27T23:59:59+01:00,0,0,182,282,681,939,744,1204,619,1717,544,1235,297,366,490,689,250,709,0,0,37,49,225,317,274,496,235,665,190,357,89,106,180,235,162,487,6197,4081,594,167,4533,4,7,10,5
2021-03-26T23:59:59+01:00,0,0,178,280,669,927,736,1189,607,1699,535,1210,290,355,486,675,248,706,0,0,37,49,225,317,273,494,235,664,183,344,84,98,166,219,154,475,6130,3996,576,166,4455,4,5,10,5
2021-03-25T23:59:59+01:00,0,0,174,278,661,914,715,1165,590,1662,525,1170,283,343,470,651,247,702,0,0,37,49,221,312,271,493,229,661,183,343,77,98,150,202,151,451,6056,3910,560,159,4301,4,5,10,5
2021-03-24T23:59:59+01:00,0,0,172,269,650,901,707,1150,581,1625,513,1140,273,328,453,626,244,699,0,0,37,49,220,310,268,491,227,661,179,340,75,95,137,195,143,417,5983,3834,537,152,4174,3,5,10,5
2021-03-23T23:59:59+01:00,0,0,169,266,641,888,694,1138,570,1602,501,1102,267,316,435,610,239,695,0,0,35,49,218,309,266,489,222,656,177,336,72,92,130,188,134,392,5930,3759,520,147,4044,2,5,10,5
2021-03-22T23:59:59+01:00,0,0,165,258,622,867,675,1119,559,1570,488,1078,263,305,424,595,238,689,0,0,35,49,217,307,263,487,220,649,176,334,72,88,124,180,119,362,5874,3678,496,144,3902,1,5,10,5
2021-03-21T23:59:59+01:00,0,0,161,256,614,860,670,1115,555,1546,482,1045,258,297,411,588,236,685,0,0,35,49,214,307,262,485,219,648,174,332,71,85,122,179,115,359,5852,3657,483,140,3798,1,4,8,4
2021-03-20T23:59:59+01:00,0,0,159,256,606,856,665,1110,549,1542,479,1044,255,290,399,574,234,683,0,0,35,49,214,307,261,485,218,646,174,328,70,84,119,175,111,353,5819,3632,478,138,3754,1,4,8,4
2021-03-19T23:59:59+01:00,0,0,149,244,601,838,654,1104,544,1524,467,1031,241,268,383,548,228,674,0,0,33,49,213,306,260,485,216,638,173,325,67,82,110,165,106,331,5740,3564,439,136,3665,1,3,8,4
2021-03-18T23:59:59+01:00,0,0,144,238,583,822,637,1070,526,1474,453,986,225,253,370,527,224,657,0,0,33,49,212,303,258,477,216,633,171,318,67,79,101,157,100,316,5657,3501,407,127,3462,1,3,8,4
2021-03-17T23:59:59+01:00,0,0,137,232,571,803,624,1063,521,1461,444,968,213,240,352,509,221,651,0,0,33,48,212,301,257,475,215,632,171,317,67,79,96,152,95,304,5561,3464,380,126,3399,1,3,6,4
2021-03-16T23:59:59+01:00,0,0,132,224,556,788,606,1052,509,1421,432,943,205,225,332,475,216,639,0,0,33,47,212,298,257,469,213,631,170,316,63,79,91,147,93,284,5468,3417,345,122,3265,1,2,6,4
2021-03-15T23:59:59+01:00,0,0,126,217,541,773,597,1030,500,1389,416,906,199,217,317,451,214,633,0,0,32,47,211,295,257,466,212,630,168,315,62,77,85,141,90,269,5378,3372,315,120,3149,1,1,6,4
2021-03-14T23:59:59+01:00,0,0,121,204,529,755,583,1009,491,1346,403,863,190,206,307,439,207,629,0,0,32,47,211,292,256,465,211,625,167,310,61,77,84,138,88,266,5313,3357,301,109,2981,1,0,5,4
2021-03-13T23:59:59+01:00,0,0,117,192,501,729,553,983,467,1322,381,844,173,197,299,427,205,626,0,0,32,47,211,292,256,465,210,625,167,309,61,77,81,134,77,251,5119,3320,295,109,2895,1,0,5,4
2021-03-12T23:59:59+01:00,0,0,106,185,473,703,534,954,446,1283,359,812,157,185,274,399,204,606,0,0,32,47,211,291,256,464,210,625,167,308,56,76,78,128,75,245,4893,3292,289,109,2778,1,0,5,3
2021-03-11T23:59:59+01:00,0,0,98,178,441,657,497,917,408,1208,338,759,142,163,250,356,199,584,0,0,32,46,210,288,251,460,208,621,164,306,56,74,74,122,73,233,4650,3262,281,89,2522,1,0,5,2
2021-03-10T23:59:59+01:00,0,0,95,168,418,635,480,898,393,1170,322,722,127,147,234,326,194,553,0,0,32,46,208,283,247,455,205,615,164,304,53,73,70,120,70,222,4479,3220,271,77,2386,1,0,5,2
2021-03-09T23:59:59+01:00,0,0,95,163,407,608,450,869,378,1126,311,690,122,138,222,308,188,541,0,0,32,46,207,280,244,447,203,611,159,300,53,71,68,118,63,213,4395,3177,255,67,2207,1,0,5,2
2021-03-08T23:59:59+01:00,0,0,92,156,392,591,432,852,369,1074,302,653,117,129,208,288,184,528,0,0,32,46,207,276,241,442,198,607,153,296,51,70,63,115,62,212,4317,3149,239,50,2047,1,0,5,1
2021-03-07T23:59:59+01:00,0,0,88,151,387,579,424,837,359,1060,299,647,115,129,201,274,182,527,0,0,32,46,206,275,241,440,197,606,153,296,51,70,61,114,61,211,4271,3140,228,48,1991,0,0,5,1
2021-03-06T23:59:59+01:00,0,0,87,144,385,572,417,813,350,1009,290,615,114,128,195,266,180,522,0,0,32,46,206,275,240,439,197,605,153,296,51,70,59,114,60,206,4239,3135,228,42,1848,0,0,5,1
2021-03-05T23:59:59+01:00,0,0,86,139,380,560,412,805,349,992,281,591,108,118,181,246,171,509,0,0,32,46,205,273,239,438,196,603,152,294,51,70,57,113,60,198,4153,3120,219,34,1777,0,0,5,1
2021-03-04T23:59:59+01:00,0,0,83,125,369,524,394,771,331,946,271,564,98,117,162,221,165,485,0,0,32,46,203,267,237,432,194,590,149,293,49,70,57,113,60,197,4054,3080,202,33,1588,0,0,5,1
2021-03-03T23:59:59+01:00,0,0,76,114,360,506,385,752,327,925,262,546,96,114,151,212,157,450,0,0,32,45,203,267,236,430,191,581,149,287,49,70,56,112,60,197,3980,3057,196,30,1471,0,0,5,1
2021-03-02T23:59:59+01:00,0,0,73,111,349,490,369,735,319,906,256,524,94,111,142,204,148,423,0,0,31,45,203,267,236,424,186,574,147,284,49,70,56,110,60,196,3899,3028,190,30,1372,0,0,5,1
2021-03-01T23:59:59+01:00,0,0,72,109,343,476,362,714,310,882,250,496,93,109,135,194,130,388,0,0,31,44,202,266,234,415,184,567,147,281,49,70,56,109,59,196,3813,2998,185,30,1267,0,0,5,1
2021-02-28T23:59:59+01:00,0,0,72,107,336,467,359,706,307,858,245,478,88,101,133,190,126,384,0,0,31,44,201,265,233,415,184,567,147,281,49,70,56,109,59,195,3789,2994,180,30,1187,0,0,5,1
2021-02-27T23:59:59+01:00,0,0,69,98,330,461,354,700,301,847,242,469,86,99,132,185,119,373,0,0,31,44,201,264,233,414,183,566,146,280,49,70,56,109,59,195,3756,2993,174,25,1130,0,0,5,1
2021-02-26T23:59:59+01:00,0,0,67,93,322,438,328,665,280,816,232,448,83,95,123,175,115,353,0,0,31,43,201,263,233,412,182,563,142,278,49,70,56,109,59,193,3699,2977,172,25,950,0,0,5,0
2021-02-25T23:59:59+01:00,0,0,59,82,309,417,317,636,274,790,220,425,78,95,114,168,110,339,0,0,31,43,199,260,229,409,180,556,137,277,49,68,54,107,57,193,3645,2949,166,17,801,0,0,5,0
2021-02-24T23:59:59+01:00,0,0,55,75,302,404,309,621,269,774,217,417,77,95,109,164,104,328,0,0,30,43,197,259,226,396,178,548,135,272,47,67,52,107,57,193,3609,2911,161,11,726,0,0,5,0
2021-02-23T23:59:59+01:00,0,0,50,66,289,385,299,602,263,756,212,409,73,93,103,160,102,304,0,0,29,43,196,257,224,391,177,542,131,269,47,67,52,103,57,191,3555,2882,156,8,626,0,0,5,0
2021-02-22T23:59:59+01:00,0,0,48,63,284,374,295,593,261,747,210,405,71,90,95,152,99,290,0,0,29,41,193,255,221,378,169,532,128,266,46,67,51,103,56,191,3507,2834,149,4,587,0,0,4,0
2021-02-21T23:59:59+01:00,0,0,47,62,278,368,292,583,256,739,205,400,70,88,94,150,97,288,0,0,29,40,192,253,220,375,169,523,128,265,46,67,51,102,55,190,3496,2811,146,4,538,0,0,3,0
2021-02-20T23:59:59+01:00,0,0,46,62,276,367,292,580,255,733,205,394,69,88,91,146,86,273,0,0,29,40,192,253,220,375,169,523,126,264,46,67,50,102,55,188,3461,2805,145,4,517,0,0,3,0
2021-02-19T23:59:59+01:00,0,0,45,62,273,362,286,557,244,707,203,382,65,86,87,138,84,266,0,0,29,39,192,253,219,374,169,522,126,264,46,67,49,101,54,186,3431,2796,143,4,429,0,0,2,0
2021-02-18T23:59:59+01:00,0,0,43,59,255,338,278,536,236,686,189,358,64,82,85,133,82,256,0,0,28,38,188,245,216,368,164,507,125,254,46,65,48,99,50,182,3402,2728,134,4,296,0,0,2,0
2021-02-17T23:59:59+01:00,0,0,43,57,248,333,276,521,229,673,186,338,62,80,81,131,79,246,0,0,26,37,184,239,209,354,160,491,122,243,42,63,48,97,49,179,3354,2645,133,3,242,0,0,2,0
2021-02-16T23:59:59+01:00,0,0,42,52,235,318,272,510,223,659,181,331,60,79,78,129,72,237,0,0,23,37,175,230,201,335,154,479,118,231,42,59,38,83,42,170,3315,2518,130,3,177,0,0,2,0
2021-02-15T23:59:59+01:00,0,0,41,52,230,315,265,497,220,654,177,325,58,79,73,125,71,236,0,0,22,36,168,223,196,327,148,468,114,224,39,56,38,77,39,162,3288,2437,129,3,145,0,0,2,0
2021-02-14T23:59:59+01:00,0,0,38,52,227,311,263,490,217,648,177,320,57,76,70,125,70,232,0,0,20,36,166,219,192,322,147,456,113,221,39,56,37,76,37,155,3277,2391,117,3,122,0,0,2,0
2021-02-13T23:59:59+01:00,0,0,37,52,227,311,261,490,217,647,177,320,57,76,69,125,70,231,0,0,20,36,165,218,189,322,146,454,112,218,38,56,36,75,35,151,3273,2371,117,1,120,0,0,2,0
2021-02-12T23:59:59+01:00,0,0,36,50,225,306,258,481,213,636,174,317,57,75,68,125,70,230,0,0,20,36,164,215,188,321,145,452,110,217,36,55,36,71,32,142,3264,2340,117,1,81,0,0,2,0
2021-02-11T23:59:59+01:00,0,0,35,49,217,285,251,464,206,611,162,306,55,74,67,123,70,225,0,0,20,34,148,195,181,290,136,407,105,198,32,54,33,61,30,128,3226,2143,95,1,18,0,0,2,0
2021-02-10T23:59:59+01:00,0,0,35,48,214,277,249,457,202,602,160,301,52,74,66,123,69,223,0,0,18,31,137,171,167,252,117,358,98,176,28,52,32,59,27,117,3194,1919,85,1,8,0,0,2,0
2021-02-09T23:59:59+01:00,0,0,34,47,213,274,247,447,197,594,156,298,52,74,66,121,69,223,0,0,18,29,120,146,150,232,104,316,93,151,23,47,31,47,23,105,3172,1704,70,1,4,0,0,2,0
2021-02-08T23:59:59+01:00,0,0,34,47,212,272,241,432,194,582,151,293,50,74,66,120,69,223,0,0,16,28,103,123,128,193,85,277,88,141,16,45,25,40,22,90,3132,1483,54,1,4,0,0,2,0
2021-02-07T23:59:59+01:00,0,0,34,46,209,271,239,431,194,579,150,293,50,74,65,119,69,223,0,0,15,22,98,114,121,182,80,258,83,131,16,44,24,34,22,85,3123,1389,51,1,0,0,0,2,0
2021-02-06T23:59:59+01:00,0,0,34,46,209,271,239,430,194,579,150,292,49,74,64,119,68,218,0,0,12,18,97,113,120,178,78,251,83,129,15,43,24,31,20,84,3120,1353,44,1,0,0,0,2,0
2021-02-05T23:59:59+01:00,0,0,33,45,209,271,239,429,193,577,148,291,49,74,64,119,68,208,0,0,10,15,88,105,116,173,77,247,82,121,14,41,23,27,18,81,3107,1292,36,0,0,0,0,2,0
2021-02-04T23:59:59+01:00,0,0,33,45,206,268,234,425,188,571,146,288,49,72,64,117,68,207,0,0,9,11,60,74,93,128,66,208,65,102,13,36,20,23,16,71,3070,1037,36,0,0,0,0,2,0
2021-02-03T23:59:59+01:00,0,0,33,44,206,267,233,413,186,565,145,285,49,71,63,116,68,206,0,0,6,6,44,55,72,105,51,159,55,74,10,17,16,17,11,54,3042,783,33,0,0,0,0,2,0
2021-02-02T23:59:59+01:00,0,0,32,44,205,265,229,407,185,559,142,284,48,71,61,113,66,203,0,0,4,3,28,39,56,75,40,102,44,51,8,14,11,12,7,36,3004,551,33,0,0,0,0,2,0
2021-02-01T23:59:59+01:00,0,0,31,42,203,265,225,402,182,554,139,277,48,70,60,112,66,203,0,0,4,1,22,21,30,44,26,62,27,28,5,9,8,8,6,21,2968,334,33,0,0,0,0,1,0
2021-01-31T23:59:59+01:00,0,0,31,42,202,263,223,397,180,546,138,277,48,70,59,112,65,202,0,0,4,1,20,16,21,36,20,50,21,24,5,6,6,7,5,19,2943,271,32,0,0,0,0,1,0
2021-01-30T23:59:59+01:00,0,0,31,42,202,263,223,396,179,546,138,277,48,70,58,112,65,199,0,0,4,1,19,15,19,36,18,46,20,23,5,5,6,6,5,18,2938,255,31,0,0,0,0,1,0
2021-01-29T23:59:59+01:00,0,0,31,42,202,261,222,395,178,545,136,275,48,70,57,111,64,198,0,0,4,0,16,9,14,29,16,40,16,21,4,4,5,6,5,17,2928,213,27,0,0,0,0,0,0
2021-01-28T23:59:59+01:00,0,0,31,41,194,258,221,390,177,536,133,271,48,70,55,110,60,196,0,0,4,0,5,3,7,16,9,22,9,9,2,2,3,3,1,17,2892,115,19,0,0,0,0,0,0
2021-01-27T23:59:59+01:00,0,0,30,40,191,252,217,380,175,523,130,262,45,68,55,109,59,194,0,0,1,0,3,3,6,14,8,19,8,9,2,2,2,3,1,13,2829,96,15,0,0,0,0,0,0
2021-01-26T23:59:59+01:00,0,0,27,40,188,240,211,367,171,505,127,255,45,64,49,101,53,186,0,0,1,0,2,3,6,14,8,19,8,9,2,2,2,3,1,10,2730,92,12,0,0,0,0,0,0
2021-01-25T23:59:59+01:00,0,0,27,39,179,237,208,357,168,496,124,245,43,62,48,98,48,184,0,0,1,0,1,3,4,12,7,16,8,9,2,2,2,1,1,8,2670,79,4,0,0,0,0,0,0
2021-01-24T23:59:59+01:00,0,0,26,38,177,234,205,356,167,494,124,244,43,62,46,95,47,183,0,0,1,0,1,3,3,12,7,16,8,9,2,2,2,1,1,8,2648,78,3,0,0,0,0,0,0
2021-01-23T23:59:59+01:00,0,0,26,38,177,234,203,356,167,493,124,244,43,62,46,94,47,181,0,0,1,0,1,3,3,11,7,15,7,9,2,2,2,1,1,8,2642,75,3,0,0,0,0,0,0
2021-01-22T23:59:59+01:00,0,0,25,37,176,230,202,356,167,492,123,244,43,62,46,94,45,174,0,0,1,0,1,3,3,11,7,15,7,9,2,2,2,1,1,8,2623,75,3,0,0,0,0,0,0
2021-01-21T23:59:59+01:00,0,0,21,36,167,221,196,339,163,471,121,231,42,62,42,86,44,171,0,0,1,0,1,3,1,6,6,10,5,5,2,2,2,0,1,7,2514,54,3,0,0,0,0,0,0
2021-01-20T23:59:59+01:00,0,0,20,34,153,195,180,298,135,415,111,210,37,59,39,82,40,157,0,0,1,0,1,3,1,6,6,9,5,4,2,2,2,0,1,7,2255,52,2,0,0,0,0,0,0
2021-01-19T23:59:59+01:00,0,0,20,31,128,168,163,266,126,372,107,189,27,53,31,68,35,143,0,0,1,0,1,3,1,5,4,7,3,3,1,0,2,0,0,4,2005,36,2,0,0,0,0,0,0
2021-01-18T23:59:59+01:00,0,0,17,31,113,147,140,225,109,324,100,165,24,50,28,56,31,121,0,0,1,0,1,1,0,2,3,5,2,3,0,0,1,0,0,4,1754,24,2,0,0,0,0,0,0
2021-01-17T23:59:59+01:00,0,0,16,22,108,133,132,212,100,300,95,154,24,45,28,51,29,109,0,0,1,0,0,0,0,1,1,4,2,2,0,0,1,0,0,1,1623,13,2,0,0,0,0,0,0
2021-01-16T23:59:59+01:00,0,0,14,19,105,131,130,207,97,290,94,147,21,44,27,45,25,105,0,0,0,0,0,0,0,0,0,0,0,0,0,0,0,0,0,0,1565,0,0,0,0,0,0,0,0
2021-01-15T23:59:59+01:00,0,0,11,17,99,122,126,201,95,281,94,137,20,43,26,40,23,102,0,0,0,0,0,0,0,0,0,0,0,0,0,0,0,0,0,0,1497,0,0,0,0,0,0,0,0
2021-01-14T23:59:59+01:00,0,0,9,13,75,91,107,165,79,236,82,122,15,38,23,33,22,88,0,0,0,0,0,0,0,0,0,0,0,0,0,0,0,0,0,0,1246,0,0,0,0,0,0,0,0
2021-01-13T23:59:59+01:00,0,0,7,12,61,80,94,136,73,191,76,97,15,24,19,25,20,68,0,0,0,0,0,0,0,0,0,0,0,0,0,0,0,0,0,0,1039,0,0,0,0,0,0,0,0
2021-01-12T23:59:59+01:00,0,0,5,8,49,62,76,106,66,135,63,75,11,19,15,21,12,51,0,0,0,0,0,0,0,0,0,0,0,0,0,0,0,0,0,0,809,0,0,0,0,0,0,0,0
2021-01-11T23:59:59+01:00,0,0,4,6,43,49,64,81,52,106,48,55,10,15,8,12,9,28,0,0,0,0,0,0,0,0,0,0,0,0,0,0,0,0,0,0,615,0,0,0,0,0,0,0,0
2021-01-10T23:59:59+01:00,0,0,4,6,39,38,49,67,38,85,40,47,8,10,6,11,8,24,0,0,0,0,0,0,0,0,0,0,0,0,0,0,0,0,0,0,496,0,0,0,0,0,0,0,0
2021-01-09T23:59:59+01:00,0,0,4,5,36,37,44,64,35,77,37,43,8,9,6,10,8,23,0,0,0,0,0,0,0,0,0,0,0,0,0,0,0,0,0,0,460,0,0,0,0,0,0,0,0
2021-01-08T23:59:59+01:00,0,0,4,5,29,28,38,56,27,64,31,38,6,6,4,9,7,21,0,0,0,0,0,0,0,0,0,0,0,0,0,0,0,0,0,0,384,0,0,0,0,0,0,0,0
2021-01-07T23:59:59+01:00,0,0,4,2,11,3,10,18,11,28,8,18,5,3,3,4,3,20,0,0,0,0,0,0,0,0,0,0,0,0,0,0,0,0,0,0,154,0,0,0,0,0,0,0,0
2021-01-06T23:59:59+01:00,0,0,4,0,4,3,5,15,8,22,7,10,3,3,2,4,3,17,0,0,0,0,0,0,0,0,0,0,0,0,0,0,0,0,0,0,113,0,0,0,0,0,0,0,0
2021-01-05T23:59:59+01:00,0,0,2,0,2,3,5,14,8,20,7,9,3,2,2,4,2,16,0,0,0,0,0,0,0,0,0,0,0,0,0,0,0,0,0,0,102,0,0,0,0,0,0,0,0
2021-01-04T23:59:59+01:00,0,0,1,0,2,3,5,13,7,17,7,9,2,2,2,2,2,10,0,0,0,0,0,0,0,0,0,0,0,0,0,0,0,0,0,0,86,0,0,0,0,0,0,0,0
2021-01-03T23:59:59+01:00,0,0,1,0,1,3,4,13,7,17,7,9,2,2,2,2,2,10,0,0,0,0,0,0,0,0,0,0,0,0,0,0,0,0,0,0,84,0,0,0,0,0,0,0,0
2021-01-02T23:59:59+01:00,0,0,1,0,1,3,4,13,6,17,6,9,2,2,2,2,2,10,0,0,0,0,0,0,0,0,0,0,0,0,0,0,0,0,0,0,82,0,0,0,0,0,0,0,0
2021-01-01T23:59:59+01:00,0,0,1,0,1,3,4,13,6,17,6,9,2,2,2,2,2,10,0,0,0,0,0,0,0,0,0,0,0,0,0,0,0,0,0,0,82,0,0,0,0,0,0,0,0
2020-12-31T23:59:59+01:00,0,0,1,0,1,3,4,12,6,17,6,9,2,2,2,2,2,10,0,0,0,0,0,0,0,0,0,0,0,0,0,0,0,0,0,0,81,0,0,0,0,0,0,0,0
2020-12-30T23:59:59+01:00,0,0,1,0,1,3,4,12,6,16,6,9,2,2,2,2,2,10,0,0,0,0,0,0,0,0,0,0,0,0,0,0,0,0,0,0,80,0,0,0,0,0,0,0,0
2020-12-29T23:59:59+01:00,0,0,1,0,1,3,3,8,4,13,4,7,1,1,2,1,0,8,0,0,0,0,0,0,0,0,0,0,0,0,0,0,0,0,0,0,58,0,0,0,0,0,0,0,0
2020-12-28T23:59:59+01:00,0,0,1,0,1,1,1,1,2,6,3,4,1,0,1,0,0,4,0,0,0,0,0,0,0,0,0,0,0,0,0,0,0,0,0,0,27,0,0,0,0,0,0,0,0
2020-12-27T23:59:59+01:00,0,0,1,0,0,0,0,1,1,6,1,2,0,0,1,0,0,2,0,0,0,0,0,0,0,0,0,0,0,0,0,0,0,0,0,0,15,0,0,0,0,0,0,0,0
