Datum,<15_m,<15_w,15-24_1_m,15-24_1_w,25-34_1_m,25-34_1_w,35-44_1_m,35-44_1_w,45-54_1_m,45-54_1_w,55-64_1_m,55-64_1_w,65-74_1_m,65-74_1_w,75-84_1_m,75-84_1_w,>84_1_m,>84_1_w,<24_2_m,<24_2_w,25-34_2_m,25-34_2_w,35-44_2_m,35-44_2_w,45-54_2_m,45-54_2_w,55-64_2_m,55-64_2_w,65-74_2_m,65-74_2_w,75-84_2_m,75-84_2_w,>84_2_m,>84_2_w,bp_1,bp_2,mo_1,mo_2,az_1,az_2,ja,unb_1,unb_2
2021-08-08T23:59:59+02:00,107,120,2716,2506,7572,5440,7552,5211,6783,7265,5074,5432,2579,2709,3150,3221,2727,5154,1928,1796,5894,4308,6269,4315,5736,6183,4297,4721,1971,2270,2309,2514,1966,3828,51481,39731,7794,6342,9301,7219,7531,25,20
2021-08-07T23:59:59+02:00,106,119,2711,2500,7548,5429,7539,5204,6776,7256,5071,5428,2577,2709,3150,3221,2727,5154,1897,1779,5828,4264,6219,4282,5705,6146,4283,4709,1968,2269,2309,2511,1966,3828,51425,39443,7791,6322,9301,7213,7497,25,20
2021-08-06T23:59:59+02:00,106,118,2699,2490,7519,5417,7511,5181,6755,7236,5062,5416,2575,2707,3150,3220,2727,5154,1867,1739,5746,4206,6149,4243,5663,6106,4267,4690,1967,2266,2308,2508,1966,3828,51374,39139,7773,6292,9301,7207,7384,25,20
2021-08-05T23:59:59+02:00,104,117,2672,2476,7488,5397,7477,5161,6736,7218,5048,5395,2573,2705,3148,3217,2727,5153,1835,1696,5652,4130,6044,4191,5604,6050,4234,4652,1962,2261,2306,2506,1966,3828,51242,38759,7766,6205,9299,7153,7294,25,20
2021-08-04T23:59:59+02:00,101,114,2610,2453,7411,5362,7431,5135,6705,7185,5031,5384,2568,2702,3146,3216,2727,5153,1763,1665,5523,4060,5914,4141,5543,5988,4205,4612,1952,2255,2301,2503,1966,3827,51044,38297,7749,6157,9299,7120,7131,25,20
2021-08-03T23:59:59+02:00,98,114,2591,2435,7385,5347,7397,5119,6681,7163,5021,5372,2565,2700,3145,3214,2727,5153,1732,1637,5437,3995,5820,4093,5478,5935,4167,4573,1948,2251,2300,2502,1966,3827,50901,37847,7744,6125,9298,7099,7073,25,20
2021-08-02T23:59:59+02:00,98,114,2571,2417,7345,5323,7373,5110,6662,7149,5004,5363,2564,2696,3144,3213,2726,5153,1708,1614,5328,3916,5717,4033,5415,5887,4119,4542,1943,2238,2299,2497,1965,3826,50769,37345,7737,6091,9298,7081,7010,25,20
2021-08-01T23:59:59+02:00,97,111,2556,2405,7315,5305,7360,5097,6652,7140,4998,5357,2562,2695,3142,3213,2726,5153,1691,1597,5263,3876,5657,3992,5373,5865,4101,4524,1941,2236,2297,2494,1965,3826,50682,37091,7725,6060,9297,7056,6968,25,20
2021-07-31T23:59:59+02:00,95,110,2550,2399,7303,5298,7353,5092,6648,7131,4997,5357,2560,2695,3142,3213,2726,5153,1654,1554,5168,3813,5596,3947,5322,5831,4073,4499,1938,2233,2297,2493,1965,3826,50650,36631,7721,6047,9297,7052,6942,25,20
2021-07-30T23:59:59+02:00,93,107,2539,2393,7284,5287,7341,5073,6629,7119,4990,5350,2559,2694,3142,3212,2726,5153,1636,1538,5091,3773,5533,3893,5263,5785,4048,4482,1935,2231,2296,2490,1965,3826,50583,36287,7715,6025,9297,7044,6884,25,20
2021-07-29T23:59:59+02:00,92,106,2509,2378,7232,5246,7302,5030,6604,7082,4968,5328,2558,2690,3140,3211,2726,5153,1597,1510,4974,3679,5409,3826,5179,5700,4003,4429,1929,2222,2293,2488,1964,3826,50399,35746,7700,5972,9293,7008,6749,25,20
2021-07-28T23:59:59+02:00,91,104,2490,2366,7194,5209,7273,5007,6581,7060,4953,5319,2555,2689,3138,3208,2725,5152,1561,1468,4874,3609,5299,3764,5088,5627,3968,4396,1917,2214,2291,2486,1964,3825,50217,35201,7690,5921,9291,6970,6702,25,20
2021-07-27T23:59:59+02:00,88,102,2478,2352,7150,5189,7237,4991,6562,7041,4942,5308,2554,2688,3138,3207,2724,5152,1519,1441,4743,3533,5174,3690,5000,5560,3928,4347,1911,2201,2290,2483,1963,3825,50094,34644,7674,5840,9290,6935,6631,25,20
2021-07-26T23:59:59+02:00,87,99,2453,2338,7121,5173,7203,4975,6539,7022,4938,5298,2553,2688,3137,3207,2724,5152,1485,1388,4611,3475,5069,3631,4928,5486,3876,4313,1908,2187,2289,2477,1963,3824,49969,34110,7655,5775,9288,6887,6579,25,20
2021-07-25T23:59:59+02:00,85,96,2438,2321,7086,5153,7170,4962,6519,7002,4929,5294,2551,2685,3136,3206,2724,5151,1465,1364,4557,3437,5017,3601,4882,5448,3846,4291,1905,2183,2288,2477,1963,3824,49830,33857,7646,5744,9285,6855,6531,25,20
2021-07-24T23:59:59+02:00,85,96,2424,2315,7056,5141,7147,4951,6503,6988,4921,5290,2550,2682,3136,3206,2724,5151,1445,1347,4513,3417,4943,3557,4841,5426,3825,4283,1904,2181,2287,2475,1963,3823,49762,33670,7624,5663,9285,6855,6479,25,20
2021-07-23T23:59:59+02:00,83,94,2396,2293,7005,5117,7117,4930,6471,6964,4900,5283,2548,2680,3134,3206,2724,5151,1392,1316,4383,3326,4811,3481,4767,5359,3778,4251,1903,2173,2286,2470,1962,3823,49598,33062,7619,5636,9285,6835,6377,25,20
2021-07-22T23:59:59+02:00,81,91,2363,2269,6926,5083,7071,4895,6424,6921,4869,5261,2542,2677,3131,3205,2724,5149,1334,1279,4229,3259,4661,3409,4619,5283,3697,4204,1891,2164,2282,2468,1962,3822,49307,32454,7603,5494,9278,6768,6274,25,20
2021-07-21T23:59:59+02:00,80,86,2336,2252,6868,5055,7017,4857,6366,6885,4852,5238,2535,2673,3130,3202,2724,5147,1306,1242,4112,3181,4525,3349,4512,5181,3629,4163,1880,2153,2279,2468,1962,3820,49080,32010,7557,5293,9272,6708,6173,25,20
2021-07-20T23:59:59+02:00,79,85,2320,2234,6817,5029,6983,4830,6331,6848,4823,5221,2532,2669,3130,3202,2724,5147,1273,1216,4000,3119,4442,3302,4424,5103,3576,4132,1878,2144,2277,2467,1962,3819,48861,31566,7547,5224,9271,6659,6104,25,20
2021-07-19T23:59:59+02:00,78,85,2299,2212,6768,4997,6936,4810,6298,6817,4803,5206,2528,2665,3129,3198,2724,5146,1254,1195,3930,3075,4364,3269,4347,5040,3542,4109,1874,2138,2273,2464,1961,3819,48608,31276,7537,5115,9270,6616,6062,25,20
2021-07-18T23:59:59+02:00,78,83,2276,2187,6705,4962,6897,4782,6263,6781,4788,5196,2521,2660,3127,3198,2723,5145,1238,1175,3887,3036,4325,3240,4298,5020,3507,4096,1869,2128,2272,2464,1961,3817,48330,31082,7523,5043,9266,6592,6030,25,19
2021-07-17T23:59:59+02:00,76,79,2261,2174,6687,4949,6878,4767,6244,6766,4769,5186,2517,2659,3127,3197,2723,5144,1229,1163,3854,3003,4284,3221,4260,4988,3479,4084,1864,2125,2272,2462,1961,3817,48223,30930,7517,4991,9266,6585,5974,25,19
2021-07-16T23:59:59+02:00,76,76,2223,2149,6628,4917,6820,4733,6201,6724,4739,5157,2510,2655,3125,3196,2723,5144,1192,1142,3757,2957,4192,3178,4174,4929,3418,4038,1850,2115,2266,2460,1961,3816,48047,30595,7492,4964,9257,6518,5776,25,19
2021-07-15T23:59:59+02:00,74,71,2183,2121,6558,4884,6764,4693,6153,6674,4722,5130,2507,2652,3123,3193,2723,5144,1146,1111,3565,2851,4015,3075,4028,4832,3356,3976,1841,2106,2264,2455,1961,3816,47735,29924,7479,4751,9252,6452,5676,25,19
2021-07-14T23:59:59+02:00,73,69,2151,2105,6491,4849,6690,4660,6100,6631,4701,5109,2500,2646,3120,3191,2723,5144,1098,1077,3452,2768,3914,3014,3925,4762,3313,3932,1829,2098,2263,2452,1961,3816,47433,29463,7466,4658,9250,6381,5575,25,19
2021-07-13T23:59:59+02:00,70,65,2123,2079,6440,4821,6627,4625,6062,6585,4680,5092,2492,2641,3118,3191,2723,5144,1068,1048,3358,2691,3791,2948,3836,4676,3259,3872,1802,2091,2260,2447,1960,3814,47133,28992,7461,4527,9249,6292,5506,24,19
2021-07-12T23:59:59+02:00,65,64,2098,2060,6372,4780,6559,4583,6014,6549,4654,5065,2487,2638,3115,3190,2723,5144,1038,1028,3262,2618,3682,2887,3735,4598,3211,3826,1791,2080,2256,2437,1960,3814,46809,28562,7452,4412,9245,6217,5423,24,19
2021-07-11T23:59:59+02:00,61,63,2089,2048,6338,4763,6530,4564,5984,6532,4645,5058,2484,2633,3113,3190,2722,5144,1029,1013,3226,2579,3625,2859,3683,4571,3188,3813,1782,2068,2253,2433,1960,3814,46707,28395,7432,4381,9243,6161,5347,24,19
2021-07-10T23:59:59+02:00,60,62,2067,2020,6260,4720,6468,4530,5937,6495,4622,5047,2481,2630,3113,3187,2722,5143,1014,996,3174,2542,3581,2829,3646,4541,3172,3801,1776,2062,2253,2431,1960,3814,46466,28230,7414,4380,9228,6148,5221,24,19
2021-07-09T23:59:59+02:00,59,60,2045,2000,6191,4682,6419,4506,5888,6462,4604,5025,2479,2626,3112,3186,2722,5143,995,981,3121,2499,3530,2797,3597,4506,3146,3775,1774,2048,2251,2430,1960,3814,46243,28030,7383,4351,9223,6097,5122,24,19
2021-07-08T23:59:59+02:00,55,57,1993,1953,6097,4622,6319,4452,5822,6399,4570,4992,2472,2617,3109,3182,2722,5143,926,929,2961,2417,3339,2724,3424,4414,3074,3708,1757,2032,2249,2421,1959,3813,45927,27553,7309,4067,9190,5978,4910,24,19
2021-07-07T23:59:59+02:00,55,56,1928,1911,5982,4549,6216,4401,5751,6342,4537,4946,2466,2608,3104,3178,2722,5143,877,900,2816,2343,3173,2651,3269,4309,3019,3644,1739,2006,2241,2413,1959,3811,45446,27027,7268,3831,9172,5900,4765,24,19
2021-07-06T23:59:59+02:00,53,56,1885,1877,5878,4497,6127,4361,5699,6274,4494,4911,2460,2602,3101,3174,2722,5143,841,867,2706,2247,3083,2592,3196,4218,2963,3590,1714,1975,2238,2407,1959,3811,45017,26540,7229,3731,9159,5820,4664,24,19
2021-07-05T23:59:59+02:00,51,56,1817,1832,5737,4424,6015,4325,5632,6221,4452,4874,2456,2595,3099,3173,2722,5141,799,830,2603,2173,3007,2544,3120,4148,2914,3535,1696,1956,2231,2398,1958,3808,44550,26170,7192,3664,9136,5738,4494,24,19
2021-07-04T23:59:59+02:00,51,55,1776,1797,5660,4385,5971,4297,5592,6201,4434,4855,2454,2592,3099,3171,2722,5140,761,805,2545,2125,2971,2521,3090,4115,2891,3513,1682,1934,2229,2397,1957,3808,44357,26038,7157,3608,9110,5664,4378,24,19
2021-07-03T23:59:59+02:00,49,44,1681,1725,5458,4233,5825,4210,5507,6111,4386,4819,2452,2589,3099,3167,2722,5140,723,781,2483,2080,2921,2500,3052,4070,2861,3485,1676,1927,2228,2393,1957,3806,43555,25869,7128,3606,9103,5636,4175,24,19
2021-07-02T23:59:59+02:00,43,37,1648,1686,5387,4191,5782,4176,5486,6086,4374,4801,2451,2583,3098,3166,2721,5140,704,756,2415,2033,2852,2460,3009,4023,2832,3445,1659,1910,2224,2387,1957,3804,43296,25591,7098,3580,9098,5538,4104,24,19
2021-07-01T23:59:59+02:00,37,32,1602,1653,5286,4130,5698,4129,5412,6018,4348,4774,2448,2579,3097,3165,2721,5139,636,719,2231,1964,2669,2378,2838,3911,2735,3359,1635,1887,2215,2375,1956,3802,42914,24855,7041,3377,9084,5442,3967,24,19
2021-06-30T23:59:59+02:00,37,30,1558,1610,5180,4048,5602,4086,5354,5972,4336,4750,2444,2572,3095,3162,2721,5139,602,686,2135,1900,2559,2329,2729,3825,2674,3284,1615,1859,2207,2363,1955,3801,42517,24406,6985,3265,9068,5319,3861,24,19
2021-06-29T23:59:59+02:00,36,27,1506,1536,5081,3962,5511,4033,5301,5913,4309,4722,2440,2568,3094,3161,2721,5138,576,646,2059,1825,2482,2266,2630,3708,2613,3235,1600,1826,2195,2350,1954,3798,42020,23932,6956,3191,9061,5212,3752,24,19
2021-06-28T23:59:59+02:00,35,26,1477,1481,4972,3908,5448,3982,5256,5871,4281,4696,2436,2560,3093,3159,2721,5138,562,624,1966,1764,2406,2211,2559,3626,2568,3188,1582,1808,2188,2344,1954,3795,41646,23621,6897,3056,9051,5118,3672,24,19
2021-06-27T23:59:59+02:00,35,25,1447,1456,4927,3871,5402,3953,5216,5853,4270,4687,2434,2556,3093,3158,2721,5138,544,609,1915,1721,2371,2192,2516,3588,2538,3171,1574,1796,2187,2335,1954,3795,41473,23482,6859,3002,9035,5042,3601,24,19
2021-06-26T23:59:59+02:00,27,20,1416,1429,4860,3825,5310,3909,5178,5820,4249,4673,2434,2554,3093,3156,2721,5138,538,600,1883,1701,2337,2174,2495,3567,2518,3151,1553,1786,2186,2333,1954,3795,41120,23273,6781,2999,9035,5018,3601,22,19
2021-06-25T23:59:59+02:00,21,12,1384,1391,4754,3753,5258,3882,5142,5795,4224,4662,2431,2552,3091,3155,2721,5138,529,577,1838,1679,2280,2109,2402,3428,2475,3053,1545,1765,2182,2329,1952,3794,40707,22837,6750,2973,9034,4841,3599,22,19
2021-06-24T23:59:59+02:00,15,11,1338,1344,4578,3645,5136,3832,5051,5755,4182,4632,2427,2549,3091,3154,2720,5138,491,555,1728,1615,2117,2045,2242,3349,2368,2960,1513,1742,2174,2324,1951,3791,40099,22343,6699,2671,9028,4759,3492,22,19
2021-06-23T23:59:59+02:00,15,11,1308,1313,4497,3598,5057,3785,4999,5711,4158,4597,2417,2543,3087,3152,2719,5138,457,538,1663,1560,2019,1999,2127,3256,2271,2871,1491,1719,2168,2318,1950,3789,39692,21817,6653,2599,9022,4618,3458,22,19
2021-06-22T23:59:59+02:00,14,11,1282,1296,4425,3541,4978,3742,4954,5666,4132,4571,2413,2537,3087,3151,2718,5138,443,520,1607,1524,1939,1947,2049,3146,2171,2783,1479,1695,2159,2306,1950,3785,39305,21412,6611,2485,9019,4465,3434,22,18
2021-06-21T23:59:59+02:00,14,11,1255,1257,4317,3461,4900,3700,4892,5605,4106,4553,2409,2524,3086,3146,2717,5136,427,506,1574,1492,1905,1907,2001,3069,2111,2707,1457,1660,2138,2283,1950,3781,38808,21140,6572,2393,9017,4323,3401,22,18
2021-06-20T23:59:59+02:00,14,9,1232,1228,4252,3404,4859,3683,4857,5585,4083,4542,2407,2522,3085,3146,2716,5136,411,492,1541,1465,1882,1885,1970,3045,2063,2668,1450,1647,2136,2277,1950,3780,38546,20968,6544,2355,9006,4260,3368,22,17
2021-06-19T23:59:59+02:00,13,9,1222,1209,4213,3376,4839,3660,4828,5563,4066,4533,2404,2520,3085,3145,2715,5136,406,488,1524,1449,1865,1861,1958,3022,2040,2635,1442,1639,2133,2276,1948,3779,38390,20819,6486,2327,9006,4252,3352,22,17
2021-06-18T23:59:59+02:00,9,6,1204,1189,4149,3339,4790,3623,4779,5526,4042,4521,2400,2516,3084,3143,2715,5136,396,479,1503,1432,1840,1829,1915,2974,1991,2579,1428,1628,2133,2271,1947,3776,38083,20528,6440,2324,9006,4211,3339,22,17
2021-06-17T23:59:59+02:00,8,6,1165,1163,3994,3271,4609,3552,4613,5440,3983,4478,2394,2513,3084,3142,2714,5136,364,462,1407,1400,1668,1768,1757,2882,1894,2501,1405,1606,2122,2259,1945,3774,37521,20075,6382,2221,8999,4134,3059,20,17
2021-06-16T23:59:59+02:00,8,6,1143,1132,3895,3190,4518,3504,4508,5376,3939,4448,2386,2509,3083,3139,2713,5135,349,442,1349,1364,1610,1737,1677,2802,1834,2434,1391,1580,2110,2246,1945,3770,37063,19692,6265,2154,8990,4058,3008,20,17
2021-06-15T23:59:59+02:00,8,6,1110,1100,3763,3113,4452,3450,4434,5303,3900,4417,2378,2502,3078,3137,2713,5134,340,419,1300,1319,1564,1696,1612,2744,1766,2366,1374,1552,2105,2232,1944,3769,36544,19378,6231,2073,8978,3986,2933,20,17
2021-06-14T23:59:59+02:00,8,4,1087,1070,3676,3065,4367,3395,4357,5233,3848,4384,2374,2492,3078,3133,2712,5133,332,406,1262,1289,1521,1666,1569,2691,1710,2315,1363,1527,2100,2225,1943,3767,36101,19144,6144,2015,8973,3909,2882,20,17
2021-06-13T23:59:59+02:00,8,4,1072,1056,3628,3025,4311,3354,4308,5196,3830,4370,2373,2486,3077,3132,2712,5131,327,399,1230,1273,1488,1643,1526,2657,1675,2277,1349,1507,2094,2214,1943,3765,35850,18970,6109,1994,8968,3835,2827,20,17
2021-06-12T23:59:59+02:00,8,3,1055,1035,3601,3000,4283,3335,4293,5182,3814,4360,2370,2483,3076,3131,2712,5130,323,398,1223,1257,1466,1625,1502,2637,1632,2256,1340,1497,2082,2212,1943,3765,35667,18821,6098,1994,8968,3781,2817,20,17
2021-06-11T23:59:59+02:00,7,3,1039,1024,3564,2958,4209,3309,4256,5149,3789,4349,2369,2479,3075,3128,2712,5129,314,386,1202,1225,1442,1607,1459,2588,1577,2211,1330,1482,2080,2207,1943,3764,35391,18577,6071,1988,8965,3708,2796,20,17
2021-06-10T23:59:59+02:00,6,3,983,983,3456,2883,4080,3232,4158,5081,3734,4315,2366,2471,3073,3126,2711,5129,299,374,1145,1192,1381,1549,1395,2518,1496,2108,1299,1451,2075,2197,1942,3761,34834,18166,5944,1981,8948,3555,2726,20,17
2021-06-09T23:59:59+02:00,6,1,934,955,3331,2791,3944,3175,4067,5004,3692,4275,2362,2465,3070,3123,2711,5129,281,359,1085,1160,1318,1524,1336,2442,1422,2039,1276,1394,2068,2184,1941,3758,34358,17857,5780,1930,8945,3436,2606,20,17
2021-06-08T23:59:59+02:00,5,1,886,918,3204,2708,3823,3092,3969,4924,3637,4248,2355,2460,3067,3120,2710,5127,268,341,1041,1121,1266,1493,1284,2387,1378,1966,1255,1362,2057,2167,1938,3754,33822,17631,5646,1885,8935,3307,2495,20,16
2021-06-07T23:59:59+02:00,4,1,859,893,3103,2636,3694,3058,3848,4852,3588,4221,2341,2456,3066,3118,2710,5125,259,334,996,1084,1213,1472,1238,2335,1310,1914,1241,1342,2043,2150,1937,3746,33453,17465,5477,1850,8929,3183,2350,20,16
2021-06-06T23:59:59+02:00,4,1,840,883,3047,2596,3612,3014,3778,4823,3556,4208,2338,2450,3064,3117,2708,5124,252,322,982,1059,1183,1444,1217,2279,1280,1856,1225,1327,2036,2143,1935,3743,33244,17365,5348,1802,8923,3070,2276,20,16
2021-06-05T23:59:59+02:00,4,1,828,867,2978,2540,3568,2987,3741,4802,3543,4205,2338,2448,3064,3116,2708,5123,248,315,966,1040,1164,1426,1194,2253,1246,1835,1208,1304,2033,2139,1935,3743,32986,17213,5343,1799,8917,3023,2241,20,16
2021-06-04T23:59:59+02:00,2,1,806,851,2930,2493,3493,2947,3674,4752,3516,4189,2334,2445,3061,3116,2708,5123,238,308,947,1013,1144,1412,1161,2222,1217,1804,1192,1282,2026,2134,1935,3741,32674,17066,5299,1794,8915,2969,2173,20,16
2021-06-03T23:59:59+02:00,2,1,762,820,2783,2404,3317,2845,3499,4639,3427,4118,2326,2435,3057,3111,2708,5123,227,296,919,983,1091,1362,1097,2134,1159,1742,1156,1240,2017,2120,1935,3739,32017,16859,5072,1780,8902,2806,1991,20,16
2021-06-02T23:59:59+02:00,2,1,735,814,2716,2333,3256,2796,3441,4575,3386,4093,2324,2431,3057,3110,2708,5123,215,292,900,958,1043,1334,1054,2090,1109,1694,1142,1204,2015,2117,1935,3739,31675,16654,5055,1766,8902,2770,1865,20,16
2021-06-01T23:59:59+02:00,2,1,690,786,2565,2228,3068,2699,3270,4463,3323,4033,2313,2423,3054,3104,2708,5123,202,279,826,916,949,1276,975,1978,1055,1621,1109,1148,2006,2105,1933,3734,31076,16382,4841,1728,8893,2581,1623,20,16
2021-05-31T23:59:59+02:00,2,1,658,765,2446,2152,2934,2614,3165,4368,3269,3986,2308,2410,3052,3101,2708,5122,189,267,781,879,886,1234,932,1901,1016,1563,1089,1119,2000,2100,1931,3732,30704,16217,4617,1714,8877,2450,1434,20,16
2021-05-30T23:59:59+02:00,2,1,648,755,2397,2106,2862,2580,3111,4326,3250,3964,2304,2406,3052,3100,2707,5120,180,251,747,845,836,1191,890,1839,994,1511,1076,1103,1994,2091,1931,3730,30559,16123,4556,1704,8868,2297,1277,20,16
2021-05-29T23:59:59+02:00,2,1,646,753,2383,2091,2839,2569,3095,4308,3240,3955,2303,2405,3052,3100,2707,5120,177,243,741,835,818,1167,875,1788,981,1475,1062,1084,1993,2085,1930,3730,30440,16034,4554,1704,8866,2161,1276,20,16
2021-05-28T23:59:59+02:00,2,1,639,743,2354,2056,2796,2543,3070,4291,3228,3939,2303,2401,3050,3095,2707,5120,174,236,731,824,808,1147,865,1749,948,1435,1042,1055,1990,2077,1929,3728,30220,15866,4545,1702,8863,2086,1272,20,16
2021-05-27T23:59:59+02:00,2,1,597,725,2231,2008,2666,2473,2938,4217,3146,3887,2294,2387,3049,3093,2707,5117,161,221,669,776,733,1092,787,1651,883,1350,1020,1024,1976,2056,1928,3726,29755,15658,4418,1662,8835,1839,1078,20,15
2021-05-26T23:59:59+02:00,2,1,570,701,2136,1943,2508,2416,2814,4155,3091,3835,2283,2376,3044,3086,2704,5111,157,207,632,737,687,1057,744,1582,837,1295,1005,995,1957,2023,1923,3720,29367,15435,4192,1652,8810,1706,947,20,15
2021-05-25T23:59:59+02:00,2,1,548,687,2056,1889,2408,2375,2708,4073,3042,3801,2270,2367,3041,3081,2703,5107,149,199,613,707,656,1024,700,1524,789,1234,984,973,1930,1989,1922,3716,29026,15219,4017,1616,8770,1573,883,19,14
2021-05-24T23:59:59+02:00,2,1,535,668,2006,1853,2334,2344,2641,4021,2990,3762,2258,2359,3035,3080,2700,5106,145,191,594,689,629,992,664,1465,766,1181,963,957,1924,1987,1917,3715,28852,15123,3854,1604,8737,1449,784,19,14
2021-05-23T23:59:59+02:00,2,1,532,667,1993,1842,2322,2331,2631,4008,2979,3747,2254,2356,3035,3078,2700,5106,144,190,590,683,623,988,648,1453,755,1174,958,951,1920,1983,1915,3711,28746,15047,3851,1598,8736,1440,782,19,14
2021-05-22T23:59:59+02:00,2,1,527,658,1970,1825,2292,2316,2607,3978,2952,3720,2246,2352,3034,3075,2700,5105,141,182,583,678,619,978,637,1448,750,1165,945,945,1912,1968,1915,3711,28529,14979,3850,1598,8734,1405,773,19,14
2021-05-21T23:59:59+02:00,2,1,515,643,1892,1795,2211,2273,2546,3929,2911,3674,2239,2339,3031,3074,2700,5104,141,179,578,671,607,969,625,1436,730,1145,930,919,1900,1962,1915,3710,28089,14884,3823,1597,8719,1344,770,19,14
2021-05-20T23:59:59+02:00,2,1,478,624,1762,1727,2085,2202,2426,3837,2830,3588,2220,2326,3023,3066,2698,5101,134,171,550,636,574,930,597,1380,699,1082,905,886,1888,1949,1913,3707,27446,14753,3708,1582,8649,1142,698,19,14
2021-05-19T23:59:59+02:00,2,1,438,589,1658,1654,1950,2137,2292,3740,2729,3497,2202,2310,3016,3061,2692,5100,121,163,523,616,542,896,568,1330,672,1022,885,865,1868,1919,1906,3702,26730,14580,3640,1562,8608,1046,580,19,14
2021-05-18T23:59:59+02:00,2,0,417,567,1584,1597,1856,2079,2180,3619,2637,3402,2190,2291,3008,3053,2691,5096,114,156,499,596,520,864,551,1254,654,960,869,838,1856,1900,1902,3695,26243,14449,3472,1523,8554,941,481,19,14
2021-05-17T23:59:59+02:00,2,0,397,555,1531,1563,1804,2029,2112,3513,2588,3331,2171,2272,2997,3045,2689,5091,109,148,479,582,512,829,538,1190,642,905,851,804,1851,1889,1901,3690,25952,14362,3334,1488,8492,843,389,19,13
2021-05-16T23:59:59+02:00,2,0,393,554,1505,1534,1774,2007,2071,3462,2530,3275,2157,2264,2994,3041,2689,5090,106,146,471,563,503,813,525,1140,623,863,822,775,1846,1885,1901,3689,25777,14306,3266,1453,8457,754,316,19,13
2021-05-15T23:59:59+02:00,2,0,388,550,1479,1517,1757,1987,2052,3440,2507,3239,2150,2264,2993,3039,2688,5090,106,143,469,562,503,812,520,1136,616,854,818,773,1842,1882,1901,3689,25585,14274,3266,1453,8452,746,311,18,13
2021-05-14T23:59:59+02:00,2,0,377,539,1450,1487,1717,1946,1974,3367,2460,3195,2140,2255,2990,3039,2686,5090,104,140,467,546,485,788,501,1106,603,838,805,759,1835,1874,1901,3688,25225,14218,3225,1438,8430,645,294,18,13
2021-05-13T23:59:59+02:00,2,0,357,523,1396,1440,1619,1904,1860,3281,2391,3108,2114,2237,2981,3034,2684,5084,99,137,456,538,475,773,495,1091,593,825,779,733,1820,1851,1900,3682,24801,14136,3014,1391,8379,605,267,18,13
2021-05-12T23:59:59+02:00,1,0,350,520,1378,1432,1603,1895,1839,3257,2377,3094,2111,2230,2975,3031,2684,5083,99,135,454,538,474,767,491,1087,590,819,771,719,1816,1844,1898,3682,24674,14084,2993,1383,8374,604,264,17,13
2021-05-11T23:59:59+02:00,1,0,333,500,1312,1399,1507,1859,1734,3158,2277,3020,2094,2203,2966,3020,2680,5082,93,125,440,512,455,741,472,1056,558,798,747,688,1804,1834,1896,3678,24274,13971,2830,1347,8268,516,211,17,13
2021-05-10T23:59:59+02:00,1,0,319,484,1274,1370,1458,1830,1670,3103,2220,2950,2082,2188,2957,3011,2679,5078,93,122,434,505,446,721,465,1033,554,775,734,672,1798,1827,1894,3674,24010,13909,2757,1340,8155,463,184,17,12
2021-05-09T23:59:59+02:00,1,0,314,474,1235,1351,1436,1814,1625,3067,2156,2905,2072,2174,2954,3005,2679,5073,90,119,426,496,438,715,456,1024,544,762,722,662,1792,1822,1893,3671,23785,13866,2705,1334,8108,415,162,17,12
2021-05-08T23:59:59+02:00,1,0,308,472,1226,1333,1407,1797,1596,3044,2107,2888,2065,2166,2952,3004,2677,5072,89,119,425,496,436,714,455,1019,544,756,719,661,1786,1811,1893,3671,23570,13849,2702,1326,8104,403,161,17,12
2021-05-07T23:59:59+02:00,1,0,298,465,1200,1308,1361,1777,1539,2981,2055,2840,2056,2156,2951,2999,2675,5067,86,116,414,483,426,688,442,984,521,730,713,637,1765,1797,1893,3667,23303,13780,2674,1301,8041,299,127,17,11
2021-05-06T23:59:59+02:00,1,0,281,452,1113,1271,1245,1714,1402,2870,1921,2750,2018,2124,2947,2986,2674,5063,84,110,401,469,415,673,430,963,502,711,701,620,1750,1781,1889,3660,22812,13709,2487,1280,7835,216,99,15,10
2021-05-05T23:59:59+02:00,1,0,266,438,1074,1247,1203,1678,1334,2805,1834,2669,1995,2092,2933,2971,2674,5052,84,106,393,460,410,661,423,952,495,693,681,607,1725,1760,1889,3657,22364,13624,2427,1258,7777,168,92,15,9
2021-05-04T23:59:59+02:00,1,0,258,428,1039,1225,1165,1657,1292,2758,1778,2605,1976,2059,2923,2957,2664,5039,80,103,386,450,407,656,414,933,486,674,664,586,1709,1734,1885,3657,22031,13528,2365,1226,7731,130,86,15,8
2021-05-03T23:59:59+02:00,1,0,254,420,1008,1202,1129,1641,1263,2725,1732,2568,1959,2030,2910,2948,2662,5033,76,97,374,444,399,648,410,925,478,667,648,576,1686,1706,1883,3653,21783,13429,2341,1217,7683,109,60,15,7
2021-05-02T23:59:59+02:00,1,0,248,419,995,1191,1101,1625,1238,2712,1717,2546,1952,2016,2905,2945,2660,5030,74,97,368,441,396,643,407,919,475,661,640,565,1666,1693,1883,3652,21661,13389,2325,1195,7647,96,45,15,7
2021-05-01T23:59:59+02:00,1,0,245,415,987,1183,1091,1616,1226,2699,1702,2527,1944,2010,2901,2941,2660,5030,74,97,368,440,395,643,406,915,475,660,638,565,1666,1693,1883,3652,21535,13382,2325,1195,7647,93,45,15,7
2021-04-30T23:59:59+02:00,1,0,243,409,977,1163,1070,1597,1189,2635,1641,2468,1930,1993,2895,2936,2659,5026,73,95,367,434,392,637,405,890,470,649,631,559,1663,1687,1883,3650,21225,13366,2320,1183,7643,68,14,15,6
2021-04-29T23:59:59+02:00,1,0,229,394,930,1140,1033,1561,1142,2582,1551,2396,1881,1947,2886,2925,2654,5014,73,94,361,433,387,632,399,879,460,638,617,548,1648,1675,1877,3644,20749,13294,2284,1156,7584,47,13,15,6
2021-04-28T23:59:59+02:00,1,0,218,391,917,1126,1003,1550,1108,2544,1484,2341,1843,1884,2874,2920,2652,5011,70,93,354,430,384,622,396,869,454,625,600,530,1631,1658,1877,3642,20444,13218,2242,1115,7530,34,12,15,6
2021-04-27T23:59:59+02:00,1,0,217,385,903,1113,989,1538,1084,2519,1462,2313,1810,1841,2868,2913,2650,5007,68,90,352,427,382,617,394,865,448,620,593,519,1619,1635,1873,3639,20245,13157,2216,1087,7496,29,12,14,6
2021-04-26T23:59:59+02:00,1,0,214,379,894,1104,979,1527,1058,2502,1408,2265,1792,1820,2858,2902,2647,5001,68,89,348,423,382,616,390,862,444,614,584,507,1604,1620,1871,3635,20057,13112,2201,1049,7432,27,12,14,6
2021-04-25T23:59:59+02:00,1,0,214,378,886,1095,967,1519,1041,2483,1375,2231,1768,1797,2850,2895,2647,5000,67,88,347,418,379,615,388,858,442,613,581,501,1599,1610,1871,3633,19925,13093,2177,1030,7381,19,12,14,5
2021-04-24T23:59:59+02:00,1,0,210,374,875,1086,954,1505,1027,2464,1343,2208,1758,1773,2847,2890,2647,5000,67,88,347,418,378,615,388,856,441,610,580,498,1598,1607,1871,3633,19757,13086,2177,1021,7362,19,12,14,5
2021-04-23T23:59:59+02:00,1,0,206,368,864,1075,947,1495,1008,2445,1285,2162,1735,1747,2841,2884,2647,4997,66,86,347,418,378,614,387,853,438,606,573,490,1589,1599,1871,3628,19602,13061,2166,994,7267,19,12,14,5
2021-04-22T23:59:59+02:00,1,0,205,360,840,1056,923,1472,978,2403,1232,2099,1691,1700,2830,2864,2645,4988,66,85,345,414,372,606,384,843,433,601,563,482,1570,1586,1866,3623,19309,12991,2111,967,7191,12,12,14,5
2021-04-21T23:59:59+02:00,1,0,200,353,821,1042,899,1455,940,2367,1181,2051,1646,1636,2810,2843,2638,4980,64,83,342,412,371,603,381,838,430,594,558,476,1558,1564,1855,3618,18971,12921,2080,945,7132,12,12,14,5
2021-04-20T23:59:59+02:00,1,0,194,348,805,1018,882,1436,919,2315,1141,2000,1590,1569,2783,2818,2632,4965,63,83,340,411,367,599,377,832,430,587,552,468,1536,1532,1851,3614,18659,12840,2008,922,7065,11,12,14,5
2021-04-19T23:59:59+02:00,1,0,192,340,791,1007,869,1419,902,2284,1117,1967,1553,1524,2770,2804,2630,4960,63,82,339,409,362,594,373,823,425,577,548,462,1508,1506,1845,3601,18455,12747,1992,894,6998,8,11,13,5
2021-04-18T23:59:59+02:00,1,0,191,337,783,998,857,1408,883,2266,1096,1947,1517,1485,2761,2797,2624,4954,62,80,338,408,362,594,372,818,423,575,545,456,1498,1500,1842,3599,18327,12718,1960,878,6927,8,11,13,5
2021-04-17T23:59:59+02:00,1,0,189,333,780,995,852,1406,874,2261,1090,1939,1497,1460,2756,2789,2624,4954,62,77,336,403,361,594,370,814,423,572,541,450,1490,1492,1842,3597,18248,12672,1959,876,6901,8,11,13,5
2021-04-16T23:59:59+02:00,1,0,188,332,772,989,840,1390,861,2240,1053,1900,1442,1393,2743,2774,2620,4947,57,75,333,396,360,592,366,802,416,558,516,421,1477,1471,1831,3584,18024,12566,1944,812,6824,7,11,12,5
2021-04-15T23:59:59+02:00,1,0,187,327,750,972,823,1379,836,2197,1012,1861,1392,1339,2714,2746,2605,4931,55,74,328,390,355,591,358,797,406,555,501,413,1445,1439,1819,3569,17751,12453,1928,765,6696,6,11,11,5
2021-04-14T23:59:59+02:00,1,0,186,321,741,965,816,1366,825,2164,995,1832,1336,1294,2666,2681,2592,4915,53,70,324,387,351,587,355,789,397,542,485,396,1412,1408,1812,3551,17475,12320,1909,722,6612,6,11,10,5
2021-04-13T23:59:59+02:00,1,0,182,315,732,961,805,1355,814,2139,962,1804,1274,1222,2613,2623,2584,4900,51,70,321,384,343,582,348,781,389,534,472,388,1386,1386,1804,3540,17229,12225,1858,677,6499,5,11,9,5
2021-04-12T23:59:59+02:00,1,0,182,314,728,956,798,1343,790,2116,947,1783,1228,1187,2594,2593,2580,4886,50,66,311,377,338,576,343,773,383,528,457,378,1370,1373,1801,3532,17095,12141,1836,635,6392,5,11,8,5
2021-04-11T23:59:59+02:00,0,0,180,313,722,947,791,1338,779,2100,931,1766,1207,1158,2574,2571,2575,4879,49,64,306,375,336,574,342,769,378,520,452,369,1355,1368,1797,3525,17025,12089,1812,609,6288,4,11,8,5
2021-04-10T23:59:59+02:00,0,0,180,311,722,944,789,1337,772,2092,924,1760,1193,1144,2561,2556,2575,4879,44,59,283,362,321,559,328,757,363,510,439,362,1343,1349,1792,3519,16971,11912,1803,593,6259,4,10,8,5
2021-04-09T23:59:59+02:00,0,0,180,307,717,940,779,1314,764,2008,905,1678,1142,1075,2520,2528,2572,4871,37,57,268,348,304,548,309,743,350,494,422,353,1303,1320,1779,3505,16815,11687,1766,563,6011,4,8,6,5
2021-04-08T23:59:59+02:00,0,0,179,304,713,933,772,1308,751,1991,883,1658,1074,995,2462,2491,2560,4861,36,55,260,334,291,540,293,727,325,476,396,330,1254,1282,1755,3471,16650,11401,1704,530,5874,4,7,6,5
2021-04-07T23:59:59+02:00,0,0,173,301,705,927,764,1294,734,1963,862,1627,1021,938,2411,2433,2551,4845,34,52,242,318,281,534,284,714,311,463,368,311,1207,1245,1736,3433,16460,11134,1663,499,5716,4,7,6,5
2021-04-06T23:59:59+02:00,0,0,169,300,699,923,751,1279,715,1940,835,1602,988,891,2371,2384,2543,4835,32,51,241,315,278,531,274,711,301,458,357,297,1179,1215,1716,3411,16343,11001,1629,466,5539,4,7,6,5
2021-04-05T23:59:59+02:00,0,0,169,300,698,917,747,1270,706,1924,825,1587,961,866,2345,2341,2538,4827,32,51,241,311,277,527,271,704,296,456,355,290,1146,1190,1708,3392,16282,10908,1613,437,5408,4,7,6,5
2021-04-04T23:59:59+02:00,0,0,168,297,695,911,742,1259,697,1908,818,1566,948,852,2340,2335,2538,4826,32,51,241,311,276,527,271,704,295,456,353,290,1129,1177,1704,3388,16254,10866,1611,437,5318,4,7,5,5
2021-04-03T23:59:59+02:00,0,0,168,297,695,911,740,1257,696,1903,811,1563,935,843,2334,2324,2535,4825,32,51,241,311,276,527,271,703,295,454,353,290,1129,1172,1704,3385,16210,10855,1611,437,5298,4,7,5,5
2021-04-02T23:59:59+02:00,0,0,168,296,695,910,739,1254,693,1896,803,1552,923,832,2312,2303,2533,4822,32,51,238,311,274,525,268,696,287,449,349,289,1108,1144,1693,3358,16141,10738,1599,430,5271,4,7,5,5
2021-04-01T23:59:59+02:00,0,0,165,293,689,899,726,1241,687,1876,785,1531,894,799,2274,2255,2527,4803,31,50,230,308,272,521,265,689,281,444,337,281,1070,1106,1660,3315,16014,10538,1538,416,5168,4,7,5,5
2021-03-31T23:59:59+02:00,0,0,162,290,682,892,716,1225,679,1830,771,1488,878,781,2230,2196,2506,4784,31,50,229,307,267,519,261,687,272,434,323,275,1007,1053,1636,3283,15897,10331,1478,398,5012,4,6,5,5
2021-03-30T23:59:59+02:00,0,0,158,283,676,883,712,1204,670,1791,762,1444,859,763,2185,2132,2492,4762,31,49,226,304,264,516,259,681,267,426,312,269,974,1024,1614,3247,15759,10175,1434,380,4858,4,6,5,5
2021-03-29T23:59:59+02:00,0,0,155,277,671,870,706,1193,660,1759,749,1405,840,746,2115,2065,2471,4732,31,48,225,303,263,514,255,675,259,415,305,264,948,1003,1601,3220,15556,10050,1390,370,4741,4,6,5,5
2021-03-28T23:59:59+02:00,0,0,147,260,661,863,700,1184,655,1738,744,1389,833,725,2072,2023,2466,4720,31,47,222,303,259,508,251,672,257,412,303,262,937,993,1595,3212,15482,9993,1338,362,4632,4,6,5,5
2021-03-27T23:59:59+01:00,0,0,147,257,657,856,696,1180,649,1726,742,1382,825,711,2062,2010,2466,4718,31,47,222,303,259,508,250,666,254,407,301,261,930,983,1578,3188,15432,9927,1329,352,4594,4,6,5,5
2021-03-26T23:59:59+01:00,0,0,145,255,647,844,691,1164,640,1708,734,1352,806,693,2036,1985,2456,4708,31,47,222,303,258,506,250,666,248,395,296,254,898,951,1545,3139,15325,9750,1292,352,4515,4,4,5,5
2021-03-25T23:59:59+01:00,0,0,142,254,637,834,673,1143,625,1674,716,1309,787,673,1994,1943,2440,4690,31,47,219,298,257,505,243,663,246,393,288,250,859,920,1483,3060,15215,9515,1238,338,4346,3,4,5,5
2021-03-24T23:59:59+01:00,0,0,139,246,623,821,668,1130,616,1637,702,1275,763,656,1953,1899,2423,4666,31,47,217,296,256,503,241,663,240,390,281,244,816,896,1433,2968,15081,9293,1204,322,4196,2,3,5,5
2021-03-23T23:59:59+01:00,0,0,137,244,616,814,654,1119,606,1615,689,1237,745,642,1912,1867,2408,4648,30,46,215,295,254,499,234,658,237,383,271,240,792,873,1355,2870,14989,9032,1175,311,4051,2,3,5,5
2021-03-22T23:59:59+01:00,0,0,134,239,598,797,635,1100,595,1583,674,1211,735,630,1881,1843,2397,4632,30,45,214,293,252,497,233,650,236,379,268,235,767,851,1263,2765,14908,8770,1143,299,3893,2,3,5,5
2021-03-21T23:59:59+01:00,0,0,132,237,594,791,631,1097,590,1559,663,1176,729,620,1857,1836,2391,4616,30,45,213,293,251,495,232,649,235,377,266,232,761,848,1254,2756,14875,8737,1122,290,3777,2,3,5,5
2021-03-20T23:59:59+01:00,0,0,130,237,589,788,628,1094,587,1555,661,1174,725,611,1833,1814,2384,4604,30,45,213,293,251,495,231,647,232,371,264,230,752,842,1236,2743,14814,8685,1112,280,3741,2,3,5,5
2021-03-19T23:59:59+01:00,0,0,121,225,583,774,622,1088,584,1537,644,1160,691,569,1777,1773,2354,4583,29,45,213,292,250,495,230,640,229,368,262,224,726,823,1200,2690,14649,8540,1039,265,3646,2,3,5,5
2021-03-18T23:59:59+01:00,0,0,118,220,565,764,602,1056,565,1487,615,1112,655,544,1727,1725,2327,4540,29,45,211,290,248,488,230,634,225,359,260,216,709,811,1168,2647,14457,8412,977,246,3431,2,3,5,5
2021-03-17T23:59:59+01:00,0,0,113,214,554,751,590,1051,555,1473,600,1091,633,521,1683,1690,2306,4501,29,44,211,289,247,485,229,633,224,356,259,214,697,799,1133,2601,14256,8296,931,240,3377,2,3,5,5
2021-03-16T23:59:59+01:00,0,0,108,208,542,739,577,1039,543,1432,584,1063,615,497,1630,1638,2285,4465,29,43,211,287,247,480,228,631,222,355,255,214,682,780,1103,2546,14080,8162,878,237,3239,2,2,5,5
2021-03-15T23:59:59+01:00,0,0,104,201,528,724,566,1015,532,1397,569,1026,598,479,1589,1601,2263,4441,28,43,210,284,247,477,226,629,220,355,247,210,664,768,1078,2510,13929,8061,823,223,3110,2,0,5,5
2021-03-14T23:59:59+01:00,0,0,100,189,519,709,555,993,524,1352,552,981,580,464,1561,1580,2247,4416,28,43,210,282,246,476,225,624,219,350,245,206,660,761,1070,2495,13824,8034,788,194,2935,2,0,5,5
2021-03-13T23:59:59+01:00,0,0,96,178,493,688,526,967,497,1330,529,960,554,456,1535,1555,2239,4408,28,43,210,282,246,476,224,624,219,349,244,206,655,752,1041,2466,13600,7958,774,193,2848,2,0,5,5
2021-03-12T23:59:59+01:00,0,0,87,172,467,660,506,940,474,1295,504,925,524,435,1481,1508,2217,4369,28,43,210,281,246,475,224,624,219,348,240,204,642,740,1016,2439,13298,7870,745,193,2722,2,0,5,4
2021-03-11T23:59:59+01:00,0,0,81,161,436,623,472,908,436,1216,466,862,493,402,1404,1442,2169,4310,28,42,209,278,241,471,222,620,215,345,236,202,626,719,991,2398,12919,7785,692,142,2454,2,0,5,4
2021-03-10T23:59:59+01:00,0,0,79,155,412,598,453,890,418,1180,439,819,464,377,1327,1378,2130,4253,28,42,207,273,237,466,219,614,215,343,231,199,607,711,968,2359,12582,7676,659,125,2312,2,0,5,4
2021-03-09T23:59:59+01:00,0,0,78,151,402,578,428,861,404,1131,421,788,443,359,1278,1345,2089,4209,28,42,206,270,235,458,216,610,211,339,229,198,596,704,950,2328,12361,7595,633,106,2139,2,0,5,4
2021-03-08T23:59:59+01:00,0,0,75,146,388,560,410,843,392,1079,410,746,427,345,1223,1310,2065,4171,28,42,206,269,232,452,212,605,207,335,227,197,584,699,940,2317,12176,7544,596,90,1983,1,0,5,3
2021-03-07T23:59:59+01:00,0,0,72,142,385,550,402,827,380,1065,403,740,424,340,1211,1291,2056,4162,28,42,206,268,232,450,210,604,207,334,226,196,580,696,932,2310,12110,7515,570,88,1931,0,0,5,3
2021-03-06T23:59:59+01:00,0,0,72,136,382,546,395,806,373,1011,395,706,422,339,1204,1280,2041,4147,28,42,206,268,231,449,210,603,207,334,226,196,577,696,930,2297,12053,7507,570,75,1791,0,0,5,3
2021-03-05T23:59:59+01:00,0,0,72,131,378,540,391,800,370,995,384,680,411,326,1164,1238,1997,4088,28,42,205,267,230,448,209,601,206,331,224,195,572,695,922,2276,11839,7483,548,49,1730,0,0,5,3
2021-03-04T23:59:59+01:00,0,0,72,120,369,507,377,767,350,954,370,650,394,324,1112,1188,1913,3993,27,42,203,262,228,441,207,590,203,330,223,194,570,692,919,2273,11537,7435,516,48,1556,0,0,5,3
2021-03-03T23:59:59+01:00,0,0,68,113,360,491,370,751,345,932,356,630,384,316,1068,1155,1844,3872,27,42,203,261,227,439,204,580,203,323,222,191,565,689,912,2267,11266,7391,489,43,1445,0,0,5,3
2021-03-02T23:59:59+01:00,0,0,65,107,350,478,357,733,334,911,348,602,371,309,1033,1125,1746,3751,26,42,203,261,227,432,199,573,201,320,220,191,563,681,905,2254,10942,7332,465,43,1351,0,0,5,3
2021-03-01T23:59:59+01:00,0,0,64,105,344,465,350,714,323,886,341,568,366,305,1007,1093,1628,3597,26,41,202,260,225,423,197,565,201,316,219,191,560,675,896,2246,10602,7276,444,43,1245,0,0,5,3
2021-02-28T23:59:59+01:00,0,0,64,103,337,456,347,706,321,862,337,548,361,293,999,1089,1618,3585,26,41,201,259,224,423,197,565,201,316,218,191,559,671,893,2243,10558,7261,433,43,1168,0,0,5,3
2021-02-27T23:59:59+01:00,0,0,61,94,333,447,343,703,315,850,333,538,357,289,990,1078,1596,3564,26,41,201,258,224,422,196,564,200,315,218,191,559,671,893,2243,10489,7260,421,38,1112,0,0,5,3
2021-02-26T23:59:59+01:00,0,0,59,91,326,423,318,672,296,819,320,517,353,285,965,1058,1554,3502,26,40,201,257,224,420,194,561,197,313,218,191,559,671,892,2240,10329,7242,418,38,937,0,0,5,2
2021-02-25T23:59:59+01:00,0,0,52,79,313,404,308,642,289,791,305,491,344,275,947,1039,1517,3456,26,40,200,255,220,417,191,553,192,312,213,188,548,663,881,2234,10179,7181,404,28,792,0,0,5,2
2021-02-24T23:59:59+01:00,0,0,48,74,304,392,301,629,284,776,301,481,338,274,927,1027,1470,3397,25,40,198,253,217,404,189,545,189,307,211,185,542,657,879,2221,10031,7116,390,20,722,0,0,5,2
2021-02-23T23:59:59+01:00,0,0,45,65,291,377,293,610,278,757,291,471,331,272,899,1008,1429,3324,24,40,197,251,215,399,188,539,185,304,210,184,540,647,873,2202,9856,7055,371,16,630,0,0,5,2
2021-02-22T23:59:59+01:00,0,0,42,62,284,365,289,599,275,746,287,467,324,265,878,993,1399,3288,24,38,193,248,212,386,180,529,180,301,207,182,528,639,866,2185,9737,6965,355,5,587,0,0,4,2
2021-02-21T23:59:59+01:00,0,0,41,61,279,357,287,590,271,738,281,463,321,263,873,988,1392,3279,24,37,192,246,212,384,180,520,180,299,207,182,524,638,858,2172,9711,6921,347,5,538,0,0,4,2
2021-02-20T23:59:59+01:00,0,0,40,61,276,356,287,587,270,732,278,455,320,263,860,977,1360,3248,24,37,192,246,212,384,180,520,179,298,207,182,523,638,856,2171,9627,6915,336,5,516,0,0,4,2
2021-02-19T23:59:59+01:00,0,0,39,61,272,351,281,564,260,706,273,442,316,258,837,960,1326,3218,24,36,192,246,211,383,180,519,178,298,206,181,518,637,851,2154,9521,6880,321,5,428,0,0,3,2
2021-02-18T23:59:59+01:00,0,0,39,57,254,330,272,543,251,685,256,414,313,249,825,940,1300,3186,24,35,188,239,209,377,176,503,176,287,203,176,503,623,814,2087,9429,6686,295,5,294,0,0,3,2
2021-02-17T23:59:59+01:00,0,0,39,55,247,324,269,530,246,672,253,392,308,244,805,929,1271,3139,22,33,185,234,201,363,172,486,171,275,195,172,492,608,795,2048,9296,6516,285,4,242,0,0,3,2
2021-02-16T23:59:59+01:00,0,0,38,50,236,313,266,519,240,657,246,385,303,242,794,918,1246,3107,20,33,176,226,193,344,166,474,167,261,192,165,459,577,760,1980,9202,6256,277,4,179,0,0,3,2
2021-02-15T23:59:59+01:00,0,0,37,49,230,310,259,506,236,651,243,377,300,241,776,910,1234,3088,19,31,170,220,188,336,161,463,161,254,182,159,429,548,724,1909,9140,6017,263,4,142,0,0,3,2
2021-02-14T23:59:59+01:00,0,0,35,49,228,307,257,500,234,645,243,373,300,237,769,904,1225,3069,18,31,168,217,184,331,160,451,159,251,181,156,421,539,706,1866,9118,5901,230,4,124,0,0,3,2
2021-02-13T23:59:59+01:00,0,0,34,49,228,307,256,500,234,644,243,373,300,237,767,903,1224,3069,18,31,166,216,181,331,159,449,158,248,179,153,416,536,698,1851,9112,5854,230,1,123,0,0,3,2
2021-02-12T23:59:59+01:00,0,0,33,47,225,301,253,491,230,633,240,366,299,236,761,902,1221,3059,18,31,164,213,180,330,157,447,156,247,177,149,413,520,667,1785,9083,5718,230,1,79,0,0,3,2
2021-02-11T23:59:59+01:00,0,0,32,46,217,282,246,475,223,609,227,352,295,235,753,885,1196,3026,18,30,147,194,172,299,147,401,150,225,160,133,367,471,604,1617,9011,5195,163,1,18,0,0,3,2
2021-02-10T23:59:59+01:00,0,0,31,46,213,275,243,468,219,600,224,345,291,235,741,882,1188,3016,17,27,134,171,158,261,128,352,139,200,144,124,340,440,542,1492,8956,4723,146,1,7,0,0,3,0
2021-02-09T23:59:59+01:00,0,0,30,44,212,272,241,455,215,593,220,342,287,231,737,875,1179,3003,17,26,119,143,145,238,110,310,125,173,126,115,308,384,487,1334,8902,4209,122,1,3,0,0,3,0
2021-02-08T23:59:59+01:00,0,0,30,44,211,270,235,441,212,581,217,337,282,231,729,870,1173,2996,15,24,103,122,124,194,91,269,117,161,103,106,269,332,425,1199,8837,3698,107,1,3,0,0,3,0
2021-02-07T23:59:59+01:00,0,0,30,43,209,268,233,440,212,578,217,336,282,231,727,866,1168,2993,14,18,99,115,117,183,86,251,112,151,96,101,262,319,409,1149,8815,3523,104,1,0,0,0,3,0
2021-02-06T23:59:59+01:00,0,0,30,43,209,268,233,439,212,578,217,335,281,231,726,866,1167,2981,11,14,98,113,116,179,84,244,112,149,95,100,262,315,398,1134,8812,3462,90,1,0,0,0,3,0
2021-02-05T23:59:59+01:00,0,0,29,42,209,268,233,438,210,575,215,334,280,231,724,866,1155,2954,10,10,90,105,112,176,83,240,106,137,92,98,253,310,374,1105,8792,3337,55,0,0,0,0,3,0
2021-02-04T23:59:59+01:00,0,0,29,42,207,267,229,433,205,569,213,330,277,228,718,860,1146,2943,9,7,62,73,88,132,71,202,86,118,88,84,221,274,330,978,8725,2850,55,0,0,0,0,3,0
2021-02-03T23:59:59+01:00,0,0,29,41,207,265,228,421,202,563,212,327,275,226,708,857,1139,2928,6,4,45,55,69,108,53,157,73,89,63,59,166,200,249,715,8662,2133,50,0,0,0,0,3,0
2021-02-02T23:59:59+01:00,0,0,28,41,206,263,225,415,201,558,209,326,272,225,700,847,1132,2903,3,3,29,39,54,77,41,101,54,66,54,48,119,134,165,473,8584,1475,49,0,0,0,0,3,0
2021-02-01T23:59:59+01:00,0,0,27,39,204,263,222,410,198,552,205,319,271,222,693,844,1127,2891,3,1,22,21,27,45,28,62,30,35,38,30,72,86,95,284,8520,887,49,0,0,0,0,3,0
2021-01-31T23:59:59+01:00,0,0,27,39,204,261,220,406,196,544,204,317,270,222,689,840,1121,2876,3,1,20,16,18,37,21,49,22,31,35,24,57,74,92,254,8469,760,48,0,0,0,0,3,0
2021-01-30T23:59:59+01:00,0,0,27,39,204,261,220,406,195,544,204,317,270,222,688,840,1120,2874,3,1,19,15,16,37,19,45,20,30,34,23,57,71,90,248,8465,733,47,0,0,0,0,3,0
2021-01-29T23:59:59+01:00,0,0,27,39,204,258,219,405,194,543,202,315,270,222,683,837,1114,2866,3,0,16,10,11,31,18,40,16,27,34,22,54,70,88,242,8437,685,43,0,0,0,0,2,0
2021-01-28T23:59:59+01:00,0,0,27,38,197,255,219,399,193,534,199,310,269,222,671,829,1091,2846,3,0,3,3,6,18,10,22,7,13,26,15,37,47,58,171,8347,440,34,0,0,0,0,2,0
2021-01-27T23:59:59+01:00,0,0,26,36,192,250,214,390,191,520,196,300,261,217,657,812,1067,2808,1,0,2,3,5,14,9,20,6,12,25,14,31,41,49,130,8185,362,29,0,0,0,0,2,0
2021-01-26T23:59:59+01:00,0,0,23,36,189,239,208,377,186,502,193,291,255,212,635,795,1039,2757,1,0,1,3,5,14,9,20,6,12,24,11,30,37,48,113,7989,334,24,0,0,0,0,2,0
2021-01-25T23:59:59+01:00,0,0,23,35,181,237,205,367,181,492,188,280,245,207,612,775,1013,2712,1,0,1,3,4,12,8,17,6,11,21,10,26,36,40,102,7821,298,6,0,0,0,0,2,0
2021-01-24T23:59:59+01:00,0,0,22,34,179,234,202,366,180,490,187,278,245,205,608,770,1010,2707,1,0,1,3,3,12,8,17,6,11,21,10,26,36,39,100,7785,294,5,0,0,0,0,2,0
2021-01-23T23:59:59+01:00,0,0,22,34,179,234,200,366,180,489,187,278,245,205,607,770,1002,2694,1,0,1,3,3,11,8,17,5,11,21,10,26,36,39,100,7760,292,5,0,0,0,0,2,0
2021-01-22T23:59:59+01:00,0,0,21,33,177,230,199,366,180,488,186,278,245,203,605,768,974,2652,1,0,1,3,3,11,8,17,5,11,21,10,26,36,39,100,7673,292,5,0,0,0,0,2,0
2021-01-21T23:59:59+01:00,0,0,20,33,167,222,192,348,175,465,184,261,233,198,580,742,937,2599,1,0,1,3,1,6,7,12,3,7,20,8,22,26,34,83,7421,234,5,0,0,0,0,2,0
2021-01-20T23:59:59+01:00,0,0,19,31,152,196,176,306,146,409,170,237,215,186,538,696,868,2399,1,0,1,3,1,6,7,11,3,6,19,7,21,23,30,77,6803,216,4,0,0,0,0,2,0
2021-01-19T23:59:59+01:00,0,0,19,29,129,165,160,272,133,368,155,214,180,165,475,605,770,2125,1,0,1,3,1,6,5,7,1,4,11,3,10,15,21,55,6017,144,3,0,0,0,0,2,0
2021-01-18T23:59:59+01:00,0,0,16,28,114,148,138,228,115,320,138,187,142,150,385,500,634,1782,1,0,1,1,0,3,4,5,0,4,2,1,4,6,10,28,5074,70,3,0,0,0,0,2,0
2021-01-17T23:59:59+01:00,0,0,15,18,110,134,130,215,107,296,131,175,133,136,370,470,584,1680,1,0,0,0,0,1,2,4,0,2,1,1,3,1,2,5,4746,23,3,0,0,0,0,2,0
2021-01-16T23:59:59+01:00,0,0,13,14,106,131,128,210,104,286,129,169,130,132,365,462,567,1652,0,0,0,0,0,0,0,0,0,0,0,0,0,0,0,0,4640,0,0,0,0,0,0,2,0
2021-01-15T23:59:59+01:00,0,0,11,12,101,122,124,205,102,277,127,157,126,129,358,447,537,1608,0,0,0,0,0,0,0,0,0,0,0,0,0,0,0,0,4482,0,0,0,0,0,0,2,0
2021-01-14T23:59:59+01:00,0,0,9,8,76,89,104,168,84,232,110,140,114,108,306,397,472,1392,0,0,0,0,0,0,0,0,0,0,0,0,0,0,0,0,3839,0,0,0,0,0,0,2,0
2021-01-13T23:59:59+01:00,0,0,7,7,63,79,93,141,74,191,100,115,86,79,236,282,374,1062,0,0,0,0,0,0,0,0,0,0,0,0,0,0,0,0,3014,0,0,0,0,0,0,2,0
2021-01-12T23:59:59+01:00,0,0,5,5,53,61,76,111,66,134,78,91,70,63,166,202,271,742,0,0,0,0,0,0,0,0,0,0,0,0,0,0,0,0,2217,0,0,0,0,0,0,0,0
2021-01-11T23:59:59+01:00,0,0,4,3,45,48,63,81,52,108,56,64,50,42,96,123,142,417,0,0,0,0,0,0,0,0,0,0,0,0,0,0,0,0,1413,0,0,0,0,0,0,0,0
2021-01-10T23:59:59+01:00,0,0,3,3,41,36,46,67,38,86,46,55,45,32,79,109,133,363,0,0,0,0,0,0,0,0,0,0,0,0,0,0,0,0,1193,0,0,0,0,0,0,0,0
2021-01-09T23:59:59+01:00,0,0,3,2,38,35,41,64,35,76,40,50,44,32,79,107,130,361,0,0,0,0,0,0,0,0,0,0,0,0,0,0,0,0,1146,0,0,0,0,0,0,0,0
2021-01-08T23:59:59+01:00,0,0,3,2,31,27,34,57,29,63,35,44,42,29,74,104,126,350,0,0,0,0,0,0,0,0,0,0,0,0,0,0,0,0,1057,0,0,0,0,0,0,0,0
2021-01-07T23:59:59+01:00,0,0,3,2,9,3,9,20,12,28,11,22,35,20,52,69,87,248,0,0,0,0,0,0,0,0,0,0,0,0,0,0,0,0,631,0,0,0,0,0,0,0,0
2021-01-06T23:59:59+01:00,0,0,3,0,2,3,5,15,9,22,7,13,31,18,44,58,73,197,0,0,0,0,0,0,0,0,0,0,0,0,0,0,0,0,501,0,0,0,0,0,0,0,0
2021-01-05T23:59:59+01:00,0,0,2,0,1,3,5,14,9,20,7,12,30,17,43,57,70,189,0,0,0,0,0,0,0,0,0,0,0,0,0,0,0,0,480,0,0,0,0,0,0,0,0
2021-01-04T23:59:59+01:00,0,0,1,0,1,3,5,13,8,18,6,11,26,14,34,48,54,143,0,0,0,0,0,0,0,0,0,0,0,0,0,0,0,0,385,0,0,0,0,0,0,0,0
2021-01-03T23:59:59+01:00,0,0,1,0,1,3,4,13,8,18,6,11,26,14,34,48,54,142,0,0,0,0,0,0,0,0,0,0,0,0,0,0,0,0,383,0,0,0,0,0,0,0,0
2021-01-02T23:59:59+01:00,0,0,1,0,1,3,4,13,7,18,5,11,26,14,34,48,54,142,0,0,0,0,0,0,0,0,0,0,0,0,0,0,0,0,381,0,0,0,0,0,0,0,0
2021-01-01T23:59:59+01:00,0,0,1,0,1,3,4,13,7,18,5,11,26,14,34,48,54,142,0,0,0,0,0,0,0,0,0,0,0,0,0,0,0,0,381,0,0,0,0,0,0,0,0
2020-12-31T23:59:59+01:00,0,0,1,0,1,3,4,12,7,18,5,11,26,14,34,48,54,142,0,0,0,0,0,0,0,0,0,0,0,0,0,0,0,0,380,0,0,0,0,0,0,0,0
2020-12-30T23:59:59+01:00,0,0,1,0,1,3,4,12,7,17,5,11,26,14,34,48,54,142,0,0,0,0,0,0,0,0,0,0,0,0,0,0,0,0,379,0,0,0,0,0,0,0,0
2020-12-29T23:59:59+01:00,0,0,1,0,1,3,3,8,5,12,3,8,19,10,25,40,39,115,0,0,0,0,0,0,0,0,0,0,0,0,0,0,0,0,292,0,0,0,0,0,0,0,0
2020-12-28T23:59:59+01:00,0,0,1,0,1,1,1,2,3,6,2,5,11,3,8,15,24,58,0,0,0,0,0,0,0,0,0,0,0,0,0,0,0,0,141,0,0,0,0,0,0,0,0
2020-12-27T23:59:59+01:00,0,0,1,0,0,0,0,1,2,6,0,2,2,1,5,4,5,20,0,0,0,0,0,0,0,0,0,0,0,0,0,0,0,0,49,0,0,0,0,0,0,0,0
