Datum,<15_m,<15_w,15-24_1_m,15-24_1_w,25-34_1_m,25-34_1_w,35-44_1_m,35-44_1_w,45-54_1_m,45-54_1_w,55-64_1_m,55-64_1_w,65-74_1_m,65-74_1_w,75-84_1_m,75-84_1_w,>84_1_m,>84_1_w,<24_2_m,<24_2_w,25-34_2_m,25-34_2_w,35-44_2_m,35-44_2_w,45-54_2_m,45-54_2_w,55-64_2_m,55-64_2_w,65-74_2_m,65-74_2_w,75-84_2_m,75-84_2_w,>84_2_m,>84_2_w,bp_1,bp_2,mo_1,mo_2,az_1,az_2,ja,unb_1,unb_2
2021-08-09T23:59:59+02:00,109,120,2741,2532,7625,5481,7587,5233,6808,7284,5087,5446,2592,2715,3155,3224,2727,5154,1953,1825,5977,4378,6346,4345,5790,6216,4317,4741,1989,2282,2318,2518,1966,3828,51673,40081,7820,6401,9325,7237,7612,25,20
2021-08-08T23:59:59+02:00,109,120,2727,2525,7613,5468,7574,5223,6799,7276,5084,5443,2589,2715,3155,3224,2727,5154,1938,1811,5929,4342,6297,4323,5756,6197,4306,4729,1981,2277,2316,2517,1966,3828,51618,39882,7819,6365,9322,7231,7576,25,20
2021-08-07T23:59:59+02:00,108,119,2722,2519,7589,5457,7560,5216,6792,7267,5081,5439,2587,2715,3155,3224,2727,5154,1907,1794,5863,4297,6245,4290,5724,6160,4292,4717,1978,2276,2316,2514,1966,3828,51562,39593,7816,6343,9322,7225,7541,25,20
2021-08-06T23:59:59+02:00,108,118,2710,2509,7560,5445,7532,5193,6771,7247,5072,5427,2585,2713,3155,3223,2727,5154,1877,1754,5781,4238,6175,4251,5681,6120,4276,4698,1977,2273,2315,2511,1966,3828,51511,39288,7798,6313,9322,7218,7428,25,20
2021-08-05T23:59:59+02:00,106,117,2682,2493,7529,5425,7498,5173,6751,7229,5056,5404,2582,2711,3153,3220,2727,5153,1842,1711,5676,4154,6067,4199,5619,6063,4242,4658,1971,2268,2313,2509,1966,3828,51376,38881,7791,6226,9320,7164,7332,25,20
2021-08-04T23:59:59+02:00,103,114,2620,2470,7449,5390,7451,5146,6719,7196,5039,5391,2577,2708,3151,3219,2727,5153,1767,1679,5545,4081,5935,4148,5554,6001,4213,4617,1961,2262,2308,2506,1966,3827,51173,38403,7774,6178,9319,7131,7167,25,20
2021-08-03T23:59:59+02:00,100,114,2600,2452,7420,5375,7417,5129,6695,7174,5029,5379,2574,2706,3150,3216,2727,5153,1736,1651,5456,4016,5838,4100,5486,5948,4175,4578,1957,2258,2307,2504,1966,3827,51026,37952,7769,6138,9317,7110,7108,25,20
2021-08-02T23:59:59+02:00,100,114,2580,2433,7379,5351,7392,5120,6675,7160,5012,5370,2573,2702,3149,3215,2726,5153,1711,1626,5343,3935,5734,4039,5422,5900,4127,4547,1952,2245,2306,2499,1965,3826,50892,37441,7761,6103,9317,7092,7043,25,20
2021-08-01T23:59:59+02:00,99,111,2565,2420,7349,5332,7379,5107,6664,7151,5006,5364,2571,2701,3147,3215,2726,5153,1694,1609,5276,3895,5671,3997,5380,5878,4109,4529,1950,2243,2304,2496,1965,3826,50802,37181,7749,6072,9316,7067,7001,25,20
2021-07-31T23:59:59+02:00,97,110,2559,2413,7337,5324,7372,5102,6660,7142,5005,5364,2569,2701,3147,3215,2726,5153,1657,1565,5181,3832,5610,3952,5329,5844,4081,4504,1947,2240,2304,2495,1965,3826,50769,36721,7745,6059,9316,7063,6974,25,20
2021-07-30T23:59:59+02:00,95,107,2548,2407,7315,5313,7359,5083,6641,7130,4998,5357,2568,2700,3147,3214,2726,5153,1639,1549,5101,3792,5547,3898,5270,5798,4056,4487,1944,2238,2303,2492,1965,3826,50699,36376,7739,6036,9316,7055,6915,25,20
2021-07-29T23:59:59+02:00,94,106,2518,2391,7262,5272,7318,5040,6615,7093,4975,5335,2567,2696,3145,3213,2726,5153,1600,1521,4983,3698,5421,3831,5186,5713,4010,4434,1938,2229,2300,2490,1964,3826,50511,35833,7724,5983,9312,7019,6778,25,20
2021-07-28T23:59:59+02:00,93,104,2499,2379,7224,5234,7289,5017,6592,7071,4960,5326,2564,2695,3143,3210,2725,5152,1563,1478,4883,3628,5311,3768,5094,5640,3974,4401,1926,2221,2298,2488,1964,3825,50328,35283,7714,5931,9310,6981,6731,25,20
2021-07-27T23:59:59+02:00,90,102,2487,2364,7179,5214,7253,5001,6573,7052,4949,5315,2563,2694,3143,3209,2724,5152,1521,1450,4750,3551,5186,3693,5006,5571,3934,4352,1920,2208,2297,2485,1963,3825,50203,34720,7698,5850,9309,6945,6660,25,20
2021-07-26T23:59:59+02:00,89,99,2462,2350,7150,5198,7219,4985,6550,7033,4945,5304,2561,2694,3142,3209,2724,5152,1487,1397,4617,3493,5081,3633,4934,5497,3881,4317,1916,2194,2296,2479,1963,3824,50078,34184,7679,5784,9307,6897,6606,25,20
2021-07-25T23:59:59+02:00,87,96,2447,2333,7114,5178,7186,4972,6530,7013,4936,5299,2559,2691,3141,3208,2724,5151,1467,1373,4563,3453,5029,3604,4888,5459,3851,4295,1913,2190,2295,2479,1963,3824,49937,33929,7670,5753,9304,6865,6558,25,20
2021-07-24T23:59:59+02:00,87,96,2433,2326,7083,5166,7163,4961,6514,6999,4928,5295,2558,2688,3141,3208,2724,5151,1447,1355,4519,3433,4955,3560,4847,5436,3830,4287,1912,2188,2294,2477,1963,3823,49868,33741,7648,5672,9304,6865,6505,25,20
2021-07-23T23:59:59+02:00,85,94,2405,2304,7030,5142,7133,4940,6482,6975,4907,5287,2556,2685,3139,3208,2724,5151,1394,1324,4389,3342,4823,3484,4773,5369,3783,4255,1911,2180,2293,2472,1962,3823,49702,33133,7643,5645,9302,6845,6403,25,20
2021-07-22T23:59:59+02:00,83,91,2372,2280,6948,5107,7085,4904,6435,6932,4876,5265,2550,2682,3136,3207,2724,5149,1336,1287,4235,3275,4673,3411,4625,5291,3702,4208,1899,2171,2289,2470,1962,3822,49406,32524,7627,5503,9294,6777,6299,25,20
2021-07-21T23:59:59+02:00,82,86,2345,2263,6890,5079,7031,4865,6377,6896,4859,5242,2543,2678,3135,3204,2724,5147,1308,1250,4118,3196,4537,3352,4518,5189,3634,4167,1888,2160,2286,2470,1962,3820,49179,32079,7580,5302,9288,6717,6198,25,20
2021-07-20T23:59:59+02:00,81,85,2329,2244,6839,5052,6997,4837,6342,6858,4830,5225,2540,2674,3135,3204,2724,5147,1275,1224,4006,3133,4453,3305,4430,5110,3581,4136,1886,2151,2285,2469,1962,3819,48958,31635,7570,5233,9287,6668,6127,25,20
2021-07-19T23:59:59+02:00,80,85,2308,2222,6790,5020,6950,4817,6309,6827,4810,5210,2536,2670,3134,3200,2724,5146,1256,1202,3936,3088,4375,3272,4353,5047,3547,4113,1882,2145,2281,2466,1961,3819,48705,31343,7560,5124,9286,6625,6085,25,20
2021-07-18T23:59:59+02:00,80,83,2284,2196,6727,4984,6911,4789,6274,6790,4795,5200,2529,2665,3132,3200,2723,5145,1240,1182,3893,3049,4336,3243,4304,5027,3512,4100,1877,2135,2280,2466,1961,3817,48424,31148,7545,5052,9282,6601,6053,25,19
2021-07-17T23:59:59+02:00,78,79,2269,2183,6709,4971,6892,4774,6255,6775,4776,5190,2525,2664,3132,3199,2723,5144,1231,1170,3860,3016,4295,3224,4266,4995,3484,4088,1872,2132,2280,2464,1961,3817,48317,30996,7539,5000,9282,6594,5997,25,19
2021-07-16T23:59:59+02:00,78,76,2231,2157,6650,4939,6834,4740,6212,6733,4745,5161,2518,2660,3130,3198,2723,5144,1193,1149,3763,2970,4203,3181,4180,4936,3423,4042,1858,2122,2274,2462,1961,3816,48141,30661,7514,4973,9271,6526,5799,25,19
2021-07-15T23:59:59+02:00,76,71,2191,2129,6580,4906,6778,4700,6164,6683,4728,5134,2515,2657,3128,3195,2723,5144,1147,1118,3569,2863,4026,3078,4034,4838,3361,3980,1849,2113,2272,2457,1961,3816,47829,29986,7501,4760,9266,6460,5699,25,19
2021-07-14T23:59:59+02:00,75,69,2159,2113,6512,4871,6704,4667,6111,6640,4707,5113,2508,2651,3125,3193,2723,5144,1099,1083,3456,2779,3925,3017,3931,4768,3318,3936,1837,2105,2271,2454,1961,3816,47527,29523,7487,4667,9264,6389,5598,25,19
2021-07-13T23:59:59+02:00,72,65,2131,2087,6461,4843,6641,4632,6073,6594,4686,5096,2500,2646,3123,3193,2723,5144,1069,1054,3362,2703,3802,2951,3843,4682,3264,3876,1810,2098,2268,2449,1960,3814,47227,29053,7482,4536,9263,6300,5529,24,19
2021-07-12T23:59:59+02:00,67,64,2106,2068,6393,4801,6573,4590,6025,6558,4660,5069,2495,2643,3120,3192,2723,5144,1039,1034,3266,2630,3693,2890,3742,4604,3216,3830,1799,2087,2264,2439,1960,3814,46902,28623,7473,4421,9259,6225,5446,24,19
2021-07-11T23:59:59+02:00,63,63,2097,2056,6359,4784,6544,4570,5995,6541,4651,5062,2492,2638,3118,3192,2722,5144,1030,1019,3230,2591,3636,2861,3690,4577,3193,3817,1790,2075,2261,2435,1960,3814,46800,28455,7452,4390,9257,6169,5370,24,19
2021-07-10T23:59:59+02:00,62,62,2075,2028,6281,4741,6482,4536,5948,6504,4628,5051,2489,2635,3118,3189,2722,5143,1015,1002,3178,2554,3592,2831,3652,4547,3177,3805,1784,2069,2261,2433,1960,3814,46559,28289,7434,4389,9242,6156,5244,24,19
2021-07-09T23:59:59+02:00,61,60,2053,2008,6212,4701,6433,4512,5899,6471,4610,5029,2487,2631,3117,3188,2722,5143,996,987,3125,2510,3541,2799,3603,4512,3151,3779,1782,2055,2259,2432,1960,3814,46336,28089,7402,4360,9237,6105,5143,24,19
2021-07-08T23:59:59+02:00,57,57,2001,1961,6119,4641,6333,4457,5833,6408,4576,4996,2480,2622,3114,3184,2722,5143,927,935,2966,2428,3351,2727,3430,4420,3079,3712,1765,2039,2257,2423,1959,3813,46019,27613,7328,4076,9204,5986,4931,24,19
2021-07-07T23:59:59+02:00,57,56,1936,1919,6003,4568,6229,4406,5762,6351,4543,4950,2474,2613,3109,3180,2722,5143,878,904,2820,2353,3184,2654,3274,4314,3023,3648,1747,2013,2249,2415,1959,3811,45537,27080,7287,3840,9186,5908,4785,24,19
2021-07-06T23:59:59+02:00,55,56,1893,1884,5898,4515,6140,4365,5708,6283,4500,4915,2468,2607,3106,3176,2722,5143,842,870,2710,2256,3094,2595,3200,4223,2967,3594,1722,1982,2246,2409,1959,3811,45105,26592,7247,3740,9173,5828,4682,24,19
2021-07-05T23:59:59+02:00,53,56,1825,1839,5757,4442,6028,4329,5639,6229,4458,4878,2464,2600,3104,3175,2722,5141,800,833,2607,2182,3017,2547,3124,4152,2918,3539,1704,1963,2239,2400,1958,3808,44638,26222,7209,3672,9149,5746,4511,24,19
2021-07-04T23:59:59+02:00,53,55,1784,1804,5679,4403,5984,4301,5599,6209,4440,4859,2462,2598,3104,3173,2722,5140,762,808,2549,2134,2980,2524,3094,4119,2895,3517,1690,1941,2237,2399,1957,3808,44445,26089,7174,3616,9123,5672,4395,24,19
2021-07-03T23:59:59+02:00,51,44,1689,1732,5477,4250,5837,4214,5513,6119,4393,4823,2460,2595,3104,3169,2722,5140,724,784,2487,2089,2930,2503,3056,4074,2865,3489,1684,1934,2236,2395,1957,3806,43643,25920,7143,3614,9116,5644,4192,24,19
2021-07-02T23:59:59+02:00,45,37,1656,1693,5406,4208,5794,4180,5492,6094,4381,4805,2459,2589,3103,3168,2721,5140,705,759,2419,2042,2860,2463,3013,4027,2836,3449,1666,1917,2232,2389,1957,3804,43384,25641,7113,3588,9111,5545,4121,24,19
2021-07-01T23:59:59+02:00,39,32,1610,1660,5304,4147,5710,4133,5417,6024,4355,4777,2456,2585,3102,3167,2721,5139,637,722,2234,1972,2677,2380,2842,3914,2739,3361,1641,1894,2223,2377,1956,3802,42999,24902,7056,3385,9097,5447,3982,24,19
2021-06-30T23:59:59+02:00,39,30,1563,1617,5195,4063,5614,4090,5359,5978,4343,4753,2452,2578,3100,3164,2721,5139,603,689,2137,1907,2567,2331,2733,3828,2677,3286,1621,1866,2215,2365,1955,3801,42596,24452,7000,3273,9081,5324,3874,24,19
2021-06-29T23:59:59+02:00,38,27,1511,1543,5096,3977,5523,4037,5306,5919,4316,4725,2448,2574,3099,3163,2721,5138,577,649,2062,1831,2490,2267,2634,3711,2616,3237,1606,1832,2203,2352,1954,3798,42099,23975,6971,3199,9074,5217,3765,24,19
2021-06-28T23:59:59+02:00,37,26,1481,1488,4986,3923,5460,3986,5261,5877,4288,4699,2444,2566,3098,3161,2721,5138,562,627,1969,1770,2414,2212,2563,3629,2571,3190,1588,1814,2196,2346,1954,3795,41724,23664,6912,3064,9064,5123,3684,24,19
2021-06-27T23:59:59+02:00,37,25,1451,1463,4941,3886,5414,3957,5221,5859,4277,4690,2442,2562,3098,3160,2721,5138,544,612,1918,1727,2379,2193,2520,3591,2541,3173,1580,1802,2195,2337,1954,3795,41551,23525,6874,3010,9048,5047,3613,24,19
2021-06-26T23:59:59+02:00,29,20,1420,1436,4874,3840,5322,3913,5183,5826,4256,4676,2442,2560,3098,3158,2721,5138,538,603,1886,1707,2345,2175,2499,3570,2521,3153,1559,1792,2194,2335,1954,3795,41198,23316,6796,3007,9048,5023,3613,22,19
2021-06-25T23:59:59+02:00,23,12,1388,1398,4768,3768,5270,3886,5147,5801,4231,4665,2439,2558,3096,3157,2721,5138,529,579,1840,1685,2288,2110,2406,3431,2478,3055,1551,1771,2190,2331,1952,3794,40785,22878,6765,2981,9047,4846,3611,22,19
2021-06-24T23:59:59+02:00,16,11,1340,1351,4591,3660,5147,3836,5056,5761,4189,4635,2435,2555,3096,3156,2720,5138,491,557,1730,1621,2125,2046,2246,3353,2371,2962,1518,1748,2182,2326,1951,3791,40173,22383,6714,2679,9040,4764,3504,22,19
2021-06-23T23:59:59+02:00,16,11,1310,1319,4510,3613,5067,3788,5003,5717,4165,4600,2425,2548,3092,3154,2719,5138,457,540,1665,1566,2027,2000,2131,3260,2274,2872,1496,1724,2176,2320,1950,3789,39763,21856,6667,2607,9034,4623,3469,22,19
2021-06-22T23:59:59+02:00,15,11,1284,1301,4438,3556,4988,3745,4958,5672,4139,4574,2421,2542,3092,3153,2718,5138,443,522,1609,1529,1946,1948,2053,3150,2174,2784,1484,1700,2167,2308,1950,3785,39375,21449,6625,2493,9031,4470,3445,22,18
2021-06-21T23:59:59+02:00,15,11,1257,1262,4329,3476,4910,3702,4896,5611,4112,4556,2417,2529,3091,3148,2717,5136,427,508,1576,1497,1912,1908,2005,3073,2113,2707,1462,1665,2146,2285,1950,3781,38876,21175,6585,2401,9029,4328,3412,22,18
2021-06-20T23:59:59+02:00,15,9,1234,1232,4263,3418,4868,3686,4861,5591,4089,4545,2415,2527,3090,3148,2716,5136,411,494,1543,1469,1888,1886,1974,3049,2065,2668,1455,1652,2144,2279,1950,3780,38612,21002,6556,2363,9018,4265,3378,22,17
2021-06-19T23:59:59+02:00,14,9,1224,1213,4224,3390,4848,3663,4832,5569,4072,4536,2412,2525,3090,3147,2715,5136,406,490,1526,1453,1871,1861,1962,3026,2042,2635,1447,1644,2141,2278,1948,3779,38456,20853,6498,2335,9018,4256,3362,22,17
2021-06-18T23:59:59+02:00,10,6,1206,1193,4159,3353,4799,3626,4783,5532,4048,4524,2408,2521,3089,3145,2715,5136,396,480,1505,1436,1846,1829,1919,2978,1992,2578,1433,1633,2141,2273,1947,3776,38148,20559,6452,2332,9018,4215,3349,22,17
2021-06-17T23:59:59+02:00,9,6,1167,1167,4003,3285,4618,3555,4617,5446,3989,4481,2402,2518,3089,3144,2714,5136,364,463,1409,1404,1673,1768,1761,2886,1895,2500,1410,1611,2130,2261,1945,3774,37585,20106,6394,2228,9011,4138,3069,20,17
2021-06-16T23:59:59+02:00,9,6,1145,1136,3904,3203,4526,3507,4512,5382,3945,4451,2394,2514,3088,3141,2713,5135,349,443,1351,1368,1614,1737,1681,2806,1835,2433,1396,1585,2118,2248,1945,3770,37125,19722,6277,2161,9002,4062,3018,20,17
2021-06-15T23:59:59+02:00,9,6,1112,1104,3771,3126,4459,3453,4438,5309,3906,4420,2386,2507,3083,3139,2713,5134,340,420,1302,1323,1568,1696,1615,2748,1767,2365,1379,1557,2113,2234,1944,3769,36604,19408,6243,2079,8990,3990,2943,20,17
2021-06-14T23:59:59+02:00,9,4,1089,1073,3683,3078,4374,3398,4361,5239,3854,4387,2382,2497,3083,3135,2712,5133,332,407,1264,1293,1523,1666,1572,2695,1711,2314,1368,1532,2108,2227,1943,3767,36160,19172,6155,2021,8985,3913,2892,20,17
2021-06-13T23:59:59+02:00,9,4,1074,1059,3635,3038,4318,3357,4312,5202,3836,4373,2381,2491,3082,3134,2712,5131,327,400,1232,1277,1490,1643,1529,2661,1676,2276,1354,1512,2102,2216,1943,3765,35909,18998,6120,2000,8980,3839,2837,20,17
2021-06-12T23:59:59+02:00,9,3,1057,1038,3608,3013,4290,3338,4296,5188,3820,4363,2378,2488,3081,3133,2712,5130,323,399,1225,1261,1468,1625,1504,2641,1633,2255,1345,1502,2090,2214,1943,3765,35726,18849,6109,2000,8980,3785,2826,20,17
2021-06-11T23:59:59+02:00,8,3,1041,1027,3571,2971,4216,3312,4259,5155,3795,4352,2377,2484,3080,3130,2712,5129,314,387,1204,1228,1444,1607,1461,2592,1578,2210,1335,1487,2088,2209,1943,3764,35450,18605,6082,1993,8977,3712,2805,20,17
2021-06-10T23:59:59+02:00,7,3,985,986,3463,2896,4086,3234,4161,5087,3740,4318,2374,2476,3078,3128,2711,5129,299,375,1147,1195,1382,1549,1397,2522,1497,2107,1304,1456,2083,2199,1942,3761,34892,18194,5955,1986,8960,3559,2734,20,17
2021-06-09T23:59:59+02:00,7,1,936,958,3338,2803,3950,3177,4070,5009,3698,4278,2370,2470,3075,3125,2711,5129,281,360,1087,1163,1319,1524,1338,2445,1423,2038,1281,1399,2076,2186,1941,3758,34415,17885,5791,1935,8957,3440,2613,20,17
2021-06-08T23:59:59+02:00,6,1,888,921,3211,2721,3829,3093,3972,4929,3643,4251,2363,2465,3072,3122,2710,5127,268,342,1043,1124,1267,1493,1286,2390,1379,1965,1260,1367,2065,2169,1938,3754,33878,17659,5657,1890,8947,3311,2502,20,16
2021-06-07T23:59:59+02:00,5,1,861,895,3110,2648,3700,3059,3851,4857,3594,4224,2349,2461,3071,3120,2710,5125,259,335,998,1087,1213,1472,1240,2338,1311,1913,1246,1347,2051,2152,1937,3746,33507,17493,5488,1855,8941,3186,2357,20,16
2021-06-06T23:59:59+02:00,5,1,842,885,3054,2608,3618,3016,3782,4828,3562,4211,2346,2455,3069,3119,2708,5124,252,323,984,1062,1183,1445,1218,2281,1281,1855,1230,1332,2044,2145,1935,3743,33299,17391,5359,1807,8935,3073,2284,20,16
2021-06-05T23:59:59+02:00,5,1,830,869,2984,2551,3574,2989,3746,4806,3549,4208,2346,2453,3069,3118,2708,5123,248,316,968,1043,1163,1427,1196,2255,1247,1834,1213,1309,2041,2141,1935,3743,33038,17238,5354,1804,8929,3026,2249,20,16
2021-06-04T23:59:59+02:00,3,1,808,853,2935,2504,3499,2949,3679,4756,3522,4192,2342,2450,3066,3118,2708,5123,238,309,949,1016,1143,1413,1163,2224,1218,1803,1197,1287,2033,2136,1935,3741,32725,17091,5310,1799,8927,2971,2181,20,16
2021-06-03T23:59:59+02:00,3,1,764,822,2788,2415,3325,2846,3504,4643,3433,4120,2334,2440,3062,3113,2708,5123,227,297,921,986,1090,1362,1099,2136,1159,1741,1161,1245,2024,2122,1935,3739,32067,16882,5083,1785,8914,2808,1998,20,16
2021-06-02T23:59:59+02:00,3,1,737,816,2721,2343,3264,2797,3446,4578,3391,4095,2332,2436,3062,3112,2708,5123,215,293,902,961,1042,1334,1056,2092,1109,1693,1146,1209,2022,2119,1935,3739,31722,16676,5066,1771,8914,2772,1872,20,16
2021-06-01T23:59:59+02:00,3,1,692,788,2569,2238,3075,2700,3274,4466,3328,4036,2321,2428,3059,3106,2708,5123,202,280,827,919,948,1276,976,1980,1055,1621,1113,1153,2013,2107,1933,3734,31122,16404,4852,1733,8905,2583,1628,20,16
2021-05-31T23:59:59+02:00,3,1,660,767,2450,2161,2941,2614,3168,4371,3274,3988,2316,2415,3057,3103,2708,5122,189,268,782,882,885,1233,932,1904,1016,1563,1093,1124,2007,2102,1931,3732,30748,16239,4628,1719,8889,2452,1437,20,16
2021-05-30T23:59:59+02:00,3,1,650,757,2400,2114,2869,2580,3114,4329,3255,3966,2312,2411,3057,3102,2707,5120,180,252,747,847,835,1190,891,1842,994,1511,1080,1108,2001,2092,1931,3730,30603,16145,4567,1709,8880,2298,1278,20,16
2021-05-29T23:59:59+02:00,3,1,648,755,2386,2099,2846,2569,3097,4311,3245,3957,2311,2410,3057,3102,2707,5120,177,244,741,837,817,1166,876,1791,981,1475,1066,1089,2000,2086,1930,3730,30483,16056,4565,1709,8878,2162,1277,20,16
2021-05-28T23:59:59+02:00,3,1,641,745,2357,2064,2802,2543,3072,4294,3233,3941,2311,2406,3055,3097,2707,5120,174,237,731,826,807,1146,866,1752,948,1435,1045,1060,1997,2078,1929,3728,30262,15887,4556,1707,8875,2087,1273,20,16
2021-05-27T23:59:59+02:00,3,1,599,727,2233,2015,2671,2473,2939,4220,3151,3889,2302,2392,3054,3095,2707,5117,161,222,669,778,732,1091,788,1654,883,1351,1023,1029,1983,2057,1928,3726,29794,15679,4429,1667,8846,1840,1079,20,15
2021-05-26T23:59:59+02:00,3,1,571,703,2138,1950,2513,2416,2815,4158,3096,3837,2291,2381,3049,3088,2704,5111,157,208,632,739,686,1056,745,1585,837,1296,1008,1000,1964,2024,1923,3720,29406,15456,4203,1657,8820,1707,948,20,15
2021-05-25T23:59:59+02:00,3,1,549,689,2058,1896,2413,2375,2709,4076,3047,3803,2278,2372,3046,3083,2703,5107,149,200,613,709,655,1023,701,1527,789,1235,987,978,1937,1990,1922,3716,29065,15240,4028,1621,8780,1574,884,19,14
2021-05-24T23:59:59+02:00,3,1,536,670,2008,1860,2339,2344,2642,4024,2995,3764,2266,2364,3040,3082,2700,5106,145,192,594,691,628,991,664,1468,766,1182,966,961,1931,1988,1917,3715,28891,15142,3865,1609,8747,1450,785,19,14
2021-05-23T23:59:59+02:00,3,1,533,669,1995,1849,2327,2331,2632,4011,2984,3749,2262,2361,3040,3080,2700,5106,144,191,590,685,622,987,648,1456,755,1175,961,955,1927,1984,1915,3711,28785,15066,3862,1603,8746,1441,783,19,14
2021-05-22T23:59:59+02:00,3,1,528,660,1972,1832,2297,2316,2608,3981,2957,3722,2254,2357,3039,3077,2700,5105,141,183,583,680,618,977,637,1451,750,1166,948,949,1919,1969,1915,3711,28568,14998,3861,1603,8744,1406,774,19,14
2021-05-21T23:59:59+02:00,3,1,516,645,1894,1802,2216,2273,2547,3932,2916,3676,2247,2344,3036,3076,2700,5104,141,180,578,673,606,968,625,1439,730,1146,932,922,1907,1963,1915,3710,28128,14901,3834,1602,8729,1345,771,19,14
2021-05-20T23:59:59+02:00,3,1,478,626,1763,1734,2089,2201,2427,3840,2835,3590,2228,2331,3028,3068,2698,5101,134,171,550,638,573,929,597,1383,699,1083,907,889,1895,1950,1913,3707,27482,14770,3719,1587,8658,1142,699,19,14
2021-05-19T23:59:59+02:00,3,1,438,591,1658,1661,1954,2136,2293,3743,2733,3498,2210,2315,3021,3063,2692,5100,121,163,523,618,541,895,568,1333,672,1023,887,868,1875,1920,1906,3702,26764,14597,3650,1567,8617,1046,581,19,14
2021-05-18T23:59:59+02:00,3,0,417,569,1585,1603,1859,2078,2181,3622,2641,3403,2198,2295,3013,3055,2691,5096,114,156,499,598,519,863,551,1257,654,961,871,841,1863,1901,1902,3695,26274,14466,3482,1528,8563,941,482,19,14
2021-05-17T23:59:59+02:00,3,0,397,557,1532,1569,1807,2028,2113,3516,2592,3332,2179,2276,3002,3047,2689,5091,109,148,479,584,511,828,538,1193,642,906,853,807,1858,1890,1901,3690,25983,14379,3344,1493,8501,843,390,19,13
2021-05-16T23:59:59+02:00,3,0,393,556,1506,1540,1777,2006,2072,3465,2534,3276,2165,2268,2999,3043,2689,5090,106,146,471,565,502,812,525,1143,623,864,824,778,1853,1886,1901,3689,25808,14323,3276,1458,8466,754,317,19,13
2021-05-15T23:59:59+02:00,3,0,388,552,1480,1523,1760,1986,2053,3443,2511,3240,2158,2268,2998,3041,2688,5090,106,143,469,564,502,811,520,1139,616,855,820,776,1849,1883,1901,3689,25616,14291,3276,1458,8461,746,312,18,13
2021-05-14T23:59:59+02:00,3,0,377,540,1451,1493,1720,1945,1975,3370,2463,3195,2148,2259,2995,3041,2686,5090,104,140,467,548,484,787,500,1108,603,839,807,762,1842,1875,1901,3688,25253,14234,3235,1442,8439,645,295,18,13
2021-05-13T23:59:59+02:00,2,0,357,524,1397,1445,1622,1903,1861,3285,2394,3108,2121,2241,2986,3036,2684,5084,99,137,456,540,474,772,494,1093,593,826,781,736,1827,1852,1900,3682,24826,14152,3024,1395,8388,605,268,18,13
2021-05-12T23:59:59+02:00,1,0,350,521,1379,1437,1606,1894,1840,3261,2380,3094,2118,2234,2980,3033,2684,5083,99,135,453,540,473,766,490,1089,590,820,773,722,1823,1845,1898,3682,24699,14100,3003,1386,8383,604,265,17,13
2021-05-11T23:59:59+02:00,1,0,333,501,1313,1404,1510,1858,1734,3162,2280,3020,2101,2207,2971,3022,2680,5082,93,125,439,513,454,740,471,1058,558,798,749,691,1811,1835,1896,3678,24299,13986,2839,1349,8277,516,212,17,13
2021-05-10T23:59:59+02:00,1,0,319,485,1275,1375,1460,1829,1670,3106,2222,2950,2089,2192,2962,3013,2679,5078,93,122,433,506,446,720,464,1034,554,775,736,675,1805,1828,1894,3674,24033,13924,2766,1342,8164,463,184,17,12
2021-05-09T23:59:59+02:00,1,0,314,475,1236,1356,1438,1813,1624,3070,2158,2905,2079,2178,2959,3007,2679,5073,90,119,425,497,438,714,455,1025,544,762,724,665,1799,1823,1893,3671,23807,13881,2714,1336,8117,415,162,17,12
2021-05-08T23:59:59+02:00,1,0,308,473,1227,1338,1409,1796,1595,3047,2109,2888,2072,2170,2957,3006,2677,5072,89,119,424,497,436,713,454,1020,544,756,721,664,1793,1812,1893,3671,23592,13864,2711,1328,8113,403,161,17,12
2021-05-07T23:59:59+02:00,1,0,298,466,1201,1312,1363,1776,1538,2984,2057,2840,2063,2160,2956,3001,2675,5067,86,116,413,484,426,687,441,985,521,730,715,640,1772,1798,1893,3667,23325,13795,2682,1303,8050,299,127,17,11
2021-05-06T23:59:59+02:00,1,0,281,453,1114,1275,1246,1714,1401,2873,1923,2750,2025,2128,2952,2988,2674,5063,84,110,400,470,415,672,429,964,502,711,703,623,1757,1782,1889,3660,22834,13724,2494,1282,7844,216,99,15,10
2021-05-05T23:59:59+02:00,1,0,266,439,1075,1251,1204,1678,1333,2808,1836,2669,2002,2096,2938,2973,2674,5052,84,106,392,461,410,660,422,953,495,693,683,610,1732,1760,1889,3657,22386,13639,2434,1259,7786,168,92,15,9
2021-05-04T23:59:59+02:00,1,0,258,429,1040,1229,1165,1657,1291,2761,1780,2605,1983,2063,2928,2959,2664,5039,80,103,385,451,407,655,413,934,486,674,666,589,1716,1734,1885,3657,22052,13543,2372,1227,7740,130,86,15,8
2021-05-03T23:59:59+02:00,1,0,254,421,1009,1206,1129,1641,1262,2728,1734,2568,1966,2034,2915,2950,2662,5033,76,97,373,445,399,647,409,926,478,667,650,578,1693,1706,1883,3653,21804,13443,2348,1218,7692,109,60,15,7
2021-05-02T23:59:59+02:00,1,0,248,420,996,1194,1101,1625,1237,2714,1719,2546,1959,2020,2910,2947,2660,5030,74,97,367,442,396,642,406,920,475,661,642,567,1673,1693,1883,3652,21681,13403,2332,1196,7655,96,45,15,7
2021-05-01T23:59:59+02:00,1,0,245,416,988,1186,1090,1616,1225,2701,1704,2527,1951,2014,2906,2943,2660,5030,74,97,367,441,395,642,405,916,475,660,640,567,1673,1693,1883,3652,21554,13396,2332,1196,7655,93,45,15,7
2021-04-30T23:59:59+02:00,1,0,243,410,978,1166,1069,1597,1188,2637,1643,2468,1937,1997,2900,2938,2659,5026,73,95,366,435,392,636,404,891,470,649,633,561,1670,1687,1883,3650,21244,13380,2327,1184,7651,68,14,15,6
2021-04-29T23:59:59+02:00,1,0,229,395,931,1143,1032,1561,1141,2584,1553,2396,1888,1951,2891,2927,2654,5014,73,94,360,434,387,631,398,880,460,638,618,549,1655,1675,1877,3644,20768,13306,2291,1157,7592,47,13,15,6
2021-04-28T23:59:59+02:00,1,0,218,392,917,1128,1002,1550,1107,2546,1486,2341,1849,1888,2879,2922,2652,5011,70,93,353,431,384,621,395,870,454,625,601,531,1638,1658,1877,3642,20462,13230,2247,1116,7538,34,12,15,6
2021-04-27T23:59:59+02:00,1,0,217,386,903,1115,988,1538,1083,2521,1464,2313,1816,1845,2873,2915,2650,5007,68,90,351,428,382,616,393,866,448,620,594,520,1626,1635,1873,3639,20263,13169,2221,1088,7504,29,12,14,6
2021-04-26T23:59:59+02:00,1,0,214,380,894,1106,978,1526,1057,2504,1410,2265,1798,1824,2863,2904,2647,5001,68,89,347,424,382,615,389,863,444,614,585,508,1611,1620,1871,3635,20075,13124,2206,1050,7439,27,12,14,6
2021-04-25T23:59:59+02:00,1,0,214,379,886,1097,966,1518,1041,2485,1377,2231,1774,1801,2855,2897,2647,5000,67,88,346,419,379,614,387,859,442,613,582,502,1606,1610,1871,3633,19943,13105,2182,1031,7388,19,12,14,5
2021-04-24T23:59:59+02:00,1,0,210,375,875,1088,953,1504,1027,2466,1345,2208,1764,1777,2852,2892,2647,5000,67,88,346,419,378,614,387,857,441,610,581,499,1605,1607,1871,3633,19775,13098,2182,1022,7369,19,12,14,5
2021-04-23T23:59:59+02:00,1,0,206,369,864,1077,946,1494,1008,2447,1287,2162,1741,1751,2846,2886,2647,4997,66,86,346,419,378,613,386,854,438,606,574,491,1596,1599,1871,3628,19620,13073,2171,995,7274,19,12,14,5
2021-04-22T23:59:59+02:00,1,0,205,361,840,1058,922,1471,978,2405,1233,2100,1697,1704,2835,2866,2645,4988,66,85,344,415,372,605,383,844,433,601,564,483,1577,1586,1866,3623,19326,13003,2116,968,7198,12,12,14,5
2021-04-21T23:59:59+02:00,1,0,200,354,821,1044,898,1454,940,2369,1182,2052,1652,1640,2815,2845,2638,4980,64,83,341,413,371,602,380,839,430,594,559,477,1565,1564,1855,3618,18988,12933,2085,946,7139,12,12,14,5
2021-04-20T23:59:59+02:00,1,0,194,349,805,1020,881,1435,919,2317,1142,2001,1596,1573,2788,2820,2632,4965,63,83,339,412,367,598,376,833,430,587,553,469,1543,1532,1851,3614,18676,12852,2013,923,7072,11,12,14,5
2021-04-19T23:59:59+02:00,1,0,192,341,791,1009,868,1418,902,2286,1118,1968,1559,1527,2775,2806,2630,4960,63,82,338,410,362,593,372,824,425,577,549,463,1515,1506,1845,3601,18471,12759,1997,895,7005,8,11,13,5
2021-04-18T23:59:59+02:00,1,0,191,338,783,1000,857,1407,883,2268,1097,1948,1523,1488,2766,2799,2624,4954,62,80,337,409,362,593,371,819,423,575,546,457,1505,1500,1842,3599,18343,12730,1965,879,6934,8,11,13,5
2021-04-17T23:59:59+02:00,1,0,189,334,780,997,852,1405,874,2263,1091,1940,1503,1463,2761,2791,2624,4954,62,77,335,404,361,593,369,815,423,572,542,451,1497,1492,1842,3597,18264,12684,1964,877,6908,8,11,13,5
2021-04-16T23:59:59+02:00,1,0,188,333,772,991,840,1389,861,2241,1054,1901,1448,1396,2748,2776,2620,4947,57,75,332,397,360,591,365,803,416,558,517,422,1484,1471,1831,3584,18040,12578,1948,813,6831,7,11,12,5
2021-04-15T23:59:59+02:00,1,0,187,328,750,974,823,1378,836,2198,1013,1862,1398,1342,2719,2748,2605,4931,55,74,327,391,355,590,357,798,406,555,502,414,1451,1439,1819,3569,17767,12464,1932,766,6703,6,11,11,5
2021-04-14T23:59:59+02:00,1,0,186,322,741,967,816,1365,825,2165,996,1833,1342,1297,2671,2683,2592,4915,53,70,323,388,351,586,354,790,397,542,486,397,1418,1408,1812,3551,17491,12331,1913,723,6619,6,11,10,5
2021-04-13T23:59:59+02:00,1,0,182,316,732,963,805,1354,814,2140,963,1805,1279,1225,2618,2625,2584,4900,51,70,320,385,343,581,347,782,389,534,473,389,1392,1386,1804,3540,17244,12236,1862,678,6506,5,11,9,5
2021-04-12T23:59:59+02:00,1,0,182,315,727,958,798,1342,790,2117,948,1784,1233,1190,2600,2595,2580,4886,50,66,310,378,338,575,342,774,383,528,458,379,1375,1373,1801,3532,17111,12151,1839,636,6399,5,11,8,5
2021-04-11T23:59:59+02:00,0,0,180,314,721,949,791,1337,779,2101,932,1767,1212,1161,2580,2573,2575,4879,49,64,305,376,336,573,341,770,378,520,453,370,1360,1368,1797,3525,17041,12099,1815,610,6295,4,11,8,5
2021-04-10T23:59:59+02:00,0,0,180,312,721,946,789,1336,772,2093,925,1761,1198,1147,2567,2558,2575,4879,44,59,282,363,321,558,327,758,363,510,440,363,1348,1349,1792,3519,16987,11922,1806,594,6266,4,10,8,5
2021-04-09T23:59:59+02:00,0,0,180,308,716,942,779,1313,764,2009,906,1679,1144,1077,2526,2530,2572,4871,37,57,267,349,304,547,308,744,350,494,423,354,1308,1320,1779,3505,16829,11697,1769,564,6016,4,8,6,5
2021-04-08T23:59:59+02:00,0,0,179,305,712,935,772,1307,751,1992,884,1658,1075,996,2468,2493,2560,4861,36,55,259,335,291,539,292,728,325,476,396,331,1259,1282,1755,3471,16662,11410,1706,531,5879,4,7,6,5
2021-04-07T23:59:59+02:00,0,0,173,302,704,929,764,1293,734,1964,863,1627,1022,939,2417,2434,2551,4845,34,52,241,319,281,533,283,715,311,463,368,312,1212,1245,1736,3433,16472,11143,1664,500,5721,4,7,6,5
2021-04-06T23:59:59+02:00,0,0,169,301,698,925,751,1278,715,1941,836,1602,989,892,2377,2385,2543,4835,32,51,240,316,278,530,273,712,301,458,357,298,1184,1215,1716,3411,16355,11010,1630,467,5544,4,7,6,5
2021-04-05T23:59:59+02:00,0,0,169,301,697,919,747,1269,706,1925,826,1587,962,867,2351,2342,2538,4827,32,51,240,312,277,526,270,705,296,456,355,291,1150,1190,1708,3392,16294,10917,1614,437,5413,4,7,6,5
2021-04-04T23:59:59+02:00,0,0,168,298,694,913,742,1258,697,1909,819,1566,949,853,2346,2336,2538,4826,32,51,240,312,276,526,270,705,295,456,353,291,1132,1177,1704,3388,16266,10874,1612,437,5323,4,7,5,5
2021-04-03T23:59:59+02:00,0,0,168,298,694,913,740,1256,696,1904,812,1563,936,844,2340,2325,2535,4825,32,51,240,312,276,526,270,704,295,454,353,291,1132,1172,1704,3385,16222,10863,1612,437,5303,4,7,5,5
2021-04-02T23:59:59+02:00,0,0,168,297,694,912,739,1253,693,1897,804,1552,924,833,2318,2304,2533,4822,32,51,237,312,274,524,267,697,287,449,349,290,1111,1144,1693,3358,16153,10746,1600,430,5276,4,7,5,5
2021-04-01T23:59:59+02:00,0,0,165,294,688,901,726,1240,687,1877,786,1531,895,800,2280,2256,2527,4803,31,50,229,309,272,520,264,690,281,444,337,282,1073,1106,1660,3315,16026,10546,1539,416,5173,4,7,5,5
2021-03-31T23:59:59+02:00,0,0,162,291,681,894,716,1224,679,1831,772,1488,879,782,2236,2197,2506,4784,31,50,228,308,267,518,260,688,272,434,323,276,1009,1053,1636,3283,15909,10338,1479,398,5017,4,6,5,5
2021-03-30T23:59:59+02:00,0,0,158,284,675,885,712,1203,670,1792,763,1444,860,764,2191,2133,2492,4762,31,49,225,305,264,515,258,682,267,426,312,270,976,1024,1614,3247,15771,10182,1435,380,4863,4,6,5,5
2021-03-29T23:59:59+02:00,0,0,155,278,670,872,706,1192,660,1760,750,1405,841,747,2121,2066,2471,4732,31,48,224,304,263,513,254,675,259,415,305,264,950,1003,1601,3220,15568,10055,1391,370,4746,4,6,5,5
2021-03-28T23:59:59+02:00,0,0,147,261,660,865,700,1183,655,1739,745,1389,834,726,2078,2024,2466,4720,31,47,221,304,259,507,250,672,257,412,303,262,939,993,1595,3212,15494,9998,1339,362,4637,4,6,5,5
2021-03-27T23:59:59+01:00,0,0,147,258,656,858,696,1179,649,1727,743,1382,826,712,2068,2011,2466,4718,31,47,221,304,259,507,249,666,254,407,301,261,932,983,1578,3188,15444,9932,1330,352,4599,4,6,5,5
2021-03-26T23:59:59+01:00,0,0,145,256,646,846,691,1163,640,1709,735,1352,807,694,2042,1986,2456,4708,31,47,221,304,258,505,249,666,248,395,296,254,900,951,1545,3139,15337,9755,1293,352,4520,4,4,5,5
2021-03-25T23:59:59+01:00,0,0,142,255,636,836,673,1142,625,1675,717,1309,788,674,2000,1944,2440,4690,31,47,218,299,257,504,242,663,246,393,288,250,861,920,1483,3060,15227,9520,1239,338,4351,3,4,5,5
2021-03-24T23:59:59+01:00,0,0,139,247,622,823,668,1129,616,1638,703,1275,764,657,1959,1900,2423,4666,31,47,216,297,256,502,240,663,240,390,281,244,817,896,1433,2968,15093,9297,1205,322,4201,2,3,5,5
2021-03-23T23:59:59+01:00,0,0,137,245,615,816,654,1118,606,1616,690,1237,746,643,1918,1869,2408,4648,30,46,214,296,254,498,233,658,237,383,271,240,793,873,1355,2870,15002,9036,1176,311,4056,2,3,5,5
2021-03-22T23:59:59+01:00,0,0,134,240,597,799,636,1099,595,1584,675,1211,736,631,1887,1844,2397,4632,30,45,213,294,252,496,232,650,236,379,268,235,767,851,1263,2765,14921,8773,1144,299,3898,2,3,5,5
2021-03-21T23:59:59+01:00,0,0,132,238,593,793,632,1096,590,1560,664,1176,730,621,1863,1837,2391,4616,30,45,212,294,251,494,231,649,235,377,266,232,761,848,1254,2756,14888,8740,1123,290,3782,2,3,5,5
2021-03-20T23:59:59+01:00,0,0,130,238,588,790,629,1093,587,1556,662,1174,726,612,1839,1815,2384,4604,30,45,212,294,251,494,230,647,232,371,264,230,752,842,1236,2743,14827,8688,1113,280,3746,2,3,5,5
2021-03-19T23:59:59+01:00,0,0,121,226,582,776,623,1087,584,1538,645,1160,692,570,1782,1774,2354,4583,29,45,212,293,250,494,229,640,229,368,262,224,726,823,1200,2690,14662,8543,1040,265,3650,2,3,5,5
2021-03-18T23:59:59+01:00,0,0,118,221,564,766,603,1055,565,1488,616,1112,656,545,1732,1726,2327,4540,29,45,210,291,248,487,229,634,225,359,260,216,709,811,1168,2647,14470,8415,978,246,3435,2,3,5,5
2021-03-17T23:59:59+01:00,0,0,113,215,553,753,591,1050,555,1474,601,1091,633,522,1688,1691,2306,4501,29,44,210,290,247,484,228,633,224,356,259,214,697,799,1133,2601,14268,8299,932,240,3381,2,3,5,5
2021-03-16T23:59:59+01:00,0,0,108,209,541,741,578,1038,543,1433,585,1063,615,498,1635,1638,2285,4465,29,43,210,288,247,479,227,631,222,355,255,214,682,780,1103,2546,14092,8165,879,237,3242,2,2,5,5
2021-03-15T23:59:59+01:00,0,0,104,202,527,726,566,1014,532,1399,570,1026,598,480,1594,1601,2263,4441,28,43,209,285,247,476,225,629,220,355,247,210,664,768,1078,2510,13941,8064,824,223,3112,2,0,5,5
2021-03-14T23:59:59+01:00,0,0,100,190,518,711,555,992,524,1354,553,981,580,465,1565,1580,2247,4416,28,43,209,283,246,475,224,624,219,350,245,206,660,761,1070,2495,13835,8037,789,194,2937,2,0,5,5
2021-03-13T23:59:59+01:00,0,0,96,179,492,690,526,966,497,1332,530,960,554,457,1539,1555,2239,4408,28,43,209,283,246,475,223,624,219,349,244,206,655,752,1041,2466,13611,7961,775,193,2850,2,0,5,5
2021-03-12T23:59:59+01:00,0,0,87,173,466,662,506,939,474,1297,505,925,524,436,1485,1508,2217,4369,28,43,209,282,246,474,223,624,219,348,240,204,642,740,1016,2439,13309,7873,746,193,2724,2,0,5,4
2021-03-11T23:59:59+01:00,0,0,81,162,435,625,472,907,436,1218,467,862,493,403,1407,1442,2169,4310,28,42,208,279,241,470,221,620,215,345,236,202,626,719,991,2398,12929,7788,693,142,2456,2,0,5,4
2021-03-10T23:59:59+01:00,0,0,79,156,411,600,453,889,418,1182,440,819,464,378,1329,1378,2130,4253,28,42,206,274,237,465,218,614,215,343,231,199,607,711,968,2359,12591,7679,660,125,2314,2,0,5,4
2021-03-09T23:59:59+01:00,0,0,78,152,401,580,428,860,404,1133,422,788,443,360,1280,1345,2089,4209,28,42,205,271,235,457,215,610,211,339,229,198,596,704,950,2328,12370,7598,634,106,2141,2,0,5,4
2021-03-08T23:59:59+01:00,0,0,75,147,387,562,410,842,392,1080,411,746,427,345,1225,1310,2065,4171,28,42,205,270,232,451,211,605,207,335,227,197,584,699,940,2317,12183,7547,597,90,1985,1,0,5,3
2021-03-07T23:59:59+01:00,0,0,72,143,384,552,402,826,380,1066,404,740,424,340,1212,1291,2056,4162,28,42,205,269,232,449,209,604,207,334,226,196,580,696,932,2310,12117,7518,570,88,1933,0,0,5,3
2021-03-06T23:59:59+01:00,0,0,72,137,381,548,395,805,373,1012,396,706,422,339,1205,1280,2041,4147,28,42,205,269,231,448,209,603,207,334,226,196,577,696,930,2297,12060,7510,570,75,1793,0,0,5,3
2021-03-05T23:59:59+01:00,0,0,72,132,377,542,391,799,370,996,385,680,411,326,1165,1238,1997,4088,28,42,204,268,230,447,208,601,206,331,224,195,572,695,922,2276,11846,7486,548,49,1732,0,0,5,3
2021-03-04T23:59:59+01:00,0,0,72,121,368,509,377,766,350,954,371,650,394,324,1113,1188,1913,3993,27,42,202,263,228,440,206,590,203,330,223,194,570,692,919,2273,11544,7438,516,48,1557,0,0,5,3
2021-03-03T23:59:59+01:00,0,0,68,114,359,493,370,750,345,932,357,630,384,316,1069,1155,1844,3872,27,42,202,262,227,438,203,580,203,323,222,191,565,689,912,2267,11273,7394,489,43,1446,0,0,5,3
2021-03-02T23:59:59+01:00,0,0,65,108,349,480,357,732,334,911,349,602,371,309,1034,1125,1746,3751,26,42,202,262,227,431,198,573,201,320,220,191,563,681,905,2254,10949,7335,465,43,1352,0,0,5,3
2021-03-01T23:59:59+01:00,0,0,64,106,343,467,350,713,323,886,342,568,366,305,1008,1093,1628,3597,26,41,201,261,225,422,196,565,201,316,219,191,560,675,896,2246,10609,7279,444,43,1246,0,0,5,3
2021-02-28T23:59:59+01:00,0,0,64,104,336,458,347,705,321,862,338,548,361,293,999,1089,1618,3585,26,41,200,260,224,422,196,565,201,316,218,191,559,671,893,2243,10564,7264,433,43,1169,0,0,5,3
2021-02-27T23:59:59+01:00,0,0,61,95,332,449,343,702,315,850,334,538,357,289,990,1078,1596,3564,26,41,200,259,224,421,195,564,200,315,218,191,559,671,893,2243,10495,7263,421,38,1113,0,0,5,3
2021-02-26T23:59:59+01:00,0,0,59,92,325,425,318,671,295,819,321,517,353,285,965,1058,1554,3502,26,40,200,258,224,419,193,561,197,313,218,191,559,671,892,2240,10334,7245,418,38,938,0,0,5,2
2021-02-25T23:59:59+01:00,0,0,52,79,312,406,308,641,288,791,306,491,344,275,947,1039,1517,3456,26,40,199,255,220,416,190,553,192,312,213,188,548,663,881,2234,10184,7183,404,28,792,0,0,5,2
2021-02-24T23:59:59+01:00,0,0,48,74,303,394,301,628,283,776,302,481,338,274,927,1027,1470,3397,25,40,197,253,217,403,188,545,189,307,211,185,542,657,879,2221,10036,7118,390,20,722,0,0,5,2
2021-02-23T23:59:59+01:00,0,0,45,65,290,378,293,609,277,757,292,471,331,272,899,1008,1429,3324,24,40,196,251,215,398,187,539,185,304,210,184,540,647,873,2202,9860,7057,371,16,630,0,0,5,2
2021-02-22T23:59:59+01:00,0,0,42,62,283,366,289,598,274,746,288,467,324,265,878,993,1399,3288,24,38,192,248,212,385,179,529,180,301,207,182,528,639,866,2185,9741,6967,355,5,587,0,0,4,2
2021-02-21T23:59:59+01:00,0,0,41,61,278,358,287,589,270,738,282,463,321,263,873,988,1392,3279,24,37,191,246,211,383,179,520,180,299,207,182,524,638,858,2172,9715,6922,347,5,538,0,0,4,2
2021-02-20T23:59:59+01:00,0,0,40,61,275,357,287,586,269,732,279,455,320,263,860,977,1360,3248,24,37,191,246,211,383,179,520,179,298,207,182,523,638,856,2171,9631,6916,336,5,516,0,0,4,2
2021-02-19T23:59:59+01:00,0,0,39,61,271,352,281,563,259,706,274,442,316,258,837,960,1326,3218,24,36,191,246,210,382,179,519,178,298,206,181,518,637,851,2154,9525,6881,321,5,428,0,0,3,2
2021-02-18T23:59:59+01:00,0,0,39,57,253,331,272,542,250,685,257,414,313,249,825,940,1300,3186,24,35,187,239,208,376,175,503,176,287,203,176,503,623,814,2087,9433,6687,295,5,294,0,0,3,2
2021-02-17T23:59:59+01:00,0,0,39,55,246,325,269,529,245,672,254,392,308,244,805,929,1271,3139,22,33,184,234,200,362,171,486,171,275,195,172,492,608,795,2048,9300,6517,285,4,242,0,0,3,2
2021-02-16T23:59:59+01:00,0,0,38,50,235,314,266,518,239,657,247,385,303,242,794,918,1246,3107,20,33,175,226,192,343,165,474,167,261,192,165,459,577,760,1980,9206,6257,277,4,179,0,0,3,2
2021-02-15T23:59:59+01:00,0,0,37,49,229,311,259,505,235,651,244,377,300,241,776,910,1234,3088,19,31,169,220,187,335,160,463,161,254,182,159,429,548,724,1909,9144,6018,263,4,142,0,0,3,2
2021-02-14T23:59:59+01:00,0,0,35,49,227,308,257,499,233,645,244,373,300,237,769,904,1225,3069,18,31,167,217,183,330,159,451,159,251,181,156,421,539,706,1866,9122,5902,230,4,124,0,0,3,2
2021-02-13T23:59:59+01:00,0,0,34,49,227,308,256,499,233,644,244,373,300,237,767,903,1224,3069,18,31,165,216,180,330,158,449,158,248,179,153,416,536,698,1851,9116,5855,230,1,123,0,0,3,2
2021-02-12T23:59:59+01:00,0,0,33,47,224,302,253,490,229,633,241,366,299,236,761,902,1221,3059,18,31,163,213,179,329,156,447,156,247,177,149,413,520,667,1785,9087,5719,230,1,79,0,0,3,2
2021-02-11T23:59:59+01:00,0,0,32,46,216,283,246,474,222,609,228,352,295,235,753,885,1196,3026,18,30,146,194,171,298,146,401,150,225,160,133,367,471,604,1617,9015,5196,163,1,18,0,0,3,2
2021-02-10T23:59:59+01:00,0,0,31,46,212,276,243,467,218,600,225,345,291,235,741,882,1188,3016,17,27,133,171,157,260,127,352,139,200,144,124,340,440,542,1492,8960,4724,146,1,7,0,0,3,0
2021-02-09T23:59:59+01:00,0,0,30,44,211,273,241,454,214,593,221,342,287,231,737,875,1179,3003,17,26,118,143,144,237,110,310,125,173,126,115,308,384,487,1334,8906,4210,122,1,3,0,0,3,0
2021-02-08T23:59:59+01:00,0,0,30,44,210,271,235,440,211,581,218,337,282,231,729,870,1173,2996,15,24,102,122,123,193,91,269,117,161,103,106,269,332,425,1199,8841,3699,107,1,3,0,0,3,0
2021-02-07T23:59:59+01:00,0,0,30,43,208,269,233,439,211,578,218,336,282,231,727,866,1168,2993,14,18,98,115,116,182,86,251,112,151,96,101,262,319,409,1149,8819,3524,104,1,0,0,0,3,0
2021-02-06T23:59:59+01:00,0,0,30,43,208,269,233,438,211,578,218,335,281,231,726,866,1167,2981,11,14,97,113,115,178,84,244,112,149,95,100,262,315,398,1134,8816,3463,90,1,0,0,0,3,0
2021-02-05T23:59:59+01:00,0,0,29,42,208,269,233,437,209,575,216,334,280,231,724,866,1155,2954,10,10,89,105,111,175,83,240,106,137,92,98,253,310,374,1105,8796,3338,55,0,0,0,0,3,0
2021-02-04T23:59:59+01:00,0,0,29,42,206,267,229,432,204,569,214,330,277,228,718,860,1146,2943,9,7,62,73,88,131,71,202,86,118,88,84,221,274,330,978,8728,2851,55,0,0,0,0,3,0
2021-02-03T23:59:59+01:00,0,0,29,41,206,265,228,420,201,563,213,327,275,226,708,857,1139,2928,6,4,45,55,69,107,53,157,73,89,63,59,166,200,249,715,8665,2133,50,0,0,0,0,3,0
2021-02-02T23:59:59+01:00,0,0,28,41,205,263,224,414,200,558,210,326,272,225,700,847,1132,2903,3,3,29,39,54,77,41,101,54,66,54,48,119,134,165,473,8586,1475,49,0,0,0,0,3,0
2021-02-01T23:59:59+01:00,0,0,27,39,203,263,221,409,197,552,206,319,271,222,693,844,1127,2891,3,1,22,21,27,45,28,62,30,35,38,30,72,86,95,284,8522,887,49,0,0,0,0,3,0
2021-01-31T23:59:59+01:00,0,0,27,39,203,261,219,405,195,544,205,317,270,222,689,840,1121,2876,3,1,20,16,18,37,21,49,22,31,35,24,57,74,92,254,8471,760,48,0,0,0,0,3,0
2021-01-30T23:59:59+01:00,0,0,27,39,203,261,219,405,194,544,205,317,270,222,688,840,1120,2874,3,1,19,15,16,37,19,45,20,30,34,23,57,71,90,248,8467,733,47,0,0,0,0,3,0
2021-01-29T23:59:59+01:00,0,0,27,39,203,258,218,404,193,543,203,315,270,222,683,837,1114,2866,3,0,16,10,11,31,18,40,16,27,34,22,54,70,88,242,8439,685,43,0,0,0,0,2,0
2021-01-28T23:59:59+01:00,0,0,27,38,196,255,218,398,192,534,200,310,269,222,671,829,1091,2846,3,0,3,3,6,18,10,22,7,13,26,15,37,47,58,171,8349,440,34,0,0,0,0,2,0
2021-01-27T23:59:59+01:00,0,0,26,36,191,250,213,389,190,520,197,300,261,217,657,812,1067,2808,1,0,2,3,5,14,9,20,6,12,25,14,31,41,49,130,8187,362,29,0,0,0,0,2,0
2021-01-26T23:59:59+01:00,0,0,23,36,188,239,207,376,185,502,194,292,255,212,635,795,1039,2757,1,0,1,3,5,14,9,20,6,12,24,11,30,37,48,113,7992,334,24,0,0,0,0,2,0
2021-01-25T23:59:59+01:00,0,0,23,35,180,237,204,366,180,492,189,281,245,207,612,775,1013,2712,1,0,1,3,4,12,8,17,6,11,21,10,26,36,40,102,7824,298,6,0,0,0,0,2,0
2021-01-24T23:59:59+01:00,0,0,22,34,178,234,201,365,179,490,188,279,245,205,608,770,1010,2707,1,0,1,3,3,12,8,17,6,11,21,10,26,36,39,100,7788,294,5,0,0,0,0,2,0
2021-01-23T23:59:59+01:00,0,0,22,34,178,234,199,365,179,489,188,279,245,205,607,770,1002,2694,1,0,1,3,3,11,8,17,5,11,21,10,26,36,39,100,7763,292,5,0,0,0,0,2,0
2021-01-22T23:59:59+01:00,0,0,21,33,176,230,198,365,179,488,187,279,245,203,605,768,974,2652,1,0,1,3,3,11,8,17,5,11,21,10,26,36,39,100,7676,292,5,0,0,0,0,2,0
2021-01-21T23:59:59+01:00,0,0,20,33,166,222,191,347,174,465,185,262,233,198,580,742,937,2599,1,0,1,3,1,6,7,12,3,7,20,8,22,26,34,83,7424,234,5,0,0,0,0,2,0
2021-01-20T23:59:59+01:00,0,0,19,31,151,196,175,305,145,409,171,238,215,186,538,696,868,2399,1,0,1,3,1,6,7,11,3,6,19,7,21,23,30,77,6806,216,4,0,0,0,0,2,0
2021-01-19T23:59:59+01:00,0,0,19,29,128,165,159,271,133,368,156,215,180,165,475,605,770,2125,1,0,1,3,1,6,5,7,1,4,11,3,10,15,21,55,6020,144,3,0,0,0,0,2,0
2021-01-18T23:59:59+01:00,0,0,16,28,113,148,137,227,115,320,139,188,142,150,385,500,634,1782,1,0,1,1,0,3,4,5,0,4,2,1,4,6,10,28,5077,70,3,0,0,0,0,2,0
2021-01-17T23:59:59+01:00,0,0,15,18,109,134,129,214,107,296,132,176,133,136,370,470,584,1680,1,0,0,0,0,1,2,4,0,2,1,1,3,1,2,5,4749,23,3,0,0,0,0,2,0
2021-01-16T23:59:59+01:00,0,0,13,14,105,131,127,209,104,286,130,170,130,132,365,462,567,1652,0,0,0,0,0,0,0,0,0,0,0,0,0,0,0,0,4643,0,0,0,0,0,0,2,0
2021-01-15T23:59:59+01:00,0,0,11,12,100,122,123,204,102,277,128,158,126,129,358,447,537,1608,0,0,0,0,0,0,0,0,0,0,0,0,0,0,0,0,4485,0,0,0,0,0,0,2,0
2021-01-14T23:59:59+01:00,0,0,9,8,75,89,104,167,84,232,111,141,114,108,306,397,472,1392,0,0,0,0,0,0,0,0,0,0,0,0,0,0,0,0,3842,0,0,0,0,0,0,2,0
2021-01-13T23:59:59+01:00,0,0,7,7,62,79,93,140,74,191,101,116,86,79,236,282,374,1062,0,0,0,0,0,0,0,0,0,0,0,0,0,0,0,0,3016,0,0,0,0,0,0,2,0
2021-01-12T23:59:59+01:00,0,0,5,5,53,61,76,110,66,134,79,92,70,63,166,202,271,742,0,0,0,0,0,0,0,0,0,0,0,0,0,0,0,0,2219,0,0,0,0,0,0,0,0
2021-01-11T23:59:59+01:00,0,0,4,3,45,48,63,81,52,108,57,65,50,42,96,123,142,417,0,0,0,0,0,0,0,0,0,0,0,0,0,0,0,0,1415,0,0,0,0,0,0,0,0
2021-01-10T23:59:59+01:00,0,0,3,3,41,36,46,67,38,86,47,56,45,32,79,109,133,363,0,0,0,0,0,0,0,0,0,0,0,0,0,0,0,0,1195,0,0,0,0,0,0,0,0
2021-01-09T23:59:59+01:00,0,0,3,2,38,35,41,64,35,76,41,51,44,32,79,107,130,361,0,0,0,0,0,0,0,0,0,0,0,0,0,0,0,0,1148,0,0,0,0,0,0,0,0
2021-01-08T23:59:59+01:00,0,0,3,2,31,27,34,57,29,63,36,45,42,29,74,104,126,350,0,0,0,0,0,0,0,0,0,0,0,0,0,0,0,0,1059,0,0,0,0,0,0,0,0
2021-01-07T23:59:59+01:00,0,0,3,2,9,3,9,20,12,28,12,23,35,20,52,69,87,248,0,0,0,0,0,0,0,0,0,0,0,0,0,0,0,0,633,0,0,0,0,0,0,0,0
2021-01-06T23:59:59+01:00,0,0,3,0,2,3,5,15,9,22,8,14,31,18,44,58,73,197,0,0,0,0,0,0,0,0,0,0,0,0,0,0,0,0,503,0,0,0,0,0,0,0,0
2021-01-05T23:59:59+01:00,0,0,2,0,1,3,5,14,9,20,8,13,30,17,43,57,70,189,0,0,0,0,0,0,0,0,0,0,0,0,0,0,0,0,482,0,0,0,0,0,0,0,0
2021-01-04T23:59:59+01:00,0,0,1,0,1,3,5,13,8,18,7,12,26,14,34,48,54,143,0,0,0,0,0,0,0,0,0,0,0,0,0,0,0,0,387,0,0,0,0,0,0,0,0
2021-01-03T23:59:59+01:00,0,0,1,0,1,3,4,13,8,18,6,12,26,14,34,48,54,142,0,0,0,0,0,0,0,0,0,0,0,0,0,0,0,0,384,0,0,0,0,0,0,0,0
2021-01-02T23:59:59+01:00,0,0,1,0,1,3,4,13,7,18,5,12,26,14,34,48,54,142,0,0,0,0,0,0,0,0,0,0,0,0,0,0,0,0,382,0,0,0,0,0,0,0,0
2021-01-01T23:59:59+01:00,0,0,1,0,1,3,4,13,7,18,5,12,26,14,34,48,54,142,0,0,0,0,0,0,0,0,0,0,0,0,0,0,0,0,382,0,0,0,0,0,0,0,0
2020-12-31T23:59:59+01:00,0,0,1,0,1,3,4,12,7,18,5,12,26,14,34,48,54,142,0,0,0,0,0,0,0,0,0,0,0,0,0,0,0,0,381,0,0,0,0,0,0,0,0
2020-12-30T23:59:59+01:00,0,0,1,0,1,3,4,12,7,17,5,12,26,14,34,48,54,142,0,0,0,0,0,0,0,0,0,0,0,0,0,0,0,0,380,0,0,0,0,0,0,0,0
2020-12-29T23:59:59+01:00,0,0,1,0,1,3,3,8,5,12,3,9,19,10,25,40,39,115,0,0,0,0,0,0,0,0,0,0,0,0,0,0,0,0,293,0,0,0,0,0,0,0,0
2020-12-28T23:59:59+01:00,0,0,1,0,1,1,1,2,3,6,2,5,11,3,8,15,24,58,0,0,0,0,0,0,0,0,0,0,0,0,0,0,0,0,141,0,0,0,0,0,0,0,0
2020-12-27T23:59:59+01:00,0,0,1,0,0,0,0,1,2,6,0,2,2,1,5,4,5,20,0,0,0,0,0,0,0,0,0,0,0,0,0,0,0,0,49,0,0,0,0,0,0,0,0
