Datum,<15_m,<15_w,15-24_1_m,15-24_1_w,25-34_1_m,25-34_1_w,35-44_1_m,35-44_1_w,45-54_1_m,45-54_1_w,55-64_1_m,55-64_1_w,65-74_1_m,65-74_1_w,75-84_1_m,75-84_1_w,>84_1_m,>84_1_w,<24_2_m,<24_2_w,25-34_2_m,25-34_2_w,35-44_2_m,35-44_2_w,45-54_2_m,45-54_2_w,55-64_2_m,55-64_2_w,65-74_2_m,65-74_2_w,75-84_2_m,75-84_2_w,>84_2_m,>84_2_w,bp_1,bp_2,mo_1,mo_2,az_1,az_2,ja,unb_1,unb_2
2021-08-19T23:59:59+02:00,134,147,3026,2783,8201,5883,8002,5490,7148,7553,5307,5638,2693,2802,3216,3271,2738,5162,2418,2216,6934,4988,7088,4811,6366,6734,4667,5065,2109,2396,2389,2569,1974,3838,53933,44310,8087,6879,9510,7491,8584,33,28
2021-08-18T23:59:59+02:00,133,145,3007,2773,8170,5863,7976,5473,7116,7539,5296,5632,2688,2799,3215,3271,2737,5162,2390,2199,6864,4956,7033,4783,6323,6706,4641,5041,2105,2393,2386,2569,1974,3837,53810,44077,8081,6825,9510,7483,8514,33,28
2021-08-17T23:59:59+02:00,133,144,2990,2761,8140,5839,7947,5462,7106,7518,5284,5621,2685,2797,3214,3270,2736,5162,2360,2176,6802,4908,6985,4750,6295,6668,4621,5021,2098,2387,2385,2566,1973,3837,53696,43804,8072,6789,9509,7478,8452,33,28
2021-08-16T23:59:59+02:00,130,142,2981,2747,8112,5825,7929,5453,7092,7504,5272,5609,2685,2797,3213,3269,2736,5162,2328,2153,6733,4876,6926,4721,6243,6632,4591,4997,2097,2385,2382,2564,1973,3837,53609,43483,8066,6776,9509,7468,8394,33,28
2021-08-15T23:59:59+02:00,130,142,2975,2737,8088,5814,7911,5443,7074,7496,5268,5603,2684,2796,3213,3268,2736,5162,2303,2117,6684,4849,6884,4689,6213,6604,4581,4985,2094,2381,2381,2562,1973,3837,53534,43236,8062,6755,9508,7465,8356,33,28
2021-08-14T23:59:59+02:00,129,142,2971,2731,8078,5809,7902,5442,7074,7493,5265,5601,2682,2795,3213,3267,2736,5162,2296,2107,6657,4837,6869,4678,6203,6587,4562,4975,2091,2378,2381,2560,1973,3836,53514,43129,8061,6743,9508,7463,8329,33,28
2021-08-13T23:59:59+02:00,127,141,2951,2723,8053,5794,7891,5430,7060,7483,5254,5593,2681,2791,3213,3266,2736,5162,2261,2082,6612,4806,6835,4645,6171,6563,4546,4961,2090,2374,2380,2560,1973,3836,53431,42906,8059,6726,9508,7462,8271,33,28
2021-08-12T23:59:59+02:00,124,135,2934,2713,8019,5772,7860,5411,7042,7458,5242,5580,2680,2789,3211,3266,2736,5162,2224,2048,6521,4751,6782,4607,6125,6511,4520,4930,2086,2372,2376,2559,1973,3836,53320,42572,8054,6700,9507,7441,8173,33,28
2021-08-11T23:59:59+02:00,121,132,2916,2699,7980,5747,7831,5397,7021,7444,5232,5563,2678,2786,3211,3265,2736,5162,2193,2020,6433,4700,6697,4559,6073,6453,4496,4888,2078,2363,2375,2557,1973,3835,53185,42147,8045,6664,9504,7433,8107,33,28
2021-08-10T23:59:59+02:00,121,131,2899,2685,7936,5730,7805,5383,6991,7428,5219,5556,2675,2786,3211,3263,2736,5161,2120,1963,6313,4638,6606,4495,5984,6382,4454,4865,2072,2355,2373,2556,1973,3834,53069,41545,8037,6645,9503,7418,8027,33,28
2021-08-09T23:59:59+02:00,120,130,2881,2680,7904,5708,7775,5372,6968,7409,5208,5544,2674,2785,3211,3263,2736,5160,2066,1915,6212,4572,6506,4449,5918,6328,4426,4831,2066,2346,2372,2554,1973,3834,52980,41087,8029,6593,9503,7399,7936,33,28
2021-08-08T23:59:59+02:00,120,128,2865,2669,7881,5693,7755,5360,6957,7399,5201,5540,2671,2785,3211,3263,2736,5160,2040,1889,6148,4527,6449,4423,5880,6304,4412,4817,2057,2341,2370,2552,1973,3834,52910,40839,8028,6552,9500,7393,7876,33,28
2021-08-07T23:59:59+02:00,119,127,2857,2663,7851,5679,7737,5353,6949,7390,5197,5535,2669,2785,3211,3263,2736,5160,2002,1867,6068,4476,6389,4389,5845,6265,4395,4803,2054,2340,2370,2549,1973,3834,52844,40515,8024,6524,9500,7384,7833,33,28
2021-08-06T23:59:59+02:00,118,126,2843,2653,7819,5665,7708,5331,6928,7368,5187,5522,2665,2783,3211,3262,2736,5160,1965,1824,5968,4403,6316,4351,5802,6221,4377,4783,2052,2337,2369,2546,1973,3834,52785,40168,8004,6492,9500,7372,7716,33,28
2021-08-05T23:59:59+02:00,116,125,2813,2636,7785,5642,7670,5306,6905,7347,5168,5497,2662,2780,3208,3259,2736,5159,1917,1775,5834,4299,6200,4294,5735,6158,4340,4738,2046,2329,2366,2544,1973,3834,52640,39687,7996,6396,9497,7316,7600,33,28
2021-08-04T23:59:59+02:00,113,122,2745,2608,7698,5604,7621,5277,6872,7311,5150,5483,2656,2777,3206,3258,2736,5159,1837,1741,5697,4225,6064,4242,5667,6093,4310,4696,2035,2323,2361,2541,1973,3833,52416,39200,7979,6343,9496,7280,7424,33,28
2021-08-03T23:59:59+02:00,110,122,2724,2587,7667,5588,7584,5258,6848,7287,5139,5471,2652,2775,3205,3255,2736,5159,1804,1711,5603,4158,5962,4191,5597,6034,4271,4657,2030,2318,2360,2539,1973,3833,52264,38735,7974,6302,9494,7255,7354,33,28
2021-08-02T23:59:59+02:00,110,122,2702,2566,7622,5560,7558,5249,6825,7273,5121,5462,2650,2771,3204,3254,2735,5159,1775,1683,5483,4070,5853,4126,5530,5985,4222,4625,2024,2305,2359,2534,1972,3832,52115,38191,7966,6266,9494,7234,7286,33,28
2021-08-01T23:59:59+02:00,109,120,2686,2554,7587,5537,7545,5236,6814,7265,5115,5456,2648,2770,3202,3254,2735,5159,1757,1666,5406,4028,5788,4081,5487,5962,4204,4606,2022,2302,2357,2531,1972,3832,52024,37914,7953,6235,9493,7209,7238,33,28
2021-07-31T23:59:59+02:00,107,119,2680,2547,7570,5529,7538,5231,6810,7255,5114,5455,2646,2770,3202,3254,2735,5159,1718,1622,5308,3966,5727,4034,5435,5927,4176,4581,2019,2299,2357,2530,1972,3832,51986,37447,7948,6220,9493,7205,7210,33,28
2021-07-30T23:59:59+02:00,105,116,2669,2538,7546,5516,7525,5210,6791,7243,5107,5448,2645,2769,3202,3253,2735,5159,1698,1605,5225,3925,5663,3978,5376,5881,4150,4564,2014,2297,2356,2527,1972,3832,51909,37095,7942,6193,9493,7197,7149,33,28
2021-07-29T23:59:59+02:00,104,115,2638,2520,7490,5472,7483,5166,6762,7203,5084,5426,2644,2765,3200,3252,2735,5159,1658,1576,5103,3828,5531,3909,5289,5792,4104,4508,2007,2288,2353,2525,1971,3832,51708,36528,7927,6139,9488,7160,7010,33,28
2021-07-28T23:59:59+02:00,103,113,2619,2508,7452,5434,7453,5142,6738,7181,5069,5416,2641,2764,3198,3249,2734,5158,1621,1532,5003,3753,5416,3845,5197,5718,4068,4473,1995,2280,2351,2523,1971,3831,51524,35968,7917,6083,9485,7122,6961,33,28
2021-07-27T23:59:59+02:00,100,111,2604,2493,7406,5412,7417,5125,6718,7162,5058,5405,2640,2763,3198,3248,2733,5158,1578,1505,4865,3667,5291,3766,5107,5646,4025,4423,1989,2267,2350,2520,1970,3831,51396,35385,7899,6000,9484,7081,6887,33,28
2021-07-26T23:59:59+02:00,99,108,2579,2478,7375,5393,7382,5110,6692,7143,5053,5393,2636,2763,3197,3248,2733,5158,1543,1451,4726,3605,5181,3702,5033,5572,3971,4388,1985,2253,2349,2514,1970,3830,51260,34833,7880,5928,9482,7032,6831,33,28
2021-07-25T23:59:59+02:00,95,105,2564,2457,7337,5372,7349,5097,6672,7122,5044,5388,2634,2760,3196,3247,2733,5157,1523,1423,4671,3563,5128,3672,4987,5533,3941,4366,1982,2249,2348,2514,1970,3830,51110,34565,7871,5897,9479,7001,6782,33,28
2021-07-24T23:59:59+02:00,95,104,2549,2450,7306,5359,7325,5086,6655,7107,5036,5384,2633,2757,3196,3247,2733,5157,1504,1405,4625,3543,5054,3628,4945,5507,3920,4358,1981,2247,2347,2512,1970,3829,51036,34373,7849,5812,9478,7001,6728,33,28
2021-07-23T23:59:59+02:00,93,102,2520,2426,7251,5333,7295,5062,6622,7083,5015,5376,2631,2754,3194,3247,2733,5157,1450,1374,4488,3446,4920,3552,4872,5440,3873,4326,1980,2239,2346,2508,1969,3829,50861,33748,7843,5785,9476,6981,6625,33,28
2021-07-22T23:59:59+02:00,91,99,2486,2397,7165,5297,7244,5024,6573,7038,4983,5354,2625,2749,3191,3246,2733,5155,1391,1335,4330,3375,4769,3480,4723,5359,3789,4278,1968,2230,2341,2506,1969,3828,50547,33124,7826,5639,9466,6913,6518,33,28
2021-07-21T23:59:59+02:00,90,95,2455,2379,7099,5261,7186,4984,6513,7000,4962,5328,2618,2744,3190,3243,2733,5153,1362,1293,4209,3295,4629,3421,4615,5252,3719,4235,1956,2218,2338,2505,1969,3826,50290,32666,7779,5430,9460,6852,6409,33,28
2021-07-20T23:59:59+02:00,89,94,2434,2351,7045,5230,7150,4954,6476,6956,4932,5310,2615,2740,3190,3243,2733,5153,1327,1264,4092,3231,4541,3373,4526,5174,3664,4204,1954,2209,2337,2504,1969,3825,50039,32209,7769,5358,9458,6802,6333,33,28
2021-07-19T23:59:59+02:00,88,94,2412,2326,6992,5191,7101,4934,6440,6924,4911,5295,2611,2736,3189,3239,2733,5152,1307,1242,4018,3184,4459,3340,4448,5110,3630,4181,1950,2203,2333,2501,1968,3825,49765,31911,7759,5241,9457,6759,6290,33,28
2021-07-18T23:59:59+02:00,88,92,2384,2299,6923,5149,7061,4905,6403,6884,4893,5285,2604,2730,3187,3239,2732,5151,1291,1222,3973,3145,4420,3311,4399,5090,3594,4167,1944,2193,2332,2501,1968,3823,49456,31715,7744,5167,9453,6733,6257,33,27
2021-07-17T23:59:59+02:00,86,88,2368,2285,6904,5136,7042,4887,6383,6867,4873,5274,2600,2729,3187,3238,2732,5150,1281,1209,3939,3111,4378,3291,4359,5058,3566,4155,1938,2190,2332,2499,1968,3823,49343,31558,7735,5113,9452,6725,6199,33,27
2021-07-16T23:59:59+02:00,86,85,2329,2259,6842,5102,6983,4853,6340,6825,4842,5246,2593,2724,3185,3237,2732,5150,1243,1187,3838,3061,4286,3249,4272,4999,3505,4108,1924,2179,2326,2497,1968,3822,49164,31214,7709,5086,9441,6656,5997,33,27
2021-07-15T23:59:59+02:00,84,80,2287,2229,6766,5066,6921,4811,6290,6772,4825,5219,2590,2719,3182,3234,2732,5150,1192,1155,3640,2951,4106,3145,4119,4901,3443,4046,1915,2170,2323,2492,1968,3822,48828,30528,7692,4859,9435,6589,5895,33,27
2021-07-14T23:59:59+02:00,82,78,2250,2211,6696,5031,6846,4777,6235,6728,4804,5197,2582,2713,3179,3232,2732,5150,1144,1119,3525,2866,4003,3083,4016,4831,3400,4001,1902,2162,2322,2489,1968,3822,48512,30063,7678,4762,9432,6516,5792,33,27
2021-07-13T23:59:59+02:00,79,72,2219,2180,6639,5000,6782,4741,6196,6682,4783,5179,2574,2708,3177,3232,2732,5150,1110,1088,3427,2789,3879,3017,3927,4744,3346,3940,1875,2155,2319,2484,1967,3820,48194,29587,7671,4629,9431,6423,5720,32,27
2021-07-12T23:59:59+02:00,73,70,2190,2155,6570,4956,6712,4695,6147,6644,4758,5152,2569,2705,3174,3231,2732,5150,1080,1067,3329,2714,3767,2951,3824,4662,3295,3892,1864,2144,2314,2474,1967,3820,47847,29143,7662,4510,9427,6343,5636,32,26
2021-07-11T23:59:59+02:00,69,69,2179,2140,6534,4938,6682,4674,6117,6627,4749,5143,2566,2700,3172,3231,2731,5150,1071,1051,3288,2674,3709,2922,3771,4635,3273,3877,1855,2132,2311,2470,1967,3820,47736,28969,7641,4477,9425,6287,5557,32,26
2021-07-10T23:59:59+02:00,68,68,2156,2108,6456,4888,6619,4641,6068,6590,4723,5132,2563,2697,3172,3228,2731,5149,1055,1034,3234,2632,3664,2892,3731,4604,3257,3865,1849,2125,2311,2468,1967,3820,47482,28796,7621,4476,9410,6270,5428,32,26
2021-07-09T23:59:59+02:00,67,66,2133,2085,6384,4847,6569,4616,6019,6556,4705,5111,2561,2692,3171,3227,2731,5149,1035,1017,3177,2587,3613,2857,3682,4569,3230,3838,1846,2110,2309,2467,1967,3820,47256,28588,7587,4446,9403,6217,5323,32,26
2021-07-08T23:59:59+02:00,63,63,2079,2038,6286,4781,6465,4560,5952,6492,4671,5078,2554,2683,3168,3223,2731,5149,962,965,3014,2499,3420,2785,3508,4475,3157,3770,1829,2094,2307,2458,1966,3819,46932,28105,7510,4159,9369,6095,5102,32,26
2021-07-07T23:59:59+02:00,63,62,2010,1993,6163,4705,6359,4504,5878,6433,4636,5030,2548,2673,3163,3218,2731,5149,911,930,2866,2420,3252,2707,3351,4368,3101,3706,1811,2065,2299,2450,1966,3817,46428,27560,7463,3920,9350,6015,4949,32,26
2021-07-06T23:59:59+02:00,61,62,1966,1957,6052,4650,6268,4461,5823,6364,4592,4994,2542,2667,3160,3214,2731,5149,874,894,2754,2323,3160,2647,3276,4275,3042,3652,1786,2034,2295,2443,1966,3817,45985,27059,7417,3818,9336,5932,4846,32,26
2021-07-05T23:59:59+02:00,59,62,1894,1908,5907,4575,6156,4421,5753,6310,4550,4956,2538,2660,3158,3212,2731,5147,829,853,2646,2249,3083,2599,3197,4204,2994,3598,1765,2015,2288,2434,1965,3814,45504,26681,7378,3747,9311,5848,4670,32,26
2021-07-04T23:59:59+02:00,59,61,1849,1871,5822,4534,6111,4392,5712,6290,4532,4934,2536,2658,3158,3210,2731,5146,791,829,2585,2199,3046,2575,3167,4171,2971,3576,1750,1991,2285,2433,1964,3814,45298,26546,7341,3691,9282,5771,4549,32,26
2021-07-03T23:59:59+02:00,56,49,1747,1794,5612,4379,5962,4304,5625,6199,4484,4897,2534,2655,3158,3206,2731,5146,750,804,2520,2152,2996,2554,3129,4125,2940,3546,1744,1984,2284,2429,1964,3812,44473,26372,7308,3689,9274,5742,4338,32,26
2021-07-02T23:59:59+02:00,50,41,1708,1751,5535,4334,5916,4270,5605,6173,4471,4879,2533,2649,3157,3205,2730,5146,729,777,2450,2104,2926,2515,3085,4077,2910,3506,1726,1967,2280,2423,1964,3810,44199,26089,7274,3663,9269,5643,4260,32,26
2021-07-01T23:59:59+02:00,43,35,1661,1715,5429,4265,5828,4221,5527,6102,4443,4850,2529,2645,3156,3204,2730,5145,662,738,2261,2030,2738,2430,2910,3964,2811,3419,1698,1943,2271,2411,1963,3808,43789,25330,7214,3460,9254,5540,4118,32,26
2021-06-30T23:59:59+02:00,43,33,1612,1665,5315,4179,5729,4176,5468,6054,4431,4826,2525,2638,3154,3201,2730,5145,626,702,2160,1965,2627,2378,2802,3876,2749,3344,1678,1913,2262,2399,1962,3807,43370,24871,7155,3345,9238,5416,4004,32,26
2021-06-29T23:59:59+02:00,42,30,1557,1588,5208,4090,5634,4122,5414,5994,4404,4798,2520,2633,3153,3200,2729,5144,598,662,2082,1887,2548,2314,2703,3759,2687,3294,1662,1879,2249,2386,1961,3804,42853,24387,7125,3271,9230,5307,3890,32,26
2021-06-28T23:59:59+02:00,40,28,1522,1530,5094,4030,5566,4067,5369,5951,4376,4773,2516,2625,3152,3198,2729,5144,581,638,1985,1823,2471,2259,2632,3677,2641,3247,1644,1861,2241,2380,1961,3801,42456,24072,7064,3132,9218,5211,3804,32,26
2021-06-27T23:59:59+02:00,40,27,1492,1504,5045,3990,5519,4037,5327,5931,4365,4763,2514,2621,3152,3197,2729,5144,562,621,1934,1779,2434,2239,2587,3639,2611,3230,1635,1847,2240,2370,1961,3801,42273,23928,7027,3077,9198,5129,3731,32,26
2021-06-26T23:59:59+02:00,31,22,1460,1477,4975,3944,5427,3993,5288,5897,4344,4749,2514,2619,3152,3195,2729,5144,556,612,1902,1759,2399,2221,2566,3617,2591,3209,1613,1837,2239,2368,1961,3801,41914,23714,6945,3074,9198,5105,3731,31,26
2021-06-25T23:59:59+02:00,25,14,1427,1438,4868,3870,5375,3965,5253,5871,4319,4738,2510,2616,3150,3194,2729,5144,547,587,1855,1737,2339,2156,2471,3478,2546,3109,1605,1816,2235,2364,1959,3800,41494,23266,6912,3048,9197,4925,3729,31,26
2021-06-24T23:59:59+02:00,18,13,1376,1390,4687,3759,5250,3914,5158,5829,4276,4707,2506,2613,3150,3192,2728,5144,508,565,1744,1672,2172,2090,2310,3400,2437,3014,1572,1793,2226,2359,1958,3797,40863,22760,6859,2741,9188,4843,3622,31,26
2021-06-23T23:59:59+02:00,18,13,1345,1357,4604,3707,5166,3864,5105,5784,4252,4672,2496,2606,3146,3190,2727,5144,474,548,1679,1615,2072,2043,2194,3308,2336,2923,1549,1769,2220,2352,1957,3795,40442,22223,6806,2668,9183,4699,3587,31,26
2021-06-22T23:59:59+02:00,17,13,1318,1338,4531,3643,5083,3818,5061,5738,4224,4645,2492,2600,3146,3189,2726,5144,460,530,1623,1574,1988,1991,2114,3199,2234,2831,1537,1745,2211,2340,1957,3791,40037,21807,6760,2552,9180,4542,3562,31,25
2021-06-21T23:59:59+02:00,17,13,1290,1298,4418,3561,5002,3773,4998,5676,4197,4627,2488,2587,3145,3184,2725,5142,444,516,1589,1540,1954,1950,2064,3119,2168,2753,1515,1710,2189,2317,1957,3787,39526,21521,6717,2458,9178,4398,3529,31,25
2021-06-20T23:59:59+02:00,16,11,1267,1267,4348,3500,4958,3756,4963,5657,4174,4615,2484,2585,3144,3184,2724,5142,428,501,1557,1511,1930,1926,2033,3094,2120,2713,1508,1696,2187,2311,1957,3786,39251,21341,6687,2421,9166,4335,3494,31,24
2021-06-19T23:59:59+02:00,15,11,1256,1248,4308,3471,4938,3730,4931,5634,4157,4606,2481,2583,3144,3183,2723,5142,423,497,1540,1494,1914,1899,2020,3071,2097,2678,1500,1688,2184,2308,1955,3785,39092,21188,6626,2392,9166,4326,3474,31,24
2021-06-18T23:59:59+02:00,11,8,1239,1228,4239,3431,4889,3693,4882,5595,4133,4594,2477,2579,3143,3181,2723,5142,411,487,1519,1477,1889,1867,1975,3022,2042,2619,1486,1673,2184,2303,1954,3782,38778,20878,6579,2389,9166,4284,3460,31,24
2021-06-17T23:59:59+02:00,9,7,1196,1193,4080,3362,4702,3619,4712,5505,4074,4550,2471,2576,3143,3180,2722,5142,379,470,1422,1444,1715,1805,1814,2929,1943,2540,1463,1651,2173,2291,1952,3780,38183,20415,6519,2285,9158,4207,3177,29,24
2021-06-16T23:59:59+02:00,9,7,1173,1160,3980,3280,4606,3569,4607,5438,4029,4520,2463,2572,3142,3176,2721,5141,364,450,1364,1408,1654,1774,1733,2850,1882,2469,1448,1625,2161,2278,1952,3776,37709,20024,6398,2217,9149,4130,3125,29,24
2021-06-15T23:59:59+02:00,9,7,1141,1127,3844,3198,4537,3513,4532,5365,3988,4488,2454,2565,3137,3174,2721,5140,354,427,1314,1361,1607,1733,1664,2792,1813,2401,1431,1595,2156,2264,1951,3775,37171,19704,6361,2132,9137,4058,3048,29,24
2021-06-14T23:59:59+02:00,9,5,1115,1095,3754,3148,4453,3457,4455,5295,3936,4455,2450,2555,3137,3170,2720,5139,344,414,1276,1329,1562,1702,1618,2736,1755,2349,1419,1570,2151,2257,1950,3773,36718,19463,6273,2065,9132,3981,2996,28,24
2021-06-13T23:59:59+02:00,9,5,1100,1081,3704,3108,4397,3415,4406,5258,3918,4440,2449,2549,3136,3169,2720,5137,339,407,1244,1313,1528,1677,1575,2701,1719,2309,1404,1549,2145,2246,1950,3771,36465,19283,6237,2044,9127,3906,2939,28,24
2021-06-12T23:59:59+02:00,9,4,1083,1060,3676,3082,4369,3394,4390,5244,3902,4430,2446,2546,3135,3168,2720,5136,335,406,1237,1296,1506,1656,1549,2682,1674,2288,1393,1538,2133,2243,1950,3771,36280,19127,6225,2044,9127,3849,2927,28,24
2021-06-11T23:59:59+02:00,8,4,1066,1049,3637,3039,4295,3367,4352,5210,3876,4419,2445,2542,3134,3166,2720,5135,325,394,1216,1263,1481,1636,1504,2632,1618,2241,1383,1523,2131,2238,1950,3770,35997,18878,6198,2036,9124,3773,2904,28,24
2021-06-10T23:59:59+02:00,7,4,1007,1007,3522,2962,4166,3287,4252,5143,3820,4384,2442,2534,3132,3164,2719,5135,309,382,1158,1228,1416,1578,1440,2562,1531,2136,1350,1491,2126,2228,1949,3767,35427,18455,6068,2029,9106,3617,2830,28,24
2021-06-09T23:59:59+02:00,7,2,958,975,3394,2868,4027,3229,4159,5064,3777,4342,2438,2528,3129,3161,2719,5135,291,366,1097,1194,1349,1550,1378,2482,1456,2063,1324,1433,2118,2215,1948,3764,34942,18140,5902,1977,9103,3486,2700,28,24
2021-06-08T23:59:59+02:00,6,2,910,937,3266,2784,3904,3143,4058,4980,3721,4315,2431,2523,3126,3158,2718,5133,279,347,1053,1155,1292,1519,1325,2424,1410,1989,1300,1399,2107,2197,1945,3760,34393,17906,5767,1932,9093,3350,2585,28,23
2021-06-07T23:59:59+02:00,5,2,882,911,3162,2710,3772,3107,3934,4907,3670,4288,2417,2517,3125,3156,2718,5131,270,340,1007,1116,1238,1498,1279,2371,1342,1936,1285,1379,2091,2180,1944,3752,34015,17737,5588,1897,9086,3220,2439,28,23
2021-06-06T23:59:59+02:00,5,2,863,901,3104,2670,3685,3062,3863,4877,3637,4275,2414,2511,3123,3155,2716,5130,263,327,993,1091,1207,1469,1256,2313,1312,1877,1269,1363,2084,2173,1942,3749,33802,17633,5456,1849,9080,3106,2360,28,23
2021-06-05T23:59:59+02:00,5,2,849,883,3034,2612,3641,3034,3826,4854,3624,4272,2413,2509,3123,3154,2716,5129,258,320,977,1070,1186,1450,1232,2285,1278,1856,1251,1339,2082,2169,1942,3749,33535,17474,5451,1846,9074,3057,2322,28,22
2021-06-04T23:59:59+02:00,3,2,826,867,2982,2563,3567,2993,3757,4801,3596,4253,2409,2506,3120,3154,2716,5129,248,313,958,1040,1166,1436,1198,2251,1246,1821,1233,1315,2072,2164,1942,3747,33214,17317,5406,1841,9071,2999,2247,28,22
2021-06-03T23:59:59+02:00,3,2,782,836,2833,2470,3388,2890,3581,4686,3504,4181,2401,2496,3116,3149,2716,5129,237,300,929,1008,1111,1385,1133,2160,1187,1759,1197,1270,2062,2150,1942,3745,32548,17101,5178,1826,9057,2836,2057,28,22
2021-06-02T23:59:59+02:00,3,2,754,830,2762,2396,3325,2839,3519,4621,3461,4155,2399,2492,3116,3148,2716,5129,223,296,910,979,1061,1356,1086,2116,1135,1710,1182,1231,2058,2147,1942,3745,32197,16887,5161,1812,9057,2799,1918,28,22
2021-06-01T23:59:59+02:00,3,2,709,802,2605,2288,3136,2739,3344,4507,3398,4095,2388,2484,3113,3142,2716,5129,210,283,834,934,963,1294,1002,2001,1079,1637,1149,1175,2049,2135,1940,3740,31595,16610,4944,1774,9048,2608,1659,28,22
2021-05-31T23:59:59+02:00,3,2,676,780,2481,2208,2998,2648,3232,4410,3341,4047,2382,2471,3111,3139,2716,5128,196,271,788,894,897,1247,954,1923,1038,1579,1127,1145,2043,2130,1938,3738,31209,16439,4717,1759,9032,2476,1452,28,22
2021-05-30T23:59:59+02:00,3,2,666,770,2427,2160,2926,2611,3177,4367,3321,4025,2378,2466,3110,3138,2715,5126,187,255,750,858,847,1202,911,1860,1015,1527,1113,1129,2037,2120,1938,3736,31060,16344,4655,1749,9023,2321,1284,28,22
2021-05-29T23:59:59+02:00,3,1,664,768,2413,2143,2903,2599,3160,4349,3311,4016,2377,2465,3110,3138,2715,5126,184,246,744,848,829,1178,894,1809,1001,1492,1099,1110,2036,2113,1937,3736,30936,16253,4653,1749,9021,2182,1283,28,22
2021-05-28T23:59:59+02:00,3,1,657,758,2383,2108,2859,2574,3135,4331,3299,4000,2377,2461,3108,3132,2715,5126,181,238,733,837,819,1158,884,1770,966,1450,1077,1081,2033,2105,1936,3734,30712,16077,4643,1747,9018,2107,1279,28,22
2021-05-27T23:59:59+02:00,3,1,614,740,2257,2055,2727,2503,3002,4256,3217,3947,2368,2447,3107,3130,2715,5123,167,222,670,788,744,1103,805,1672,901,1364,1055,1050,2019,2084,1935,3732,30240,15863,4513,1707,8985,1858,1085,28,21
2021-05-26T23:59:59+02:00,3,1,585,715,2160,1991,2569,2444,2878,4191,3162,3895,2357,2435,3102,3123,2712,5117,161,208,633,749,698,1067,759,1603,855,1307,1038,1022,2000,2051,1930,3726,29846,15635,4284,1694,8958,1724,954,28,21
2021-05-25T23:59:59+02:00,3,1,563,700,2078,1936,2469,2404,2772,4108,3113,3860,2344,2426,3099,3118,2711,5113,153,200,614,719,667,1034,714,1544,805,1246,1015,1000,1972,2017,1929,3722,29502,15413,4106,1657,8918,1590,890,27,20
2021-05-24T23:59:59+02:00,3,1,550,679,2025,1896,2395,2373,2704,4055,3060,3821,2332,2418,3093,3117,2708,5112,149,192,595,701,640,1002,676,1482,781,1192,994,983,1966,2013,1924,3721,29322,15308,3937,1644,8884,1466,791,27,20
2021-05-23T23:59:59+02:00,3,1,547,677,2012,1885,2383,2360,2694,4042,3049,3807,2328,2415,3093,3115,2708,5112,148,191,591,695,633,998,660,1469,770,1184,989,977,1961,2009,1922,3717,29215,15230,3934,1637,8883,1456,789,27,20
2021-05-22T23:59:59+02:00,3,1,542,668,1989,1867,2352,2345,2670,4012,3021,3779,2319,2410,3091,3112,2708,5111,145,183,584,690,629,988,647,1463,764,1175,976,970,1953,1994,1922,3717,28991,15160,3933,1637,8881,1418,780,27,20
2021-05-21T23:59:59+02:00,3,1,530,650,1909,1836,2265,2301,2606,3962,2978,3732,2312,2397,3088,3111,2708,5109,145,180,579,683,617,979,635,1451,744,1155,959,942,1941,1988,1922,3716,28530,15061,3906,1636,8864,1357,777,27,20
2021-05-20T23:59:59+02:00,3,1,492,631,1777,1768,2137,2227,2483,3869,2894,3647,2293,2384,3079,3103,2706,5106,138,171,551,648,584,939,607,1394,713,1091,933,908,1929,1973,1920,3713,27872,14928,3791,1620,8792,1150,705,27,20
2021-05-19T23:59:59+02:00,3,1,452,596,1671,1695,2001,2162,2347,3773,2791,3554,2274,2366,3072,3098,2700,5105,125,163,524,628,552,905,577,1343,686,1030,912,887,1909,1943,1913,3709,27145,14752,3720,1599,8750,1054,587,27,20
2021-05-18T23:59:59+02:00,3,0,431,574,1598,1635,1904,2103,2235,3651,2695,3457,2262,2346,3064,3090,2699,5101,118,156,500,608,530,872,560,1266,668,968,895,860,1897,1923,1909,3702,26647,14618,3549,1560,8695,948,488,27,20
2021-05-17T23:59:59+02:00,3,0,410,562,1543,1600,1851,2052,2159,3542,2642,3384,2243,2327,3053,3082,2697,5096,113,148,480,594,520,837,547,1202,656,913,877,826,1892,1912,1908,3697,26345,14530,3402,1524,8630,850,396,27,19
2021-05-16T23:59:59+02:00,3,0,406,561,1515,1571,1820,2029,2117,3491,2584,3327,2229,2318,3050,3078,2697,5095,110,146,472,575,511,821,534,1152,636,871,848,795,1886,1907,1908,3696,26165,14471,3334,1487,8593,761,323,27,19
2021-05-15T23:59:59+02:00,3,0,401,557,1489,1554,1802,2010,2097,3468,2560,3289,2222,2318,3049,3075,2696,5095,109,143,470,574,511,820,529,1148,628,863,844,793,1882,1904,1908,3696,25968,14439,3334,1486,8587,753,318,25,19
2021-05-14T23:59:59+02:00,3,0,388,545,1460,1524,1762,1967,2018,3396,2507,3241,2212,2306,3046,3075,2694,5095,107,140,468,558,493,795,509,1117,614,847,831,779,1875,1895,1908,3695,25590,14380,3292,1470,8565,652,300,25,19
2021-05-13T23:59:59+02:00,2,0,367,529,1403,1475,1660,1925,1902,3310,2438,3151,2185,2288,3037,3069,2692,5089,102,137,457,550,483,780,503,1102,603,834,804,749,1860,1870,1907,3689,25150,14297,3076,1418,8514,612,273,25,17
2021-05-12T23:59:59+02:00,1,0,360,525,1385,1467,1644,1916,1881,3286,2424,3134,2182,2281,3031,3066,2692,5088,102,135,454,550,482,773,499,1097,600,828,796,735,1856,1862,1905,3689,25019,14243,3055,1408,8508,611,270,24,17
2021-05-11T23:59:59+02:00,1,0,340,505,1318,1430,1547,1879,1772,3190,2322,3058,2165,2253,3022,3055,2688,5087,96,125,439,522,463,746,479,1066,566,806,770,702,1844,1851,1903,3685,24610,14124,2889,1368,8397,523,214,24,17
2021-05-10T23:59:59+02:00,1,0,325,489,1280,1400,1496,1850,1707,3132,2263,2987,2152,2238,3013,3046,2687,5083,96,122,433,515,454,726,472,1042,561,783,756,684,1838,1844,1901,3681,24339,14059,2814,1360,8282,469,186,24,16
2021-05-09T23:59:59+02:00,1,0,320,479,1240,1381,1473,1833,1661,3096,2199,2942,2141,2224,3010,3040,2687,5078,93,119,424,506,446,720,462,1033,550,770,742,674,1831,1839,1900,3678,24111,14014,2761,1353,8235,420,163,24,15
2021-05-08T23:59:59+02:00,1,0,314,477,1232,1363,1444,1814,1631,3070,2148,2924,2134,2216,3008,3039,2685,5077,92,119,423,505,444,719,461,1028,550,764,739,673,1825,1829,1900,3678,23887,13997,2758,1345,8231,407,162,24,15
2021-05-07T23:59:59+02:00,1,0,304,470,1205,1336,1395,1794,1573,3007,2093,2877,2125,2206,3007,3034,2683,5072,89,116,411,492,434,692,448,993,527,739,733,648,1804,1815,1900,3674,23612,13926,2729,1320,8167,303,128,24,13
2021-05-06T23:59:59+02:00,1,0,287,457,1117,1299,1277,1731,1434,2896,1954,2785,2087,2174,3003,3021,2682,5068,87,110,398,478,422,675,436,971,508,719,719,630,1787,1799,1896,3667,23110,13846,2540,1299,7959,219,100,22,12
2021-05-05T23:59:59+02:00,1,0,272,443,1077,1273,1233,1695,1366,2831,1866,2702,2063,2141,2989,3006,2682,5057,87,106,390,469,417,663,429,960,501,701,698,617,1761,1777,1896,3664,22654,13759,2480,1276,7899,171,93,22,11
2021-05-04T23:59:59+02:00,1,0,264,433,1042,1250,1194,1674,1322,2784,1808,2636,2043,2106,2979,2992,2672,5044,83,102,383,458,414,658,419,940,492,681,681,595,1744,1751,1892,3664,22311,13660,2417,1243,7853,130,87,22,10
2021-05-03T23:59:59+02:00,1,0,259,425,1011,1228,1159,1657,1293,2750,1761,2599,2026,2077,2966,2983,2670,5038,78,96,371,452,406,650,415,932,484,674,663,584,1718,1723,1890,3660,22060,13556,2393,1233,7805,109,60,22,9
2021-05-02T23:59:59+02:00,1,0,253,423,997,1216,1131,1641,1267,2736,1746,2575,2018,2062,2961,2980,2668,5035,76,96,365,449,403,645,411,926,481,668,655,572,1695,1709,1890,3659,21934,13511,2376,1210,7765,96,45,22,9
2021-05-01T23:59:59+02:00,1,0,249,419,989,1207,1120,1632,1253,2723,1730,2556,2009,2056,2958,2976,2668,5035,76,96,365,448,402,645,410,922,481,667,653,572,1695,1709,1890,3659,21801,13504,2376,1210,7765,93,45,22,9
2021-04-30T23:59:59+02:00,1,0,247,413,979,1185,1099,1612,1215,2659,1667,2496,1995,2038,2951,2971,2667,5031,75,94,364,442,399,639,409,897,476,656,646,566,1692,1703,1890,3657,21482,13488,2371,1198,7761,68,14,22,8
2021-04-29T23:59:59+02:00,1,0,233,398,931,1162,1062,1576,1167,2604,1575,2422,1943,1992,2941,2960,2662,5019,75,93,358,441,394,634,403,886,465,645,631,555,1677,1691,1884,3651,20995,13413,2335,1171,7701,47,13,22,8
2021-04-28T23:59:59+02:00,1,0,222,395,917,1147,1032,1565,1132,2566,1507,2366,1900,1930,2928,2955,2660,5016,72,92,352,438,391,625,400,876,458,631,613,537,1659,1673,1884,3649,20682,13335,2290,1127,7647,34,12,22,8
2021-04-27T23:59:59+02:00,1,0,221,389,903,1133,1016,1552,1108,2541,1484,2338,1867,1887,2922,2948,2658,5012,70,89,350,435,389,620,398,872,452,626,605,526,1647,1650,1880,3646,20479,13274,2264,1098,7612,29,12,21,8
2021-04-26T23:59:59+02:00,1,0,218,382,894,1124,1006,1539,1081,2523,1430,2288,1849,1866,2912,2937,2655,5006,70,89,346,431,389,619,392,869,448,620,596,514,1632,1635,1878,3642,20288,13229,2248,1059,7544,27,12,21,8
2021-04-25T23:59:59+02:00,1,0,218,381,886,1115,993,1531,1064,2504,1398,2254,1825,1843,2904,2930,2655,5005,69,88,345,426,386,618,390,865,446,619,593,508,1626,1625,1878,3640,20155,13210,2224,1039,7492,19,12,21,7
2021-04-24T23:59:59+02:00,1,0,214,377,875,1105,980,1517,1050,2486,1365,2232,1815,1819,2901,2924,2655,5005,69,88,345,426,385,618,390,863,445,616,592,505,1625,1622,1878,3640,19985,13203,2224,1030,7472,19,12,21,7
2021-04-23T23:59:59+02:00,1,0,210,370,864,1093,973,1507,1030,2467,1307,2185,1790,1792,2894,2918,2655,5002,68,86,345,426,385,617,389,860,442,612,585,497,1616,1613,1878,3635,19824,13177,2212,1003,7375,19,12,21,7
2021-04-22T23:59:59+02:00,1,0,209,362,839,1074,949,1484,999,2425,1253,2121,1744,1740,2881,2898,2653,4993,68,85,343,421,379,609,386,850,437,606,574,489,1597,1599,1873,3630,19520,13103,2156,976,7297,12,12,21,7
2021-04-21T23:59:59+02:00,1,0,203,355,821,1059,925,1466,960,2388,1202,2070,1697,1671,2860,2877,2646,4985,66,83,340,419,377,606,383,845,434,599,569,483,1585,1577,1862,3625,19169,13032,2122,954,7238,12,12,21,7
2021-04-20T23:59:59+02:00,1,0,197,350,805,1035,907,1447,939,2335,1161,2017,1639,1604,2830,2851,2640,4970,65,83,338,418,373,602,378,839,434,592,562,475,1562,1544,1858,3621,18850,12947,2049,931,7168,11,12,21,7
2021-04-19T23:59:59+02:00,1,0,195,342,791,1024,893,1429,922,2302,1136,1983,1599,1558,2817,2836,2638,4965,65,82,337,416,368,597,374,830,429,581,558,469,1534,1517,1852,3608,18638,12852,2032,903,7099,8,11,20,7
2021-04-18T23:59:59+02:00,1,0,194,339,784,1015,882,1419,902,2282,1115,1963,1560,1517,2808,2829,2632,4959,64,80,336,415,368,597,373,825,428,578,555,463,1524,1511,1849,3606,18503,12822,2001,887,7027,8,11,20,7
2021-04-17T23:59:59+02:00,1,0,192,335,781,1012,876,1417,893,2277,1108,1955,1540,1490,2803,2821,2632,4959,64,77,334,410,367,597,371,821,428,575,550,457,1515,1503,1849,3603,18422,12773,2000,885,6999,8,11,20,7
2021-04-16T23:59:59+02:00,1,0,191,334,772,1006,863,1400,880,2255,1070,1916,1485,1423,2789,2806,2628,4952,59,75,331,403,366,595,366,809,421,561,524,427,1502,1481,1838,3590,18195,12666,1983,819,6920,7,11,19,6
2021-04-15T23:59:59+02:00,1,0,190,329,750,989,845,1388,855,2211,1029,1876,1433,1368,2760,2778,2613,4936,57,74,326,397,361,594,358,803,411,558,509,419,1468,1449,1826,3575,17918,12550,1966,772,6790,6,11,18,6
2021-04-14T23:59:59+02:00,1,0,189,323,741,982,838,1375,839,2177,1010,1846,1375,1321,2711,2713,2600,4920,54,70,322,394,357,589,355,795,402,544,493,401,1433,1418,1819,3556,17635,12414,1945,725,6702,6,11,16,6
2021-04-13T23:59:59+02:00,1,0,185,317,732,978,827,1364,828,2152,977,1817,1311,1247,2658,2655,2592,4905,52,70,319,391,349,583,348,787,394,536,480,393,1406,1396,1810,3545,17385,12316,1893,680,6589,5,11,15,6
2021-04-12T23:59:59+02:00,1,0,185,316,727,973,819,1352,802,2129,961,1796,1262,1211,2639,2625,2588,4891,51,66,309,384,344,577,343,779,388,529,462,383,1389,1381,1807,3537,17249,12225,1868,638,6479,5,11,13,6
2021-04-11T23:59:59+02:00,0,0,183,315,721,964,812,1347,790,2113,945,1779,1240,1181,2618,2603,2583,4884,50,64,304,382,342,575,342,775,383,521,457,374,1374,1376,1803,3530,17178,12173,1843,612,6373,4,11,13,6
2021-04-10T23:59:59+02:00,0,0,183,313,721,961,810,1346,783,2105,938,1773,1226,1166,2605,2587,2582,4884,45,59,281,369,327,560,328,763,368,511,444,367,1362,1357,1798,3524,17123,11996,1834,596,6342,4,10,13,6
2021-04-09T23:59:59+02:00,0,0,183,309,717,957,800,1323,775,2021,919,1691,1171,1095,2564,2558,2579,4876,38,57,267,355,309,548,309,749,355,495,427,358,1320,1328,1785,3510,16962,11768,1797,566,6092,4,8,11,5
2021-04-08T23:59:59+02:00,0,0,182,306,713,950,789,1315,761,2003,896,1669,1099,1015,2506,2521,2567,4866,37,55,259,341,296,540,293,733,329,477,400,335,1271,1290,1761,3476,16793,11480,1731,533,5947,4,7,11,5
2021-04-07T23:59:59+02:00,0,0,176,303,705,944,781,1301,744,1975,874,1637,1045,956,2453,2461,2558,4851,35,52,241,325,286,534,284,720,314,464,371,315,1224,1252,1742,3438,16600,11209,1687,502,5786,4,7,11,5
2021-04-06T23:59:59+02:00,0,0,172,302,699,940,767,1286,724,1952,846,1612,1012,909,2413,2411,2550,4841,33,51,240,322,282,531,274,717,304,459,360,301,1195,1222,1722,3416,16481,11075,1652,468,5608,4,7,11,5
2021-04-05T23:59:59+02:00,0,0,172,302,698,934,763,1277,715,1936,835,1597,984,883,2386,2368,2545,4833,33,51,240,318,281,527,271,710,298,457,358,294,1161,1197,1714,3397,16418,10981,1635,438,5476,4,7,11,5
2021-04-04T23:59:59+02:00,0,0,171,299,695,927,758,1266,706,1920,828,1576,970,869,2380,2362,2545,4832,33,51,240,318,280,527,271,710,297,457,356,294,1143,1184,1710,3393,16389,10937,1632,438,5385,4,7,10,5
2021-04-03T23:59:59+02:00,0,0,171,299,695,927,756,1264,705,1915,820,1573,957,860,2374,2352,2542,4831,33,51,240,318,280,527,271,709,297,455,356,294,1143,1179,1710,3390,16344,10926,1632,438,5365,4,7,10,5
2021-04-02T23:59:59+02:00,0,0,171,298,695,926,755,1261,702,1908,812,1562,945,849,2352,2330,2540,4828,33,51,237,318,278,525,268,702,290,450,351,292,1122,1151,1698,3363,16274,10807,1620,431,5338,4,7,10,5
2021-04-01T23:59:59+02:00,0,0,168,295,689,915,742,1248,696,1888,794,1541,915,813,2313,2281,2534,4809,32,50,229,315,276,521,265,695,284,445,339,284,1083,1113,1665,3320,16143,10606,1557,417,5235,4,7,10,5
2021-03-31T23:59:59+02:00,0,0,165,292,682,908,732,1232,688,1842,780,1498,899,794,2267,2217,2513,4790,32,50,228,314,271,519,260,693,274,434,325,278,1018,1060,1641,3288,16024,10395,1492,398,5077,4,6,10,5
2021-03-30T23:59:59+02:00,0,0,161,285,676,899,728,1211,677,1803,770,1454,877,776,2220,2152,2499,4768,32,49,225,311,268,516,258,687,269,426,314,272,984,1031,1619,3252,15880,10238,1445,380,4923,4,6,10,5
2021-03-29T23:59:59+02:00,0,0,158,279,670,886,722,1200,667,1771,757,1415,858,758,2145,2084,2478,4738,32,48,224,310,267,514,254,680,261,415,307,266,956,1010,1606,3225,15671,10109,1401,370,4804,4,6,10,5
2021-03-28T23:59:59+02:00,0,0,150,262,660,879,715,1191,662,1750,752,1397,851,737,2098,2040,2473,4726,32,47,221,310,263,508,250,677,259,412,305,264,945,999,1600,3217,15590,10051,1347,362,4695,4,6,10,5
2021-03-27T23:59:59+01:00,0,0,150,259,656,872,711,1187,656,1739,750,1390,842,722,2087,2026,2473,4723,32,47,221,310,263,508,249,671,256,407,303,263,938,989,1583,3193,15537,9985,1338,352,4655,4,6,10,5
2021-03-26T23:59:59+01:00,0,0,148,257,646,860,705,1171,647,1720,742,1359,823,703,2061,2001,2463,4713,32,47,221,310,262,506,249,670,250,395,298,255,906,957,1550,3144,15429,9805,1301,352,4573,4,4,10,5
2021-03-25T23:59:59+01:00,0,0,145,256,636,848,684,1150,631,1683,723,1316,803,683,2018,1958,2447,4695,32,47,218,305,261,505,243,667,248,393,290,251,867,926,1488,3065,15315,9570,1247,338,4396,3,4,9,5
2021-03-24T23:59:59+01:00,0,0,142,247,622,835,677,1136,622,1645,709,1282,778,666,1976,1914,2430,4671,32,47,216,303,259,503,241,667,242,390,283,245,822,901,1437,2972,15178,9342,1213,322,4242,2,3,9,5
2021-03-23T23:59:59+01:00,0,0,139,245,615,825,663,1124,612,1623,696,1243,760,652,1935,1883,2414,4652,31,46,214,302,257,499,234,662,239,383,273,241,797,878,1359,2874,15084,9080,1184,311,4092,2,3,9,5
2021-03-22T23:59:59+01:00,0,0,136,240,597,808,645,1105,601,1591,681,1217,749,639,1904,1858,2403,4636,31,45,213,300,255,497,233,654,238,379,270,236,770,856,1267,2769,15003,8816,1152,299,3933,2,3,8,5
2021-03-21T23:59:59+01:00,0,0,134,238,593,802,641,1102,596,1567,671,1182,743,628,1880,1851,2397,4620,31,45,212,300,254,495,232,653,237,377,268,233,764,853,1258,2760,14970,8783,1131,290,3816,2,3,8,5
2021-03-20T23:59:59+01:00,0,0,132,238,587,799,638,1099,593,1563,669,1180,738,619,1856,1829,2390,4608,31,45,212,300,253,495,231,651,234,371,266,231,755,847,1240,2746,14909,8729,1121,280,3778,2,3,8,5
2021-03-19T23:59:59+01:00,0,0,123,226,581,785,630,1093,590,1545,652,1166,703,576,1798,1787,2360,4587,30,45,212,299,252,495,230,644,231,368,264,225,729,828,1204,2693,14741,8584,1046,265,3681,2,3,7,5
2021-03-18T23:59:59+01:00,0,0,120,221,563,775,610,1061,571,1495,622,1118,667,551,1748,1739,2333,4544,30,45,210,297,250,487,230,638,227,359,262,217,711,816,1171,2650,14548,8453,984,246,3466,2,3,7,5
2021-03-17T23:59:59+01:00,0,0,114,215,552,762,598,1056,560,1482,607,1095,643,527,1703,1704,2312,4505,30,44,210,296,249,484,229,637,226,356,261,215,699,804,1136,2603,14345,8336,934,240,3411,2,3,6,5
2021-03-16T23:59:59+01:00,0,0,109,209,540,750,585,1044,548,1440,591,1067,625,503,1649,1649,2291,4469,30,43,210,294,249,479,228,635,224,355,257,215,684,785,1106,2548,14167,8202,881,237,3270,2,2,6,5
2021-03-15T23:59:59+01:00,0,0,105,202,526,735,573,1020,537,1406,576,1029,605,485,1607,1611,2269,4445,29,43,209,291,249,476,226,633,222,355,249,211,665,773,1081,2512,14011,8099,826,223,3139,2,0,6,5
2021-03-14T23:59:59+01:00,0,0,101,190,517,720,562,998,529,1361,559,984,587,470,1578,1590,2253,4420,29,43,209,289,248,475,225,628,221,350,247,207,661,766,1073,2497,13904,8072,791,194,2964,2,0,6,5
2021-03-13T23:59:59+01:00,0,0,97,180,491,699,533,972,501,1338,536,963,560,461,1552,1565,2245,4412,29,43,209,289,248,475,224,628,221,349,246,207,656,756,1043,2468,13680,7994,777,193,2872,2,0,6,5
2021-03-12T23:59:59+01:00,0,0,88,174,465,670,513,944,477,1303,510,927,530,440,1497,1518,2222,4373,29,43,209,288,248,474,224,628,221,348,242,205,643,744,1018,2441,13375,7906,748,193,2742,2,0,6,4
2021-03-11T23:59:59+01:00,0,0,82,163,434,633,478,912,439,1224,472,863,500,407,1418,1451,2174,4314,29,42,208,285,243,470,222,624,217,345,237,203,627,722,993,2400,12992,7819,695,142,2473,2,0,6,4
2021-03-10T23:59:59+01:00,0,0,80,157,410,608,459,894,421,1188,444,819,470,381,1340,1387,2135,4257,29,42,206,280,239,466,219,618,217,343,232,200,608,714,970,2361,12650,7710,662,125,2331,2,0,6,4
2021-03-09T23:59:59+01:00,0,0,79,153,400,588,433,865,408,1139,426,788,448,362,1288,1354,2094,4213,29,42,205,277,237,458,216,614,213,339,230,199,597,707,951,2330,12426,7628,635,106,2157,2,0,6,4
2021-03-08T23:59:59+01:00,0,0,76,148,386,570,415,847,396,1086,415,746,432,347,1230,1318,2070,4175,29,42,205,276,234,452,212,609,209,335,228,198,585,702,941,2319,12236,7577,598,90,2000,1,0,6,3
2021-03-07T23:59:59+01:00,0,0,73,144,383,560,407,831,384,1072,408,740,429,342,1217,1298,2061,4166,29,42,204,275,234,450,210,608,209,334,227,197,581,699,933,2312,12169,7547,571,88,1948,0,0,6,3
2021-03-06T23:59:59+01:00,0,0,73,137,380,555,400,810,375,1018,400,706,427,341,1210,1287,2046,4151,29,42,204,275,233,449,210,607,209,334,227,197,578,699,931,2299,12112,7539,571,75,1804,0,0,6,3
2021-03-05T23:59:59+01:00,0,0,73,132,376,549,396,804,372,1002,388,680,415,327,1170,1245,2002,4092,29,42,203,274,232,448,209,605,208,331,225,196,573,698,923,2278,11896,7515,549,49,1742,0,0,6,3
2021-03-04T23:59:59+01:00,0,0,73,121,367,516,382,771,352,960,374,650,398,325,1118,1195,1918,3996,28,42,201,269,230,441,207,594,205,330,224,195,571,695,920,2275,11593,7467,516,48,1568,0,0,6,3
2021-03-03T23:59:59+01:00,0,0,68,114,358,500,374,754,347,938,360,630,388,317,1073,1161,1848,3874,28,42,201,268,229,439,204,584,205,323,223,192,566,692,913,2269,11317,7423,489,43,1456,0,0,5,3
2021-03-02T23:59:59+01:00,0,0,65,108,348,487,361,736,336,917,352,602,375,310,1038,1131,1750,3753,27,42,201,268,229,432,199,577,203,320,221,192,564,684,906,2256,10993,7364,465,43,1362,0,0,5,3
2021-03-01T23:59:59+01:00,0,0,64,106,342,473,354,716,325,892,345,568,370,306,1011,1099,1632,3599,27,41,200,267,227,423,197,569,203,316,220,192,561,677,897,2248,10652,7307,444,43,1254,0,0,5,3
2021-02-28T23:59:59+01:00,0,0,64,104,335,464,351,708,323,868,341,548,365,294,1002,1095,1622,3587,27,41,199,266,226,423,197,569,203,316,219,192,560,673,894,2245,10607,7292,433,43,1177,0,0,5,3
2021-02-27T23:59:59+01:00,0,0,61,95,331,455,347,704,317,855,337,538,361,290,993,1084,1600,3565,27,41,199,265,226,422,196,568,202,315,219,192,560,673,894,2245,10536,7291,421,38,1120,0,0,5,3
2021-02-26T23:59:59+01:00,0,0,59,92,324,431,322,673,297,824,324,517,357,286,968,1064,1558,3503,27,40,199,264,226,420,194,565,199,313,219,192,560,673,893,2242,10375,7273,418,38,945,0,0,5,2
2021-02-25T23:59:59+01:00,0,0,52,79,311,412,311,643,291,795,309,491,347,276,949,1045,1520,3457,27,40,198,261,222,417,191,557,194,312,214,189,549,665,882,2236,10222,7211,404,28,797,0,0,5,2
2021-02-24T23:59:59+01:00,0,0,48,74,302,400,304,630,286,780,305,481,341,275,929,1033,1473,3398,26,40,196,259,219,404,189,549,191,307,212,186,543,659,880,2223,10074,7146,390,20,727,0,0,5,2
2021-02-23T23:59:59+01:00,0,0,45,65,289,384,296,611,280,761,295,471,334,273,901,1014,1432,3325,25,40,195,257,217,399,188,543,187,304,211,185,541,648,874,2203,9898,7083,371,16,635,0,0,5,2
2021-02-22T23:59:59+01:00,0,0,42,62,282,372,292,600,276,750,291,467,327,266,879,999,1402,3289,25,38,191,254,214,386,180,533,182,301,207,182,529,640,867,2186,9776,6991,355,5,592,0,0,4,2
2021-02-21T23:59:59+01:00,0,0,41,61,277,364,290,591,272,742,284,463,324,264,874,994,1395,3280,25,37,190,252,213,384,180,524,182,299,207,182,525,639,859,2173,9750,6946,347,5,542,0,0,4,2
2021-02-20T23:59:59+01:00,0,0,40,61,274,363,290,588,271,736,281,455,323,264,861,982,1362,3249,25,37,190,252,213,384,180,524,181,298,207,182,524,639,857,2172,9664,6940,336,5,520,0,0,4,2
2021-02-19T23:59:59+01:00,0,0,39,61,270,358,284,565,261,710,276,442,319,259,838,965,1328,3219,25,36,190,252,212,383,180,523,180,298,206,181,519,638,852,2155,9558,6905,321,5,432,0,0,3,2
2021-02-18T23:59:59+01:00,0,0,39,57,252,337,275,544,252,689,259,414,315,250,826,944,1302,3187,24,35,186,245,210,377,176,507,178,287,203,176,504,624,815,2088,9464,6710,295,5,298,0,0,3,2
2021-02-17T23:59:59+01:00,0,0,39,55,245,331,272,530,247,676,256,392,310,245,806,933,1273,3140,22,33,183,240,202,362,172,490,173,275,195,172,493,609,796,2049,9331,6539,285,4,244,0,0,3,2
2021-02-16T23:59:59+01:00,0,0,38,50,234,319,269,519,241,661,249,385,305,243,795,922,1247,3108,20,33,174,232,194,343,166,478,169,261,192,165,460,578,761,1981,9236,6279,277,4,180,0,0,3,2
2021-02-15T23:59:59+01:00,0,0,37,49,228,316,262,506,237,655,246,377,301,242,777,913,1235,3089,19,31,168,226,189,335,161,467,163,254,182,159,430,549,725,1910,9172,6040,263,4,143,0,0,3,2
2021-02-14T23:59:59+01:00,0,0,35,49,225,313,260,500,235,649,246,373,301,238,770,907,1226,3070,18,31,166,223,185,330,160,455,161,251,181,156,422,540,707,1867,9149,5924,230,4,125,0,0,3,2
2021-02-13T23:59:59+01:00,0,0,34,49,225,313,258,500,235,648,246,373,301,238,768,906,1225,3070,18,31,164,222,182,330,159,453,160,248,179,153,417,537,699,1852,9143,5877,230,1,123,0,0,3,2
2021-02-12T23:59:59+01:00,0,0,33,47,222,307,255,491,231,637,243,366,300,237,762,905,1222,3060,18,31,162,219,181,329,157,451,158,247,177,149,413,521,668,1786,9114,5740,230,1,79,0,0,3,2
2021-02-11T23:59:59+01:00,0,0,32,46,214,288,248,475,224,613,230,352,296,236,754,888,1197,3027,18,30,146,199,173,298,146,405,151,225,160,133,367,472,605,1618,9042,5213,163,1,18,0,0,3,2
2021-02-10T23:59:59+01:00,0,0,31,46,211,281,245,468,220,604,227,345,292,236,742,885,1189,3017,17,27,133,176,157,260,127,356,140,200,144,125,340,441,543,1493,8987,4739,146,1,7,0,0,3,0
2021-02-09T23:59:59+01:00,0,0,30,44,210,278,243,455,215,597,223,342,288,232,738,878,1180,3004,17,26,118,147,144,237,110,313,126,173,126,116,308,385,488,1335,8932,4223,122,1,3,0,0,3,0
2021-02-08T23:59:59+01:00,0,0,30,44,209,276,237,441,212,585,220,337,283,232,730,872,1174,2997,15,24,102,125,123,193,91,272,118,161,103,107,269,333,426,1200,8866,3711,107,1,3,0,0,3,0
2021-02-07T23:59:59+01:00,0,0,30,43,207,275,235,440,212,582,220,336,283,232,728,868,1169,2994,14,18,98,117,116,182,86,254,112,151,96,102,262,320,410,1150,8845,3534,104,1,0,0,0,3,0
2021-02-06T23:59:59+01:00,0,0,30,43,207,275,235,439,212,582,220,335,282,232,727,868,1168,2982,11,14,97,115,115,178,84,247,112,149,95,101,262,316,399,1135,8842,3473,90,1,0,0,0,3,0
2021-02-05T23:59:59+01:00,0,0,29,42,207,275,235,438,210,579,218,334,281,232,725,868,1156,2955,10,10,89,107,111,175,83,242,106,137,92,99,253,310,375,1106,8822,3346,55,0,0,0,0,3,0
2021-02-04T23:59:59+01:00,0,0,29,42,205,272,231,433,205,573,216,330,278,228,719,862,1147,2944,9,7,62,74,88,131,71,203,86,118,88,85,221,274,331,979,8752,2857,55,0,0,0,0,3,0
2021-02-03T23:59:59+01:00,0,0,29,41,205,270,230,421,202,567,215,327,276,226,709,859,1140,2928,6,4,45,56,69,107,53,157,73,88,63,60,166,200,250,716,8688,2137,50,0,0,0,0,3,0
2021-02-02T23:59:59+01:00,0,0,28,41,204,268,226,415,201,562,212,326,273,225,701,848,1133,2902,3,3,29,39,54,77,41,101,54,65,54,49,119,134,166,473,8607,1477,49,0,0,0,0,3,0
2021-02-01T23:59:59+01:00,0,0,27,39,202,268,223,410,198,556,208,319,271,222,694,845,1128,2890,3,1,22,21,27,45,28,62,30,34,38,31,72,86,96,284,8542,889,49,0,0,0,0,3,0
2021-01-31T23:59:59+01:00,0,0,27,39,202,266,221,406,196,548,207,317,270,222,690,841,1122,2875,3,1,20,16,18,37,21,49,22,30,35,25,57,74,93,254,8491,762,48,0,0,0,0,3,0
2021-01-30T23:59:59+01:00,0,0,27,39,202,266,221,405,195,548,207,317,270,222,689,841,1121,2873,3,1,19,15,16,37,19,45,20,29,34,24,57,71,91,248,8486,735,47,0,0,0,0,3,0
2021-01-29T23:59:59+01:00,0,0,27,39,202,263,220,404,194,547,205,315,270,222,684,838,1115,2865,3,0,16,10,11,31,18,40,16,26,34,23,54,70,89,242,8458,687,43,0,0,0,0,2,0
2021-01-28T23:59:59+01:00,0,0,27,38,195,260,220,398,193,538,202,310,269,222,672,830,1092,2845,3,0,3,3,6,18,10,22,7,12,26,16,37,47,59,171,8368,442,34,0,0,0,0,2,0
2021-01-27T23:59:59+01:00,0,0,26,36,190,255,215,389,191,524,199,300,261,217,658,813,1068,2807,1,0,2,3,5,14,9,20,6,11,25,15,31,41,49,130,8206,363,29,0,0,0,0,2,0
2021-01-26T23:59:59+01:00,0,0,23,36,187,244,209,376,186,506,196,292,255,212,636,796,1040,2756,1,0,1,3,5,14,9,20,6,11,24,12,30,37,48,113,8011,335,24,0,0,0,0,2,0
2021-01-25T23:59:59+01:00,0,0,23,35,179,242,206,366,181,496,191,281,245,207,613,776,1014,2711,1,0,1,3,4,12,8,17,6,10,21,10,26,36,40,102,7843,298,6,0,0,0,0,2,0
2021-01-24T23:59:59+01:00,0,0,22,34,177,239,203,365,180,494,190,279,245,205,609,771,1011,2706,1,0,1,3,3,12,8,17,6,10,21,10,26,36,39,100,7807,294,5,0,0,0,0,2,0
2021-01-23T23:59:59+01:00,0,0,22,34,177,239,201,365,180,493,190,279,245,205,608,771,1003,2693,1,0,1,3,3,11,8,17,5,10,21,10,26,36,39,100,7782,292,5,0,0,0,0,2,0
2021-01-22T23:59:59+01:00,0,0,21,33,175,235,200,365,180,492,189,279,245,203,606,769,975,2651,1,0,1,3,3,11,8,17,5,10,21,10,26,36,39,100,7695,292,5,0,0,0,0,2,0
2021-01-21T23:59:59+01:00,0,0,20,33,166,226,193,347,175,469,187,263,233,198,581,743,939,2598,1,0,1,3,1,6,7,12,3,6,20,8,22,26,34,83,7444,234,5,0,0,0,0,2,0
2021-01-20T23:59:59+01:00,0,0,19,31,151,200,175,305,146,413,173,239,215,187,539,697,870,2398,1,0,1,3,1,6,7,11,3,5,19,7,21,23,30,77,6824,216,4,0,0,0,0,2,0
2021-01-19T23:59:59+01:00,0,0,19,29,128,168,159,271,133,371,157,216,180,166,476,606,772,2124,1,0,1,3,1,6,5,7,1,3,11,3,10,15,21,55,6033,144,3,0,0,0,0,2,0
2021-01-18T23:59:59+01:00,0,0,16,28,113,150,137,227,115,323,140,189,142,151,386,501,636,1781,1,0,1,1,0,3,4,5,0,3,2,1,4,6,10,28,5089,70,3,0,0,0,0,2,0
2021-01-17T23:59:59+01:00,0,0,15,18,109,136,129,214,107,299,132,177,133,137,371,471,586,1679,1,0,0,0,0,1,2,4,0,2,1,1,3,1,2,5,4760,23,3,0,0,0,0,2,0
2021-01-16T23:59:59+01:00,0,0,13,14,105,133,127,209,104,289,130,171,130,133,366,463,569,1651,0,0,0,0,0,0,0,0,0,0,0,0,0,0,0,0,4654,0,0,0,0,0,0,2,0
2021-01-15T23:59:59+01:00,0,0,11,12,100,124,123,204,102,279,128,159,126,130,358,447,539,1607,0,0,0,0,0,0,0,0,0,0,0,0,0,0,0,0,4493,0,0,0,0,0,0,2,0
2021-01-14T23:59:59+01:00,0,0,9,8,75,91,104,167,84,234,111,142,114,109,306,397,474,1391,0,0,0,0,0,0,0,0,0,0,0,0,0,0,0,0,3850,0,0,0,0,0,0,2,0
2021-01-13T23:59:59+01:00,0,0,7,7,62,81,93,140,74,192,101,116,86,80,236,282,376,1061,0,0,0,0,0,0,0,0,0,0,0,0,0,0,0,0,3022,0,0,0,0,0,0,2,0
2021-01-12T23:59:59+01:00,0,0,5,5,53,62,76,110,66,135,79,92,70,64,166,202,273,742,0,0,0,0,0,0,0,0,0,0,0,0,0,0,0,0,2225,0,0,0,0,0,0,0,0
2021-01-11T23:59:59+01:00,0,0,4,3,45,49,63,81,52,108,57,65,50,43,96,123,144,417,0,0,0,0,0,0,0,0,0,0,0,0,0,0,0,0,1420,0,0,0,0,0,0,0,0
2021-01-10T23:59:59+01:00,0,0,3,3,41,37,46,67,38,86,47,56,45,33,79,109,135,363,0,0,0,0,0,0,0,0,0,0,0,0,0,0,0,0,1200,0,0,0,0,0,0,0,0
2021-01-09T23:59:59+01:00,0,0,3,2,38,36,41,64,35,76,41,51,44,33,79,107,132,361,0,0,0,0,0,0,0,0,0,0,0,0,0,0,0,0,1153,0,0,0,0,0,0,0,0
2021-01-08T23:59:59+01:00,0,0,3,2,31,28,34,57,29,63,36,45,42,30,74,104,128,350,0,0,0,0,0,0,0,0,0,0,0,0,0,0,0,0,1064,0,0,0,0,0,0,0,0
2021-01-07T23:59:59+01:00,0,0,3,2,9,3,9,20,12,28,12,22,35,21,52,69,88,248,0,0,0,0,0,0,0,0,0,0,0,0,0,0,0,0,635,0,0,0,0,0,0,0,0
2021-01-06T23:59:59+01:00,0,0,3,0,2,3,5,15,9,22,8,13,31,19,44,58,73,197,0,0,0,0,0,0,0,0,0,0,0,0,0,0,0,0,504,0,0,0,0,0,0,0,0
2021-01-05T23:59:59+01:00,0,0,2,0,1,3,5,14,9,20,8,12,30,18,43,57,70,189,0,0,0,0,0,0,0,0,0,0,0,0,0,0,0,0,483,0,0,0,0,0,0,0,0
2021-01-04T23:59:59+01:00,0,0,1,0,1,3,5,13,8,18,7,11,26,14,34,48,54,143,0,0,0,0,0,0,0,0,0,0,0,0,0,0,0,0,387,0,0,0,0,0,0,0,0
2021-01-03T23:59:59+01:00,0,0,1,0,1,3,4,13,8,18,6,11,26,14,34,48,54,142,0,0,0,0,0,0,0,0,0,0,0,0,0,0,0,0,384,0,0,0,0,0,0,0,0
2021-01-02T23:59:59+01:00,0,0,1,0,1,3,4,13,7,18,5,11,26,14,34,48,54,142,0,0,0,0,0,0,0,0,0,0,0,0,0,0,0,0,382,0,0,0,0,0,0,0,0
2021-01-01T23:59:59+01:00,0,0,1,0,1,3,4,13,7,18,5,11,26,14,34,48,54,142,0,0,0,0,0,0,0,0,0,0,0,0,0,0,0,0,382,0,0,0,0,0,0,0,0
2020-12-31T23:59:59+01:00,0,0,1,0,1,3,4,12,7,18,5,11,26,14,34,48,54,142,0,0,0,0,0,0,0,0,0,0,0,0,0,0,0,0,381,0,0,0,0,0,0,0,0
2020-12-30T23:59:59+01:00,0,0,1,0,1,3,4,12,7,17,5,11,26,14,34,48,54,142,0,0,0,0,0,0,0,0,0,0,0,0,0,0,0,0,380,0,0,0,0,0,0,0,0
2020-12-29T23:59:59+01:00,0,0,1,0,1,3,3,8,5,12,3,8,19,10,25,40,39,115,0,0,0,0,0,0,0,0,0,0,0,0,0,0,0,0,293,0,0,0,0,0,0,0,0
2020-12-28T23:59:59+01:00,0,0,1,0,1,1,1,2,3,6,2,4,11,3,8,15,24,58,0,0,0,0,0,0,0,0,0,0,0,0,0,0,0,0,141,0,0,0,0,0,0,0,0
2020-12-27T23:59:59+01:00,0,0,1,0,0,0,0,1,2,6,0,2,2,1,5,4,5,20,0,0,0,0,0,0,0,0,0,0,0,0,0,0,0,0,49,0,0,0,0,0,0,0,0
