Datum,<15_1_m,<15_1_w,15-24_1_m,15-24_1_w,25-34_1_m,25-34_1_w,35-44_1_m,35-44_1_w,45-54_1_m,45-54_1_w,55-64_1_m,55-64_1_w,65-74_1_m,65-74_1_w,75-84_1_m,75-84_1_w,>84_1_m,>84_1_w,<15_2_m,<15_2_w,15-24_2_m,15-24_2_w,25-34_2_m,25-34_2_w,35-44_2_m,35-44_2_w,45-54_2_m,45-54_2_w,55-64_2_m,55-64_2_w,65-74_2_m,65-74_2_w,75-84_2_m,75-84_2_w,>84_2_m,>84_2_w,bp_1,bp_2,mo_1,mo_2,az_1,az_2,ja,unb_1,unb_2
2021-11-23T23:59:59+01:00,303,294,5508,4279,12796,8319,11906,7611,10008,10002,6187,6774,1989,2505,1237,1690,329,941,212,177,4158,3450,10257,7050,9784,6501,8418,8622,5453,5982,1835,2292,1163,1603,291,866,62663,49685,8255,7438,9420,8124,14363,81,89
2021-11-22T23:59:59+01:00,293,283,5477,4263,12737,8295,11860,7591,9976,9975,6174,6755,1987,2496,1236,1688,329,941,211,177,4137,3440,10218,7033,9743,6484,8387,8591,5446,5971,1833,2290,1162,1602,291,866,62358,49468,8245,7432,9420,8122,14356,81,89
2021-11-21T23:59:59+01:00,290,275,5449,4250,12683,8278,11817,7568,9949,9953,6163,6742,1983,2492,1233,1688,329,941,207,177,4120,3433,10199,7026,9713,6464,8362,8577,5438,5961,1832,2287,1162,1601,291,865,62108,49319,8236,7428,9420,8122,14342,81,89
2021-11-20T23:59:59+01:00,287,271,5407,4233,12640,8258,11794,7556,9926,9931,6146,6730,1980,2491,1232,1686,329,941,206,176,4112,3426,10181,7019,9697,6460,8352,8565,5427,5955,1828,2285,1162,1601,291,865,61891,49229,8221,7424,9420,8122,14329,81,89
2021-11-19T23:59:59+01:00,275,262,5349,4190,12564,8234,11747,7535,9878,9893,6134,6715,1975,2481,1232,1686,329,941,205,176,4079,3414,10116,7003,9660,6445,8330,8544,5413,5951,1828,2281,1162,1601,291,865,61495,49004,8208,7414,9420,8122,14320,81,89
2021-11-18T23:59:59+01:00,271,257,5294,4161,12472,8190,11673,7498,9831,9847,6113,6684,1972,2473,1229,1683,329,939,201,175,4054,3400,10063,6984,9596,6429,8293,8519,5395,5940,1824,2277,1160,1600,291,865,61019,48729,8193,7404,9420,8122,14307,81,89
2021-11-17T23:59:59+01:00,270,255,5236,4124,12391,8142,11603,7458,9773,9798,6087,6657,1968,2467,1227,1681,329,937,201,175,4020,3392,10020,6960,9542,6401,8257,8482,5374,5926,1823,2275,1158,1597,291,865,60529,48445,8185,7396,9420,8122,14292,81,89
2021-11-16T23:59:59+01:00,267,251,5180,4099,12278,8098,11507,7411,9719,9745,6058,6635,1965,2455,1227,1678,328,937,200,174,4003,3388,9986,6945,9507,6389,8231,8458,5363,5915,1822,2274,1158,1595,290,864,60009,48277,8164,7391,9420,8122,14268,81,89
2021-11-15T23:59:59+01:00,265,248,5098,4061,12151,8051,11408,7364,9649,9686,6026,6602,1960,2446,1227,1677,328,936,198,174,3974,3375,9968,6932,9472,6374,8219,8441,5355,5899,1819,2273,1157,1595,290,863,59384,48121,8156,7386,9420,8122,14244,81,89
2021-11-14T23:59:59+01:00,264,243,5049,4039,12084,8012,11331,7338,9588,9650,6003,6578,1956,2443,1225,1676,328,936,197,173,3962,3365,9926,6912,9454,6364,8208,8425,5348,5892,1818,2273,1155,1594,290,863,58983,47994,8144,7380,9420,8122,14217,81,89
2021-11-13T23:59:59+01:00,260,242,5022,4027,12024,7985,11280,7319,9552,9625,5992,6565,1954,2442,1225,1675,328,936,195,173,3957,3360,9915,6904,9445,6361,8202,8422,5346,5890,1817,2272,1155,1594,290,863,58728,47958,8125,7375,9420,8122,14200,81,89
2021-11-12T23:59:59+01:00,255,238,4974,3996,11931,7938,11209,7286,9488,9581,5973,6539,1952,2435,1224,1675,328,936,192,173,3939,3351,9886,6889,9428,6350,8182,8411,5336,5885,1817,2268,1155,1594,290,863,58265,47834,8117,7372,9420,8122,14175,81,89
2021-11-11T23:59:59+01:00,252,236,4889,3971,11813,7886,11089,7246,9411,9516,5931,6496,1946,2426,1224,1674,328,935,190,172,3915,3339,9846,6871,9399,6325,8152,8388,5331,5873,1817,2267,1154,1593,290,863,57634,47656,8094,7361,9420,8122,14139,81,89
2021-11-10T23:59:59+01:00,247,234,4819,3948,11654,7816,10986,7195,9331,9459,5897,6467,1942,2420,1222,1671,328,933,188,171,3899,3326,9819,6858,9375,6312,8129,8376,5320,5867,1815,2264,1153,1590,290,863,56994,47532,8074,7356,9419,8122,14098,81,89
2021-11-09T23:59:59+01:00,247,232,4761,3918,11534,7782,10903,7160,9275,9431,5865,6438,1941,2417,1222,1671,328,933,187,168,3885,3319,9788,6848,9350,6301,8112,8354,5310,5853,1815,2260,1151,1589,290,863,56538,47409,8061,7350,9419,8121,14054,81,89
2021-11-08T23:59:59+01:00,245,227,4703,3891,11409,7746,10791,7122,9200,9373,5836,6413,1938,2415,1221,1667,328,932,186,166,3863,3308,9756,6832,9320,6285,8095,8341,5304,5845,1813,2255,1150,1588,290,863,56008,47295,8047,7338,9418,8121,13997,81,89
2021-11-07T23:59:59+01:00,244,226,4670,3875,11344,7713,10723,7105,9152,9349,5820,6397,1936,2412,1220,1666,327,932,185,165,3852,3297,9737,6823,9301,6277,8086,8331,5299,5841,1812,2254,1149,1587,290,863,55707,47228,8034,7327,9418,8121,13964,81,89
2021-11-06T23:59:59+01:00,244,226,4657,3865,11306,7701,10683,7087,9128,9332,5807,6387,1933,2410,1220,1666,327,932,185,165,3850,3292,9730,6819,9297,6273,8082,8325,5295,5839,1809,2254,1149,1587,290,863,55519,47195,8031,7327,9418,8121,13952,81,89
2021-11-05T23:59:59+01:00,243,225,4616,3846,11239,7675,10610,7053,9062,9291,5791,6370,1932,2406,1219,1665,327,932,184,165,3835,3286,9714,6804,9281,6267,8063,8314,5291,5833,1808,2253,1149,1587,290,863,55149,47115,8026,7325,9418,8121,13917,81,89
2021-11-04T23:59:59+01:00,241,222,4552,3817,11122,7614,10495,7003,8968,9240,5762,6346,1928,2399,1218,1664,327,931,182,163,3813,3271,9676,6780,9237,6241,8037,8283,5275,5820,1808,2248,1148,1587,290,863,54625,46974,8011,7321,9418,8121,13796,81,89
2021-11-03T23:59:59+01:00,240,220,4518,3795,11027,7575,10405,6976,8902,9195,5738,6324,1925,2397,1218,1663,327,931,181,160,3796,3266,9643,6761,9206,6234,8015,8266,5269,5816,1804,2241,1148,1587,290,862,54215,46861,8003,7313,9418,8121,13740,81,89
2021-11-02T23:59:59+01:00,240,219,4472,3779,10942,7546,10323,6945,8830,9164,5710,6306,1922,2394,1218,1662,327,931,181,159,3787,3247,9619,6740,9175,6222,7996,8240,5260,5806,1800,2239,1148,1585,290,860,53845,46752,7994,7305,9418,8118,13668,81,89
2021-11-01T23:59:59+01:00,239,219,4439,3765,10869,7518,10225,6913,8770,9136,5686,6286,1920,2388,1218,1660,327,930,181,159,3767,3236,9587,6718,9142,6204,7973,8227,5247,5795,1799,2239,1148,1585,290,860,53515,46646,7988,7299,9418,8118,13582,81,89
2021-10-31T23:59:59+01:00,237,219,4425,3763,10853,7511,10212,6908,8764,9130,5685,6284,1920,2388,1218,1660,327,930,180,159,3761,3234,9580,6716,9136,6202,7971,8224,5245,5792,1798,2239,1148,1585,290,860,53469,46636,7986,7298,9418,8118,13556,81,89
2021-10-30T23:59:59+02:00,236,218,4420,3761,10833,7507,10197,6905,8755,9122,5675,6280,1919,2387,1218,1660,327,930,180,159,3759,3234,9571,6713,9130,6202,7967,8223,5239,5789,1798,2239,1148,1585,290,860,53408,46626,7986,7297,9418,8118,13532,81,89
2021-10-29T23:59:59+02:00,235,217,4366,3750,10748,7480,10116,6876,8708,9080,5656,6267,1919,2383,1218,1660,326,929,179,158,3734,3227,9537,6707,9101,6196,7947,8205,5232,5783,1796,2239,1148,1585,290,859,53094,46560,7977,7294,9418,8118,13437,81,89
2021-10-28T23:59:59+02:00,235,215,4318,3731,10642,7447,10012,6839,8644,9026,5630,6239,1917,2376,1216,1660,326,929,179,157,3706,3216,9489,6677,9049,6168,7916,8180,5218,5774,1795,2236,1148,1585,289,859,52723,46439,7963,7280,9418,8118,13284,81,89
2021-10-27T23:59:59+02:00,235,214,4293,3723,10577,7424,9959,6802,8587,8995,5611,6221,1914,2373,1216,1659,326,929,176,157,3690,3207,9450,6654,9025,6153,7896,8164,5210,5762,1792,2235,1147,1582,289,858,52457,46322,7952,7270,9418,8117,13214,81,89
2021-10-26T23:59:59+02:00,234,212,4260,3706,10527,7393,9902,6775,8546,8949,5592,6206,1911,2370,1215,1658,326,928,174,157,3673,3197,9407,6632,8991,6139,7875,8142,5199,5755,1790,2234,1145,1578,289,857,52193,46187,7943,7269,9418,8117,13134,81,89
2021-10-25T23:59:59+02:00,232,212,4253,3700,10511,7386,9881,6762,8532,8929,5589,6201,1909,2369,1215,1658,326,928,174,157,3670,3196,9397,6620,8975,6130,7864,8127,5195,5753,1789,2234,1144,1578,289,857,52120,46147,7942,7267,9418,8117,13090,81,89
2021-10-24T23:59:59+02:00,229,211,4243,3687,10467,7370,9852,6742,8514,8905,5583,6192,1907,2369,1214,1658,326,928,173,156,3659,3190,9373,6614,8957,6119,7853,8113,5190,5749,1789,2233,1144,1577,289,857,51973,46084,7936,7263,9418,8115,13045,81,89
2021-10-23T23:59:59+02:00,226,211,4238,3683,10445,7367,9840,6735,8509,8895,5582,6187,1907,2369,1214,1658,326,928,173,156,3657,3187,9365,6613,8951,6116,7848,8110,5189,5748,1789,2233,1144,1577,289,857,51911,46066,7935,7262,9418,8115,13031,81,89
2021-10-22T23:59:59+02:00,225,210,4214,3673,10407,7350,9814,6719,8482,8859,5570,6167,1907,2368,1214,1658,326,928,171,155,3648,3185,9343,6600,8931,6107,7835,8099,5180,5737,1788,2229,1144,1576,289,857,51738,45995,7930,7257,9418,8115,12978,81,89
2021-10-21T23:59:59+02:00,219,208,4193,3658,10335,7328,9768,6683,8449,8812,5561,6142,1906,2365,1213,1657,326,928,169,155,3618,3166,9298,6585,8903,6089,7808,8075,5164,5723,1786,2226,1142,1575,289,857,51486,45831,7916,7249,9418,8115,12903,81,89
2021-10-20T23:59:59+02:00,219,208,4181,3648,10316,7313,9738,6667,8423,8794,5553,6129,1904,2362,1213,1657,326,928,168,154,3607,3152,9268,6571,8874,6076,7791,8062,5156,5713,1783,2224,1142,1573,289,855,51347,45701,7914,7241,9418,8114,12872,80,89
2021-10-19T23:59:59+02:00,216,207,4172,3642,10296,7305,9709,6655,8407,8782,5545,6123,1903,2361,1213,1657,326,927,162,152,3596,3136,9249,6556,8858,6064,7779,8049,5143,5703,1783,2219,1141,1572,289,855,51249,45576,7905,7237,9418,8114,12845,80,89
2021-10-18T23:59:59+02:00,216,203,4155,3634,10284,7294,9692,6647,8396,8771,5540,6109,1902,2357,1211,1656,326,927,162,152,3586,3123,9232,6543,8843,6057,7770,8040,5142,5690,1780,2216,1141,1572,289,853,51146,45485,7901,7230,9418,8113,12825,80,89
2021-10-17T23:59:59+02:00,216,201,4148,3630,10275,7285,9677,6644,8389,8768,5537,6105,1901,2357,1211,1655,325,926,162,149,3574,3115,9222,6539,8835,6051,7761,8031,5140,5685,1778,2212,1139,1572,289,853,51094,45416,7895,7227,9418,8112,12812,80,89
2021-10-16T23:59:59+02:00,216,201,4146,3628,10269,7282,9675,6641,8388,8763,5535,6103,1900,2357,1210,1654,325,926,162,148,3573,3114,9218,6537,8835,6050,7758,8030,5139,5685,1778,2212,1139,1572,289,853,51071,45408,7893,7227,9418,8111,12806,80,89
2021-10-15T23:59:59+02:00,214,201,4133,3621,10252,7273,9661,6636,8379,8748,5527,6096,1899,2357,1210,1654,325,926,162,146,3563,3111,9206,6526,8820,6044,7752,8024,5132,5681,1778,2212,1139,1571,289,853,50981,45343,7890,7225,9418,8111,12788,80,89
2021-10-14T23:59:59+02:00,212,201,4120,3613,10224,7255,9634,6616,8358,8727,5519,6086,1898,2353,1210,1653,325,926,161,143,3538,3102,9175,6500,8788,6019,7728,8011,5121,5670,1777,2207,1136,1571,289,853,50856,45185,7879,7209,9418,8109,12742,80,89
2021-10-13T23:59:59+02:00,210,201,4108,3607,10207,7241,9615,6606,8343,8712,5511,6078,1896,2352,1210,1651,325,926,159,143,3523,3096,9148,6485,8771,6008,7710,8001,5112,5663,1777,2207,1135,1569,289,853,50759,45081,7875,7203,9418,8109,12712,80,89
2021-10-12T23:59:59+02:00,208,199,4101,3600,10189,7234,9595,6595,8331,8695,5498,6068,1894,2350,1209,1650,325,926,157,141,3515,3085,9126,6469,8746,5991,7695,7989,5098,5653,1773,2202,1135,1568,289,853,50655,44945,7869,7199,9418,8108,12689,80,89
2021-10-11T23:59:59+02:00,208,197,4089,3592,10164,7226,9572,6579,8323,8676,5492,6058,1893,2348,1209,1650,325,926,155,141,3502,3075,9087,6457,8718,5970,7676,7970,5091,5644,1772,2201,1135,1568,289,853,50562,44812,7858,7188,9418,8107,12653,80,89
2021-10-10T23:59:59+02:00,207,195,4076,3590,10155,7214,9566,6569,8315,8664,5489,6049,1893,2348,1208,1650,325,926,154,141,3491,3072,9068,6450,8707,5963,7664,7964,5085,5637,1770,2200,1135,1567,289,853,50499,44738,7849,7185,9418,8106,12636,80,89
2021-10-09T23:59:59+02:00,207,195,4074,3588,10152,7213,9552,6564,8312,8662,5486,6049,1893,2347,1208,1650,325,926,154,140,3487,3069,9066,6447,8698,5957,7660,7963,5080,5636,1770,2200,1135,1567,289,853,50479,44719,7849,7182,9418,8104,12620,80,89
2021-10-08T23:59:59+02:00,205,194,4062,3579,10130,7204,9538,6552,8299,8644,5479,6044,1892,2346,1208,1650,325,926,154,140,3478,3062,9045,6438,8683,5948,7655,7948,5070,5633,1768,2198,1134,1566,289,853,50387,44641,7845,7181,9418,8104,12589,80,89
2021-10-07T23:59:59+02:00,204,193,4044,3565,10099,7188,9500,6542,8278,8622,5474,6038,1891,2341,1208,1650,325,926,154,140,3450,3038,9004,6419,8657,5936,7632,7918,5052,5622,1765,2193,1134,1565,289,853,50242,44456,7838,7163,9418,8104,12550,80,89
2021-10-06T23:59:59+02:00,202,192,4034,3558,10072,7170,9486,6534,8270,8614,5467,6030,1889,2338,1208,1648,325,925,153,140,3437,3025,8982,6408,8639,5923,7623,7904,5049,5611,1763,2190,1134,1564,289,853,50144,44354,7835,7157,9418,8102,12524,80,89
2021-10-05T23:59:59+02:00,202,191,4019,3547,10056,7154,9467,6522,8251,8590,5459,6023,1888,2336,1208,1647,325,924,152,140,3422,3012,8959,6395,8615,5910,7602,7878,5039,5603,1761,2186,1133,1562,289,853,50036,44227,7833,7149,9418,8102,12480,80,89
2021-10-04T23:59:59+02:00,202,190,3997,3538,10030,7139,9431,6502,8233,8576,5451,6014,1885,2336,1207,1642,325,922,152,140,3406,3004,8932,6376,8581,5893,7580,7851,5028,5588,1760,2184,1133,1561,288,853,49917,44090,7824,7145,9417,8102,12418,80,89
2021-10-03T23:59:59+02:00,202,190,3980,3530,10004,7125,9418,6492,8219,8563,5449,6007,1883,2333,1206,1641,324,922,152,140,3391,2995,8903,6367,8570,5885,7571,7837,5023,5583,1759,2181,1133,1560,287,853,49832,44021,7822,7142,9417,8098,12373,80,89
2021-10-02T23:59:59+02:00,202,190,3978,3529,10003,7123,9414,6491,8217,8562,5447,6005,1882,2332,1206,1641,324,922,152,140,3388,2994,8899,6366,8568,5885,7567,7836,5022,5579,1758,2180,1133,1560,287,853,49823,44010,7820,7141,9417,8096,12364,80,89
2021-10-01T23:59:59+02:00,200,189,3968,3523,9982,7114,9399,6481,8205,8549,5442,5995,1878,2329,1206,1641,324,921,150,139,3371,2986,8880,6355,8552,5873,7559,7825,5015,5572,1756,2180,1133,1560,287,853,49746,43938,7817,7138,9417,8092,12322,80,89
2021-09-30T23:59:59+02:00,199,188,3935,3501,9929,7089,9361,6451,8177,8522,5425,5982,1875,2326,1204,1641,324,920,148,138,3350,2964,8833,6327,8518,5851,7543,7792,4999,5558,1754,2174,1133,1560,287,852,49559,43802,7809,7113,9417,8089,12217,80,89
2021-09-29T23:59:59+02:00,198,186,3917,3488,9883,7074,9344,6429,8163,8495,5416,5976,1873,2323,1203,1639,324,919,148,137,3332,2955,8796,6319,8501,5829,7532,7771,4988,5545,1754,2172,1133,1559,287,852,49434,43704,7799,7108,9417,8085,12147,80,89
2021-09-28T23:59:59+02:00,196,185,3906,3480,9842,7054,9313,6416,8135,8459,5406,5959,1873,2316,1203,1638,324,917,145,136,3317,2942,8768,6298,8480,5814,7505,7744,4980,5533,1754,2166,1133,1558,287,851,49300,43598,7791,7102,9417,8084,12058,80,89
2021-09-27T23:59:59+02:00,194,185,3884,3464,9804,7024,9287,6392,8115,8429,5392,5947,1870,2304,1202,1637,323,916,145,135,3294,2929,8723,6270,8450,5786,7480,7714,4968,5525,1751,2157,1133,1556,287,850,49173,43463,7782,7099,9417,8080,11940,80,89
2021-09-26T23:59:59+02:00,192,185,3876,3455,9784,7013,9275,6383,8102,8418,5387,5941,1864,2303,1200,1636,323,916,144,134,3285,2923,8702,6266,8440,5774,7466,7708,4961,5515,1747,2156,1133,1555,287,849,49101,43404,7781,7095,9416,8076,11897,80,89
2021-09-25T23:59:59+02:00,192,184,3872,3453,9775,7009,9271,6379,8095,8417,5383,5941,1864,2302,1200,1635,323,916,144,133,3279,2920,8695,6263,8436,5770,7461,7703,4959,5513,1747,2155,1132,1552,287,849,49083,43385,7779,7092,9416,8073,11875,80,89
2021-09-24T23:59:59+02:00,191,182,3856,3444,9743,6996,9254,6369,8073,8398,5375,5929,1862,2300,1200,1634,323,916,143,133,3267,2910,8668,6249,8423,5759,7439,7689,4952,5504,1746,2151,1132,1552,287,849,48993,43324,7778,7086,9416,8073,11796,80,89
2021-09-23T23:59:59+02:00,189,180,3820,3428,9677,6966,9200,6325,8033,8349,5357,5909,1857,2293,1197,1631,323,916,143,131,3242,2896,8608,6219,8371,5722,7398,7642,4934,5486,1738,2147,1131,1550,287,849,48840,43214,7769,7078,9416,8069,11555,80,89
2021-09-22T23:59:59+02:00,185,180,3793,3413,9644,6946,9171,6305,8000,8335,5339,5898,1855,2289,1196,1631,323,916,141,128,3217,2888,8577,6197,8345,5708,7367,7622,4918,5479,1735,2140,1129,1550,287,848,48704,43090,7764,7075,9414,8063,11464,80,89
2021-09-21T23:59:59+02:00,184,178,3774,3399,9616,6925,9124,6282,7968,8308,5324,5887,1854,2289,1196,1631,323,916,139,128,3192,2874,8539,6171,8299,5692,7333,7589,4901,5459,1734,2138,1128,1549,287,848,48582,42933,7756,7067,9413,8063,11350,80,89
2021-09-20T23:59:59+02:00,182,178,3743,3385,9578,6909,9087,6258,7934,8276,5317,5871,1850,2286,1196,1631,323,914,139,126,3169,2851,8497,6150,8258,5668,7300,7557,4893,5439,1731,2136,1127,1548,286,848,48448,42791,7753,7062,9413,8057,11222,80,89
2021-09-19T23:59:59+02:00,182,177,3726,3377,9546,6901,9072,6251,7928,8266,5310,5864,1847,2283,1195,1629,323,913,137,126,3161,2843,8469,6140,8238,5660,7285,7542,4886,5431,1730,2132,1126,1547,286,847,48382,42723,7746,7056,9413,8051,11163,80,89
2021-09-18T23:59:59+02:00,182,177,3722,3376,9541,6899,9067,6248,7922,8264,5308,5863,1847,2283,1195,1629,323,913,136,126,3153,2838,8461,6139,8227,5657,7278,7540,4882,5426,1730,2132,1126,1546,286,847,48370,42681,7745,7055,9412,8051,11145,80,89
2021-09-17T23:59:59+02:00,182,176,3702,3368,9504,6886,9038,6234,7901,8252,5297,5854,1846,2278,1193,1629,323,913,136,126,3139,2829,8421,6125,8199,5646,7255,7530,4874,5417,1730,2131,1125,1546,286,847,48279,42610,7738,7043,9409,8048,11060,80,89
2021-09-16T23:59:59+02:00,181,176,3671,3342,9447,6861,8990,6205,7863,8215,5277,5841,1843,2273,1192,1629,323,912,136,125,3124,2813,8380,6103,8165,5619,7233,7505,4859,5410,1728,2130,1125,1546,285,845,48063,42489,7713,7033,9407,8039,10967,80,89
2021-09-15T23:59:59+02:00,179,176,3646,3329,9411,6843,8956,6179,7833,8197,5270,5821,1840,2269,1190,1629,322,911,133,125,3107,2809,8351,6086,8134,5592,7197,7486,4841,5393,1725,2127,1125,1543,283,842,47910,42352,7707,7025,9407,8035,10881,80,89
2021-09-14T23:59:59+02:00,177,175,3623,3310,9366,6819,8912,6150,7803,8165,5258,5802,1838,2266,1189,1628,321,911,133,123,3087,2792,8311,6058,8095,5574,7170,7461,4827,5375,1724,2127,1124,1540,283,841,47741,42216,7696,7016,9407,8032,10771,80,89
2021-09-13T23:59:59+02:00,175,175,3604,3296,9324,6801,8882,6125,7785,8133,5241,5785,1836,2262,1189,1628,321,910,131,121,3070,2784,8278,6043,8078,5560,7160,7439,4818,5369,1723,2123,1124,1538,283,841,47573,42111,7676,7010,9407,8031,10716,80,89
2021-09-12T23:59:59+02:00,175,174,3585,3294,9301,6791,8872,6114,7775,8118,5234,5777,1835,2261,1188,1625,321,909,130,120,3053,2776,8255,6028,8069,5549,7142,7423,4814,5360,1719,2122,1124,1538,283,840,47493,42027,7675,7005,9406,8023,10674,80,89
2021-09-11T23:59:59+02:00,175,174,3582,3291,9294,6787,8869,6111,7774,8116,5231,5775,1834,2260,1187,1625,321,909,129,120,3051,2775,8248,6025,8067,5545,7141,7418,4813,5358,1719,2122,1124,1538,283,840,47475,42012,7674,7005,9405,8023,10658,80,89
2021-09-10T23:59:59+02:00,174,171,3551,3285,9267,6765,8849,6098,7751,8094,5217,5755,1830,2257,1186,1625,321,909,128,117,3034,2766,8218,6001,8047,5529,7121,7397,4797,5339,1718,2121,1123,1535,283,840,47384,41937,7671,6999,9405,8021,10537,80,89
2021-09-09T23:59:59+02:00,172,170,3535,3267,9219,6736,8813,6075,7729,8053,5198,5744,1829,2254,1186,1625,321,909,126,116,3022,2757,8180,5974,8019,5508,7097,7366,4782,5324,1717,2117,1123,1535,283,840,47215,41823,7663,6987,9405,8012,10442,80,88
2021-09-08T23:59:59+02:00,171,168,3515,3257,9184,6726,8790,6046,7711,8022,5183,5727,1825,2252,1185,1623,321,908,124,114,3006,2744,8136,5957,7986,5484,7069,7328,4771,5302,1716,2116,1122,1535,283,840,47111,41692,7655,6978,9402,8008,10331,80,88
2021-09-07T23:59:59+02:00,170,166,3494,3252,9162,6702,8761,6026,7691,8003,5167,5716,1825,2250,1184,1622,321,905,122,113,2988,2735,8110,5934,7960,5461,7052,7303,4756,5290,1713,2112,1121,1534,283,840,46978,41565,7653,6968,9402,8002,10266,80,88
2021-09-06T23:59:59+02:00,170,166,3474,3240,9130,6681,8734,6014,7671,7975,5160,5704,1820,2241,1182,1622,320,905,122,113,2969,2721,8085,5921,7936,5451,7034,7274,4750,5275,1708,2110,1121,1534,283,840,46838,41458,7650,6964,9401,8001,10197,80,88
2021-09-05T23:59:59+02:00,170,165,3462,3235,9120,6673,8722,6004,7669,7965,5154,5694,1819,2239,1182,1622,320,904,122,112,2959,2719,8070,5907,7924,5439,7027,7266,4740,5268,1706,2109,1121,1533,283,840,46784,41400,7648,6956,9400,8000,10162,80,88
2021-09-04T23:59:59+02:00,170,164,3456,3233,9117,6668,8716,6003,7666,7964,5154,5693,1819,2239,1182,1622,320,904,121,112,2955,2715,8065,5900,7919,5439,7022,7264,4739,5267,1704,2108,1120,1533,283,840,46770,41379,7648,6953,9400,7999,10147,80,88
2021-09-03T23:59:59+02:00,168,163,3442,3214,9084,6657,8695,5986,7648,7948,5141,5678,1816,2236,1182,1621,320,902,120,109,2939,2699,8037,5886,7897,5420,7001,7241,4726,5247,1700,2106,1120,1531,283,838,46685,41289,7637,6931,9400,7998,10052,80,88
2021-09-02T23:59:59+02:00,168,160,3420,3196,9034,6634,8654,5966,7627,7923,5128,5660,1811,2231,1180,1620,320,901,119,108,2921,2685,7989,5868,7860,5399,6975,7214,4717,5226,1696,2101,1118,1530,283,835,46552,41176,7628,6920,9398,7993,9925,80,87
2021-09-01T23:59:59+02:00,166,160,3402,3185,8996,6620,8627,5953,7607,7907,5116,5652,1810,2229,1179,1617,320,901,116,106,2902,2677,7945,5845,7825,5380,6947,7191,4705,5212,1692,2099,1117,1527,283,835,46440,41025,7616,6897,9398,7991,9858,80,87
2021-08-31T23:59:59+02:00,164,159,3387,3175,8954,6598,8606,5942,7590,7886,5108,5643,1807,2227,1178,1616,320,900,115,105,2885,2665,7901,5824,7803,5361,6923,7163,4693,5193,1688,2097,1116,1527,283,835,46339,40904,7610,6888,9398,7976,9771,80,87
2021-08-30T23:59:59+02:00,163,159,3357,3155,8914,6569,8564,5921,7551,7851,5094,5626,1802,2225,1177,1616,320,900,115,104,2853,2652,7853,5800,7767,5344,6887,7139,4681,5174,1684,2095,1115,1527,283,834,46174,40775,7609,6878,9396,7974,9638,80,87
2021-08-29T23:59:59+02:00,162,159,3346,3137,8887,6561,8543,5911,7542,7841,5087,5616,1800,2222,1177,1616,319,900,115,101,2834,2628,7816,5792,7746,5324,6873,7125,4671,5169,1682,2094,1113,1526,282,834,46104,40671,7604,6867,9395,7969,9572,80,87
2021-08-28T23:59:59+02:00,161,159,3341,3136,8884,6558,8537,5910,7535,7839,5087,5614,1800,2221,1177,1615,319,900,115,100,2829,2623,7811,5786,7741,5321,6867,7121,4668,5168,1682,2094,1113,1525,282,834,46089,40645,7603,6866,9395,7969,9553,80,87
2021-08-27T23:59:59+02:00,160,159,3329,3132,8865,6548,8512,5902,7517,7830,5076,5606,1800,2221,1177,1614,319,900,115,99,2811,2617,7791,5778,7720,5307,6856,7114,4659,5160,1682,2094,1112,1523,282,834,46026,40580,7602,6865,9394,7968,9489,80,87
2021-08-26T23:59:59+02:00,160,158,3301,3118,8825,6524,8477,5889,7494,7808,5061,5595,1799,2218,1177,1613,319,899,111,96,2786,2594,7749,5749,7670,5278,6820,7084,4634,5145,1677,2088,1112,1522,282,834,45888,40383,7595,6845,9393,7948,9393,80,87
2021-08-25T23:59:59+02:00,156,156,3282,3108,8786,6506,8444,5873,7468,7785,5047,5573,1797,2214,1177,1611,319,899,108,93,2750,2574,7698,5713,7623,5242,6783,7046,4618,5116,1676,2083,1111,1521,282,834,45771,40145,7588,6837,9392,7940,9280,80,87
2021-08-24T23:59:59+02:00,156,155,3277,3099,8765,6490,8425,5856,7452,7763,5037,5561,1795,2213,1176,1609,319,897,107,93,2729,2553,7664,5680,7589,5221,6755,7019,4602,5098,1676,2081,1111,1521,282,833,45695,39973,7583,6828,9392,7935,9203,80,87
2021-08-23T23:59:59+02:00,154,150,3250,3082,8720,6468,8383,5835,7421,7734,5023,5547,1795,2211,1174,1607,319,896,106,92,2698,2533,7619,5639,7548,5203,6720,6988,4587,5082,1672,2081,1111,1519,281,833,45548,39809,7574,6813,9389,7929,9077,80,87
2021-08-22T23:59:59+02:00,154,150,3236,3074,8706,6451,8370,5828,7401,7723,5017,5541,1794,2210,1173,1607,319,896,105,92,2682,2517,7587,5616,7527,5189,6700,6967,4584,5072,1668,2076,1110,1519,280,832,45476,39673,7567,6803,9389,7926,9033,80,87
2021-08-21T23:59:59+02:00,153,150,3229,3068,8696,6442,8360,5826,7396,7718,5015,5535,1793,2210,1173,1606,319,896,100,90,2673,2509,7569,5606,7507,5179,6689,6960,4576,5063,1667,2074,1109,1519,280,832,45426,39595,7564,6776,9389,7925,9016,80,87
2021-08-20T23:59:59+02:00,152,148,3219,3057,8671,6425,8327,5806,7377,7694,5003,5523,1790,2207,1173,1605,319,894,98,88,2644,2494,7522,5573,7471,5147,6651,6921,4560,5042,1661,2070,1108,1516,280,830,45346,39419,7555,6737,9388,7915,8909,80,87
2021-08-19T23:59:59+02:00,151,145,3200,3043,8628,6401,8290,5787,7357,7668,4990,5505,1784,2204,1172,1603,319,893,95,83,2599,2474,7441,5522,7410,5110,6603,6863,4530,5009,1656,2066,1108,1515,280,830,45219,39085,7543,6704,9385,7903,8795,80,87
2021-08-18T23:59:59+02:00,150,143,3189,3034,8605,6384,8261,5771,7324,7650,4976,5496,1779,2202,1172,1603,318,892,93,81,2572,2453,7376,5488,7352,5075,6561,6829,4505,4986,1651,2062,1106,1515,280,829,45107,38840,7538,6651,9384,7893,8718,80,87
2021-08-17T23:59:59+02:00,150,143,3173,3024,8581,6359,8233,5757,7311,7627,4965,5483,1776,2200,1171,1602,317,892,89,78,2544,2433,7321,5439,7309,5038,6530,6790,4486,4964,1642,2056,1105,1511,279,829,44990,38568,7531,6610,9383,7887,8657,80,87
2021-08-16T23:59:59+02:00,148,142,3163,3011,8560,6343,8214,5751,7298,7611,4952,5470,1775,2199,1171,1601,317,892,82,76,2515,2403,7243,5394,7240,5005,6481,6747,4455,4938,1640,2053,1103,1510,279,829,44897,38193,7526,6595,9383,7874,8606,80,87
2021-08-15T23:59:59+02:00,147,141,3154,2997,8530,6333,8197,5741,7280,7596,4946,5459,1773,2196,1171,1600,317,892,74,73,2478,2367,7178,5360,7203,4977,6435,6717,4442,4925,1636,2048,1102,1508,279,829,44801,37891,7519,6574,9382,7869,8562,80,87
2021-08-14T23:59:59+02:00,145,141,3149,2991,8519,6330,8190,5740,7280,7593,4942,5457,1771,2195,1171,1599,317,892,74,72,2469,2358,7152,5347,7191,4966,6428,6703,4423,4916,1632,2045,1102,1506,279,828,44783,37794,7518,6561,9382,7866,8533,80,87
2021-08-13T23:59:59+02:00,144,140,3133,2988,8496,6322,8181,5727,7264,7581,4934,5448,1771,2191,1170,1598,317,892,74,70,2435,2338,7102,5316,7154,4938,6388,6674,4413,4901,1631,2041,1101,1506,279,828,44711,37557,7517,6547,9382,7865,8478,80,87
2021-08-12T23:59:59+02:00,142,135,3114,2980,8467,6301,8148,5707,7240,7557,4920,5433,1768,2189,1167,1596,317,892,73,69,2392,2302,7010,5264,7100,4899,6337,6624,4388,4871,1627,2038,1098,1505,279,828,44603,37232,7509,6513,9380,7840,8370,79,87
2021-08-11T23:59:59+02:00,140,132,3096,2964,8430,6275,8124,5694,7218,7536,4909,5420,1767,2187,1167,1595,317,892,71,67,2364,2270,6935,5205,7022,4856,6277,6560,4367,4833,1623,2029,1098,1503,279,826,44475,36806,7498,6481,9375,7833,8302,79,87
2021-08-10T23:59:59+02:00,140,130,3077,2953,8399,6263,8099,5673,7188,7520,4891,5411,1763,2187,1167,1593,317,891,70,63,2293,2213,6815,5142,6935,4784,6182,6495,4320,4809,1613,2021,1096,1501,279,824,44366,36189,7487,6455,9372,7818,8222,79,87
2021-08-09T23:59:59+02:00,137,130,3057,2944,8370,6241,8075,5664,7162,7501,4881,5398,1762,2186,1167,1593,317,890,66,62,2231,2154,6705,5062,6835,4742,6110,6439,4288,4775,1607,2011,1095,1500,279,824,44279,35682,7481,6400,9371,7795,8126,79,87
2021-08-08T23:59:59+02:00,137,129,3045,2937,8352,6232,8057,5652,7152,7492,4874,5394,1758,2186,1167,1593,317,889,66,61,2206,2126,6639,5029,6791,4715,6069,6416,4276,4758,1597,2007,1094,1498,279,823,44218,35443,7479,6356,9368,7785,8078,79,87
2021-08-07T23:59:59+02:00,136,128,3037,2930,8333,6220,8043,5644,7145,7481,4869,5389,1756,2186,1166,1593,317,889,63,54,2170,2102,6562,4981,6734,4683,6034,6380,4259,4744,1593,2006,1094,1495,279,823,44160,35121,7474,6328,9367,7776,8040,79,87
2021-08-06T23:59:59+02:00,136,127,3025,2920,8305,6209,8011,5620,7126,7459,4858,5375,1751,2184,1166,1592,317,889,57,51,2129,2062,6454,4909,6655,4647,5990,6341,4240,4723,1590,2003,1093,1492,279,823,44099,34761,7456,6300,9367,7759,7926,79,85
2021-08-05T23:59:59+02:00,135,126,3001,2904,8281,6188,7972,5601,7102,7435,4839,5352,1747,2181,1164,1588,317,888,53,47,2087,2013,6320,4802,6541,4590,5918,6276,4201,4681,1583,1995,1090,1490,279,823,43968,34260,7447,6209,9366,7702,7810,79,85
2021-08-04T23:59:59+02:00,132,122,2964,2883,8212,6154,7934,5576,7072,7404,4823,5336,1743,2177,1161,1587,317,888,53,42,2032,1976,6195,4728,6420,4536,5848,6208,4173,4642,1573,1989,1085,1487,279,822,43757,33752,7433,6161,9366,7667,7685,79,85
2021-08-03T23:59:59+02:00,130,121,2947,2863,8185,6141,7898,5559,7050,7379,4810,5323,1739,2176,1160,1584,317,888,50,42,1995,1945,6100,4663,6314,4483,5780,6150,4129,4599,1568,1982,1084,1485,279,822,43615,33268,7428,6116,9365,7642,7614,79,83
2021-08-02T23:59:59+02:00,130,121,2922,2837,8151,6117,7872,5545,7025,7362,4793,5314,1736,2172,1159,1584,316,888,49,41,1966,1908,5970,4569,6198,4419,5709,6097,4083,4566,1562,1966,1083,1482,278,821,43470,32688,7420,6074,9364,7623,7540,79,82
2021-08-01T23:59:59+02:00,130,120,2905,2821,8122,6095,7858,5528,7014,7354,4788,5306,1735,2171,1157,1584,316,888,46,40,1942,1887,5893,4524,6133,4372,5664,6074,4067,4547,1560,1963,1081,1479,278,821,43376,32386,7408,6044,9364,7600,7491,79,81
2021-07-31T23:59:59+02:00,128,119,2898,2814,8109,6088,7850,5524,7007,7345,4787,5303,1734,2171,1157,1584,316,888,43,30,1902,1843,5792,4458,6066,4323,5611,6035,4038,4523,1554,1960,1081,1478,278,821,43336,31888,7406,6031,9364,7594,7463,79,81
2021-07-30T23:59:59+02:00,125,117,2890,2804,8082,6071,7838,5507,6987,7331,4779,5295,1733,2169,1157,1583,316,888,39,29,1882,1820,5711,4415,6004,4268,5553,5987,4010,4504,1550,1958,1080,1475,278,821,43251,31520,7394,6004,9362,7583,7409,79,81
2021-07-29T23:59:59+02:00,122,115,2856,2788,8024,6029,7796,5463,6956,7290,4756,5275,1731,2164,1155,1582,316,888,34,25,1842,1792,5582,4310,5869,4192,5459,5901,3962,4451,1543,1948,1077,1473,278,821,43046,30932,7379,5945,9356,7542,7261,79,81
2021-07-28T23:59:59+02:00,119,113,2835,2774,7995,6002,7769,5435,6934,7267,4743,5259,1726,2162,1154,1580,315,887,33,22,1806,1747,5480,4234,5752,4121,5373,5827,3925,4417,1530,1940,1075,1471,278,820,42868,30363,7369,5886,9352,7497,7214,79,81
2021-07-27T23:59:59+02:00,115,112,2819,2755,7954,5985,7736,5417,6914,7249,4731,5247,1726,2160,1153,1579,314,887,31,22,1760,1718,5342,4148,5624,4039,5283,5759,3885,4366,1521,1929,1073,1468,277,820,42748,29768,7353,5805,9351,7453,7134,79,81
2021-07-26T23:59:59+02:00,113,110,2793,2736,7919,5961,7702,5400,6892,7228,4726,5235,1724,2160,1151,1579,314,887,31,22,1715,1660,5201,4080,5522,3972,5210,5689,3827,4332,1518,1917,1072,1462,277,819,42604,29185,7330,5737,9348,7406,7076,79,81
2021-07-25T23:59:59+02:00,107,108,2778,2722,7883,5939,7675,5392,6871,7209,4716,5229,1722,2157,1150,1578,314,886,28,19,1691,1635,5139,4032,5462,3941,5160,5654,3793,4308,1513,1912,1071,1461,277,819,42461,28887,7322,5703,9345,7368,7028,79,81
2021-07-24T23:59:59+02:00,107,106,2765,2709,7858,5926,7650,5378,6857,7196,4706,5224,1721,2154,1150,1578,314,886,27,18,1670,1614,5091,4010,5388,3893,5118,5630,3773,4300,1511,1910,1070,1459,277,818,42379,28686,7299,5610,9344,7367,6979,79,81
2021-07-23T23:59:59+02:00,105,104,2742,2687,7802,5905,7623,5354,6818,7170,4687,5213,1719,2150,1148,1578,314,886,23,15,1612,1584,4940,3904,5251,3825,5043,5559,3720,4269,1509,1901,1069,1454,276,818,42210,28024,7291,5581,9342,7346,6868,79,81
2021-07-22T23:59:59+02:00,104,101,2709,2657,7731,5855,7569,5317,6770,7121,4652,5189,1712,2143,1147,1577,314,885,22,15,1560,1546,4768,3825,5096,3743,4881,5475,3640,4216,1496,1891,1064,1452,276,817,41895,27358,7265,5430,9332,7276,6754,79,81
2021-07-21T23:59:59+02:00,103,98,2681,2643,7666,5824,7518,5278,6710,7081,4629,5165,1705,2137,1146,1574,314,883,22,13,1522,1498,4645,3743,4962,3676,4781,5368,3565,4175,1483,1879,1061,1451,276,814,41644,26867,7226,5220,9326,7216,6642,79,80
2021-07-20T23:59:59+02:00,103,98,2661,2616,7610,5792,7481,5248,6671,7041,4605,5146,1701,2133,1146,1573,314,882,21,13,1489,1464,4511,3673,4872,3622,4680,5288,3514,4141,1479,1869,1060,1450,276,813,41392,26366,7217,5139,9323,7158,6566,79,80
2021-07-19T23:59:59+02:00,102,98,2639,2591,7553,5751,7436,5227,6628,7009,4587,5130,1695,2127,1144,1570,314,881,20,10,1465,1437,4434,3623,4788,3585,4606,5227,3479,4112,1473,1863,1055,1447,274,812,41108,26040,7203,5012,9321,7117,6523,79,80
2021-07-18T23:59:59+02:00,102,96,2611,2567,7484,5716,7401,5198,6585,6971,4570,5120,1689,2119,1142,1570,313,880,18,10,1444,1412,4387,3582,4750,3554,4557,5202,3445,4099,1467,1853,1054,1447,274,810,40807,25833,7188,4933,9316,7091,6487,79,79
2021-07-17T23:59:59+02:00,97,93,2599,2553,7467,5702,7384,5181,6567,6956,4548,5109,1685,2118,1142,1569,313,878,18,10,1430,1398,4348,3549,4698,3531,4517,5170,3415,4087,1462,1850,1054,1445,274,810,40700,25651,7179,4875,9312,7083,6432,79,79
2021-07-16T23:59:59+02:00,97,90,2562,2531,7403,5667,7326,5139,6522,6913,4521,5081,1678,2112,1141,1568,313,878,17,9,1387,1370,4247,3493,4608,3489,4430,5113,3353,4040,1449,1842,1049,1443,274,809,40509,25298,7158,4840,9304,7017,6223,79,79
2021-07-15T23:59:59+02:00,94,86,2512,2505,7332,5632,7268,5099,6475,6858,4503,5055,1674,2107,1139,1565,312,878,15,9,1329,1335,4050,3379,4421,3385,4285,5015,3292,3973,1438,1834,1044,1438,273,809,40186,24587,7138,4604,9297,6949,6118,77,79
2021-07-14T23:59:59+02:00,93,83,2478,2489,7259,5602,7196,5065,6420,6810,4480,5033,1667,2100,1137,1563,312,877,14,9,1281,1295,3919,3285,4312,3317,4172,4948,3245,3929,1426,1824,1042,1434,273,809,39866,24061,7117,4499,9295,6874,6020,77,79
2021-07-13T23:59:59+02:00,89,80,2448,2463,7206,5573,7132,5025,6381,6759,4461,5015,1657,2094,1135,1563,312,877,12,7,1248,1255,3802,3186,4190,3248,4083,4858,3191,3871,1399,1818,1040,1428,271,807,39552,23555,7108,4351,9293,6768,5945,77,79
2021-07-12T23:59:59+02:00,84,80,2422,2439,7134,5529,7062,4979,6330,6718,4432,4989,1652,2091,1132,1563,312,877,11,7,1215,1231,3689,3094,4071,3175,3981,4777,3138,3825,1385,1808,1036,1420,271,807,39204,23078,7094,4216,9289,6681,5858,76,78
2021-07-11T23:59:59+02:00,77,77,2408,2423,7095,5503,7033,4954,6300,6700,4423,4982,1649,2087,1130,1563,311,877,11,7,1201,1212,3636,3046,4010,3138,3925,4748,3113,3811,1376,1796,1034,1416,271,807,39081,22880,7075,4175,9283,6620,5769,75,78
2021-07-10T23:59:59+02:00,76,76,2379,2388,7013,5463,6967,4915,6249,6665,4400,4970,1645,2084,1130,1560,311,876,11,7,1178,1191,3578,3003,3961,3108,3886,4716,3095,3797,1370,1789,1034,1414,271,807,38828,22689,7049,4174,9270,6604,5627,75,78
2021-07-09T23:59:59+02:00,75,73,2353,2370,6946,5427,6922,4892,6199,6632,4381,4947,1643,2078,1130,1559,311,876,7,3,1153,1174,3527,2954,3908,3064,3830,4674,3067,3767,1368,1773,1032,1413,271,807,38602,22437,7022,4140,9259,6549,5529,75,78
2021-07-08T23:59:59+02:00,70,70,2302,2323,6853,5359,6822,4839,6134,6566,4343,4912,1636,2068,1128,1556,311,876,6,3,1079,1119,3358,2862,3712,2984,3646,4576,2997,3704,1353,1756,1030,1404,270,806,38265,21925,6945,3847,9227,6409,5321,75,78
2021-07-07T23:59:59+02:00,70,69,2226,2271,6740,5285,6720,4786,6060,6508,4308,4863,1629,2059,1125,1552,310,876,6,3,1024,1081,3206,2779,3530,2898,3486,4469,2944,3643,1336,1726,1023,1395,270,804,37766,21350,6902,3601,9202,6328,5163,75,78
2021-07-06T23:59:59+02:00,67,68,2179,2230,6632,5228,6630,4740,6004,6440,4268,4828,1622,2053,1122,1547,310,876,6,3,988,1037,3090,2675,3442,2839,3412,4377,2889,3582,1310,1695,1019,1386,270,804,37310,20836,6849,3492,9185,6237,5061,75,78
2021-07-05T23:59:59+02:00,65,68,2108,2183,6493,5158,6512,4703,5933,6380,4230,4791,1616,2044,1120,1545,310,874,6,3,943,999,2979,2602,3362,2793,3336,4308,2845,3524,1289,1677,1013,1376,270,801,36818,20445,6799,3414,9158,6151,4905,74,76
2021-07-04T23:59:59+02:00,65,67,2069,2137,6404,5109,6474,4672,5890,6360,4212,4768,1613,2041,1120,1543,310,873,6,3,904,973,2911,2547,3325,2765,3300,4274,2819,3500,1274,1657,1011,1374,269,801,36602,20288,6761,3356,9134,6075,4773,74,76
2021-07-03T23:59:59+02:00,61,52,1968,2053,6186,4945,6319,4583,5803,6271,4161,4733,1609,2037,1119,1539,310,873,6,3,865,944,2839,2500,3267,2736,3259,4225,2788,3469,1267,1652,1010,1370,268,799,35743,20089,6725,3353,9126,6049,4551,74,76
2021-07-02T23:59:59+02:00,52,45,1927,2012,6105,4897,6274,4554,5781,6241,4146,4714,1608,2031,1117,1538,309,873,6,3,841,916,2765,2449,3197,2689,3214,4174,2757,3431,1248,1633,1006,1364,268,797,35448,19768,6689,3326,9120,5947,4482,73,76
2021-07-01T23:59:59+02:00,48,38,1874,1970,5997,4824,6191,4505,5700,6174,4119,4683,1605,2025,1116,1537,309,872,6,3,763,862,2563,2359,3006,2597,3032,4054,2656,3338,1225,1609,996,1348,268,795,35019,18944,6640,3096,9103,5841,4331,73,76
2021-06-30T23:59:59+02:00,48,37,1824,1910,5869,4737,6088,4451,5637,6125,4105,4658,1601,2017,1114,1534,309,872,6,2,726,826,2449,2282,2891,2537,2921,3960,2588,3258,1201,1582,987,1338,267,794,34568,18453,6576,2970,9087,5705,4198,72,76
2021-06-29T23:59:59+02:00,46,35,1759,1826,5751,4644,5987,4390,5580,6065,4077,4629,1593,2011,1113,1533,309,870,5,2,691,775,2363,2193,2815,2472,2814,3840,2530,3205,1187,1548,975,1328,266,791,33997,17938,6540,2893,9079,5584,4077,71,76
2021-06-28T23:59:59+02:00,44,33,1721,1765,5629,4573,5914,4339,5534,6026,4047,4604,1591,2002,1112,1532,309,870,5,2,677,744,2255,2118,2734,2408,2734,3753,2478,3156,1170,1530,968,1322,266,789,33560,17579,6483,2740,9069,5478,3991,71,76
2021-06-27T23:59:59+02:00,44,32,1688,1738,5576,4535,5870,4305,5484,6011,4036,4592,1588,1998,1112,1531,309,870,5,2,657,726,2199,2075,2689,2377,2685,3709,2446,3134,1162,1516,966,1313,266,789,33365,17410,6449,2678,9047,5388,3912,71,76
2021-06-26T23:59:59+02:00,37,27,1654,1709,5503,4487,5776,4260,5443,5979,4017,4576,1587,1996,1112,1529,309,870,5,2,649,715,2166,2047,2653,2354,2665,3683,2420,3115,1145,1506,965,1311,266,789,32992,17169,6363,2673,9047,5370,3912,71,75
2021-06-25T23:59:59+02:00,31,21,1617,1667,5392,4415,5720,4231,5402,5955,3995,4565,1584,1995,1110,1528,308,870,4,2,641,691,2109,2016,2584,2286,2562,3549,2373,3011,1134,1484,962,1308,265,788,32554,16683,6334,2643,9046,5189,3908,71,75
2021-06-24T23:59:59+02:00,24,16,1564,1615,5208,4298,5589,4175,5298,5909,3955,4538,1580,1991,1110,1527,307,869,4,2,600,669,1989,1943,2398,2215,2389,3464,2264,2916,1104,1461,952,1302,264,784,31887,16155,6272,2291,9036,5104,3795,71,75
2021-06-23T23:59:59+02:00,23,16,1530,1565,5117,4234,5510,4118,5249,5864,3932,4501,1571,1985,1107,1524,306,869,4,2,569,644,1913,1878,2283,2162,2267,3368,2161,2826,1077,1439,947,1294,263,783,31423,15564,6218,2207,9030,4959,3758,71,75
2021-06-22T23:59:59+02:00,22,16,1498,1547,5041,4165,5422,4069,5202,5818,3906,4477,1566,1979,1106,1523,306,869,4,2,551,620,1843,1826,2192,2106,2183,3259,2056,2737,1062,1417,936,1282,263,779,30991,15117,6173,2065,9025,4791,3732,71,74
2021-06-21T23:59:59+02:00,21,16,1464,1503,4912,4073,5339,4024,5132,5758,3877,4454,1562,1966,1104,1518,305,867,4,2,535,601,1802,1780,2152,2064,2129,3172,1988,2655,1044,1387,912,1259,263,776,30425,14804,6132,1965,9023,4642,3690,71,74
2021-06-20T23:59:59+02:00,20,14,1433,1470,4832,3999,5284,4004,5097,5737,3853,4444,1559,1965,1103,1518,304,867,4,2,517,584,1770,1749,2126,2040,2099,3143,1945,2618,1035,1371,910,1252,263,775,30112,14613,6094,1925,9009,4578,3653,71,73
2021-06-19T23:59:59+02:00,19,14,1414,1448,4787,3965,5258,3976,5066,5711,3831,4431,1552,1963,1103,1517,304,867,4,2,508,578,1749,1725,2105,2012,2085,3117,1919,2578,1025,1364,906,1251,261,774,29919,14430,6025,1893,9007,4570,3630,71,72
2021-06-18T23:59:59+02:00,14,10,1388,1430,4708,3921,5204,3932,5017,5673,3805,4419,1549,1960,1101,1515,304,867,4,2,493,568,1728,1709,2077,1981,2038,3067,1868,2523,1012,1349,904,1247,260,772,29568,14120,5977,1890,9006,4519,3617,71,72
2021-06-17T23:59:59+02:00,11,9,1350,1390,4534,3839,5011,3854,4837,5582,3749,4374,1542,1957,1101,1514,303,867,4,2,453,547,1623,1671,1892,1918,1876,2967,1764,2439,990,1330,892,1235,258,770,28938,13642,5912,1778,8998,4427,3313,70,71
2021-06-16T23:59:59+02:00,11,8,1319,1358,4428,3754,4909,3800,4734,5518,3702,4348,1535,1953,1099,1510,303,866,4,2,435,526,1559,1631,1830,1884,1795,2883,1706,2361,972,1304,882,1219,257,767,28439,13221,5796,1706,8982,4348,3258,70,71
2021-06-15T23:59:59+02:00,11,8,1285,1327,4286,3663,4833,3733,4658,5448,3660,4314,1525,1945,1094,1507,303,864,4,2,421,505,1497,1575,1776,1837,1726,2826,1633,2293,954,1278,877,1208,255,766,27864,12870,5758,1622,8966,4272,3175,70,71
2021-06-14T23:59:59+02:00,11,6,1258,1286,4191,3603,4751,3677,4574,5372,3605,4284,1520,1937,1093,1501,301,863,4,2,412,492,1450,1539,1725,1801,1673,2758,1575,2240,945,1255,872,1201,254,765,27375,12613,5660,1544,8962,4185,3118,70,70
2021-06-13T23:59:59+02:00,11,6,1241,1268,4140,3565,4700,3635,4522,5327,3585,4268,1519,1931,1093,1499,300,862,4,2,404,484,1415,1522,1684,1776,1629,2721,1540,2197,927,1236,868,1191,253,763,27110,12423,5624,1520,8957,4106,3056,70,70
2021-06-12T23:59:59+02:00,11,5,1227,1242,4109,3545,4669,3611,4504,5309,3572,4257,1517,1927,1092,1498,300,861,4,2,400,481,1402,1502,1658,1750,1608,2699,1513,2176,919,1226,858,1188,253,762,26914,12274,5613,1519,8956,4044,3043,70,69
2021-06-11T23:59:59+02:00,10,5,1210,1227,4068,3499,4596,3584,4459,5270,3542,4245,1516,1925,1091,1495,300,860,4,2,390,468,1379,1460,1628,1727,1563,2655,1466,2134,908,1211,855,1182,253,761,26606,12023,5580,1510,8952,3964,3021,70,69
2021-06-10T23:59:59+02:00,10,4,1146,1170,3943,3409,4459,3500,4359,5204,3487,4208,1512,1917,1089,1494,300,860,4,2,369,450,1314,1419,1553,1668,1495,2583,1377,2035,883,1178,851,1173,252,758,25985,11583,5434,1497,8933,3799,2942,70,68
2021-06-09T23:59:59+02:00,9,2,1094,1132,3792,3299,4317,3436,4270,5125,3438,4165,1506,1911,1087,1491,300,860,3,2,350,430,1250,1375,1489,1632,1439,2502,1296,1968,853,1124,844,1159,251,756,25463,11276,5249,1434,8924,3656,2799,70,68
2021-06-08T23:59:59+02:00,8,2,1035,1088,3644,3198,4196,3354,4157,5041,3385,4135,1500,1906,1085,1488,299,858,3,1,333,410,1199,1333,1431,1594,1377,2443,1250,1895,828,1089,833,1142,247,753,24872,11025,5103,1384,8912,3512,2670,70,66
2021-06-07T23:59:59+02:00,7,2,1007,1059,3531,3118,4058,3317,4034,4973,3330,4108,1487,1901,1084,1486,299,856,2,0,325,402,1153,1293,1371,1571,1328,2392,1183,1842,814,1069,819,1125,245,748,24467,10851,4916,1348,8906,3379,2525,70,65
2021-06-06T23:59:59+02:00,7,2,983,1048,3468,3078,3978,3266,3959,4941,3296,4092,1485,1896,1081,1485,298,856,2,0,317,392,1137,1264,1337,1538,1307,2333,1153,1783,802,1054,811,1117,245,744,24249,10736,4771,1293,8892,3268,2451,70,64
2021-06-05T23:59:59+02:00,7,2,970,1030,3389,3011,3923,3235,3922,4917,3285,4088,1484,1894,1081,1484,298,855,2,0,310,382,1116,1241,1317,1522,1280,2303,1121,1763,790,1031,809,1113,245,744,23946,10564,4764,1290,8888,3224,2411,69,63
2021-06-04T23:59:59+02:00,5,2,942,1010,3340,2954,3846,3194,3857,4861,3256,4066,1480,1890,1079,1484,298,855,2,0,299,373,1094,1212,1289,1505,1252,2261,1091,1734,774,1008,803,1108,245,741,23612,10419,4718,1285,8884,3161,2321,69,63
2021-06-03T23:59:59+02:00,5,2,897,976,3179,2852,3653,3087,3679,4743,3165,3991,1470,1878,1075,1479,298,855,1,0,288,363,1057,1171,1231,1447,1180,2171,1029,1675,735,969,795,1095,245,740,22909,10193,4481,1266,8865,2993,2120,69,62
2021-06-02T23:59:59+02:00,5,2,869,964,3104,2782,3595,3044,3615,4679,3123,3963,1468,1873,1075,1478,298,855,1,0,275,354,1027,1147,1187,1427,1136,2127,976,1630,721,937,792,1090,245,739,22542,9973,4461,1252,8865,2954,2002,69,62
2021-06-01T23:59:59+02:00,5,2,821,927,2937,2661,3412,2947,3445,4572,3062,3901,1458,1866,1072,1472,298,855,0,0,262,339,942,1081,1090,1368,1051,2016,927,1550,692,884,784,1081,244,732,21913,9679,4241,1217,8852,2746,1754,69,61
2021-05-31T23:59:59+02:00,5,2,782,898,2810,2574,3266,2850,3335,4479,3009,3848,1453,1853,1070,1467,298,855,0,0,246,322,901,1038,1020,1315,1002,1937,889,1491,671,859,777,1075,243,732,21499,9501,3995,1202,8831,2607,1551,69,59
2021-05-30T23:59:59+02:00,5,2,771,886,2750,2527,3197,2810,3276,4435,2987,3827,1449,1847,1070,1467,298,854,0,0,236,305,857,992,964,1273,956,1875,863,1432,658,843,773,1066,243,731,21343,9398,3933,1192,8818,2433,1378,69,59
2021-05-29T23:59:59+02:00,5,2,768,883,2731,2510,3175,2796,3257,4419,2979,3818,1447,1846,1070,1467,298,854,0,0,233,294,852,977,945,1244,940,1826,849,1399,645,821,770,1061,242,731,21215,9304,3931,1190,8815,2291,1377,68,58
2021-05-28T23:59:59+02:00,5,2,759,871,2691,2469,3125,2767,3230,4395,2969,3802,1447,1843,1068,1462,298,854,0,0,229,285,839,957,933,1219,924,1783,820,1359,626,791,765,1053,241,729,20956,9119,3919,1185,8812,2203,1373,68,57
2021-05-27T23:59:59+02:00,5,2,714,847,2557,2401,2988,2695,3086,4313,2886,3752,1438,1832,1067,1460,297,852,0,0,214,267,777,904,851,1162,835,1684,755,1276,601,758,756,1034,240,727,20453,8906,3780,1149,8778,1937,1162,68,55
2021-05-26T23:59:59+02:00,5,2,679,813,2446,2325,2823,2628,2960,4245,2836,3703,1427,1820,1066,1452,295,847,0,0,205,247,734,864,801,1126,792,1614,715,1218,586,732,738,1001,239,724,20024,8680,3527,1137,8750,1796,1030,68,55
2021-05-25T23:59:59+02:00,5,2,656,793,2353,2263,2719,2583,2858,4161,2788,3666,1415,1812,1063,1448,294,845,0,0,193,234,709,834,764,1088,754,1555,664,1156,566,712,718,971,238,722,19646,8454,3347,1102,8706,1657,972,67,51
2021-05-24T23:59:59+02:00,5,2,641,767,2292,2219,2644,2548,2786,4104,2731,3622,1402,1805,1057,1447,294,844,0,0,188,226,684,813,737,1056,718,1498,638,1104,547,699,711,967,238,720,19442,8356,3164,1089,8671,1536,870,66,50
2021-05-23T23:59:59+02:00,5,2,637,766,2274,2204,2632,2533,2775,4088,2719,3606,1399,1803,1057,1445,294,844,0,0,186,225,677,805,727,1049,701,1487,628,1096,544,692,706,961,237,717,19316,8274,3161,1082,8671,1524,868,66,46
2021-05-22T23:59:59+02:00,5,2,630,753,2248,2181,2594,2511,2752,4055,2684,3577,1392,1799,1056,1443,294,843,0,0,184,217,668,801,721,1037,689,1479,622,1090,534,683,700,950,237,717,19057,8209,3160,1082,8669,1487,858,66,45
2021-05-21T23:59:59+02:00,5,2,615,737,2159,2143,2507,2457,2683,4005,2640,3531,1385,1786,1054,1442,293,842,0,0,182,214,661,790,711,1028,677,1466,607,1070,521,657,693,942,237,715,18558,8118,3133,1081,8646,1425,853,66,45
2021-05-20T23:59:59+02:00,5,2,579,712,2034,2066,2371,2378,2550,3904,2561,3446,1369,1770,1052,1436,293,840,0,0,173,203,628,749,677,988,644,1410,581,1005,500,627,687,933,237,714,17888,7990,3007,1069,8570,1214,779,66,43
2021-05-19T23:59:59+02:00,4,2,542,678,1916,1979,2222,2306,2406,3803,2460,3349,1352,1752,1044,1433,291,840,0,0,159,196,598,725,643,954,610,1355,556,945,486,604,677,909,236,712,17111,7832,2935,1051,8528,1112,655,65,42
2021-05-18T23:59:59+02:00,4,1,513,656,1835,1894,2117,2248,2290,3684,2364,3258,1341,1732,1037,1426,291,836,0,0,152,187,576,696,617,924,593,1277,536,882,468,577,668,893,235,709,16576,7705,2764,1012,8470,1002,549,65,42
2021-05-17T23:59:59+02:00,4,0,492,642,1775,1855,2062,2197,2212,3569,2302,3183,1322,1712,1030,1419,290,834,0,0,146,179,558,682,608,884,580,1216,519,826,449,546,666,885,235,708,16268,7626,2600,981,8400,898,451,64,42
2021-05-16T23:59:59+02:00,3,0,487,641,1748,1827,2019,2166,2172,3519,2248,3122,1307,1703,1028,1414,290,833,0,0,142,178,548,662,592,867,564,1168,503,787,423,516,664,882,235,707,16078,7567,2529,950,8356,812,369,64,41
2021-05-15T23:59:59+02:00,3,0,482,636,1718,1808,2000,2145,2151,3494,2223,3082,1299,1702,1027,1412,289,833,0,0,141,175,545,660,591,862,557,1163,497,777,420,514,662,880,235,706,15866,7535,2528,949,8347,799,363,63,40
2021-05-14T23:59:59+02:00,3,0,465,619,1686,1771,1955,2104,2069,3424,2182,3041,1291,1692,1025,1412,287,833,0,0,138,168,538,644,571,838,537,1129,482,761,404,498,657,874,235,704,15491,7474,2485,933,8325,690,336,63,40
2021-05-13T23:59:59+02:00,2,0,436,597,1610,1718,1839,2049,1948,3337,2114,2949,1267,1674,1018,1410,285,829,0,0,132,165,523,637,561,822,526,1113,468,748,387,470,645,848,235,699,15052,7387,2217,893,8269,650,302,62,39
2021-05-12T23:59:59+02:00,2,0,428,592,1589,1706,1821,2038,1925,3314,2099,2934,1265,1669,1014,1408,285,829,0,0,132,163,520,637,560,816,523,1108,464,741,381,458,644,842,235,699,14916,7343,2191,884,8261,648,300,60,39
2021-05-11T23:59:59+02:00,2,0,409,571,1507,1666,1710,1996,1812,3218,1990,2866,1250,1645,1010,1398,285,829,0,0,125,154,503,603,539,788,501,1075,435,719,358,430,635,836,235,699,14501,7241,2008,855,8144,549,234,60,39
2021-05-10T23:59:59+02:00,2,0,392,553,1462,1632,1657,1961,1736,3154,1931,2798,1243,1631,1006,1392,285,826,0,0,125,150,497,596,529,765,492,1049,429,698,349,417,633,832,235,698,14217,7190,1924,845,8020,494,208,60,37
2021-05-09T23:59:59+02:00,2,0,385,542,1417,1604,1622,1941,1690,3116,1870,2758,1230,1619,1003,1387,285,825,0,0,120,147,490,586,519,757,483,1039,418,686,339,406,628,827,235,697,13976,7154,1865,834,7966,441,187,60,36
2021-05-08T23:59:59+02:00,2,0,380,537,1402,1583,1587,1920,1667,3090,1838,2735,1223,1612,1000,1386,284,825,0,0,119,147,487,586,516,756,482,1034,418,680,338,404,624,819,235,697,13756,7138,1859,828,7962,430,185,60,34
2021-05-07T23:59:59+02:00,2,0,368,529,1373,1553,1533,1901,1607,3028,1789,2683,1216,1604,999,1380,284,822,0,0,115,143,476,572,503,728,470,999,401,655,336,383,609,807,234,695,13479,7086,1830,803,7896,325,147,60,33
2021-05-06T23:59:59+02:00,2,0,343,515,1275,1511,1422,1842,1464,2911,1658,2590,1185,1573,996,1369,284,819,0,0,113,139,460,553,492,709,455,974,387,634,327,368,595,794,234,692,12979,7022,1639,783,7671,236,119,57,30
2021-05-05T23:59:59+02:00,2,0,328,500,1234,1479,1376,1801,1397,2841,1579,2504,1166,1548,990,1356,284,814,0,0,112,135,449,542,487,696,447,964,382,616,310,356,578,777,234,691,12548,6951,1574,763,7605,187,111,57,27
2021-05-04T23:59:59+02:00,2,0,319,488,1182,1444,1338,1774,1350,2793,1525,2445,1150,1519,984,1345,282,810,0,0,107,132,440,529,483,689,435,943,371,599,298,340,567,757,234,691,12215,6872,1512,735,7555,146,99,56,25
2021-05-03T23:59:59+02:00,2,0,313,482,1146,1422,1301,1753,1318,2757,1482,2406,1133,1493,978,1338,281,806,0,0,99,128,428,519,473,682,428,936,360,590,287,332,549,740,232,689,11963,6785,1487,726,7510,127,71,56,23
2021-05-02T23:59:59+02:00,2,0,309,481,1130,1407,1270,1735,1291,2738,1471,2384,1124,1479,975,1337,281,803,0,0,96,126,420,511,467,676,423,929,356,587,283,324,529,729,232,689,11831,6742,1471,705,7475,111,54,55,21
2021-05-01T23:59:59+02:00,2,0,305,476,1120,1399,1260,1722,1276,2726,1453,2367,1118,1473,972,1334,281,802,0,0,96,125,420,510,463,676,421,926,356,585,281,324,529,729,232,689,11695,6732,1470,705,7474,108,53,55,19
2021-04-30T23:59:59+02:00,2,0,300,467,1109,1375,1235,1701,1246,2663,1399,2317,1105,1454,967,1331,281,799,0,0,94,123,417,505,460,669,419,900,351,575,276,317,527,724,232,688,11389,6714,1465,695,7470,81,23,55,18
2021-04-29T23:59:59+02:00,2,0,284,453,1054,1344,1186,1661,1197,2606,1307,2252,1061,1411,962,1323,280,797,0,0,94,121,412,503,455,664,410,888,342,567,266,307,516,714,231,685,10908,6654,1427,675,7405,57,21,54,18
2021-04-28T23:59:59+02:00,2,0,273,447,1040,1326,1156,1647,1164,2564,1240,2199,1029,1358,954,1321,280,796,0,0,90,119,406,499,450,654,404,879,338,554,251,290,506,702,230,684,10621,6582,1377,641,7350,42,20,53,17
2021-04-27T23:59:59+02:00,2,0,269,437,1018,1310,1134,1635,1139,2541,1215,2175,1003,1323,948,1317,280,793,0,0,88,116,402,494,447,646,402,874,330,548,247,282,492,683,229,683,10426,6527,1349,613,7312,35,19,48,14
2021-04-26T23:59:59+02:00,2,0,266,431,1010,1301,1124,1619,1108,2524,1166,2128,983,1302,942,1310,279,792,0,0,88,116,398,486,447,643,398,870,329,542,241,274,482,674,229,683,10249,6490,1334,588,7246,33,19,46,14
2021-04-25T23:59:59+02:00,2,0,265,429,1000,1287,1105,1610,1091,2506,1135,2100,962,1279,939,1302,279,792,0,0,87,115,396,478,444,642,397,865,328,541,240,270,477,666,229,682,10117,6471,1308,572,7198,25,19,42,14
2021-04-24T23:59:59+02:00,2,0,261,424,985,1274,1093,1593,1075,2486,1110,2083,953,1255,936,1298,279,792,0,0,87,115,396,478,442,642,397,862,327,538,239,269,476,663,229,682,9947,6464,1308,564,7176,24,19,40,14
2021-04-23T23:59:59+02:00,2,0,259,414,974,1257,1082,1582,1057,2467,1056,2040,932,1230,934,1291,279,789,0,0,86,114,396,477,441,641,396,860,324,535,235,263,471,657,229,682,9789,6441,1295,551,7081,24,19,39,13
2021-04-22T23:59:59+02:00,2,0,255,404,950,1233,1057,1562,1023,2426,1010,1978,904,1190,927,1278,279,786,0,0,86,111,394,471,435,634,391,851,322,529,229,257,462,647,228,680,9514,6384,1245,536,7013,17,19,39,12
2021-04-21T23:59:59+02:00,2,0,251,399,925,1215,1031,1545,989,2391,965,1930,871,1140,918,1264,279,783,0,0,85,109,391,470,433,630,387,845,317,520,226,252,452,632,227,677,9222,6331,1220,515,6954,16,19,39,12
2021-04-20T23:59:59+02:00,2,0,244,394,905,1187,1013,1523,963,2341,926,1877,826,1077,906,1247,277,780,0,0,85,108,389,468,430,624,380,840,314,514,220,243,441,613,226,677,8938,6266,1152,500,6888,15,19,39,12
2021-04-19T23:59:59+02:00,2,0,241,384,884,1175,1000,1503,947,2310,899,1841,794,1047,902,1240,277,776,0,0,84,107,386,466,425,619,376,830,310,504,220,238,429,594,224,672,8755,6200,1136,480,6819,13,18,38,12
2021-04-18T23:59:59+02:00,2,0,240,380,876,1164,986,1494,925,2290,880,1821,767,1008,900,1235,276,774,0,0,83,105,382,464,425,619,375,826,310,501,219,234,423,590,224,672,8631,6180,1107,468,6759,13,18,38,11
2021-04-17T23:59:59+02:00,2,0,239,377,874,1161,980,1490,917,2283,875,1814,751,982,898,1229,276,774,0,0,83,102,380,460,423,619,372,821,309,496,216,228,417,583,224,671,8563,6137,1105,464,6732,12,18,38,11
2021-04-16T23:59:59+02:00,2,0,238,376,864,1156,967,1470,901,2261,846,1776,712,925,887,1219,274,770,0,0,79,99,377,453,420,617,362,808,304,484,201,213,412,575,221,668,8368,6066,1089,423,6661,11,18,38,10
2021-04-15T23:59:59+02:00,2,0,236,369,839,1138,950,1455,873,2215,803,1736,678,877,877,1199,274,766,0,0,77,98,373,445,414,610,354,799,297,481,193,207,396,552,219,663,8138,5980,1077,394,6539,10,18,36,9
2021-04-14T23:59:59+02:00,2,0,234,362,828,1127,940,1441,859,2179,786,1708,638,835,848,1151,274,762,0,0,74,93,365,442,406,601,350,789,286,473,183,190,379,532,217,657,7913,5872,1060,359,6465,10,18,33,9
2021-04-13T23:59:59+02:00,2,0,228,358,818,1122,929,1430,847,2153,757,1678,591,783,826,1118,273,759,0,0,71,90,355,433,388,594,338,778,281,469,180,186,366,519,216,654,7747,5784,1014,329,6373,8,18,30,9
2021-04-12T23:59:59+02:00,2,0,226,356,813,1116,919,1415,820,2132,738,1656,560,756,815,1101,272,757,0,0,70,86,341,427,384,588,332,770,274,463,173,181,358,507,215,648,7645,5703,992,304,6279,8,18,26,8
2021-04-11T23:59:59+02:00,1,0,222,353,805,1104,910,1409,805,2115,726,1639,544,732,806,1078,271,754,0,0,69,84,335,426,380,586,330,766,273,458,167,173,350,504,213,645,7578,5652,971,294,6185,7,18,24,8
2021-04-10T23:59:59+02:00,1,0,222,351,804,1100,905,1407,795,2107,716,1629,537,717,799,1065,270,753,0,0,65,76,308,409,361,571,316,751,258,450,160,165,345,489,212,643,7521,5470,964,288,6153,7,17,22,8
2021-04-09T23:59:59+02:00,1,0,222,348,796,1096,890,1383,786,2024,700,1544,501,655,779,1042,268,749,0,0,56,72,293,397,344,557,300,736,248,437,150,159,323,467,209,635,7399,5275,939,280,5902,7,13,19,8
2021-04-08T23:59:59+02:00,1,0,220,345,790,1089,878,1375,772,2004,679,1523,459,591,748,1019,266,746,0,0,54,69,281,377,328,543,285,722,232,418,141,143,307,449,207,618,7279,5073,898,265,5780,7,12,19,8
2021-04-07T23:59:59+02:00,1,0,214,341,781,1080,865,1358,750,1974,660,1489,422,550,720,981,263,742,0,0,51,66,262,363,318,537,277,709,224,406,127,133,288,429,201,609,7137,4903,865,255,5631,7,12,18,7
2021-04-06T23:59:59+02:00,1,0,211,339,771,1074,850,1339,732,1950,630,1463,401,513,694,947,262,741,0,0,49,64,261,357,313,535,266,705,219,399,122,129,278,408,197,599,7042,4828,836,232,5476,6,12,16,7
2021-04-05T23:59:59+02:00,1,0,211,338,767,1067,843,1327,723,1932,623,1446,382,492,677,922,262,740,0,0,48,63,260,353,312,531,262,699,215,398,121,125,265,388,193,592,7000,4765,822,217,5361,6,12,16,7
2021-04-04T23:59:59+02:00,1,0,210,334,763,1057,837,1316,714,1915,616,1427,370,479,674,918,262,740,0,0,48,62,259,352,311,531,262,699,214,398,119,125,257,374,190,590,6974,4732,816,217,5275,6,10,16,7
2021-04-03T23:59:59+02:00,1,0,210,334,762,1057,835,1314,714,1910,609,1425,363,473,671,911,262,739,0,0,48,62,259,352,311,531,262,698,214,396,119,125,257,371,190,588,6942,4724,816,217,5262,6,10,16,7
2021-04-02T23:59:59+02:00,1,0,210,332,761,1055,833,1312,710,1902,603,1414,354,463,658,901,262,738,0,0,48,60,255,350,308,529,260,690,209,388,117,124,250,352,187,575,6892,4644,810,214,5236,6,10,14,7
2021-04-01T23:59:59+02:00,1,0,207,328,756,1041,821,1299,705,1882,588,1395,339,439,626,868,261,732,0,0,46,59,246,344,304,526,259,683,207,383,109,121,232,326,184,554,6801,4531,767,207,5144,5,10,14,7
2021-03-31T23:59:59+02:00,1,0,203,325,748,1032,811,1285,695,1835,578,1356,330,427,604,822,257,729,0,0,46,59,245,343,299,523,256,681,201,379,104,118,217,299,182,532,6730,4441,721,200,5010,5,8,14,7
2021-03-30T23:59:59+02:00,1,0,200,319,742,1023,805,1262,682,1795,568,1312,318,409,576,786,256,729,0,0,46,58,243,339,295,520,255,676,197,374,101,116,209,281,178,517,6648,4364,682,195,4875,5,8,13,7
2021-03-29T23:59:59+02:00,1,0,196,313,736,1005,800,1249,672,1764,559,1273,314,395,545,748,254,722,0,0,46,56,241,336,294,518,254,672,195,367,97,114,199,268,171,506,6537,4301,660,188,4770,3,8,13,7
2021-03-28T23:59:59+02:00,1,0,189,297,726,994,791,1241,667,1742,556,1256,312,381,517,724,251,720,0,0,46,55,239,336,291,512,251,669,194,364,94,112,192,259,168,504,6491,4257,625,184,4665,3,8,13,7
2021-03-27T23:59:59+01:00,1,0,189,294,721,988,786,1237,661,1730,554,1247,308,372,511,714,251,719,0,0,46,55,239,336,290,512,248,663,191,360,93,111,188,252,163,494,6450,4218,617,178,4628,3,8,13,7
2021-03-26T23:59:59+01:00,1,0,185,292,709,975,777,1221,649,1712,545,1224,301,361,507,699,249,715,0,0,45,55,239,336,289,510,248,662,184,348,88,104,176,236,155,482,6385,4136,598,177,4546,3,6,13,7
2021-03-25T23:59:59+01:00,1,0,181,290,699,961,755,1194,632,1675,534,1185,293,348,490,674,248,710,0,0,45,54,236,331,286,509,241,659,183,346,81,103,159,217,150,457,6303,4040,584,168,4386,3,6,13,7
2021-03-24T23:59:59+01:00,1,0,179,281,689,948,746,1178,621,1638,519,1153,283,334,472,650,245,707,0,0,45,54,234,329,284,507,239,659,179,343,79,100,146,211,144,423,6221,3966,558,161,4263,2,6,13,7
2021-03-23T23:59:59+01:00,1,0,176,277,681,933,731,1160,609,1615,505,1114,277,323,454,634,240,704,0,0,44,54,232,328,281,504,234,654,177,339,75,96,139,203,134,396,6162,3883,542,156,4126,2,6,13,7
2021-03-22T23:59:59+01:00,1,0,172,268,661,912,709,1139,595,1581,490,1090,272,314,442,618,239,698,0,0,44,54,230,326,277,502,232,647,176,337,75,93,133,194,119,366,6090,3800,520,153,3982,1,6,13,7
2021-03-21T23:59:59+01:00,1,0,167,266,650,901,698,1133,587,1555,484,1058,266,306,428,610,237,693,0,0,44,54,227,326,275,500,231,646,174,335,74,90,131,193,115,363,6047,3779,503,149,3877,1,4,12,6
2021-03-20T23:59:59+01:00,1,0,165,265,641,896,693,1129,579,1550,481,1056,262,297,415,596,235,691,0,0,44,54,227,326,273,500,230,644,174,331,73,89,128,189,111,357,6009,3753,496,147,3830,1,4,11,6
2021-03-19T23:59:59+01:00,1,0,155,254,634,875,682,1122,574,1532,470,1043,244,276,398,570,230,683,0,0,42,54,226,325,272,500,228,637,173,327,70,87,120,178,106,336,5928,3685,452,146,3741,1,3,11,6
2021-03-18T23:59:59+01:00,1,0,150,248,614,858,664,1087,555,1479,456,997,229,260,385,547,227,665,0,0,42,54,225,322,270,492,228,632,170,320,70,84,112,170,101,323,5839,3624,417,137,3533,1,3,11,6
2021-03-17T23:59:59+01:00,0,0,143,242,601,839,651,1080,550,1466,449,978,217,247,366,531,223,659,0,0,42,53,225,318,269,490,226,630,170,319,70,84,107,164,95,309,5742,3580,389,135,3469,1,3,9,6
2021-03-16T23:59:59+01:00,0,0,139,233,584,824,632,1069,538,1424,438,953,209,233,345,496,219,647,0,0,42,52,225,315,269,484,224,629,169,318,66,84,102,158,92,291,5649,3533,356,131,3329,1,2,9,6
2021-03-15T23:59:59+01:00,0,0,133,226,568,809,621,1047,527,1392,423,916,202,225,332,471,216,640,0,0,41,52,224,312,269,481,223,628,167,317,65,82,96,152,90,277,5556,3490,327,129,3210,1,1,8,6
2021-03-14T23:59:59+01:00,0,0,128,214,553,791,606,1026,518,1349,411,870,192,213,319,460,210,636,0,0,41,52,224,309,267,480,222,623,166,312,64,82,95,148,88,274,5486,3473,314,118,3037,1,0,7,6
2021-03-13T23:59:59+01:00,0,0,125,202,525,762,577,1000,492,1324,390,851,177,204,312,447,209,633,0,0,41,52,224,309,266,480,221,623,166,311,64,82,92,144,76,259,5290,3434,310,118,2950,1,0,7,6
2021-03-12T23:59:59+01:00,0,0,114,193,495,736,557,970,469,1285,369,817,161,192,287,417,206,613,0,0,41,52,224,308,265,480,221,623,166,310,58,80,89,138,71,252,5055,3400,304,118,2829,1,0,7,5
2021-03-11T23:59:59+01:00,0,0,106,184,461,689,517,933,429,1212,347,765,148,169,257,375,202,591,0,0,41,51,223,306,260,476,219,619,163,307,58,78,85,132,69,239,4802,3370,293,97,2570,1,0,7,4
2021-03-10T23:59:59+01:00,0,0,103,174,437,665,498,914,412,1173,330,726,132,153,240,344,196,557,0,0,40,51,221,301,256,471,216,613,163,305,55,76,81,129,66,229,4621,3326,282,85,2427,1,0,7,4
2021-03-09T23:59:59+01:00,0,0,103,169,424,635,467,884,397,1129,318,694,126,145,229,325,190,545,0,0,40,51,220,298,253,463,214,609,159,301,54,74,79,126,60,220,4537,3284,264,75,2242,1,0,7,3
2021-03-08T23:59:59+01:00,0,0,100,161,408,617,449,867,387,1077,309,656,122,136,214,305,184,533,0,0,40,51,220,294,250,458,209,605,153,297,52,73,74,123,59,219,4455,3256,248,58,2080,1,0,7,2
2021-03-07T23:59:59+01:00,0,0,97,157,403,605,440,850,376,1062,306,650,120,136,207,291,182,531,0,0,40,51,219,293,250,456,207,604,153,297,52,73,72,120,58,218,4408,3246,237,54,2021,0,0,7,2
2021-03-06T23:59:59+01:00,0,0,96,150,401,596,432,826,365,1011,296,618,119,135,201,283,179,526,0,0,40,51,219,293,249,455,207,603,153,297,52,73,70,120,57,213,4371,3241,237,48,1875,0,0,7,2
2021-03-05T23:59:59+01:00,0,0,94,145,396,583,428,818,363,993,287,595,113,125,190,263,170,513,0,0,40,51,218,291,248,454,206,601,152,295,52,73,68,119,56,205,4288,3226,228,39,1801,0,0,7,2
2021-03-04T23:59:59+01:00,0,0,91,129,386,547,410,784,346,949,276,565,104,123,171,236,163,487,0,0,40,51,216,284,246,448,204,588,149,294,51,73,68,119,56,204,4180,3186,212,38,1612,0,0,7,2
2021-03-03T23:59:59+01:00,0,0,84,118,376,531,402,766,341,928,267,547,102,120,160,229,157,453,0,0,40,50,216,284,245,446,200,580,149,288,51,73,67,117,56,204,4110,3161,206,35,1495,0,0,7,2
2021-03-02T23:59:59+01:00,0,0,81,115,365,516,385,748,334,909,260,525,99,115,150,219,147,424,0,0,39,50,216,284,245,440,195,573,146,284,51,73,67,115,56,203,4019,3131,200,34,1397,0,0,7,2
2021-03-01T23:59:59+01:00,0,0,80,113,359,502,378,726,323,884,254,497,97,114,143,208,129,389,0,0,39,49,215,283,243,431,193,565,146,281,51,73,66,114,55,203,3932,3099,194,34,1289,0,0,7,2
2021-02-28T23:59:59+01:00,0,0,80,111,352,492,374,718,321,860,249,479,92,106,140,204,125,385,0,0,39,49,214,283,242,430,192,565,146,281,51,73,65,114,55,203,3908,3096,191,33,1205,0,0,7,1
2021-02-27T23:59:59+01:00,0,0,77,102,346,486,368,711,315,849,246,470,90,104,139,199,118,375,0,0,39,49,214,282,241,429,191,564,144,280,51,73,65,114,55,203,3875,3094,185,27,1147,0,0,7,1
2021-02-26T23:59:59+01:00,0,0,74,97,338,461,342,677,294,818,235,449,87,100,131,188,114,355,0,0,38,48,213,281,241,427,190,561,140,278,51,73,65,113,55,201,3817,3075,183,27,964,0,0,7,0
2021-02-25T23:59:59+01:00,0,0,66,86,325,439,330,649,286,792,222,426,82,100,123,181,110,343,0,0,38,48,211,277,236,424,187,554,135,277,51,71,63,111,54,201,3765,3045,175,19,813,0,0,7,0
2021-02-24T23:59:59+01:00,0,0,62,79,318,425,322,634,281,775,219,418,81,100,118,176,103,330,0,0,35,48,208,274,233,411,185,546,133,272,49,70,59,111,54,201,3723,3000,170,13,738,0,0,7,0
2021-02-23T23:59:59+01:00,0,0,59,70,305,407,312,616,275,757,212,410,77,98,113,171,100,308,0,0,33,48,207,272,230,404,184,540,128,269,48,70,59,107,54,199,3670,2966,165,9,639,0,0,7,0
2021-02-22T23:59:59+01:00,0,0,57,68,299,395,308,607,273,748,210,405,75,95,105,163,98,296,0,0,33,46,204,270,228,389,177,530,125,266,47,70,58,107,54,199,3625,2919,157,4,598,0,0,6,0
2021-02-21T23:59:59+01:00,0,0,56,67,293,388,305,597,268,739,205,401,74,93,104,161,96,294,0,0,33,45,202,268,227,386,176,521,125,265,47,70,58,107,54,197,3615,2895,154,4,547,0,0,5,0
2021-02-20T23:59:59+01:00,0,0,55,67,291,387,304,594,267,732,205,396,72,93,101,157,84,279,0,0,33,43,202,268,227,386,175,521,123,264,47,70,57,107,54,195,3578,2886,153,4,525,0,0,5,0
2021-02-19T23:59:59+01:00,0,0,54,67,288,381,297,571,256,706,203,384,68,90,97,149,79,271,0,0,33,42,202,268,226,385,175,520,123,264,47,70,56,106,52,193,3542,2876,152,4,435,0,0,4,0
2021-02-18T23:59:59+01:00,0,0,51,65,270,357,289,548,248,685,188,359,67,86,95,144,77,262,0,0,32,41,197,259,223,378,170,505,123,254,47,68,56,104,49,188,3512,2807,143,4,300,0,0,4,0
2021-02-17T23:59:59+01:00,0,0,51,63,263,351,287,533,240,672,185,339,65,83,91,141,74,250,0,0,30,40,193,253,216,364,166,489,120,243,43,66,56,102,48,185,3460,2724,141,3,245,0,0,4,0
2021-02-16T23:59:59+01:00,0,0,50,58,249,337,283,522,234,656,180,331,63,82,88,139,68,242,0,0,27,40,184,243,208,344,160,477,116,231,43,61,46,88,40,175,3421,2592,138,3,179,0,0,4,0
2021-02-15T23:59:59+01:00,0,0,50,57,244,334,276,510,231,650,176,325,61,82,83,135,67,241,0,0,26,39,175,235,203,336,154,466,112,224,40,58,46,82,36,166,3393,2506,137,3,147,0,0,4,0
2021-02-14T23:59:59+01:00,0,0,47,57,241,330,273,503,228,644,176,320,60,79,80,134,66,238,0,0,24,39,173,230,200,331,153,453,111,221,40,58,45,80,35,159,3381,2459,125,3,123,0,0,4,0
2021-02-13T23:59:59+01:00,0,0,46,57,241,330,271,503,228,643,176,320,60,79,79,134,66,237,0,0,24,39,171,229,197,331,152,451,110,218,39,58,44,79,32,155,3377,2437,125,1,121,0,0,4,0
2021-02-12T23:59:59+01:00,0,0,45,55,239,326,268,494,224,632,173,317,60,78,77,134,66,236,0,0,24,39,170,225,196,330,151,449,108,217,37,57,44,75,28,147,3368,2405,125,1,82,0,0,4,0
2021-02-11T23:59:59+01:00,0,0,44,54,231,303,261,477,217,608,161,307,58,77,76,132,66,230,0,0,24,36,155,203,189,300,142,403,103,198,33,56,39,65,26,133,3330,2203,102,1,18,0,0,4,0
2021-02-10T23:59:59+01:00,0,0,44,53,228,295,259,470,212,600,159,302,55,77,75,132,65,228,0,0,22,33,142,179,174,261,123,354,96,176,29,53,38,62,23,121,3297,1972,92,1,8,0,0,4,0
2021-02-09T23:59:59+01:00,0,0,42,52,227,292,257,460,207,592,155,298,55,77,75,130,65,228,0,0,22,31,124,153,159,238,110,311,91,151,24,48,37,49,20,109,3273,1752,77,1,4,0,0,4,0
2021-02-08T23:59:59+01:00,0,0,42,52,225,290,251,445,203,580,151,293,52,77,74,129,65,228,0,0,20,30,107,129,137,198,90,273,86,141,17,46,30,40,19,96,3231,1527,61,1,4,0,0,3,0
2021-02-07T23:59:59+01:00,0,0,42,51,222,289,249,444,202,577,150,293,52,77,73,128,65,228,0,0,19,24,102,119,127,186,85,253,82,131,16,44,28,33,18,88,3223,1420,57,1,0,0,0,2,0
2021-02-06T23:59:59+01:00,0,0,42,51,222,289,249,443,202,577,149,292,51,77,72,128,64,223,0,0,15,20,101,118,126,182,83,246,82,129,15,43,28,30,16,88,3219,1383,50,1,0,0,0,2,0
2021-02-05T23:59:59+01:00,0,0,41,50,221,289,249,442,201,575,147,291,51,77,72,127,63,213,0,0,13,16,92,110,122,177,82,242,81,121,14,42,28,26,14,85,3204,1323,41,0,0,0,0,2,0
2021-02-04T23:59:59+01:00,0,0,41,50,218,285,244,438,196,569,145,288,51,75,71,125,63,212,0,0,12,11,63,78,99,132,70,206,64,101,14,37,25,22,11,74,3165,1063,41,0,0,0,0,2,0
2021-02-03T23:59:59+01:00,0,0,40,49,217,282,243,426,194,563,144,285,51,74,70,123,63,212,0,0,9,6,47,59,75,109,54,158,55,73,11,17,19,15,6,58,3133,804,38,0,0,0,0,2,0
2021-02-02T23:59:59+01:00,0,0,39,49,216,279,239,420,193,557,140,284,50,74,68,120,61,209,0,0,7,4,31,42,59,79,42,102,45,51,9,14,13,9,2,41,3094,572,37,0,0,0,0,2,0
2021-02-01T23:59:59+01:00,0,0,38,47,214,279,234,413,189,552,137,277,50,73,65,119,61,209,0,0,5,2,24,23,33,47,28,63,28,28,7,9,9,5,2,23,3052,348,37,0,0,0,0,1,0
2021-01-31T23:59:59+01:00,0,0,38,47,213,278,232,407,187,544,136,277,50,73,64,118,61,207,0,0,5,2,22,18,24,37,22,51,21,24,7,6,8,5,2,19,3027,283,35,0,0,0,0,1,0
2021-01-30T23:59:59+01:00,0,0,38,47,213,278,232,406,186,544,136,277,50,73,63,118,61,204,0,0,5,2,21,17,22,37,20,47,20,23,7,5,8,4,2,18,3022,267,34,0,0,0,0,1,0
2021-01-29T23:59:59+01:00,0,0,37,47,213,276,231,405,185,543,134,275,50,73,62,117,59,203,0,0,5,1,17,11,16,30,17,41,16,21,6,4,7,4,2,17,3010,222,30,0,0,0,0,0,0
2021-01-28T23:59:59+01:00,0,0,37,46,203,273,230,400,183,534,132,271,50,73,61,116,57,202,0,0,5,1,6,3,9,17,10,23,9,9,3,2,5,1,0,16,2976,122,22,0,0,0,0,0,0
2021-01-27T23:59:59+01:00,0,0,36,45,199,266,226,390,181,521,129,262,47,71,61,114,56,200,0,0,2,1,4,3,8,15,9,19,8,9,3,2,4,1,0,13,2910,103,18,0,0,0,0,0,0
2021-01-26T23:59:59+01:00,0,0,32,45,196,253,220,377,177,503,125,255,46,66,55,107,49,191,0,0,2,1,3,3,8,15,9,19,8,9,3,2,4,1,0,10,2806,99,14,0,0,0,0,0,0
2021-01-25T23:59:59+01:00,0,0,32,44,187,249,217,366,174,494,122,245,44,64,54,104,43,188,0,0,2,1,2,3,6,13,8,16,8,9,3,2,3,0,0,8,2743,86,5,0,0,0,0,0,0
2021-01-24T23:59:59+01:00,0,0,31,43,185,246,215,365,173,492,122,244,44,64,52,100,42,187,0,0,2,1,1,3,5,13,8,16,8,9,3,2,3,0,0,8,2722,84,3,0,0,0,0,0,0
2021-01-23T23:59:59+01:00,0,0,31,43,184,246,213,365,173,491,122,244,44,64,52,99,41,185,0,0,2,1,1,3,5,12,8,15,7,9,3,2,3,0,0,8,2713,81,3,0,0,0,0,0,0
2021-01-22T23:59:59+01:00,0,0,30,42,183,242,212,365,173,490,121,244,44,64,52,99,38,179,0,0,2,0,1,3,4,12,8,15,7,9,3,2,3,0,0,8,2694,79,3,0,0,0,0,0,0
2021-01-21T23:59:59+01:00,0,0,26,40,174,229,206,349,169,469,119,231,43,64,49,91,37,176,0,0,2,0,1,3,1,7,7,10,5,5,3,2,2,0,0,7,2581,57,3,0,0,0,0,0,0
2021-01-20T23:59:59+01:00,0,0,25,38,156,203,189,306,141,413,109,210,38,60,47,86,32,159,0,0,2,0,1,3,1,7,7,9,5,4,3,2,2,0,0,7,2310,55,2,0,0,0,0,0,0
2021-01-19T23:59:59+01:00,0,0,25,35,130,175,173,272,132,370,105,189,28,54,38,71,29,145,0,0,1,0,1,3,1,5,4,7,3,3,2,0,2,0,0,4,2057,37,2,0,0,0,0,0,0
2021-01-18T23:59:59+01:00,0,0,21,34,117,154,151,231,115,321,98,165,25,51,34,58,26,125,0,0,1,0,1,1,0,2,3,5,2,3,1,0,1,0,0,4,1805,25,2,0,0,0,0,0,0
2021-01-17T23:59:59+01:00,0,0,19,25,112,140,143,217,106,294,94,154,24,46,33,52,25,112,0,0,1,0,0,0,0,1,1,4,2,2,1,0,1,0,0,1,1667,14,2,0,0,0,0,0,0
2021-01-16T23:59:59+01:00,0,0,16,22,109,138,141,212,103,284,93,147,21,45,32,46,20,109,0,0,0,0,0,0,0,0,0,0,0,0,0,0,0,0,0,0,1607,0,0,0,0,0,0,0,0
2021-01-15T23:59:59+01:00,0,0,13,18,103,129,136,206,100,275,93,137,20,44,32,41,19,106,0,0,0,0,0,0,0,0,0,0,0,0,0,0,0,0,0,0,1537,0,0,0,0,0,0,0,0
2021-01-14T23:59:59+01:00,0,0,11,13,79,97,117,170,84,233,81,121,16,39,29,33,17,91,0,0,0,0,0,0,0,0,0,0,0,0,0,0,0,0,0,0,1282,0,0,0,0,0,0,0,0
2021-01-13T23:59:59+01:00,0,0,9,12,65,86,102,141,77,190,76,96,16,25,23,24,15,71,0,0,0,0,0,0,0,0,0,0,0,0,0,0,0,0,0,0,1071,0,0,0,0,0,0,0,0
2021-01-12T23:59:59+01:00,0,0,7,8,52,68,84,110,69,135,64,74,12,19,18,20,7,55,0,0,0,0,0,0,0,0,0,0,0,0,0,0,0,0,0,0,838,0,0,0,0,0,0,0,0
2021-01-11T23:59:59+01:00,0,0,5,6,45,52,70,84,55,107,49,55,11,14,9,11,4,29,0,0,0,0,0,0,0,0,0,0,0,0,0,0,0,0,0,0,631,0,0,0,0,0,0,0,0
2021-01-10T23:59:59+01:00,0,0,5,6,41,41,52,68,41,86,40,47,10,9,8,10,4,23,0,0,0,0,0,0,0,0,0,0,0,0,0,0,0,0,0,0,507,0,0,0,0,0,0,0,0
2021-01-09T23:59:59+01:00,0,0,5,5,38,40,47,65,38,78,37,43,10,9,8,8,4,22,0,0,0,0,0,0,0,0,0,0,0,0,0,0,0,0,0,0,471,0,0,0,0,0,0,0,0
2021-01-08T23:59:59+01:00,0,0,5,5,30,31,40,57,29,65,31,38,7,6,6,7,3,20,0,0,0,0,0,0,0,0,0,0,0,0,0,0,0,0,0,0,391,0,0,0,0,0,0,0,0
2021-01-07T23:59:59+01:00,0,0,5,2,12,3,12,19,12,29,8,18,6,3,5,2,1,18,0,0,0,0,0,0,0,0,0,0,0,0,0,0,0,0,0,0,158,0,0,0,0,0,0,0,0
2021-01-06T23:59:59+01:00,0,0,5,1,5,3,7,16,9,23,7,10,4,3,4,2,1,16,0,0,0,0,0,0,0,0,0,0,0,0,0,0,0,0,0,0,119,0,0,0,0,0,0,0,0
2021-01-05T23:59:59+01:00,0,0,3,1,3,3,7,15,9,21,7,9,4,2,4,2,0,15,0,0,0,0,0,0,0,0,0,0,0,0,0,0,0,0,0,0,108,0,0,0,0,0,0,0,0
2021-01-04T23:59:59+01:00,0,0,2,1,3,3,7,14,8,17,7,9,3,2,3,1,0,10,0,0,0,0,0,0,0,0,0,0,0,0,0,0,0,0,0,0,92,0,0,0,0,0,0,0,0
2021-01-03T23:59:59+01:00,0,0,2,1,1,3,6,14,8,17,7,9,3,2,3,1,0,10,0,0,0,0,0,0,0,0,0,0,0,0,0,0,0,0,0,0,89,0,0,0,0,0,0,0,0
2021-01-02T23:59:59+01:00,0,0,2,1,1,3,6,14,7,17,6,9,3,2,3,1,0,10,0,0,0,0,0,0,0,0,0,0,0,0,0,0,0,0,0,0,87,0,0,0,0,0,0,0,0
2021-01-01T23:59:59+01:00,0,0,2,0,1,3,5,14,7,17,6,9,3,2,3,1,0,10,0,0,0,0,0,0,0,0,0,0,0,0,0,0,0,0,0,0,85,0,0,0,0,0,0,0,0
2020-12-31T23:59:59+01:00,0,0,2,0,1,3,5,13,7,17,6,9,3,2,3,1,0,10,0,0,0,0,0,0,0,0,0,0,0,0,0,0,0,0,0,0,84,0,0,0,0,0,0,0,0
2020-12-30T23:59:59+01:00,0,0,2,0,1,3,5,13,7,16,6,9,3,2,3,1,0,10,0,0,0,0,0,0,0,0,0,0,0,0,0,0,0,0,0,0,83,0,0,0,0,0,0,0,0
2020-12-29T23:59:59+01:00,0,0,1,0,1,3,4,8,4,13,4,7,2,1,3,0,0,8,0,0,0,0,0,0,0,0,0,0,0,0,0,0,0,0,0,0,60,0,0,0,0,0,0,0,0
2020-12-28T23:59:59+01:00,0,0,1,0,1,1,1,1,2,6,3,4,2,0,2,0,0,4,0,0,0,0,0,0,0,0,0,0,0,0,0,0,0,0,0,0,29,0,0,0,0,0,0,0,0
2020-12-27T23:59:59+01:00,0,0,1,0,0,0,0,1,1,6,1,2,1,0,1,0,0,2,0,0,0,0,0,0,0,0,0,0,0,0,0,0,0,0,0,0,16,0,0,0,0,0,0,0,0
