Datum,<15_1_m,<15_1_w,15-24_1_m,15-24_1_w,25-34_1_m,25-34_1_w,35-44_1_m,35-44_1_w,45-54_1_m,45-54_1_w,55-64_1_m,55-64_1_w,65-74_1_m,65-74_1_w,75-84_1_m,75-84_1_w,>84_1_m,>84_1_w,<15_2_m,<15_2_w,15-24_2_m,15-24_2_w,25-34_2_m,25-34_2_w,35-44_2_m,35-44_2_w,45-54_2_m,45-54_2_w,55-64_2_m,55-64_2_w,65-74_2_m,65-74_2_w,75-84_2_m,75-84_2_w,>84_2_m,>84_2_w,bp_1,bp_2,mo_1,mo_2,az_1,az_2,ja,unb_1,unb_2
2021-11-19T23:59:59+01:00,272,258,5273,4154,12459,8179,11677,7482,9819,9835,6107,6685,1961,2467,1224,1682,329,939,202,175,4045,3392,10063,6962,9603,6408,8283,8502,5390,5924,1815,2271,1154,1594,291,863,61003,48702,8161,7369,9373,8085,14247,82,86
2021-11-18T23:59:59+01:00,268,255,5230,4130,12384,8139,11618,7451,9781,9796,6090,6657,1958,2461,1222,1679,329,938,198,174,4024,3379,10019,6945,9552,6396,8253,8477,5376,5915,1811,2267,1153,1593,291,863,60610,48472,8149,7359,9373,8085,14236,82,86
2021-11-17T23:59:59+01:00,267,253,5181,4094,12307,8093,11549,7413,9725,9753,6065,6631,1954,2455,1220,1677,329,936,198,174,3991,3372,9978,6922,9501,6369,8219,8442,5356,5903,1810,2265,1151,1590,291,863,60150,48205,8141,7351,9373,8085,14220,82,86
2021-11-16T23:59:59+01:00,264,249,5132,4070,12201,8050,11458,7369,9672,9700,6036,6609,1951,2443,1220,1674,328,936,197,173,3976,3368,9945,6907,9467,6360,8193,8418,5345,5892,1809,2264,1151,1588,290,862,59652,48041,8120,7346,9373,8085,14199,82,86
2021-11-15T23:59:59+01:00,262,246,5066,4033,12092,8004,11362,7322,9605,9641,6004,6576,1946,2434,1220,1673,328,935,195,173,3947,3355,9927,6894,9432,6345,8181,8402,5338,5876,1806,2263,1150,1588,290,861,59069,47887,8112,7341,9373,8085,14175,82,86
2021-11-14T23:59:59+01:00,261,241,5017,4011,12025,7966,11286,7296,9543,9605,5981,6552,1942,2431,1218,1672,328,935,194,172,3935,3344,9885,6875,9414,6337,8170,8387,5331,5870,1805,2263,1148,1587,290,861,58669,47765,8100,7335,9373,8085,14148,82,86
2021-11-13T23:59:59+01:00,257,240,4993,3999,11967,7941,11235,7278,9507,9580,5970,6539,1940,2430,1218,1671,328,935,192,172,3931,3339,9874,6868,9405,6336,8164,8384,5329,5868,1804,2262,1148,1587,290,861,58420,47731,8081,7330,9373,8085,14133,82,86
2021-11-12T23:59:59+01:00,252,236,4945,3968,11875,7894,11164,7246,9443,9537,5951,6513,1939,2423,1217,1671,328,935,189,172,3913,3330,9845,6853,9388,6326,8144,8373,5319,5863,1804,2259,1148,1587,290,861,57960,47608,8073,7327,9373,8085,14109,82,86
2021-11-11T23:59:59+01:00,249,234,4862,3945,11757,7842,11044,7206,9366,9473,5910,6472,1933,2414,1217,1670,328,934,187,171,3890,3318,9805,6835,9359,6302,8114,8350,5314,5851,1804,2258,1147,1586,290,861,57337,47432,8050,7316,9373,8085,14073,82,86
2021-11-10T23:59:59+01:00,244,232,4794,3923,11599,7772,10942,7157,9286,9416,5876,6443,1929,2408,1215,1667,328,932,185,170,3874,3305,9778,6822,9335,6290,8092,8338,5303,5845,1802,2255,1146,1583,290,861,56704,47310,8030,7311,9372,8085,14032,82,86
2021-11-09T23:59:59+01:00,244,230,4736,3893,11482,7739,10859,7123,9230,9388,5845,6414,1928,2405,1215,1667,328,932,184,167,3860,3299,9747,6811,9310,6280,8075,8316,5294,5831,1802,2251,1144,1582,290,861,56255,47190,8017,7305,9372,8084,13988,82,86
2021-11-08T23:59:59+01:00,242,225,4678,3866,11358,7703,10749,7085,9157,9332,5816,6389,1925,2403,1214,1663,328,931,183,167,3843,3288,9716,6795,9280,6264,8058,8304,5289,5823,1800,2246,1143,1582,290,861,55731,47081,8003,7298,9371,8084,13932,82,86
2021-11-07T23:59:59+01:00,241,224,4645,3850,11293,7670,10681,7068,9110,9308,5800,6373,1923,2400,1213,1662,327,931,182,166,3832,3277,9697,6787,9261,6256,8049,8294,5285,5819,1799,2245,1142,1581,290,861,55431,47015,7990,7288,9371,8084,13899,82,86
2021-11-06T23:59:59+01:00,241,224,4632,3841,11255,7658,10641,7049,9086,9291,5787,6363,1920,2398,1213,1662,327,931,182,166,3830,3272,9690,6783,9257,6252,8045,8288,5281,5817,1796,2245,1142,1581,290,861,55244,46982,7987,7288,9371,8084,13887,82,86
2021-11-05T23:59:59+01:00,240,223,4591,3822,11188,7633,10568,7017,9019,9251,5771,6347,1919,2394,1212,1661,327,931,181,166,3816,3266,9674,6769,9241,6247,8026,8277,5277,5811,1795,2244,1142,1581,290,861,54875,46903,7983,7286,9371,8084,13854,82,86
2021-11-04T23:59:59+01:00,238,221,4527,3794,11071,7571,10453,6966,8925,9199,5742,6323,1915,2387,1211,1660,327,930,179,164,3794,3251,9637,6745,9197,6221,8000,8246,5261,5798,1795,2239,1141,1581,290,861,54351,46763,7968,7282,9371,8084,13733,82,86
2021-11-03T23:59:59+01:00,237,219,4494,3773,10976,7533,10363,6940,8859,9154,5718,6301,1912,2385,1211,1659,327,930,178,161,3777,3246,9604,6726,9166,6214,7978,8229,5255,5794,1791,2232,1141,1581,290,860,53945,46650,7960,7274,9371,8084,13677,82,86
2021-11-02T23:59:59+01:00,237,218,4448,3757,10891,7503,10282,6910,8786,9123,5690,6283,1909,2382,1211,1658,327,930,178,160,3768,3228,9581,6705,9135,6202,7959,8203,5246,5784,1787,2230,1141,1579,290,858,53577,46543,7951,7266,9371,8081,13605,82,86
2021-11-01T23:59:59+01:00,236,218,4415,3743,10819,7476,10185,6878,8726,9097,5666,6264,1907,2376,1211,1656,327,929,178,160,3749,3217,9549,6683,9102,6183,7936,8190,5233,5773,1786,2230,1141,1579,290,858,53253,46438,7945,7260,9371,8081,13519,82,86
2021-10-31T23:59:59+01:00,234,218,4402,3742,10803,7469,10172,6873,8720,9091,5665,6262,1907,2376,1211,1656,327,929,177,160,3744,3216,9542,6681,9096,6181,7934,8187,5231,5770,1785,2230,1141,1579,290,858,53207,46428,7943,7259,9371,8081,13495,82,86
2021-10-30T23:59:59+02:00,233,217,4397,3740,10783,7465,10159,6870,8711,9083,5655,6258,1906,2375,1211,1656,327,929,177,160,3742,3216,9533,6678,9091,6181,7930,8186,5225,5767,1785,2230,1141,1579,290,858,53147,46418,7943,7258,9371,8081,13472,82,86
2021-10-29T23:59:59+02:00,232,216,4343,3729,10699,7438,10079,6841,8664,9041,5636,6245,1906,2372,1211,1656,326,928,176,159,3717,3209,9499,6672,9062,6175,7910,8168,5218,5761,1783,2230,1141,1579,290,857,52836,46352,7934,7255,9371,8081,13377,82,86
2021-10-28T23:59:59+02:00,232,214,4295,3711,10595,7405,9977,6806,8602,8987,5610,6217,1904,2365,1209,1656,326,928,176,158,3689,3198,9451,6642,9010,6148,7882,8143,5204,5752,1782,2227,1141,1579,289,857,52470,46231,7922,7243,9371,8081,13226,82,86
2021-10-27T23:59:59+02:00,232,213,4270,3703,10531,7382,9924,6769,8546,8956,5591,6199,1901,2362,1209,1655,326,928,173,158,3673,3189,9414,6619,8986,6133,7862,8127,5196,5740,1779,2226,1140,1576,289,856,52205,46115,7911,7233,9371,8080,13157,82,86
2021-10-26T23:59:59+02:00,231,211,4237,3686,10482,7351,9867,6742,8505,8910,5574,6184,1898,2359,1208,1654,326,927,171,157,3657,3179,9371,6598,8953,6119,7841,8105,5185,5733,1777,2225,1138,1572,289,855,51943,45982,7902,7232,9371,8080,13078,82,86
2021-10-25T23:59:59+02:00,229,211,4231,3681,10466,7344,9846,6729,8491,8892,5572,6179,1896,2358,1208,1654,326,927,171,157,3654,3178,9361,6586,8937,6110,7830,8090,5181,5731,1776,2225,1137,1572,289,855,51875,45942,7901,7230,9371,8080,13034,82,86
2021-10-24T23:59:59+02:00,226,210,4221,3668,10422,7328,9817,6710,8474,8869,5566,6171,1895,2358,1207,1654,326,927,170,156,3644,3172,9337,6580,8919,6099,7819,8076,5176,5727,1776,2224,1137,1571,289,855,51733,45880,7895,7226,9371,8078,12989,82,86
2021-10-23T23:59:59+02:00,223,210,4216,3665,10400,7325,9805,6704,8470,8860,5565,6166,1895,2358,1207,1654,326,927,170,156,3642,3169,9329,6579,8913,6096,7814,8073,5175,5726,1776,2224,1137,1571,289,855,51675,45862,7894,7225,9371,8078,12975,82,86
2021-10-22T23:59:59+02:00,222,209,4193,3655,10363,7308,9779,6689,8443,8824,5553,6146,1895,2357,1207,1654,326,927,168,155,3634,3167,9308,6567,8893,6087,7801,8062,5166,5715,1776,2220,1137,1570,289,855,51503,45793,7889,7220,9371,8078,12924,82,86
2021-10-21T23:59:59+02:00,216,207,4173,3640,10293,7286,9733,6654,8412,8777,5545,6121,1894,2354,1206,1653,326,927,166,155,3605,3148,9263,6552,8865,6069,7774,8038,5150,5701,1774,2217,1135,1569,289,855,51256,45629,7876,7212,9371,8078,12850,82,86
2021-10-20T23:59:59+02:00,216,207,4162,3629,10274,7271,9704,6640,8387,8759,5538,6108,1892,2351,1206,1653,326,927,165,154,3594,3134,9233,6538,8838,6056,7757,8025,5142,5691,1771,2215,1135,1567,289,853,51123,45501,7874,7204,9371,8077,12819,81,86
2021-10-19T23:59:59+02:00,213,206,4153,3623,10255,7263,9676,6630,8371,8747,5530,6102,1891,2350,1206,1653,326,926,159,152,3583,3118,9214,6524,8822,6044,7745,8012,5129,5681,1771,2210,1134,1566,289,853,51028,45377,7866,7200,9371,8077,12792,81,86
2021-10-18T23:59:59+02:00,213,204,4137,3615,10243,7252,9659,6622,8360,8736,5525,6088,1890,2347,1204,1652,326,926,159,152,3573,3105,9197,6511,8808,6037,7736,8003,5128,5668,1768,2207,1134,1566,289,851,50929,45287,7862,7193,9371,8076,12772,81,86
2021-10-17T23:59:59+02:00,213,202,4130,3611,10234,7243,9644,6619,8353,8733,5522,6084,1889,2347,1204,1651,325,925,159,149,3561,3097,9187,6507,8800,6032,7727,7995,5126,5663,1766,2203,1132,1566,289,851,50877,45220,7856,7190,9371,8075,12759,81,86
2021-10-16T23:59:59+02:00,213,202,4128,3609,10228,7240,9642,6616,8352,8728,5521,6082,1888,2347,1203,1650,325,925,159,148,3560,3096,9183,6505,8800,6031,7724,7994,5125,5663,1766,2203,1132,1566,289,851,50854,45212,7855,7190,9371,8074,12753,81,86
2021-10-15T23:59:59+02:00,211,202,4116,3602,10211,7231,9628,6611,8343,8713,5513,6075,1887,2347,1203,1650,325,925,159,146,3550,3093,9171,6494,8785,6025,7718,7988,5118,5659,1766,2203,1132,1565,289,851,50765,45147,7852,7188,9371,8074,12735,81,86
2021-10-14T23:59:59+02:00,209,202,4103,3594,10184,7213,9601,6591,8322,8692,5505,6065,1886,2343,1203,1649,325,925,158,143,3525,3084,9140,6468,8753,6000,7695,7975,5107,5648,1765,2199,1129,1565,289,851,50641,44990,7841,7173,9371,8072,12689,81,86
2021-10-13T23:59:59+02:00,207,202,4091,3589,10168,7199,9583,6581,8307,8677,5497,6057,1884,2342,1203,1647,325,925,156,143,3510,3078,9114,6453,8736,5989,7677,7965,5098,5641,1765,2199,1128,1564,289,851,50546,44887,7837,7167,9371,8072,12660,81,86
2021-10-12T23:59:59+02:00,205,200,4084,3582,10150,7192,9563,6570,8296,8660,5485,6047,1882,2340,1202,1646,325,925,154,141,3502,3067,9092,6437,8711,5972,7662,7953,5084,5631,1761,2194,1128,1563,289,851,50444,44751,7831,7163,9371,8071,12637,81,86
2021-10-11T23:59:59+02:00,205,198,4072,3574,10125,7185,9541,6555,8288,8641,5479,6037,1881,2338,1202,1646,325,925,152,141,3489,3057,9053,6425,8684,5951,7643,7934,5077,5622,1760,2193,1128,1563,289,851,50353,44618,7820,7152,9371,8070,12602,81,86
2021-10-10T23:59:59+02:00,204,196,4059,3572,10116,7173,9535,6544,8280,8630,5476,6028,1881,2338,1201,1646,325,925,151,141,3478,3054,9034,6418,8673,5944,7631,7928,5071,5615,1758,2192,1128,1562,289,851,50291,44544,7811,7149,9371,8069,12585,81,86
2021-10-09T23:59:59+02:00,204,196,4057,3570,10113,7172,9521,6539,8277,8628,5473,6028,1881,2337,1201,1646,325,925,151,140,3474,3051,9032,6415,8664,5938,7627,7927,5066,5614,1758,2192,1128,1562,289,851,50271,44525,7811,7146,9371,8067,12569,81,86
2021-10-08T23:59:59+02:00,202,195,4045,3561,10092,7163,9507,6527,8264,8611,5466,6023,1880,2336,1201,1646,325,925,151,140,3466,3044,9011,6406,8649,5929,7622,7912,5056,5611,1756,2190,1127,1561,289,851,50181,44448,7807,7145,9371,8067,12538,81,86
2021-10-07T23:59:59+02:00,201,194,4027,3547,10063,7147,9469,6517,8243,8589,5461,6017,1879,2331,1201,1646,325,925,151,140,3439,3020,8970,6387,8623,5917,7599,7882,5038,5600,1753,2185,1127,1560,289,851,50038,44264,7800,7127,9371,8067,12499,81,86
2021-10-06T23:59:59+02:00,199,193,4018,3540,10036,7129,9455,6509,8236,8581,5454,6009,1877,2328,1201,1644,325,924,150,140,3426,3007,8948,6376,8605,5904,7590,7868,5035,5589,1751,2182,1127,1559,289,851,49942,44162,7797,7121,9371,8065,12473,81,86
2021-10-05T23:59:59+02:00,199,192,4004,3529,10020,7112,9436,6497,8217,8557,5446,6002,1876,2326,1201,1643,325,923,149,140,3411,2994,8925,6363,8581,5891,7569,7842,5025,5581,1749,2178,1126,1557,289,851,49835,44035,7795,7113,9371,8065,12429,81,86
2021-10-04T23:59:59+02:00,199,191,3983,3520,9994,7097,9399,6479,8199,8543,5438,5993,1873,2326,1200,1638,325,921,149,140,3395,2986,8899,6344,8546,5874,7547,7815,5014,5566,1748,2176,1126,1556,288,851,49718,43899,7786,7109,9371,8065,12366,81,86
2021-10-03T23:59:59+02:00,199,191,3966,3512,9969,7083,9386,6469,8185,8530,5436,5986,1871,2323,1199,1637,324,921,149,140,3380,2977,8870,6334,8535,5866,7538,7801,5009,5561,1747,2173,1126,1555,287,851,49634,43830,7784,7106,9371,8061,12321,81,86
2021-10-02T23:59:59+02:00,199,191,3964,3511,9968,7081,9382,6468,8183,8529,5434,5984,1870,2322,1199,1637,324,921,149,140,3377,2976,8866,6333,8533,5866,7534,7800,5008,5557,1746,2172,1126,1555,287,851,49625,43819,7782,7105,9371,8059,12312,81,86
2021-10-01T23:59:59+02:00,197,190,3954,3505,9947,7072,9368,6458,8171,8516,5429,5974,1867,2319,1199,1637,324,920,147,139,3361,2968,8847,6322,8517,5854,7526,7789,5001,5550,1744,2172,1126,1555,287,851,49550,43748,7779,7102,9371,8055,12270,81,86
2021-09-30T23:59:59+02:00,196,189,3921,3484,9895,7047,9331,6428,8142,8489,5412,5961,1864,2316,1197,1637,324,919,145,138,3340,2946,8800,6294,8483,5832,7509,7756,4985,5536,1742,2166,1126,1555,287,850,49366,43612,7771,7077,9371,8052,12164,81,86
2021-09-29T23:59:59+02:00,195,187,3903,3471,9849,7032,9314,6407,8129,8462,5403,5955,1862,2313,1196,1635,324,918,145,137,3323,2937,8763,6286,8466,5810,7498,7735,4974,5523,1742,2164,1126,1554,287,850,49241,43515,7763,7072,9371,8048,12094,81,86
2021-09-28T23:59:59+02:00,193,186,3892,3463,9808,7012,9283,6394,8102,8427,5393,5938,1862,2306,1196,1634,324,916,142,136,3308,2925,8735,6265,8445,5795,7471,7708,4966,5511,1742,2158,1126,1553,287,849,49108,43409,7756,7067,9371,8047,12005,81,86
2021-09-27T23:59:59+02:00,191,186,3870,3447,9770,6984,9257,6370,8082,8397,5379,5926,1859,2294,1195,1633,323,915,142,135,3285,2912,8690,6238,8415,5767,7446,7678,4954,5503,1739,2149,1126,1551,287,848,48982,43274,7747,7064,9371,8043,11888,81,86
2021-09-26T23:59:59+02:00,189,186,3862,3438,9750,6974,9245,6361,8069,8386,5374,5920,1853,2293,1193,1632,323,915,141,134,3276,2906,8669,6234,8405,5755,7432,7672,4947,5493,1735,2148,1126,1550,287,847,48910,43215,7746,7060,9371,8039,11845,81,86
2021-09-25T23:59:59+02:00,189,185,3858,3436,9741,6970,9241,6357,8062,8385,5371,5920,1853,2292,1193,1631,323,915,141,133,3270,2903,8662,6231,8401,5751,7428,7667,4945,5491,1735,2147,1125,1547,287,847,48893,43196,7744,7057,9371,8037,11823,81,86
2021-09-24T23:59:59+02:00,188,183,3842,3427,9709,6958,9224,6347,8040,8366,5363,5908,1851,2290,1193,1630,323,915,140,133,3258,2893,8635,6217,8388,5740,7406,7653,4938,5482,1734,2143,1125,1547,287,847,48804,43135,7743,7051,9371,8037,11744,81,86
2021-09-23T23:59:59+02:00,186,181,3806,3411,9644,6928,9170,6303,8000,8317,5345,5888,1846,2283,1190,1627,323,915,140,131,3233,2879,8576,6187,8336,5703,7365,7606,4920,5464,1726,2139,1124,1545,287,847,48651,43025,7734,7043,9371,8033,11505,81,86
2021-09-22T23:59:59+02:00,182,181,3780,3396,9612,6907,9141,6283,7967,8303,5327,5877,1844,2279,1189,1627,323,915,138,128,3209,2871,8546,6164,8310,5689,7334,7586,4904,5457,1723,2132,1122,1545,287,846,48515,42901,7729,7040,9369,8027,11416,81,86
2021-09-21T23:59:59+02:00,181,179,3764,3382,9587,6886,9095,6260,7935,8276,5312,5866,1843,2279,1189,1627,323,915,137,128,3187,2857,8511,6138,8265,5673,7300,7553,4887,5437,1722,2130,1121,1544,287,846,48393,42745,7721,7032,9368,8027,11309,81,86
2021-09-20T23:59:59+02:00,179,179,3733,3368,9549,6870,9058,6236,7901,8244,5305,5850,1839,2277,1189,1627,323,913,137,126,3164,2834,8469,6117,8224,5649,7267,7521,4879,5417,1719,2128,1120,1543,286,846,48260,42603,7718,7027,9368,8021,11181,81,86
2021-09-19T23:59:59+02:00,179,178,3716,3360,9517,6862,9043,6229,7895,8234,5298,5843,1836,2274,1188,1625,323,912,135,126,3156,2826,8441,6107,8204,5641,7252,7506,4872,5409,1718,2124,1119,1542,286,845,48194,42535,7711,7021,9368,8015,11122,81,86
2021-09-18T23:59:59+02:00,179,178,3712,3359,9512,6860,9038,6226,7889,8232,5296,5842,1836,2274,1188,1625,323,912,134,126,3148,2821,8433,6106,8193,5638,7245,7504,4868,5404,1718,2124,1119,1541,286,845,48182,42493,7710,7020,9367,8015,11104,81,86
2021-09-17T23:59:59+02:00,179,177,3692,3351,9475,6847,9009,6212,7869,8220,5285,5833,1835,2269,1186,1625,323,912,134,126,3134,2812,8393,6092,8165,5627,7222,7494,4860,5395,1718,2123,1118,1541,286,845,48091,42422,7704,7008,9364,8012,11019,81,86
2021-09-16T23:59:59+02:00,178,177,3662,3325,9418,6822,8961,6183,7832,8183,5265,5820,1832,2264,1185,1625,323,911,134,125,3119,2796,8352,6070,8131,5600,7200,7469,4845,5388,1716,2122,1118,1541,285,843,47877,42301,7679,6998,9362,8003,10926,81,86
2021-09-15T23:59:59+02:00,176,177,3637,3312,9382,6804,8927,6158,7802,8165,5258,5800,1829,2260,1183,1625,322,910,131,125,3102,2792,8323,6053,8100,5573,7164,7450,4827,5371,1713,2119,1118,1538,283,840,47725,42164,7673,6990,9362,7999,10840,81,86
2021-09-14T23:59:59+02:00,174,176,3615,3293,9337,6781,8884,6129,7772,8133,5246,5781,1827,2257,1182,1624,321,910,131,123,3081,2775,8283,6026,8061,5555,7137,7425,4813,5353,1712,2119,1117,1535,283,839,47559,42029,7662,6981,9362,7996,10730,81,86
2021-09-13T23:59:59+02:00,172,176,3596,3279,9296,6763,8854,6104,7754,8101,5229,5764,1825,2253,1182,1624,321,909,129,121,3064,2767,8250,6011,8044,5541,7127,7403,4804,5347,1711,2115,1117,1533,283,839,47392,41924,7642,6975,9362,7995,10675,81,86
2021-09-12T23:59:59+02:00,172,175,3578,3277,9273,6753,8844,6094,7744,8086,5222,5756,1824,2252,1181,1621,321,908,128,120,3047,2759,8227,5996,8035,5530,7109,7387,4800,5338,1707,2114,1117,1533,283,838,47313,41840,7641,6970,9362,7987,10633,81,86
2021-09-11T23:59:59+02:00,172,175,3575,3274,9266,6749,8841,6091,7743,8084,5219,5754,1823,2251,1180,1621,321,908,127,120,3045,2758,8220,5993,8033,5526,7108,7382,4799,5336,1707,2114,1117,1533,283,838,47295,41825,7640,6970,9361,7987,10617,81,86
2021-09-10T23:59:59+02:00,171,171,3546,3267,9239,6727,8821,6078,7720,8062,5205,5734,1819,2248,1179,1621,321,908,126,117,3030,2750,8190,5968,8013,5511,7088,7361,4783,5317,1706,2113,1116,1530,283,838,47204,41752,7637,6964,9361,7986,10497,81,85
2021-09-09T23:59:59+02:00,169,170,3530,3249,9191,6698,8785,6055,7698,8021,5186,5723,1818,2245,1179,1621,321,908,124,116,3018,2741,8152,5941,7985,5490,7064,7330,4768,5302,1705,2109,1116,1530,283,838,47035,41638,7629,6952,9361,7977,10402,81,84
2021-09-08T23:59:59+02:00,168,168,3510,3239,9157,6688,8762,6026,7680,7990,5171,5706,1814,2243,1178,1619,321,907,122,114,3002,2728,8109,5924,7952,5466,7036,7292,4757,5280,1704,2108,1115,1530,283,838,46931,41507,7621,6943,9358,7973,10292,81,84
2021-09-07T23:59:59+02:00,167,166,3489,3234,9136,6664,8733,6006,7660,7971,5155,5695,1814,2241,1177,1618,321,904,120,113,2984,2720,8083,5901,7926,5443,7019,7267,4742,5268,1701,2104,1114,1529,283,838,46799,41381,7619,6933,9358,7967,10227,81,84
2021-09-06T23:59:59+02:00,167,166,3469,3222,9104,6643,8706,5994,7640,7943,5148,5683,1809,2232,1175,1618,320,904,120,113,2965,2706,8058,5888,7902,5433,7001,7238,4736,5253,1696,2102,1114,1529,283,838,46659,41274,7616,6929,9357,7966,10158,81,84
2021-09-05T23:59:59+02:00,167,165,3457,3217,9094,6634,8694,5984,7638,7933,5142,5673,1808,2230,1175,1618,320,903,120,112,2955,2704,8043,5874,7890,5421,6994,7230,4726,5246,1694,2101,1114,1528,283,838,46605,41216,7614,6921,9356,7965,10123,81,84
2021-09-04T23:59:59+02:00,167,164,3451,3215,9091,6629,8688,5983,7635,7932,5142,5672,1808,2230,1175,1618,320,903,119,112,2951,2700,8038,5867,7885,5421,6989,7228,4725,5245,1692,2100,1113,1528,283,838,46591,41195,7614,6918,9356,7964,10108,81,84
2021-09-03T23:59:59+02:00,165,163,3437,3196,9058,6618,8667,5966,7617,7916,5129,5657,1805,2227,1175,1617,320,901,118,109,2935,2684,8010,5853,7863,5402,6968,7205,4712,5225,1688,2098,1113,1526,283,836,46506,41105,7603,6896,9356,7963,10013,81,84
2021-09-02T23:59:59+02:00,165,160,3415,3178,9008,6595,8626,5946,7596,7891,5116,5639,1800,2222,1173,1616,320,900,117,108,2917,2670,7962,5835,7826,5381,6942,7178,4703,5204,1684,2093,1111,1525,283,833,46373,40992,7594,6885,9354,7958,9886,81,83
2021-09-01T23:59:59+02:00,163,160,3397,3167,8970,6581,8599,5933,7576,7874,5104,5631,1799,2220,1172,1613,320,900,114,106,2898,2662,7918,5812,7792,5362,6914,7155,4691,5190,1680,2091,1110,1522,283,833,46260,40842,7582,6862,9354,7956,9819,81,83
2021-08-31T23:59:59+02:00,161,159,3382,3158,8927,6559,8578,5922,7559,7853,5096,5622,1796,2218,1171,1612,320,899,113,105,2881,2651,7873,5791,7770,5343,6890,7127,4679,5171,1676,2089,1109,1522,283,833,46159,40722,7577,6853,9354,7941,9732,81,83
2021-08-30T23:59:59+02:00,160,159,3352,3138,8887,6530,8537,5901,7522,7819,5082,5605,1791,2216,1170,1612,320,899,113,104,2849,2638,7826,5767,7735,5326,6856,7104,4667,5152,1672,2087,1108,1522,283,832,45994,40594,7576,6843,9352,7939,9603,81,83
2021-08-29T23:59:59+02:00,159,159,3342,3120,8860,6522,8516,5891,7513,7809,5075,5595,1789,2213,1170,1612,319,899,113,101,2830,2614,7790,5759,7714,5306,6842,7090,4657,5147,1670,2086,1106,1521,282,832,45924,40491,7571,6832,9352,7934,9537,81,83
2021-08-28T23:59:59+02:00,158,159,3337,3119,8857,6519,8510,5890,7506,7807,5075,5593,1789,2212,1170,1611,319,899,113,100,2825,2609,7785,5753,7709,5303,6836,7086,4654,5146,1670,2086,1106,1520,282,832,45909,40465,7570,6831,9352,7934,9517,81,83
2021-08-27T23:59:59+02:00,157,159,3325,3115,8838,6510,8485,5882,7488,7798,5064,5585,1789,2212,1170,1610,319,899,113,99,2807,2603,7765,5746,7688,5289,6825,7079,4645,5138,1670,2086,1105,1518,282,832,45846,40400,7569,6830,9351,7933,9454,81,83
2021-08-26T23:59:59+02:00,157,158,3297,3101,8798,6486,8450,5869,7465,7776,5049,5574,1788,2209,1170,1609,319,898,110,96,2783,2580,7723,5717,7638,5260,6789,7049,4620,5123,1665,2080,1105,1517,282,832,45708,40203,7562,6812,9350,7913,9358,81,83
2021-08-25T23:59:59+02:00,153,156,3278,3091,8759,6469,8417,5853,7439,7753,5035,5552,1786,2205,1170,1607,319,898,107,93,2747,2560,7672,5681,7591,5224,6752,7011,4604,5094,1664,2075,1104,1516,282,832,45591,39965,7556,6804,9349,7905,9245,81,83
2021-08-24T23:59:59+02:00,153,155,3273,3082,8739,6453,8398,5836,7423,7731,5025,5540,1784,2204,1169,1605,319,896,106,93,2726,2539,7638,5648,7557,5203,6724,6984,4588,5076,1664,2073,1104,1516,282,831,45515,39793,7552,6795,9349,7900,9168,81,83
2021-08-23T23:59:59+02:00,152,150,3246,3065,8694,6432,8356,5815,7392,7702,5011,5526,1784,2202,1167,1603,319,895,105,92,2695,2519,7593,5607,7516,5185,6689,6953,4573,5060,1660,2073,1104,1514,281,831,45370,39629,7543,6780,9346,7894,9042,81,83
2021-08-22T23:59:59+02:00,152,150,3232,3057,8680,6415,8343,5808,7372,7691,5005,5520,1783,2201,1166,1603,319,895,104,92,2679,2503,7561,5584,7495,5171,6669,6932,4570,5050,1656,2068,1103,1514,280,830,45298,39493,7536,6770,9346,7891,8998,81,83
2021-08-21T23:59:59+02:00,151,150,3224,3051,8670,6406,8333,5806,7367,7686,5003,5514,1782,2201,1166,1602,319,895,99,90,2670,2495,7543,5574,7475,5161,6658,6925,4562,5041,1655,2066,1102,1514,280,830,45248,39415,7533,6743,9346,7890,8981,81,83
2021-08-20T23:59:59+02:00,150,148,3214,3041,8645,6389,8300,5786,7348,7662,4991,5502,1779,2198,1166,1601,319,893,97,88,2641,2481,7496,5541,7439,5130,6620,6886,4546,5020,1649,2062,1101,1511,280,828,45168,39240,7524,6704,9345,7880,8875,81,83
2021-08-19T23:59:59+02:00,149,145,3195,3027,8602,6365,8263,5767,7328,7636,4978,5484,1773,2195,1165,1599,319,892,94,83,2596,2461,7415,5491,7378,5093,6572,6828,4516,4987,1644,2058,1101,1510,280,828,45041,38906,7512,6671,9342,7869,8761,81,83
2021-08-18T23:59:59+02:00,148,143,3185,3018,8579,6348,8234,5751,7295,7618,4964,5475,1768,2193,1165,1599,318,891,92,81,2569,2441,7350,5457,7320,5058,6530,6794,4491,4964,1639,2054,1099,1510,280,827,44930,38662,7507,6618,9341,7859,8684,81,83
2021-08-17T23:59:59+02:00,148,143,3169,3008,8555,6323,8206,5737,7282,7595,4953,5462,1765,2191,1164,1598,317,891,88,78,2541,2421,7295,5408,7277,5021,6500,6755,4472,4942,1630,2048,1098,1506,279,827,44813,38391,7500,6577,9340,7853,8623,81,83
2021-08-16T23:59:59+02:00,146,142,3159,2996,8534,6307,8187,5731,7269,7579,4940,5449,1764,2190,1164,1597,317,891,81,76,2512,2391,7217,5363,7208,4988,6451,6712,4441,4916,1628,2045,1096,1505,279,827,44721,38016,7495,6562,9340,7840,8572,81,83
2021-08-15T23:59:59+02:00,145,141,3150,2982,8504,6297,8170,5721,7251,7564,4934,5438,1762,2187,1164,1596,317,891,73,73,2475,2355,7152,5329,7171,4960,6405,6682,4428,4903,1624,2040,1095,1503,279,827,44625,37714,7488,6541,9339,7835,8528,81,83
2021-08-14T23:59:59+02:00,143,141,3145,2976,8493,6294,8163,5720,7251,7561,4930,5436,1760,2186,1164,1595,317,891,73,72,2466,2346,7126,5316,7159,4949,6398,6668,4409,4894,1620,2037,1095,1501,279,826,44607,37617,7487,6528,9339,7832,8499,81,83
2021-08-13T23:59:59+02:00,142,140,3129,2973,8470,6286,8154,5707,7235,7549,4922,5427,1760,2182,1163,1594,317,891,73,70,2432,2326,7076,5285,7122,4921,6358,6639,4399,4879,1619,2033,1094,1501,279,826,44535,37380,7486,6514,9339,7831,8444,81,83
2021-08-12T23:59:59+02:00,140,135,3110,2965,8441,6265,8121,5687,7211,7525,4908,5412,1757,2180,1160,1592,317,891,72,69,2389,2290,6984,5234,7068,4882,6307,6589,4374,4849,1615,2030,1091,1500,279,826,44427,37056,7478,6480,9337,7806,8336,80,83
2021-08-11T23:59:59+02:00,138,132,3092,2949,8404,6239,8097,5674,7189,7504,4897,5399,1756,2178,1160,1591,317,891,70,67,2361,2258,6909,5176,6991,4840,6248,6525,4353,4811,1611,2021,1091,1498,279,824,44299,36633,7467,6449,9332,7799,8268,80,83
2021-08-10T23:59:59+02:00,138,130,3073,2939,8373,6227,8072,5653,7160,7488,4879,5390,1752,2178,1160,1589,317,890,69,63,2290,2201,6789,5113,6904,4768,6156,6460,4306,4787,1601,2013,1089,1496,279,822,44191,36017,7456,6424,9329,7784,8189,80,83
2021-08-09T23:59:59+02:00,135,130,3053,2930,8344,6205,8048,5644,7135,7469,4869,5378,1751,2177,1160,1589,317,889,65,62,2228,2142,6680,5033,6804,4726,6084,6404,4275,4754,1595,2003,1088,1495,279,822,44104,35512,7450,6369,9329,7761,8094,80,83
2021-08-08T23:59:59+02:00,135,129,3041,2923,8326,6196,8030,5632,7125,7461,4862,5374,1747,2177,1160,1589,317,888,65,61,2203,2115,6614,5000,6760,4699,6043,6382,4263,4737,1585,1999,1087,1493,279,821,44043,35274,7448,6325,9326,7751,8047,80,83
2021-08-07T23:59:59+02:00,134,128,3033,2916,8307,6184,8016,5625,7118,7450,4857,5369,1745,2177,1159,1589,317,888,62,54,2167,2091,6537,4952,6703,4667,6008,6346,4246,4723,1581,1998,1087,1490,279,821,43985,34952,7443,6297,9326,7742,8009,80,83
2021-08-06T23:59:59+02:00,134,127,3021,2906,8279,6173,7984,5601,7099,7428,4846,5355,1740,2175,1159,1588,317,888,56,51,2126,2051,6429,4880,6624,4631,5964,6307,4228,4702,1578,1995,1086,1487,279,821,43924,34593,7425,6269,9326,7725,7895,80,81
2021-08-05T23:59:59+02:00,133,126,2997,2890,8254,6152,7945,5581,7075,7404,4827,5332,1736,2172,1157,1584,317,887,52,47,2084,2002,6295,4773,6510,4573,5892,6242,4189,4660,1571,1987,1083,1485,279,821,43793,34093,7416,6178,9325,7668,7779,80,81
2021-08-04T23:59:59+02:00,130,122,2960,2869,8185,6118,7907,5556,7045,7373,4811,5316,1732,2168,1154,1583,317,887,52,42,2029,1965,6170,4699,6389,4519,5822,6174,4161,4621,1561,1981,1078,1482,279,820,43582,33585,7402,6130,9325,7633,7654,80,81
2021-08-03T23:59:59+02:00,128,121,2943,2849,8159,6105,7871,5539,7023,7348,4798,5303,1728,2167,1153,1580,317,887,49,42,1993,1934,6075,4634,6283,4466,5754,6116,4116,4578,1556,1974,1077,1480,279,820,43441,33101,7397,6085,9324,7608,7583,80,80
2021-08-02T23:59:59+02:00,128,121,2918,2823,8125,6081,7845,5525,6998,7331,4781,5294,1725,2163,1152,1580,316,887,48,41,1964,1897,5946,4540,6169,4402,5683,6063,4070,4545,1550,1958,1076,1477,278,819,43296,32524,7389,6043,9323,7589,7509,80,79
2021-08-01T23:59:59+02:00,128,120,2901,2807,8096,6059,7832,5508,6987,7323,4776,5286,1724,2162,1150,1580,316,887,45,40,1940,1876,5868,4494,6105,4355,5638,6040,4054,4526,1548,1955,1074,1474,278,819,43203,32222,7377,6014,9323,7566,7460,80,78
2021-07-31T23:59:59+02:00,126,119,2894,2800,8083,6052,7824,5504,6980,7314,4775,5283,1723,2162,1150,1580,316,887,42,30,1900,1832,5768,4428,6038,4307,5585,6001,4025,4502,1542,1952,1074,1473,278,819,43163,31726,7375,6001,9323,7560,7432,80,78
2021-07-30T23:59:59+02:00,123,117,2887,2791,8056,6036,7812,5487,6960,7300,4767,5275,1722,2160,1150,1579,316,887,38,29,1879,1808,5687,4385,5976,4252,5527,5953,3997,4483,1538,1950,1073,1470,278,819,43080,31356,7363,5974,9322,7549,7378,80,78
2021-07-29T23:59:59+02:00,121,115,2854,2775,7999,5994,7770,5443,6929,7259,4744,5255,1720,2155,1148,1578,316,887,33,25,1839,1780,5558,4281,5841,4176,5433,5867,3949,4430,1531,1940,1070,1468,278,819,42876,30769,7350,5915,9316,7508,7230,80,78
2021-07-28T23:59:59+02:00,118,113,2833,2761,7970,5967,7743,5415,6907,7236,4731,5239,1715,2153,1147,1576,315,886,32,22,1803,1735,5456,4206,5724,4105,5347,5793,3912,4396,1518,1932,1068,1466,278,818,42698,30201,7340,5856,9312,7463,7183,80,78
2021-07-27T23:59:59+02:00,114,112,2817,2742,7929,5950,7711,5397,6887,7218,4719,5227,1715,2151,1146,1575,314,886,30,22,1757,1706,5318,4120,5597,4023,5257,5725,3872,4345,1509,1921,1066,1463,277,818,42578,29606,7324,5775,9311,7419,7104,80,78
2021-07-26T23:59:59+02:00,112,110,2791,2723,7894,5926,7677,5380,6865,7197,4714,5215,1713,2151,1144,1575,314,886,30,22,1712,1648,5177,4053,5495,3956,5184,5655,3814,4311,1506,1909,1065,1457,277,817,42434,29024,7301,5707,9308,7372,7046,80,78
2021-07-25T23:59:59+02:00,106,108,2776,2709,7858,5904,7650,5372,6844,7178,4704,5209,1711,2148,1143,1574,314,885,27,19,1688,1623,5115,4005,5435,3925,5134,5621,3781,4287,1501,1904,1064,1456,277,817,42291,28728,7293,5673,9305,7334,6998,80,78
2021-07-24T23:59:59+02:00,106,106,2763,2696,7833,5891,7625,5358,6830,7165,4694,5204,1710,2145,1143,1574,314,885,26,18,1667,1602,5067,3983,5361,3877,5092,5597,3761,4279,1499,1902,1063,1454,277,816,42209,28527,7270,5580,9304,7333,6949,80,78
2021-07-23T23:59:59+02:00,104,104,2740,2674,7777,5870,7598,5334,6791,7139,4675,5193,1708,2141,1141,1574,314,885,22,15,1609,1572,4916,3877,5224,3809,5017,5526,3708,4248,1497,1893,1062,1449,276,816,42040,27866,7262,5551,9302,7312,6838,80,78
2021-07-22T23:59:59+02:00,103,101,2707,2645,7706,5820,7544,5297,6743,7090,4640,5169,1701,2134,1140,1573,314,884,21,15,1557,1534,4746,3798,5069,3727,4856,5442,3629,4195,1484,1883,1057,1447,276,815,41726,27202,7236,5402,9292,7242,6724,80,78
2021-07-21T23:59:59+02:00,102,98,2679,2631,7641,5789,7493,5258,6683,7050,4617,5145,1694,2128,1139,1570,314,882,21,13,1519,1486,4624,3716,4935,3659,4756,5335,3554,4154,1471,1871,1054,1446,276,812,41475,26712,7197,5192,9286,7182,6612,80,77
2021-07-20T23:59:59+02:00,102,98,2659,2604,7585,5757,7456,5229,6644,7010,4593,5126,1690,2124,1139,1569,314,881,20,13,1486,1452,4491,3647,4845,3605,4655,5255,3503,4120,1467,1861,1053,1445,276,811,41224,26210,7188,5111,9283,7126,6536,80,77
2021-07-19T23:59:59+02:00,101,98,2637,2579,7528,5717,7411,5208,6601,6978,4575,5110,1684,2118,1137,1566,314,880,19,10,1461,1425,4414,3597,4761,3568,4581,5194,3468,4091,1461,1855,1048,1442,274,810,40941,25884,7174,4984,9281,7085,6493,80,77
2021-07-18T23:59:59+02:00,101,96,2609,2556,7459,5682,7376,5179,6558,6939,4558,5100,1678,2110,1135,1566,313,879,17,10,1440,1400,4367,3556,4723,3538,4532,5170,3434,4078,1455,1845,1047,1442,274,808,40641,25678,7158,4906,9276,7059,6457,80,76
2021-07-17T23:59:59+02:00,96,93,2597,2542,7442,5668,7359,5162,6540,6924,4536,5089,1674,2109,1135,1565,313,877,17,10,1426,1386,4328,3524,4671,3515,4492,5138,3404,4066,1450,1842,1047,1440,274,808,40534,25497,7149,4848,9272,7051,6402,80,76
2021-07-16T23:59:59+02:00,96,90,2560,2520,7378,5633,7301,5121,6495,6881,4509,5061,1667,2103,1134,1564,313,877,16,9,1383,1358,4227,3469,4581,3473,4405,5081,3342,4019,1437,1834,1042,1438,274,807,40344,25145,7128,4813,9264,6985,6193,80,76
2021-07-15T23:59:59+02:00,93,86,2510,2494,7307,5598,7243,5081,6448,6826,4491,5035,1663,2098,1132,1561,312,877,14,9,1325,1323,4032,3356,4394,3369,4260,4983,3281,3954,1426,1826,1037,1433,273,807,40021,24438,7108,4577,9257,6918,6088,78,76
2021-07-14T23:59:59+02:00,92,83,2476,2478,7234,5569,7172,5047,6393,6778,4468,5013,1656,2091,1130,1559,312,876,13,9,1278,1283,3901,3261,4285,3301,4147,4917,3234,3910,1414,1816,1035,1429,273,807,39703,23914,7087,4472,9255,6843,5990,78,76
2021-07-13T23:59:59+02:00,88,80,2446,2452,7181,5540,7108,5007,6354,6727,4448,4995,1646,2085,1128,1559,312,876,11,7,1245,1243,3785,3163,4162,3232,4059,4827,3181,3852,1387,1810,1033,1423,271,805,39389,23408,7078,4326,9252,6738,5915,78,76
2021-07-12T23:59:59+02:00,83,80,2420,2428,7109,5496,7039,4961,6303,6686,4419,4969,1641,2082,1125,1559,312,876,10,7,1212,1219,3673,3071,4043,3159,3957,4746,3128,3806,1373,1800,1029,1415,271,805,39042,22932,7064,4191,9248,6651,5828,77,75
2021-07-11T23:59:59+02:00,76,77,2406,2412,7070,5470,7010,4936,6273,6668,4410,4962,1638,2078,1123,1559,311,876,10,7,1198,1200,3620,3023,3984,3122,3901,4717,3104,3792,1364,1788,1027,1411,271,805,38919,22736,7045,4151,9242,6590,5740,76,75
2021-07-10T23:59:59+02:00,75,76,2377,2377,6988,5430,6945,4898,6222,6633,4387,4950,1634,2075,1123,1556,311,875,10,7,1175,1179,3562,2980,3936,3092,3862,4685,3086,3778,1358,1781,1027,1409,271,805,38667,22545,7019,4150,9229,6574,5599,76,75
2021-07-09T23:59:59+02:00,74,73,2351,2359,6921,5394,6900,4875,6172,6600,4369,4927,1632,2069,1123,1555,311,875,6,3,1150,1162,3511,2931,3883,3048,3806,4644,3058,3748,1356,1765,1025,1408,271,805,38442,22293,6992,4116,9218,6520,5501,76,75
2021-07-08T23:59:59+02:00,69,70,2300,2313,6828,5326,6800,4822,6107,6534,4331,4892,1625,2059,1121,1552,311,875,5,3,1076,1108,3342,2839,3687,2968,3622,4546,2988,3685,1341,1748,1023,1399,270,804,38105,21781,6915,3823,9186,6380,5294,76,75
2021-07-07T23:59:59+02:00,69,69,2224,2261,6715,5253,6698,4769,6034,6476,4296,4843,1618,2050,1118,1548,310,875,5,3,1021,1070,3190,2756,3506,2881,3462,4440,2935,3623,1325,1718,1016,1390,270,802,37607,21208,6873,3577,9161,6300,5136,76,75
2021-07-06T23:59:59+02:00,66,68,2177,2221,6607,5196,6608,4723,5978,6408,4256,4809,1611,2044,1115,1543,310,875,5,3,985,1027,3074,2652,3418,2822,3388,4348,2880,3563,1299,1687,1012,1381,270,802,37151,20694,6820,3468,9144,6209,5036,76,75
2021-07-05T23:59:59+02:00,64,68,2106,2174,6468,5126,6490,4686,5907,6348,4218,4772,1605,2035,1113,1541,310,873,5,3,940,989,2964,2579,3338,2776,3313,4279,2836,3505,1279,1669,1006,1371,270,799,36659,20305,6770,3390,9117,6124,4880,75,73
2021-07-04T23:59:59+02:00,64,67,2067,2128,6380,5077,6452,4655,5864,6328,4200,4749,1602,2032,1113,1539,310,872,5,3,901,963,2896,2524,3301,2748,3277,4245,2810,3482,1265,1649,1004,1370,269,799,36444,20149,6732,3332,9093,6049,4748,75,73
2021-07-03T23:59:59+02:00,60,52,1966,2044,6163,4912,6297,4566,5777,6239,4150,4714,1598,2028,1112,1535,310,872,5,3,862,934,2824,2477,3243,2719,3236,4195,2779,3451,1259,1644,1003,1366,268,797,35587,19950,6696,3329,9085,6024,4526,75,73
2021-07-02T23:59:59+02:00,51,45,1925,2003,6082,4865,6252,4537,5755,6209,4135,4696,1597,2022,1110,1534,309,872,5,3,838,906,2750,2426,3173,2672,3191,4144,2748,3413,1240,1625,999,1360,268,795,35293,19629,6660,3302,9080,5922,4457,74,73
2021-07-01T23:59:59+02:00,47,38,1872,1961,5972,4792,6169,4488,5674,6142,4108,4664,1594,2016,1109,1533,309,871,5,3,760,853,2548,2336,2982,2581,3011,4025,2647,3320,1217,1601,989,1344,268,793,34864,18811,6611,3072,9062,5816,4306,74,73
2021-06-30T23:59:59+02:00,47,37,1822,1901,5845,4705,6066,4434,5611,6093,4094,4639,1590,2008,1107,1530,309,871,5,2,723,817,2434,2259,2867,2522,2901,3931,2579,3240,1193,1574,980,1334,267,792,34414,18321,6547,2946,9046,5681,4173,73,73
2021-06-29T23:59:59+02:00,45,35,1757,1817,5728,4614,5965,4373,5554,6033,4066,4610,1582,2002,1106,1529,309,869,4,2,688,766,2348,2171,2791,2457,2794,3812,2521,3189,1180,1540,968,1324,266,789,33846,17807,6511,2869,9038,5564,4052,72,73
2021-06-28T23:59:59+02:00,43,33,1719,1757,5606,4543,5893,4321,5508,5994,4036,4585,1580,1993,1105,1528,309,869,4,2,674,736,2240,2096,2710,2393,2714,3725,2469,3140,1163,1522,961,1318,266,787,33410,17448,6454,2716,9028,5458,3967,72,73
2021-06-27T23:59:59+02:00,43,32,1686,1730,5552,4504,5849,4287,5458,5979,4025,4573,1577,1989,1105,1527,309,869,4,2,654,718,2184,2053,2665,2363,2665,3682,2437,3119,1155,1508,959,1309,266,787,33215,17281,6420,2654,9006,5369,3888,72,73
2021-06-26T23:59:59+02:00,36,27,1652,1701,5479,4456,5755,4242,5417,5947,4006,4557,1576,1987,1105,1525,309,869,4,2,646,707,2151,2025,2629,2340,2646,3656,2411,3100,1138,1498,958,1307,266,787,32842,17041,6334,2649,9006,5351,3888,72,72
2021-06-25T23:59:59+02:00,30,21,1615,1660,5368,4384,5699,4213,5376,5923,3984,4547,1573,1986,1103,1524,308,869,3,2,638,684,2095,1994,2560,2272,2544,3522,2364,2998,1127,1476,955,1304,265,786,32404,16558,6305,2619,9005,5170,3886,72,72
2021-06-24T23:59:59+02:00,23,16,1562,1607,5184,4267,5568,4157,5272,5877,3944,4520,1569,1982,1103,1523,307,868,3,2,597,662,1976,1921,2373,2202,2371,3437,2256,2903,1097,1453,945,1298,264,782,31737,16032,6243,2268,8995,5085,3773,72,72
2021-06-23T23:59:59+02:00,22,16,1528,1558,5093,4203,5489,4100,5223,5833,3922,4483,1560,1976,1100,1520,306,868,3,2,566,639,1900,1856,2259,2149,2249,3341,2153,2813,1070,1431,940,1290,263,781,31275,15442,6189,2184,8989,4941,3737,72,72
2021-06-22T23:59:59+02:00,21,16,1496,1540,5017,4134,5401,4051,5177,5787,3895,4459,1555,1970,1099,1519,306,868,3,2,548,616,1830,1804,2168,2093,2165,3233,2048,2724,1055,1409,930,1278,263,777,30843,14997,6144,2042,8984,4774,3711,72,71
2021-06-21T23:59:59+02:00,20,16,1462,1497,4889,4042,5318,4006,5107,5727,3866,4436,1551,1957,1097,1514,305,866,3,2,532,598,1789,1759,2128,2051,2111,3146,1980,2642,1037,1379,906,1256,263,774,30278,14685,6103,1942,8982,4626,3670,72,71
2021-06-20T23:59:59+02:00,19,14,1431,1464,4809,3969,5264,3986,5072,5706,3842,4426,1548,1956,1096,1514,304,866,3,2,514,581,1757,1729,2102,2027,2082,3118,1937,2605,1029,1363,904,1249,263,773,29965,14496,6066,1903,8968,4562,3634,72,70
2021-06-19T23:59:59+02:00,18,14,1412,1442,4764,3935,5238,3958,5041,5680,3820,4413,1541,1954,1096,1513,304,866,3,2,505,575,1736,1705,2081,1999,2068,3092,1911,2565,1019,1356,900,1248,261,772,29772,14313,5997,1871,8966,4554,3611,72,69
2021-06-18T23:59:59+02:00,13,10,1386,1424,4685,3891,5184,3914,4992,5641,3794,4401,1538,1951,1094,1511,304,866,3,2,490,565,1715,1690,2053,1968,2022,3043,1860,2511,1006,1341,898,1244,260,770,29420,14005,5949,1869,8965,4504,3598,72,69
2021-06-17T23:59:59+02:00,10,9,1348,1384,4511,3809,4990,3836,4812,5550,3739,4356,1531,1948,1094,1510,303,866,3,2,451,544,1610,1652,1869,1905,1860,2945,1757,2428,984,1323,887,1232,258,768,28790,13532,5884,1758,8957,4414,3295,71,68
2021-06-16T23:59:59+02:00,10,8,1317,1352,4405,3724,4888,3782,4709,5487,3692,4330,1524,1944,1092,1506,303,865,3,2,433,523,1546,1612,1807,1871,1779,2862,1699,2350,966,1297,877,1216,257,765,28292,13112,5768,1686,8941,4335,3240,71,68
2021-06-15T23:59:59+02:00,10,8,1283,1321,4263,3633,4812,3715,4634,5417,3650,4296,1514,1936,1087,1503,303,863,3,2,419,502,1484,1558,1754,1824,1710,2805,1628,2282,949,1271,872,1205,255,764,27717,12763,5730,1603,8926,4262,3157,71,68
2021-06-14T23:59:59+02:00,10,6,1256,1280,4169,3573,4730,3658,4550,5342,3595,4266,1509,1928,1086,1497,301,862,3,2,410,489,1437,1522,1704,1789,1657,2738,1570,2229,940,1248,867,1198,254,763,27230,12506,5632,1527,8922,4175,3101,70,67
2021-06-13T23:59:59+02:00,10,6,1239,1262,4118,3535,4679,3616,4498,5297,3575,4250,1508,1922,1086,1495,300,861,3,2,402,481,1402,1505,1663,1764,1613,2701,1535,2187,922,1229,863,1188,253,761,26965,12317,5596,1503,8917,4096,3039,70,67
2021-06-12T23:59:59+02:00,10,5,1225,1236,4087,3515,4649,3592,4480,5279,3562,4239,1506,1918,1085,1494,300,860,3,2,398,478,1389,1485,1637,1738,1592,2679,1508,2166,914,1219,853,1185,253,760,26770,12168,5585,1502,8916,4034,3026,70,66
2021-06-11T23:59:59+02:00,9,5,1208,1221,4046,3469,4576,3565,4436,5240,3532,4227,1505,1916,1084,1491,300,859,3,2,388,465,1366,1443,1608,1716,1548,2635,1462,2124,903,1204,850,1179,253,759,26462,11920,5552,1493,8912,3954,3005,70,66
2021-06-10T23:59:59+02:00,9,4,1144,1165,3923,3379,4439,3481,4338,5174,3477,4190,1500,1908,1082,1490,300,859,3,2,367,447,1301,1402,1533,1657,1480,2563,1375,2026,877,1172,846,1170,252,756,25844,11484,5408,1480,8893,3789,2925,70,65
2021-06-09T23:59:59+02:00,8,2,1092,1127,3772,3269,4297,3418,4249,5096,3428,4148,1494,1902,1080,1487,300,859,2,2,348,427,1237,1358,1469,1621,1425,2483,1294,1959,848,1118,839,1156,251,754,25325,11178,5223,1418,8884,3647,2782,70,65
2021-06-08T23:59:59+02:00,7,2,1033,1083,3625,3168,4176,3336,4138,5012,3375,4118,1488,1897,1078,1484,299,857,2,1,331,407,1186,1316,1411,1583,1365,2424,1247,1886,825,1083,828,1139,247,751,24735,10929,5077,1368,8872,3503,2655,70,63
2021-06-07T23:59:59+02:00,6,2,1005,1054,3512,3088,4038,3299,4015,4944,3320,4091,1475,1892,1077,1482,299,855,2,0,323,399,1140,1276,1353,1560,1316,2373,1180,1833,811,1063,814,1122,245,746,24330,10756,4890,1333,8866,3371,2510,70,62
2021-06-06T23:59:59+02:00,6,2,981,1043,3449,3049,3958,3248,3940,4913,3287,4075,1473,1887,1074,1481,298,855,2,0,315,389,1124,1247,1319,1527,1295,2315,1150,1774,799,1048,806,1114,245,742,24113,10642,4746,1278,8853,3260,2436,70,61
2021-06-05T23:59:59+02:00,6,2,968,1025,3372,2984,3903,3217,3903,4889,3276,4071,1472,1885,1074,1480,298,854,2,0,308,379,1104,1224,1299,1511,1268,2285,1118,1754,787,1025,804,1110,245,742,23814,10471,4739,1275,8849,3216,2396,69,60
2021-06-04T23:59:59+02:00,4,2,940,1005,3324,2927,3826,3176,3838,4833,3247,4050,1468,1881,1072,1480,298,854,2,0,297,370,1082,1195,1272,1495,1241,2243,1087,1725,771,1002,798,1105,245,739,23482,10329,4693,1270,8845,3153,2306,69,60
2021-06-03T23:59:59+02:00,4,2,895,971,3164,2826,3634,3069,3660,4716,3157,3975,1458,1869,1068,1475,298,854,1,0,286,360,1046,1154,1215,1437,1170,2154,1025,1666,732,963,790,1092,245,738,22780,10105,4457,1251,8827,2985,2107,69,59
2021-06-02T23:59:59+02:00,4,2,867,959,3089,2756,3576,3027,3596,4653,3115,3948,1456,1864,1068,1474,298,854,1,0,273,351,1016,1130,1171,1417,1126,2111,972,1622,718,932,787,1087,245,737,22415,9887,4437,1237,8827,2946,1990,69,59
2021-06-01T23:59:59+02:00,4,2,820,923,2924,2636,3393,2931,3426,4546,3054,3886,1446,1857,1065,1468,298,854,0,0,261,336,932,1065,1075,1358,1041,2001,923,1542,689,879,779,1078,244,730,21788,9596,4219,1202,8814,2738,1744,69,58
2021-05-31T23:59:59+02:00,4,2,781,894,2798,2549,3247,2834,3318,4454,3001,3833,1441,1844,1063,1463,298,854,0,0,245,319,891,1022,1007,1306,992,1924,885,1483,669,854,772,1072,243,730,21377,9422,3973,1187,8793,2599,1542,69,57
2021-05-30T23:59:59+02:00,4,2,770,882,2738,2502,3178,2794,3260,4412,2980,3812,1437,1838,1063,1463,298,853,0,0,235,302,847,976,951,1264,947,1862,860,1425,656,838,768,1063,243,729,21222,9320,3911,1177,8781,2425,1371,69,57
2021-05-29T23:59:59+02:00,4,2,767,879,2719,2485,3156,2780,3241,4396,2972,3803,1435,1837,1063,1463,298,853,0,0,232,291,842,962,932,1235,931,1814,846,1392,643,817,766,1058,242,729,21094,9228,3909,1176,8778,2284,1370,68,56
2021-05-28T23:59:59+02:00,4,2,758,867,2679,2444,3106,2751,3214,4372,2962,3787,1435,1834,1061,1458,298,853,0,0,228,282,829,942,920,1210,915,1771,817,1352,624,787,761,1050,241,727,20835,9043,3897,1171,8775,2196,1366,68,55
2021-05-27T23:59:59+02:00,4,2,712,844,2546,2377,2970,2680,3070,4290,2879,3737,1426,1823,1060,1456,297,851,0,0,213,265,767,890,838,1153,827,1672,751,1269,599,754,752,1031,240,725,20334,8831,3759,1135,8741,1930,1157,68,53
2021-05-26T23:59:59+02:00,4,2,677,810,2435,2301,2805,2613,2944,4222,2829,3687,1415,1811,1059,1448,295,846,0,0,204,245,724,850,789,1117,784,1603,711,1211,584,728,734,998,239,722,19905,8606,3506,1124,8712,1789,1025,68,53
2021-05-25T23:59:59+02:00,4,2,654,790,2342,2239,2701,2567,2842,4138,2781,3650,1403,1803,1056,1444,294,844,0,0,192,232,699,820,753,1079,746,1544,661,1149,564,708,714,968,238,720,19527,8381,3326,1089,8668,1651,967,67,49
2021-05-24T23:59:59+02:00,4,2,639,764,2282,2195,2626,2532,2770,4081,2724,3606,1390,1796,1050,1443,294,843,0,0,187,224,676,801,726,1047,710,1487,636,1097,546,695,707,964,238,718,19323,8287,3143,1077,8633,1530,866,66,48
2021-05-23T23:59:59+02:00,4,2,635,763,2264,2180,2614,2517,2759,4065,2712,3591,1387,1794,1050,1441,294,843,0,0,185,223,669,793,716,1040,693,1475,626,1089,543,688,702,958,237,715,19198,8205,3140,1070,8633,1518,864,66,44
2021-05-22T23:59:59+02:00,4,2,628,750,2238,2157,2576,2496,2736,4031,2677,3562,1380,1790,1049,1439,294,842,0,0,183,215,660,790,710,1029,681,1467,620,1083,533,679,696,947,237,715,18940,8142,3139,1070,8631,1481,854,66,43
2021-05-21T23:59:59+02:00,4,2,613,734,2150,2119,2489,2442,2667,3982,2633,3517,1373,1777,1047,1438,293,841,0,0,181,212,654,779,700,1020,669,1454,605,1063,520,654,689,939,237,713,18443,8052,3112,1069,8608,1419,850,66,43
2021-05-20T23:59:59+02:00,4,2,577,709,2026,2042,2353,2363,2534,3881,2554,3432,1357,1761,1045,1432,293,839,0,0,172,201,621,739,667,980,637,1398,579,999,499,624,683,930,237,712,17774,7927,2986,1058,8532,1208,776,66,41
2021-05-19T23:59:59+02:00,3,2,540,675,1908,1955,2204,2291,2390,3780,2453,3335,1340,1743,1037,1429,291,839,0,0,158,194,592,715,633,946,604,1344,554,939,485,602,673,906,236,710,16997,7772,2914,1040,8490,1107,652,65,40
2021-05-18T23:59:59+02:00,3,1,511,653,1827,1872,2099,2233,2274,3661,2357,3244,1329,1723,1030,1422,291,835,0,0,151,185,570,686,608,916,588,1266,534,876,467,575,664,890,235,707,16463,7646,2743,1002,8433,997,546,65,40
2021-05-17T23:59:59+02:00,3,0,490,639,1767,1833,2045,2183,2196,3548,2295,3169,1310,1703,1023,1415,290,833,0,0,145,177,552,672,599,877,575,1206,517,820,448,544,662,882,235,706,16155,7568,2582,971,8363,893,449,64,40
2021-05-16T23:59:59+02:00,2,0,485,638,1740,1806,2003,2152,2156,3498,2240,3109,1295,1694,1021,1410,290,832,0,0,141,176,542,653,583,860,559,1159,500,781,422,514,660,879,235,705,15966,7509,2512,941,8319,807,368,64,39
2021-05-15T23:59:59+02:00,2,0,480,633,1710,1787,1984,2131,2135,3473,2215,3069,1287,1693,1020,1408,289,832,0,0,140,173,539,651,582,856,552,1154,494,771,419,512,658,877,235,704,15754,7477,2511,940,8310,795,362,63,38
2021-05-14T23:59:59+02:00,2,0,463,616,1678,1751,1940,2090,2054,3403,2174,3028,1279,1683,1018,1408,287,832,0,0,137,166,532,636,562,832,532,1120,479,755,403,496,653,871,235,702,15381,7416,2468,924,8289,687,335,63,38
2021-05-13T23:59:59+02:00,1,0,434,594,1602,1699,1824,2036,1934,3317,2106,2937,1255,1665,1011,1406,285,828,0,0,131,163,517,629,552,816,522,1104,465,742,386,468,641,845,235,697,14946,7329,2200,884,8233,647,302,62,37
2021-05-12T23:59:59+02:00,1,0,426,589,1581,1687,1806,2025,1911,3295,2091,2922,1253,1660,1007,1404,285,828,0,0,131,161,514,629,551,810,519,1099,461,735,380,456,640,839,235,697,14811,7285,2174,875,8225,645,300,60,37
2021-05-11T23:59:59+02:00,1,0,407,568,1499,1647,1696,1983,1798,3200,1982,2854,1238,1636,1003,1394,285,828,0,0,124,152,497,595,530,782,497,1067,433,714,357,428,631,833,235,697,14397,7185,1992,846,8108,547,234,60,37
2021-05-10T23:59:59+02:00,1,0,390,551,1454,1613,1642,1949,1723,3136,1923,2786,1231,1622,999,1388,285,825,0,0,124,149,491,588,521,759,488,1042,427,694,348,415,629,829,235,696,14115,7135,1909,838,7983,493,208,60,35
2021-05-09T23:59:59+02:00,1,0,383,540,1409,1585,1607,1929,1678,3098,1861,2746,1218,1610,996,1383,285,824,0,0,119,146,484,578,511,751,479,1032,416,682,338,404,624,824,235,695,13874,7099,1851,827,7929,440,187,60,34
2021-05-08T23:59:59+02:00,1,0,378,535,1395,1564,1573,1908,1655,3073,1829,2723,1211,1603,993,1382,284,824,0,0,118,146,481,578,508,750,478,1027,416,676,337,402,620,816,235,695,13656,7083,1845,821,7926,429,185,60,32
2021-05-07T23:59:59+02:00,1,0,366,527,1366,1534,1519,1889,1595,3011,1780,2672,1204,1595,992,1376,284,821,0,0,114,142,470,564,495,722,466,992,399,651,335,381,605,804,234,693,13380,7031,1816,796,7860,324,147,60,31
2021-05-06T23:59:59+02:00,1,0,342,513,1268,1492,1408,1830,1452,2896,1649,2579,1173,1564,989,1365,284,818,0,0,112,138,454,545,484,703,451,967,385,631,326,366,592,791,234,690,12883,6968,1626,777,7635,235,119,57,28
2021-05-05T23:59:59+02:00,1,0,327,498,1227,1460,1363,1789,1385,2827,1570,2493,1154,1539,983,1352,284,813,0,0,111,134,443,534,479,690,443,957,380,613,309,354,575,774,234,689,12454,6897,1561,757,7569,186,111,57,25
2021-05-04T23:59:59+02:00,1,0,318,486,1175,1426,1324,1762,1338,2780,1517,2434,1138,1510,977,1341,282,809,0,0,106,131,434,521,476,683,431,936,369,596,297,338,564,754,234,689,12123,6819,1499,729,7520,145,99,56,23
2021-05-03T23:59:59+02:00,1,0,312,480,1139,1404,1288,1741,1307,2744,1474,2395,1121,1484,971,1334,281,805,0,0,98,127,422,512,466,676,424,929,358,587,286,330,546,737,232,687,11873,6733,1474,720,7475,126,71,56,21
2021-05-02T23:59:59+02:00,1,0,308,479,1123,1389,1256,1723,1280,2725,1463,2373,1112,1470,968,1333,281,802,0,0,95,125,415,504,460,670,419,923,354,584,282,322,526,726,232,687,11740,6691,1458,699,7440,111,54,55,19
2021-05-01T23:59:59+02:00,1,0,304,474,1113,1381,1246,1710,1265,2713,1445,2356,1106,1464,965,1330,281,801,0,0,95,124,415,503,456,670,417,919,354,582,280,322,526,726,232,687,11604,6681,1457,699,7439,108,53,55,17
2021-04-30T23:59:59+02:00,1,0,299,465,1102,1357,1223,1690,1235,2650,1391,2306,1093,1446,960,1327,281,798,0,0,93,122,412,498,452,663,415,894,349,572,275,315,524,721,232,686,11302,6664,1452,689,7435,81,23,55,16
2021-04-29T23:59:59+02:00,1,0,283,451,1047,1327,1175,1650,1187,2593,1300,2242,1049,1404,955,1319,280,796,0,0,93,120,407,496,447,658,406,882,340,564,265,305,513,711,231,683,10826,6604,1414,669,7371,57,21,54,16
2021-04-28T23:59:59+02:00,1,0,272,445,1033,1310,1147,1636,1154,2552,1233,2189,1017,1351,947,1317,280,795,0,0,89,118,401,493,442,648,400,873,336,551,250,288,503,699,230,682,10542,6533,1364,635,7317,42,20,53,15
2021-04-27T23:59:59+02:00,1,0,268,435,1011,1294,1126,1624,1129,2529,1209,2165,992,1316,941,1313,280,792,0,0,87,115,397,488,440,641,398,868,328,545,246,280,489,680,229,681,10350,6479,1336,607,7280,35,19,47,13
2021-04-26T23:59:59+02:00,1,0,265,429,1003,1285,1116,1608,1099,2512,1160,2118,973,1295,935,1306,279,791,0,0,87,115,393,480,440,638,394,864,327,539,240,272,479,671,229,681,10175,6442,1321,582,7214,33,19,45,13
2021-04-25T23:59:59+02:00,1,0,264,427,993,1272,1097,1599,1082,2494,1129,2090,952,1272,932,1298,279,791,0,0,86,114,391,472,437,637,393,859,326,538,239,268,474,663,229,680,10043,6423,1296,566,7166,25,19,41,13
2021-04-24T23:59:59+02:00,1,0,260,422,978,1259,1085,1582,1066,2474,1104,2073,943,1248,929,1294,279,791,0,0,86,114,391,472,435,637,393,856,325,535,238,267,473,660,229,680,9873,6416,1296,558,7144,24,19,39,13
2021-04-23T23:59:59+02:00,1,0,258,412,967,1242,1074,1571,1049,2455,1049,2030,922,1223,927,1287,279,788,0,0,85,113,391,471,434,636,392,854,322,532,234,261,468,654,229,680,9716,6393,1283,545,7049,24,19,38,12
2021-04-22T23:59:59+02:00,1,0,254,402,943,1218,1050,1551,1016,2415,1002,1968,894,1183,920,1274,279,785,0,0,85,110,389,465,428,629,387,845,320,527,228,255,459,644,228,678,9443,6337,1234,530,6981,17,19,38,11
2021-04-21T23:59:59+02:00,1,0,250,397,918,1200,1024,1534,982,2380,957,1920,861,1134,911,1260,279,782,0,0,84,108,386,464,426,625,383,839,315,518,225,250,449,629,227,675,9152,6284,1209,509,6922,16,19,38,11
2021-04-20T23:59:59+02:00,1,0,243,392,899,1172,1006,1513,956,2330,918,1867,816,1071,899,1243,277,779,0,0,84,107,384,462,423,619,376,834,312,512,219,241,438,610,226,675,8869,6219,1141,494,6857,15,19,38,11
2021-04-19T23:59:59+02:00,1,0,240,382,878,1160,993,1493,940,2299,891,1832,787,1041,895,1236,277,775,0,0,83,106,381,460,418,614,373,824,308,502,219,236,426,592,224,670,8689,6155,1125,474,6789,13,18,37,11
2021-04-18T23:59:59+02:00,1,0,239,378,870,1150,979,1484,918,2279,872,1813,761,1002,893,1231,276,773,0,0,82,104,377,458,418,614,372,820,308,499,218,232,420,588,224,670,8567,6135,1097,462,6729,13,18,37,10
2021-04-17T23:59:59+02:00,1,0,238,375,868,1147,973,1481,910,2273,868,1806,746,977,891,1225,276,773,0,0,82,101,375,454,416,614,369,815,307,494,215,226,414,581,224,669,8502,6092,1096,458,6703,12,18,37,10
2021-04-16T23:59:59+02:00,1,0,237,374,858,1142,960,1461,894,2251,839,1768,707,920,880,1215,274,769,0,0,78,98,372,447,413,612,359,802,302,482,200,211,409,573,221,666,8307,6021,1080,417,6632,11,18,37,9
2021-04-15T23:59:59+02:00,1,0,235,367,833,1124,943,1446,866,2205,797,1729,673,872,871,1195,274,765,0,0,76,97,368,439,407,605,351,794,295,479,192,205,393,550,219,661,8078,5936,1068,388,6512,10,18,35,8
2021-04-14T23:59:59+02:00,1,0,233,360,822,1113,933,1432,852,2170,780,1701,635,830,842,1147,274,761,0,0,73,93,360,436,401,597,347,784,284,471,182,189,376,530,217,655,7854,5833,1052,353,6439,10,18,32,8
2021-04-13T23:59:59+02:00,1,0,227,356,812,1108,923,1421,840,2144,752,1672,588,778,820,1114,273,758,0,0,70,90,351,428,384,592,336,775,279,467,179,185,363,517,216,652,7691,5752,1006,324,6347,8,18,29,8
2021-04-12T23:59:59+02:00,1,0,225,355,807,1102,914,1407,813,2123,733,1652,557,751,809,1097,272,756,0,0,69,86,337,422,380,586,331,767,273,461,172,180,355,505,215,646,7592,5672,985,299,6254,8,18,25,8
2021-04-11T23:59:59+02:00,0,0,221,352,799,1090,905,1402,798,2106,721,1635,542,727,800,1075,271,753,0,0,68,84,332,420,376,584,329,763,272,456,166,172,347,502,213,643,7525,5623,964,289,6163,7,18,23,8
2021-04-10T23:59:59+02:00,0,0,221,350,798,1087,900,1400,788,2098,711,1626,535,712,793,1062,270,752,0,0,64,76,305,403,357,569,315,748,258,448,159,164,342,487,212,641,7469,5442,957,283,6132,7,17,21,8
2021-04-09T23:59:59+02:00,0,0,221,347,790,1083,885,1376,780,2016,695,1541,499,650,773,1039,268,748,0,0,55,72,290,391,340,555,299,733,248,435,149,158,320,466,209,633,7349,5248,932,275,5881,7,13,18,8
2021-04-08T23:59:59+02:00,0,0,219,344,784,1076,873,1368,766,1996,675,1521,457,587,742,1016,266,745,0,0,53,69,278,371,325,541,284,719,232,417,140,142,304,448,207,616,7229,5048,892,261,5761,7,12,18,8
2021-04-07T23:59:59+02:00,0,0,213,340,775,1069,860,1351,745,1966,656,1487,420,546,714,978,263,741,0,0,50,66,259,357,315,536,276,706,224,405,126,132,285,428,201,607,7089,4879,859,251,5613,7,12,17,7
2021-04-06T23:59:59+02:00,0,0,210,338,765,1063,845,1333,728,1942,626,1461,399,510,689,945,262,740,0,0,48,64,258,352,310,534,265,702,219,398,121,128,275,407,197,597,6995,4805,831,228,5461,6,12,15,7
2021-04-05T23:59:59+02:00,0,0,210,337,761,1056,838,1321,719,1924,619,1444,380,489,672,920,262,739,0,0,47,63,257,348,309,530,261,696,215,397,120,124,262,387,193,590,6953,4742,817,213,5346,6,12,15,7
2021-04-04T23:59:59+02:00,0,0,209,333,757,1046,832,1310,710,1907,612,1425,368,476,669,916,262,739,0,0,47,62,256,347,308,530,261,696,214,397,118,124,254,373,190,588,6927,4709,811,213,5260,6,10,15,7
2021-04-03T23:59:59+02:00,0,0,209,333,756,1046,830,1308,710,1902,605,1423,361,470,666,909,262,738,0,0,47,62,256,347,308,530,261,695,214,395,118,124,254,370,190,586,6895,4701,811,213,5247,6,10,15,7
2021-04-02T23:59:59+02:00,0,0,209,331,755,1044,828,1306,706,1894,600,1412,352,460,653,899,262,737,0,0,47,60,253,345,305,528,259,687,209,388,116,123,247,351,187,573,6845,4623,805,210,5222,6,10,13,7
2021-04-01T23:59:59+02:00,0,0,206,327,750,1030,816,1293,701,1874,585,1393,337,436,621,866,261,731,0,0,45,59,244,339,301,525,258,680,207,383,108,120,229,325,184,552,6754,4510,762,203,5130,5,10,13,7
2021-03-31T23:59:59+02:00,0,0,202,324,742,1022,806,1279,691,1828,575,1354,328,424,599,820,257,728,0,0,45,59,243,338,296,522,255,678,201,379,103,117,214,298,182,530,6684,4420,717,196,4996,5,8,13,7
2021-03-30T23:59:59+02:00,0,0,199,318,737,1013,800,1256,678,1788,565,1310,316,406,572,784,256,728,0,0,45,58,241,334,292,519,254,673,197,374,100,115,206,280,178,515,6603,4343,678,191,4862,5,8,12,7
2021-03-29T23:59:59+02:00,0,0,195,312,731,995,795,1243,668,1757,556,1271,312,392,541,746,254,721,0,0,45,56,239,332,291,517,253,669,195,367,96,113,196,267,171,504,6492,4280,656,185,4757,3,8,12,7
2021-03-28T23:59:59+02:00,0,0,188,296,721,985,786,1235,663,1735,553,1254,310,378,513,722,251,719,0,0,45,55,237,332,288,511,250,666,194,364,93,111,189,258,168,502,6446,4236,621,181,4653,3,8,12,7
2021-03-27T23:59:59+01:00,0,0,188,293,716,979,781,1231,657,1723,551,1245,306,369,507,712,251,718,0,0,45,55,237,332,287,511,247,660,191,360,92,110,185,251,163,492,6405,4197,613,175,4616,3,8,12,7
2021-03-26T23:59:59+01:00,0,0,184,291,704,967,772,1215,645,1705,543,1222,299,358,503,697,249,714,0,0,44,55,237,332,286,509,247,659,184,348,87,103,173,235,155,480,6340,4115,594,174,4536,3,6,12,7
2021-03-25T23:59:59+01:00,0,0,180,289,694,953,750,1188,628,1668,532,1183,291,345,486,672,248,709,0,0,44,54,234,327,283,508,240,656,183,346,80,103,156,216,150,456,6258,4021,580,165,4376,3,6,12,7
2021-03-24T23:59:59+01:00,0,0,178,280,684,940,741,1172,618,1631,517,1152,281,331,468,648,245,706,0,0,44,54,232,325,281,506,238,656,179,343,78,100,143,210,144,422,6178,3947,554,158,4253,2,6,12,7
2021-03-23T23:59:59+01:00,0,0,175,277,676,925,727,1154,607,1608,503,1113,275,320,450,632,240,702,0,0,43,54,230,324,278,503,233,651,177,339,74,96,136,202,134,396,6121,3865,538,153,4116,2,6,12,7
2021-03-22T23:59:59+01:00,0,0,171,268,656,904,707,1135,593,1574,488,1089,270,311,438,616,239,696,0,0,43,54,228,322,274,501,231,644,176,337,74,93,130,193,119,366,6053,3782,516,150,3972,1,6,12,7
2021-03-21T23:59:59+01:00,0,0,166,266,646,894,696,1130,585,1549,482,1057,264,303,424,608,237,691,0,0,43,54,225,322,272,499,230,643,174,335,73,90,128,192,115,363,6015,3761,499,146,3867,1,4,11,6
2021-03-20T23:59:59+01:00,0,0,164,265,637,889,691,1127,577,1544,479,1055,260,294,411,594,235,689,0,0,43,54,225,322,270,499,229,641,174,331,72,89,125,188,111,357,5977,3735,492,144,3821,1,4,10,6
2021-03-19T23:59:59+01:00,0,0,154,254,630,869,680,1120,572,1526,468,1042,242,273,394,569,230,681,0,0,41,54,224,321,269,499,227,634,173,327,69,87,117,177,106,336,5898,3667,448,143,3732,1,3,10,6
2021-03-18T23:59:59+01:00,0,0,149,248,610,852,662,1085,553,1473,454,996,227,258,381,546,227,663,0,0,41,54,223,318,267,491,227,629,170,320,69,84,109,169,101,323,5810,3606,413,134,3524,1,3,10,6
2021-03-17T23:59:59+01:00,0,0,142,242,597,833,649,1078,548,1460,447,977,215,245,362,530,223,657,0,0,41,53,223,315,266,489,225,627,170,319,69,84,104,163,95,309,5714,3563,385,132,3460,1,3,8,6
2021-03-16T23:59:59+01:00,0,0,138,233,580,818,630,1067,536,1419,436,952,207,231,341,495,219,645,0,0,41,52,223,312,266,483,223,626,169,318,65,84,99,157,92,291,5621,3516,353,128,3320,1,2,8,6
2021-03-15T23:59:59+01:00,0,0,132,226,564,803,619,1046,526,1387,422,915,201,223,328,470,216,638,0,0,40,52,222,309,266,480,222,625,167,317,64,82,93,151,90,277,5530,3473,324,126,3202,1,1,8,6
2021-03-14T23:59:59+01:00,0,0,127,214,550,784,604,1025,517,1344,410,869,191,211,315,459,210,634,0,0,40,52,222,306,264,479,221,620,166,312,63,82,92,147,88,274,5461,3456,311,115,3029,1,0,7,6
2021-03-13T23:59:59+01:00,0,0,124,202,522,755,575,999,491,1319,390,850,176,202,308,446,209,631,0,0,40,52,222,306,263,479,220,620,166,311,63,82,89,143,76,259,5266,3417,307,115,2942,1,0,7,6
2021-03-12T23:59:59+01:00,0,0,113,193,492,729,555,969,468,1280,369,817,160,190,283,416,206,611,0,0,40,52,222,305,262,479,220,620,166,310,57,80,86,137,71,252,5032,3383,301,115,2821,1,0,7,5
2021-03-11T23:59:59+01:00,0,0,105,184,458,682,515,932,428,1207,347,765,147,167,254,374,202,589,0,0,40,51,221,303,257,475,218,616,163,307,57,78,82,131,69,239,4780,3353,290,94,2563,1,0,7,4
2021-03-10T23:59:59+01:00,0,0,102,174,434,658,496,913,411,1168,330,726,131,152,237,343,196,555,0,0,39,51,219,298,253,470,215,610,163,305,54,76,78,128,66,229,4599,3309,279,82,2421,1,0,7,4
2021-03-09T23:59:59+01:00,0,0,102,169,421,628,465,883,396,1124,318,694,125,144,226,324,190,543,0,0,39,51,218,295,250,462,213,606,159,301,53,74,76,125,60,220,4515,3267,261,72,2236,1,0,7,3
2021-03-08T23:59:59+01:00,0,0,99,161,405,611,447,866,386,1073,309,656,121,135,211,304,184,531,0,0,39,51,218,291,247,457,208,602,153,297,51,73,71,122,59,219,4434,3239,245,55,2075,1,0,7,2
2021-03-07T23:59:59+01:00,0,0,96,157,400,599,438,849,375,1058,306,650,119,135,204,290,182,529,0,0,39,51,217,290,247,455,206,601,153,297,51,73,69,119,58,218,4387,3229,234,51,2016,0,0,7,2
2021-03-06T23:59:59+01:00,0,0,95,150,398,590,430,825,364,1006,296,618,118,134,198,282,179,524,0,0,39,51,217,290,246,454,206,600,153,297,51,73,67,119,57,213,4350,3224,234,45,1870,0,0,7,2
2021-03-05T23:59:59+01:00,0,0,93,145,393,577,425,817,362,988,287,595,112,124,187,262,170,511,0,0,39,51,216,288,245,453,205,598,152,295,51,73,65,118,56,205,4267,3209,225,36,1796,0,0,7,2
2021-03-04T23:59:59+01:00,0,0,90,129,383,541,407,783,345,944,276,565,103,123,168,235,163,486,0,0,39,51,214,281,243,447,203,585,149,294,50,73,65,118,56,204,4161,3169,209,35,1607,0,0,7,2
2021-03-03T23:59:59+01:00,0,0,83,118,373,525,399,765,340,923,267,547,101,120,157,228,157,452,0,0,39,50,214,281,242,445,199,577,149,288,50,73,64,116,56,204,4091,3144,203,32,1490,0,0,7,2
2021-03-02T23:59:59+01:00,0,0,80,115,362,510,382,747,333,904,260,525,98,115,147,218,147,424,0,0,38,50,214,281,242,439,194,570,147,284,50,73,64,114,56,203,4001,3114,197,32,1392,0,0,7,2
2021-03-01T23:59:59+01:00,0,0,79,113,356,497,375,725,322,879,254,497,96,114,140,207,129,389,0,0,38,49,213,280,240,430,192,563,147,281,50,73,63,113,55,203,3914,3083,192,32,1284,0,0,7,2
2021-02-28T23:59:59+01:00,0,0,79,111,349,487,372,717,320,855,249,479,91,106,137,203,125,385,0,0,38,49,212,280,239,429,191,563,147,281,50,73,63,113,55,203,3890,3081,189,31,1201,0,0,7,1
2021-02-27T23:59:59+01:00,0,0,76,102,343,481,366,710,314,844,246,470,89,104,136,198,118,375,0,0,38,49,212,279,239,428,190,562,145,280,50,73,63,113,55,203,3857,3079,183,26,1143,0,0,7,1
2021-02-26T23:59:59+01:00,0,0,73,97,335,457,340,676,293,813,235,449,86,100,128,187,114,355,0,0,37,48,212,278,239,426,189,559,141,278,50,73,63,113,55,201,3799,3062,181,26,961,0,0,7,0
2021-02-25T23:59:59+01:00,0,0,65,86,322,435,328,648,285,787,222,426,81,100,120,180,110,343,0,0,37,48,210,274,234,423,187,552,136,277,50,71,61,111,54,201,3747,3033,173,18,810,0,0,7,0
2021-02-24T23:59:59+01:00,0,0,61,79,315,421,320,633,280,770,219,418,80,100,115,175,103,330,0,0,34,48,207,272,231,410,185,544,134,272,48,70,58,111,54,201,3705,2990,168,12,735,0,0,7,0
2021-02-23T23:59:59+01:00,0,0,58,70,302,403,310,615,274,752,212,410,76,98,110,170,100,308,0,0,32,48,206,270,228,403,184,538,129,269,47,70,58,107,54,199,3652,2956,163,8,636,0,0,7,0
2021-02-22T23:59:59+01:00,0,0,56,68,296,391,306,606,272,743,210,405,74,95,102,162,98,296,0,0,32,46,203,268,226,389,177,528,126,266,46,70,57,107,54,199,3607,2909,155,4,595,0,0,6,0
2021-02-21T23:59:59+01:00,0,0,55,67,290,384,303,596,267,735,205,401,73,93,101,160,96,294,0,0,32,45,201,266,225,386,176,519,126,265,46,70,57,107,54,197,3597,2885,152,4,545,0,0,5,0
2021-02-20T23:59:59+01:00,0,0,54,67,288,383,302,593,266,728,205,396,71,93,98,156,84,279,0,0,32,43,201,266,225,386,175,519,124,264,46,70,56,107,54,195,3560,2876,151,4,523,0,0,5,0
2021-02-19T23:59:59+01:00,0,0,53,67,285,377,295,570,255,702,203,384,67,90,94,148,79,271,0,0,32,42,201,266,224,385,175,518,124,264,46,70,55,106,52,193,3524,2866,150,4,433,0,0,4,0
2021-02-18T23:59:59+01:00,0,0,50,65,267,353,287,547,247,681,188,359,66,86,92,143,77,262,0,0,31,41,196,257,221,378,170,503,124,254,46,68,55,104,49,188,3494,2797,141,4,298,0,0,4,0
2021-02-17T23:59:59+01:00,0,0,50,63,260,347,285,532,239,668,185,339,64,83,88,140,74,250,0,0,29,40,192,251,214,364,166,487,121,243,42,66,55,102,48,185,3442,2714,139,3,243,0,0,4,0
2021-02-16T23:59:59+01:00,0,0,49,58,246,333,281,521,233,652,180,331,62,82,85,138,68,242,0,0,26,40,183,242,206,344,160,475,117,231,42,61,45,88,40,175,3403,2583,136,3,177,0,0,4,0
2021-02-15T23:59:59+01:00,0,0,49,57,241,330,274,509,230,646,176,325,60,82,80,134,67,241,0,0,25,39,174,235,201,336,154,464,113,224,39,58,45,82,36,166,3375,2498,135,3,145,0,0,4,0
2021-02-14T23:59:59+01:00,0,0,46,57,238,326,271,502,227,641,176,320,59,79,77,133,66,238,0,0,23,39,172,230,198,331,153,452,112,221,39,58,44,80,35,159,3363,2452,123,3,122,0,0,4,0
2021-02-13T23:59:59+01:00,0,0,45,57,238,326,269,502,227,640,176,320,59,79,76,133,66,237,0,0,23,39,170,229,195,331,152,450,111,218,38,58,43,79,32,155,3359,2430,123,1,120,0,0,4,0
2021-02-12T23:59:59+01:00,0,0,44,55,236,322,266,493,223,629,173,317,59,78,74,133,66,236,0,0,23,39,169,225,194,330,151,448,109,217,36,57,43,75,28,147,3350,2398,123,1,81,0,0,4,0
2021-02-11T23:59:59+01:00,0,0,43,54,228,299,259,476,216,605,161,307,57,77,73,131,66,230,0,0,23,36,154,203,187,300,142,403,104,198,32,56,39,65,26,133,3311,2198,100,1,18,0,0,4,0
2021-02-10T23:59:59+01:00,0,0,43,53,225,291,257,469,211,597,159,302,54,77,72,131,65,228,0,0,21,33,141,179,172,261,123,354,97,176,28,53,38,62,23,121,3278,1967,90,1,8,0,0,4,0
2021-02-09T23:59:59+01:00,0,0,41,52,224,288,255,459,206,589,155,298,54,77,72,129,65,228,0,0,21,31,123,153,157,238,110,311,92,151,23,48,37,49,20,109,3254,1747,75,1,4,0,0,4,0
2021-02-08T23:59:59+01:00,0,0,41,52,223,286,249,444,202,578,151,293,51,77,71,128,65,228,0,0,19,30,106,129,135,198,90,273,87,141,16,46,30,40,19,96,3214,1522,59,1,4,0,0,3,0
2021-02-07T23:59:59+01:00,0,0,41,51,220,285,247,443,201,575,150,293,51,77,70,127,65,228,0,0,18,24,101,119,125,186,85,253,83,131,15,44,28,33,18,88,3206,1415,55,1,0,0,0,2,0
2021-02-06T23:59:59+01:00,0,0,41,51,220,285,247,442,201,575,149,292,50,77,69,127,64,223,0,0,14,20,100,118,124,182,83,246,83,129,14,43,28,30,16,88,3202,1378,48,1,0,0,0,2,0
2021-02-05T23:59:59+01:00,0,0,40,50,220,285,247,441,200,573,147,291,50,77,69,127,63,213,0,0,12,16,91,110,120,177,82,242,82,121,13,42,28,26,14,85,3189,1318,39,0,0,0,0,2,0
2021-02-04T23:59:59+01:00,0,0,40,50,217,281,242,437,195,567,145,288,50,75,69,125,63,212,0,0,11,11,63,78,97,132,70,206,65,102,13,37,25,22,11,74,3151,1060,39,0,0,0,0,2,0
2021-02-03T23:59:59+01:00,0,0,39,49,216,280,241,425,193,561,144,285,50,74,68,123,63,212,0,0,8,6,47,59,75,109,54,158,56,74,10,17,19,15,6,58,3121,802,36,0,0,0,0,2,0
2021-02-02T23:59:59+01:00,0,0,38,49,215,277,237,419,192,555,141,284,49,74,66,120,61,209,0,0,6,4,31,42,59,79,42,102,45,52,8,14,13,9,2,41,3082,570,36,0,0,0,0,2,0
2021-02-01T23:59:59+01:00,0,0,37,47,213,277,232,412,188,550,138,277,49,73,64,119,61,209,0,0,4,2,24,23,33,47,28,63,28,28,6,9,9,5,2,23,3041,346,36,0,0,0,0,1,0
2021-01-31T23:59:59+01:00,0,0,37,47,212,276,230,406,186,542,137,277,49,73,63,118,61,207,0,0,4,2,22,18,24,37,22,51,21,24,6,6,8,5,2,19,3016,281,34,0,0,0,0,1,0
2021-01-30T23:59:59+01:00,0,0,37,47,212,276,230,405,185,542,137,277,49,73,62,118,61,204,0,0,4,2,21,17,22,37,20,47,20,23,6,5,8,4,2,18,3011,265,33,0,0,0,0,1,0
2021-01-29T23:59:59+01:00,0,0,36,47,212,274,229,404,184,541,135,275,49,73,61,117,59,203,0,0,4,1,17,11,16,30,17,41,16,21,5,4,7,4,2,17,2999,220,29,0,0,0,0,0,0
2021-01-28T23:59:59+01:00,0,0,36,46,202,271,228,399,183,532,133,271,49,73,60,116,57,202,0,0,4,1,6,3,9,17,10,23,9,9,2,2,5,1,0,16,2966,120,21,0,0,0,0,0,0
2021-01-27T23:59:59+01:00,0,0,35,45,198,264,224,389,181,519,130,262,46,71,60,114,56,200,0,0,1,1,4,3,8,15,9,19,8,9,2,2,4,1,0,13,2900,101,17,0,0,0,0,0,0
2021-01-26T23:59:59+01:00,0,0,31,45,195,252,218,376,177,501,126,255,45,66,54,107,49,191,0,0,1,1,3,3,8,15,9,19,8,9,2,2,4,1,0,10,2797,97,13,0,0,0,0,0,0
2021-01-25T23:59:59+01:00,0,0,31,44,186,249,215,366,174,492,123,245,43,64,53,104,43,188,0,0,1,1,2,3,6,13,8,16,8,9,2,2,3,0,0,8,2735,84,5,0,0,0,0,0,0
2021-01-24T23:59:59+01:00,0,0,30,43,184,246,213,365,173,490,123,244,43,64,51,100,42,187,0,0,1,1,1,3,5,13,8,16,8,9,2,2,3,0,0,8,2714,82,3,0,0,0,0,0,0
2021-01-23T23:59:59+01:00,0,0,30,43,183,246,211,365,173,489,123,244,43,64,51,99,41,185,0,0,1,1,1,3,5,12,8,15,7,9,2,2,3,0,0,8,2705,79,3,0,0,0,0,0,0
2021-01-22T23:59:59+01:00,0,0,29,42,182,242,210,365,173,488,122,244,43,64,51,99,38,179,0,0,1,0,1,3,4,12,8,15,7,9,2,2,3,0,0,8,2686,77,3,0,0,0,0,0,0
2021-01-21T23:59:59+01:00,0,0,25,40,173,229,204,349,169,467,120,231,42,64,48,91,37,176,0,0,1,0,1,3,1,7,7,10,5,5,2,2,2,0,0,7,2573,55,3,0,0,0,0,0,0
2021-01-20T23:59:59+01:00,0,0,24,38,155,203,187,306,141,411,110,210,37,60,46,86,32,159,0,0,1,0,1,3,1,7,7,9,5,4,2,2,2,0,0,7,2302,53,2,0,0,0,0,0,0
2021-01-19T23:59:59+01:00,0,0,24,35,129,175,171,272,132,368,106,189,27,54,38,71,29,145,0,0,1,0,1,3,1,5,4,7,3,3,1,0,2,0,0,4,2050,36,2,0,0,0,0,0,0
2021-01-18T23:59:59+01:00,0,0,20,34,116,154,149,231,115,319,99,165,24,51,34,58,26,125,0,0,1,0,1,1,0,2,3,5,2,3,0,0,1,0,0,4,1798,24,2,0,0,0,0,0,0
2021-01-17T23:59:59+01:00,0,0,18,25,111,140,141,217,106,294,95,154,23,46,33,52,25,112,0,0,1,0,0,0,0,1,1,4,2,2,0,0,1,0,0,1,1662,13,2,0,0,0,0,0,0
2021-01-16T23:59:59+01:00,0,0,15,22,108,138,139,212,103,284,94,147,20,45,32,46,20,109,0,0,0,0,0,0,0,0,0,0,0,0,0,0,0,0,0,0,1602,0,0,0,0,0,0,0,0
2021-01-15T23:59:59+01:00,0,0,12,18,102,129,134,206,100,275,94,137,19,44,32,41,19,106,0,0,0,0,0,0,0,0,0,0,0,0,0,0,0,0,0,0,1532,0,0,0,0,0,0,0,0
2021-01-14T23:59:59+01:00,0,0,10,13,78,97,115,170,84,233,82,122,15,39,29,33,17,91,0,0,0,0,0,0,0,0,0,0,0,0,0,0,0,0,0,0,1278,0,0,0,0,0,0,0,0
2021-01-13T23:59:59+01:00,0,0,8,12,64,86,101,141,77,190,77,97,15,25,23,24,15,71,0,0,0,0,0,0,0,0,0,0,0,0,0,0,0,0,0,0,1067,0,0,0,0,0,0,0,0
2021-01-12T23:59:59+01:00,0,0,6,8,52,68,83,110,69,135,64,75,11,19,18,20,7,55,0,0,0,0,0,0,0,0,0,0,0,0,0,0,0,0,0,0,835,0,0,0,0,0,0,0,0
2021-01-11T23:59:59+01:00,0,0,4,6,45,52,69,84,55,107,49,55,10,14,9,11,4,29,0,0,0,0,0,0,0,0,0,0,0,0,0,0,0,0,0,0,628,0,0,0,0,0,0,0,0
2021-01-10T23:59:59+01:00,0,0,4,6,41,41,51,68,41,86,40,47,9,9,8,10,4,23,0,0,0,0,0,0,0,0,0,0,0,0,0,0,0,0,0,0,504,0,0,0,0,0,0,0,0
2021-01-09T23:59:59+01:00,0,0,4,5,38,40,46,65,38,78,37,43,9,9,8,8,4,22,0,0,0,0,0,0,0,0,0,0,0,0,0,0,0,0,0,0,468,0,0,0,0,0,0,0,0
2021-01-08T23:59:59+01:00,0,0,4,5,30,31,39,57,29,65,31,38,6,6,6,7,3,20,0,0,0,0,0,0,0,0,0,0,0,0,0,0,0,0,0,0,388,0,0,0,0,0,0,0,0
2021-01-07T23:59:59+01:00,0,0,4,2,12,3,12,19,12,29,8,18,5,3,5,2,1,18,0,0,0,0,0,0,0,0,0,0,0,0,0,0,0,0,0,0,156,0,0,0,0,0,0,0,0
2021-01-06T23:59:59+01:00,0,0,4,1,5,3,7,16,9,23,7,10,3,3,4,2,1,16,0,0,0,0,0,0,0,0,0,0,0,0,0,0,0,0,0,0,117,0,0,0,0,0,0,0,0
2021-01-05T23:59:59+01:00,0,0,2,1,3,3,7,15,9,21,7,9,3,2,4,2,0,15,0,0,0,0,0,0,0,0,0,0,0,0,0,0,0,0,0,0,106,0,0,0,0,0,0,0,0
2021-01-04T23:59:59+01:00,0,0,1,1,3,3,7,14,8,17,7,9,2,2,3,1,0,10,0,0,0,0,0,0,0,0,0,0,0,0,0,0,0,0,0,0,90,0,0,0,0,0,0,0,0
2021-01-03T23:59:59+01:00,0,0,1,1,1,3,6,14,8,17,7,9,2,2,3,1,0,10,0,0,0,0,0,0,0,0,0,0,0,0,0,0,0,0,0,0,87,0,0,0,0,0,0,0,0
2021-01-02T23:59:59+01:00,0,0,1,1,1,3,6,14,7,17,6,9,2,2,3,1,0,10,0,0,0,0,0,0,0,0,0,0,0,0,0,0,0,0,0,0,85,0,0,0,0,0,0,0,0
2021-01-01T23:59:59+01:00,0,0,1,0,1,3,5,14,7,17,6,9,2,2,3,1,0,10,0,0,0,0,0,0,0,0,0,0,0,0,0,0,0,0,0,0,83,0,0,0,0,0,0,0,0
2020-12-31T23:59:59+01:00,0,0,1,0,1,3,5,13,7,17,6,9,2,2,3,1,0,10,0,0,0,0,0,0,0,0,0,0,0,0,0,0,0,0,0,0,82,0,0,0,0,0,0,0,0
2020-12-30T23:59:59+01:00,0,0,1,0,1,3,5,13,7,16,6,9,2,2,3,1,0,10,0,0,0,0,0,0,0,0,0,0,0,0,0,0,0,0,0,0,81,0,0,0,0,0,0,0,0
2020-12-29T23:59:59+01:00,0,0,1,0,1,3,4,8,4,13,4,7,1,1,3,0,0,8,0,0,0,0,0,0,0,0,0,0,0,0,0,0,0,0,0,0,59,0,0,0,0,0,0,0,0
2020-12-28T23:59:59+01:00,0,0,1,0,1,1,1,1,2,6,3,4,1,0,2,0,0,4,0,0,0,0,0,0,0,0,0,0,0,0,0,0,0,0,0,0,28,0,0,0,0,0,0,0,0
2020-12-27T23:59:59+01:00,0,0,1,0,0,0,0,1,1,6,1,2,0,0,1,0,0,2,0,0,0,0,0,0,0,0,0,0,0,0,0,0,0,0,0,0,15,0,0,0,0,0,0,0,0
