Datum,<15_m,<15_w,15-24_1_m,15-24_1_w,25-34_1_m,25-34_1_w,35-44_1_m,35-44_1_w,45-54_1_m,45-54_1_w,55-64_1_m,55-64_1_w,65-74_1_m,65-74_1_w,75-84_1_m,75-84_1_w,>84_1_m,>84_1_w,<24_2_m,<24_2_w,25-34_2_m,25-34_2_w,35-44_2_m,35-44_2_w,45-54_2_m,45-54_2_w,55-64_2_m,55-64_2_w,65-74_2_m,65-74_2_w,75-84_2_m,75-84_2_w,>84_2_m,>84_2_w,bp_1,bp_2,mo_1,mo_2,az_1,az_2,ja,unb_1,unb_2
2021-10-22T23:59:59+02:00,234,218,4172,3598,10076,7109,9557,6552,8235,8696,5450,6061,1869,2327,1176,1619,319,914,3567,3107,9014,6364,8687,5949,7604,7952,5071,5644,1749,2196,1105,1529,280,842,50351,44662,7727,7052,9178,7900,12574,44,43
2021-10-21T23:59:59+02:00,230,217,4143,3579,10001,7086,9515,6515,8203,8651,5444,6039,1869,2324,1175,1618,319,914,3537,3089,8963,6348,8659,5930,7576,7930,5057,5632,1748,2193,1103,1528,280,842,50104,44502,7713,7043,9178,7899,12495,44,43
2021-10-20T23:59:59+02:00,229,215,4129,3561,9982,7070,9488,6499,8180,8634,5438,6029,1868,2321,1175,1618,319,914,3522,3074,8935,6329,8632,5917,7558,7917,5049,5623,1746,2191,1103,1526,280,840,49966,44367,7709,7034,9178,7897,12465,43,43
2021-10-19T23:59:59+02:00,227,214,4116,3550,9965,7065,9459,6487,8165,8622,5433,6022,1867,2320,1175,1618,319,913,3507,3057,8918,6313,8615,5905,7546,7903,5040,5614,1745,2186,1102,1525,280,840,49862,44239,7701,7031,9178,7897,12445,43,43
2021-10-18T23:59:59+02:00,227,212,4104,3542,9948,7055,9440,6476,8153,8611,5429,6010,1866,2316,1174,1617,319,913,3496,3044,8903,6299,8603,5897,7537,7894,5039,5603,1743,2184,1102,1525,280,838,49757,44156,7698,7022,9178,7897,12428,43,43
2021-10-17T23:59:59+02:00,227,210,4090,3538,9939,7046,9428,6472,8145,8608,5427,6006,1865,2316,1174,1616,318,912,3484,3038,8893,6296,8597,5892,7527,7886,5037,5599,1742,2180,1100,1525,280,838,49699,44094,7692,7019,9178,7897,12416,43,43
2021-10-16T23:59:59+02:00,227,210,4085,3536,9934,7044,9426,6471,8143,8605,5426,6005,1864,2316,1173,1615,318,912,3482,3036,8889,6294,8597,5891,7525,7884,5037,5599,1742,2180,1100,1525,280,838,49679,44086,7691,7018,9178,7896,12410,43,43
2021-10-15T23:59:59+02:00,223,209,4069,3528,9916,7034,9412,6463,8133,8590,5419,5999,1863,2316,1173,1615,318,912,3469,3030,8875,6283,8584,5886,7517,7877,5030,5595,1742,2180,1100,1524,280,838,49587,44019,7687,7016,9178,7896,12387,43,43
2021-10-14T23:59:59+02:00,222,209,4051,3517,9885,7014,9391,6445,8110,8570,5410,5990,1863,2313,1173,1614,317,911,3445,3017,8842,6256,8551,5858,7493,7864,5019,5585,1741,2175,1097,1524,280,838,49456,43851,7678,7000,9178,7894,12340,43,43
2021-10-13T23:59:59+02:00,219,208,4034,3509,9866,7002,9374,6433,8099,8555,5402,5983,1861,2312,1173,1612,317,911,3430,3009,8814,6238,8534,5847,7475,7854,5012,5579,1741,2175,1096,1523,280,838,49358,43748,7674,6994,9178,7894,12307,43,43
2021-10-12T23:59:59+02:00,217,207,4024,3503,9848,6989,9352,6423,8087,8539,5393,5974,1860,2310,1172,1612,317,911,3422,2995,8790,6219,8510,5832,7461,7841,4997,5568,1737,2170,1095,1522,280,838,49253,43603,7668,6989,9178,7893,12286,43,43
2021-10-11T23:59:59+02:00,215,205,4003,3497,9824,6983,9330,6411,8078,8522,5389,5964,1859,2309,1172,1612,317,911,3406,2984,8754,6207,8483,5812,7443,7821,4990,5559,1736,2169,1095,1522,280,838,49157,43467,7659,6977,9178,7893,12254,43,43
2021-10-10T23:59:59+02:00,214,203,3992,3490,9811,6972,9322,6400,8067,8513,5385,5956,1859,2309,1171,1612,317,911,3397,2981,8735,6201,8469,5804,7430,7818,4984,5552,1735,2168,1095,1521,280,838,49085,43395,7653,6974,9178,7893,12235,43,43
2021-10-09T23:59:59+02:00,214,203,3991,3489,9807,6972,9310,6394,8064,8511,5383,5956,1859,2308,1171,1612,317,911,3395,2974,8733,6199,8459,5796,7427,7817,4981,5551,1735,2168,1095,1521,280,838,49067,43374,7653,6970,9178,7892,12221,43,43
2021-10-08T23:59:59+02:00,212,202,3978,3480,9785,6962,9297,6383,8050,8496,5378,5953,1857,2307,1171,1612,317,911,3387,2962,8707,6189,8445,5788,7422,7800,4972,5549,1731,2166,1094,1520,280,838,48983,43290,7651,6969,9178,7892,12186,43,43
2021-10-07T23:59:59+02:00,210,200,3952,3465,9747,6942,9254,6373,8027,8475,5372,5947,1856,2302,1171,1612,317,911,3355,2936,8661,6167,8416,5775,7399,7771,4953,5539,1728,2161,1094,1519,280,838,48824,43104,7646,6949,9178,7892,12131,43,43
2021-10-06T23:59:59+02:00,208,199,3943,3458,9719,6924,9239,6367,8019,8467,5365,5939,1854,2299,1171,1610,317,910,3341,2923,8639,6154,8398,5766,7391,7755,4951,5528,1726,2158,1094,1518,280,838,48730,43005,7642,6944,9178,7890,12104,43,43
2021-10-05T23:59:59+02:00,208,197,3926,3446,9702,6906,9217,6353,8002,8445,5357,5934,1853,2297,1171,1609,317,910,3324,2908,8615,6143,8372,5748,7372,7729,4941,5521,1724,2154,1093,1516,280,838,48621,42876,7640,6936,9178,7890,12057,43,43
2021-10-04T23:59:59+02:00,208,196,3903,3433,9672,6890,9180,6337,7986,8435,5351,5925,1851,2296,1170,1604,317,908,3311,2898,8589,6123,8335,5736,7352,7704,4932,5506,1723,2152,1093,1515,279,838,48501,42747,7632,6931,9177,7890,11998,43,43
2021-10-03T23:59:59+02:00,208,196,3882,3423,9645,6875,9165,6327,7972,8424,5349,5917,1849,2294,1169,1603,317,908,3293,2892,8558,6112,8324,5727,7343,7692,4927,5500,1721,2149,1093,1514,279,838,48416,42678,7627,6928,9177,7887,11949,43,43
2021-10-02T23:59:59+02:00,208,196,3879,3422,9643,6873,9162,6326,7970,8424,5346,5915,1848,2293,1169,1603,317,908,3290,2892,8554,6111,8322,5727,7338,7691,4926,5496,1720,2148,1093,1514,279,838,48406,42666,7625,6928,9177,7885,11940,43,43
2021-10-01T23:59:59+02:00,207,195,3867,3418,9621,6867,9150,6318,7957,8414,5342,5906,1845,2291,1169,1603,317,907,3273,2880,8535,6102,8307,5716,7329,7680,4920,5489,1718,2148,1092,1514,279,838,48342,42590,7622,6924,9177,7881,11899,43,43
2021-09-30T23:59:59+02:00,206,193,3838,3398,9574,6847,9116,6293,7931,8388,5325,5892,1842,2288,1168,1603,317,906,3251,2854,8487,6073,8273,5695,7310,7650,4905,5475,1717,2142,1092,1514,279,837,48180,42450,7614,6899,9177,7877,11798,43,43
2021-09-29T23:59:59+02:00,204,191,3816,3383,9527,6831,9099,6271,7918,8361,5316,5886,1840,2285,1167,1601,317,905,3232,2844,8452,6066,8257,5672,7299,7629,4895,5463,1717,2140,1092,1513,279,837,48043,42358,7607,6891,9177,7872,11734,43,43
2021-09-28T23:59:59+02:00,202,191,3801,3371,9489,6808,9068,6259,7893,8328,5307,5869,1839,2278,1167,1600,317,903,3213,2832,8426,6042,8234,5660,7274,7601,4886,5451,1717,2134,1092,1512,279,836,47907,42251,7604,6886,9177,7871,11644,43,43
2021-09-27T23:59:59+02:00,200,191,3777,3357,9453,6779,9043,6233,7876,8298,5293,5857,1835,2267,1166,1600,316,902,3188,2823,8383,6015,8205,5632,7252,7572,4873,5442,1714,2125,1092,1511,279,835,47783,42118,7590,6883,9177,7867,11535,43,43
2021-09-26T23:59:59+02:00,198,191,3765,3348,9434,6769,9032,6225,7863,8286,5289,5852,1830,2266,1164,1599,316,902,3176,2816,8362,6011,8194,5621,7238,7565,4865,5432,1710,2125,1092,1510,279,834,47718,42057,7586,6879,9176,7863,11491,43,43
2021-09-25T23:59:59+02:00,197,190,3758,3347,9424,6764,9028,6221,7858,8284,5287,5851,1830,2265,1164,1598,316,902,3169,2813,8354,6007,8190,5618,7235,7560,4864,5429,1709,2124,1091,1507,279,834,47699,42037,7583,6876,9176,7861,11468,43,43
2021-09-24T23:59:59+02:00,196,188,3739,3336,9393,6750,9012,6210,7835,8264,5279,5839,1829,2263,1164,1597,316,902,3155,2801,8328,5992,8178,5606,7213,7545,4857,5420,1709,2120,1091,1507,279,834,47609,41973,7581,6870,9176,7861,11387,43,43
2021-09-23T23:59:59+02:00,194,186,3702,3319,9331,6716,8960,6163,7793,8216,5259,5819,1823,2256,1162,1594,316,902,3132,2787,8275,5963,8130,5567,7171,7499,4838,5402,1700,2116,1090,1505,279,834,47444,41864,7570,6862,9176,7857,11159,43,43
2021-09-22T23:59:59+02:00,191,186,3681,3308,9305,6692,8932,6143,7759,8202,5243,5809,1821,2253,1161,1594,316,902,3109,2781,8246,5940,8105,5552,7141,7479,4823,5396,1698,2109,1088,1505,279,833,47319,41743,7565,6859,9174,7851,11077,43,43
2021-09-21T23:59:59+02:00,189,182,3660,3293,9276,6669,8885,6120,7726,8176,5228,5798,1820,2253,1161,1594,316,902,3086,2767,8209,5913,8060,5536,7105,7447,4806,5376,1696,2108,1087,1504,279,833,47186,41588,7558,6852,9174,7851,10965,43,43
2021-09-20T23:59:59+02:00,187,182,3633,3277,9236,6654,8849,6098,7690,8143,5221,5783,1816,2251,1161,1594,316,900,3065,2742,8166,5895,8021,5512,7070,7418,4798,5356,1693,2106,1086,1503,278,833,47051,41446,7555,6846,9174,7846,10842,43,43
2021-09-19T23:59:59+02:00,186,181,3616,3268,9206,6646,8835,6092,7684,8132,5213,5776,1815,2248,1160,1592,316,899,3058,2735,8137,5881,8002,5505,7055,7402,4790,5348,1692,2102,1085,1502,278,832,46987,41378,7548,6837,9174,7840,10785,43,43
2021-09-18T23:59:59+02:00,185,181,3612,3265,9200,6644,8828,6089,7681,8130,5211,5775,1815,2248,1160,1592,316,899,3051,2733,8127,5878,7991,5501,7049,7400,4786,5343,1692,2102,1085,1501,278,832,46972,41336,7546,6836,9173,7840,10769,43,43
2021-09-17T23:59:59+02:00,185,180,3593,3256,9162,6628,8799,6075,7662,8117,5202,5766,1814,2243,1158,1592,316,899,3035,2725,8086,5862,7961,5489,7026,7389,4778,5334,1692,2100,1084,1501,278,832,46879,41254,7539,6824,9171,7837,10686,43,43
2021-09-16T23:59:59+02:00,185,180,3567,3230,9107,6602,8751,6048,7625,8083,5182,5753,1812,2238,1156,1592,316,898,3023,2712,8046,5837,7928,5464,7005,7364,4765,5327,1690,2099,1084,1501,277,831,46669,41136,7514,6816,9170,7829,10598,43,43
2021-09-15T23:59:59+02:00,183,180,3543,3216,9074,6585,8721,6023,7598,8062,5176,5734,1809,2234,1153,1592,315,897,3006,2708,8020,5824,7901,5437,6972,7345,4749,5311,1688,2096,1084,1498,275,828,46518,41004,7508,6809,9170,7828,10522,43,43
2021-09-14T23:59:59+02:00,182,179,3523,3195,9031,6564,8675,5995,7571,8031,5164,5717,1807,2230,1152,1591,314,897,2986,2692,7979,5800,7860,5418,6946,7321,4734,5295,1687,2096,1083,1495,275,827,46357,40871,7498,6800,9170,7825,10414,43,43
2021-09-13T23:59:59+02:00,180,178,3508,3179,8991,6542,8645,5975,7553,8000,5149,5700,1805,2226,1152,1591,314,896,2972,2682,7948,5785,7843,5405,6937,7299,4725,5290,1686,2093,1083,1494,275,827,46194,40772,7478,6795,9169,7823,10362,43,43
2021-09-12T23:59:59+02:00,180,177,3490,3175,8966,6531,8634,5966,7542,7984,5141,5691,1804,2225,1151,1588,314,895,2957,2673,7922,5770,7833,5394,6920,7283,4721,5281,1682,2092,1083,1494,275,826,46108,40688,7476,6789,9169,7815,10319,43,43
2021-09-11T23:59:59+02:00,180,177,3487,3173,8958,6526,8630,5964,7541,7982,5138,5689,1803,2224,1150,1588,314,895,2955,2672,7913,5767,7829,5391,6919,7278,4720,5279,1682,2092,1083,1494,275,826,46091,40673,7474,6787,9167,7815,10303,43,43
2021-09-10T23:59:59+02:00,179,173,3459,3166,8932,6506,8612,5950,7515,7961,5125,5669,1799,2221,1149,1588,314,895,2941,2666,7888,5744,7811,5376,6896,7258,4705,5260,1681,2091,1083,1492,275,826,46004,40609,7471,6782,9167,7814,10186,43,43
2021-09-09T23:59:59+02:00,177,170,3440,3145,8885,6478,8576,5925,7493,7922,5109,5658,1796,2218,1149,1588,314,895,2927,2654,7854,5716,7784,5355,6873,7228,4692,5245,1680,2087,1083,1492,275,826,45827,40494,7463,6771,9167,7805,10095,43,42
2021-09-08T23:59:59+02:00,176,169,3420,3131,8851,6466,8550,5896,7474,7893,5094,5641,1792,2216,1148,1586,314,894,2910,2642,7811,5698,7748,5331,6845,7192,4680,5223,1679,2086,1082,1492,274,826,45720,40363,7455,6762,9164,7801,9982,43,42
2021-09-07T23:59:59+02:00,175,167,3399,3125,8833,6440,8521,5875,7453,7874,5079,5630,1792,2214,1147,1585,314,891,2893,2631,7782,5674,7723,5308,6827,7166,4667,5211,1676,2082,1081,1491,274,826,45589,40232,7452,6752,9164,7797,9917,43,42
2021-09-06T23:59:59+02:00,175,167,3379,3116,8802,6419,8496,5864,7433,7849,5070,5617,1788,2204,1145,1585,313,891,2874,2619,7755,5660,7698,5298,6810,7138,4660,5197,1670,2080,1081,1491,274,826,45458,40123,7450,6749,9163,7796,9849,43,42
2021-09-05T23:59:59+02:00,175,166,3364,3111,8793,6410,8484,5854,7431,7839,5063,5606,1785,2203,1145,1585,313,890,2863,2617,7739,5647,7687,5284,6803,7131,4650,5190,1667,2079,1081,1490,274,826,45403,40068,7448,6740,9162,7795,9810,43,42
2021-09-04T23:59:59+02:00,175,165,3359,3109,8790,6404,8477,5852,7428,7838,5063,5605,1784,2203,1145,1585,313,890,2858,2612,7735,5639,7680,5284,6798,7129,4649,5189,1664,2078,1080,1490,274,826,45386,40044,7448,6737,9162,7793,9795,43,42
2021-09-03T23:59:59+02:00,173,163,3345,3090,8756,6394,8458,5835,7410,7823,5050,5590,1781,2200,1145,1584,313,888,2840,2597,7706,5625,7659,5266,6779,7107,4636,5169,1660,2077,1080,1488,274,824,45301,39958,7437,6714,9162,7792,9702,43,42
2021-09-02T23:59:59+02:00,173,161,3322,3071,8706,6369,8417,5814,7389,7797,5037,5572,1776,2195,1143,1583,312,887,2823,2584,7656,5604,7625,5248,6754,7080,4627,5148,1656,2072,1078,1486,274,821,45167,39848,7426,6704,9160,7789,9572,43,41
2021-09-01T23:59:59+02:00,170,161,3305,3059,8666,6354,8390,5802,7369,7779,5026,5565,1775,2192,1142,1580,312,887,2807,2576,7610,5580,7592,5231,6726,7057,4616,5135,1653,2070,1077,1483,274,821,45054,39704,7413,6683,9160,7787,9504,43,41
2021-08-31T23:59:59+02:00,168,160,3289,3050,8623,6330,8369,5791,7351,7758,5019,5556,1772,2190,1141,1579,311,886,2792,2565,7566,5559,7570,5213,6702,7029,4604,5116,1649,2068,1076,1483,273,821,44952,39587,7408,6674,9160,7773,9417,43,41
2021-08-30T23:59:59+02:00,167,160,3262,3032,8583,6303,8326,5767,7314,7728,5006,5540,1768,2188,1140,1579,311,886,2762,2551,7519,5536,7533,5194,6668,7009,4593,5097,1645,2066,1075,1483,273,820,44794,39459,7407,6664,9159,7771,9292,43,41
2021-08-29T23:59:59+02:00,166,159,3250,3015,8557,6295,8307,5758,7306,7718,4998,5531,1767,2185,1140,1579,310,886,2739,2531,7485,5527,7514,5176,6655,6995,4582,5092,1643,2065,1074,1482,272,820,44723,39356,7401,6653,9159,7766,9233,43,41
2021-08-28T23:59:59+02:00,165,159,3244,3014,8551,6292,8302,5756,7299,7715,4998,5529,1767,2184,1140,1578,310,886,2733,2526,7479,5522,7509,5174,6650,6991,4579,5091,1643,2065,1074,1481,272,820,44705,39332,7401,6652,9159,7766,9213,43,41
2021-08-27T23:59:59+02:00,163,159,3234,3011,8533,6280,8280,5748,7279,7705,4986,5521,1767,2184,1140,1577,310,886,2720,2522,7461,5514,7488,5161,6635,6983,4569,5083,1643,2065,1073,1479,272,820,44641,39271,7400,6651,9158,7765,9151,43,41
2021-08-26T23:59:59+02:00,163,158,3208,2998,8494,6257,8244,5734,7256,7683,4973,5510,1765,2181,1140,1576,310,885,2697,2499,7422,5487,7439,5133,6600,6955,4545,5068,1637,2059,1073,1478,272,820,44502,39083,7394,6632,9158,7745,9061,43,41
2021-08-25T23:59:59+02:00,159,156,3185,2989,8456,6240,8209,5719,7231,7658,4960,5488,1762,2178,1140,1574,310,885,2660,2481,7371,5448,7390,5097,6563,6917,4528,5041,1636,2054,1072,1477,272,820,44389,38849,7389,6624,9158,7738,8942,43,41
2021-08-24T23:59:59+02:00,159,155,3180,2980,8437,6225,8190,5701,7215,7636,4950,5477,1759,2177,1139,1572,310,883,2641,2461,7338,5419,7357,5075,6537,6890,4512,5023,1636,2052,1071,1477,272,819,44313,38687,7385,6614,9158,7734,8866,43,41
2021-08-23T23:59:59+02:00,158,148,3156,2960,8391,6204,8146,5680,7185,7606,4936,5464,1759,2176,1137,1571,310,882,2615,2440,7292,5381,7317,5058,6502,6858,4497,5006,1632,2051,1071,1476,271,819,44172,38529,7374,6602,9155,7728,8739,43,41
2021-08-22T23:59:59+02:00,157,148,3144,2950,8376,6185,8131,5672,7165,7595,4929,5458,1758,2175,1136,1571,310,882,2601,2425,7260,5359,7293,5045,6482,6839,4492,4997,1629,2046,1070,1476,270,818,44096,38399,7366,6591,9155,7725,8693,43,41
2021-08-21T23:59:59+02:00,156,148,3136,2946,8365,6177,8121,5670,7160,7590,4927,5452,1757,2175,1136,1570,310,882,2592,2417,7242,5346,7273,5035,6470,6832,4484,4989,1628,2044,1069,1476,270,818,44049,38321,7363,6564,9155,7723,8676,43,41
2021-08-20T23:59:59+02:00,155,146,3126,2937,8340,6161,8090,5651,7141,7570,4915,5440,1755,2172,1136,1569,310,880,2563,2403,7198,5311,7238,5006,6435,6796,4468,4969,1622,2040,1068,1473,270,816,43979,38154,7354,6527,9154,7714,8570,43,41
2021-08-19T23:59:59+02:00,154,143,3106,2924,8297,6136,8051,5632,7121,7543,4902,5422,1749,2169,1135,1567,310,879,2517,2384,7117,5260,7178,4970,6388,6738,4438,4937,1618,2036,1068,1472,270,816,43850,37827,7342,6497,9152,7703,8454,43,41
2021-08-18T23:59:59+02:00,153,141,3093,2917,8271,6119,8021,5619,7089,7525,4890,5413,1744,2167,1135,1567,309,878,2491,2367,7051,5226,7122,4935,6346,6705,4415,4914,1613,2032,1066,1471,270,816,43740,37589,7337,6445,9151,7695,8379,43,41
2021-08-17T23:59:59+02:00,153,141,3076,2906,8248,6092,7993,5606,7075,7503,4879,5401,1741,2165,1134,1566,308,878,2464,2347,6994,5180,7079,4900,6318,6665,4397,4894,1605,2026,1065,1467,269,816,43619,37320,7331,6410,9150,7689,8320,43,41
2021-08-16T23:59:59+02:00,151,140,3065,2895,8227,6075,7974,5600,7063,7488,4866,5388,1740,2164,1133,1566,308,878,2433,2319,6921,5137,7011,4864,6270,6622,4366,4867,1603,2024,1062,1466,269,816,43530,36951,7326,6396,9150,7677,8268,43,41
2021-08-15T23:59:59+02:00,150,139,3057,2881,8200,6065,7958,5587,7045,7474,4861,5378,1738,2161,1133,1565,308,878,2401,2282,6861,5107,6973,4836,6230,6593,4354,4855,1599,2018,1061,1464,269,816,43436,36670,7319,6375,9149,7672,8227,43,41
2021-08-14T23:59:59+02:00,149,139,3051,2874,8189,6061,7949,5586,7044,7472,4857,5376,1736,2160,1133,1564,308,878,2392,2274,6835,5095,6960,4826,6222,6580,4335,4846,1596,2015,1061,1462,269,815,43415,36576,7318,6362,9149,7671,8197,43,41
2021-08-13T23:59:59+02:00,149,138,3037,2870,8169,6052,7939,5573,7030,7461,4849,5369,1736,2156,1132,1563,308,878,2356,2251,6789,5065,6921,4799,6181,6552,4324,4831,1595,2011,1060,1462,269,815,43350,36339,7317,6347,9149,7670,8143,43,41
2021-08-12T23:59:59+02:00,147,133,3019,2861,8138,6029,7909,5555,7008,7437,4835,5355,1734,2154,1129,1561,308,878,2318,2216,6701,5016,6869,4762,6134,6503,4299,4801,1592,2008,1057,1461,269,815,43248,36028,7309,6319,9147,7648,8035,41,41
2021-08-11T23:59:59+02:00,145,130,3003,2844,8098,6004,7889,5545,6986,7416,4824,5341,1732,2152,1129,1560,307,878,2291,2185,6619,4960,6794,4721,6077,6441,4278,4762,1587,2000,1057,1459,269,813,43124,35614,7298,6288,9142,7641,7967,41,41
2021-08-10T23:59:59+02:00,145,129,2984,2834,8067,5991,7863,5526,6957,7401,4806,5332,1729,2152,1129,1558,307,877,2219,2129,6508,4901,6708,4652,5988,6375,4231,4737,1577,1992,1055,1457,269,812,43018,35018,7288,6264,9139,7627,7888,41,41
2021-08-09T23:59:59+02:00,142,129,2964,2827,8037,5970,7839,5516,6933,7382,4797,5321,1728,2151,1129,1558,307,876,2157,2071,6407,4831,6611,4609,5918,6319,4203,4704,1571,1982,1054,1456,269,812,42934,34535,7281,6213,9139,7604,7796,41,41
2021-08-08T23:59:59+02:00,142,128,2951,2820,8021,5960,7823,5504,6923,7374,4791,5317,1725,2151,1129,1558,307,876,2132,2044,6347,4795,6570,4582,5879,6297,4191,4687,1562,1978,1053,1454,269,812,42879,34303,7278,6169,9135,7596,7751,41,41
2021-08-07T23:59:59+02:00,141,127,2944,2813,8001,5947,7809,5497,6917,7364,4786,5312,1723,2151,1128,1558,307,876,2101,2023,6269,4746,6515,4548,5846,6259,4174,4673,1558,1977,1053,1451,269,812,42821,33988,7273,6141,9135,7586,7715,41,41
2021-08-06T23:59:59+02:00,141,126,2933,2805,7974,5936,7778,5475,6897,7343,4775,5298,1718,2149,1128,1557,307,876,2062,1988,6172,4673,6442,4513,5806,6221,4153,4652,1555,1973,1052,1448,269,812,42759,33645,7256,6113,9135,7569,7608,41,41
2021-08-05T23:59:59+02:00,140,125,2908,2788,7950,5917,7741,5455,6874,7321,4756,5275,1714,2146,1126,1553,307,875,2021,1941,6045,4565,6334,4453,5737,6157,4116,4612,1548,1965,1049,1446,269,812,42630,33159,7248,6026,9133,7512,7498,41,41
2021-08-04T23:59:59+02:00,137,121,2867,2768,7882,5886,7704,5430,6846,7289,4738,5260,1710,2142,1123,1552,307,875,1963,1909,5924,4499,6212,4400,5671,6090,4088,4574,1538,1958,1044,1443,269,811,42422,32673,7235,5976,9133,7479,7373,41,41
2021-08-03T23:59:59+02:00,135,120,2852,2750,7855,5874,7668,5414,6824,7263,4726,5246,1706,2141,1122,1549,307,875,1930,1879,5826,4437,6106,4348,5602,6032,4048,4533,1533,1951,1043,1441,269,811,42289,32201,7230,5932,9132,7455,7301,41,41
2021-08-02T23:59:59+02:00,135,120,2829,2727,7824,5852,7644,5403,6802,7247,4709,5235,1705,2137,1121,1549,306,875,1906,1844,5702,4346,5994,4287,5535,5978,4003,4499,1527,1938,1042,1438,268,810,42154,31641,7223,5891,9131,7437,7235,41,41
2021-08-01T23:59:59+02:00,135,119,2814,2711,7795,5831,7630,5387,6790,7239,4703,5228,1704,2136,1119,1549,306,875,1887,1825,5627,4302,5934,4244,5491,5956,3988,4479,1525,1935,1040,1435,268,810,42063,31353,7211,5863,9130,7416,7188,41,41
2021-07-31T23:59:59+02:00,133,118,2806,2703,7781,5824,7622,5383,6784,7230,4702,5226,1703,2135,1119,1549,306,875,1849,1783,5529,4238,5869,4198,5439,5918,3962,4455,1520,1932,1040,1434,268,810,42022,30873,7209,5851,9130,7412,7159,41,41
2021-07-30T23:59:59+02:00,131,116,2796,2695,7757,5808,7610,5366,6767,7216,4695,5218,1702,2134,1119,1548,306,875,1827,1761,5449,4201,5805,4145,5382,5871,3936,4436,1516,1930,1039,1431,268,810,41945,30518,7197,5825,9130,7401,7105,41,41
2021-07-29T23:59:59+02:00,129,114,2761,2678,7705,5766,7570,5323,6738,7175,4670,5198,1701,2129,1117,1547,306,875,1788,1731,5327,4103,5675,4071,5292,5785,3887,4385,1509,1921,1036,1429,268,810,41743,29947,7182,5770,9124,7362,6964,41,41
2021-07-28T23:59:59+02:00,127,112,2742,2664,7675,5739,7543,5296,6715,7153,4656,5184,1697,2127,1116,1545,305,874,1751,1685,5230,4032,5559,4000,5207,5712,3849,4352,1497,1914,1034,1427,268,809,41569,29389,7172,5710,9120,7320,6920,41,41
2021-07-27T23:59:59+02:00,122,110,2726,2644,7637,5723,7512,5277,6696,7135,4644,5172,1697,2126,1116,1544,304,874,1707,1657,5098,3953,5434,3919,5116,5644,3809,4300,1490,1903,1033,1424,267,809,41451,28814,7155,5628,9119,7277,6845,41,41
2021-07-26T23:59:59+02:00,120,108,2703,2628,7602,5697,7480,5257,6673,7114,4638,5161,1695,2126,1114,1543,304,874,1662,1603,4961,3885,5332,3851,5043,5574,3748,4266,1487,1891,1032,1418,267,808,41306,28241,7133,5558,9116,7228,6788,41,41
2021-07-25T23:59:59+02:00,113,106,2688,2614,7565,5678,7453,5249,6654,7096,4629,5157,1693,2123,1113,1541,304,873,1639,1576,4902,3838,5274,3821,4995,5539,3715,4242,1483,1887,1031,1418,267,808,41171,27953,7125,5526,9114,7194,6739,41,41
2021-07-24T23:59:59+02:00,113,104,2674,2604,7538,5667,7429,5233,6641,7083,4619,5153,1692,2120,1113,1541,304,873,1619,1554,4855,3818,5203,3774,4953,5515,3695,4234,1482,1885,1030,1416,267,807,41096,27759,7103,5438,9113,7193,6687,41,41
2021-07-23T23:59:59+02:00,111,102,2650,2583,7490,5646,7405,5208,6604,7059,4599,5142,1690,2116,1111,1541,304,873,1560,1524,4715,3712,5074,3702,4880,5445,3643,4204,1480,1876,1029,1411,266,807,40927,27107,7096,5411,9111,7172,6591,41,41
2021-07-22T23:59:59+02:00,111,99,2619,2556,7417,5601,7353,5170,6558,7012,4564,5118,1683,2109,1110,1540,304,872,1507,1483,4550,3636,4922,3621,4726,5363,3562,4150,1467,1867,1024,1409,266,806,40625,26448,7073,5270,9100,7104,6478,41,41
2021-07-21T23:59:59+02:00,109,95,2592,2539,7353,5569,7303,5130,6500,6972,4543,5095,1676,2103,1110,1537,304,870,1471,1438,4430,3554,4788,3556,4622,5256,3491,4108,1456,1855,1022,1408,266,804,40378,25973,7033,5063,9094,7043,6369,41,40
2021-07-20T23:59:59+02:00,109,95,2571,2515,7301,5535,7267,5101,6462,6931,4516,5076,1672,2099,1110,1536,304,870,1438,1406,4313,3486,4701,3503,4523,5175,3437,4076,1451,1846,1021,1407,266,803,40134,25491,7023,4988,9092,6989,6290,41,40
2021-07-19T23:59:59+02:00,108,95,2551,2491,7246,5498,7222,5080,6418,6899,4497,5060,1666,2092,1108,1533,304,869,1415,1379,4239,3439,4616,3468,4449,5112,3402,4048,1445,1840,1017,1404,264,802,39852,25173,7012,4863,9090,6949,6248,41,40
2021-07-18T23:59:59+02:00,108,93,2524,2465,7182,5462,7187,5052,6382,6860,4480,5050,1660,2087,1107,1533,303,868,1396,1354,4191,3400,4578,3437,4401,5088,3368,4035,1439,1831,1016,1404,264,800,39567,24970,6997,4784,9084,6923,6215,41,39
2021-07-17T23:59:59+02:00,103,91,2512,2451,7162,5449,7169,5036,6362,6846,4458,5039,1655,2086,1107,1532,303,866,1384,1341,4156,3367,4528,3415,4359,5058,3338,4023,1432,1828,1016,1402,264,800,39460,24799,6987,4728,9082,6914,6156,41,39
2021-07-16T23:59:59+02:00,103,88,2477,2431,7103,5413,7109,4996,6319,6803,4431,5011,1649,2080,1106,1531,303,866,1341,1314,4058,3313,4437,3372,4277,5001,3277,3976,1419,1819,1010,1400,264,799,39280,24451,6965,4694,9075,6849,5951,41,39
2021-07-15T23:59:59+02:00,101,84,2432,2404,7035,5377,7052,4958,6273,6750,4413,4985,1646,2075,1104,1528,301,866,1287,1280,3863,3204,4248,3271,4134,4905,3212,3910,1409,1811,1006,1396,262,799,38963,23750,6947,4454,9069,6784,5850,41,39
2021-07-14T23:59:59+02:00,100,81,2398,2388,6967,5345,6982,4925,6219,6703,4391,4962,1638,2068,1102,1526,301,866,1241,1237,3741,3114,4144,3204,4024,4839,3165,3866,1397,1801,1005,1393,262,799,38653,23245,6927,4350,9067,6712,5754,41,39
2021-07-13T23:59:59+02:00,96,78,2364,2361,6913,5315,6918,4887,6178,6654,4369,4944,1628,2063,1100,1526,301,866,1208,1198,3636,3024,4020,3133,3936,4749,3112,3806,1368,1794,1002,1388,260,797,38332,22742,6920,4213,9064,6610,5679,41,39
2021-07-12T23:59:59+02:00,91,78,2339,2338,6848,5273,6851,4844,6127,6613,4342,4919,1623,2060,1097,1526,301,866,1175,1176,3527,2937,3907,3063,3834,4670,3060,3760,1355,1784,997,1380,260,797,38001,22280,6906,4083,9061,6525,5594,41,38
2021-07-11T23:59:59+02:00,85,75,2326,2325,6813,5248,6822,4822,6099,6595,4332,4911,1620,2055,1095,1526,300,866,1161,1159,3479,2892,3847,3027,3781,4641,3038,3746,1345,1771,994,1376,260,797,37888,22090,6885,4044,9056,6465,5509,41,38
2021-07-10T23:59:59+02:00,84,74,2297,2292,6733,5207,6758,4784,6050,6559,4308,4900,1617,2052,1095,1523,300,865,1138,1138,3422,2852,3799,2997,3744,4610,3021,3734,1339,1764,994,1374,260,797,37641,21907,6859,4043,9042,6450,5370,41,38
2021-07-09T23:59:59+02:00,82,71,2269,2272,6666,5174,6712,4762,6003,6526,4290,4877,1615,2046,1095,1522,300,865,1113,1122,3373,2803,3748,2956,3694,4573,2994,3706,1336,1748,992,1373,260,797,37416,21672,6831,4010,9030,6396,5277,41,38
2021-07-08T23:59:59+02:00,77,68,2221,2231,6578,5106,6615,4711,5937,6461,4253,4842,1608,2037,1093,1518,300,865,1040,1071,3207,2712,3555,2876,3513,4479,2923,3642,1321,1732,989,1364,259,796,37094,21172,6758,3719,8997,6256,5073,41,38
2021-07-07T23:59:59+02:00,77,67,2149,2185,6470,5032,6512,4658,5866,6403,4222,4795,1601,2028,1090,1513,299,865,985,1036,3055,2628,3377,2792,3353,4375,2868,3579,1305,1702,980,1354,259,793,36609,20600,6719,3474,8976,6174,4918,41,38
2021-07-06T23:59:59+02:00,74,67,2102,2145,6363,4981,6422,4610,5812,6335,4182,4761,1594,2023,1087,1508,299,865,948,994,2939,2523,3289,2732,3278,4284,2816,3522,1279,1670,976,1346,259,793,36163,20092,6668,3360,8960,6088,4819,41,38
2021-07-05T23:59:59+02:00,71,67,2035,2104,6225,4912,6307,4572,5743,6277,4143,4724,1589,2016,1085,1506,299,863,905,957,2831,2451,3207,2687,3203,4217,2772,3467,1257,1653,970,1336,259,789,35676,19704,6623,3284,8935,6002,4670,41,37
2021-07-04T23:59:59+02:00,71,66,1992,2060,6144,4871,6269,4542,5700,6257,4126,4702,1586,2014,1085,1504,299,862,864,930,2767,2403,3170,2662,3171,4182,2751,3446,1243,1632,968,1335,258,789,35467,19556,6584,3227,8911,5928,4551,41,37
2021-07-03T23:59:59+02:00,68,53,1896,1978,5926,4708,6117,4457,5616,6170,4079,4669,1583,2010,1084,1500,299,862,825,901,2697,2355,3113,2634,3131,4134,2721,3415,1237,1627,967,1331,258,787,34634,19361,6550,3224,8903,5903,4334,41,37
2021-07-02T23:59:59+02:00,59,45,1859,1941,5853,4667,6074,4428,5596,6142,4064,4651,1582,2003,1082,1499,298,862,803,875,2624,2302,3045,2589,3086,4083,2690,3378,1216,1610,963,1325,258,785,34356,19046,6515,3195,8898,5800,4274,41,37
2021-07-01T23:59:59+02:00,54,38,1811,1905,5747,4594,5993,4376,5517,6075,4037,4621,1579,1997,1081,1498,298,861,729,830,2430,2221,2859,2499,2902,3963,2590,3287,1192,1586,952,1310,258,783,33936,18243,6467,2978,8882,5697,4130,41,37
2021-06-30T23:59:59+02:00,54,36,1761,1850,5626,4515,5892,4327,5457,6026,4023,4596,1575,1989,1079,1495,298,861,694,793,2322,2148,2745,2443,2791,3870,2523,3209,1168,1558,944,1300,257,782,33503,17762,6404,2853,8867,5562,4007,41,37
2021-06-29T23:59:59+02:00,52,34,1701,1766,5512,4433,5790,4268,5405,5966,3994,4566,1567,1984,1078,1494,298,860,662,742,2234,2067,2669,2379,2688,3750,2466,3157,1155,1524,931,1290,257,779,32965,17261,6369,2782,8859,5444,3884,40,37
2021-06-28T23:59:59+02:00,51,33,1665,1708,5390,4369,5722,4217,5357,5925,3965,4540,1565,1975,1077,1492,298,860,649,714,2134,2000,2590,2319,2615,3665,2413,3107,1140,1506,924,1284,257,777,32542,16916,6308,2637,8848,5344,3806,40,37
2021-06-27T23:59:59+02:00,51,32,1634,1678,5338,4330,5679,4186,5311,5911,3952,4528,1562,1971,1077,1491,298,860,630,696,2082,1960,2546,2292,2569,3626,2382,3088,1133,1494,923,1274,257,777,32351,16764,6276,2578,8825,5260,3731,40,37
2021-06-26T23:59:59+02:00,44,27,1603,1651,5268,4282,5587,4142,5270,5877,3933,4513,1562,1969,1077,1489,298,860,623,684,2049,1932,2511,2270,2551,3600,2359,3070,1115,1484,922,1272,257,777,31988,16531,6192,2573,8825,5242,3730,40,37
2021-06-25T23:59:59+02:00,38,21,1564,1613,5165,4209,5531,4115,5233,5853,3909,4503,1559,1966,1075,1488,297,860,613,660,1995,1904,2445,2201,2452,3467,2317,2967,1103,1462,919,1268,256,776,31564,16059,6162,2544,8824,5061,3727,40,37
2021-06-24T23:59:59+02:00,22,17,1510,1560,4980,4098,5401,4059,5131,5810,3870,4476,1555,1962,1075,1487,296,860,574,639,1883,1831,2265,2129,2280,3383,2212,2872,1071,1440,911,1262,255,773,30907,15542,6103,2215,8814,4978,3611,40,37
2021-06-23T23:59:59+02:00,21,17,1477,1514,4894,4044,5321,4001,5083,5766,3848,4441,1546,1956,1072,1484,295,860,543,616,1809,1768,2154,2075,2160,3292,2109,2784,1046,1418,906,1254,253,772,30465,14967,6049,2136,8810,4835,3575,40,37
2021-06-22T23:59:59+02:00,21,17,1449,1496,4821,3979,5236,3953,5038,5721,3822,4418,1541,1950,1071,1482,295,860,526,594,1743,1721,2062,2023,2073,3184,2005,2695,1032,1395,896,1242,253,767,30053,14537,6005,2000,8805,4665,3549,40,36
2021-06-21T23:59:59+02:00,20,17,1419,1454,4701,3887,5155,3908,4970,5660,3792,4396,1537,1937,1069,1477,294,858,510,578,1704,1677,2026,1981,2023,3102,1940,2611,1012,1366,874,1222,253,764,29505,14235,5962,1903,8803,4525,3511,40,36
2021-06-20T23:59:59+02:00,19,15,1392,1421,4625,3819,5105,3888,4935,5639,3769,4385,1534,1936,1068,1477,293,858,494,561,1673,1647,2002,1957,1993,3074,1899,2574,1004,1351,872,1216,253,763,29206,14052,5926,1864,8790,4462,3477,40,35
2021-06-19T23:59:59+02:00,18,14,1377,1402,4584,3787,5080,3863,4905,5614,3750,4372,1529,1934,1068,1476,293,858,485,557,1653,1626,1983,1931,1977,3048,1873,2536,994,1344,868,1215,251,762,29024,13873,5862,1833,8790,4454,3459,40,34
2021-06-18T23:59:59+02:00,13,10,1352,1385,4512,3745,5029,3819,4855,5576,3725,4360,1525,1931,1066,1474,293,858,469,548,1633,1609,1953,1900,1931,2999,1822,2479,981,1329,866,1211,250,760,28686,13564,5815,1829,8789,4407,3445,40,34
2021-06-17T23:59:59+02:00,9,9,1312,1346,4345,3667,4840,3740,4681,5489,3670,4315,1519,1928,1066,1473,292,858,430,527,1530,1574,1768,1839,1772,2901,1719,2397,960,1310,855,1200,248,758,28066,13091,5759,1719,8782,4321,3148,39,34
2021-06-16T23:59:59+02:00,9,8,1281,1315,4240,3581,4740,3686,4577,5424,3625,4288,1513,1924,1065,1469,292,857,411,505,1467,1536,1706,1806,1691,2815,1660,2321,943,1283,845,1185,248,755,27571,12673,5644,1648,8770,4244,3094,39,34
2021-06-15T23:59:59+02:00,9,8,1245,1280,4103,3496,4667,3626,4500,5353,3582,4256,1503,1917,1060,1467,292,856,398,485,1412,1483,1654,1761,1623,2759,1590,2252,926,1254,840,1174,247,754,27011,12336,5607,1563,8755,4174,3014,39,34
2021-06-14T23:59:59+02:00,9,6,1217,1242,4012,3440,4583,3572,4417,5279,3527,4225,1499,1909,1059,1462,290,854,389,474,1365,1449,1604,1727,1571,2695,1534,2199,916,1229,836,1167,246,751,26535,12081,5510,1490,8751,4089,2960,38,33
2021-06-13T23:59:59+02:00,9,6,1201,1225,3963,3400,4535,3531,4366,5235,3506,4209,1498,1903,1059,1461,290,853,381,466,1332,1431,1567,1702,1531,2658,1501,2158,898,1208,833,1157,246,749,26278,11896,5473,1467,8745,4015,2901,38,33
2021-06-12T23:59:59+02:00,9,5,1186,1197,3933,3378,4505,3507,4348,5220,3491,4199,1496,1900,1058,1460,290,852,376,464,1319,1412,1544,1677,1509,2636,1476,2139,890,1198,823,1154,246,748,26083,11753,5462,1467,8743,3954,2889,38,32
2021-06-11T23:59:59+02:00,8,5,1166,1183,3893,3331,4434,3477,4307,5181,3461,4187,1495,1898,1057,1457,290,851,364,450,1297,1372,1516,1656,1463,2594,1429,2097,880,1184,819,1148,246,747,25776,11508,5432,1459,8740,3874,2867,38,32
2021-06-10T23:59:59+02:00,8,4,1101,1129,3769,3247,4297,3395,4208,5115,3406,4150,1490,1891,1055,1456,290,851,344,433,1232,1333,1449,1596,1398,2522,1341,1999,853,1152,815,1138,245,744,25165,11078,5290,1446,8721,3712,2791,38,31
2021-06-09T23:59:59+02:00,7,2,1051,1091,3625,3140,4159,3333,4117,5037,3358,4108,1484,1885,1053,1453,290,851,327,413,1171,1290,1385,1560,1341,2440,1260,1933,826,1098,808,1124,244,742,24662,10772,5104,1386,8712,3572,2650,38,31
2021-06-08T23:59:59+02:00,6,2,995,1054,3489,3045,4038,3252,4006,4953,3308,4077,1477,1881,1050,1450,289,849,311,393,1125,1251,1328,1525,1281,2382,1214,1860,806,1064,797,1108,240,739,24093,10532,4960,1336,8701,3433,2530,38,30
2021-06-07T23:59:59+02:00,5,2,967,1025,3376,2965,3901,3217,3884,4883,3256,4051,1462,1876,1049,1448,289,848,304,387,1081,1211,1271,1504,1233,2330,1146,1806,793,1043,784,1092,238,735,23693,10363,4774,1300,8694,3302,2390,38,30
2021-06-06T23:59:59+02:00,5,2,944,1014,3313,2930,3822,3169,3816,4853,3225,4036,1460,1870,1046,1447,288,848,296,376,1065,1184,1240,1475,1211,2271,1119,1747,780,1028,777,1084,238,732,23481,10252,4638,1246,8681,3192,2323,38,30
2021-06-05T23:59:59+02:00,5,2,932,996,3243,2868,3768,3139,3780,4829,3215,4032,1459,1868,1046,1447,288,847,289,365,1047,1164,1221,1459,1186,2243,1087,1725,766,1005,775,1081,238,732,23198,10087,4632,1242,8677,3148,2285,38,29
2021-06-04T23:59:59+02:00,3,2,904,975,3196,2811,3695,3101,3716,4776,3189,4012,1455,1864,1044,1447,288,847,277,357,1022,1132,1199,1444,1162,2204,1058,1698,750,984,769,1076,238,730,22877,9950,4586,1237,8673,3087,2201,38,29
2021-06-03T23:59:59+02:00,3,2,860,940,3034,2716,3509,2994,3541,4660,3097,3936,1446,1854,1040,1442,288,847,266,347,989,1092,1142,1389,1095,2120,996,1640,711,946,761,1063,238,729,22185,9733,4347,1219,8656,2924,2010,38,29
2021-06-02T23:59:59+02:00,3,2,835,928,2964,2652,3453,2953,3478,4602,3055,3910,1444,1849,1040,1441,288,847,253,338,964,1070,1102,1371,1052,2082,945,1595,698,914,758,1058,238,728,21830,9521,4328,1205,8656,2888,1906,38,29
2021-06-01T23:59:59+02:00,3,2,788,895,2812,2539,3271,2860,3311,4496,2996,3848,1433,1842,1037,1436,288,847,242,324,883,1012,1013,1315,970,1974,896,1516,667,860,752,1049,238,722,21218,9235,4117,1170,8645,2694,1671,38,28
2021-05-31T23:59:59+02:00,3,2,750,867,2688,2450,3133,2762,3204,4405,2943,3795,1427,1830,1036,1432,288,846,229,308,844,970,949,1263,926,1897,856,1457,647,836,746,1044,236,719,20806,9064,3878,1154,8626,2558,1477,38,28
2021-05-30T23:59:59+02:00,3,2,739,855,2629,2404,3067,2723,3154,4364,2925,3774,1423,1824,1036,1431,288,845,219,291,802,928,897,1222,887,1837,833,1403,633,820,742,1034,236,718,20656,8966,3816,1146,8614,2389,1319,38,28
2021-05-29T23:59:59+02:00,3,2,737,852,2610,2388,3044,2711,3135,4347,2917,3765,1421,1823,1036,1431,288,845,215,280,796,915,877,1194,870,1790,819,1371,619,800,740,1029,235,718,20530,8874,3814,1145,8611,2247,1318,37,28
2021-05-28T23:59:59+02:00,3,2,729,840,2571,2347,2999,2683,3112,4324,2907,3750,1421,1820,1034,1426,288,845,211,271,784,898,865,1170,854,1750,787,1331,601,771,736,1021,234,716,20281,8695,3805,1140,8609,2160,1314,37,28
2021-05-27T23:59:59+02:00,3,2,682,817,2444,2284,2866,2613,2967,4248,2823,3701,1412,1809,1033,1424,287,843,196,255,721,845,783,1115,767,1658,723,1249,577,738,727,1005,233,714,19791,8492,3670,1101,8575,1900,1112,37,27
2021-05-26T23:59:59+02:00,3,2,648,782,2334,2213,2700,2548,2841,4184,2772,3651,1402,1797,1031,1417,285,838,187,233,679,805,735,1080,725,1589,684,1191,561,712,709,972,232,711,19367,8268,3423,1090,8548,1761,980,37,27
2021-05-25T23:59:59+02:00,3,2,626,763,2241,2151,2599,2505,2741,4103,2725,3614,1391,1789,1028,1413,285,836,178,220,656,776,700,1045,688,1531,636,1129,544,694,690,945,231,709,18999,8058,3243,1055,8506,1626,926,36,24
2021-05-24T23:59:59+02:00,3,2,611,739,2182,2110,2523,2471,2671,4047,2666,3572,1378,1782,1022,1412,285,835,173,212,634,758,673,1013,654,1475,610,1076,527,680,683,941,231,709,18801,7967,3060,1044,8472,1505,826,36,23
2021-05-23T23:59:59+02:00,3,2,607,738,2164,2096,2510,2456,2661,4031,2655,3559,1375,1780,1022,1410,285,835,171,211,628,750,665,1007,638,1461,603,1069,524,672,678,935,230,706,18680,7886,3057,1038,8472,1493,825,36,22
2021-05-22T23:59:59+02:00,3,2,600,725,2139,2073,2473,2434,2640,3998,2623,3531,1367,1776,1022,1408,285,834,169,203,619,747,660,997,626,1455,598,1063,514,664,672,923,230,706,18431,7824,3056,1038,8469,1458,816,36,22
2021-05-21T23:59:59+02:00,3,2,585,710,2049,2036,2388,2381,2571,3951,2582,3485,1360,1762,1020,1406,285,833,169,200,613,738,650,988,614,1443,583,1043,503,638,665,917,230,704,17942,7741,3028,1037,8449,1397,813,36,22
2021-05-20T23:59:59+02:00,3,2,553,689,1922,1965,2256,2303,2441,3850,2503,3402,1345,1746,1018,1401,285,831,160,189,579,700,618,949,584,1386,559,981,479,607,660,908,230,703,17293,7618,2901,1026,8375,1183,744,36,22
2021-05-19T23:59:59+02:00,2,2,517,654,1809,1881,2109,2230,2299,3749,2399,3306,1327,1727,1010,1398,283,831,146,182,552,676,585,913,552,1334,533,921,465,587,650,885,229,701,16521,7469,2830,1009,8333,1082,623,36,22
2021-05-18T23:59:59+02:00,2,1,489,633,1728,1805,2007,2173,2189,3629,2307,3215,1316,1708,1003,1391,283,827,139,173,528,647,562,881,536,1257,514,860,449,563,643,871,228,698,16005,7353,2664,971,8276,970,520,36,22
2021-05-17T23:59:59+02:00,2,0,469,619,1670,1769,1954,2123,2116,3518,2250,3138,1298,1688,996,1384,283,825,133,165,511,632,554,843,526,1196,498,805,432,532,641,863,228,696,15704,7279,2512,941,8210,868,424,36,22
2021-05-16T23:59:59+02:00,2,0,463,618,1643,1743,1917,2096,2075,3469,2196,3081,1283,1679,994,1380,283,824,129,162,502,611,543,828,512,1150,480,768,407,503,638,858,228,695,15529,7223,2441,913,8168,781,346,36,22
2021-05-15T23:59:59+02:00,2,0,458,613,1616,1725,1898,2076,2054,3445,2172,3043,1274,1678,993,1378,282,824,128,159,498,610,542,825,507,1146,474,758,403,501,635,856,228,695,15324,7191,2440,912,8160,770,341,34,22
2021-05-14T23:59:59+02:00,2,0,440,599,1585,1691,1855,2035,1976,3376,2130,2998,1266,1668,991,1378,280,824,126,154,493,595,523,800,488,1114,460,742,387,484,630,851,228,693,14955,7131,2398,896,8139,666,319,34,22
2021-05-13T23:59:59+02:00,1,0,414,578,1523,1638,1745,1982,1856,3289,2064,2906,1242,1651,984,1376,278,820,121,151,481,587,514,784,482,1098,447,729,371,457,620,826,228,689,14518,7050,2155,856,8083,630,290,34,22
2021-05-12T23:59:59+02:00,1,0,407,573,1503,1629,1730,1973,1831,3266,2049,2892,1240,1645,980,1374,278,820,121,149,478,587,513,778,479,1093,445,723,366,445,619,820,228,688,14389,7008,2131,847,8076,629,288,33,22
2021-05-11T23:59:59+02:00,1,0,388,553,1427,1590,1624,1932,1720,3173,1945,2821,1226,1620,975,1365,278,820,114,140,463,555,491,750,460,1061,417,702,346,417,609,814,228,688,13985,6911,1954,818,7965,534,225,33,22
2021-05-10T23:59:59+02:00,1,0,373,538,1382,1558,1570,1899,1648,3107,1887,2753,1219,1606,971,1359,278,817,114,137,456,550,482,729,452,1038,412,682,337,404,607,808,228,687,13713,6863,1870,810,7842,482,200,33,21
2021-05-09T23:59:59+02:00,1,0,367,527,1337,1533,1537,1878,1604,3070,1826,2712,1206,1593,969,1354,278,816,109,134,449,541,472,721,442,1028,402,671,327,393,602,803,228,686,13472,6826,1814,799,7793,430,180,33,20
2021-05-08T23:59:59+02:00,1,0,361,522,1323,1512,1507,1858,1581,3044,1796,2691,1199,1585,966,1353,277,816,108,134,448,541,470,720,441,1023,402,664,326,392,598,795,228,686,13260,6811,1808,793,7790,418,179,33,20
2021-05-07T23:59:59+02:00,1,0,350,515,1295,1484,1453,1839,1518,2984,1747,2641,1193,1577,965,1348,277,813,105,131,436,527,457,693,429,988,386,640,324,373,585,782,228,684,12989,6762,1779,769,7725,316,143,33,18
2021-05-06T23:59:59+02:00,1,0,327,502,1199,1440,1340,1782,1377,2869,1615,2548,1162,1545,963,1337,277,811,102,126,422,511,445,675,416,965,373,621,315,356,573,770,228,682,12496,6701,1589,752,7502,231,117,31,17
2021-05-05T23:59:59+02:00,1,0,313,487,1159,1408,1294,1742,1311,2800,1537,2469,1145,1522,957,1322,277,806,101,122,411,500,441,663,408,955,368,603,298,345,555,751,228,681,12080,6629,1526,732,7436,182,109,31,15
2021-05-04T23:59:59+02:00,1,0,303,477,1113,1376,1255,1716,1266,2754,1485,2409,1128,1492,952,1312,276,802,97,119,401,488,438,656,397,936,360,586,285,330,544,731,228,681,11758,6554,1463,704,7393,144,97,31,14
2021-05-03T23:59:59+02:00,1,0,297,471,1081,1352,1220,1698,1235,2720,1444,2370,1112,1465,946,1306,275,797,90,115,389,482,429,648,390,928,350,578,273,322,527,715,227,679,11514,6476,1439,697,7353,122,68,31,13
2021-05-02T23:59:59+02:00,1,0,292,470,1067,1338,1187,1681,1210,2701,1433,2348,1103,1451,944,1305,275,794,88,114,382,475,425,643,385,921,347,575,268,314,509,705,227,679,11384,6437,1424,680,7319,108,51,30,12
2021-05-01T23:59:59+02:00,1,0,288,465,1058,1330,1175,1667,1196,2689,1416,2331,1097,1446,941,1303,275,793,88,113,382,474,422,643,383,917,347,574,266,314,509,705,227,679,11250,6428,1423,680,7318,105,50,30,11
2021-04-30T23:59:59+02:00,1,0,284,456,1046,1306,1155,1648,1168,2628,1362,2277,1084,1431,935,1299,275,790,86,111,381,469,418,636,381,892,343,564,261,308,507,700,227,678,10953,6414,1418,671,7315,78,20,30,10
2021-04-29T23:59:59+02:00,1,0,269,442,993,1276,1115,1608,1123,2572,1268,2208,1041,1388,930,1290,274,788,86,107,376,467,414,631,373,880,334,555,253,298,496,690,226,674,10480,6354,1379,650,7254,55,19,29,10
2021-04-28T23:59:59+02:00,1,0,258,436,976,1258,1088,1594,1090,2531,1203,2154,1010,1335,922,1288,274,786,82,104,370,462,410,623,370,872,330,542,239,283,484,676,225,673,10193,6288,1330,612,7200,41,18,29,10
2021-04-27T23:59:59+02:00,1,0,254,426,957,1241,1069,1582,1064,2508,1181,2127,986,1302,916,1284,274,783,80,101,364,457,408,617,368,867,324,536,236,275,473,657,224,672,10001,6238,1303,585,7165,34,17,25,8
2021-04-26T23:59:59+02:00,1,0,251,420,949,1232,1059,1567,1037,2491,1133,2080,967,1282,909,1277,273,782,80,101,360,451,408,614,364,864,323,531,231,267,463,648,224,672,9828,6205,1288,561,7100,32,17,25,8
2021-04-25T23:59:59+02:00,1,0,251,418,941,1218,1043,1560,1020,2474,1104,2052,945,1259,905,1270,273,782,79,100,359,443,405,613,363,859,322,531,230,262,458,640,224,671,9699,6188,1264,545,7053,23,17,25,8
2021-04-24T23:59:59+02:00,1,0,247,412,927,1206,1031,1545,1006,2455,1077,2036,934,1236,902,1267,273,782,79,100,359,443,404,613,363,857,321,528,229,260,457,637,224,671,9536,6181,1264,537,7029,23,17,24,8
2021-04-23T23:59:59+02:00,1,0,245,402,916,1191,1022,1534,990,2438,1024,1993,913,1213,900,1260,273,779,78,99,359,443,404,612,362,855,318,525,225,254,452,632,224,671,9386,6160,1251,525,6937,23,17,24,7
2021-04-22T23:59:59+02:00,1,0,242,392,893,1168,998,1512,961,2397,981,1933,880,1172,891,1248,273,776,78,98,357,437,399,605,358,846,316,519,220,248,443,622,223,669,9118,6107,1201,510,6870,16,17,24,7
2021-04-21T23:59:59+02:00,1,0,237,387,870,1149,972,1495,926,2361,937,1886,848,1122,883,1234,273,772,77,96,355,436,397,602,354,840,312,511,219,243,434,607,222,666,8829,6058,1176,491,6812,16,17,24,7
2021-04-20T23:59:59+02:00,1,0,230,382,853,1122,954,1475,902,2312,897,1833,803,1058,871,1217,272,770,77,96,353,435,394,597,348,835,310,505,215,235,422,588,221,666,8554,6000,1108,476,6748,15,17,24,7
2021-04-19T23:59:59+02:00,1,0,227,372,835,1110,941,1455,886,2281,869,1798,775,1027,867,1210,271,767,76,95,352,432,388,592,345,825,306,495,215,230,412,571,219,661,8375,5941,1092,454,6681,13,16,23,7
2021-04-18T23:59:59+02:00,1,0,226,368,827,1100,929,1447,865,2259,851,1781,749,988,864,1204,270,764,75,93,349,432,388,592,344,822,306,492,214,226,406,568,219,661,8253,5922,1066,445,6621,13,16,23,7
2021-04-17T23:59:59+02:00,1,0,225,365,824,1097,922,1446,858,2254,847,1775,733,964,862,1198,270,764,75,90,347,428,386,592,341,818,305,488,212,221,400,561,219,660,8189,5880,1065,443,6597,13,16,23,7
2021-04-16T23:59:59+02:00,1,0,224,364,814,1092,909,1427,842,2233,816,1738,693,905,852,1188,269,761,71,88,345,421,383,590,332,805,298,474,200,205,397,552,216,657,7997,5809,1050,405,6523,12,16,23,6
2021-04-15T23:59:59+02:00,1,0,223,357,789,1075,891,1413,817,2188,777,1700,662,858,844,1169,269,757,69,87,342,414,378,585,325,797,291,471,191,199,381,531,214,652,7778,5727,1039,379,6408,11,16,22,6
2021-04-14T23:59:59+02:00,1,0,222,350,778,1066,882,1400,802,2153,760,1672,625,818,815,1123,269,753,66,83,337,411,374,580,323,787,283,463,181,183,366,508,212,647,7564,5635,1023,347,6333,11,16,20,6
2021-04-13T23:59:59+02:00,1,0,218,345,768,1061,871,1388,793,2128,732,1646,579,768,794,1089,268,749,63,80,330,406,364,576,316,780,278,458,178,179,352,495,211,644,7412,5573,976,316,6239,9,16,18,6
2021-04-12T23:59:59+02:00,1,0,216,344,764,1056,864,1375,767,2108,715,1629,548,740,783,1072,268,747,62,76,318,397,360,570,312,773,271,452,171,174,344,483,210,638,7321,5496,954,290,6149,9,16,16,6
2021-04-11T23:59:59+02:00,0,0,213,341,756,1046,857,1369,755,2092,705,1613,533,715,775,1048,267,744,60,73,313,395,357,568,310,770,270,447,166,167,337,480,208,636,7261,5450,934,280,6058,9,16,15,6
2021-04-10T23:59:59+02:00,0,0,213,339,756,1043,853,1367,745,2084,696,1605,526,700,768,1034,266,744,56,66,287,379,337,553,298,756,255,439,158,160,333,466,207,634,7207,5278,927,272,6028,9,15,14,6
2021-04-09T23:59:59+02:00,0,0,213,336,751,1040,841,1344,737,2002,680,1521,488,638,747,1014,263,740,47,63,274,367,321,540,282,741,244,426,149,155,310,444,203,625,7092,5085,903,264,5777,9,12,13,6
2021-04-08T23:59:59+02:00,0,0,211,332,746,1033,830,1335,723,1982,662,1502,443,579,719,991,261,737,45,61,265,351,307,528,269,725,229,410,138,139,294,427,201,608,6979,4896,864,253,5658,9,11,13,6
2021-04-07T23:59:59+02:00,0,0,206,328,736,1026,817,1320,707,1954,644,1469,405,537,689,952,258,733,42,58,246,338,297,522,262,711,221,398,123,129,276,407,196,599,6848,4727,830,244,5510,9,11,13,5
2021-04-06T23:59:59+02:00,0,0,204,326,728,1021,803,1304,688,1930,616,1443,384,501,664,921,257,731,40,57,245,334,293,520,252,707,216,392,117,124,268,387,191,589,6758,4655,803,224,5362,8,11,11,5
2021-04-05T23:59:59+02:00,0,0,204,325,725,1014,795,1292,680,1914,610,1428,367,478,647,897,257,730,40,55,245,330,292,515,248,701,211,391,117,120,253,367,188,583,6716,4594,792,208,5252,8,10,11,5
2021-04-04T23:59:59+02:00,0,0,203,321,721,1004,790,1281,671,1896,603,1409,357,467,644,893,257,730,39,54,244,329,291,515,248,701,210,391,115,120,246,355,184,581,6692,4563,787,207,5167,8,8,11,5
2021-04-03T23:59:59+02:00,0,0,203,321,719,1004,788,1279,670,1892,596,1407,349,461,641,886,257,729,39,54,244,329,291,515,248,700,210,389,115,120,245,353,184,579,6659,4555,787,207,5153,8,8,11,5
2021-04-02T23:59:59+02:00,0,0,203,319,718,1003,787,1276,666,1885,592,1397,340,452,630,876,257,728,39,53,241,328,289,513,246,692,205,384,113,119,238,334,183,566,6613,4484,781,204,5130,8,8,10,5
2021-04-01T23:59:59+02:00,0,0,200,316,713,989,775,1263,661,1865,575,1378,328,428,600,843,256,722,37,52,232,322,287,510,245,685,203,380,105,116,223,308,179,545,6526,4377,739,196,5037,7,8,10,5
2021-03-31T23:59:59+02:00,0,0,196,313,705,981,765,1249,651,1819,565,1339,319,417,579,794,254,719,37,52,231,321,282,507,242,683,197,376,100,113,209,282,177,524,6457,4290,693,189,4904,7,6,10,5
2021-03-30T23:59:59+02:00,0,0,193,307,700,970,760,1228,639,1780,556,1295,308,402,553,758,253,719,37,51,229,317,278,504,241,678,194,371,97,111,200,264,174,510,6382,4215,658,184,4768,7,6,10,5
2021-03-29T23:59:59+02:00,0,0,189,302,694,953,755,1215,630,1749,547,1257,304,388,523,721,251,712,37,50,227,316,277,502,240,673,192,364,93,109,191,251,169,498,6274,4155,636,178,4665,5,6,10,5
2021-03-28T23:59:59+02:00,0,0,182,286,686,944,748,1208,626,1727,544,1242,302,373,496,697,249,710,37,49,225,316,274,496,236,670,191,361,90,107,184,241,166,497,6229,4112,602,172,4569,5,6,10,5
2021-03-27T23:59:59+01:00,0,0,182,282,681,938,743,1204,619,1716,542,1234,297,365,490,687,249,709,37,49,225,316,274,496,235,664,188,357,89,106,180,234,162,487,6189,4077,594,166,4532,5,6,10,5
2021-03-26T23:59:59+01:00,0,0,178,280,669,926,735,1189,607,1698,533,1209,290,354,486,673,247,706,37,49,225,316,273,494,235,663,181,344,84,98,166,218,154,475,6122,3992,576,165,4454,5,4,10,5
2021-03-25T23:59:59+01:00,0,0,174,278,661,913,714,1165,590,1661,523,1169,283,342,470,649,246,702,37,49,221,311,271,493,229,660,181,343,77,98,150,201,151,451,6048,3906,560,158,4300,5,4,10,5
2021-03-24T23:59:59+01:00,0,0,172,269,650,900,706,1150,581,1624,511,1139,273,327,453,624,243,699,37,49,220,309,268,491,227,660,177,340,75,95,137,194,143,417,5975,3830,537,151,4173,4,4,10,5
2021-03-23T23:59:59+01:00,0,0,169,266,641,887,693,1138,570,1601,499,1101,267,315,435,608,238,695,35,49,218,308,266,489,222,655,175,336,72,92,130,187,134,392,5922,3755,520,146,4043,3,4,10,5
2021-03-22T23:59:59+01:00,0,0,165,258,622,866,674,1119,559,1569,486,1077,263,304,424,593,237,689,35,49,217,306,263,487,220,648,174,334,72,88,124,179,119,362,5866,3674,496,143,3901,2,4,10,5
2021-03-21T23:59:59+01:00,0,0,161,256,614,859,669,1115,555,1545,480,1044,258,297,411,586,235,685,35,49,214,306,262,485,219,647,172,332,71,85,122,178,115,359,5845,3653,483,139,3797,2,3,8,4
2021-03-20T23:59:59+01:00,0,0,159,256,606,855,664,1110,549,1541,477,1043,255,290,399,572,233,683,35,49,214,306,261,485,218,645,172,328,70,84,119,174,111,353,5812,3628,478,137,3753,2,3,8,4
2021-03-19T23:59:59+01:00,0,0,149,244,601,837,653,1104,544,1523,465,1030,241,268,383,546,227,674,33,49,213,305,260,485,216,637,171,325,67,82,110,164,106,331,5733,3560,439,135,3664,2,2,8,4
2021-03-18T23:59:59+01:00,0,0,144,238,583,821,636,1070,526,1473,451,985,225,253,370,525,224,657,33,49,212,302,258,477,216,632,169,318,67,79,101,156,100,316,5651,3497,407,126,3461,2,2,8,4
2021-03-17T23:59:59+01:00,0,0,137,232,571,802,623,1063,521,1460,442,967,213,240,352,507,221,651,33,48,212,300,257,475,215,631,169,317,67,79,96,151,95,304,5555,3460,380,125,3398,2,2,6,4
2021-03-16T23:59:59+01:00,0,0,132,224,556,787,606,1052,509,1420,430,942,205,225,332,473,216,639,33,47,212,297,257,469,213,630,168,316,63,79,91,146,93,284,5462,3413,345,121,3265,2,1,6,4
2021-03-15T23:59:59+01:00,0,0,126,217,541,772,597,1030,500,1388,414,905,199,217,317,449,214,633,32,47,211,294,257,466,212,629,166,315,62,77,85,141,90,269,5372,3369,315,119,3149,2,0,6,4
2021-03-14T23:59:59+01:00,0,0,121,204,529,755,583,1009,491,1345,401,862,190,206,307,438,207,629,32,47,211,292,256,465,211,624,165,310,61,77,84,138,88,266,5308,3354,301,108,2981,2,0,5,4
2021-03-13T23:59:59+01:00,0,0,117,192,501,729,553,983,467,1321,379,843,173,197,299,426,205,626,32,47,211,292,256,465,210,624,165,309,61,77,81,134,77,251,5114,3317,295,108,2895,2,0,5,4
2021-03-12T23:59:59+01:00,0,0,106,185,473,703,534,954,446,1282,357,812,157,185,274,398,204,606,32,47,211,291,256,464,210,624,165,308,56,76,78,128,75,245,4889,3289,289,108,2778,2,0,5,3
2021-03-11T23:59:59+01:00,0,0,98,178,441,657,497,917,408,1207,336,759,142,163,250,355,199,584,32,46,210,288,251,460,208,620,162,306,56,74,74,122,73,233,4646,3259,281,88,2522,2,0,5,2
2021-03-10T23:59:59+01:00,0,0,95,168,418,635,480,898,393,1169,320,722,127,147,234,325,194,553,32,46,208,283,247,455,205,614,162,304,53,73,70,120,70,222,4475,3217,271,76,2386,2,0,5,2
2021-03-09T23:59:59+01:00,0,0,95,163,407,608,450,869,378,1125,309,690,122,138,222,307,188,541,32,46,207,280,244,447,203,610,157,300,53,71,68,118,63,213,4391,3174,255,66,2207,2,0,5,2
2021-03-08T23:59:59+01:00,0,0,92,156,392,591,432,852,369,1073,300,653,117,129,208,287,184,528,32,46,207,276,241,442,198,606,151,296,51,70,63,115,62,212,4313,3146,239,50,2047,1,0,5,1
2021-03-07T23:59:59+01:00,0,0,88,151,387,579,424,837,359,1059,297,647,115,129,201,273,182,527,32,46,206,275,241,440,197,605,151,296,51,70,61,114,61,211,4267,3137,228,48,1991,0,0,5,1
2021-03-06T23:59:59+01:00,0,0,87,144,385,572,417,813,350,1008,288,615,114,128,195,265,180,522,32,46,206,275,240,439,197,604,151,296,51,70,59,114,60,206,4235,3132,228,42,1848,0,0,5,1
2021-03-05T23:59:59+01:00,0,0,86,139,380,560,412,805,349,991,279,591,108,118,181,245,171,509,32,46,205,273,239,438,196,602,150,294,51,70,57,113,60,198,4149,3117,219,34,1777,0,0,5,1
2021-03-04T23:59:59+01:00,0,0,83,125,369,524,394,771,331,945,269,564,98,117,162,220,165,485,32,46,203,267,237,432,194,589,147,293,49,70,57,113,60,197,4050,3077,202,33,1588,0,0,5,1
2021-03-03T23:59:59+01:00,0,0,76,114,360,506,385,752,327,924,260,546,96,114,151,211,157,450,32,45,203,267,236,430,191,580,147,287,49,70,56,112,60,197,3976,3054,196,30,1471,0,0,5,1
2021-03-02T23:59:59+01:00,0,0,73,111,349,490,369,735,319,905,254,524,94,111,142,203,148,423,31,45,203,267,236,424,186,573,145,284,49,70,56,110,60,196,3895,3025,190,30,1372,0,0,5,1
2021-03-01T23:59:59+01:00,0,0,72,109,343,476,362,714,310,881,248,496,93,109,135,193,130,388,31,44,202,266,234,415,184,566,145,281,49,70,56,109,59,196,3809,2995,185,30,1267,0,0,5,1
2021-02-28T23:59:59+01:00,0,0,72,107,336,467,359,706,307,857,243,478,88,101,133,189,126,384,31,44,201,265,233,415,184,566,145,281,49,70,56,109,59,195,3785,2991,180,30,1187,0,0,5,1
2021-02-27T23:59:59+01:00,0,0,69,98,330,461,354,700,301,846,240,469,86,99,132,184,119,373,31,44,201,264,233,414,183,565,144,280,49,70,56,109,59,195,3752,2990,174,25,1130,0,0,5,1
2021-02-26T23:59:59+01:00,0,0,67,93,322,438,328,665,280,815,230,448,83,95,123,174,115,353,31,43,201,263,233,412,182,562,141,278,49,70,56,109,59,193,3695,2975,172,25,950,0,0,5,0
2021-02-25T23:59:59+01:00,0,0,59,82,309,417,317,636,274,789,218,425,78,95,114,167,110,339,31,43,199,260,229,409,180,555,136,277,49,68,54,107,57,193,3641,2947,166,17,801,0,0,5,0
2021-02-24T23:59:59+01:00,0,0,55,75,302,404,309,621,269,773,215,417,77,95,109,163,104,328,30,43,197,259,226,396,178,547,134,272,47,67,52,107,57,193,3605,2909,161,11,726,0,0,5,0
2021-02-23T23:59:59+01:00,0,0,50,66,289,385,299,602,263,755,210,409,73,93,103,159,102,304,29,43,196,257,224,391,177,541,130,269,47,67,52,103,57,191,3551,2880,156,8,626,0,0,5,0
2021-02-22T23:59:59+01:00,0,0,48,63,284,374,295,593,261,746,208,405,71,90,95,152,99,290,29,41,193,255,221,378,169,531,127,266,46,67,51,103,56,191,3504,2832,149,4,587,0,0,4,0
2021-02-21T23:59:59+01:00,0,0,47,62,278,368,292,583,256,738,203,400,70,88,94,150,97,288,29,40,192,253,220,375,169,522,127,265,46,67,51,102,55,190,3493,2809,146,4,538,0,0,3,0
2021-02-20T23:59:59+01:00,0,0,46,62,276,367,292,580,255,732,203,394,69,88,91,146,86,273,29,40,192,253,220,375,169,522,125,264,46,67,50,102,55,188,3458,2803,145,4,517,0,0,3,0
2021-02-19T23:59:59+01:00,0,0,45,62,273,362,286,557,244,706,201,382,65,86,87,138,84,266,29,39,192,253,219,374,169,521,125,264,46,67,49,101,54,186,3428,2794,143,4,429,0,0,2,0
2021-02-18T23:59:59+01:00,0,0,43,59,255,338,278,536,236,685,187,358,64,82,85,133,82,256,28,38,188,245,216,368,164,506,124,254,46,65,48,99,50,182,3399,2726,134,4,296,0,0,2,0
2021-02-17T23:59:59+01:00,0,0,43,57,248,333,276,521,229,672,184,338,62,80,81,131,79,246,26,37,184,239,209,354,160,490,121,243,42,63,48,97,49,179,3351,2643,133,3,242,0,0,2,0
2021-02-16T23:59:59+01:00,0,0,42,52,235,318,272,510,223,658,179,331,60,79,78,129,72,237,23,37,175,230,201,335,154,478,117,231,42,59,38,83,42,170,3312,2516,130,3,177,0,0,2,0
2021-02-15T23:59:59+01:00,0,0,41,52,230,315,265,497,220,653,175,325,58,79,73,125,71,236,22,36,168,223,196,327,148,467,113,224,39,56,38,77,39,162,3285,2435,129,3,145,0,0,2,0
2021-02-14T23:59:59+01:00,0,0,38,52,227,311,263,490,217,647,175,320,57,76,70,125,70,232,20,36,166,219,192,322,147,455,112,221,39,56,37,76,37,155,3274,2389,117,3,122,0,0,2,0
2021-02-13T23:59:59+01:00,0,0,37,52,227,311,261,490,217,646,175,320,57,76,69,125,70,231,20,36,165,218,189,322,146,453,111,218,38,56,36,75,35,151,3270,2369,117,1,120,0,0,2,0
2021-02-12T23:59:59+01:00,0,0,36,50,225,306,258,481,213,635,172,317,57,75,68,125,70,230,20,36,164,215,188,321,145,451,109,217,36,55,36,71,32,142,3261,2338,117,1,81,0,0,2,0
2021-02-11T23:59:59+01:00,0,0,35,49,217,285,251,464,206,610,160,306,55,74,67,123,70,225,20,34,148,195,181,290,136,406,104,198,32,54,33,61,30,128,3223,2141,95,1,18,0,0,2,0
2021-02-10T23:59:59+01:00,0,0,35,48,214,277,249,457,202,601,158,301,52,74,66,123,69,223,18,31,137,171,167,252,117,357,97,176,28,52,32,59,27,117,3191,1917,85,1,8,0,0,2,0
2021-02-09T23:59:59+01:00,0,0,34,47,213,274,247,447,197,593,154,298,52,74,66,121,69,223,18,29,120,146,150,232,104,315,92,151,23,47,31,47,23,105,3169,1702,70,1,4,0,0,2,0
2021-02-08T23:59:59+01:00,0,0,34,47,212,272,241,432,194,581,149,293,50,74,66,120,69,223,16,28,103,123,128,193,85,276,87,141,16,45,25,40,22,90,3129,1481,54,1,4,0,0,2,0
2021-02-07T23:59:59+01:00,0,0,34,46,209,271,239,431,194,578,149,293,50,74,65,119,69,223,15,22,98,114,121,182,80,257,83,131,16,44,24,34,22,85,3121,1388,51,1,0,0,0,2,0
2021-02-06T23:59:59+01:00,0,0,34,46,209,271,239,430,194,578,149,292,49,74,64,119,68,218,12,18,97,113,120,178,78,250,83,129,15,43,24,31,20,84,3118,1352,44,1,0,0,0,2,0
2021-02-05T23:59:59+01:00,0,0,33,45,209,271,239,429,193,576,147,291,49,74,64,119,68,208,10,15,88,105,116,173,77,246,82,121,14,41,23,27,18,81,3105,1291,36,0,0,0,0,2,0
2021-02-04T23:59:59+01:00,0,0,33,45,206,268,234,425,188,570,145,288,49,72,64,117,68,207,9,11,60,74,93,128,66,208,65,102,13,36,20,23,16,71,3068,1037,36,0,0,0,0,2,0
2021-02-03T23:59:59+01:00,0,0,33,44,206,267,233,413,186,564,144,285,49,71,63,116,68,206,6,6,44,55,72,105,51,159,55,74,10,17,16,17,11,54,3040,783,33,0,0,0,0,2,0
2021-02-02T23:59:59+01:00,0,0,32,44,205,265,229,407,185,558,141,284,48,71,61,113,66,203,4,3,28,39,56,75,40,102,44,51,8,14,11,12,7,36,3002,551,33,0,0,0,0,2,0
2021-02-01T23:59:59+01:00,0,0,31,42,203,265,225,402,182,553,138,277,48,70,60,112,66,203,4,1,22,21,30,44,26,62,27,28,5,9,8,8,6,21,2966,334,33,0,0,0,0,1,0
2021-01-31T23:59:59+01:00,0,0,31,42,202,263,223,397,180,545,137,277,48,70,59,112,65,202,4,1,20,16,21,36,20,50,21,24,5,6,6,7,5,19,2941,271,32,0,0,0,0,1,0
2021-01-30T23:59:59+01:00,0,0,31,42,202,263,223,396,179,545,137,277,48,70,58,112,65,199,4,1,19,15,19,36,18,46,20,23,5,5,6,6,5,18,2936,255,31,0,0,0,0,1,0
2021-01-29T23:59:59+01:00,0,0,31,42,202,261,222,395,178,544,135,275,48,70,57,111,64,198,4,0,16,9,14,29,16,40,16,21,4,4,5,6,5,17,2926,213,27,0,0,0,0,0,0
2021-01-28T23:59:59+01:00,0,0,31,41,194,258,221,390,177,535,132,271,48,70,55,110,60,196,4,0,5,3,7,16,9,22,9,9,2,2,3,3,1,17,2890,115,19,0,0,0,0,0,0
2021-01-27T23:59:59+01:00,0,0,30,40,191,252,217,380,175,522,129,262,45,68,55,109,59,194,1,0,3,3,6,14,8,19,8,9,2,2,2,3,1,13,2827,96,15,0,0,0,0,0,0
2021-01-26T23:59:59+01:00,0,0,27,40,188,240,211,367,171,504,126,255,45,64,49,101,53,186,1,0,2,3,6,14,8,19,8,9,2,2,2,3,1,10,2728,92,12,0,0,0,0,0,0
2021-01-25T23:59:59+01:00,0,0,27,39,179,237,208,357,168,495,123,245,43,62,48,98,48,184,1,0,1,3,4,12,7,16,8,9,2,2,2,1,1,8,2668,79,4,0,0,0,0,0,0
2021-01-24T23:59:59+01:00,0,0,26,38,177,234,205,356,167,493,123,244,43,62,46,95,47,183,1,0,1,3,3,12,7,16,8,9,2,2,2,1,1,8,2646,78,3,0,0,0,0,0,0
2021-01-23T23:59:59+01:00,0,0,26,38,177,234,203,356,167,492,123,244,43,62,46,94,47,181,1,0,1,3,3,11,7,15,7,9,2,2,2,1,1,8,2640,75,3,0,0,0,0,0,0
2021-01-22T23:59:59+01:00,0,0,25,37,176,230,202,356,167,491,122,244,43,62,46,94,45,174,1,0,1,3,3,11,7,15,7,9,2,2,2,1,1,8,2621,75,3,0,0,0,0,0,0
2021-01-21T23:59:59+01:00,0,0,21,36,167,221,196,339,163,470,120,231,42,62,42,86,44,171,1,0,1,3,1,6,6,10,5,5,2,2,2,0,1,7,2512,54,3,0,0,0,0,0,0
2021-01-20T23:59:59+01:00,0,0,20,34,153,195,180,298,135,414,110,210,37,59,39,82,40,157,1,0,1,3,1,6,6,9,5,4,2,2,2,0,1,7,2253,52,2,0,0,0,0,0,0
2021-01-19T23:59:59+01:00,0,0,20,31,128,168,163,266,126,371,106,189,27,53,31,68,35,143,1,0,1,3,1,5,4,7,3,3,1,0,2,0,0,4,2003,36,2,0,0,0,0,0,0
2021-01-18T23:59:59+01:00,0,0,17,31,113,147,140,225,109,323,99,165,24,50,28,56,31,121,1,0,1,1,0,2,3,5,2,3,0,0,1,0,0,4,1752,24,2,0,0,0,0,0,0
2021-01-17T23:59:59+01:00,0,0,16,22,108,133,132,212,100,299,95,154,24,45,28,51,29,109,1,0,0,0,0,1,1,4,2,2,0,0,1,0,0,1,1622,13,2,0,0,0,0,0,0
2021-01-16T23:59:59+01:00,0,0,14,19,105,131,130,207,97,289,94,147,21,44,27,45,25,105,0,0,0,0,0,0,0,0,0,0,0,0,0,0,0,0,1564,0,0,0,0,0,0,0,0
2021-01-15T23:59:59+01:00,0,0,11,17,99,122,126,201,95,280,94,137,20,43,26,40,23,102,0,0,0,0,0,0,0,0,0,0,0,0,0,0,0,0,1496,0,0,0,0,0,0,0,0
2021-01-14T23:59:59+01:00,0,0,9,13,75,91,107,165,79,236,82,122,15,38,23,33,22,88,0,0,0,0,0,0,0,0,0,0,0,0,0,0,0,0,1246,0,0,0,0,0,0,0,0
2021-01-13T23:59:59+01:00,0,0,7,12,61,80,94,136,73,191,76,97,15,24,19,25,20,68,0,0,0,0,0,0,0,0,0,0,0,0,0,0,0,0,1039,0,0,0,0,0,0,0,0
2021-01-12T23:59:59+01:00,0,0,5,8,49,62,76,106,66,135,63,75,11,19,15,21,12,51,0,0,0,0,0,0,0,0,0,0,0,0,0,0,0,0,809,0,0,0,0,0,0,0,0
2021-01-11T23:59:59+01:00,0,0,4,6,43,49,64,81,52,106,48,55,10,15,8,12,9,28,0,0,0,0,0,0,0,0,0,0,0,0,0,0,0,0,615,0,0,0,0,0,0,0,0
2021-01-10T23:59:59+01:00,0,0,4,6,39,38,49,67,38,85,40,47,8,10,6,11,8,24,0,0,0,0,0,0,0,0,0,0,0,0,0,0,0,0,496,0,0,0,0,0,0,0,0
2021-01-09T23:59:59+01:00,0,0,4,5,36,37,44,64,35,77,37,43,8,9,6,10,8,23,0,0,0,0,0,0,0,0,0,0,0,0,0,0,0,0,460,0,0,0,0,0,0,0,0
2021-01-08T23:59:59+01:00,0,0,4,5,29,28,38,56,27,64,31,38,6,6,4,9,7,21,0,0,0,0,0,0,0,0,0,0,0,0,0,0,0,0,384,0,0,0,0,0,0,0,0
2021-01-07T23:59:59+01:00,0,0,4,2,11,3,10,18,11,28,8,18,5,3,3,4,3,20,0,0,0,0,0,0,0,0,0,0,0,0,0,0,0,0,154,0,0,0,0,0,0,0,0
2021-01-06T23:59:59+01:00,0,0,4,0,4,3,5,15,8,22,7,10,3,3,2,4,3,17,0,0,0,0,0,0,0,0,0,0,0,0,0,0,0,0,113,0,0,0,0,0,0,0,0
2021-01-05T23:59:59+01:00,0,0,2,0,2,3,5,14,8,20,7,9,3,2,2,4,2,16,0,0,0,0,0,0,0,0,0,0,0,0,0,0,0,0,102,0,0,0,0,0,0,0,0
2021-01-04T23:59:59+01:00,0,0,1,0,2,3,5,13,7,17,7,9,2,2,2,2,2,10,0,0,0,0,0,0,0,0,0,0,0,0,0,0,0,0,86,0,0,0,0,0,0,0,0
2021-01-03T23:59:59+01:00,0,0,1,0,1,3,4,13,7,17,7,9,2,2,2,2,2,10,0,0,0,0,0,0,0,0,0,0,0,0,0,0,0,0,84,0,0,0,0,0,0,0,0
2021-01-02T23:59:59+01:00,0,0,1,0,1,3,4,13,6,17,6,9,2,2,2,2,2,10,0,0,0,0,0,0,0,0,0,0,0,0,0,0,0,0,82,0,0,0,0,0,0,0,0
2021-01-01T23:59:59+01:00,0,0,1,0,1,3,4,13,6,17,6,9,2,2,2,2,2,10,0,0,0,0,0,0,0,0,0,0,0,0,0,0,0,0,82,0,0,0,0,0,0,0,0
2020-12-31T23:59:59+01:00,0,0,1,0,1,3,4,12,6,17,6,9,2,2,2,2,2,10,0,0,0,0,0,0,0,0,0,0,0,0,0,0,0,0,81,0,0,0,0,0,0,0,0
2020-12-30T23:59:59+01:00,0,0,1,0,1,3,4,12,6,16,6,9,2,2,2,2,2,10,0,0,0,0,0,0,0,0,0,0,0,0,0,0,0,0,80,0,0,0,0,0,0,0,0
2020-12-29T23:59:59+01:00,0,0,1,0,1,3,3,8,4,13,4,7,1,1,2,1,0,8,0,0,0,0,0,0,0,0,0,0,0,0,0,0,0,0,58,0,0,0,0,0,0,0,0
2020-12-28T23:59:59+01:00,0,0,1,0,1,1,1,1,2,6,3,4,1,0,1,0,0,4,0,0,0,0,0,0,0,0,0,0,0,0,0,0,0,0,27,0,0,0,0,0,0,0,0
2020-12-27T23:59:59+01:00,0,0,1,0,0,0,0,1,1,6,1,2,0,0,1,0,0,2,0,0,0,0,0,0,0,0,0,0,0,0,0,0,0,0,15,0,0,0,0,0,0,0,0
