Datum,<15_m,<15_w,15-24_1_m,15-24_1_w,25-34_1_m,25-34_1_w,35-44_1_m,35-44_1_w,45-54_1_m,45-54_1_w,55-64_1_m,55-64_1_w,65-74_1_m,65-74_1_w,75-84_1_m,75-84_1_w,>84_1_m,>84_1_w,<24_2_m,<24_2_w,25-34_2_m,25-34_2_w,35-44_2_m,35-44_2_w,45-54_2_m,45-54_2_w,55-64_2_m,55-64_2_w,65-74_2_m,65-74_2_w,75-84_2_m,75-84_2_w,>84_2_m,>84_2_w,bp_1,bp_2,mo_1,mo_2,az_1,az_2,ja,unb_1,unb_2
2021-09-20T23:59:59+02:00,227,229,4175,3543,9997,7018,9302,6334,8084,8446,5882,6206,2907,3024,3336,3365,2756,5214,3364,2933,8719,6156,8389,5674,7376,7661,5269,5660,2327,2605,2507,2671,1995,3880,60581,50756,8777,7647,9863,7857,12050,51,49
2021-09-19T23:59:59+02:00,226,227,4147,3535,9957,7005,9282,6325,8078,8437,5873,6200,2906,3022,3335,3364,2756,5214,3351,2922,8684,6143,8363,5666,7365,7646,5263,5653,2327,2601,2506,2671,1995,3880,60499,50684,8772,7640,9863,7853,11981,51,49
2021-09-18T23:59:59+02:00,226,227,4142,3534,9948,7003,9280,6322,8073,8436,5872,6198,2906,3022,3335,3364,2756,5214,3335,2922,8673,6141,8353,5664,7356,7646,5258,5647,2327,2601,2506,2670,1995,3880,60486,50636,8769,7639,9862,7853,11967,51,49
2021-09-17T23:59:59+02:00,225,224,4114,3519,9892,6978,9248,6301,8050,8419,5865,6187,2905,3017,3333,3364,2756,5214,3314,2907,8611,6112,8316,5647,7327,7635,5253,5638,2327,2600,2505,2670,1995,3880,60354,50522,8759,7619,9860,7850,11864,51,49
2021-09-16T23:59:59+02:00,223,224,4049,3490,9800,6939,9196,6264,8008,8385,5844,6177,2904,3012,3333,3364,2756,5212,3283,2887,8554,6082,8282,5620,7307,7606,5238,5630,2325,2598,2505,2670,1994,3879,60060,50373,8736,7605,9858,7843,11752,51,49
2021-09-15T23:59:59+02:00,219,222,4003,3473,9750,6915,9162,6236,7971,8364,5838,6161,2900,3010,3331,3364,2755,5211,3249,2873,8514,6060,8247,5595,7272,7584,5222,5613,2323,2594,2505,2667,1992,3876,59864,50197,8728,7597,9858,7842,11661,51,49
2021-09-14T23:59:59+02:00,218,219,3961,3447,9685,6885,9110,6206,7943,8329,5828,6144,2897,3007,3330,3364,2754,5210,3222,2851,8454,6030,8202,5572,7246,7558,5209,5598,2322,2594,2504,2664,1992,3875,59665,50053,8715,7585,9858,7839,11525,51,48
2021-09-13T23:59:59+02:00,215,214,3924,3427,9634,6856,9078,6183,7924,8295,5814,6129,2894,3002,3330,3364,2754,5209,3186,2833,8409,6005,8182,5555,7236,7535,5201,5593,2319,2591,2504,2663,1992,3875,59462,49905,8691,7577,9858,7838,11461,51,48
2021-09-12T23:59:59+02:00,214,213,3894,3418,9593,6842,9058,6171,7912,8279,5805,6122,2893,3001,3329,3362,2754,5208,3159,2819,8365,5985,8167,5542,7221,7520,5197,5587,2315,2588,2504,2663,1992,3874,59365,49813,8689,7572,9858,7831,11382,51,48
2021-09-11T23:59:59+02:00,214,213,3890,3413,9584,6835,9054,6167,7910,8277,5803,6120,2892,3000,3328,3362,2754,5208,3157,2817,8354,5981,8162,5537,7220,7516,5196,5585,2315,2588,2504,2663,1992,3874,59340,49791,8686,7571,9858,7831,11365,51,48
2021-09-10T23:59:59+02:00,213,209,3847,3398,9536,6799,9024,6150,7883,8257,5791,6098,2890,2997,3328,3362,2754,5208,3133,2805,8306,5947,8135,5523,7195,7496,5180,5566,2314,2587,2504,2662,1992,3874,59223,49705,8679,7565,9857,7831,11210,51,48
2021-09-09T23:59:59+02:00,209,207,3817,3366,9470,6761,8971,6122,7859,8211,5777,6087,2887,2995,3328,3362,2754,5208,3110,2785,8262,5907,8095,5497,7170,7465,5165,5554,2312,2583,2504,2661,1992,3874,59007,49565,8667,7549,9856,7824,11086,51,48
2021-09-08T23:59:59+02:00,207,205,3777,3350,9417,6748,8937,6093,7840,8179,5762,6070,2884,2993,3327,3361,2754,5207,3077,2772,8201,5885,8051,5471,7139,7428,5150,5532,2310,2582,2503,2661,1992,3874,58868,49402,8661,7538,9855,7820,10950,51,48
2021-09-07T23:59:59+02:00,204,204,3741,3337,9373,6718,8908,6069,7817,8158,5743,6055,2883,2991,3326,3360,2754,5204,3053,2760,8150,5855,8023,5440,7119,7401,5136,5518,2308,2578,2501,2660,1992,3874,58700,49247,8655,7526,9855,7815,10858,51,48
2021-09-06T23:59:59+02:00,204,203,3704,3322,9331,6691,8876,6053,7794,8133,5734,6041,2880,2984,3324,3360,2754,5204,3029,2746,8112,5836,7992,5430,7099,7374,5129,5504,2304,2576,2501,2660,1992,3874,58533,49124,8654,7521,9853,7814,10775,51,48
2021-09-05T23:59:59+02:00,202,202,3688,3317,9313,6681,8861,6042,7791,8121,5727,6034,2879,2983,3324,3360,2754,5203,3019,2740,8087,5819,7979,5413,7091,7367,5119,5499,2302,2575,2501,2659,1992,3874,58469,49054,8652,7512,9852,7813,10732,51,48
2021-09-04T23:59:59+02:00,202,201,3684,3313,9310,6673,8856,6042,7787,8119,5727,6033,2879,2983,3324,3360,2754,5203,3016,2734,8080,5812,7973,5412,7086,7364,5118,5498,2298,2574,2501,2659,1992,3874,58452,49030,8652,7508,9852,7811,10717,51,48
2021-09-03T23:59:59+02:00,200,200,3655,3282,9260,6655,8822,6016,7764,8102,5713,6016,2877,2981,3324,3358,2754,5201,2994,2710,8034,5788,7944,5391,7058,7338,5104,5477,2294,2571,2501,2657,1992,3872,58319,48912,8637,7480,9852,7810,10594,51,48
2021-09-02T23:59:59+02:00,199,197,3621,3264,9200,6625,8773,5997,7739,8076,5700,5996,2872,2977,3322,3357,2754,5200,2972,2690,7968,5760,7903,5372,7030,7310,5092,5455,2289,2567,2499,2656,1992,3869,58155,48762,8628,7466,9850,7806,10456,51,48
2021-09-01T23:59:59+02:00,196,195,3595,3247,9146,6605,8739,5980,7716,8060,5689,5989,2871,2974,3321,3354,2754,5200,2953,2679,7915,5728,7860,5348,6996,7289,5082,5444,2285,2564,2498,2652,1992,3869,58008,48585,8609,7441,9850,7803,10384,51,48
2021-08-31T23:59:59+02:00,192,195,3565,3231,9088,6580,8710,5970,7697,8037,5683,5980,2867,2972,3320,3352,2754,5198,2931,2659,7865,5699,7830,5331,6971,7261,5070,5425,2281,2560,2497,2652,1992,3869,57872,48443,8602,7430,9850,7791,10285,51,48
2021-08-30T23:59:59+02:00,191,195,3514,3206,9038,6546,8662,5940,7658,8005,5670,5965,2862,2969,3319,3351,2754,5198,2895,2642,7809,5676,7787,5308,6939,7240,5060,5408,2276,2556,2495,2652,1992,3868,57663,48295,8598,7422,9849,7790,10150,51,48
2021-08-29T23:59:59+02:00,188,194,3498,3189,9008,6528,8638,5927,7650,7995,5662,5956,2861,2966,3319,3351,2753,5198,2875,2619,7768,5659,7761,5288,6925,7223,5049,5402,2274,2555,2494,2650,1991,3868,57577,48178,8592,7409,9849,7785,10079,51,48
2021-08-28T23:59:59+02:00,187,194,3492,3188,9003,6526,8632,5924,7643,7994,5662,5954,2861,2965,3319,3351,2753,5198,2868,2613,7759,5655,7753,5283,6919,7219,5045,5400,2274,2555,2494,2650,1991,3868,57562,48146,8592,7405,9849,7784,10059,51,48
2021-08-27T23:59:59+02:00,185,193,3476,3179,8971,6509,8601,5913,7622,7984,5653,5946,2861,2965,3319,3351,2753,5198,2851,2604,7732,5645,7732,5269,6902,7210,5036,5392,2274,2555,2493,2648,1991,3868,57467,48075,8591,7403,9849,7784,9986,51,48
2021-08-26T23:59:59+02:00,185,191,3428,3159,8898,6481,8555,5895,7599,7962,5637,5934,2858,2962,3319,3350,2753,5197,2815,2576,7675,5608,7668,5235,6865,7183,5003,5376,2269,2550,2492,2647,1991,3868,57283,47856,8584,7380,9849,7761,9858,51,48
2021-08-25T23:59:59+02:00,182,190,3397,3142,8853,6450,8519,5878,7566,7937,5625,5911,2854,2956,3319,3347,2752,5197,2766,2548,7605,5562,7614,5198,6822,7141,4986,5348,2267,2545,2491,2644,1990,3868,57142,47576,8578,7372,9848,7755,9718,51,48
2021-08-24T23:59:59+02:00,181,188,3384,3128,8825,6429,8498,5857,7547,7914,5617,5900,2852,2955,3318,3344,2752,5196,2739,2521,7560,5529,7579,5172,6790,7108,4969,5329,2266,2543,2490,2643,1990,3868,57047,47384,8572,7355,9848,7751,9629,51,48
2021-08-23T23:59:59+02:00,179,179,3334,3102,8772,6402,8459,5835,7515,7882,5603,5884,2850,2954,3317,3343,2752,5195,2707,2501,7500,5485,7537,5153,6750,7074,4953,5312,2262,2541,2489,2642,1989,3868,56859,47193,8563,7340,9845,7746,9498,51,48
2021-08-22T23:59:59+02:00,178,179,3321,3092,8754,6381,8444,5826,7496,7871,5597,5877,2847,2951,3316,3343,2752,5195,2690,2488,7466,5459,7514,5136,6726,7057,4949,5302,2257,2536,2488,2642,1988,3867,56777,47051,8555,7330,9844,7743,9451,51,48
2021-08-21T23:59:59+02:00,175,178,3305,3086,8740,6371,8432,5819,7490,7865,5592,5870,2846,2951,3316,3342,2752,5195,2679,2481,7442,5440,7493,5123,6713,7050,4940,5295,2256,2534,2487,2641,1988,3867,56706,46954,8551,7303,9844,7741,9431,51,48
2021-08-20T23:59:59+02:00,174,175,3287,3072,8703,6345,8399,5799,7468,7842,5581,5856,2845,2948,3316,3341,2752,5193,2640,2465,7387,5395,7453,5094,6672,7010,4924,5271,2251,2529,2487,2638,1988,3865,56616,46760,8537,7259,9842,7729,9307,51,48
2021-08-19T23:59:59+02:00,174,172,3258,3053,8638,6313,8354,5772,7443,7812,5565,5839,2839,2945,3315,3339,2752,5192,2590,2441,7297,5341,7386,5055,6621,6949,4894,5238,2246,2525,2486,2637,1988,3865,56449,46408,8517,7229,9840,7720,9172,51,48
2021-08-18T23:59:59+02:00,172,170,3234,3042,8603,6289,8321,5754,7408,7796,5552,5831,2834,2943,3314,3339,2751,5191,2552,2420,7219,5306,7320,5021,6575,6919,4867,5210,2241,2521,2483,2637,1988,3864,56305,46140,8510,7165,9839,7711,9092,51,48
2021-08-17T23:59:59+02:00,172,169,3214,3023,8571,6265,8289,5738,7396,7774,5540,5819,2831,2941,3313,3338,2750,5191,2520,2393,7151,5255,7268,4983,6546,6878,4847,5187,2233,2515,2482,2633,1987,3864,56173,45842,8500,7123,9838,7704,9023,51,48
2021-08-16T23:59:59+02:00,169,167,3201,3009,8537,6248,8267,5729,7380,7757,5527,5806,2831,2940,3312,3337,2750,5191,2484,2354,7068,5211,7196,4945,6492,6834,4817,5161,2231,2512,2479,2630,1987,3864,56065,45440,8495,7109,9838,7692,8959,51,48
2021-08-15T23:59:59+02:00,169,166,3193,2996,8504,6234,8248,5716,7362,7745,5521,5799,2829,2937,3312,3336,2750,5191,2450,2307,7008,5171,7151,4908,6454,6801,4804,5148,2227,2507,2478,2628,1987,3864,55966,45125,8489,7087,9837,7688,8915,51,48
2021-08-14T23:59:59+02:00,168,166,3188,2989,8493,6229,8239,5715,7361,7742,5517,5797,2827,2936,3312,3335,2750,5191,2441,2296,6979,5157,7136,4896,6444,6784,4784,5138,2224,2504,2478,2626,1987,3863,55944,45013,8488,7073,9837,7686,8885,51,48
2021-08-13T23:59:59+02:00,166,165,3165,2978,8466,6212,8225,5700,7344,7730,5505,5789,2826,2930,3311,3334,2750,5191,2400,2268,6926,5112,7091,4859,6406,6758,4767,5123,2223,2498,2475,2626,1987,3863,55845,44743,8486,7049,9837,7685,8818,51,48
2021-08-12T23:59:59+02:00,163,159,3147,2965,8427,6189,8188,5679,7323,7705,5491,5774,2824,2928,3309,3333,2750,5191,2362,2232,6832,5052,7032,4816,6359,6706,4739,5091,2219,2495,2470,2625,1987,3863,55713,44388,8480,7020,9836,7664,8714,51,48
2021-08-11T23:59:59+02:00,160,156,3127,2951,8383,6162,8158,5664,7300,7686,5479,5757,2822,2925,3309,3332,2750,5191,2328,2202,6737,4993,6944,4766,6302,6643,4714,5047,2211,2485,2469,2623,1987,3862,55564,43935,8471,6979,9833,7652,8642,51,48
2021-08-10T23:59:59+02:00,159,155,3109,2935,8336,6141,8126,5645,7268,7669,5464,5749,2819,2925,3309,3330,2750,5190,2253,2138,6608,4921,6845,4694,6210,6572,4669,5024,2205,2476,2466,2622,1987,3861,55431,43290,8460,6955,9831,7636,8555,51,48
2021-08-09T23:59:59+02:00,156,154,3091,2930,8295,6118,8096,5634,7244,7650,5453,5737,2818,2924,3309,3330,2750,5189,2194,2084,6500,4847,6741,4647,6136,6518,4641,4988,2198,2467,2465,2620,1987,3861,55336,42801,8450,6898,9831,7613,8459,51,48
2021-08-08T23:59:59+02:00,155,152,3074,2919,8270,6100,8074,5619,7232,7639,5446,5732,2815,2924,3309,3330,2750,5189,2165,2055,6425,4797,6680,4614,6093,6493,4627,4972,2187,2462,2463,2618,1987,3861,55255,42522,8448,6849,9828,7606,8396,51,48
2021-08-07T23:59:59+02:00,154,150,3062,2912,8240,6084,8056,5612,7224,7630,5441,5727,2813,2924,3309,3330,2750,5189,2120,2030,6342,4741,6618,4579,6056,6453,4608,4956,2183,2461,2463,2615,1987,3861,55183,42173,8444,6817,9828,7597,8350,51,48
2021-08-06T23:59:59+02:00,153,149,3047,2898,8206,6068,8023,5589,7202,7606,5428,5714,2809,2922,3309,3329,2750,5189,2079,1984,6234,4662,6544,4536,6010,6408,4587,4936,2181,2458,2462,2612,1987,3860,55111,41799,8421,6783,9828,7583,8229,51,47
2021-08-05T23:59:59+02:00,151,148,3013,2881,8172,6041,7980,5561,7179,7585,5408,5688,2804,2919,3306,3325,2750,5188,2028,1925,6093,4550,6423,4468,5938,6342,4550,4891,2172,2450,2459,2609,1986,3860,54951,41269,8411,6681,9825,7525,8108,51,47
2021-08-04T23:59:59+02:00,146,143,2941,2849,8080,5998,7926,5531,7143,7547,5390,5673,2798,2915,3304,3324,2750,5188,1942,1891,5951,4469,6283,4413,5867,6275,4520,4849,2161,2444,2454,2606,1986,3859,54699,40765,8392,6622,9824,7488,7921,51,47
2021-08-03T23:59:59+02:00,143,142,2918,2826,8045,5979,7886,5508,7117,7522,5377,5660,2794,2913,3303,3321,2750,5188,1909,1860,5846,4397,6177,4360,5795,6215,4477,4808,2156,2438,2453,2604,1986,3859,54530,40278,8387,6577,9822,7464,7842,51,47
2021-08-02T23:59:59+02:00,143,142,2894,2798,7999,5947,7857,5497,7091,7507,5358,5651,2791,2907,3302,3320,2749,5188,1881,1828,5714,4303,6063,4294,5724,6164,4428,4773,2151,2425,2451,2598,1985,3858,54360,39703,8378,6535,9822,7441,7769,51,47
2021-08-01T23:59:59+02:00,142,139,2877,2782,7960,5922,7842,5482,7079,7498,5352,5644,2787,2906,3300,3320,2749,5188,1861,1807,5632,4258,5998,4245,5679,6141,4409,4753,2147,2421,2449,2595,1985,3858,54256,39408,8362,6501,9820,7415,7717,51,47
2021-07-31T23:59:59+02:00,140,138,2870,2774,7939,5911,7833,5477,7075,7486,5350,5643,2785,2906,3300,3320,2749,5188,1822,1762,5531,4196,5932,4198,5626,6105,4381,4728,2144,2418,2449,2594,1985,3858,54210,38932,8356,6483,9819,7411,7685,51,47
2021-07-30T23:59:59+02:00,134,133,2857,2762,7910,5894,7819,5456,7052,7472,5343,5635,2784,2905,3300,3319,2749,5188,1800,1740,5444,4153,5862,4140,5567,6053,4355,4711,2139,2416,2448,2591,1985,3858,54114,38561,8340,6450,9819,7400,7622,51,47
2021-07-29T23:59:59+02:00,132,131,2822,2741,7851,5843,7777,5413,7022,7432,5319,5613,2783,2900,3298,3318,2749,5188,1759,1708,5314,4052,5728,4068,5475,5957,4308,4655,2131,2406,2445,2588,1984,3858,53896,37964,8321,6391,9814,7363,7478,51,47
2021-07-28T23:59:59+02:00,129,129,2800,2726,7810,5804,7741,5385,6994,7408,5304,5600,2779,2898,3296,3315,2748,5187,1720,1663,5210,3971,5610,3999,5381,5881,4272,4620,2119,2398,2443,2586,1984,3856,53687,37383,8307,6330,9810,7324,7426,51,47
2021-07-27T23:59:59+02:00,125,127,2782,2706,7763,5779,7704,5366,6973,7384,5291,5584,2777,2895,3296,3314,2747,5187,1676,1632,5065,3882,5483,3920,5291,5808,4227,4567,2112,2385,2442,2583,1983,3856,53543,36784,8282,6246,9809,7281,7343,51,47
2021-07-26T23:59:59+02:00,124,124,2754,2687,7727,5753,7668,5346,6946,7364,5286,5571,2773,2895,3295,3313,2747,5187,1638,1574,4922,3818,5371,3854,5217,5731,4172,4530,2108,2371,2441,2577,1983,3855,53382,36208,8258,6171,9806,7231,7286,51,47
2021-07-25T23:59:59+02:00,119,121,2737,2663,7688,5726,7633,5333,6925,7342,5276,5566,2771,2892,3294,3312,2747,5186,1617,1545,4865,3772,5313,3824,5168,5691,4141,4506,2104,2366,2440,2577,1983,3855,53213,35921,8248,6137,9803,7199,7237,51,47
2021-07-24T23:59:59+02:00,119,119,2720,2652,7654,5708,7606,5320,6908,7327,5267,5560,2770,2889,3294,3312,2747,5186,1597,1526,4818,3750,5237,3778,5125,5663,4120,4496,2103,2364,2439,2575,1983,3854,53118,35720,8226,6049,9802,7199,7181,51,47
2021-07-23T23:59:59+02:00,116,117,2688,2624,7598,5676,7572,5294,6872,7302,5245,5547,2768,2886,3292,3312,2747,5186,1539,1492,4675,3645,5098,3700,5047,5591,4069,4463,2102,2356,2438,2570,1982,3854,52919,35058,8220,6021,9800,7178,7069,51,47
2021-07-22T23:59:59+02:00,114,114,2653,2594,7506,5630,7518,5255,6820,7256,5211,5523,2760,2879,3290,3311,2747,5184,1479,1450,4506,3568,4941,3624,4897,5509,3979,4408,2089,2346,2433,2568,1982,3853,52578,34398,8198,5867,9788,7106,6959,51,47
2021-07-21T23:59:59+02:00,113,110,2621,2574,7431,5592,7456,5213,6758,7216,5190,5497,2753,2873,3288,3308,2747,5182,1447,1402,4384,3481,4799,3558,4786,5399,3906,4362,2076,2334,2430,2567,1982,3851,52300,33909,8146,5648,9782,7045,6848,51,47
2021-07-20T23:59:59+02:00,112,109,2598,2544,7370,5558,7419,5177,6719,7171,5159,5478,2750,2868,3286,3308,2747,5182,1413,1367,4264,3411,4708,3503,4692,5318,3850,4331,2072,2324,2429,2566,1982,3850,52022,33426,8135,5565,9780,6995,6769,51,47
2021-07-19T23:59:59+02:00,111,107,2569,2515,7313,5511,7368,5154,6678,7137,5138,5461,2745,2863,3285,3304,2747,5181,1391,1342,4186,3365,4624,3468,4613,5253,3813,4305,2068,2318,2425,2563,1981,3850,51716,33114,8120,5447,9779,6950,6722,51,47
2021-07-18T23:59:59+02:00,111,105,2538,2485,7235,5457,7323,5120,6637,7094,5118,5451,2738,2857,3283,3304,2746,5180,1373,1320,4138,3319,4583,3435,4563,5232,3776,4290,2062,2308,2424,2563,1981,3848,51369,32903,8103,5372,9775,6923,6683,51,45
2021-07-17T23:59:59+02:00,109,101,2520,2468,7215,5441,7304,5101,6616,7077,5097,5440,2734,2856,3283,3303,2746,5179,1360,1307,4104,3284,4538,3414,4521,5198,3746,4278,2056,2305,2424,2561,1981,3848,51248,32740,8093,5315,9773,6913,6622,51,45
2021-07-16T23:59:59+02:00,109,98,2478,2440,7151,5405,7241,5065,6570,7034,5066,5411,2727,2850,3281,3302,2746,5179,1320,1283,4000,3232,4445,3372,4432,5137,3682,4229,2042,2294,2418,2559,1981,3847,51058,32385,8062,5284,9760,6842,6413,51,45
2021-07-15T23:59:59+02:00,106,92,2435,2409,7073,5363,7176,5022,6520,6979,5049,5384,2724,2844,3278,3297,2746,5179,1266,1249,3793,3114,4258,3265,4278,5038,3616,4166,2033,2285,2413,2553,1981,3847,50705,31662,8043,5048,9754,6774,6308,51,45
2021-07-14T23:59:59+02:00,103,90,2393,2390,6999,5327,7099,4985,6463,6934,5027,5359,2715,2838,3275,3295,2746,5179,1218,1207,3673,3023,4155,3201,4172,4968,3570,4121,2020,2276,2412,2550,1981,3847,50369,31173,8026,4948,9750,6699,6201,51,45
2021-07-13T23:59:59+02:00,99,85,2362,2358,6940,5290,7034,4945,6421,6885,5004,5341,2705,2831,3273,3295,2746,5179,1183,1174,3568,2941,4026,3134,4081,4879,3515,4058,1993,2268,2409,2545,1979,3845,50031,30681,8016,4810,9749,6603,6122,50,45
2021-07-12T23:59:59+02:00,91,83,2332,2332,6867,5241,6963,4900,6369,6844,4976,5313,2700,2828,3270,3294,2746,5179,1151,1152,3467,2864,3912,3068,3976,4797,3462,4009,1982,2257,2404,2535,1979,3845,49670,30228,8002,4688,9744,6519,6033,50,44
2021-07-11T23:59:59+02:00,86,81,2320,2315,6829,5223,6933,4877,6336,6824,4967,5304,2697,2823,3268,3294,2745,5179,1142,1136,3423,2822,3851,3036,3922,4769,3440,3995,1973,2245,2401,2531,1979,3845,49551,30045,7979,4655,9740,6463,5951,50,43
2021-07-10T23:59:59+02:00,84,80,2294,2280,6747,5170,6869,4839,6285,6787,4941,5292,2694,2820,3268,3291,2745,5178,1124,1115,3365,2775,3804,3006,3884,4737,3424,3983,1966,2238,2401,2529,1979,3845,49287,29861,7954,4653,9724,6447,5813,50,43
2021-07-09T23:59:59+02:00,83,78,2269,2255,6671,5127,6818,4813,6235,6751,4921,5271,2692,2815,3267,3289,2745,5178,1101,1098,3305,2726,3753,2969,3832,4701,3394,3954,1962,2223,2399,2528,1979,3845,49050,29641,7918,4621,9715,6389,5702,50,43
2021-07-08T23:59:59+02:00,78,75,2210,2206,6566,5057,6708,4753,6168,6682,4885,5236,2684,2806,3264,3285,2745,5178,1024,1043,3134,2630,3558,2893,3654,4600,3318,3884,1944,2207,2397,2519,1978,3844,48702,29137,7838,4330,9680,6255,5468,50,43
2021-07-07T23:59:59+02:00,78,74,2132,2159,6440,4979,6599,4692,6092,6623,4848,5187,2678,2795,3259,3280,2745,5178,971,1006,2981,2547,3382,2814,3494,4491,3259,3819,1924,2177,2389,2510,1978,3842,48181,28575,7787,4082,9659,6171,5308,49,43
2021-07-06T23:59:59+02:00,75,74,2083,2120,6325,4922,6505,4647,6036,6553,4804,5151,2670,2789,3255,3275,2745,5178,933,966,2862,2446,3290,2751,3416,4396,3197,3762,1897,2146,2384,2503,1978,3842,47718,28059,7735,3970,9642,6081,5202,49,43
2021-07-05T23:59:59+02:00,73,74,2006,2068,6174,4842,6390,4603,5963,6494,4762,5111,2666,2782,3253,3273,2745,5176,884,922,2752,2366,3212,2700,3336,4323,3149,3705,1875,2127,2376,2494,1977,3839,47219,27671,7688,3893,9615,5996,5015,48,43
2021-07-04T23:59:59+02:00,73,73,1957,2028,6078,4794,6341,4570,5919,6471,4744,5088,2663,2780,3253,3271,2745,5175,843,895,2686,2309,3175,2674,3304,4289,3123,3682,1859,2102,2373,2493,1976,3839,46992,27526,7645,3834,9586,5916,4880,47,43
2021-07-03T23:59:59+02:00,68,59,1850,1945,5864,4633,6189,4481,5831,6379,4692,5051,2661,2777,3253,3267,2745,5175,798,867,2619,2260,3125,2650,3265,4241,3092,3652,1853,2094,2372,2489,1976,3837,46141,27345,7609,3832,9578,5886,4659,47,43
2021-07-02T23:59:59+02:00,62,51,1807,1897,5783,4586,6141,4442,5808,6351,4679,5033,2660,2771,3252,3266,2744,5175,775,839,2545,2210,3052,2606,3221,4191,3061,3612,1835,2076,2368,2483,1976,3835,45848,27048,7570,3804,9573,5785,4577,47,43
2021-07-01T23:59:59+02:00,52,42,1757,1853,5673,4510,6049,4391,5730,6281,4650,5003,2656,2765,3251,3265,2744,5174,705,797,2342,2130,2859,2516,3040,4074,2960,3521,1803,2052,2359,2470,1975,3833,45412,26249,7506,3597,9557,5672,4428,47,43
2021-06-30T23:59:59+02:00,52,39,1705,1797,5548,4414,5946,4339,5671,6232,4637,4979,2652,2757,3249,3262,2744,5174,667,757,2238,2063,2745,2461,2929,3986,2895,3444,1781,2017,2350,2458,1974,3832,44963,25770,7439,3477,9540,5542,4305,47,43
2021-06-29T23:59:59+02:00,51,36,1646,1710,5430,4320,5844,4284,5614,6171,4607,4949,2646,2752,3248,3261,2743,5173,637,717,2154,1979,2664,2394,2827,3869,2834,3392,1764,1983,2337,2444,1973,3829,44408,25269,7404,3401,9532,5428,4182,47,43
2021-06-28T23:59:59+02:00,49,34,1610,1650,5311,4252,5772,4229,5568,6128,4579,4924,2642,2744,3247,3259,2743,5173,621,690,2057,1915,2586,2340,2755,3787,2787,3343,1745,1964,2329,2438,1973,3826,43990,24945,7340,3260,9519,5331,4094,47,43
2021-06-27T23:59:59+02:00,48,33,1576,1622,5259,4208,5722,4195,5524,6109,4568,4912,2639,2740,3247,3258,2743,5173,601,672,2006,1868,2547,2320,2709,3747,2757,3326,1733,1948,2328,2428,1973,3826,43791,24794,7301,3205,9495,5242,4018,47,43
2021-06-26T23:59:59+02:00,36,27,1542,1592,5185,4162,5622,4149,5483,6075,4548,4899,2639,2738,3247,3256,2743,5173,595,662,1972,1846,2509,2300,2686,3724,2736,3304,1711,1938,2327,2426,1973,3826,43411,24566,7214,3200,9494,5218,4018,47,43
2021-06-25T23:59:59+02:00,29,19,1505,1547,5068,4080,5565,4119,5446,6048,4522,4886,2635,2735,3245,3255,2743,5172,585,637,1924,1825,2445,2233,2588,3583,2688,3202,1702,1916,2323,2422,1971,3825,42951,24097,7177,3174,9493,5036,4016,47,43
2021-06-24T23:59:59+02:00,21,14,1452,1491,4875,3955,5435,4067,5349,6003,4478,4854,2630,2732,3245,3254,2742,5172,545,614,1811,1755,2271,2164,2426,3499,2575,3107,1668,1893,2313,2416,1970,3822,42274,23568,7121,2863,9482,4951,3904,47,43
2021-06-23T23:59:59+02:00,21,14,1419,1456,4790,3895,5348,4012,5293,5958,4453,4819,2620,2725,3241,3250,2741,5171,510,595,1745,1695,2168,2116,2307,3408,2470,3010,1643,1869,2307,2409,1969,3821,41829,23007,7061,2787,9477,4807,3868,47,43
2021-06-22T23:59:59+02:00,20,14,1390,1435,4711,3828,5264,3960,5248,5911,4424,4794,2616,2719,3241,3249,2740,5171,494,576,1687,1654,2084,2058,2226,3295,2362,2910,1629,1845,2297,2397,1968,3817,41403,22564,7012,2666,9473,4645,3841,47,42
2021-06-21T23:59:59+02:00,19,14,1360,1390,4596,3740,5181,3914,5181,5850,4396,4774,2612,2705,3240,3244,2739,5169,478,559,1651,1619,2049,2017,2175,3213,2293,2829,1604,1809,2274,2374,1968,3813,40865,22260,6967,2569,9470,4500,3807,47,42
2021-06-20T23:59:59+02:00,18,12,1336,1357,4522,3673,5135,3896,5146,5830,4373,4762,2608,2703,3239,3244,2738,5169,461,544,1617,1589,2023,1993,2140,3185,2243,2786,1597,1794,2272,2368,1968,3812,40580,22064,6935,2532,9457,4435,3768,47,41
2021-06-19T23:59:59+02:00,17,12,1325,1338,4479,3640,5113,3868,5114,5805,4355,4752,2604,2701,3239,3243,2737,5169,456,539,1600,1569,2007,1966,2126,3161,2218,2749,1589,1785,2268,2365,1966,3811,40409,21901,6871,2503,9457,4425,3745,47,41
2021-06-18T23:59:59+02:00,12,9,1306,1315,4407,3596,5062,3828,5064,5764,4330,4740,2600,2697,3238,3241,2737,5169,443,528,1579,1552,1980,1934,2080,3112,2160,2688,1575,1768,2268,2360,1965,3808,40073,21582,6824,2500,9456,4378,3731,47,41
2021-06-17T23:59:59+02:00,10,8,1259,1279,4243,3524,4873,3753,4890,5671,4265,4691,2594,2694,3238,3240,2736,5169,407,511,1479,1518,1802,1871,1916,3017,2053,2606,1551,1744,2257,2348,1963,3806,39457,21103,6762,2391,9445,4296,3439,45,41
2021-06-16T23:59:59+02:00,10,8,1234,1245,4138,3437,4774,3698,4783,5600,4219,4659,2586,2690,3237,3236,2735,5168,389,490,1420,1481,1738,1840,1834,2935,1989,2533,1535,1716,2243,2335,1963,3802,38964,20695,6633,2323,9435,4217,3382,45,41
2021-06-15T23:59:59+02:00,10,8,1200,1210,4001,3351,4703,3640,4707,5524,4176,4626,2576,2683,3232,3234,2735,5167,379,465,1370,1432,1691,1798,1763,2877,1915,2460,1516,1685,2237,2321,1962,3801,38409,20360,6593,2234,9422,4144,3302,45,41
2021-06-14T23:59:59+02:00,10,6,1172,1175,3910,3296,4619,3584,4628,5452,4123,4592,2572,2673,3231,3230,2734,5166,369,452,1331,1397,1642,1766,1713,2818,1853,2406,1503,1659,2232,2314,1961,3799,37943,20103,6503,2162,9415,4064,3247,44,41
2021-06-13T23:59:59+02:00,10,6,1157,1160,3859,3250,4561,3538,4577,5410,4102,4577,2571,2667,3230,3229,2734,5164,362,445,1298,1379,1607,1740,1670,2780,1810,2362,1487,1638,2226,2303,1961,3797,37674,19909,6465,2139,9409,3987,3184,44,41
2021-06-12T23:59:59+02:00,10,5,1140,1138,3832,3224,4532,3515,4557,5395,4086,4567,2568,2664,3229,3228,2734,5163,358,443,1290,1362,1582,1713,1640,2758,1764,2341,1477,1626,2214,2299,1961,3796,37484,19733,6453,2139,9408,3928,3169,44,41
2021-06-11T23:59:59+02:00,8,5,1121,1125,3792,3178,4456,3487,4518,5357,4059,4556,2567,2660,3228,3225,2734,5162,347,430,1268,1328,1555,1693,1594,2708,1706,2293,1466,1610,2212,2294,1961,3795,37184,19475,6426,2131,9404,3851,3144,44,41
2021-06-10T23:59:59+02:00,7,4,1060,1079,3663,3095,4321,3403,4411,5285,4002,4520,2563,2652,3226,3223,2733,5162,331,417,1206,1292,1488,1630,1528,2635,1613,2187,1432,1574,2207,2284,1960,3792,36581,19033,6280,2124,9386,3693,3059,44,40
2021-06-09T23:59:59+02:00,7,2,1010,1044,3536,2997,4179,3344,4320,5207,3957,4477,2559,2645,3223,3219,2733,5162,313,400,1144,1256,1418,1601,1465,2552,1533,2109,1404,1514,2199,2270,1959,3789,36091,18700,6109,2070,9381,3558,2924,44,40
2021-06-08T23:59:59+02:00,6,2,962,1003,3404,2908,4057,3254,4217,5119,3899,4448,2551,2640,3220,3216,2732,5160,298,377,1099,1216,1362,1567,1409,2490,1480,2034,1378,1475,2188,2251,1955,3784,35527,18446,5970,2020,9370,3416,2798,44,39
2021-06-07T23:59:59+02:00,5,2,933,977,3298,2831,3924,3213,4090,5045,3846,4420,2537,2634,3219,3214,2732,5158,289,370,1053,1175,1306,1545,1361,2435,1409,1980,1363,1453,2172,2234,1954,3775,35137,18266,5788,1984,9361,3284,2649,44,39
2021-06-06T23:59:59+02:00,5,2,914,967,3239,2787,3835,3161,4014,5013,3811,4404,2533,2628,3217,3213,2730,5157,282,357,1038,1148,1274,1511,1335,2378,1376,1920,1348,1436,2165,2227,1952,3772,34918,18159,5650,1935,9352,3170,2557,44,39
2021-06-05T23:59:59+02:00,5,2,897,948,3164,2724,3784,3129,3977,4987,3798,4399,2532,2626,3217,3212,2730,5156,276,350,1021,1126,1250,1490,1309,2347,1338,1898,1328,1410,2162,2223,1952,3772,34626,17983,5643,1932,9346,3118,2513,44,38
2021-06-04T23:59:59+02:00,3,2,873,932,3108,2670,3706,3088,3903,4931,3768,4379,2528,2623,3214,3212,2730,5156,265,343,997,1092,1226,1475,1271,2308,1301,1861,1309,1385,2152,2218,1952,3770,34299,17813,5595,1927,9343,3058,2419,44,38
2021-06-03T23:59:59+02:00,3,2,827,899,2951,2567,3517,2981,3721,4808,3671,4304,2520,2613,3209,3206,2730,5156,253,328,964,1055,1167,1420,1201,2212,1237,1794,1268,1338,2141,2204,1952,3768,33606,17582,5359,1906,9327,2892,2205,43,38
2021-06-02T23:59:59+02:00,3,2,796,890,2873,2484,3446,2924,3651,4742,3628,4278,2518,2608,3209,3205,2730,5156,237,323,943,1022,1110,1387,1148,2166,1184,1741,1252,1300,2137,2201,1952,3768,33235,17361,5341,1891,9326,2853,2041,43,38
2021-06-01T23:59:59+02:00,3,2,749,860,2707,2362,3252,2822,3469,4622,3563,4214,2507,2600,3206,3199,2730,5156,224,309,863,967,1006,1322,1054,2046,1129,1663,1215,1240,2127,2189,1950,3763,32619,17071,5116,1851,9314,2654,1752,43,38
2021-05-31T23:59:59+02:00,3,2,714,833,2574,2275,3110,2722,3352,4518,3501,4163,2500,2587,3203,3194,2730,5155,209,292,812,921,932,1267,999,1958,1084,1603,1191,1208,2120,2184,1948,3761,32219,16887,4883,1835,9295,2518,1502,43,38
2021-05-30T23:59:59+02:00,3,2,703,819,2516,2224,3033,2683,3291,4469,3481,4139,2496,2582,3202,3193,2729,5153,198,272,770,881,875,1220,951,1889,1061,1550,1173,1192,2113,2174,1948,3759,32067,16787,4818,1820,9284,2360,1307,43,38
2021-05-29T23:59:59+02:00,3,1,701,817,2501,2207,3010,2671,3274,4451,3471,4130,2495,2581,3202,3193,2729,5153,195,261,763,871,856,1194,932,1835,1042,1512,1158,1169,2112,2166,1947,3759,31942,16677,4816,1819,9282,2216,1306,43,38
2021-05-28T23:59:59+02:00,3,1,693,807,2466,2169,2962,2643,3249,4430,3459,4113,2494,2577,3200,3187,2729,5153,192,253,752,861,846,1173,921,1793,1007,1468,1135,1138,2109,2158,1946,3757,31698,16492,4804,1817,9277,2139,1302,43,38
2021-05-27T23:59:59+02:00,3,1,646,786,2336,2113,2827,2570,3110,4349,3374,4059,2486,2563,3199,3185,2729,5150,177,236,689,809,769,1118,837,1695,938,1381,1112,1103,2095,2137,1945,3755,31198,16265,4671,1776,9244,1884,1104,43,37
2021-05-26T23:59:59+02:00,3,1,613,760,2232,2048,2664,2511,2982,4285,3319,4006,2475,2551,3194,3178,2726,5144,169,218,650,770,723,1082,788,1626,892,1323,1092,1072,2076,2103,1940,3748,30791,16029,4432,1760,9214,1743,971,43,37
2021-05-25T23:59:59+02:00,3,1,589,744,2146,1989,2561,2469,2872,4202,3266,3968,2461,2542,3191,3173,2725,5140,159,208,630,741,688,1047,741,1565,840,1260,1067,1048,2045,2068,1939,3743,30425,15788,4250,1720,9170,1606,906,42,34
2021-05-24T23:59:59+02:00,3,1,576,721,2090,1947,2487,2439,2801,4147,3211,3922,2449,2534,3185,3172,2722,5139,154,200,611,723,661,1015,702,1503,814,1202,1042,1029,2039,2064,1934,3742,30236,15673,4072,1706,9132,1480,807,42,33
2021-05-23T23:59:59+02:00,3,1,573,719,2076,1935,2474,2424,2790,4134,3198,3908,2444,2532,3185,3170,2722,5139,153,199,607,717,651,1009,684,1488,801,1193,1036,1022,2034,2059,1932,3738,30120,15583,4069,1699,9132,1468,805,42,32
2021-05-22T23:59:59+02:00,3,1,567,709,2052,1916,2439,2407,2765,4103,3169,3879,2435,2527,3183,3167,2722,5138,150,191,600,712,647,999,669,1482,795,1184,1023,1014,2026,2044,1932,3738,29882,15511,4068,1699,9130,1430,795,42,32
2021-05-21T23:59:59+02:00,3,1,555,691,1966,1886,2347,2360,2698,4052,3124,3830,2428,2513,3180,3165,2722,5136,150,188,594,705,635,989,655,1470,774,1162,1006,984,2013,2038,1932,3737,29396,15405,4040,1697,9113,1367,792,42,32
2021-05-20T23:59:59+02:00,3,1,516,669,1831,1814,2211,2284,2571,3955,3035,3743,2407,2497,3170,3157,2720,5133,142,179,566,670,602,950,626,1411,742,1099,979,947,1999,2023,1930,3734,28704,15263,3920,1681,9038,1160,717,42,32
2021-05-19T23:59:59+02:00,3,1,476,633,1724,1739,2071,2216,2432,3856,2929,3643,2386,2477,3163,3150,2714,5132,129,171,539,649,570,916,598,1360,714,1038,956,926,1979,1990,1923,3730,27945,15083,3849,1658,8994,1063,599,42,32
2021-05-18T23:59:59+02:00,3,0,451,610,1646,1676,1973,2155,2317,3735,2828,3541,2372,2456,3155,3142,2713,5128,121,163,515,629,547,883,579,1283,696,976,937,899,1965,1968,1919,3723,27420,14939,3673,1616,8937,957,499,42,32
2021-05-17T23:59:59+02:00,3,0,430,597,1589,1641,1915,2102,2239,3624,2770,3467,2352,2436,3144,3134,2711,5123,116,155,493,614,535,848,566,1219,681,919,916,860,1959,1957,1918,3718,27103,14840,3520,1576,8869,856,406,42,30
2021-05-16T23:59:59+02:00,3,0,426,596,1560,1613,1884,2078,2195,3571,2709,3406,2338,2427,3141,3130,2711,5122,113,153,485,595,526,832,552,1169,661,877,888,828,1952,1952,1918,3717,26914,14778,3450,1538,8828,768,333,42,30
2021-05-15T23:59:59+02:00,3,0,421,591,1532,1596,1865,2058,2174,3546,2682,3368,2331,2427,3140,3127,2710,5122,112,150,483,594,526,831,547,1165,653,869,884,825,1946,1948,1918,3717,26708,14742,3449,1537,8820,760,328,40,30
2021-05-14T23:59:59+02:00,3,0,408,576,1501,1566,1824,2014,2094,3472,2628,3320,2321,2415,3137,3127,2708,5122,110,146,480,578,506,806,527,1134,639,853,869,810,1938,1939,1918,3716,26324,14679,3407,1521,8796,658,307,40,30
2021-05-13T23:59:59+02:00,2,0,385,560,1441,1516,1721,1968,1978,3383,2555,3227,2293,2397,3128,3121,2706,5116,105,143,468,570,496,791,521,1119,623,840,840,777,1921,1913,1917,3710,25869,14584,3186,1467,8742,618,280,40,28
2021-05-12T23:59:59+02:00,1,0,378,555,1424,1508,1703,1959,1957,3359,2540,3209,2290,2390,3122,3118,2706,5115,105,141,465,570,495,784,516,1114,618,833,832,761,1917,1904,1915,3710,25733,14523,3163,1457,8735,617,277,39,28
2021-05-11T23:59:59+02:00,1,0,357,534,1357,1471,1604,1917,1846,3261,2435,3130,2273,2362,3113,3107,2701,5114,99,131,450,542,475,754,496,1082,583,811,803,727,1904,1893,1913,3706,25309,14397,2990,1413,8621,529,220,39,28
2021-05-10T23:59:59+02:00,1,0,342,515,1318,1442,1551,1887,1777,3198,2373,3058,2258,2346,3104,3098,2700,5110,99,128,444,535,466,733,489,1058,578,788,786,705,1898,1886,1911,3701,25024,14324,2914,1404,8498,475,192,39,27
2021-05-09T23:59:59+02:00,1,0,336,505,1277,1422,1524,1870,1728,3160,2304,3006,2247,2332,3101,3092,2700,5105,96,125,435,526,458,727,479,1048,567,774,771,695,1888,1880,1910,3698,24777,14273,2859,1396,8447,426,169,39,26
2021-05-08T23:59:59+02:00,1,0,330,501,1266,1401,1491,1847,1696,3132,2252,2985,2240,2324,3098,3091,2698,5104,95,125,433,525,456,726,478,1043,567,768,765,694,1883,1869,1910,3698,24527,14251,2855,1388,8443,413,168,39,26
2021-05-07T23:59:59+02:00,1,0,319,494,1238,1374,1440,1827,1636,3068,2195,2936,2231,2313,3097,3086,2696,5099,92,122,421,512,446,699,465,1008,544,743,759,669,1862,1854,1910,3694,24241,14179,2826,1363,8377,309,134,39,23
2021-05-06T23:59:59+02:00,1,0,300,478,1150,1336,1324,1764,1494,2954,2049,2842,2191,2276,3093,3073,2695,5095,89,116,408,498,432,682,452,985,526,719,744,650,1844,1838,1906,3687,23719,14092,2633,1338,8163,224,106,37,22
2021-05-05T23:59:59+02:00,1,0,285,464,1109,1308,1276,1727,1425,2886,1956,2757,2166,2242,3078,3058,2695,5084,89,112,400,488,427,670,444,973,519,701,722,637,1818,1816,1906,3684,23249,14005,2573,1312,8094,175,99,37,20
2021-05-04T23:59:59+02:00,1,0,277,453,1072,1283,1237,1706,1379,2838,1889,2689,2144,2206,3068,3044,2685,5071,85,108,393,477,424,665,434,953,509,681,704,614,1798,1789,1902,3684,22891,13899,2510,1279,8040,134,93,37,19
2021-05-03T23:59:59+02:00,1,0,270,445,1040,1258,1200,1688,1350,2803,1840,2651,2126,2175,3054,3035,2683,5065,79,102,381,471,416,657,430,945,501,674,685,602,1770,1760,1900,3680,22628,13792,2485,1268,7989,113,64,37,18
2021-05-02T23:59:59+02:00,1,0,264,443,1026,1246,1172,1672,1324,2788,1825,2626,2117,2160,3049,3032,2681,5062,77,101,375,467,411,652,425,939,497,669,677,589,1744,1745,1900,3679,22499,13742,2468,1240,7948,99,50,36,17
2021-05-01T23:59:59+02:00,1,0,260,438,1018,1237,1159,1660,1308,2774,1805,2608,2108,2153,3045,3028,2681,5061,77,100,375,466,409,652,423,935,497,668,675,589,1744,1745,1900,3679,22351,13734,2467,1240,7948,96,48,36,17
2021-04-30T23:59:59+02:00,1,0,257,431,1007,1215,1137,1639,1269,2709,1736,2545,2094,2135,3038,3023,2680,5057,76,97,374,460,406,646,422,910,492,656,668,583,1741,1739,1900,3677,22015,13717,2462,1228,7944,71,16,36,16
2021-04-29T23:59:59+02:00,1,0,243,416,958,1191,1098,1601,1217,2651,1640,2469,2044,2085,3028,3011,2675,5045,76,96,368,459,401,641,415,898,481,646,651,570,1725,1726,1894,3671,21506,13635,2424,1201,7884,49,15,35,16
2021-04-28T23:59:59+02:00,1,0,232,413,942,1176,1068,1589,1181,2608,1570,2413,1997,2019,3015,3006,2673,5042,73,95,361,456,398,632,411,888,473,631,633,551,1706,1705,1894,3669,21181,13554,2375,1151,7826,36,14,35,16
2021-04-27T23:59:59+02:00,1,0,229,405,928,1162,1051,1576,1156,2582,1547,2385,1962,1972,3008,2999,2671,5038,71,92,359,453,396,627,409,883,467,626,625,538,1693,1681,1890,3666,20969,13490,2343,1119,7791,31,14,31,16
2021-04-26T23:59:59+02:00,1,0,226,398,918,1153,1040,1563,1127,2563,1490,2334,1941,1948,2998,2988,2668,5032,71,92,354,449,396,625,402,880,463,620,615,525,1678,1666,1888,3661,20764,13438,2326,1080,7722,29,14,31,16
2021-04-25T23:59:59+02:00,1,0,226,397,910,1143,1027,1554,1110,2544,1457,2299,1912,1924,2990,2981,2668,5031,70,91,353,441,393,623,399,876,461,619,612,518,1672,1656,1888,3659,20625,13415,2298,1059,7670,21,14,31,14
2021-04-24T23:59:59+02:00,1,0,222,393,898,1133,1014,1538,1096,2525,1420,2274,1902,1899,2987,2975,2668,5031,70,91,353,441,392,623,399,874,460,616,609,515,1671,1653,1888,3659,20441,13408,2298,1048,7650,21,14,31,14
2021-04-23T23:59:59+02:00,1,0,218,386,887,1119,1007,1527,1076,2504,1362,2224,1876,1871,2980,2969,2668,5028,69,89,353,441,392,622,398,870,457,612,602,506,1661,1643,1888,3654,20271,13378,2286,1020,7550,21,14,31,14
2021-04-22T23:59:59+02:00,1,0,216,378,861,1097,982,1505,1042,2460,1305,2159,1829,1817,2966,2949,2666,5019,69,88,351,436,386,614,395,860,452,606,588,498,1642,1627,1883,3649,19952,13301,2230,991,7468,14,14,31,14
2021-04-21T23:59:59+02:00,1,0,210,371,842,1082,957,1486,999,2423,1253,2106,1774,1745,2944,2927,2659,5010,67,86,348,435,384,611,390,855,448,599,583,492,1628,1604,1872,3644,19584,13227,2193,966,7405,14,14,31,14
2021-04-20T23:59:59+02:00,1,0,204,366,823,1056,937,1465,976,2369,1208,2049,1711,1676,2914,2900,2653,4992,65,86,346,434,380,607,385,849,447,592,576,483,1605,1572,1868,3640,19237,13141,2120,942,7331,13,14,31,14
2021-04-19T23:59:59+02:00,1,0,202,356,808,1045,923,1446,958,2336,1181,2012,1666,1627,2899,2885,2651,4987,65,85,345,432,375,601,381,840,442,580,572,477,1577,1545,1862,3627,19008,13044,2101,914,7260,10,13,30,14
2021-04-18T23:59:59+02:00,1,0,200,353,801,1036,910,1435,936,2312,1157,1991,1624,1585,2889,2876,2644,4981,64,83,344,431,375,601,380,835,441,577,569,471,1567,1539,1859,3625,18856,13014,2067,898,7186,10,13,30,14
2021-04-17T23:59:59+02:00,1,0,198,349,798,1033,903,1433,927,2307,1150,1983,1604,1552,2884,2867,2644,4981,64,80,342,426,374,601,378,831,439,574,564,464,1555,1531,1859,3622,18768,12959,2066,896,7157,10,13,30,14
2021-04-16T23:59:59+02:00,1,0,197,347,789,1026,889,1416,911,2284,1111,1940,1546,1483,2870,2852,2640,4974,59,78,339,419,372,599,373,819,432,560,537,433,1542,1509,1848,3609,18527,12851,2049,828,7075,9,13,29,13
2021-04-15T23:59:59+02:00,1,0,196,342,766,1009,869,1404,885,2239,1067,1897,1492,1423,2841,2824,2625,4958,57,77,334,413,367,598,365,812,422,557,521,424,1507,1475,1835,3594,18236,12731,2032,778,6940,8,13,28,13
2021-04-14T23:59:59+02:00,1,0,195,336,757,1001,862,1391,870,2205,1047,1866,1431,1375,2790,2758,2612,4942,54,73,329,409,363,593,362,803,411,543,505,404,1471,1443,1828,3575,17950,12588,2008,730,6849,8,13,25,12
2021-04-13T23:59:59+02:00,1,0,191,330,748,997,851,1379,859,2179,1013,1837,1364,1302,2736,2699,2604,4927,52,73,324,405,353,585,355,795,402,535,492,395,1444,1420,1819,3564,17695,12484,1954,682,6734,6,13,24,12
2021-04-12T23:59:59+02:00,1,0,191,329,742,992,842,1367,831,2156,997,1816,1311,1264,2715,2669,2600,4913,51,69,314,396,347,579,350,787,396,528,473,385,1425,1404,1816,3556,17552,12385,1928,640,6620,6,13,22,12
2021-04-11T23:59:59+02:00,0,0,189,327,736,981,834,1362,817,2136,980,1798,1285,1231,2693,2647,2595,4906,50,67,309,394,345,577,349,783,391,520,467,376,1410,1399,1811,3549,17473,12332,1900,614,6507,5,12,21,12
2021-04-10T23:59:59+02:00,0,0,189,325,736,978,831,1361,810,2128,972,1791,1271,1214,2680,2630,2594,4906,45,62,286,380,329,561,335,771,376,510,452,369,1398,1376,1806,3543,17413,12146,1891,598,6474,5,11,21,12
2021-04-09T23:59:59+02:00,0,0,189,321,731,975,821,1338,801,2044,952,1708,1215,1139,2636,2601,2591,4898,38,60,272,366,310,548,315,757,362,493,434,359,1353,1346,1793,3529,17245,11904,1851,568,6221,5,9,19,11
2021-04-08T23:59:59+02:00,0,0,187,317,727,968,809,1326,785,2025,924,1686,1139,1051,2574,2561,2578,4888,37,58,263,352,297,540,299,741,336,475,407,336,1303,1307,1769,3495,17057,11611,1776,535,6068,5,8,19,11
2021-04-07T23:59:59+02:00,0,0,181,314,718,962,801,1311,768,1996,900,1653,1084,989,2518,2500,2569,4874,35,55,245,335,287,534,290,728,321,462,376,316,1254,1267,1750,3457,16857,11333,1728,504,5901,5,8,19,11
2021-04-06T23:59:59+02:00,0,0,177,313,711,957,785,1296,748,1974,871,1627,1050,943,2477,2450,2561,4864,33,54,243,332,283,531,280,724,311,457,365,302,1223,1237,1730,3434,16733,11195,1693,469,5719,5,8,19,11
2021-04-05T23:59:59+02:00,0,0,177,313,709,951,779,1286,738,1958,860,1612,1020,916,2450,2407,2556,4855,33,54,243,328,282,527,276,717,305,455,363,295,1187,1211,1722,3415,16662,11097,1676,439,5585,5,8,19,11
2021-04-04T23:59:59+02:00,0,0,176,310,706,943,773,1274,727,1941,851,1590,1004,899,2442,2401,2556,4854,33,53,243,328,281,527,276,717,304,455,361,295,1168,1197,1718,3411,16625,11050,1670,439,5489,5,8,18,11
2021-04-03T23:59:59+02:00,0,0,176,310,706,943,771,1272,726,1936,843,1586,991,888,2435,2390,2553,4853,33,53,243,328,281,527,276,716,304,453,361,295,1168,1192,1718,3408,16576,11039,1670,439,5468,5,8,18,11
2021-04-02T23:59:59+02:00,0,0,176,308,706,942,770,1269,722,1929,835,1575,978,874,2412,2367,2551,4850,33,53,240,328,279,525,273,709,297,448,356,293,1146,1164,1706,3381,16498,10919,1658,432,5440,5,8,18,11
2021-04-01T23:59:59+02:00,0,0,173,305,700,931,757,1255,716,1909,817,1554,946,838,2370,2317,2545,4831,32,52,232,325,277,521,270,702,291,443,344,285,1106,1123,1673,3338,16361,10714,1594,418,5336,5,8,18,11
2021-03-31T23:59:59+02:00,0,0,170,302,693,925,747,1239,706,1863,802,1511,928,818,2323,2250,2524,4812,32,52,231,324,272,519,265,700,281,432,329,279,1040,1070,1649,3306,16237,10501,1524,399,5178,5,7,18,11
2021-03-30T23:59:59+02:00,0,0,166,295,687,916,743,1218,695,1824,790,1465,905,798,2271,2183,2510,4790,32,51,228,321,269,516,262,694,275,424,318,273,1005,1040,1627,3270,16084,10340,1474,381,5022,5,7,18,11
2021-03-29T23:59:59+02:00,0,0,162,289,681,903,737,1206,685,1791,777,1426,886,779,2195,2114,2489,4760,32,50,227,319,268,514,258,686,267,413,311,266,977,1018,1614,3243,15870,10207,1429,371,4903,5,7,18,11
2021-03-28T23:59:59+02:00,0,0,154,271,671,895,730,1197,680,1770,771,1408,878,758,2145,2069,2484,4748,32,49,224,319,264,508,254,683,265,410,309,264,966,1006,1608,3234,15786,10147,1373,363,4791,5,7,18,11
2021-03-27T23:59:59+01:00,0,0,154,268,667,888,726,1193,674,1759,767,1401,867,742,2133,2053,2484,4745,32,49,224,319,264,508,253,676,262,405,307,263,959,996,1590,3210,15727,10080,1363,352,4749,5,7,18,11
2021-03-26T23:59:59+01:00,0,0,152,266,657,876,720,1177,664,1740,758,1369,848,722,2107,2027,2474,4735,32,49,224,319,263,505,253,675,256,393,301,255,927,964,1557,3159,15619,9896,1325,352,4663,5,5,18,11
2021-03-25T23:59:59+01:00,0,0,149,265,647,864,699,1156,646,1702,739,1326,828,699,2063,1982,2458,4717,32,48,221,314,262,504,247,672,254,391,293,251,888,933,1495,3080,15500,9660,1270,338,4483,4,5,17,11
2021-03-24T23:59:59+01:00,0,0,146,256,632,851,691,1142,637,1663,722,1292,803,679,2019,1938,2441,4693,32,48,219,311,260,502,245,672,248,388,286,245,842,908,1444,2987,15357,9430,1234,322,4326,3,4,17,11
2021-03-23T23:59:59+01:00,0,0,143,254,625,841,676,1129,626,1640,708,1251,784,664,1978,1906,2425,4674,31,47,217,310,258,498,238,667,245,381,276,241,816,884,1366,2888,15259,9165,1203,311,4172,3,4,17,11
2021-03-22T23:59:59+01:00,0,0,140,249,607,821,658,1110,615,1606,691,1225,773,650,1946,1881,2414,4658,31,46,216,308,256,496,237,659,244,377,272,237,790,862,1274,2782,15171,8899,1171,299,4011,3,4,15,11
2021-03-21T23:59:59+01:00,0,0,137,247,603,814,654,1107,610,1582,679,1190,766,639,1922,1874,2407,4642,31,46,215,308,255,494,236,658,242,375,270,233,784,859,1265,2773,15137,8865,1150,290,3890,3,4,14,10
2021-03-20T23:59:59+01:00,0,0,135,247,597,811,650,1103,606,1578,677,1188,759,630,1897,1847,2400,4630,31,46,215,308,254,494,235,656,239,369,268,231,774,853,1247,2759,15067,8810,1140,280,3850,3,4,14,10
2021-03-19T23:59:59+01:00,0,0,126,235,590,797,640,1096,602,1560,660,1174,723,585,1837,1805,2370,4609,30,46,215,307,253,494,233,649,236,366,266,225,748,834,1209,2706,14891,8662,1063,265,3753,3,4,13,10
2021-03-18T23:59:59+01:00,0,0,123,230,571,787,620,1064,583,1509,630,1125,686,560,1784,1756,2342,4566,30,46,214,305,251,486,233,644,232,357,264,217,730,822,1176,2662,14695,8530,997,246,3535,3,4,13,10
2021-03-17T23:59:59+01:00,0,0,117,224,560,772,608,1059,573,1496,614,1102,662,535,1738,1721,2321,4527,30,45,214,304,250,483,231,643,231,354,263,215,718,808,1141,2615,14490,8410,946,240,3479,3,4,11,10
2021-03-16T23:59:59+01:00,0,0,112,217,548,760,594,1045,561,1453,597,1074,643,511,1683,1665,2299,4489,30,44,214,302,250,477,230,641,229,353,259,215,701,789,1111,2559,14308,8273,890,237,3334,3,2,11,10
2021-03-15T23:59:59+01:00,0,0,108,210,533,743,582,1021,549,1419,582,1035,623,492,1638,1625,2277,4464,29,44,213,299,250,474,228,639,227,353,250,211,681,777,1086,2523,14145,8168,835,223,3196,3,0,11,10
2021-03-14T23:59:59+01:00,0,0,104,198,524,728,571,999,541,1374,565,990,605,476,1608,1604,2261,4439,29,44,213,297,249,473,227,634,226,348,248,207,677,770,1078,2508,14038,8141,800,194,3019,3,0,11,10
2021-03-13T23:59:59+01:00,0,0,100,188,498,707,542,973,513,1350,542,969,577,467,1581,1577,2253,4431,29,44,213,297,249,473,226,634,226,347,247,207,671,760,1047,2477,13811,8059,786,193,2925,3,0,11,10
2021-03-12T23:59:59+01:00,0,0,91,182,472,678,522,946,489,1315,515,932,545,445,1520,1530,2230,4392,29,44,213,296,249,472,226,634,226,346,243,205,655,748,1021,2450,13495,7967,756,193,2794,3,0,11,9
2021-03-11T23:59:59+01:00,0,0,84,171,439,641,487,913,449,1236,477,868,511,412,1440,1462,2182,4333,29,43,212,293,244,468,224,630,222,343,238,203,639,725,996,2409,13103,7879,703,142,2519,3,0,11,9
2021-03-10T23:59:59+01:00,0,0,82,165,415,616,468,896,430,1200,449,823,479,386,1361,1396,2143,4277,29,43,210,288,240,464,221,624,222,341,232,200,620,717,973,2369,12756,7769,670,125,2376,2,0,11,9
2021-03-09T23:59:59+01:00,0,0,82,161,404,595,440,867,415,1150,431,791,457,367,1308,1362,2101,4232,29,43,209,285,238,456,218,620,218,336,230,199,608,710,954,2338,12525,7685,643,106,2198,2,0,11,9
2021-03-08T23:59:59+01:00,0,0,79,156,391,577,419,849,403,1097,419,749,441,351,1250,1326,2077,4194,29,43,209,284,235,450,214,615,213,332,228,198,595,705,944,2327,12334,7632,606,90,2037,1,0,11,8
2021-03-07T23:59:59+01:00,0,0,76,152,388,567,411,833,391,1083,412,743,438,346,1237,1305,2068,4184,29,43,208,283,235,448,212,614,213,331,227,197,591,702,936,2320,12265,7602,579,88,1985,0,0,11,8
2021-03-06T23:59:59+01:00,0,0,76,145,385,562,404,811,381,1026,404,709,435,345,1230,1294,2053,4169,29,43,208,283,234,447,212,613,213,331,227,197,588,702,934,2306,12206,7593,579,75,1836,0,0,11,8
2021-03-05T23:59:59+01:00,0,0,76,140,381,556,400,803,378,1009,392,683,423,331,1189,1252,2009,4108,29,43,207,282,233,446,211,611,212,328,225,196,582,701,926,2285,11986,7568,557,49,1772,0,0,11,8
2021-03-04T23:59:59+01:00,0,0,75,127,372,523,386,770,358,967,378,653,405,329,1137,1202,1925,4012,28,43,205,275,231,439,209,600,209,327,224,195,580,698,923,2282,11683,7520,523,48,1595,0,0,11,5
2021-03-03T23:59:59+01:00,0,0,68,116,363,507,378,753,352,945,364,633,395,321,1092,1168,1855,3890,28,43,205,274,230,437,206,590,209,321,223,192,574,695,916,2276,11407,7475,496,43,1476,0,0,10,5
2021-03-02T23:59:59+01:00,0,0,65,109,353,494,363,734,341,924,356,605,382,314,1056,1137,1757,3769,27,43,205,274,230,430,201,583,207,318,221,192,572,687,909,2263,11081,7416,472,43,1378,0,0,10,5
2021-03-01T23:59:59+01:00,0,0,64,107,347,480,356,714,330,899,348,570,376,311,1029,1105,1639,3614,27,42,204,273,228,421,199,575,207,314,220,192,569,679,900,2255,10737,7358,451,43,1268,0,0,10,5
2021-02-28T23:59:59+01:00,0,0,64,105,340,471,352,706,328,875,342,550,371,299,1020,1101,1629,3602,27,42,203,272,227,421,199,575,207,314,219,192,568,675,897,2252,10691,7343,440,43,1189,0,0,10,5
2021-02-27T23:59:59+01:00,0,0,61,96,336,463,348,702,322,862,338,540,367,295,1010,1090,1606,3580,27,42,203,271,227,420,198,574,206,313,219,192,568,675,897,2252,10619,7342,427,38,1132,0,0,10,5
2021-02-26T23:59:59+01:00,0,0,59,93,329,440,322,670,300,831,325,519,363,291,985,1070,1562,3518,27,41,203,270,227,418,196,571,203,311,219,192,568,675,896,2249,10455,7324,424,38,954,0,0,10,4
2021-02-25T23:59:59+01:00,0,0,52,80,317,419,311,640,294,803,311,492,353,281,966,1051,1524,3471,27,41,202,267,223,415,193,563,198,310,214,189,557,667,885,2243,10301,7262,410,28,803,0,0,10,4
2021-02-24T23:59:59+01:00,0,0,48,75,308,407,303,627,289,788,307,482,347,280,946,1038,1477,3412,26,41,200,265,220,402,191,555,195,305,212,186,551,661,883,2230,10152,7197,395,20,733,0,0,10,4
2021-02-23T23:59:59+01:00,0,0,45,66,295,391,295,608,282,769,297,472,340,278,915,1019,1436,3339,25,41,199,263,218,397,190,549,191,302,211,185,549,650,877,2210,9972,7134,376,16,641,0,0,10,4
2021-02-22T23:59:59+01:00,0,0,42,63,288,379,291,597,278,758,293,468,331,271,892,1004,1406,3303,25,39,195,260,215,384,182,539,185,299,208,182,537,642,870,2193,9848,7041,359,6,598,0,0,9,4
2021-02-21T23:59:59+01:00,0,0,41,62,283,371,289,588,274,750,286,464,328,268,887,999,1399,3293,25,38,193,257,214,382,182,530,185,298,208,182,533,641,862,2180,9821,6995,351,5,548,0,0,8,4
2021-02-20T23:59:59+01:00,0,0,40,62,280,370,289,585,273,744,283,456,327,268,873,987,1365,3260,25,38,193,257,214,382,182,530,184,297,208,182,532,641,860,2179,9731,6989,340,5,526,0,0,8,4
2021-02-19T23:59:59+01:00,0,0,39,62,276,365,283,563,263,718,278,442,323,263,847,970,1330,3230,25,37,193,257,213,381,182,528,183,297,207,181,527,640,855,2162,9621,6953,325,5,437,0,0,7,4
2021-02-18T23:59:59+01:00,0,0,39,58,258,344,275,542,254,697,261,414,319,254,835,949,1304,3198,24,36,189,250,211,375,178,513,181,286,204,176,512,626,818,2095,9527,6758,299,5,303,0,0,7,4
2021-02-17T23:59:59+01:00,0,0,39,56,251,338,271,528,249,684,258,392,314,249,815,938,1275,3151,22,34,186,245,203,361,174,496,176,274,196,172,501,611,799,2056,9394,6587,289,4,247,0,0,7,4
2021-02-16T23:59:59+01:00,0,0,38,51,239,326,268,517,243,669,251,384,309,247,803,926,1249,3119,20,34,177,237,196,342,167,484,172,260,193,165,467,580,764,1988,9296,6325,281,4,182,0,0,7,4
2021-02-15T23:59:59+01:00,0,0,37,50,233,323,261,504,239,663,247,376,305,246,784,917,1237,3100,19,32,170,230,191,334,162,473,166,253,183,159,437,551,728,1917,9230,6084,267,4,145,0,0,7,4
2021-02-14T23:59:59+01:00,0,0,35,50,230,320,259,498,237,657,247,372,305,242,777,911,1228,3081,18,32,168,227,187,329,161,461,164,250,182,156,428,542,710,1873,9207,5966,234,4,127,0,0,7,4
2021-02-13T23:59:59+01:00,0,0,34,50,230,320,257,498,237,656,247,372,305,242,775,910,1227,3080,18,32,166,226,184,329,160,459,163,247,180,153,423,539,702,1857,9200,5918,234,1,125,0,0,7,4
2021-02-12T23:59:59+01:00,0,0,33,48,227,314,254,489,233,645,244,365,304,241,769,909,1224,3070,18,32,164,223,183,328,158,457,161,246,178,149,419,523,671,1791,9171,5781,234,1,81,0,0,7,4
2021-02-11T23:59:59+01:00,0,0,32,47,219,295,247,473,226,621,231,352,300,240,761,892,1199,3037,18,31,148,202,175,297,147,410,155,224,161,133,371,474,608,1623,9100,5250,167,1,19,0,0,7,4
2021-02-10T23:59:59+01:00,0,0,31,47,216,287,244,466,222,612,228,346,294,240,748,889,1191,3027,17,28,135,178,159,260,127,359,144,200,145,125,344,443,546,1497,9043,4771,149,1,7,0,0,7,2
2021-02-09T23:59:59+01:00,0,0,30,46,215,284,242,453,217,604,224,343,290,236,744,882,1182,3014,17,26,120,148,146,237,110,316,130,172,126,116,310,386,491,1339,8988,4248,125,1,3,0,0,7,2
2021-02-08T23:59:59+01:00,0,0,30,46,214,282,236,438,214,592,221,338,285,236,736,875,1176,3007,15,24,103,125,125,193,91,274,121,160,103,107,271,334,429,1203,8921,3731,110,1,3,0,0,6,2
2021-02-07T23:59:59+01:00,0,0,30,45,212,281,234,437,214,589,221,337,285,236,734,871,1171,3004,14,18,99,117,118,182,86,256,115,150,96,102,264,321,413,1153,8900,3554,107,1,0,0,0,6,2
2021-02-06T23:59:59+01:00,0,0,30,45,212,281,234,436,214,589,221,336,284,236,733,871,1170,2992,11,14,98,115,117,178,84,249,115,148,95,101,264,317,402,1138,8897,3493,93,1,0,0,0,6,2
2021-02-05T23:59:59+01:00,0,0,29,44,212,281,234,435,212,586,219,335,283,236,731,871,1158,2965,10,10,90,106,113,175,83,244,109,136,92,99,255,310,377,1109,8877,3363,58,0,0,0,0,6,2
2021-02-04T23:59:59+01:00,0,0,29,44,209,276,230,431,207,580,217,331,280,232,725,864,1149,2951,9,7,63,73,90,131,71,205,89,117,88,85,223,274,333,983,8802,2874,58,0,0,0,0,4,2
2021-02-03T23:59:59+01:00,0,0,29,43,209,274,229,419,204,574,216,328,277,229,715,861,1141,2934,6,4,46,55,71,107,52,159,76,88,63,60,167,200,252,720,8736,2152,51,0,0,0,0,4,2
2021-02-02T23:59:59+01:00,0,0,28,43,208,272,225,413,203,569,213,327,274,228,707,850,1134,2909,3,3,30,38,56,77,41,103,57,65,54,49,119,134,168,476,8656,1490,50,0,0,0,0,4,2
2021-02-01T23:59:59+01:00,0,0,27,41,206,272,222,408,200,563,208,320,272,225,700,847,1129,2897,3,1,23,20,29,45,28,64,33,34,38,31,72,86,97,286,8589,899,50,0,0,0,0,4,2
2021-01-31T23:59:59+01:00,0,0,27,41,205,270,220,404,198,555,207,319,271,225,696,843,1123,2882,3,1,21,15,19,37,21,51,25,30,35,25,57,74,94,256,8537,771,49,0,0,0,0,4,2
2021-01-30T23:59:59+01:00,0,0,27,41,205,270,220,403,197,555,207,319,271,225,695,843,1122,2880,3,1,20,14,17,37,19,47,23,29,34,24,57,71,92,250,8532,744,48,0,0,0,0,4,2
2021-01-29T23:59:59+01:00,0,0,27,41,205,267,219,402,196,554,205,317,271,225,690,840,1116,2872,3,0,17,9,12,31,18,42,19,26,34,23,54,70,90,244,8504,696,44,0,0,0,0,3,2
2021-01-28T23:59:59+01:00,0,0,27,40,198,264,219,396,195,545,202,312,270,225,678,832,1093,2852,3,0,4,3,7,18,10,23,9,12,26,16,37,47,60,173,8414,450,35,0,0,0,0,3,1
2021-01-27T23:59:59+01:00,0,0,26,38,193,259,214,387,193,532,199,302,262,220,664,815,1069,2814,1,0,3,3,6,14,9,20,8,11,25,15,31,41,50,132,8252,370,30,0,0,0,0,3,1
2021-01-26T23:59:59+01:00,0,0,23,38,190,248,208,374,188,514,196,293,256,215,642,798,1041,2763,1,0,2,3,6,14,9,20,8,11,24,12,30,37,49,115,8056,342,25,0,0,0,0,3,1
2021-01-25T23:59:59+01:00,0,0,23,37,181,245,205,364,183,504,191,282,246,210,619,778,1015,2718,1,0,1,3,4,12,8,17,8,10,21,10,26,36,41,104,7886,303,7,0,0,0,0,3,1
2021-01-24T23:59:59+01:00,0,0,22,36,179,241,202,363,182,502,190,280,246,208,615,773,1012,2713,1,0,1,3,3,12,8,17,8,10,21,10,26,36,40,102,7850,299,5,0,0,0,0,3,1
2021-01-23T23:59:59+01:00,0,0,22,36,179,241,200,363,182,501,190,280,246,208,614,773,1004,2700,1,0,1,3,3,11,8,17,7,10,21,10,26,36,40,102,7825,297,5,0,0,0,0,3,1
2021-01-22T23:59:59+01:00,0,0,21,35,177,237,199,363,182,500,189,280,246,206,612,771,976,2658,1,0,1,3,3,11,8,17,7,10,21,10,26,36,40,102,7738,297,5,0,0,0,0,3,1
2021-01-21T23:59:59+01:00,0,0,20,35,168,227,192,345,177,476,187,263,234,201,586,745,940,2604,1,0,1,3,1,6,7,11,5,6,20,8,22,26,35,85,7482,238,5,0,0,0,0,3,1
2021-01-20T23:59:59+01:00,0,0,19,33,153,201,174,305,147,418,173,240,216,190,543,699,871,2403,1,0,1,3,1,6,7,10,5,5,19,7,21,23,31,79,6857,220,4,0,0,0,0,3,1
2021-01-19T23:59:59+01:00,0,0,19,30,129,169,159,271,134,375,157,217,181,169,479,608,773,2129,1,0,1,3,1,6,5,7,3,3,11,3,10,15,22,57,6063,148,3,0,0,0,0,3,1
2021-01-18T23:59:59+01:00,0,0,16,29,114,151,137,227,116,325,140,190,143,154,388,503,638,1788,1,0,1,1,0,3,4,5,2,3,2,1,4,6,10,28,5119,71,3,0,0,0,0,3,1
2021-01-17T23:59:59+01:00,0,0,15,19,110,137,129,214,108,301,132,178,134,139,372,473,588,1685,1,0,0,0,0,1,2,4,2,2,1,1,3,1,2,5,4787,24,3,0,0,0,0,3,1
2021-01-16T23:59:59+01:00,0,0,13,15,106,134,127,209,105,291,130,172,131,135,367,465,571,1657,0,0,0,0,0,0,0,0,1,0,0,0,0,0,0,0,4681,0,0,0,0,0,0,3,1
2021-01-15T23:59:59+01:00,0,0,11,13,101,124,123,204,103,281,128,160,127,132,359,449,540,1613,0,0,0,0,0,0,0,0,1,0,0,0,0,0,0,0,4518,0,0,0,0,0,0,3,1
2021-01-14T23:59:59+01:00,0,0,9,9,76,91,104,167,85,236,111,143,115,110,306,399,475,1397,0,0,0,0,0,0,0,0,1,0,0,0,0,0,0,0,3872,0,0,0,0,0,0,3,1
2021-01-13T23:59:59+01:00,0,0,7,8,63,81,93,140,75,193,101,117,87,81,236,283,377,1067,0,0,0,0,0,0,0,0,1,0,0,0,0,0,0,0,3042,0,0,0,0,0,0,3,1
2021-01-12T23:59:59+01:00,0,0,5,6,54,61,76,110,68,136,79,92,70,65,166,203,274,748,0,0,0,0,0,0,0,0,1,0,0,0,0,0,0,0,2241,0,0,0,0,0,0,1,1
2021-01-11T23:59:59+01:00,0,0,4,4,46,48,63,81,53,109,57,65,50,44,96,123,145,421,0,0,0,0,0,0,0,0,1,0,0,0,0,0,0,0,1431,0,0,0,0,0,0,1,1
2021-01-10T23:59:59+01:00,0,0,3,4,42,36,47,67,39,87,47,56,45,34,79,109,136,367,0,0,0,0,0,0,0,0,1,0,0,0,0,0,0,0,1211,0,0,0,0,0,0,1,1
2021-01-09T23:59:59+01:00,0,0,3,3,39,35,42,64,36,77,41,51,44,34,79,107,133,365,0,0,0,0,0,0,0,0,1,0,0,0,0,0,0,0,1164,0,0,0,0,0,0,1,1
2021-01-08T23:59:59+01:00,0,0,3,2,32,27,35,57,29,64,36,45,42,31,74,104,129,354,0,0,0,0,0,0,0,0,1,0,0,0,0,0,0,0,1073,0,0,0,0,0,0,1,1
2021-01-07T23:59:59+01:00,0,0,3,2,10,3,10,20,12,28,12,22,35,22,52,69,89,251,0,0,0,0,0,0,0,0,1,0,0,0,0,0,0,0,643,0,0,0,0,0,0,0,1
2021-01-06T23:59:59+01:00,0,0,3,0,3,3,5,15,9,21,8,13,31,20,44,58,74,200,0,0,0,0,0,0,0,0,1,0,0,0,0,0,0,0,510,0,0,0,0,0,0,0,1
2021-01-05T23:59:59+01:00,0,0,2,0,2,3,5,14,9,19,8,12,30,19,43,57,71,192,0,0,0,0,0,0,0,0,1,0,0,0,0,0,0,0,489,0,0,0,0,0,0,0,1
2021-01-04T23:59:59+01:00,0,0,1,0,2,3,5,13,8,17,7,11,26,15,34,48,55,146,0,0,0,0,0,0,0,0,1,0,0,0,0,0,0,0,393,0,0,0,0,0,0,0,1
2021-01-03T23:59:59+01:00,0,0,1,0,1,3,4,13,8,17,7,11,26,15,34,48,55,145,0,0,0,0,0,0,0,0,1,0,0,0,0,0,0,0,390,0,0,0,0,0,0,0,1
2021-01-02T23:59:59+01:00,0,0,1,0,1,3,4,13,7,17,6,11,26,15,34,48,55,145,0,0,0,0,0,0,0,0,1,0,0,0,0,0,0,0,388,0,0,0,0,0,0,0,1
2021-01-01T23:59:59+01:00,0,0,1,0,1,3,4,13,7,17,6,11,26,15,34,48,55,145,0,0,0,0,0,0,0,0,1,0,0,0,0,0,0,0,388,0,0,0,0,0,0,0,1
2020-12-31T23:59:59+01:00,0,0,1,0,1,3,4,12,7,17,6,11,26,15,34,48,55,145,0,0,0,0,0,0,0,0,1,0,0,0,0,0,0,0,387,0,0,0,0,0,0,0,1
2020-12-30T23:59:59+01:00,0,0,1,0,1,3,4,12,7,16,6,11,26,15,34,48,55,145,0,0,0,0,0,0,0,0,1,0,0,0,0,0,0,0,386,0,0,0,0,0,0,0,1
2020-12-29T23:59:59+01:00,0,0,1,0,1,3,3,8,5,12,4,8,19,10,25,40,40,118,0,0,0,0,0,0,0,0,1,0,0,0,0,0,0,0,298,0,0,0,0,0,0,0,1
2020-12-28T23:59:59+01:00,0,0,1,0,1,1,1,2,3,6,3,4,11,3,8,15,24,58,0,0,0,0,0,0,0,0,1,0,0,0,0,0,0,0,142,0,0,0,0,0,0,0,1
2020-12-27T23:59:59+01:00,0,0,1,0,0,0,0,1,2,6,1,2,2,1,5,4,5,20,0,0,0,0,0,0,0,0,0,0,0,0,0,0,0,0,50,0,0,0,0,0,0,0,0
