Datum,<15_1_m,<15_1_w,15-24_1_m,15-24_1_w,25-34_1_m,25-34_1_w,35-44_1_m,35-44_1_w,45-54_1_m,45-54_1_w,55-64_1_m,55-64_1_w,65-74_1_m,65-74_1_w,75-84_1_m,75-84_1_w,>84_1_m,>84_1_w,<15_2_m,<15_2_w,15-24_2_m,15-24_2_w,25-34_2_m,25-34_2_w,35-44_2_m,35-44_2_w,45-54_2_m,45-54_2_w,55-64_2_m,55-64_2_w,65-74_2_m,65-74_2_w,75-84_2_m,75-84_2_w,>84_2_m,>84_2_w,bp_1,bp_2,mo_1,mo_2,az_1,az_2,ja,unb_1,unb_2
2021-11-17T23:59:59+01:00,258,251,5122,4057,12225,8056,11497,7386,9686,9723,6037,6607,1954,2446,1216,1675,328,935,193,173,3973,3341,9936,6894,9474,6352,8190,8422,5332,5884,1810,2258,1148,1588,290,862,59761,47989,8111,7322,9349,8062,14166,74,79
2021-11-16T23:59:59+01:00,257,247,5078,4035,12132,8020,11418,7347,9635,9674,6010,6587,1952,2434,1216,1672,327,935,192,172,3962,3337,9908,6880,9443,6345,8166,8402,5325,5874,1809,2257,1148,1586,289,861,59317,47848,8090,7317,9349,8062,14148,74,79
2021-11-15T23:59:59+01:00,255,244,5026,3998,12039,7974,11327,7303,9570,9616,5979,6555,1947,2425,1216,1671,327,934,190,172,3933,3324,9890,6869,9408,6331,8154,8386,5318,5859,1806,2256,1147,1586,289,860,58777,47697,8082,7313,9349,8062,14124,74,79
2021-11-14T23:59:59+01:00,254,239,4979,3976,11972,7937,11251,7278,9509,9582,5956,6532,1943,2423,1214,1670,327,934,189,171,3921,3314,9849,6851,9390,6323,8143,8372,5311,5853,1805,2256,1145,1585,289,860,58385,47579,8071,7307,9349,8062,14097,74,79
2021-11-13T23:59:59+01:00,250,238,4956,3964,11914,7912,11200,7260,9473,9559,5945,6519,1941,2422,1214,1669,327,934,187,171,3917,3309,9839,6844,9381,6322,8137,8370,5309,5851,1804,2255,1145,1585,289,860,58138,47546,8052,7302,9349,8062,14083,74,79
2021-11-12T23:59:59+01:00,245,234,4910,3933,11828,7866,11132,7228,9411,9517,5927,6493,1940,2415,1213,1669,327,934,184,171,3900,3300,9812,6829,9364,6312,8117,8359,5300,5846,1804,2252,1145,1585,289,860,57692,47425,8044,7299,9349,8062,14061,74,79
2021-11-11T23:59:59+01:00,244,232,4844,3912,11715,7814,11013,7188,9336,9453,5886,6452,1934,2406,1213,1667,327,933,183,170,3877,3288,9773,6811,9336,6288,8087,8336,5295,5834,1804,2251,1144,1584,289,860,57095,47252,8023,7288,9349,8062,14025,74,79
2021-11-10T23:59:59+01:00,239,230,4776,3890,11558,7743,10912,7140,9256,9398,5852,6423,1930,2400,1211,1664,327,931,181,169,3861,3275,9746,6798,9313,6276,8065,8324,5284,5828,1801,2249,1143,1581,289,860,56468,47131,8003,7283,9348,8062,13984,74,79
2021-11-09T23:59:59+01:00,239,228,4718,3860,11442,7711,10829,7106,9200,9370,5821,6394,1929,2397,1211,1664,327,931,180,166,3847,3269,9715,6787,9288,6266,8048,8302,5275,5814,1801,2245,1141,1580,289,860,56021,47011,7990,7277,9348,8061,13940,74,79
2021-11-08T23:59:59+01:00,237,223,4660,3834,11318,7675,10720,7068,9127,9314,5792,6369,1926,2395,1210,1660,327,930,179,166,3831,3258,9684,6771,9259,6250,8031,8290,5270,5806,1799,2240,1140,1580,289,860,55499,46904,7976,7270,9347,8061,13884,74,79
2021-11-07T23:59:59+01:00,236,222,4627,3818,11254,7642,10653,7050,9080,9290,5777,6354,1924,2393,1209,1659,326,930,178,165,3820,3247,9665,6763,9240,6242,8022,8280,5266,5802,1798,2239,1139,1579,289,860,55203,46838,7963,7260,9347,8061,13851,74,79
2021-11-06T23:59:59+01:00,236,222,4614,3809,11216,7629,10613,7031,9056,9273,5765,6344,1921,2391,1209,1659,326,930,178,165,3818,3242,9658,6759,9236,6238,8018,8274,5263,5800,1795,2239,1139,1579,289,860,55016,46805,7960,7260,9347,8061,13840,74,79
2021-11-05T23:59:59+01:00,235,221,4573,3790,11151,7604,10540,6999,8989,9233,5749,6328,1920,2388,1208,1658,326,930,177,165,3804,3236,9643,6745,9219,6233,8000,8263,5259,5794,1794,2238,1139,1579,289,860,54650,46726,7956,7258,9347,8061,13808,74,79
2021-11-04T23:59:59+01:00,233,219,4509,3762,11034,7542,10425,6948,8895,9181,5720,6304,1916,2381,1207,1657,326,929,176,163,3782,3223,9606,6722,9176,6207,7974,8232,5243,5782,1794,2233,1138,1579,289,860,54126,46591,7941,7254,9347,8061,13688,74,79
2021-11-03T23:59:59+01:00,232,217,4476,3741,10939,7505,10335,6922,8829,9136,5696,6282,1913,2379,1207,1656,326,929,175,160,3765,3218,9574,6704,9145,6200,7952,8215,5237,5778,1790,2226,1138,1579,289,859,53720,46478,7933,7247,9347,8061,13633,74,79
2021-11-02T23:59:59+01:00,232,216,4431,3725,10853,7475,10254,6892,8757,9105,5669,6264,1910,2376,1207,1655,326,929,175,159,3756,3201,9551,6684,9114,6188,7933,8190,5229,5768,1786,2224,1138,1577,289,857,53353,46373,7924,7239,9347,8058,13563,74,79
2021-11-01T23:59:59+01:00,231,216,4398,3711,10781,7448,10158,6860,8697,9080,5645,6245,1908,2370,1207,1653,326,928,175,159,3737,3190,9520,6662,9081,6169,7910,8177,5216,5757,1785,2224,1138,1577,289,857,53031,46269,7918,7233,9347,8058,13477,74,79
2021-10-31T23:59:59+01:00,229,216,4385,3710,10765,7441,10145,6855,8691,9074,5644,6243,1908,2370,1207,1653,326,928,174,159,3732,3189,9513,6660,9075,6167,7908,8174,5214,5754,1784,2224,1138,1577,289,857,52985,46259,7916,7232,9347,8058,13453,74,79
2021-10-30T23:59:59+02:00,228,215,4380,3708,10744,7437,10132,6852,8682,9066,5634,6239,1907,2369,1207,1653,326,928,174,159,3730,3189,9503,6657,9070,6167,7905,8173,5208,5751,1784,2224,1138,1577,289,857,52925,46249,7916,7232,9347,8058,13430,74,79
2021-10-29T23:59:59+02:00,227,215,4326,3697,10660,7410,10052,6823,8635,9025,5615,6226,1907,2366,1207,1653,325,927,173,159,3705,3182,9469,6651,9041,6162,7885,8156,5202,5745,1782,2224,1138,1577,289,856,52615,46186,7907,7229,9347,8058,13336,74,79
2021-10-28T23:59:59+02:00,227,213,4281,3680,10556,7378,9950,6787,8573,8971,5589,6198,1905,2359,1205,1653,325,927,173,158,3677,3171,9420,6621,8989,6135,7857,8131,5188,5736,1781,2221,1138,1577,288,856,52254,46066,7895,7217,9347,8058,13185,74,79
2021-10-27T23:59:59+02:00,227,212,4256,3672,10494,7358,9899,6750,8519,8941,5571,6181,1902,2356,1205,1652,325,927,170,158,3661,3162,9383,6598,8965,6120,7837,8115,5181,5724,1778,2220,1137,1574,288,855,52001,45950,7884,7208,9347,8057,13116,74,79
2021-10-26T23:59:59+02:00,226,210,4223,3655,10445,7328,9842,6723,8478,8895,5554,6167,1899,2353,1204,1651,325,926,168,157,3645,3153,9340,6577,8932,6105,7817,8093,5170,5717,1776,2220,1135,1570,288,854,51743,45821,7875,7207,9347,8056,13037,74,79
2021-10-25T23:59:59+02:00,224,210,4217,3650,10429,7321,9822,6710,8464,8878,5552,6162,1897,2352,1204,1651,325,926,168,157,3642,3152,9330,6565,8916,6096,7806,8078,5166,5715,1775,2220,1134,1570,288,854,51677,45781,7874,7205,9347,8056,12993,74,79
2021-10-24T23:59:59+02:00,221,209,4207,3637,10386,7304,9793,6691,8447,8855,5546,6154,1896,2352,1203,1651,325,926,167,156,3632,3146,9306,6559,8898,6085,7795,8064,5161,5711,1775,2219,1134,1569,288,854,51536,45719,7868,7201,9347,8054,12948,74,79
2021-10-23T23:59:59+02:00,218,209,4202,3634,10365,7301,9781,6685,8443,8847,5545,6150,1896,2352,1203,1651,325,926,167,156,3630,3143,9300,6558,8892,6082,7790,8061,5160,5710,1775,2219,1134,1569,288,854,51480,45702,7867,7200,9347,8054,12935,74,79
2021-10-22T23:59:59+02:00,217,208,4179,3624,10329,7284,9755,6670,8416,8812,5533,6129,1896,2351,1203,1651,325,926,165,155,3622,3141,9280,6546,8872,6074,7777,8050,5151,5698,1775,2215,1134,1568,288,854,51309,45634,7862,7195,9347,8054,12885,74,79
2021-10-21T23:59:59+02:00,212,206,4159,3609,10261,7262,9710,6635,8385,8765,5525,6104,1895,2348,1202,1650,325,926,163,155,3593,3122,9235,6531,8844,6056,7750,8026,5135,5684,1773,2212,1132,1567,288,854,51066,45470,7849,7187,9347,8054,12811,74,79
2021-10-20T23:59:59+02:00,212,206,4148,3598,10242,7248,9681,6621,8360,8747,5518,6091,1893,2345,1202,1650,325,926,162,154,3582,3109,9205,6517,8818,6043,7733,8013,5127,5674,1770,2210,1132,1565,288,852,50934,45344,7847,7179,9347,8053,12780,73,79
2021-10-19T23:59:59+02:00,209,205,4139,3592,10223,7240,9653,6611,8344,8735,5511,6085,1892,2344,1202,1650,325,925,156,152,3571,3093,9186,6503,8803,6032,7721,8000,5114,5664,1769,2205,1131,1564,288,852,50839,45222,7840,7175,9347,8053,12753,73,79
2021-10-18T23:59:59+02:00,209,203,4125,3584,10211,7230,9636,6603,8333,8724,5506,6071,1891,2341,1200,1649,325,925,156,152,3561,3080,9169,6491,8789,6025,7712,7991,5113,5651,1766,2202,1131,1564,288,850,50742,45132,7836,7168,9347,8052,12734,73,79
2021-10-17T23:59:59+02:00,209,201,4119,3580,10202,7221,9621,6600,8326,8721,5503,6067,1890,2341,1200,1648,324,924,156,149,3549,3072,9159,6487,8781,6020,7702,7983,5111,5646,1764,2198,1129,1564,288,850,50691,45065,7830,7165,9347,8051,12721,73,79
2021-10-16T23:59:59+02:00,209,201,4117,3578,10197,7218,9619,6598,8325,8716,5502,6065,1889,2341,1199,1647,324,924,156,148,3548,3071,9155,6485,8781,6019,7699,7982,5110,5646,1764,2198,1129,1564,288,850,50670,45057,7829,7165,9347,8050,12715,73,79
2021-10-15T23:59:59+02:00,207,201,4105,3571,10180,7209,9605,6593,8316,8701,5495,6058,1888,2341,1199,1647,324,924,156,146,3538,3068,9143,6474,8767,6013,7692,7976,5103,5642,1764,2198,1129,1563,288,850,50583,44993,7826,7163,9347,8050,12697,73,79
2021-10-14T23:59:59+02:00,206,201,4092,3563,10153,7191,9579,6574,8295,8680,5487,6048,1887,2337,1199,1646,324,924,155,143,3513,3059,9112,6448,8735,5988,7669,7963,5093,5631,1763,2194,1126,1563,288,850,50462,44837,7815,7148,9347,8048,12651,73,79
2021-10-13T23:59:59+02:00,204,201,4080,3558,10137,7177,9561,6564,8280,8665,5479,6040,1885,2336,1199,1644,324,924,153,143,3499,3053,9086,6433,8718,5977,7651,7953,5084,5624,1763,2194,1125,1562,288,850,50367,44735,7811,7142,9347,8048,12622,73,79
2021-10-12T23:59:59+02:00,202,199,4073,3552,10119,7170,9541,6553,8268,8648,5467,6031,1883,2334,1198,1643,324,924,151,141,3491,3042,9064,6417,8693,5960,7636,7941,5070,5614,1759,2189,1125,1561,288,850,50266,44599,7805,7138,9347,8047,12599,73,79
2021-10-11T23:59:59+02:00,202,197,4061,3544,10094,7163,9519,6539,8260,8630,5461,6021,1882,2332,1198,1643,324,924,149,141,3478,3032,9025,6405,8667,5939,7617,7922,5063,5605,1758,2188,1125,1561,288,850,50175,44467,7796,7127,9347,8046,12564,73,79
2021-10-10T23:59:59+02:00,201,195,4048,3542,10085,7151,9513,6528,8252,8619,5458,6012,1882,2332,1197,1643,324,924,148,141,3467,3029,9006,6398,8656,5932,7605,7916,5057,5598,1756,2187,1125,1560,288,850,50113,44393,7787,7124,9347,8045,12547,73,79
2021-10-09T23:59:59+02:00,201,195,4046,3540,10082,7150,9500,6523,8249,8617,5455,6012,1882,2331,1197,1643,324,924,148,140,3463,3026,9004,6395,8647,5926,7601,7915,5053,5597,1756,2187,1125,1560,288,850,50094,44374,7787,7121,9347,8044,12531,73,79
2021-10-08T23:59:59+02:00,199,194,4034,3531,10061,7141,9486,6511,8236,8600,5449,6007,1880,2330,1197,1643,324,924,148,140,3455,3019,8983,6387,8632,5917,7596,7900,5043,5594,1754,2185,1124,1559,288,850,50005,44298,7782,7120,9347,8044,12500,73,79
2021-10-07T23:59:59+02:00,198,193,4015,3518,10032,7125,9448,6501,8215,8578,5444,6001,1879,2325,1197,1643,324,924,148,140,3430,2995,8942,6368,8606,5905,7573,7870,5025,5583,1751,2180,1124,1558,288,850,49862,44116,7775,7102,9347,8044,12461,73,79
2021-10-06T23:59:59+02:00,196,192,4006,3511,10004,7108,9434,6493,8208,8570,5437,5993,1877,2322,1197,1641,324,923,147,140,3417,2982,8920,6356,8588,5892,7564,7856,5022,5572,1749,2177,1124,1557,288,850,49767,44014,7772,7096,9347,8042,12435,73,79
2021-10-05T23:59:59+02:00,196,191,3992,3500,9989,7091,9415,6481,8189,8546,5429,5986,1876,2320,1197,1640,324,922,146,140,3402,2970,8898,6343,8564,5879,7543,7830,5012,5564,1747,2173,1123,1555,288,850,49660,43888,7770,7088,9347,8042,12392,73,79
2021-10-04T23:59:59+02:00,196,190,3971,3492,9963,7076,9378,6463,8171,8532,5421,5977,1873,2320,1196,1635,324,920,146,140,3386,2962,8872,6324,8529,5862,7521,7803,5001,5549,1746,2171,1123,1554,287,850,49544,43752,7761,7084,9347,8042,12329,73,79
2021-10-03T23:59:59+02:00,196,190,3954,3484,9938,7062,9365,6453,8157,8519,5419,5970,1871,2317,1195,1634,323,920,146,140,3371,2954,8843,6314,8518,5854,7512,7789,4996,5544,1745,2168,1123,1553,286,850,49460,43684,7759,7081,9347,8038,12284,73,79
2021-10-02T23:59:59+02:00,196,190,3952,3483,9937,7060,9361,6452,8155,8518,5417,5968,1870,2316,1195,1634,323,920,146,140,3368,2953,8839,6313,8516,5854,7508,7788,4995,5540,1744,2167,1123,1553,286,850,49451,43673,7757,7080,9347,8036,12275,73,79
2021-10-01T23:59:59+02:00,194,189,3942,3479,9916,7051,9347,6443,8143,8505,5412,5958,1867,2313,1195,1634,323,919,144,139,3352,2945,8820,6302,8500,5842,7500,7777,4988,5533,1742,2167,1123,1553,286,850,49379,43602,7754,7077,9347,8032,12233,73,79
2021-09-30T23:59:59+02:00,193,188,3909,3458,9865,7026,9310,6414,8114,8479,5395,5944,1864,2310,1193,1634,323,918,142,138,3331,2923,8773,6274,8467,5820,7483,7745,4972,5519,1740,2161,1123,1553,286,849,49195,43467,7747,7052,9347,8029,12128,73,79
2021-09-29T23:59:59+02:00,192,186,3891,3445,9820,7011,9293,6393,8101,8452,5386,5938,1862,2307,1192,1632,323,917,142,137,3314,2914,8738,6267,8450,5798,7472,7724,4961,5506,1740,2159,1123,1552,286,849,49070,43372,7739,7047,9347,8025,12059,73,79
2021-09-28T23:59:59+02:00,190,186,3880,3437,9781,6991,9262,6380,8074,8417,5377,5921,1861,2300,1192,1631,323,915,139,136,3299,2902,8711,6246,8428,5783,7445,7697,4953,5494,1740,2153,1123,1551,286,848,48940,43266,7733,7042,9347,8024,11970,73,79
2021-09-27T23:59:59+02:00,188,186,3858,3421,9744,6963,9236,6356,8055,8387,5363,5909,1858,2288,1191,1630,322,914,139,135,3276,2889,8667,6219,8398,5755,7421,7667,4941,5486,1737,2144,1123,1549,286,847,48815,43132,7724,7039,9347,8020,11854,73,79
2021-09-26T23:59:59+02:00,186,186,3850,3412,9724,6953,9224,6347,8042,8376,5358,5903,1852,2287,1189,1629,322,914,138,134,3267,2883,8646,6215,8388,5743,7407,7661,4934,5476,1733,2143,1123,1548,286,846,48743,43073,7723,7035,9347,8016,11811,73,79
2021-09-25T23:59:59+02:00,186,185,3846,3410,9715,6949,9220,6343,8035,8375,5355,5903,1852,2286,1189,1628,322,914,138,133,3261,2880,8639,6212,8384,5739,7403,7656,4932,5474,1733,2142,1122,1545,286,846,48726,43054,7721,7032,9347,8014,11789,73,79
2021-09-24T23:59:59+02:00,185,183,3830,3402,9683,6937,9204,6333,8013,8356,5347,5891,1850,2284,1189,1627,322,914,137,133,3249,2872,8612,6198,8371,5728,7381,7642,4925,5465,1732,2138,1122,1545,286,846,48638,42994,7720,7026,9347,8014,11711,73,79
2021-09-23T23:59:59+02:00,183,181,3794,3386,9618,6907,9150,6289,7972,8307,5329,5871,1845,2277,1186,1624,322,914,137,131,3224,2858,8553,6168,8319,5691,7341,7595,4907,5447,1724,2134,1121,1543,286,846,48485,42885,7711,7018,9347,8010,11472,73,79
2021-09-22T23:59:59+02:00,179,181,3769,3371,9586,6886,9121,6269,7939,8293,5312,5860,1843,2273,1185,1624,322,914,135,128,3200,2850,8523,6145,8293,5677,7310,7575,4891,5440,1721,2127,1119,1543,286,845,48351,42761,7706,7015,9345,8004,11383,73,79
2021-09-21T23:59:59+02:00,178,179,3753,3357,9561,6865,9075,6246,7908,8266,5297,5849,1842,2273,1185,1624,322,914,134,128,3178,2836,8488,6119,8248,5661,7276,7542,4874,5420,1720,2125,1118,1542,286,845,48229,42605,7699,7007,9344,8004,11276,73,79
2021-09-20T23:59:59+02:00,176,179,3722,3343,9523,6849,9039,6222,7874,8234,5290,5833,1838,2271,1185,1624,322,912,134,126,3154,2813,8446,6098,8207,5637,7243,7511,4866,5400,1717,2123,1117,1541,285,845,48097,42464,7696,7002,9344,7998,11148,73,79
2021-09-19T23:59:59+02:00,176,178,3704,3335,9491,6841,9024,6215,7868,8224,5283,5826,1835,2268,1184,1622,322,911,132,126,3145,2805,8418,6088,8187,5629,7228,7496,4859,5392,1716,2119,1116,1540,285,844,48031,42396,7689,6996,9344,7992,11089,73,79
2021-09-18T23:59:59+02:00,176,178,3700,3334,9486,6839,9019,6212,7862,8222,5281,5825,1835,2268,1184,1622,322,911,132,126,3137,2802,8410,6087,8176,5626,7221,7494,4855,5387,1716,2119,1116,1539,285,844,48019,42357,7688,6995,9343,7992,11071,73,79
2021-09-17T23:59:59+02:00,176,177,3680,3326,9449,6826,8990,6198,7842,8211,5270,5816,1834,2263,1182,1622,322,911,132,126,3123,2793,8370,6073,8148,5615,7199,7485,4847,5378,1716,2118,1115,1539,285,844,47928,42287,7682,6983,9340,7989,10987,73,79
2021-09-16T23:59:59+02:00,175,177,3651,3300,9392,6802,8942,6169,7805,8175,5250,5803,1831,2258,1181,1622,322,910,132,125,3108,2777,8329,6051,8114,5589,7177,7461,4832,5371,1714,2117,1115,1539,284,842,47716,42167,7657,6973,9338,7980,10894,73,79
2021-09-15T23:59:59+02:00,173,177,3626,3287,9356,6783,8908,6144,7775,8157,5243,5783,1828,2254,1179,1622,321,909,129,125,3091,2773,8300,6034,8083,5562,7142,7442,4814,5354,1711,2114,1115,1536,282,839,47564,42031,7651,6965,9338,7976,10808,73,79
2021-09-14T23:59:59+02:00,171,176,3604,3268,9312,6760,8865,6116,7745,8125,5231,5764,1826,2251,1178,1621,320,909,129,123,3070,2756,8260,6007,8045,5544,7115,7417,4800,5336,1710,2114,1114,1533,282,838,47400,41897,7640,6956,9338,7973,10698,73,79
2021-09-13T23:59:59+02:00,169,176,3585,3254,9271,6742,8835,6091,7727,8093,5214,5747,1824,2247,1178,1621,320,908,127,121,3053,2748,8227,5992,8028,5530,7105,7395,4791,5330,1709,2110,1114,1531,282,838,47233,41792,7620,6950,9338,7972,10643,73,79
2021-09-12T23:59:59+02:00,169,175,3567,3252,9248,6732,8825,6081,7717,8078,5207,5739,1823,2246,1177,1618,320,907,126,120,3037,2740,8204,5978,8019,5519,7087,7379,4787,5321,1705,2109,1114,1531,282,837,47154,41710,7619,6945,9338,7964,10601,73,79
2021-09-11T23:59:59+02:00,169,175,3564,3249,9241,6728,8822,6079,7716,8076,5204,5737,1822,2245,1176,1618,320,907,125,120,3035,2739,8197,5975,8017,5516,7086,7374,4786,5319,1705,2109,1114,1531,282,837,47136,41695,7618,6945,9337,7964,10586,73,79
2021-09-10T23:59:59+02:00,168,171,3535,3242,9214,6706,8802,6066,7693,8054,5190,5717,1818,2242,1175,1618,320,907,124,117,3020,2732,8167,5950,7997,5501,7066,7353,4770,5300,1704,2108,1113,1528,282,837,47045,41623,7615,6939,9337,7963,10466,73,78
2021-09-09T23:59:59+02:00,166,170,3520,3224,9166,6678,8766,6043,7671,8013,5171,5706,1817,2239,1175,1618,320,907,122,116,3008,2723,8129,5923,7969,5480,7042,7322,4755,5285,1703,2104,1113,1528,282,837,46878,41509,7607,6927,9337,7954,10371,73,77
2021-09-08T23:59:59+02:00,165,168,3500,3214,9132,6669,8743,6014,7653,7982,5156,5689,1813,2237,1174,1616,320,906,120,114,2992,2711,8086,5906,7936,5456,7014,7284,4744,5263,1702,2103,1112,1528,282,837,46775,41379,7599,6918,9334,7950,10261,73,77
2021-09-07T23:59:59+02:00,164,166,3479,3209,9111,6645,8714,5994,7633,7963,5140,5678,1813,2235,1173,1615,320,903,118,113,2974,2703,8060,5883,7910,5433,6997,7259,4729,5251,1699,2099,1111,1527,282,837,46643,41253,7597,6908,9334,7944,10196,73,77
2021-09-06T23:59:59+02:00,164,166,3459,3197,9079,6624,8687,5982,7614,7935,5133,5666,1808,2226,1171,1615,319,903,118,113,2955,2689,8035,5870,7886,5423,6980,7230,4723,5236,1694,2097,1111,1527,282,837,46504,41146,7594,6905,9333,7943,10127,73,77
2021-09-05T23:59:59+02:00,164,165,3447,3192,9069,6615,8675,5972,7612,7925,5127,5656,1807,2224,1171,1615,319,902,118,112,2945,2687,8020,5856,7874,5411,6973,7222,4713,5229,1692,2096,1111,1526,282,837,46450,41088,7592,6897,9332,7942,10092,73,77
2021-09-04T23:59:59+02:00,164,164,3441,3190,9066,6610,8669,5971,7609,7924,5127,5655,1807,2224,1171,1615,319,902,117,112,2941,2683,8015,5849,7869,5411,6968,7220,4712,5228,1690,2095,1110,1526,282,837,46436,41067,7592,6894,9332,7941,10077,73,77
2021-09-03T23:59:59+02:00,162,163,3427,3173,9033,6599,8648,5954,7591,7908,5114,5640,1804,2221,1171,1614,319,900,116,109,2924,2667,7987,5835,7847,5392,6947,7197,4699,5208,1686,2093,1110,1524,282,835,46353,40977,7581,6872,9332,7940,9982,73,77
2021-09-02T23:59:59+02:00,162,160,3405,3155,8983,6576,8607,5934,7570,7883,5101,5622,1799,2216,1169,1613,319,899,115,108,2906,2653,7939,5817,7811,5371,6922,7170,4690,5187,1682,2088,1108,1523,282,832,46220,40866,7572,6861,9330,7935,9855,73,76
2021-09-01T23:59:59+02:00,160,160,3387,3144,8945,6562,8581,5921,7550,7866,5089,5614,1798,2214,1168,1610,319,899,112,106,2888,2645,7895,5794,7777,5354,6894,7147,4678,5173,1678,2086,1107,1520,282,832,46108,40719,7560,6838,9330,7933,9788,73,76
2021-08-31T23:59:59+02:00,158,159,3372,3135,8902,6540,8561,5910,7533,7845,5081,5605,1795,2212,1167,1609,319,898,111,105,2871,2634,7850,5773,7755,5335,6870,7119,4666,5154,1674,2084,1106,1520,282,832,46008,40599,7555,6829,9330,7918,9701,73,76
2021-08-30T23:59:59+02:00,157,159,3341,3117,8863,6511,8519,5889,7496,7811,5067,5588,1790,2210,1166,1609,319,898,111,104,2839,2621,7803,5749,7719,5318,6836,7096,4654,5135,1670,2082,1105,1520,282,831,45846,40471,7554,6819,9328,7916,9572,73,76
2021-08-29T23:59:59+02:00,156,159,3331,3099,8836,6503,8498,5879,7487,7801,5060,5578,1788,2207,1166,1609,318,898,111,101,2820,2597,7767,5741,7698,5298,6822,7082,4644,5130,1668,2081,1103,1519,281,831,45776,40368,7549,6808,9328,7911,9506,73,76
2021-08-28T23:59:59+02:00,155,159,3326,3098,8833,6500,8492,5878,7480,7799,5060,5576,1788,2206,1166,1608,318,898,111,100,2815,2592,7762,5735,7693,5295,6816,7078,4641,5129,1668,2081,1103,1518,281,831,45761,40342,7548,6807,9328,7911,9486,73,76
2021-08-27T23:59:59+02:00,154,159,3314,3094,8814,6491,8467,5870,7462,7790,5049,5568,1788,2206,1166,1607,318,898,111,99,2798,2586,7742,5728,7672,5281,6805,7071,4632,5121,1668,2081,1102,1516,281,831,45698,40278,7547,6806,9327,7910,9423,73,76
2021-08-26T23:59:59+02:00,154,158,3286,3080,8774,6467,8432,5857,7439,7768,5034,5557,1787,2203,1166,1606,318,897,108,96,2774,2563,7700,5699,7622,5252,6769,7041,4607,5106,1663,2075,1102,1515,281,831,45560,40081,7540,6788,9326,7890,9327,73,76
2021-08-25T23:59:59+02:00,150,156,3267,3070,8736,6450,8399,5841,7414,7745,5020,5535,1785,2199,1166,1604,318,897,105,93,2738,2543,7650,5663,7576,5216,6732,7003,4591,5077,1662,2070,1101,1514,281,831,45444,39844,7534,6780,9325,7882,9215,73,76
2021-08-24T23:59:59+02:00,150,155,3262,3061,8716,6434,8381,5824,7398,7723,5011,5523,1783,2198,1165,1602,318,895,104,93,2717,2523,7616,5630,7542,5195,6704,6976,4575,5060,1662,2068,1100,1514,281,830,45370,39672,7530,6771,9325,7878,9138,73,76
2021-08-23T23:59:59+02:00,149,150,3235,3044,8671,6413,8339,5803,7367,7694,4997,5509,1783,2196,1163,1600,318,894,103,92,2687,2504,7571,5589,7501,5177,6669,6945,4560,5044,1658,2068,1100,1512,280,830,45225,39510,7521,6756,9322,7872,9013,73,76
2021-08-22T23:59:59+02:00,149,150,3222,3036,8657,6396,8326,5796,7347,7683,4991,5503,1782,2195,1162,1600,318,894,102,92,2671,2488,7539,5566,7480,5163,6649,6924,4557,5034,1654,2063,1099,1512,279,829,45154,39374,7514,6746,9322,7869,8969,73,76
2021-08-21T23:59:59+02:00,148,150,3214,3031,8647,6387,8316,5794,7342,7678,4989,5497,1781,2195,1162,1599,318,894,97,90,2662,2480,7521,5556,7460,5153,6638,6917,4549,5025,1653,2061,1098,1512,279,829,45105,39296,7511,6719,9322,7868,8952,73,76
2021-08-20T23:59:59+02:00,147,148,3204,3022,8622,6371,8283,5774,7323,7654,4977,5485,1778,2192,1162,1598,318,892,95,88,2633,2466,7474,5523,7424,5122,6600,6879,4533,5004,1647,2057,1097,1509,279,827,45027,39121,7502,6681,9321,7858,8846,73,76
2021-08-19T23:59:59+02:00,146,145,3185,3008,8579,6347,8246,5755,7303,7628,4964,5467,1772,2189,1161,1596,318,891,92,83,2588,2446,7393,5473,7363,5085,6553,6820,4503,4971,1642,2053,1097,1508,279,827,44900,38788,7490,6648,9318,7847,8732,73,76
2021-08-18T23:59:59+02:00,145,143,3174,2999,8556,6330,8217,5739,7270,7610,4950,5458,1767,2187,1161,1596,317,890,90,81,2560,2426,7328,5438,7305,5050,6512,6786,4478,4948,1637,2049,1095,1508,279,826,44789,38544,7485,6596,9317,7837,8655,73,76
2021-08-17T23:59:59+02:00,145,143,3158,2990,8532,6305,8189,5725,7257,7587,4939,5446,1764,2185,1160,1595,316,890,86,78,2532,2406,7273,5389,7262,5014,6482,6747,4459,4927,1628,2043,1094,1504,278,826,44673,38274,7478,6555,9316,7831,8595,73,76
2021-08-16T23:59:59+02:00,143,142,3148,2978,8511,6289,8170,5719,7244,7571,4926,5433,1763,2184,1160,1594,316,890,79,76,2503,2376,7195,5344,7192,4981,6433,6704,4428,4901,1626,2040,1092,1503,278,826,44581,37899,7473,6540,9316,7818,8544,73,76
2021-08-15T23:59:59+02:00,142,141,3139,2964,8482,6279,8153,5709,7226,7556,4920,5422,1761,2181,1160,1593,316,890,71,73,2466,2340,7130,5311,7155,4953,6386,6674,4415,4888,1622,2035,1091,1501,278,826,44486,37598,7466,6519,9315,7813,8500,73,76
2021-08-14T23:59:59+02:00,140,141,3134,2958,8471,6276,8146,5708,7226,7553,4916,5420,1759,2180,1160,1592,316,890,71,72,2457,2331,7104,5298,7143,4942,6379,6660,4396,4879,1618,2032,1091,1499,278,825,44468,37501,7465,6506,9315,7810,8471,73,76
2021-08-13T23:59:59+02:00,140,140,3118,2955,8448,6268,8137,5695,7210,7541,4908,5411,1759,2176,1159,1591,316,890,71,70,2424,2311,7054,5267,7106,4914,6339,6631,4386,4864,1617,2028,1090,1499,278,825,44397,37265,7464,6492,9315,7809,8416,73,76
2021-08-12T23:59:59+02:00,138,135,3099,2947,8419,6247,8104,5675,7186,7517,4894,5396,1756,2174,1156,1589,316,890,70,69,2381,2275,6962,5216,7052,4875,6288,6581,4361,4834,1613,2025,1087,1498,278,825,44289,36941,7456,6458,9313,7784,8308,72,76
2021-08-11T23:59:59+02:00,136,132,3081,2931,8382,6221,8080,5663,7164,7496,4883,5383,1755,2172,1156,1588,316,890,68,67,2354,2242,6887,5158,6975,4833,6229,6517,4340,4795,1608,2016,1087,1496,278,823,44162,36518,7445,6427,9308,7777,8241,72,76
2021-08-10T23:59:59+02:00,136,130,3062,2921,8351,6209,8055,5642,7135,7480,4865,5374,1751,2172,1156,1586,316,889,67,63,2282,2185,6769,5095,6888,4761,6137,6452,4293,4771,1598,2008,1085,1494,278,821,44054,35904,7434,6402,9305,7763,8162,72,76
2021-08-09T23:59:59+02:00,133,130,3042,2912,8322,6187,8031,5633,7110,7461,4855,5362,1750,2171,1156,1586,316,888,63,62,2220,2126,6660,5015,6788,4719,6065,6396,4262,4738,1592,1998,1084,1493,278,821,43967,35399,7428,6347,9305,7740,8067,72,76
2021-08-08T23:59:59+02:00,133,129,3030,2905,8304,6178,8014,5621,7100,7453,4848,5358,1746,2171,1156,1586,316,887,63,61,2195,2099,6594,4982,6744,4692,6024,6374,4250,4721,1582,1994,1083,1491,278,820,43907,35161,7426,6303,9302,7730,8020,72,76
2021-08-07T23:59:59+02:00,132,128,3022,2898,8285,6166,8000,5614,7093,7442,4843,5353,1744,2171,1155,1586,316,887,60,54,2159,2076,6517,4934,6687,4660,5989,6338,4233,4707,1578,1993,1083,1488,278,820,43849,34840,7421,6275,9302,7721,7982,72,76
2021-08-06T23:59:59+02:00,132,127,3010,2888,8257,6155,7968,5590,7074,7420,4832,5339,1739,2169,1155,1585,316,887,54,51,2118,2036,6409,4862,6608,4624,5945,6299,4215,4686,1575,1990,1082,1485,278,820,43788,34481,7403,6247,9302,7704,7868,72,74
2021-08-05T23:59:59+02:00,131,126,2986,2872,8232,6134,7929,5570,7050,7396,4813,5316,1735,2166,1153,1581,316,886,50,47,2077,1987,6275,4755,6494,4565,5873,6234,4176,4644,1568,1982,1079,1483,278,820,43657,33982,7394,6156,9301,7647,7753,72,74
2021-08-04T23:59:59+02:00,128,122,2950,2851,8163,6100,7891,5545,7020,7365,4797,5300,1731,2162,1150,1580,316,886,50,42,2023,1950,6150,4683,6373,4511,5803,6166,4148,4605,1558,1976,1074,1480,278,819,43446,33476,7380,6108,9301,7612,7629,72,74
2021-08-03T23:59:59+02:00,126,121,2933,2831,8137,6087,7855,5528,6998,7340,4784,5287,1727,2161,1149,1577,316,886,47,42,1987,1919,6056,4618,6267,4458,5735,6108,4103,4563,1553,1969,1073,1478,278,819,43305,32994,7375,6063,9300,7587,7558,72,73
2021-08-02T23:59:59+02:00,126,121,2908,2805,8103,6063,7829,5514,6974,7323,4767,5278,1724,2157,1148,1577,315,886,46,41,1958,1883,5927,4524,6153,4395,5664,6055,4057,4530,1547,1953,1072,1475,277,818,43160,32418,7368,6022,9299,7568,7484,72,72
2021-08-01T23:59:59+02:00,126,120,2891,2789,8074,6041,7816,5497,6963,7315,4762,5270,1723,2156,1146,1577,315,886,43,40,1934,1862,5849,4479,6089,4348,5619,6032,4041,4511,1545,1950,1070,1472,277,818,43067,32117,7356,5993,9299,7545,7435,72,71
2021-07-31T23:59:59+02:00,124,119,2884,2782,8061,6034,7808,5493,6956,7306,4761,5267,1722,2156,1146,1577,315,886,40,30,1894,1818,5749,4414,6023,4300,5566,5993,4012,4487,1539,1947,1070,1471,277,818,43027,31622,7354,5981,9299,7539,7407,72,71
2021-07-30T23:59:59+02:00,121,117,2877,2773,8034,6018,7796,5476,6936,7292,4753,5259,1721,2154,1146,1576,315,886,36,29,1873,1794,5668,4371,5961,4246,5508,5945,3984,4468,1535,1945,1069,1468,277,818,42944,31254,7342,5954,9298,7528,7353,72,71
2021-07-29T23:59:59+02:00,119,115,2844,2757,7977,5976,7754,5432,6905,7251,4730,5239,1719,2149,1144,1575,315,886,31,25,1833,1766,5539,4267,5826,4170,5414,5859,3936,4415,1528,1935,1066,1466,277,818,42740,30666,7329,5895,9292,7487,7205,72,71
2021-07-28T23:59:59+02:00,116,113,2825,2743,7948,5949,7727,5404,6883,7228,4716,5223,1714,2147,1143,1573,314,885,30,22,1797,1721,5437,4192,5709,4099,5328,5785,3898,4381,1515,1927,1064,1464,277,817,42564,30098,7319,5836,9288,7443,7158,72,71
2021-07-27T23:59:59+02:00,112,112,2809,2724,7908,5932,7695,5387,6864,7210,4704,5211,1714,2145,1142,1572,313,885,28,22,1751,1692,5300,4106,5582,4016,5238,5717,3858,4330,1506,1916,1062,1461,276,817,42446,29503,7303,5755,9287,7399,7081,72,71
2021-07-26T23:59:59+02:00,110,110,2783,2705,7873,5908,7661,5370,6842,7189,4699,5199,1712,2145,1140,1572,313,885,28,22,1706,1634,5159,4039,5480,3949,5165,5647,3800,4296,1503,1904,1061,1455,276,816,42302,28922,7280,5687,9284,7352,7023,72,71
2021-07-25T23:59:59+02:00,104,108,2768,2691,7837,5886,7634,5362,6821,7170,4689,5193,1710,2142,1139,1571,313,884,25,19,1682,1609,5098,3991,5420,3918,5115,5613,3767,4272,1499,1899,1060,1454,276,816,42159,28626,7272,5653,9281,7316,6975,72,71
2021-07-24T23:59:59+02:00,104,106,2755,2678,7812,5873,7609,5348,6806,7157,4679,5188,1709,2139,1139,1571,313,884,24,18,1661,1588,5050,3969,5346,3870,5073,5589,3747,4264,1497,1897,1059,1452,276,815,42077,28425,7249,5560,9280,7315,6926,72,71
2021-07-23T23:59:59+02:00,102,104,2732,2656,7756,5852,7581,5324,6767,7131,4660,5177,1707,2135,1137,1571,313,884,20,15,1603,1558,4898,3863,5209,3802,4998,5518,3693,4233,1495,1888,1058,1447,275,815,41908,27764,7241,5531,9278,7294,6815,72,71
2021-07-22T23:59:59+02:00,101,101,2699,2627,7685,5802,7527,5287,6720,7082,4625,5153,1700,2128,1136,1570,313,883,19,15,1551,1520,4728,3784,5054,3720,4837,5434,3614,4180,1482,1878,1053,1445,275,814,41595,27100,7215,5382,9268,7224,6701,72,71
2021-07-21T23:59:59+02:00,100,98,2671,2612,7620,5771,7477,5248,6660,7042,4602,5130,1693,2122,1135,1567,313,881,19,13,1513,1472,4606,3701,4921,3652,4737,5328,3539,4140,1469,1866,1050,1444,275,811,41345,26612,7176,5172,9262,7164,6590,72,70
2021-07-20T23:59:59+02:00,100,98,2650,2587,7565,5739,7441,5219,6621,7002,4578,5111,1689,2118,1135,1566,313,880,18,13,1480,1438,4475,3632,4831,3598,4635,5248,3488,4106,1465,1856,1049,1443,275,810,41098,26112,7167,5091,9259,7108,6514,72,70
2021-07-19T23:59:59+02:00,99,98,2628,2562,7508,5699,7396,5198,6578,6970,4560,5095,1683,2112,1133,1563,313,879,17,10,1455,1411,4398,3582,4747,3561,4561,5187,3453,4077,1459,1850,1044,1440,273,809,40815,25786,7153,4964,9257,7067,6471,72,70
2021-07-18T23:59:59+02:00,99,96,2600,2539,7440,5664,7361,5169,6535,6931,4543,5085,1677,2104,1131,1563,312,878,15,10,1434,1386,4352,3541,4709,3531,4512,5163,3419,4064,1453,1840,1043,1440,273,807,40515,25580,7137,4886,9252,7041,6436,72,69
2021-07-17T23:59:59+02:00,94,93,2588,2525,7423,5650,7344,5152,6517,6916,4522,5074,1673,2103,1131,1562,312,876,15,10,1420,1372,4313,3509,4657,3508,4472,5131,3389,4052,1448,1837,1043,1438,273,807,40408,25399,7128,4828,9249,7033,6381,72,69
2021-07-16T23:59:59+02:00,94,90,2551,2503,7359,5615,7286,5111,6472,6873,4495,5046,1666,2097,1130,1561,312,876,14,9,1377,1344,4212,3454,4567,3466,4385,5074,3327,4005,1435,1829,1038,1436,273,806,40218,25047,7107,4793,9241,6967,6172,72,69
2021-07-15T23:59:59+02:00,91,86,2501,2477,7288,5580,7228,5071,6425,6817,4477,5020,1662,2092,1128,1558,311,876,12,9,1319,1310,4017,3341,4380,3362,4241,4975,3266,3940,1424,1821,1033,1431,272,806,39895,24341,7087,4557,9234,6901,6067,70,69
2021-07-14T23:59:59+02:00,90,83,2467,2461,7215,5551,7157,5037,6371,6769,4454,4997,1654,2085,1126,1556,311,875,11,9,1272,1270,3886,3246,4271,3294,4128,4909,3219,3896,1412,1811,1032,1427,272,806,39577,23818,7067,4452,9232,6827,5969,70,69
2021-07-13T23:59:59+02:00,86,80,2437,2435,7162,5522,7093,4997,6332,6718,4434,4979,1644,2079,1124,1556,311,875,10,7,1239,1231,3770,3148,4148,3225,4040,4819,3166,3838,1385,1805,1030,1421,270,804,39263,23314,7058,4306,9229,6722,5894,70,69
2021-07-12T23:59:59+02:00,81,80,2411,2411,7090,5478,7024,4952,6281,6677,4405,4953,1639,2076,1121,1556,311,875,9,7,1206,1207,3658,3056,4029,3152,3938,4738,3113,3792,1371,1795,1026,1413,270,804,38917,22838,7044,4172,9225,6635,5807,69,68
2021-07-11T23:59:59+02:00,74,77,2397,2395,7051,5452,6995,4928,6251,6659,4396,4946,1636,2072,1119,1556,310,875,9,7,1192,1188,3604,3008,3970,3115,3882,4709,3090,3778,1362,1783,1024,1409,270,804,38795,22642,7025,4132,9219,6574,5719,68,68
2021-07-10T23:59:59+02:00,73,76,2368,2360,6970,5413,6930,4890,6201,6624,4373,4935,1632,2069,1119,1553,310,874,9,7,1169,1167,3547,2965,3922,3085,3844,4677,3072,3765,1356,1776,1024,1407,270,804,38544,22451,6999,4131,9206,6558,5581,68,68
2021-07-09T23:59:59+02:00,72,73,2342,2342,6902,5377,6885,4867,6151,6591,4355,4912,1630,2063,1119,1552,310,874,5,3,1144,1150,3496,2916,3870,3041,3789,4636,3044,3735,1354,1760,1022,1406,270,804,38319,22201,6972,4097,9195,6504,5483,68,68
2021-07-08T23:59:59+02:00,67,70,2291,2297,6809,5309,6785,4814,6086,6525,4317,4877,1623,2053,1117,1549,310,874,4,3,1070,1096,3327,2824,3674,2961,3605,4538,2974,3672,1339,1743,1020,1397,269,803,37983,21689,6895,3804,9163,6364,5276,68,68
2021-07-07T23:59:59+02:00,67,69,2215,2245,6696,5235,6683,4760,6013,6467,4282,4828,1616,2044,1114,1545,309,874,4,3,1015,1058,3175,2741,3493,2875,3446,4432,2921,3610,1323,1713,1013,1388,269,801,37485,21118,6853,3558,9138,6284,5118,68,68
2021-07-06T23:59:59+02:00,64,68,2169,2205,6589,5178,6593,4714,5957,6399,4242,4794,1609,2038,1111,1540,309,874,4,3,979,1015,3059,2637,3405,2816,3372,4340,2866,3550,1297,1682,1009,1379,269,801,37031,20604,6800,3449,9122,6193,5018,68,68
2021-07-05T23:59:59+02:00,62,68,2098,2159,6450,5108,6475,4677,5886,6339,4204,4757,1603,2029,1109,1538,309,872,4,3,934,977,2949,2564,3325,2770,3297,4271,2822,3493,1276,1664,1003,1369,269,798,36539,20215,6751,3371,9095,6108,4862,67,67
2021-07-04T23:59:59+02:00,62,67,2059,2113,6362,5060,6437,4646,5843,6319,4186,4734,1600,2026,1109,1536,309,871,4,3,896,951,2881,2509,3288,2742,3261,4236,2796,3470,1262,1644,1001,1368,268,798,36325,20059,6713,3313,9071,6034,4730,67,67
2021-07-03T23:59:59+02:00,58,52,1958,2029,6145,4895,6282,4557,5756,6230,4136,4699,1596,2022,1108,1532,309,871,4,3,857,922,2809,2462,3230,2713,3220,4186,2765,3439,1256,1639,1000,1364,267,796,35468,19860,6677,3310,9063,6009,4508,67,67
2021-07-02T23:59:59+02:00,49,45,1918,1989,6063,4849,6237,4528,5734,6200,4121,4681,1595,2016,1106,1531,308,871,4,3,833,895,2735,2411,3160,2665,3175,4135,2734,3402,1237,1620,996,1358,267,794,35176,19540,6641,3283,9058,5907,4440,66,67
2021-07-01T23:59:59+02:00,45,38,1865,1947,5953,4776,6154,4479,5653,6133,4094,4650,1592,2010,1105,1530,308,870,4,3,755,842,2533,2321,2969,2574,2995,4016,2633,3309,1214,1596,986,1342,267,792,34747,18722,6592,3053,9041,5801,4289,66,67
2021-06-30T23:59:59+02:00,45,37,1815,1887,5826,4690,6051,4425,5590,6084,4080,4625,1588,2002,1103,1527,308,870,4,2,718,806,2419,2245,2855,2515,2885,3922,2565,3229,1190,1570,977,1332,266,791,34297,18234,6528,2927,9025,5666,4157,65,67
2021-06-29T23:59:59+02:00,43,35,1750,1804,5710,4599,5951,4364,5533,6025,4052,4596,1580,1996,1102,1526,308,868,3,2,682,756,2333,2157,2778,2449,2779,3803,2507,3178,1177,1536,965,1322,265,788,33733,17721,6492,2850,9017,5549,4037,64,67
2021-06-28T23:59:59+02:00,41,33,1712,1744,5588,4528,5879,4312,5487,5986,4022,4571,1578,1987,1101,1525,308,868,3,2,668,726,2226,2083,2697,2385,2699,3716,2455,3129,1160,1518,958,1316,265,786,33297,17363,6435,2698,9007,5443,3952,64,67
2021-06-27T23:59:59+02:00,41,32,1679,1717,5534,4489,5835,4278,5437,5971,4011,4559,1575,1983,1101,1524,308,868,3,2,648,708,2170,2040,2652,2355,2650,3673,2423,3108,1152,1504,956,1307,265,786,33102,17196,6401,2636,8985,5354,3873,64,67
2021-06-26T23:59:59+02:00,34,27,1645,1688,5461,4441,5742,4233,5396,5939,3992,4543,1574,1981,1101,1522,308,868,3,2,640,697,2137,2012,2616,2332,2631,3647,2398,3089,1135,1494,955,1305,265,786,32729,16957,6316,2631,8985,5336,3873,64,66
2021-06-25T23:59:59+02:00,28,21,1608,1647,5350,4369,5686,4204,5355,5915,3970,4533,1571,1980,1099,1521,307,868,2,2,632,674,2082,1981,2547,2264,2529,3513,2351,2988,1124,1472,952,1302,264,785,32291,16475,6287,2601,8984,5156,3871,64,66
2021-06-24T23:59:59+02:00,21,16,1555,1594,5167,4253,5555,4148,5250,5869,3930,4506,1567,1976,1099,1520,306,867,2,2,590,652,1965,1908,2362,2194,2357,3428,2244,2893,1094,1449,942,1296,263,781,31626,15950,6225,2255,8974,5072,3759,64,66
2021-06-23T23:59:59+02:00,20,16,1521,1545,5076,4190,5476,4091,5201,5825,3908,4469,1558,1970,1096,1517,305,867,2,2,559,629,1889,1843,2248,2141,2235,3332,2141,2803,1067,1427,937,1288,262,780,31165,15360,6171,2171,8968,4928,3723,64,66
2021-06-22T23:59:59+02:00,20,16,1489,1528,5000,4121,5388,4042,5155,5779,3881,4446,1553,1964,1095,1516,305,867,2,2,541,607,1820,1792,2157,2086,2150,3224,2037,2714,1052,1405,927,1276,262,776,30736,14920,6126,2030,8963,4761,3697,64,65
2021-06-21T23:59:59+02:00,19,16,1455,1485,4872,4029,5305,3997,5085,5719,3852,4423,1549,1951,1093,1511,304,865,2,2,525,589,1779,1747,2117,2044,2096,3137,1969,2632,1034,1375,903,1254,262,773,30171,14608,6085,1930,8961,4613,3656,64,65
2021-06-20T23:59:59+02:00,18,14,1424,1452,4792,3956,5251,3977,5050,5698,3828,4413,1546,1950,1092,1511,303,865,2,2,507,572,1747,1717,2091,2020,2067,3109,1926,2595,1026,1359,901,1247,262,772,29858,14419,6048,1891,8947,4549,3620,64,64
2021-06-19T23:59:59+02:00,17,14,1405,1430,4747,3922,5225,3949,5019,5672,3807,4400,1539,1948,1092,1510,303,865,2,2,498,566,1726,1693,2070,1992,2053,3083,1901,2555,1016,1352,897,1246,260,771,29665,14236,5979,1859,8945,4541,3598,64,63
2021-06-18T23:59:59+02:00,12,10,1379,1412,4670,3878,5172,3906,4970,5633,3781,4388,1536,1945,1090,1508,303,865,2,2,483,556,1705,1678,2042,1961,2007,3034,1850,2502,1003,1337,895,1242,259,769,29317,13928,5931,1857,8944,4492,3585,64,63
2021-06-17T23:59:59+02:00,9,9,1341,1373,4496,3796,4978,3828,4790,5542,3726,4343,1529,1942,1090,1507,302,865,2,2,444,535,1600,1640,1858,1898,1845,2936,1747,2419,981,1319,884,1230,257,767,28687,13455,5866,1746,8936,4402,3282,63,62
2021-06-16T23:59:59+02:00,9,8,1310,1341,4391,3710,4876,3774,4687,5479,3679,4317,1522,1938,1088,1503,302,864,2,2,426,514,1537,1600,1795,1864,1764,2853,1689,2341,963,1293,874,1214,256,764,28189,13035,5750,1674,8920,4323,3228,63,62
2021-06-15T23:59:59+02:00,9,8,1276,1310,4249,3619,4799,3707,4611,5409,3637,4283,1512,1930,1083,1500,302,862,2,2,413,493,1475,1547,1741,1817,1695,2796,1620,2273,946,1267,869,1203,254,763,27614,12691,5712,1591,8905,4250,3145,63,62
2021-06-14T23:59:59+02:00,9,6,1249,1269,4155,3559,4717,3650,4527,5334,3582,4253,1507,1922,1082,1494,300,861,2,2,405,480,1428,1511,1691,1782,1642,2729,1563,2221,937,1244,864,1196,253,762,27127,12436,5614,1515,8901,4164,3089,62,61
2021-06-13T23:59:59+02:00,9,6,1232,1251,4104,3521,4666,3608,4475,5289,3562,4237,1506,1916,1082,1492,299,860,2,2,397,472,1393,1494,1650,1757,1598,2692,1528,2179,919,1225,860,1186,252,760,26862,12247,5578,1491,8896,4085,3027,62,61
2021-06-12T23:59:59+02:00,9,5,1218,1225,4073,3501,4636,3584,4457,5271,3549,4227,1504,1912,1081,1491,299,859,2,2,393,470,1380,1474,1624,1731,1577,2670,1501,2159,911,1215,850,1183,252,759,26667,12098,5567,1490,8895,4024,3015,62,60
2021-06-11T23:59:59+02:00,8,5,1201,1210,4032,3455,4563,3557,4414,5232,3518,4215,1503,1910,1080,1488,299,858,2,2,383,457,1357,1433,1595,1709,1534,2626,1455,2117,900,1200,847,1177,252,758,26359,11850,5534,1481,8891,3945,2995,62,60
2021-06-10T23:59:59+02:00,8,4,1137,1154,3909,3365,4426,3473,4316,5166,3465,4178,1498,1902,1078,1487,299,858,2,2,362,439,1292,1392,1520,1650,1467,2554,1369,2019,874,1168,843,1168,251,755,25742,11415,5390,1468,8872,3780,2916,62,59
2021-06-09T23:59:59+02:00,7,2,1085,1116,3758,3255,4284,3410,4227,5088,3416,4136,1492,1896,1076,1484,299,858,1,2,344,419,1228,1348,1456,1614,1412,2474,1288,1952,845,1113,836,1154,250,753,25223,11108,5205,1407,8863,3638,2773,62,59
2021-06-08T23:59:59+02:00,6,2,1026,1072,3612,3154,4163,3328,4116,5004,3363,4106,1486,1892,1074,1481,298,856,1,1,327,399,1177,1306,1398,1577,1353,2415,1241,1879,822,1078,825,1137,246,750,24635,10860,5059,1357,8851,3495,2646,62,57
2021-06-07T23:59:59+02:00,5,2,998,1044,3499,3074,4025,3291,3993,4936,3308,4079,1472,1887,1073,1479,298,854,1,0,320,393,1131,1266,1340,1554,1304,2365,1174,1826,808,1058,811,1120,244,745,24230,10689,4872,1322,8845,3363,2502,62,57
2021-06-06T23:59:59+02:00,5,2,974,1033,3436,3035,3945,3240,3918,4906,3275,4063,1470,1882,1070,1478,297,854,1,0,312,383,1115,1238,1306,1521,1283,2308,1144,1767,796,1043,803,1112,244,741,24013,10575,4728,1267,8832,3253,2429,62,56
2021-06-05T23:59:59+02:00,5,2,961,1015,3359,2971,3890,3209,3881,4881,3265,4059,1469,1880,1070,1477,297,853,1,0,305,373,1095,1215,1286,1505,1256,2278,1112,1747,784,1020,801,1108,244,741,23716,10404,4721,1264,8828,3209,2389,61,55
2021-06-04T23:59:59+02:00,3,2,934,995,3311,2914,3813,3168,3816,4825,3236,4038,1465,1876,1068,1477,297,853,1,0,295,365,1073,1186,1260,1489,1229,2236,1081,1719,768,997,795,1103,244,738,23384,10265,4675,1259,8824,3146,2300,61,55
2021-06-03T23:59:59+02:00,3,2,889,961,3151,2813,3621,3061,3638,4708,3146,3963,1455,1865,1064,1472,297,853,0,0,284,355,1037,1145,1203,1431,1158,2147,1019,1661,729,959,787,1090,244,737,22683,10041,4440,1240,8806,2979,2102,61,54
2021-06-02T23:59:59+02:00,3,2,861,949,3075,2743,3563,3019,3574,4645,3104,3936,1453,1860,1064,1471,297,853,0,0,271,346,1007,1120,1159,1412,1114,2104,966,1617,715,928,784,1085,244,736,22317,9824,4420,1226,8806,2940,1985,61,54
2021-06-01T23:59:59+02:00,3,2,814,913,2910,2623,3380,2923,3404,4538,3043,3874,1443,1853,1061,1465,297,853,0,0,259,331,923,1055,1063,1353,1029,1995,916,1537,686,875,776,1076,243,729,21690,9534,4202,1191,8793,2731,1740,61,53
2021-05-31T23:59:59+02:00,3,2,775,884,2786,2536,3234,2825,3297,4446,2990,3821,1438,1840,1059,1460,297,853,0,0,243,314,882,1012,995,1301,980,1918,878,1478,666,851,770,1071,242,729,21280,9361,3957,1176,8773,2594,1538,61,52
2021-05-30T23:59:59+02:00,3,2,764,872,2727,2489,3165,2785,3239,4404,2969,3800,1434,1834,1059,1460,297,852,0,0,233,297,838,966,939,1259,935,1856,853,1420,653,835,766,1062,242,728,21125,9259,3895,1166,8762,2420,1367,61,52
2021-05-29T23:59:59+02:00,3,2,761,869,2708,2472,3143,2771,3220,4388,2961,3791,1432,1833,1059,1460,297,852,0,0,230,286,833,952,920,1230,919,1808,839,1387,640,814,764,1057,241,728,20997,9167,3893,1165,8759,2279,1366,60,51
2021-05-28T23:59:59+02:00,3,2,752,857,2668,2431,3093,2742,3195,4364,2951,3776,1432,1830,1057,1455,297,852,0,0,226,277,820,932,908,1205,903,1766,811,1347,622,784,759,1049,240,726,20741,8985,3881,1160,8756,2191,1362,60,50
2021-05-27T23:59:59+02:00,3,2,706,834,2535,2364,2957,2671,3051,4283,2868,3726,1423,1819,1056,1453,296,850,0,0,211,260,757,880,826,1148,815,1668,745,1264,597,751,750,1030,239,724,20240,8772,3743,1124,8722,1925,1154,60,48
2021-05-26T23:59:59+02:00,3,2,671,800,2424,2288,2792,2604,2926,4215,2818,3676,1413,1808,1055,1445,294,845,0,0,202,240,714,840,777,1112,772,1599,705,1206,582,725,732,997,238,721,19813,8547,3490,1113,8694,1784,1022,60,48
2021-05-25T23:59:59+02:00,3,2,648,780,2331,2226,2688,2558,2824,4131,2771,3639,1401,1800,1052,1441,293,843,0,0,190,227,690,810,741,1075,734,1540,655,1144,562,705,712,967,237,719,19436,8323,3310,1078,8650,1646,964,59,45
2021-05-24T23:59:59+02:00,3,2,633,755,2271,2183,2613,2523,2752,4074,2714,3596,1388,1793,1046,1440,293,842,0,0,185,219,667,791,714,1043,698,1483,630,1092,544,692,705,963,237,717,19234,8229,3127,1066,8615,1525,863,59,44
2021-05-23T23:59:59+02:00,3,2,629,754,2253,2168,2601,2508,2741,4058,2702,3581,1385,1791,1046,1438,293,842,0,0,183,218,661,783,705,1036,682,1471,620,1084,541,685,700,958,236,714,19109,8147,3124,1060,8615,1513,861,59,42
2021-05-22T23:59:59+02:00,3,2,622,741,2227,2145,2563,2487,2719,4025,2667,3552,1378,1787,1045,1436,293,841,0,0,181,210,653,780,699,1025,670,1464,614,1078,531,676,694,947,236,714,18852,8085,3123,1060,8613,1476,852,59,41
2021-05-21T23:59:59+02:00,3,2,607,725,2139,2107,2476,2432,2650,3976,2623,3507,1371,1774,1043,1435,292,840,0,0,179,207,647,770,689,1016,658,1452,599,1058,518,651,687,939,236,712,18355,7997,3096,1059,8590,1414,848,59,41
2021-05-20T23:59:59+02:00,3,2,571,701,2015,2030,2340,2353,2517,3875,2544,3422,1355,1758,1041,1429,292,838,0,0,170,196,614,730,656,977,626,1396,573,994,497,621,681,930,236,711,17688,7873,2970,1048,8514,1203,774,59,39
2021-05-19T23:59:59+02:00,2,2,534,667,1897,1943,2191,2281,2374,3774,2443,3325,1338,1740,1033,1426,290,838,0,0,156,189,585,706,622,943,593,1342,548,934,483,599,671,906,235,709,16913,7718,2898,1030,8472,1102,650,58,38
2021-05-18T23:59:59+02:00,2,1,505,645,1816,1860,2086,2223,2259,3655,2348,3234,1327,1720,1026,1419,290,834,0,0,149,180,563,677,597,913,577,1264,528,871,465,572,662,891,234,706,16381,7593,2727,992,8415,992,544,58,38
2021-05-17T23:59:59+02:00,2,0,485,631,1756,1821,2032,2172,2181,3542,2286,3159,1308,1700,1019,1412,289,832,0,0,143,172,545,663,588,874,564,1204,511,815,447,541,660,883,234,705,16073,7515,2566,962,8345,888,447,58,38
2021-05-16T23:59:59+02:00,2,0,480,630,1729,1794,1990,2141,2140,3492,2230,3100,1293,1691,1017,1407,289,831,0,0,139,171,535,644,574,857,548,1157,494,777,421,511,658,880,234,704,15886,7458,2496,933,8300,802,366,58,37
2021-05-15T23:59:59+02:00,2,0,475,625,1699,1775,1971,2120,2119,3467,2205,3060,1285,1690,1016,1405,288,831,0,0,138,168,532,642,573,853,541,1152,488,767,418,509,656,878,234,704,15674,7427,2495,932,8291,790,360,57,36
2021-05-14T23:59:59+02:00,2,0,458,610,1667,1739,1927,2079,2038,3397,2164,3019,1277,1680,1014,1405,286,831,0,0,135,162,525,627,553,828,521,1118,473,751,402,493,651,872,234,702,15302,7366,2452,916,8270,682,334,57,36
2021-05-13T23:59:59+02:00,1,0,431,588,1592,1687,1813,2025,1919,3311,2097,2929,1253,1662,1007,1403,284,827,0,0,129,159,510,620,543,812,512,1102,459,738,385,465,639,846,234,697,14868,7280,2190,876,8216,642,301,56,35
2021-05-12T23:59:59+02:00,1,0,423,583,1571,1675,1795,2015,1896,3289,2082,2914,1251,1657,1003,1401,284,827,0,0,129,157,507,620,542,806,509,1097,455,731,379,453,638,840,234,697,14734,7236,2164,867,8208,640,299,54,35
2021-05-11T23:59:59+02:00,1,0,403,562,1490,1635,1685,1974,1783,3195,1974,2846,1236,1633,999,1391,284,827,0,0,122,148,490,586,521,778,488,1065,427,710,356,425,629,834,234,697,14323,7137,1983,838,8091,542,233,54,35
2021-05-10T23:59:59+02:00,1,0,386,545,1445,1602,1631,1940,1708,3130,1915,2779,1229,1619,995,1385,284,824,0,0,122,145,484,581,512,755,479,1040,421,690,347,413,627,830,234,696,14043,7088,1900,830,7966,490,207,54,33
2021-05-09T23:59:59+02:00,1,0,379,534,1400,1575,1596,1920,1663,3092,1853,2739,1216,1607,992,1380,284,823,0,0,117,142,477,571,502,747,470,1030,410,678,337,402,622,825,234,695,13802,7051,1842,819,7913,437,186,54,32
2021-05-08T23:59:59+02:00,1,0,374,529,1386,1554,1562,1899,1640,3067,1821,2716,1209,1600,989,1379,283,823,0,0,116,142,476,571,499,746,469,1025,410,672,336,400,618,817,234,695,13584,7035,1836,813,7910,426,184,54,32
2021-05-07T23:59:59+02:00,1,0,362,521,1357,1524,1508,1880,1580,3006,1772,2665,1202,1592,988,1373,283,820,0,0,112,138,465,557,486,718,457,990,393,647,334,380,603,805,233,693,13309,6983,1807,788,7844,322,146,54,31
2021-05-06T23:59:59+02:00,1,0,338,507,1259,1482,1396,1822,1437,2891,1641,2572,1171,1561,985,1362,283,817,0,0,110,134,449,539,475,699,442,966,379,627,325,365,590,792,233,690,12813,6920,1617,770,7619,234,118,51,28
2021-05-05T23:59:59+02:00,1,0,323,492,1218,1451,1351,1781,1370,2822,1562,2486,1152,1536,979,1349,283,812,0,0,109,130,438,529,470,686,434,956,374,609,308,353,573,775,233,689,12385,6849,1552,751,7553,185,110,51,25
2021-05-04T23:59:59+02:00,1,0,314,480,1166,1417,1312,1754,1323,2775,1509,2427,1136,1507,973,1338,281,808,0,0,105,127,429,516,467,679,422,935,363,592,296,337,562,755,233,689,12054,6771,1490,724,7504,144,98,50,23
2021-05-03T23:59:59+02:00,1,0,308,474,1130,1394,1276,1733,1292,2740,1466,2388,1119,1481,967,1331,280,804,0,0,97,123,417,507,457,672,415,928,353,584,285,329,544,738,231,687,11805,6687,1465,715,7459,125,70,50,21
2021-05-02T23:59:59+02:00,1,0,304,473,1114,1379,1244,1715,1265,2721,1455,2366,1110,1467,964,1330,280,801,0,0,94,121,410,499,451,667,410,922,349,581,281,321,524,727,231,687,11672,6645,1449,694,7424,111,53,49,19
2021-05-01T23:59:59+02:00,1,0,300,468,1105,1371,1234,1702,1250,2709,1437,2349,1104,1461,961,1327,280,800,0,0,94,120,410,498,447,667,408,918,349,579,279,321,524,727,231,687,11537,6635,1448,694,7423,108,52,49,17
2021-04-30T23:59:59+02:00,1,0,295,459,1094,1347,1211,1682,1220,2646,1383,2299,1091,1443,956,1324,280,797,0,0,92,118,407,493,443,660,406,893,344,569,274,314,522,722,231,686,11234,6618,1443,684,7419,81,22,49,16
2021-04-29T23:59:59+02:00,1,0,279,445,1039,1317,1163,1642,1173,2589,1293,2235,1047,1401,951,1316,279,795,0,0,92,116,402,491,438,655,397,881,336,561,264,304,511,712,230,683,10759,6558,1405,664,7355,57,21,48,16
2021-04-28T23:59:59+02:00,1,0,268,439,1025,1299,1135,1628,1140,2548,1226,2182,1015,1348,943,1314,279,794,0,0,88,114,396,488,433,645,391,872,333,548,249,287,501,700,229,682,10475,6488,1355,630,7301,42,20,47,15
2021-04-27T23:59:59+02:00,1,0,264,429,1004,1283,1114,1616,1116,2525,1202,2158,990,1313,937,1310,279,791,0,0,86,111,392,483,431,638,389,868,325,542,245,279,487,681,228,681,10284,6435,1327,602,7264,35,19,42,13
2021-04-26T23:59:59+02:00,1,0,261,423,996,1274,1104,1600,1086,2508,1153,2111,971,1293,931,1303,278,790,0,0,86,111,388,475,431,635,385,864,324,536,239,271,477,672,228,681,10110,6398,1312,577,7198,33,19,40,13
2021-04-25T23:59:59+02:00,1,0,260,421,987,1261,1086,1591,1069,2490,1122,2083,950,1270,928,1295,278,790,0,0,85,110,386,467,428,634,384,859,323,535,238,267,472,664,228,680,9978,6379,1287,561,7150,25,19,38,13
2021-04-24T23:59:59+02:00,1,0,256,416,972,1248,1074,1575,1053,2470,1097,2066,941,1246,925,1291,278,790,0,0,85,110,386,467,426,634,384,856,322,532,237,266,471,661,228,680,9809,6372,1287,553,7128,24,19,36,13
2021-04-23T23:59:59+02:00,1,0,254,406,961,1231,1064,1564,1036,2451,1042,2023,920,1221,923,1284,278,787,0,0,84,109,386,466,425,633,383,854,319,529,233,260,466,655,228,680,9653,6349,1274,540,7033,24,19,35,12
2021-04-22T23:59:59+02:00,1,0,250,396,937,1207,1040,1544,1005,2411,995,1961,892,1181,916,1271,278,784,0,0,84,107,384,460,419,626,378,845,317,524,227,254,457,645,227,678,9381,6294,1225,525,6966,17,19,35,11
2021-04-21T23:59:59+02:00,1,0,246,391,912,1189,1014,1527,971,2376,950,1913,859,1132,908,1257,278,781,0,0,83,105,381,459,417,622,374,839,312,515,224,249,447,630,226,675,9090,6241,1200,504,6908,16,19,35,11
2021-04-20T23:59:59+02:00,1,0,239,386,893,1161,996,1506,945,2326,911,1861,814,1069,896,1240,276,778,0,0,83,104,379,457,414,617,367,834,309,509,218,240,436,611,225,675,8807,6177,1132,489,6844,15,19,35,11
2021-04-19T23:59:59+02:00,1,0,236,376,872,1149,983,1486,929,2295,884,1826,785,1040,892,1233,276,774,0,0,82,103,377,455,409,612,364,824,305,499,218,235,424,593,223,670,8628,6114,1116,469,6776,13,18,34,11
2021-04-18T23:59:59+02:00,1,0,235,372,864,1139,970,1477,908,2275,865,1807,759,1001,890,1228,275,772,0,0,81,101,373,453,409,612,363,820,305,496,217,231,418,589,223,670,8507,6094,1088,457,6716,13,18,34,10
2021-04-17T23:59:59+02:00,1,0,234,369,862,1136,964,1474,900,2269,861,1800,744,976,888,1222,275,772,0,0,81,98,371,449,407,612,360,815,304,491,214,225,412,582,223,669,8442,6051,1087,453,6690,12,18,34,10
2021-04-16T23:59:59+02:00,1,0,233,368,852,1131,951,1454,884,2248,832,1763,706,919,877,1212,273,768,0,0,77,96,368,442,404,610,351,802,299,479,199,210,407,574,220,666,8249,5981,1071,413,6620,11,18,34,9
2021-04-15T23:59:59+02:00,1,0,231,361,827,1113,934,1439,856,2202,791,1724,672,871,868,1192,273,764,0,0,75,95,364,435,398,603,344,794,292,476,191,204,391,551,218,661,8021,5897,1059,385,6500,10,18,32,8
2021-04-14T23:59:59+02:00,1,0,229,354,816,1102,924,1425,842,2167,774,1696,634,829,839,1144,273,760,0,0,72,91,356,432,393,595,341,784,282,468,181,188,374,530,216,655,7797,5797,1043,350,6427,10,18,29,8
2021-04-13T23:59:59+02:00,1,0,224,350,806,1097,915,1414,831,2141,746,1667,587,777,817,1111,272,757,0,0,70,88,347,424,379,590,331,777,277,464,178,184,361,517,215,652,7635,5722,998,322,6336,8,18,26,8
2021-04-12T23:59:59+02:00,1,0,222,349,801,1091,906,1400,804,2120,728,1648,556,750,806,1094,271,755,0,0,69,84,333,418,375,584,326,769,271,458,171,179,353,505,214,646,7538,5642,977,297,6243,8,18,22,8
2021-04-11T23:59:59+02:00,0,0,218,347,793,1079,897,1395,789,2103,717,1631,541,726,797,1073,270,752,0,0,68,82,328,416,371,582,324,765,270,453,165,171,346,502,212,643,7473,5594,957,287,6152,7,18,20,8
2021-04-10T23:59:59+02:00,0,0,218,345,793,1076,892,1393,779,2095,707,1622,534,711,790,1060,269,752,0,0,64,74,302,399,352,567,310,750,256,445,158,163,341,487,211,641,7419,5414,950,281,6121,7,17,18,8
2021-04-09T23:59:59+02:00,0,0,218,342,787,1073,877,1369,771,2013,691,1537,498,650,770,1037,267,748,0,0,55,70,287,387,335,553,294,735,246,432,148,157,319,466,208,633,7300,5220,925,273,5871,7,13,17,8
2021-04-08T23:59:59+02:00,0,0,216,339,781,1066,865,1361,757,1993,671,1517,456,587,739,1014,265,745,0,0,53,67,275,368,320,539,279,721,230,414,139,141,303,448,206,616,7180,5021,885,259,5751,7,12,17,8
2021-04-07T23:59:59+02:00,0,0,210,335,772,1060,852,1345,736,1963,652,1483,419,546,711,976,262,741,0,0,50,64,256,354,310,534,271,708,222,402,125,131,284,428,200,607,7041,4852,853,249,5603,7,12,16,7
2021-04-06T23:59:59+02:00,0,0,208,333,762,1055,837,1327,719,1939,623,1457,398,510,686,944,261,740,0,0,48,62,255,349,305,532,260,704,217,396,120,127,274,407,196,597,6949,4779,826,226,5452,6,12,14,7
2021-04-05T23:59:59+02:00,0,0,208,332,758,1048,830,1316,710,1922,616,1440,379,489,669,919,261,739,0,0,47,61,254,345,304,528,256,698,213,395,119,123,261,387,192,590,6908,4716,813,211,5337,6,12,14,7
2021-04-04T23:59:59+02:00,0,0,207,328,754,1038,824,1305,701,1905,609,1421,367,476,666,915,261,739,0,0,47,60,253,344,303,528,256,698,212,395,117,123,254,373,189,588,6882,4684,807,211,5251,6,10,14,7
2021-04-03T23:59:59+02:00,0,0,207,328,753,1038,822,1303,701,1900,602,1419,360,470,663,908,261,738,0,0,47,60,253,344,303,528,256,697,212,393,117,123,254,370,189,586,6850,4676,807,211,5238,6,10,14,7
2021-04-02T23:59:59+02:00,0,0,207,326,752,1036,820,1301,697,1892,598,1408,351,460,650,898,261,737,0,0,47,59,250,342,300,526,254,689,207,386,115,122,247,351,186,573,6800,4599,801,208,5213,6,10,13,7
2021-04-01T23:59:59+02:00,0,0,204,323,747,1022,808,1288,692,1872,583,1389,336,436,618,865,260,731,0,0,45,58,241,336,297,523,253,682,205,381,107,119,229,325,183,552,6710,4487,758,201,5121,5,10,13,7
2021-03-31T23:59:59+02:00,0,0,200,320,739,1014,798,1274,682,1826,573,1350,327,424,596,819,256,728,0,0,45,58,240,335,292,520,250,680,199,377,102,116,214,298,181,530,6640,4397,713,194,4987,5,8,13,7
2021-03-30T23:59:59+02:00,0,0,197,314,734,1005,792,1252,669,1787,563,1306,315,406,569,784,255,728,0,0,45,57,238,331,288,517,249,675,195,372,99,114,206,280,177,515,6562,4320,674,189,4853,5,8,12,7
2021-03-29T23:59:59+02:00,0,0,193,308,728,987,787,1239,659,1756,554,1268,311,392,538,746,253,721,0,0,45,55,236,329,287,515,248,671,193,365,95,112,196,267,170,504,6451,4257,652,183,4748,3,8,12,7
2021-03-28T23:59:59+02:00,0,0,186,292,718,977,778,1231,654,1734,551,1251,309,378,510,722,250,719,0,0,45,54,234,329,284,509,245,668,192,362,92,110,189,258,167,502,6405,4213,617,179,4644,3,8,12,7
2021-03-27T23:59:59+01:00,0,0,186,289,713,971,773,1227,648,1722,549,1242,305,369,504,712,250,718,0,0,45,54,234,329,283,509,242,662,189,358,91,109,185,251,162,492,6364,4174,609,173,4607,3,8,12,7
2021-03-26T23:59:59+01:00,0,0,182,287,701,959,764,1212,636,1704,541,1219,298,358,500,697,248,714,0,0,44,54,234,329,282,507,242,661,182,346,86,102,173,235,155,480,6299,4093,590,172,4528,3,6,12,7
2021-03-25T23:59:59+01:00,0,0,178,285,691,945,742,1185,619,1667,530,1180,290,345,483,672,247,709,0,0,44,53,231,324,280,506,235,658,181,344,79,102,156,216,150,456,6217,3999,576,164,4368,3,6,12,7
2021-03-24T23:59:59+01:00,0,0,176,276,679,932,734,1169,609,1630,516,1149,280,331,465,648,244,706,0,0,44,53,229,322,278,504,233,658,177,341,77,99,143,210,144,422,6139,3925,550,157,4244,2,6,12,7
2021-03-23T23:59:59+01:00,0,0,173,273,671,917,720,1151,598,1607,502,1110,274,320,447,632,239,702,0,0,43,53,227,321,275,501,228,653,175,337,74,95,135,202,134,396,6082,3843,534,152,4107,2,6,12,7
2021-03-22T23:59:59+01:00,0,0,169,264,651,896,700,1132,585,1574,487,1086,269,311,435,616,238,696,0,0,43,53,225,319,271,499,226,646,174,335,74,92,129,193,119,366,6016,3760,512,149,3963,1,6,12,7
2021-03-21T23:59:59+01:00,0,0,165,262,641,886,691,1127,578,1550,481,1054,263,303,422,608,236,691,0,0,43,53,222,319,269,497,225,645,172,333,73,89,127,192,115,363,5984,3739,495,145,3858,1,4,11,6
2021-03-20T23:59:59+01:00,0,0,163,262,633,881,686,1124,570,1545,478,1053,259,294,409,594,234,689,0,0,43,53,222,319,268,497,224,643,172,329,72,88,124,188,111,357,5947,3714,488,143,3814,1,4,10,6
2021-03-19T23:59:59+01:00,0,0,153,252,626,863,675,1117,565,1527,467,1040,241,273,392,569,229,681,0,0,41,53,221,318,267,497,222,636,171,325,69,86,116,177,106,336,5869,3646,445,142,3726,1,3,10,6
2021-03-18T23:59:59+01:00,0,0,148,246,606,847,657,1082,547,1474,453,994,226,258,379,546,226,663,0,0,41,53,220,315,265,489,222,631,168,318,69,83,108,169,101,323,5782,3585,411,133,3518,1,3,10,6
2021-03-17T23:59:59+01:00,0,0,142,240,593,828,644,1075,542,1461,445,975,214,245,360,529,222,657,0,0,41,52,220,313,264,487,221,629,168,317,69,83,103,163,95,309,5686,3544,383,131,3454,1,3,8,6
2021-03-16T23:59:59+01:00,0,0,138,231,576,813,625,1064,530,1420,434,950,206,231,339,494,218,645,0,0,41,51,220,310,264,481,219,628,167,316,65,83,99,157,92,291,5593,3498,351,127,3314,1,2,8,6
2021-03-15T23:59:59+01:00,0,0,132,224,560,798,614,1043,520,1388,420,913,200,223,326,469,215,638,0,0,40,51,219,307,264,478,218,627,165,315,64,81,93,151,90,277,5502,3455,322,125,3196,1,1,8,6
2021-03-14T23:59:59+01:00,0,0,127,212,546,779,599,1022,511,1345,408,867,190,211,314,458,209,634,0,0,40,51,219,304,263,477,217,622,164,310,63,81,92,147,88,274,5434,3438,309,115,3023,1,0,7,6
2021-03-13T23:59:59+01:00,0,0,124,200,518,750,570,996,485,1320,388,848,175,202,307,445,208,631,0,0,40,51,219,304,262,477,216,622,164,309,63,81,89,143,76,259,5239,3399,305,115,2936,1,0,7,6
2021-03-12T23:59:59+01:00,0,0,113,192,488,724,550,966,463,1281,367,815,159,190,282,415,205,611,0,0,40,51,219,303,261,477,216,622,164,308,57,79,86,137,71,252,5007,3365,299,115,2815,1,0,7,5
2021-03-11T23:59:59+01:00,0,0,105,183,454,677,511,929,423,1208,345,762,146,167,253,373,201,589,0,0,40,50,218,301,256,473,214,618,161,306,57,77,82,131,69,239,4755,3336,288,94,2557,1,0,7,4
2021-03-10T23:59:59+01:00,0,0,102,173,430,653,492,910,406,1169,328,724,130,152,236,342,195,555,0,0,39,50,216,296,252,468,211,612,161,304,54,75,78,128,66,229,4575,3292,277,82,2415,1,0,7,4
2021-03-09T23:59:59+01:00,0,0,102,168,418,623,461,880,391,1125,316,692,124,144,225,323,189,543,0,0,39,50,215,293,249,460,209,608,157,300,53,73,76,125,60,220,4492,3250,259,72,2230,1,0,7,3
2021-03-08T23:59:59+01:00,0,0,99,160,402,606,443,863,381,1074,307,654,120,135,210,303,183,531,0,0,39,50,215,289,246,455,204,604,151,296,51,72,71,122,59,219,4411,3222,243,55,2069,1,0,7,2
2021-03-07T23:59:59+01:00,0,0,96,156,397,594,434,847,370,1059,304,648,118,135,203,289,181,529,0,0,39,50,214,288,246,453,202,603,151,296,51,72,69,119,58,218,4364,3212,232,51,2011,0,0,7,2
2021-03-06T23:59:59+01:00,0,0,95,149,395,585,426,823,359,1007,294,616,117,134,197,281,178,524,0,0,39,50,214,288,245,452,202,602,151,296,51,72,67,119,57,213,4327,3207,232,45,1865,0,0,7,2
2021-03-05T23:59:59+01:00,0,0,93,144,390,572,421,815,357,989,285,593,111,124,186,261,170,511,0,0,39,50,213,286,244,451,201,600,150,294,51,72,65,118,56,205,4245,3192,223,36,1791,0,0,7,2
2021-03-04T23:59:59+01:00,0,0,90,128,380,536,403,781,340,945,274,563,102,123,167,234,163,486,0,0,39,50,211,279,242,445,199,587,147,293,50,72,65,118,56,204,4139,3152,207,35,1602,0,0,7,2
2021-03-03T23:59:59+01:00,0,0,83,117,370,520,395,763,335,924,265,545,100,120,156,227,157,452,0,0,39,49,211,279,241,443,196,579,147,287,50,72,64,116,56,204,4069,3128,201,32,1485,0,0,7,2
2021-03-02T23:59:59+01:00,0,0,80,114,359,505,378,745,328,905,258,523,98,115,146,217,147,424,0,0,38,49,211,279,241,437,191,572,145,284,50,72,64,114,56,203,3980,3099,195,32,1387,0,0,7,2
2021-03-01T23:59:59+01:00,0,0,79,112,353,492,371,723,317,880,252,495,96,114,139,206,129,389,0,0,38,48,210,278,239,428,189,565,145,281,50,72,63,113,55,203,3893,3068,190,32,1279,0,0,7,2
2021-02-28T23:59:59+01:00,0,0,79,110,346,483,368,715,315,856,247,477,91,106,137,203,125,385,0,0,38,48,209,278,238,427,188,565,145,281,50,72,63,113,55,203,3869,3066,187,31,1199,0,0,7,1
2021-02-27T23:59:59+01:00,0,0,76,101,340,477,363,708,309,845,244,468,89,104,136,198,118,375,0,0,38,48,209,277,238,426,187,564,143,280,50,72,63,113,55,203,3837,3064,181,26,1141,0,0,7,1
2021-02-26T23:59:59+01:00,0,0,73,96,332,453,337,673,288,814,233,447,86,100,128,187,114,355,0,0,37,47,209,276,238,424,186,561,139,278,50,72,63,113,55,201,3779,3047,179,26,959,0,0,7,0
2021-02-25T23:59:59+01:00,0,0,65,85,319,431,326,645,280,788,220,424,81,100,120,180,110,343,0,0,37,47,207,272,233,421,184,554,134,277,50,70,61,111,54,201,3727,3018,172,18,808,0,0,7,0
2021-02-24T23:59:59+01:00,0,0,61,78,312,418,318,630,275,771,217,416,80,100,115,175,103,330,0,0,34,47,204,270,230,408,182,546,132,272,48,69,58,111,54,201,3686,2975,167,12,733,0,0,7,0
2021-02-23T23:59:59+01:00,0,0,58,69,299,400,308,613,269,753,210,408,76,98,110,170,100,308,0,0,32,47,203,268,227,401,181,540,128,269,47,69,58,107,54,199,3634,2942,162,8,634,0,0,7,0
2021-02-22T23:59:59+01:00,0,0,56,67,293,388,304,604,267,744,208,403,74,95,102,162,98,296,0,0,32,45,200,266,225,387,174,530,125,266,46,69,57,107,54,199,3589,2895,154,4,593,0,0,6,0
2021-02-21T23:59:59+01:00,0,0,55,66,287,381,301,594,262,736,203,399,73,93,101,160,96,294,0,0,32,44,199,264,224,384,174,521,125,265,46,69,57,107,54,197,3579,2873,151,4,543,0,0,5,0
2021-02-20T23:59:59+01:00,0,0,54,66,285,380,300,591,261,729,203,394,71,93,98,156,84,279,0,0,32,42,199,264,224,384,173,521,123,264,46,69,56,107,54,195,3542,2864,150,4,521,0,0,5,0
2021-02-19T23:59:59+01:00,0,0,53,66,282,375,293,568,250,703,201,382,67,90,94,148,79,271,0,0,32,41,199,264,223,383,173,520,123,264,46,69,55,106,52,193,3506,2854,149,4,432,0,0,4,0
2021-02-18T23:59:59+01:00,0,0,50,64,264,351,285,545,242,682,186,358,66,86,92,143,77,262,0,0,31,40,194,255,220,376,168,505,123,254,46,67,55,104,49,188,3477,2785,140,4,297,0,0,4,0
2021-02-17T23:59:59+01:00,0,0,50,62,257,345,283,530,235,669,183,338,64,83,88,140,74,250,0,0,29,39,190,249,213,362,164,489,120,243,42,65,55,102,48,185,3426,2702,138,3,242,0,0,4,0
2021-02-16T23:59:59+01:00,0,0,49,57,243,331,279,519,229,653,178,330,62,82,85,138,68,242,0,0,26,39,181,240,205,342,158,477,116,231,42,60,45,88,40,175,3387,2571,135,3,176,0,0,4,0
2021-02-15T23:59:59+01:00,0,0,49,56,238,328,272,507,226,648,174,324,60,82,80,134,67,241,0,0,25,38,173,233,200,334,152,466,112,224,39,57,45,82,36,166,3359,2487,134,3,145,0,0,4,0
2021-02-14T23:59:59+01:00,0,0,46,56,235,324,270,500,223,643,174,319,59,79,77,133,66,238,0,0,23,38,171,228,197,329,151,454,111,221,39,57,44,80,35,159,3347,2441,123,3,122,0,0,4,0
2021-02-13T23:59:59+01:00,0,0,45,56,235,324,268,500,223,642,174,319,59,79,76,133,66,237,0,0,23,38,170,227,194,329,150,452,110,218,38,57,43,79,32,155,3343,2420,123,1,120,0,0,4,0
2021-02-12T23:59:59+01:00,0,0,44,54,233,320,265,491,219,631,171,316,59,78,74,133,66,236,0,0,23,38,169,223,193,328,149,450,108,217,36,56,43,75,28,147,3334,2388,123,1,81,0,0,4,0
2021-02-11T23:59:59+01:00,0,0,43,53,225,297,258,474,212,607,159,306,57,77,73,131,66,230,0,0,23,35,154,201,186,298,140,405,103,198,32,55,39,65,26,133,3295,2188,100,1,18,0,0,4,0
2021-02-10T23:59:59+01:00,0,0,43,52,222,289,256,467,208,599,157,301,54,77,72,131,65,228,0,0,21,32,141,177,171,259,121,356,96,176,28,52,38,62,23,121,3263,1957,90,1,8,0,0,4,0
2021-02-09T23:59:59+01:00,0,0,41,51,221,286,254,457,203,591,153,298,54,77,72,129,65,228,0,0,21,30,123,151,156,236,108,313,91,151,23,47,37,49,20,109,3240,1737,75,1,4,0,0,4,0
2021-02-08T23:59:59+01:00,0,0,41,51,220,284,248,442,199,580,149,293,51,77,71,128,65,228,0,0,19,29,106,128,134,196,88,274,86,141,16,45,30,40,19,96,3200,1513,59,1,4,0,0,3,0
2021-02-07T23:59:59+01:00,0,0,41,50,217,283,246,441,198,577,148,293,51,77,70,127,65,228,0,0,18,23,101,118,124,184,83,254,82,131,15,44,28,33,18,88,3192,1407,55,1,0,0,0,2,0
2021-02-06T23:59:59+01:00,0,0,41,50,217,283,246,440,198,577,147,292,50,77,69,127,64,223,0,0,14,19,100,117,123,180,81,247,82,129,14,43,28,30,16,88,3188,1370,48,1,0,0,0,2,0
2021-02-05T23:59:59+01:00,0,0,40,49,217,283,246,439,197,575,145,291,50,77,69,127,63,213,0,0,12,15,91,109,119,175,80,243,81,121,13,42,28,26,14,85,3175,1310,39,0,0,0,0,2,0
2021-02-04T23:59:59+01:00,0,0,40,49,214,279,241,435,192,569,143,288,50,75,69,125,63,212,0,0,11,11,63,77,96,130,68,207,64,102,13,37,25,22,11,74,3137,1053,39,0,0,0,0,2,0
2021-02-03T23:59:59+01:00,0,0,39,48,213,278,240,423,190,563,142,285,50,74,68,123,63,212,0,0,8,6,47,58,74,107,53,158,55,74,10,17,19,15,6,58,3107,796,36,0,0,0,0,2,0
2021-02-02T23:59:59+01:00,0,0,38,48,212,275,236,417,189,557,139,284,49,74,66,120,61,209,0,0,6,4,31,41,58,77,41,102,44,52,8,14,13,9,2,41,3068,564,36,0,0,0,0,2,0
2021-02-01T23:59:59+01:00,0,0,37,46,210,275,231,410,185,552,136,277,49,73,64,119,61,209,0,0,4,2,24,22,32,46,27,63,27,28,6,9,9,5,2,23,3027,341,36,0,0,0,0,1,0
2021-01-31T23:59:59+01:00,0,0,37,46,209,274,229,404,183,544,135,277,49,73,63,118,61,207,0,0,4,2,22,17,23,36,21,51,21,24,6,6,8,5,2,19,3002,277,34,0,0,0,0,1,0
2021-01-30T23:59:59+01:00,0,0,37,46,209,274,229,403,182,544,135,277,49,73,62,118,61,204,0,0,4,2,21,16,21,36,19,47,20,23,6,5,8,4,2,18,2997,261,33,0,0,0,0,1,0
2021-01-29T23:59:59+01:00,0,0,36,46,209,272,228,402,181,543,133,275,49,73,61,117,59,203,0,0,4,1,17,10,15,29,16,41,16,21,5,4,7,4,2,17,2985,216,29,0,0,0,0,0,0
2021-01-28T23:59:59+01:00,0,0,36,45,200,269,227,397,180,534,131,271,49,73,60,116,57,202,0,0,4,1,6,3,8,16,9,23,9,9,2,2,5,1,0,16,2953,117,21,0,0,0,0,0,0
2021-01-27T23:59:59+01:00,0,0,35,44,197,262,223,387,178,521,128,262,46,71,60,114,56,200,0,0,1,1,4,3,7,14,8,19,8,9,2,2,4,1,0,13,2888,98,17,0,0,0,0,0,0
2021-01-26T23:59:59+01:00,0,0,31,44,194,250,217,374,174,503,125,255,45,66,54,107,49,191,0,0,1,1,3,3,7,14,8,19,8,9,2,2,4,1,0,10,2786,94,13,0,0,0,0,0,0
2021-01-25T23:59:59+01:00,0,0,31,43,185,247,214,364,171,494,122,245,43,64,53,104,43,188,0,0,1,1,2,3,5,12,7,16,8,9,2,2,3,0,0,8,2724,81,5,0,0,0,0,0,0
2021-01-24T23:59:59+01:00,0,0,30,42,183,244,212,363,170,492,122,244,43,64,51,100,42,187,0,0,1,1,1,3,4,12,7,16,8,9,2,2,3,0,0,8,2703,79,3,0,0,0,0,0,0
2021-01-23T23:59:59+01:00,0,0,30,42,183,244,210,363,170,491,122,244,43,64,51,99,41,185,0,0,1,1,1,3,4,11,7,15,7,9,2,2,3,0,0,8,2695,76,3,0,0,0,0,0,0
2021-01-22T23:59:59+01:00,0,0,29,41,182,240,209,363,170,490,121,244,43,64,51,99,38,179,0,0,1,0,1,3,4,11,7,15,7,9,2,2,3,0,0,8,2676,75,3,0,0,0,0,0,0
2021-01-21T23:59:59+01:00,0,0,25,39,173,227,203,347,166,469,119,231,42,64,48,91,37,176,0,0,1,0,1,3,1,6,6,10,5,5,2,2,2,0,0,7,2563,53,3,0,0,0,0,0,0
2021-01-20T23:59:59+01:00,0,0,24,37,155,201,186,304,138,413,109,210,37,60,46,86,32,159,0,0,1,0,1,3,1,6,6,9,5,4,2,2,2,0,0,7,2292,51,2,0,0,0,0,0,0
2021-01-19T23:59:59+01:00,0,0,24,34,129,173,170,270,129,370,105,189,27,54,38,71,29,145,0,0,1,0,1,3,1,5,4,7,3,3,1,0,2,0,0,4,2040,36,2,0,0,0,0,0,0
2021-01-18T23:59:59+01:00,0,0,20,33,116,152,148,229,112,321,98,165,24,51,34,58,26,125,0,0,1,0,1,1,0,2,3,5,2,3,0,0,1,0,0,4,1788,24,2,0,0,0,0,0,0
2021-01-17T23:59:59+01:00,0,0,18,24,111,138,140,215,103,296,94,154,23,46,33,52,25,112,0,0,1,0,0,0,0,1,1,4,2,2,0,0,1,0,0,1,1652,13,2,0,0,0,0,0,0
2021-01-16T23:59:59+01:00,0,0,15,21,108,136,138,210,100,286,93,147,20,45,32,46,20,109,0,0,0,0,0,0,0,0,0,0,0,0,0,0,0,0,0,0,1592,0,0,0,0,0,0,0,0
2021-01-15T23:59:59+01:00,0,0,12,17,102,127,133,204,98,277,93,137,19,44,32,41,19,106,0,0,0,0,0,0,0,0,0,0,0,0,0,0,0,0,0,0,1523,0,0,0,0,0,0,0,0
2021-01-14T23:59:59+01:00,0,0,10,13,78,95,114,168,82,234,81,122,15,39,29,33,17,91,0,0,0,0,0,0,0,0,0,0,0,0,0,0,0,0,0,0,1270,0,0,0,0,0,0,0,0
2021-01-13T23:59:59+01:00,0,0,8,12,64,84,100,139,76,190,76,97,15,25,23,24,15,71,0,0,0,0,0,0,0,0,0,0,0,0,0,0,0,0,0,0,1060,0,0,0,0,0,0,0,0
2021-01-12T23:59:59+01:00,0,0,6,8,52,67,82,108,68,135,63,75,11,19,18,20,7,55,0,0,0,0,0,0,0,0,0,0,0,0,0,0,0,0,0,0,829,0,0,0,0,0,0,0,0
2021-01-11T23:59:59+01:00,0,0,4,6,45,51,68,83,54,107,48,55,10,14,9,11,4,29,0,0,0,0,0,0,0,0,0,0,0,0,0,0,0,0,0,0,623,0,0,0,0,0,0,0,0
2021-01-10T23:59:59+01:00,0,0,4,6,41,40,50,67,40,86,40,47,9,9,8,10,4,23,0,0,0,0,0,0,0,0,0,0,0,0,0,0,0,0,0,0,500,0,0,0,0,0,0,0,0
2021-01-09T23:59:59+01:00,0,0,4,5,38,39,45,64,37,78,37,43,9,9,8,8,4,22,0,0,0,0,0,0,0,0,0,0,0,0,0,0,0,0,0,0,464,0,0,0,0,0,0,0,0
2021-01-08T23:59:59+01:00,0,0,4,5,30,30,38,56,28,65,31,38,6,6,6,7,3,20,0,0,0,0,0,0,0,0,0,0,0,0,0,0,0,0,0,0,384,0,0,0,0,0,0,0,0
2021-01-07T23:59:59+01:00,0,0,4,2,12,3,11,18,11,29,8,18,5,3,5,2,1,18,0,0,0,0,0,0,0,0,0,0,0,0,0,0,0,0,0,0,153,0,0,0,0,0,0,0,0
2021-01-06T23:59:59+01:00,0,0,4,1,5,3,6,15,8,23,7,10,3,3,4,2,1,16,0,0,0,0,0,0,0,0,0,0,0,0,0,0,0,0,0,0,114,0,0,0,0,0,0,0,0
2021-01-05T23:59:59+01:00,0,0,2,1,3,3,6,14,8,21,7,9,3,2,4,2,0,15,0,0,0,0,0,0,0,0,0,0,0,0,0,0,0,0,0,0,103,0,0,0,0,0,0,0,0
2021-01-04T23:59:59+01:00,0,0,1,1,3,3,6,13,7,17,7,9,2,2,3,1,0,10,0,0,0,0,0,0,0,0,0,0,0,0,0,0,0,0,0,0,87,0,0,0,0,0,0,0,0
2021-01-03T23:59:59+01:00,0,0,1,1,1,3,5,13,7,17,7,9,2,2,3,1,0,10,0,0,0,0,0,0,0,0,0,0,0,0,0,0,0,0,0,0,84,0,0,0,0,0,0,0,0
2021-01-02T23:59:59+01:00,0,0,1,1,1,3,5,13,6,17,6,9,2,2,3,1,0,10,0,0,0,0,0,0,0,0,0,0,0,0,0,0,0,0,0,0,82,0,0,0,0,0,0,0,0
2021-01-01T23:59:59+01:00,0,0,1,0,1,3,5,13,6,17,6,9,2,2,3,1,0,10,0,0,0,0,0,0,0,0,0,0,0,0,0,0,0,0,0,0,81,0,0,0,0,0,0,0,0
2020-12-31T23:59:59+01:00,0,0,1,0,1,3,5,12,6,17,6,9,2,2,3,1,0,10,0,0,0,0,0,0,0,0,0,0,0,0,0,0,0,0,0,0,80,0,0,0,0,0,0,0,0
2020-12-30T23:59:59+01:00,0,0,1,0,1,3,5,12,6,16,6,9,2,2,3,1,0,10,0,0,0,0,0,0,0,0,0,0,0,0,0,0,0,0,0,0,79,0,0,0,0,0,0,0,0
2020-12-29T23:59:59+01:00,0,0,1,0,1,3,4,8,4,13,4,7,1,1,3,0,0,8,0,0,0,0,0,0,0,0,0,0,0,0,0,0,0,0,0,0,59,0,0,0,0,0,0,0,0
2020-12-28T23:59:59+01:00,0,0,1,0,1,1,1,1,2,6,3,4,1,0,2,0,0,4,0,0,0,0,0,0,0,0,0,0,0,0,0,0,0,0,0,0,28,0,0,0,0,0,0,0,0
2020-12-27T23:59:59+01:00,0,0,1,0,0,0,0,1,1,6,1,2,0,0,1,0,0,2,0,0,0,0,0,0,0,0,0,0,0,0,0,0,0,0,0,0,15,0,0,0,0,0,0,0,0
