Datum,<24_1_m,<24_1_w,25-34_1_m,25-34_1_w,35-44_1_m,35-44_1_w,45-54_1_m,45-54_1_w,55-64_1_m,55-64_1_w,65-74_1_m,65-74_1_w,75-84_1_m,75-84_1_w,>84_1_m,>84_1_w,<24_2_m,<24_2_w,25-34_2_m,25-34_2_w,35-44_2_m,35-44_2_w,45-54_2_m,45-54_2_w,55-64_2_m,55-64_2_w,65-74_2_m,65-74_2_w,75-84_2_m,75-84_2_w,>84_2_m,>84_2_w,bp_1,bp_2,mo_1,mo_2,az_1,az_2,ja
2021-05-26T23:59:59+02:00,3535,3878,5887,7457,8394,11189,18067,21098,26207,28334,21562,24176,14920,19559,4097,7999,921,1051,1596,2479,2288,4214,3474,6267,5303,6872,5758,6351,11306,14850,3709,7133,151701,56557,25776,12406,45358,11085,3524
2021-05-25T23:59:59+02:00,3436,3810,5752,7347,8198,11024,17059,20316,25886,28015,21422,24030,14877,19492,4091,7990,898,1031,1569,2436,2224,4159,3408,6206,5225,6803,5599,6196,11225,14786,3703,7123,150216,56503,23854,12223,45346,10536,3329
2021-05-24T23:59:59+02:00,3373,3794,5662,7302,8071,10954,16140,19624,25512,27722,21342,23930,14850,19467,4085,7980,889,1029,1545,2418,2186,4124,3358,6152,5149,6728,5521,6107,11165,14726,3703,7118,149549,56477,21791,12147,45338,10164,3130
2021-05-23T23:59:59+02:00,3370,3790,5654,7294,8063,10948,16136,19623,25511,27722,21342,23930,14850,19467,4085,7980,888,1028,1539,2413,2182,4118,3354,6150,5146,6725,5515,6100,11164,14724,3703,7118,149524,56470,21791,12147,45338,10138,3112
2021-05-22T23:59:59+02:00,3328,3741,5585,7250,7960,10867,15907,19427,25260,27509,21253,23851,14824,19431,4082,7977,862,1003,1495,2363,2131,4043,3240,6013,4831,6160,4587,4931,10903,14361,3695,7083,148012,53261,21791,12147,45337,9181,3112
2021-05-21T23:59:59+02:00,3272,3665,5482,7167,7872,10749,15657,19189,25032,27312,21155,23754,14798,19390,4077,7969,828,941,1428,2236,2020,3772,3028,5649,4371,5288,3969,4120,10391,13729,3643,6978,146333,49550,21791,12147,45334,7612,3082
2021-05-20T23:59:59+02:00,3118,3486,5212,6904,7584,10386,15144,18661,24471,26786,20905,23497,14720,19283,4064,7943,813,926,1404,2216,1981,3739,2974,5585,4289,5215,3840,4019,10330,13679,3635,6969,142219,49469,21782,12137,45313,7158,2850
2021-05-19T23:59:59+02:00,3054,3429,5115,6756,7343,10120,14086,17689,24229,26517,20814,23380,14685,19229,4057,7937,793,898,1380,2163,1945,3652,2913,5438,4195,5113,3764,3939,10286,13628,3632,6965,140857,49443,19722,12076,45243,6567,2618
2021-05-18T23:59:59+02:00,3028,3406,5067,6721,7265,10059,13757,17441,24053,26370,20732,23290,14658,19185,4050,7926,755,830,1328,2023,1875,3456,2807,5231,3980,4833,3630,3758,10215,13559,3623,6956,140593,49425,18874,11083,45199,6009,2342
2021-05-17T23:59:59+02:00,2998,3380,5017,6645,7176,9952,13591,17245,23926,26232,20682,23243,14642,19164,4047,7919,746,811,1313,1985,1851,3408,2755,5124,3902,4714,3493,3608,10160,13508,3622,6948,139626,49408,18866,11074,45184,5283,2183
2021-05-16T23:59:59+02:00,2988,3359,4992,6581,7138,9870,13529,17169,23876,26173,20660,23228,14632,19152,4044,7917,742,804,1304,1983,1835,3395,2732,5114,3875,4687,3437,3538,10129,13488,3621,6946,139192,49401,18858,11063,45162,5070,2096
2021-05-15T23:59:59+02:00,2865,3240,4800,6381,6956,9678,12876,16618,23438,25776,20567,23117,14600,19113,4042,7911,681,738,1221,1893,1702,3228,2423,4790,3438,4198,3107,3123,9997,13311,3602,6924,135892,46493,18858,11063,45156,4748,2072
2021-05-14T23:59:59+02:00,2730,3045,4591,6153,6682,9364,12225,16001,22985,25330,20450,22985,14572,19063,4038,7904,610,649,1116,1773,1535,3005,2059,4379,2859,3620,2750,2705,9933,13202,3600,6920,132090,43591,18853,11061,45134,4022,2041
2021-05-13T23:59:59+02:00,2525,2732,4266,5761,6249,8872,11578,15248,22044,24500,20212,22749,14520,18984,4032,7890,606,646,1105,1757,1518,2988,2051,4355,2842,3599,2734,2690,9928,13201,3599,6920,126233,43537,18801,11053,45108,3929,2020
2021-05-12T23:59:59+02:00,2523,2729,4260,5760,6240,8865,11463,15120,22007,24472,20205,22737,14518,18978,4031,7890,596,621,1070,1698,1467,2910,1970,4269,2785,3547,2654,2596,9878,13128,3599,6920,126195,43534,18477,10229,45108,3927,2018
2021-05-11T23:59:59+02:00,2396,2692,4179,5686,6103,8743,11143,14871,21840,24326,20140,22670,14503,18951,4028,7887,564,593,1016,1634,1387,2817,1877,4130,2714,3483,2502,2372,9813,13029,3599,6920,125269,43518,18141,9397,44829,3616,1919
2021-05-10T23:59:59+02:00,2345,2607,4080,5561,5978,8581,10289,14074,21524,24047,20069,22588,14469,18903,4021,7877,548,557,982,1576,1318,2725,1783,3964,2640,3406,2481,2355,9806,13012,3597,6917,124190,43510,16300,9221,44726,3139,1797
2021-05-09T23:59:59+02:00,2311,2590,4043,5522,5926,8529,10219,14000,21463,23982,20035,22549,14454,18879,4019,7865,540,546,961,1530,1293,2677,1750,3908,2604,3362,2471,2343,9796,12994,3597,6911,123750,43450,16295,9218,44633,2907,1708
2021-05-08T23:59:59+02:00,2234,2475,3841,5350,5678,8321,9800,13644,20443,23139,19864,22375,14429,18821,4014,7856,458,513,901,1484,1216,2612,1659,3795,2329,3127,1994,1956,9721,12928,3596,6911,119654,42007,16294,9216,44628,2269,1708
2021-05-07T23:59:59+02:00,2140,2342,3641,5173,5351,8032,9378,13236,19244,21914,19699,22172,14392,18773,4006,7840,355,446,788,1407,1093,2479,1524,3653,2151,2927,1564,1611,9348,12571,3595,6910,114757,40375,16292,9214,44607,1156,1677
2021-05-06T23:59:59+02:00,1935,2219,3364,4900,4903,7632,8710,12644,18060,20705,19383,21818,14306,18636,3997,7830,337,435,764,1379,1055,2420,1473,3574,2087,2862,1529,1555,9332,12548,3590,6907,108951,40357,16286,9208,44409,886,1396
2021-05-05T23:59:59+02:00,1858,2179,3291,4814,4825,7517,8576,12489,17903,20560,19265,21704,14234,18534,3977,7744,324,419,725,1329,989,2338,1387,3415,1983,2758,1439,1458,8925,11986,3585,6891,108198,40324,16143,8090,44222,630,907
2021-05-04T23:59:59+02:00,1829,2148,3252,4731,4768,7410,8227,12094,17442,20071,19181,21583,14162,18441,3952,7641,306,406,704,1296,969,2289,1311,3271,1879,2617,1374,1357,8861,11892,3581,6876,107510,40300,14803,7815,44119,374,500
2021-05-03T23:59:59+02:00,1820,2143,3244,4718,4728,7386,7847,11750,16872,19582,19125,21506,14138,18413,3947,7631,291,380,681,1215,920,2198,1244,3128,1781,2482,1311,1283,8839,11864,3578,6867,107429,40293,13215,7608,44079,34,127
2021-05-02T23:59:59+02:00,1818,2141,3240,4716,4722,7382,7836,11738,16854,19571,19109,21500,14138,18411,3946,7631,290,379,679,1214,914,2195,1235,3121,1773,2476,1297,1276,8838,11858,3577,6867,107403,40271,13213,7606,44056,31,81
2021-05-01T23:59:59+02:00,1668,1990,2942,4452,4241,7016,7204,11226,14917,17682,18795,21166,14061,18309,3943,7618,288,379,677,1212,913,2192,1233,3119,1770,2471,1293,1273,8836,11857,3577,6867,99887,40241,13212,7606,44052,31,79
2021-04-30T23:59:59+02:00,1522,1824,2740,4209,3894,6622,6606,10603,13093,15574,18445,20764,13976,18178,3930,7611,282,378,673,1207,903,2184,1223,3111,1762,2460,1283,1263,8832,11854,3576,6867,92303,40197,13212,7606,44052,31,24
2021-04-29T23:59:59+02:00,1391,1743,2564,4081,3654,6413,6224,10283,11730,14259,18254,20556,13948,18125,3927,7605,280,374,668,1202,894,2178,1199,3105,1731,2423,1260,1238,8828,11849,3576,6867,87629,40166,13204,7475,43917,24,7
2021-04-28T23:59:59+02:00,1321,1739,2521,4065,3609,6395,6154,10247,11647,14194,18226,20525,13942,18112,3927,7602,280,373,665,1201,892,2176,1196,3101,1724,2420,1253,1218,8387,11334,3576,6867,87386,40145,13154,6490,43680,22,6
2021-04-27T23:59:59+02:00,1267,1710,2416,4020,3548,6369,6030,10186,11546,14130,18196,20493,13932,18099,3925,7601,279,372,663,1195,891,2174,1192,3098,1720,2413,1237,1200,7977,10759,3576,6867,86884,40127,13101,5463,43478,18,5
2021-04-26T23:59:59+02:00,1216,1674,2326,3924,3424,6273,5854,10059,11238,13855,18159,20474,13924,18081,3923,7601,278,371,661,1195,887,2171,1184,3094,1702,2406,1222,1185,7971,10741,3576,6867,85557,40046,13091,5443,43352,17,5
2021-04-25T23:59:59+02:00,1213,1671,2317,3922,3418,6268,5835,10051,11203,13825,18152,20465,13923,18075,3923,7601,278,371,661,1195,886,2171,1184,3094,1702,2406,1222,1185,7971,10739,3576,6867,85537,40045,13084,5441,43236,17,5
2021-04-24T23:59:59+02:00,1162,1521,2121,3374,3146,5640,5653,9672,10150,12543,17668,19838,13831,17937,3917,7593,277,370,660,1194,886,2170,1184,3093,1696,2399,1218,1182,7970,10738,3576,6866,79466,40021,13084,5437,43212,17,4
2021-04-23T23:59:59+02:00,1125,1416,1999,3006,2963,5065,5440,9279,9320,11482,16333,18352,13706,17754,3912,7575,277,370,658,1194,885,2168,1183,3093,1695,2398,1213,1177,7967,10736,3576,6865,72488,40008,13083,5426,43152,17,4
2021-04-22T23:59:59+02:00,1119,1408,1982,2989,2943,5048,5374,9228,9209,11375,16273,18286,13685,17729,3910,7571,276,369,656,1194,882,2167,1175,3080,1674,2377,1191,1156,7965,10731,3576,6865,72447,39996,13032,5318,42646,16,4
2021-04-21T23:59:59+02:00,1109,1399,1966,2972,2920,5026,5323,9163,9090,11249,16193,18211,13669,17701,3910,7568,270,365,645,1184,869,2136,1163,3053,1665,2359,1180,1142,7743,10416,3575,6865,72407,39991,12974,4620,42084,15,4
2021-04-20T23:59:59+02:00,1076,1336,1919,2854,2846,4869,5218,8980,8816,10938,16067,18045,13620,17650,3903,7563,257,361,625,1160,842,2108,1137,3023,1629,2324,1163,1128,7735,10413,3575,6865,72338,39972,11847,4356,41511,13,4
2021-04-19T23:59:59+02:00,1065,1325,1882,2834,2804,4838,5074,8922,8626,10808,15983,17968,13603,17633,3903,7558,248,350,604,1139,826,2073,1115,2978,1587,2271,1146,1112,7730,10409,3573,6865,71941,39938,11825,4073,41056,11,4
2021-04-18T23:59:59+02:00,1063,1324,1878,2828,2795,4827,5058,8905,8579,10764,15939,17912,13597,17622,3902,7556,248,350,604,1139,825,2073,1115,2978,1587,2270,1146,1111,7728,10408,3572,6865,71898,39933,11823,4071,40824,11,4
2021-04-17T23:59:59+02:00,1028,1311,1829,2781,2720,4752,4908,8752,8175,10359,13723,15165,13434,17342,3889,7525,246,350,604,1135,821,2067,1104,2970,1575,2249,1107,1066,7392,9990,3556,6827,65163,38984,11823,4060,40703,11,4
2021-04-16T23:59:59+02:00,1020,1304,1818,2771,2677,4711,4806,8665,7995,10152,10951,11928,13252,17056,3875,7482,245,345,603,1132,816,2063,1095,2965,1566,2238,1096,1055,7386,9985,3554,6824,58171,38909,11821,4044,40467,11,4
2021-04-15T23:59:59+02:00,1008,1298,1791,2755,2630,4676,4692,8597,7751,9923,10722,11744,13209,17002,3869,7470,243,345,603,1130,815,2062,1092,2962,1563,2235,1091,1052,7384,9983,3554,6824,58150,38896,11819,4027,39164,11,4
2021-04-14T23:59:59+02:00,985,1265,1734,2667,2535,4548,4498,8407,7462,9621,10361,11290,13084,16848,3865,7460,213,318,564,1078,793,1994,1054,2880,1520,2177,1067,1025,7380,9975,3554,6824,58118,38881,10875,3521,37633,10,4
2021-04-13T23:59:59+02:00,958,1240,1697,2610,2461,4462,4393,8263,7246,9396,9962,10795,12959,16690,3860,7449,173,292,530,1026,753,1893,1018,2777,1471,2110,1048,991,7366,9967,3554,6824,58040,38818,9930,2967,36467,4,4
2021-04-12T23:59:59+02:00,954,1237,1681,2607,2430,4446,4340,8209,7089,9211,9713,10504,12917,16643,3849,7436,158,273,503,987,729,1823,994,2707,1429,2067,1028,973,7350,9951,3551,6819,57985,38703,9899,2631,35378,4,4
2021-04-11T23:59:59+02:00,952,1236,1671,2607,2418,4444,4318,8194,7019,9141,9589,10353,12891,16601,3845,7432,158,272,503,986,728,1822,993,2707,1428,2067,1028,973,7348,9951,3551,6819,57973,38697,9897,2630,34837,3,4
2021-04-10T23:59:59+02:00,934,1225,1643,2581,2380,4415,4246,8129,6877,9019,8650,9151,12622,16232,3836,7394,155,270,502,984,723,1820,993,2701,1419,2059,1014,958,6879,9451,3539,6805,54645,37635,9896,2630,34789,3,4
2021-04-09T23:59:59+02:00,911,1194,1603,2532,2307,4334,4066,7948,6538,8687,7902,8183,12052,15535,3777,7281,152,269,500,978,718,1811,985,2693,1402,2047,995,937,6631,9175,3526,6784,50679,36970,9893,2626,34274,3,4
2021-04-08T23:59:59+02:00,900,1183,1572,2509,2241,4283,3925,7850,6245,8345,7318,7547,11922,15387,3768,7263,152,266,493,975,714,1803,977,2682,1394,2037,983,935,6628,9173,3526,6784,50648,36949,9869,2566,31737,3,4
2021-04-07T23:59:59+02:00,893,1172,1545,2490,2185,4241,3832,7773,5989,8048,6760,6936,11367,14674,3757,7239,133,254,458,924,669,1737,919,2608,1348,1975,966,921,6622,9168,3525,6784,50623,36926,8719,2079,29556,3,3
2021-04-06T23:59:59+02:00,889,1169,1526,2483,2156,4216,3754,7716,5776,7858,6318,6437,11206,14485,3746,7213,110,233,405,859,628,1654,870,2513,1297,1916,943,904,6607,9156,3523,6780,50553,36899,8536,1493,27856,3,3
2021-04-05T23:59:59+02:00,881,1165,1511,2476,2133,4206,3699,7688,5618,7732,6127,6229,11153,14411,3742,7206,104,230,404,858,621,1645,863,2496,1280,1898,915,865,5470,7708,3493,6733,50358,34094,8532,1483,27084,3,3
2021-04-04T23:59:59+02:00,880,1161,1509,2474,2127,4204,3683,7681,5606,7723,6115,6207,11142,14397,3741,7203,104,230,402,856,616,1640,858,2489,1265,1877,892,832,4425,6510,3469,6679,50345,31655,8531,1483,26974,3,3
2021-04-03T23:59:59+02:00,817,1102,1426,2398,2006,4061,3391,7388,5157,7241,5770,5762,10998,14205,3719,7180,102,230,402,855,616,1638,857,2489,1265,1877,892,832,4425,6506,3469,6679,47114,31645,8531,1483,26973,3,3
2021-04-02T23:59:59+02:00,773,1061,1365,2332,1899,3934,3102,7112,4656,6741,5388,5317,10928,14083,3716,7174,102,230,402,855,616,1638,856,2489,1263,1875,891,829,4423,6504,3469,6679,44190,31634,8530,1482,26859,3,2
2021-04-01T23:59:59+02:00,768,1059,1355,2329,1880,3926,3070,7096,4579,6662,5279,5210,10899,14041,3715,7172,101,230,400,851,615,1635,855,2486,1260,1871,881,828,4419,6501,3468,6679,44178,31625,8388,1450,26472,3,2
2021-03-31T23:59:59+02:00,766,1055,1347,2316,1868,3914,3043,7066,4513,6606,5136,5049,10400,13448,3712,7167,101,230,399,851,615,1635,855,2486,1258,1871,880,828,4418,6500,3468,6678,44168,31618,7261,1450,25975,3,2
2021-03-30T23:59:59+02:00,757,1050,1328,2296,1836,3883,3002,7030,4427,6513,4968,4852,9902,12774,3705,7155,97,226,399,847,610,1632,849,2481,1251,1867,870,819,4411,6496,3467,6678,44146,31600,6076,1397,25254,1,2
2021-03-29T23:59:59+02:00,752,1042,1316,2259,1815,3852,2971,6989,4355,6415,4767,4662,9837,12699,3703,7144,97,226,399,844,606,1629,848,2474,1247,1861,861,811,4404,6492,3467,6678,44079,31588,5861,1353,24636,1,2
2021-03-28T23:59:59+02:00,749,1040,1312,2256,1801,3842,2953,6974,4316,6354,4671,4550,9806,12644,3697,7137,97,226,399,843,606,1629,846,2474,1245,1861,860,811,4403,6492,3467,6678,44057,31586,5852,1348,24191,1,2
2021-03-27T23:59:59+01:00,745,1035,1304,2248,1781,3827,2927,6946,4088,6168,4157,4122,9595,12419,3689,7122,97,226,396,841,605,1627,843,2471,1238,1855,856,806,4173,6111,3414,6599,42142,30807,5848,1348,24181,1,2
2021-03-26T23:59:59+01:00,738,1027,1296,2238,1762,3809,2898,6921,4000,6067,3631,3684,9127,11961,3680,7109,97,226,395,840,604,1624,839,2468,1228,1849,845,790,3374,5064,3286,6365,40205,28543,5835,1348,23906,1,2
2021-03-25T23:59:59+01:00,731,1021,1283,2225,1740,3781,2837,6881,3908,5980,3450,3467,9043,11869,3675,7107,97,226,395,840,604,1624,838,2467,1228,1849,845,790,3372,5063,3286,6364,40193,28537,5728,1348,23075,1,2
2021-03-24T23:59:59+01:00,721,1012,1251,2200,1693,3731,2756,6804,3742,5818,3111,3108,8683,11357,3666,7095,93,224,383,825,585,1604,805,2435,1173,1818,818,753,3364,5058,3286,6362,40171,28236,4974,1347,21601,1,2
2021-03-23T23:59:59+01:00,708,1002,1222,2165,1647,3683,2670,6717,3580,5646,2730,2716,8499,11181,3659,7079,88,220,370,799,547,1572,739,2371,1069,1736,735,696,3338,5026,3283,6360,40130,27605,4684,1341,20088,1,2
2021-03-22T23:59:59+01:00,679,881,1183,2118,1617,3627,2612,6640,3433,5507,2477,2478,8201,10841,3646,7049,88,219,370,799,547,1570,738,2370,1066,1735,733,693,3335,5021,3282,6358,39662,27580,4357,1341,18968,1,2
2021-03-21T23:59:59+01:00,678,876,1178,2111,1606,3619,2594,6624,3387,5462,2328,2311,8130,10750,3639,7036,88,219,370,798,547,1570,738,2370,1066,1735,733,693,3335,5020,3282,6358,39658,27578,4343,1341,18326,1,2
2021-03-20T23:59:59+01:00,677,876,1176,2103,1601,3614,2588,6617,3366,5439,2298,2272,7639,10235,3626,7021,88,219,370,798,546,1570,737,2369,1066,1734,733,693,3335,5019,3280,6356,38620,27569,4332,1341,18194,1,2
2021-03-19T23:59:59+01:00,669,869,1163,2088,1569,3592,2520,6464,3302,5350,2115,2092,7344,9927,3612,7000,88,219,370,792,542,1568,732,2360,1056,1724,724,686,2801,4269,2969,5756,38014,25312,4316,1341,17344,1,2
2021-03-18T23:59:59+01:00,653,852,1144,2057,1538,3559,2482,6390,3227,5260,1944,1889,7246,9827,3610,6990,87,219,370,791,542,1568,731,2356,1052,1723,716,683,2741,4188,2954,5723,37994,25122,4305,1319,16367,1,2
2021-03-17T23:59:59+01:00,619,821,1101,1999,1501,3472,2395,6267,3072,5098,1679,1622,7112,9699,3601,6977,85,213,358,765,526,1517,709,2302,1013,1685,698,661,2481,3876,2895,5623,37923,24156,3782,1248,15328,1,2
2021-03-16T23:59:59+01:00,573,789,1060,1942,1451,3355,2321,6121,2957,4953,1471,1399,7009,9572,3592,6960,79,194,335,707,498,1434,676,2160,984,1577,645,611,2372,3736,2877,5548,37869,23413,3164,1017,14490,1,2
2021-03-15T23:59:59+01:00,557,772,1032,1898,1413,3281,2286,6037,2869,4870,1345,1263,6425,8882,3570,6916,76,182,322,647,480,1316,640,2033,941,1464,618,592,2334,3694,2866,5492,36635,23012,2807,684,13974,1,0
2021-03-14T23:59:59+01:00,552,767,1022,1885,1410,3265,2270,6019,2833,4841,1303,1207,6024,8440,3559,6905,75,177,318,624,474,1288,634,1972,931,1445,618,592,2334,3693,2865,5491,35821,23006,2802,524,13679,1,0
2021-03-13T23:59:59+01:00,530,745,983,1838,1354,3199,2005,5380,2606,4484,1200,1097,5346,7557,3542,6876,75,177,317,621,472,1286,632,1970,931,1441,615,587,1879,3058,2442,4889,34145,20867,2799,524,11798,1,0
2021-03-12T23:59:59+01:00,512,720,964,1794,1317,3100,1788,4525,2413,4119,1131,1024,4626,6719,3528,6840,75,175,316,617,472,1282,628,1964,928,1435,612,582,1477,2390,1989,4229,32470,18646,2796,524,9854,1,0
2021-03-11T23:59:59+01:00,508,713,954,1782,1303,3079,1762,4492,2376,4082,1057,971,4588,6686,3526,6838,75,166,309,596,459,1228,618,1915,906,1401,603,569,1472,2372,1980,4180,32437,18396,2703,452,9577,1,0
2021-03-10T23:59:59+01:00,486,698,905,1718,1248,3007,1686,4390,2315,3997,1025,949,4575,6673,3525,6836,74,166,307,591,457,1222,614,1893,906,1396,595,559,1405,2275,1945,4136,32422,18112,2137,428,9474,1,0
2021-03-09T23:59:59+01:00,465,680,854,1668,1210,2935,1639,4311,2273,3950,1010,940,4569,6666,3524,6835,72,164,306,589,456,1213,612,1881,900,1390,593,551,1172,1929,1856,3999,32378,17281,1689,401,9462,1,0
2021-03-08T23:59:59+01:00,458,669,844,1652,1200,2920,1633,4285,2261,3938,998,929,4535,6621,3522,6831,71,162,303,587,452,1207,610,1877,897,1388,593,551,1090,1829,1824,3966,32255,17028,1593,378,9448,1,0
2021-03-07T23:59:59+01:00,457,666,844,1651,1197,2918,1630,4278,2251,3932,991,921,4529,6617,3521,6830,68,158,293,566,440,1173,592,1773,865,1326,592,551,978,1682,1783,3914,32238,16668,1554,86,9441,0,0
2021-03-06T23:59:59+01:00,448,646,825,1617,1172,2863,1585,4196,2058,3443,967,893,4304,6256,3474,6758,68,158,293,566,440,1172,592,1773,865,1326,592,551,975,1681,1780,3913,31522,16659,1554,86,8429,0,0
2021-03-05T23:59:59+01:00,432,598,792,1512,1118,2639,1499,3969,1849,2783,949,867,3478,5186,3350,6529,68,157,292,563,436,1166,591,1768,863,1322,587,549,935,1619,1762,3883,29219,16475,1553,86,6778,0,0
2021-03-04T23:59:59+01:00,417,588,783,1493,1106,2615,1477,3939,1829,2765,936,864,3472,5182,3349,6528,68,156,289,559,432,1148,582,1748,862,1314,585,548,889,1556,1748,3857,29206,16317,1513,24,6624,0,0
2021-03-03T23:59:59+01:00,406,549,764,1434,1073,2530,1428,3788,1747,2676,909,821,3463,5178,3349,6526,67,156,286,555,431,1145,580,1739,859,1311,585,547,857,1496,1672,3719,28893,15983,1513,22,6235,0,0
2021-03-02T23:59:59+01:00,400,539,748,1404,1023,2485,1353,3702,1630,2581,820,759,3430,5141,3345,6524,66,156,286,550,430,1139,580,1731,859,1309,584,547,857,1496,1672,3719,28255,15959,1450,22,6179,0,0
2021-03-01T23:59:59+01:00,393,524,744,1353,1008,2422,1333,3627,1605,2532,803,750,3422,5135,3345,6524,66,154,285,547,421,1125,580,1716,849,1303,584,545,747,1318,1632,3664,28216,15514,1401,22,5903,0,0
2021-02-28T23:59:59+01:00,388,510,735,1308,996,2344,1317,3545,1586,2453,799,744,3421,5131,3344,6522,66,154,285,547,421,1124,580,1716,848,1303,584,544,640,1169,1597,3608,28205,15164,1398,22,5540,0,0
2021-02-27T23:59:59+01:00,377,486,721,1284,976,2303,1284,3475,1561,2406,782,734,3420,5131,3344,6522,66,154,285,547,421,1124,579,1716,847,1303,584,544,640,1168,1597,3608,28204,15161,1398,22,5204,0,0
2021-02-26T23:59:59+01:00,347,426,674,1219,910,2187,1194,3318,1466,2285,759,718,2878,4374,3031,5904,66,154,282,545,421,1122,577,1713,844,1298,579,541,633,1154,1590,3592,25925,15089,1398,22,4367,0,0
2021-02-25T23:59:59+01:00,342,410,659,1191,889,2142,1174,3245,1450,2250,757,716,2819,4292,3014,5870,64,150,278,538,421,1119,572,1700,841,1289,571,535,551,1034,1551,3549,25707,14743,1398,20,4115,0,0
2021-02-24T23:59:59+01:00,317,393,613,1145,836,2069,1116,3154,1411,2198,739,694,2560,3971,2953,5764,63,146,274,528,415,1104,565,1677,838,1272,564,524,537,1013,1541,3530,24722,14577,1398,14,3813,0,0
2021-02-23T23:59:59+01:00,299,368,585,1088,800,1981,1035,2997,1349,2117,686,643,2448,3829,2936,5684,63,144,272,521,415,1085,555,1647,830,1253,553,516,525,962,1531,3487,23929,14345,1393,14,3523,0,0
2021-02-22T23:59:59+01:00,294,355,571,1027,783,1904,1008,2904,1312,2058,665,623,2420,3792,2929,5629,62,143,267,515,413,1071,546,1624,824,1235,538,502,508,936,1526,3436,23534,14132,1393,14,3347,0,0
2021-02-21T23:59:59+01:00,291,344,564,1005,770,1861,1000,2858,1282,2037,665,621,2418,3792,2928,5628,62,143,266,515,413,1071,546,1624,824,1233,538,502,508,936,1526,3435,23528,14128,1393,14,3143,0,0
2021-02-20T23:59:59+01:00,194,309,501,951,705,1790,925,2752,1199,1957,655,608,1953,3121,2480,4989,62,143,266,515,413,1071,546,1623,824,1233,538,502,508,936,1526,3435,21280,14127,1393,14,2416,0,0
2021-02-19T23:59:59+01:00,94,236,386,871,582,1647,789,2608,1072,1811,646,594,1563,2473,2024,4335,62,143,266,515,413,1070,546,1623,824,1233,538,502,500,932,1524,3430,19088,14107,1393,14,1250,0,0
2021-02-18T23:59:59+01:00,90,224,375,827,559,1553,759,2468,1035,1749,635,583,1555,2454,2015,4286,59,134,260,486,398,1008,533,1543,802,1164,527,488,495,914,1522,3412,18850,13731,1367,14,950,0,0
2021-02-17T23:59:59+01:00,89,216,362,797,547,1521,726,2345,1007,1684,627,571,1490,2355,1977,4249,59,130,257,475,390,963,521,1479,784,1089,515,477,493,913,1522,3412,18590,13465,1294,14,679,0,0
2021-02-16T23:59:59+01:00,83,208,344,751,522,1447,693,2233,984,1594,617,562,1217,1972,1885,4108,57,121,257,468,382,930,508,1414,758,1024,495,467,492,913,1519,3411,17677,13214,1055,2,488,0,0
2021-02-15T23:59:59+01:00,77,183,318,644,484,1304,639,2020,936,1451,607,561,1120,1853,1850,4060,56,121,256,462,378,925,506,1409,757,1018,495,467,491,909,1518,3408,17355,13176,717,0,35,0,0
2021-02-14T23:59:59+01:00,76,177,315,619,478,1273,629,1963,922,1434,607,561,1015,1716,1812,4016,56,121,256,462,378,925,506,1407,757,1018,495,467,491,909,1518,3408,17028,13174,564,0,21,0,0
2021-02-13T23:59:59+01:00,76,176,315,618,476,1269,628,1961,922,1430,606,560,1015,1712,1809,4014,56,120,256,462,376,921,505,1402,755,1016,493,466,473,865,1264,2950,17002,12380,564,0,21,0,0
2021-02-12T23:59:59+01:00,76,176,314,617,472,1265,628,1957,919,1429,601,559,974,1652,1793,3982,56,120,256,457,372,913,501,1393,749,1010,486,459,451,818,914,2256,16831,11211,564,0,19,0,0
2021-02-11T23:59:59+01:00,76,170,310,604,460,1238,622,1933,912,1417,600,559,923,1585,1780,3954,56,114,240,427,359,858,485,1322,731,988,486,458,451,818,912,2255,16656,10960,481,0,6,0,0
2021-02-10T23:59:59+01:00,74,170,307,601,457,1234,619,1917,907,1413,600,559,912,1567,1762,3912,55,100,201,346,306,746,433,1162,651,900,458,453,449,818,912,2254,16555,10244,454,0,2,0,0
2021-02-09T23:59:59+01:00,71,168,302,595,454,1225,618,1902,901,1408,599,558,891,1527,1703,3814,47,82,141,265,232,582,351,956,552,770,427,444,445,817,909,2254,16309,9274,426,0,1,0,0
2021-02-08T23:59:59+01:00,70,166,299,589,451,1218,617,1884,894,1403,599,556,774,1350,1663,3758,42,66,99,174,170,427,288,725,495,654,421,439,442,815,908,2254,15888,8419,402,0,1,0,0
2021-02-07T23:59:59+01:00,67,162,289,567,434,1179,600,1776,861,1337,599,555,661,1197,1627,3700,41,65,95,170,166,421,284,713,490,643,419,439,442,815,908,2253,15517,8364,94,0,0,0,0
2021-02-06T23:59:59+01:00,67,162,288,567,434,1178,598,1776,859,1334,595,553,659,1187,1621,3694,38,62,94,168,163,411,278,704,478,636,413,439,403,761,676,1875,15478,7599,94,0,0,0,0
2021-02-05T23:59:59+01:00,67,162,286,564,434,1176,597,1775,857,1332,593,553,650,1179,1615,3683,36,58,90,164,157,401,271,685,461,628,407,439,391,727,289,1258,15429,6462,94,0,0,0,0
2021-02-04T23:59:59+01:00,65,159,281,558,428,1157,581,1749,854,1318,584,544,561,1051,1573,3637,35,54,84,159,149,387,260,668,444,614,400,433,388,720,287,1252,15073,6334,27,0,0,0,0
2021-02-03T23:59:59+01:00,64,153,277,549,427,1141,579,1734,852,1304,578,532,552,1042,1570,3625,26,39,70,125,112,281,190,522,337,477,299,331,309,563,223,1002,14954,4906,25,0,0,0,0
2021-02-02T23:59:59+01:00,64,151,274,542,427,1121,566,1700,844,1285,564,521,543,992,1561,3584,18,27,45,80,82,189,135,354,215,348,211,211,198,358,159,662,14714,3292,25,0,0,0,0
2021-02-01T23:59:59+01:00,63,149,271,534,425,1104,558,1672,838,1270,553,512,529,963,1554,3542,7,14,22,43,44,96,67,173,97,155,102,97,79,158,68,303,14512,1525,25,0,0,0,0
2021-01-31T23:59:59+01:00,63,148,270,534,421,1100,558,1667,836,1266,553,512,529,963,1554,3541,7,13,20,40,39,80,63,148,82,139,98,97,78,157,66,302,14490,1429,25,0,0,0,0
2021-01-30T23:59:59+01:00,63,148,270,534,421,1100,558,1667,836,1266,553,512,529,963,1554,3541,7,13,20,40,39,80,63,148,82,139,98,96,78,157,66,302,14490,1428,25,0,0,0,0
2021-01-29T23:59:59+01:00,63,148,270,534,421,1100,558,1667,836,1266,553,512,529,963,1554,3541,7,13,20,40,39,80,63,148,82,139,98,96,78,157,66,302,14490,1428,25,0,0,0,0
2021-01-28T23:59:59+01:00,61,138,264,499,408,1037,542,1578,812,1192,542,497,523,946,1552,3526,2,2,5,7,9,14,21,35,21,27,15,19,19,35,17,92,14098,340,19,0,0,0,0
2021-01-27T23:59:59+01:00,59,133,263,487,400,990,531,1513,794,1117,530,485,521,945,1552,3526,2,2,5,7,7,14,21,34,21,27,15,19,19,35,17,92,13829,337,17,0,0,0,0
2021-01-26T23:59:59+01:00,58,127,259,482,391,958,520,1446,769,1051,509,475,520,945,1552,3526,1,2,5,7,7,12,19,31,17,22,14,16,17,33,17,85,13572,305,16,0,0,0,0
2021-01-25T23:59:59+01:00,57,127,257,477,387,952,520,1443,768,1046,509,475,520,943,1552,3524,0,0,0,0,0,0,0,0,0,0,1,1,0,1,0,0,13542,3,15,0,0,0,0
2021-01-24T23:59:59+01:00,57,127,257,477,387,952,520,1442,768,1046,509,475,520,943,1552,3524,0,0,0,0,0,0,0,0,0,0,1,1,0,1,0,0,13541,3,15,0,0,0,0
2021-01-23T23:59:59+01:00,57,126,257,477,386,948,520,1435,767,1044,506,474,501,899,1299,3055,0,0,0,0,0,0,0,0,0,0,1,1,0,1,0,0,12736,3,15,0,0,0,0
2021-01-22T23:59:59+01:00,57,126,256,472,381,940,516,1425,762,1037,500,467,479,850,937,2337,0,0,0,0,0,0,0,0,0,0,1,1,0,1,0,0,11527,3,15,0,0,0,0
2021-01-21T23:59:59+01:00,57,120,237,439,355,873,487,1332,736,1012,498,467,479,850,936,2336,0,0,0,0,0,0,0,0,0,0,1,1,0,1,0,0,11199,3,15,0,0,0,0
2021-01-20T23:59:59+01:00,55,105,205,366,314,777,444,1186,661,926,469,461,477,850,935,2335,0,0,0,0,0,0,0,0,0,0,1,1,0,1,0,0,10551,3,15,0,0,0,0
2021-01-19T23:59:59+01:00,49,88,152,283,243,610,367,1000,574,807,439,452,473,849,935,2335,0,0,0,0,0,0,0,0,0,0,1,0,0,1,0,0,9649,2,7,0,0,0,0
2021-01-18T23:59:59+01:00,43,67,100,182,175,442,301,741,504,671,433,447,470,845,933,2335,0,0,0,0,0,0,0,0,0,0,0,0,0,0,0,0,8689,0,0,0,0,0,0
2021-01-17T23:59:59+01:00,41,66,97,176,170,435,298,731,499,658,431,447,470,845,933,2334,0,0,0,0,0,0,0,0,0,0,0,0,0,0,0,0,8631,0,0,0,0,0,0
2021-01-16T23:59:59+01:00,38,63,95,175,165,426,291,723,482,651,425,447,428,792,694,1951,0,0,0,0,0,0,0,0,0,0,0,0,0,0,0,0,7846,0,0,0,0,0,0
2021-01-15T23:59:59+01:00,36,59,92,170,162,418,284,706,468,644,419,447,417,758,299,1324,0,0,0,0,0,0,0,0,0,0,0,0,0,0,0,0,6703,0,0,0,0,0,0
2021-01-14T23:59:59+01:00,36,55,88,168,158,412,277,698,457,636,416,445,417,757,299,1324,0,0,0,0,0,0,0,0,0,0,0,0,0,0,0,0,6643,0,0,0,0,0,0
2021-01-13T23:59:59+01:00,26,40,72,134,120,309,209,559,353,504,317,343,339,595,235,1065,0,0,0,0,0,0,0,0,0,0,0,0,0,0,0,0,5220,0,0,0,0,0,0
2021-01-12T23:59:59+01:00,18,30,51,90,89,222,153,405,236,377,225,222,223,392,170,720,0,0,0,0,0,0,0,0,0,0,0,0,0,0,0,0,3623,0,0,0,0,0,0
2021-01-11T23:59:59+01:00,9,19,29,50,60,139,93,226,125,197,115,106,93,178,78,330,0,0,0,0,0,0,0,0,0,0,0,0,0,0,0,0,1847,0,0,0,0,0,0
2021-01-10T23:59:59+01:00,8,18,24,45,54,110,83,185,105,165,110,104,90,176,75,330,0,0,0,0,0,0,0,0,0,0,0,0,0,0,0,0,1682,0,0,0,0,0,0
2021-01-09T23:59:59+01:00,8,18,24,45,54,110,83,185,105,165,110,103,90,176,75,330,0,0,0,0,0,0,0,0,0,0,0,0,0,0,0,0,1681,0,0,0,0,0,0
2021-01-08T23:59:59+01:00,8,17,23,44,51,102,79,175,99,162,106,100,86,166,73,322,0,0,0,0,0,0,0,0,0,0,0,0,0,0,0,0,1613,0,0,0,0,0,0
2021-01-07T23:59:59+01:00,2,3,5,8,9,15,24,36,21,32,16,19,20,36,19,96,0,0,0,0,0,0,0,0,0,0,0,0,0,0,0,0,361,0,0,0,0,0,0
2021-01-06T23:59:59+01:00,2,2,5,7,7,14,23,35,20,29,16,19,20,36,19,95,0,0,0,0,0,0,0,0,0,0,0,0,0,0,0,0,349,0,0,0,0,0,0
2021-01-05T23:59:59+01:00,2,2,5,7,7,14,23,35,20,29,16,19,20,36,19,95,0,0,0,0,0,0,0,0,0,0,0,0,0,0,0,0,349,0,0,0,0,0,0
2021-01-04T23:59:59+01:00,0,0,0,0,0,0,1,0,0,0,1,1,0,1,0,0,0,0,0,0,0,0,0,0,0,0,0,0,0,0,0,0,4,0,0,0,0,0,0
2021-01-03T23:59:59+01:00,0,0,0,0,0,0,1,0,0,0,1,1,0,1,0,0,0,0,0,0,0,0,0,0,0,0,0,0,0,0,0,0,4,0,0,0,0,0,0
2021-01-02T23:59:59+01:00,0,0,0,0,0,0,1,0,0,0,1,1,0,1,0,0,0,0,0,0,0,0,0,0,0,0,0,0,0,0,0,0,4,0,0,0,0,0,0
2021-01-01T23:59:59+01:00,0,0,0,0,0,0,1,0,0,0,1,1,0,1,0,0,0,0,0,0,0,0,0,0,0,0,0,0,0,0,0,0,4,0,0,0,0,0,0
2020-12-31T23:59:59+01:00,0,0,0,0,0,0,1,0,0,0,1,1,0,1,0,0,0,0,0,0,0,0,0,0,0,0,0,0,0,0,0,0,4,0,0,0,0,0,0
2020-12-30T23:59:59+01:00,0,0,0,0,0,0,1,0,0,0,1,1,0,1,0,0,0,0,0,0,0,0,0,0,0,0,0,0,0,0,0,0,4,0,0,0,0,0,0
2020-12-29T23:59:59+01:00,0,0,0,0,0,0,1,0,0,0,1,0,0,1,0,0,0,0,0,0,0,0,0,0,0,0,0,0,0,0,0,0,3,0,0,0,0,0,0
2020-12-28T23:59:59+01:00,0,0,0,0,0,0,0,0,0,0,1,0,0,0,0,0,0,0,0,0,0,0,0,0,0,0,0,0,0,0,0,0,1,0,0,0,0,0,0
2020-12-27T23:59:59+01:00,0,0,0,0,0,0,0,0,0,0,0,0,0,0,0,0,0,0,0,0,0,0,0,0,0,0,0,0,0,0,0,0,0,0,0,0,0,0,0
