Datum,<24_1_m,<24_1_w,25-34_1_m,25-34_1_w,35-44_1_m,35-44_1_w,45-54_1_m,45-54_1_w,55-64_1_m,55-64_1_w,65-74_1_m,65-74_1_w,75-84_1_m,75-84_1_w,>84_1_m,>84_1_w,<24_2_m,<24_2_w,25-34_2_m,25-34_2_w,35-44_2_m,35-44_2_w,45-54_2_m,45-54_2_w,55-64_2_m,55-64_2_w,65-74_2_m,65-74_2_w,75-84_2_m,75-84_2_w,>84_2_m,>84_2_w,bp_1,bp_2,mo_1,mo_2,az_1,az_2,ja
2021-05-20T23:59:59+02:00,3107,3481,5207,6896,7569,10378,15132,18640,24456,26756,20889,23475,14715,19270,4062,7941,810,920,1400,2205,1970,3725,2960,5562,4279,5195,3814,4001,10323,13670,3635,6967,142202,49427,21774,12131,45160,7040,2838
2021-05-19T23:59:59+02:00,3044,3425,5110,6748,7335,10114,14078,17672,24217,26490,20799,23361,14680,19217,4055,7935,790,893,1376,2156,1938,3642,2906,5426,4188,5102,3738,3922,10280,13620,3632,6963,140864,49401,19715,12073,45091,6488,2610
2021-05-18T23:59:59+02:00,3019,3402,5062,6713,7257,10053,13749,17424,24041,26343,20718,23271,14653,19173,4048,7924,753,829,1324,2017,1868,3449,2800,5220,3975,4822,3610,3743,10210,13554,3623,6954,140600,49383,18867,11080,45047,5952,2336
2021-05-17T23:59:59+02:00,2989,3376,5012,6637,7169,9946,13583,17228,23914,26205,20668,23224,14638,19152,4045,7917,744,811,1309,1980,1844,3401,2748,5113,3898,4703,3478,3594,10157,13504,3622,6947,139633,49366,18859,11073,45033,5236,2178
2021-05-16T23:59:59+02:00,2980,3355,4987,6573,7131,9864,13521,17152,23864,26146,20646,23209,14628,19140,4042,7915,740,804,1301,1978,1829,3388,2726,5103,3871,4677,3427,3528,10126,13485,3621,6945,139199,49359,18851,11062,45011,5036,2092
2021-05-15T23:59:59+02:00,2857,3236,4795,6373,6949,9672,12868,16601,23426,25749,20553,23098,14596,19101,4040,7909,679,738,1218,1891,1696,3222,2417,4785,3434,4195,3100,3114,9994,13308,3602,6923,135899,46451,18851,11062,45005,4735,2068
2021-05-14T23:59:59+02:00,2723,3041,4586,6145,6675,9358,12217,15984,22973,25303,20436,22966,14568,19051,4036,7902,608,649,1113,1771,1530,2999,2053,4375,2855,3618,2744,2697,9930,13199,3600,6919,132098,43552,18846,11060,44983,4011,2037
2021-05-13T23:59:59+02:00,2518,2729,4261,5753,6242,8866,11570,15231,22033,24473,20198,22730,14516,18972,4030,7888,604,646,1102,1755,1513,2982,2045,4351,2838,3597,2728,2682,9925,13198,3599,6919,126243,43498,18794,11052,44957,3918,2016
2021-05-12T23:59:59+02:00,2516,2726,4255,5752,6233,8859,11455,15103,21997,24445,20191,22718,14514,18966,4029,7888,594,621,1067,1696,1462,2904,1964,4265,2781,3545,2648,2588,9875,13125,3599,6919,126205,43495,18471,10228,44957,3916,2014
2021-05-11T23:59:59+02:00,2390,2689,4175,5678,6096,8737,11135,14854,21830,24299,20126,22651,14499,18940,4026,7885,562,593,1014,1632,1382,2811,1871,4126,2710,3481,2496,2364,9810,13026,3599,6919,125200,43475,18135,9396,44759,3609,1916
2021-05-10T23:59:59+02:00,2339,2604,4078,5553,5971,8575,10284,14057,21514,24020,20056,22570,14465,18892,4019,7875,546,557,980,1574,1313,2719,1777,3960,2636,3403,2476,2347,9803,13009,3597,6916,124127,43467,16295,9220,44656,3132,1794
2021-05-09T23:59:59+02:00,2305,2587,4042,5514,5919,8523,10214,13983,21453,23955,20022,22531,14450,18868,4017,7863,538,546,960,1528,1288,2671,1744,3904,2602,3359,2466,2335,9795,12993,3597,6910,123688,43413,16290,9217,44563,2901,1705
2021-05-08T23:59:59+02:00,2228,2472,3840,5342,5671,8315,9795,13627,20432,23112,19851,22357,14425,18810,4012,7854,456,513,900,1482,1211,2606,1653,3791,2328,3124,1990,1949,9720,12927,3596,6910,119592,41973,16289,9215,44557,2263,1705
2021-05-07T23:59:59+02:00,2134,2340,3640,5166,5344,8027,9374,13219,19233,21887,19686,22154,14388,18762,4004,7838,353,446,788,1405,1089,2473,1520,3649,2150,2924,1561,1608,9348,12571,3595,6909,114699,40348,16287,9213,44536,1154,1674
2021-05-06T23:59:59+02:00,1929,2217,3363,4894,4896,7628,8706,12627,18049,20679,19370,21800,14302,18625,3995,7828,335,435,764,1378,1051,2414,1469,3570,2086,2860,1526,1552,9332,12548,3590,6906,108895,40330,16281,9207,44338,885,1394
2021-05-05T23:59:59+02:00,1852,2177,3290,4808,4818,7513,8572,12472,17892,20534,19252,21686,14230,18523,3975,7742,322,419,725,1328,985,2332,1383,3411,1982,2756,1436,1455,8925,11986,3585,6890,108142,40297,16138,8089,44151,629,905
2021-05-04T23:59:59+02:00,1823,2146,3251,4725,4761,7406,8223,12077,17431,20045,19168,21565,14158,18430,3950,7639,304,406,704,1295,965,2283,1307,3268,1878,2615,1371,1354,8861,11892,3581,6875,107454,40274,14798,7814,44048,373,498
2021-05-03T23:59:59+02:00,1814,2141,3243,4712,4722,7382,7843,11733,16861,19556,19112,21488,14134,18402,3945,7629,289,380,681,1214,917,2192,1240,3125,1780,2480,1308,1280,8839,11864,3578,6866,107373,40268,13210,7607,44009,33,125
2021-05-02T23:59:59+02:00,1812,2139,3239,4710,4716,7378,7832,11721,16843,19545,19096,21482,14134,18400,3944,7629,288,379,679,1213,911,2189,1231,3118,1772,2474,1294,1273,8838,11858,3577,6866,107347,40246,13208,7605,43986,30,79
2021-05-01T23:59:59+02:00,1662,1988,2941,4446,4235,7012,7200,11209,14906,17656,18782,21148,14057,18298,3941,7616,286,379,677,1211,910,2186,1229,3116,1769,2469,1290,1270,8836,11857,3577,6866,99831,40216,13207,7605,43982,30,77
2021-04-30T23:59:59+02:00,1516,1822,2739,4204,3888,6618,6602,10586,13082,15548,18432,20746,13972,18167,3928,7609,280,378,673,1206,900,2178,1219,3108,1761,2458,1280,1260,8832,11854,3576,6866,92248,40172,13207,7605,43982,30,22
2021-04-29T23:59:59+02:00,1386,1741,2563,4076,3648,6409,6220,10266,11720,14235,18241,20538,13944,18114,3925,7603,278,374,668,1201,891,2172,1195,3102,1730,2421,1257,1235,8828,11849,3576,6866,87578,40141,13199,7474,43847,23,5
2021-04-28T23:59:59+02:00,1316,1737,2520,4060,3603,6391,6150,10230,11637,14170,18213,20507,13938,18101,3925,7600,278,373,665,1200,889,2170,1192,3098,1723,2418,1250,1215,8387,11334,3576,6866,87335,40120,13149,6489,43610,21,4
2021-04-27T23:59:59+02:00,1263,1708,2415,4015,3542,6365,6026,10169,11536,14106,18183,20475,13928,18088,3923,7599,278,372,663,1194,888,2168,1188,3095,1719,2411,1235,1197,7977,10759,3576,6866,86833,40102,13096,5462,43408,18,4
2021-04-26T23:59:59+02:00,1212,1672,2325,3919,3418,6269,5850,10042,11228,13831,18146,20456,13920,18070,3921,7599,277,371,661,1194,884,2165,1180,3092,1701,2404,1221,1182,7971,10741,3576,6866,85506,40023,13086,5442,43282,17,4
2021-04-25T23:59:59+02:00,1209,1669,2317,3917,3412,6264,5831,10034,11193,13801,18139,20447,13919,18064,3921,7599,277,371,661,1194,883,2165,1180,3092,1701,2404,1221,1182,7971,10739,3576,6866,85486,40022,13079,5440,43167,17,4
2021-04-24T23:59:59+02:00,1158,1519,2121,3369,3140,5636,5649,9655,10140,12519,17655,19820,13827,17926,3915,7591,276,370,660,1193,883,2164,1180,3091,1695,2397,1217,1179,7970,10738,3576,6865,79415,39998,13079,5436,43143,17,3
2021-04-23T23:59:59+02:00,1121,1414,1999,3001,2957,5061,5436,9262,9311,11458,16320,18334,13702,17743,3910,7573,276,370,658,1193,882,2162,1179,3091,1694,2396,1212,1174,7967,10736,3576,6864,72438,39985,13078,5425,43083,17,3
2021-04-22T23:59:59+02:00,1115,1406,1982,2984,2937,5044,5370,9211,9200,11351,16260,18268,13681,17718,3908,7569,276,369,656,1193,879,2161,1171,3078,1673,2375,1190,1153,7965,10731,3576,6864,72397,39974,13027,5317,42577,16,3
2021-04-21T23:59:59+02:00,1106,1397,1966,2967,2914,5022,5319,9146,9081,11225,16180,18193,13665,17690,3908,7566,270,365,645,1183,866,2130,1159,3051,1664,2357,1179,1139,7743,10416,3575,6864,72357,39969,12970,4619,42015,15,3
2021-04-20T23:59:59+02:00,1073,1334,1919,2849,2840,4865,5214,8963,8807,10914,16055,18027,13616,17639,3901,7561,257,361,625,1159,839,2102,1133,3021,1628,2322,1162,1125,7735,10413,3575,6864,72288,39950,11844,4355,41442,13,3
2021-04-19T23:59:59+02:00,1062,1323,1882,2829,2798,4834,5070,8905,8617,10784,15971,17950,13599,17622,3901,7556,248,350,604,1138,823,2067,1111,2976,1586,2269,1145,1109,7730,10409,3573,6864,71891,39916,11822,4072,40987,11,3
2021-04-18T23:59:59+02:00,1060,1322,1878,2823,2789,4823,5054,8888,8570,10740,15927,17894,13593,17611,3900,7554,248,350,604,1138,822,2067,1111,2976,1586,2268,1145,1108,7728,10408,3572,6864,71848,39911,11820,4070,40755,11,3
2021-04-17T23:59:59+02:00,1025,1309,1829,2776,2714,4748,4903,8735,8167,10335,13712,15147,13430,17331,3887,7523,246,350,604,1134,818,2061,1100,2968,1574,2247,1106,1063,7392,9990,3556,6826,65114,38962,11820,4059,40634,11,3
2021-04-16T23:59:59+02:00,1017,1302,1818,2766,2672,4707,4801,8648,7987,10128,10940,11910,13248,17045,3873,7480,245,345,603,1131,813,2057,1091,2963,1565,2236,1095,1052,7386,9985,3554,6823,58123,38887,11818,4043,40398,11,3
2021-04-15T23:59:59+02:00,1005,1296,1791,2750,2625,4672,4687,8580,7744,9899,10711,11726,13205,16991,3867,7468,243,345,603,1129,812,2056,1088,2960,1562,2233,1090,1049,7384,9983,3554,6823,58102,38874,11816,4026,39096,11,3
2021-04-14T23:59:59+02:00,982,1263,1734,2662,2530,4544,4493,8392,7455,9597,10351,11273,13080,16837,3863,7458,213,318,564,1077,790,1988,1050,2878,1519,2175,1066,1022,7380,9975,3554,6823,58070,38859,10872,3520,37569,10,3
2021-04-13T23:59:59+02:00,955,1238,1697,2605,2456,4458,4388,8248,7239,9372,9952,10779,12955,16679,3858,7447,173,292,530,1025,750,1887,1014,2775,1471,2108,1047,988,7366,9967,3554,6823,57993,38797,9927,2966,36403,4,3
2021-04-12T23:59:59+02:00,951,1235,1681,2602,2425,4442,4335,8195,7082,9187,9704,10488,12913,16632,3847,7434,158,273,503,986,726,1817,990,2705,1429,2065,1027,970,7350,9951,3551,6818,57938,38682,9897,2630,35315,4,3
2021-04-11T23:59:59+02:00,949,1234,1671,2602,2413,4440,4313,8180,7012,9117,9580,10337,12887,16590,3843,7430,158,272,503,985,725,1816,989,2705,1428,2065,1027,970,7348,9951,3551,6818,57926,38676,9895,2629,34774,3,3
2021-04-10T23:59:59+02:00,931,1224,1643,2576,2375,4411,4241,8116,6870,8995,8642,9136,12620,16223,3834,7392,155,270,502,983,720,1814,989,2699,1419,2057,1013,956,6879,9451,3539,6804,54606,37615,9894,2629,34726,3,3
2021-04-09T23:59:59+02:00,908,1193,1603,2528,2302,4330,4061,7936,6532,8665,7897,8173,12050,15530,3776,7280,152,269,500,977,715,1805,981,2691,1402,2045,994,937,6631,9175,3526,6783,50659,36952,9891,2625,34211,3,3
2021-04-08T23:59:59+02:00,897,1182,1572,2505,2237,4279,3920,7838,6239,8323,7312,7537,11920,15383,3767,7262,152,266,493,974,711,1797,973,2680,1394,2035,982,935,6628,9173,3526,6783,50629,36931,9867,2565,31674,3,3
2021-04-07T23:59:59+02:00,890,1171,1545,2486,2181,4237,3827,7761,5983,8027,6754,6928,11365,14670,3756,7238,133,254,458,923,666,1731,915,2606,1348,1973,965,921,6622,9168,3525,6783,50604,36908,8717,2078,29496,3,2
2021-04-06T23:59:59+02:00,886,1168,1526,2479,2152,4212,3749,7704,5771,7837,6312,6430,11204,14481,3745,7212,110,233,405,858,625,1648,866,2511,1297,1914,942,904,6607,9156,3523,6779,50535,36881,8534,1492,27797,3,2
2021-04-05T23:59:59+02:00,878,1164,1511,2472,2129,4202,3694,7678,5613,7711,6122,6223,11151,14408,3741,7205,104,230,404,857,618,1639,859,2494,1280,1896,915,865,5470,7708,3493,6732,50343,34077,8530,1482,27027,3,2
2021-04-04T23:59:59+02:00,877,1160,1509,2470,2123,4200,3678,7671,5601,7702,6110,6201,11140,14394,3740,7202,104,230,402,855,613,1634,854,2487,1265,1875,892,832,4425,6510,3469,6678,50330,31638,8529,1482,26917,3,2
2021-04-03T23:59:59+02:00,814,1101,1426,2394,2002,4057,3386,7378,5152,7220,5765,5756,10996,14202,3718,7179,102,230,402,854,613,1632,853,2487,1265,1875,892,832,4425,6506,3469,6678,47099,31628,8529,1482,26916,3,2
2021-04-02T23:59:59+02:00,770,1060,1365,2328,1895,3930,3097,7102,4651,6720,5383,5311,10926,14080,3715,7173,102,230,402,854,613,1632,852,2487,1263,1873,891,829,4423,6504,3469,6678,44175,31617,8528,1481,26802,3,1
2021-04-01T23:59:59+02:00,766,1058,1355,2325,1876,3922,3065,7086,4574,6641,5274,5204,10897,14038,3714,7171,101,230,400,850,612,1629,851,2484,1260,1869,881,828,4419,6501,3468,6678,44164,31608,8386,1449,26415,3,1
2021-03-31T23:59:59+02:00,764,1054,1347,2312,1864,3910,3038,7056,4508,6585,5131,5043,10398,13445,3711,7166,101,230,399,850,612,1629,851,2484,1258,1869,880,828,4418,6500,3468,6677,44154,31601,7259,1449,25918,3,1
2021-03-30T23:59:59+02:00,755,1049,1328,2292,1832,3879,2998,7020,4422,6491,4964,4846,9901,12772,3704,7154,97,226,399,846,607,1626,845,2479,1251,1865,870,819,4411,6496,3467,6677,44132,31583,6075,1396,25199,1,1
2021-03-29T23:59:59+02:00,750,1041,1316,2255,1811,3848,2967,6979,4350,6393,4763,4659,9836,12697,3702,7143,97,226,399,843,603,1623,844,2472,1247,1859,861,811,4404,6492,3467,6677,44065,31571,5860,1352,24584,1,1
2021-03-28T23:59:59+02:00,747,1039,1312,2252,1797,3838,2949,6964,4311,6332,4667,4547,9805,12642,3696,7136,97,226,399,842,603,1623,842,2472,1245,1859,860,811,4403,6492,3467,6677,44043,31569,5851,1347,24139,1,1
2021-03-27T23:59:59+01:00,743,1034,1304,2244,1777,3823,2923,6936,4083,6146,4153,4119,9594,12417,3688,7121,97,226,396,840,602,1621,839,2469,1238,1853,856,806,4173,6111,3414,6598,42128,30790,5847,1347,24129,1,1
2021-03-26T23:59:59+01:00,736,1026,1296,2234,1758,3805,2894,6911,3995,6045,3627,3681,9126,11959,3679,7108,97,226,395,839,601,1618,835,2466,1228,1847,845,790,3374,5064,3286,6364,40191,28526,5834,1347,23854,1,1
2021-03-25T23:59:59+01:00,729,1020,1283,2221,1736,3777,2833,6871,3903,5958,3446,3464,9042,11867,3674,7106,97,226,395,839,601,1618,834,2465,1228,1847,845,790,3372,5063,3286,6363,40179,28520,5727,1347,23023,1,1
2021-03-24T23:59:59+01:00,719,1011,1251,2196,1689,3727,2752,6794,3738,5796,3108,3105,8682,11355,3665,7094,93,224,383,824,582,1598,801,2433,1173,1816,818,753,3364,5058,3286,6361,40157,28219,4974,1346,21550,1,1
2021-03-23T23:59:59+01:00,706,1001,1222,2161,1643,3679,2667,6707,3576,5624,2727,2713,8498,11179,3658,7078,88,220,370,798,544,1566,735,2369,1069,1734,735,696,3338,5026,3283,6359,40116,27588,4684,1340,20038,1,1
2021-03-22T23:59:59+01:00,677,880,1183,2114,1613,3623,2609,6630,3430,5485,2474,2475,8200,10839,3645,7048,88,219,370,798,544,1564,734,2368,1066,1733,733,693,3335,5021,3282,6357,39649,27563,4357,1340,18918,1,1
2021-03-21T23:59:59+01:00,676,875,1178,2107,1602,3615,2591,6614,3385,5442,2325,2308,8129,10749,3638,7035,88,219,370,797,544,1564,734,2368,1066,1733,733,693,3335,5020,3282,6357,39645,27561,4343,1340,18280,1,1
2021-03-20T23:59:59+01:00,675,875,1176,2099,1597,3610,2585,6607,3364,5419,2295,2269,7638,10234,3625,7020,88,219,370,797,543,1564,733,2367,1066,1732,733,693,3335,5019,3280,6355,38607,27552,4332,1340,18148,1,1
2021-03-19T23:59:59+01:00,667,868,1163,2084,1565,3588,2517,6454,3300,5330,2112,2089,7343,9926,3611,6999,88,219,370,791,539,1562,728,2358,1056,1722,724,686,2801,4269,2969,5755,38001,25295,4316,1340,17298,1,1
2021-03-18T23:59:59+01:00,652,851,1144,2053,1534,3555,2479,6380,3225,5240,1941,1886,7245,9826,3609,6989,87,219,370,790,539,1562,727,2354,1052,1721,716,683,2741,4188,2954,5722,37981,25105,4305,1318,16322,1,1
2021-03-17T23:59:59+01:00,618,820,1101,1995,1497,3468,2392,6257,3069,5078,1676,1619,7112,9698,3600,6976,85,213,358,764,523,1512,705,2300,1013,1683,698,661,2481,3876,2895,5622,37910,24139,3782,1248,15283,1,1
2021-03-16T23:59:59+01:00,572,788,1060,1938,1447,3351,2318,6111,2954,4933,1467,1396,7008,9571,3591,6959,79,194,335,706,495,1429,672,2158,984,1575,645,611,2372,3736,2877,5547,37856,23396,3164,1017,14443,1,1
2021-03-15T23:59:59+01:00,556,771,1032,1894,1410,3277,2283,6027,2866,4850,1341,1261,6424,8881,3569,6915,76,182,322,646,478,1311,636,2031,941,1462,618,592,2334,3694,2866,5491,36622,22995,2807,684,13928,1,0
2021-03-14T23:59:59+01:00,551,766,1022,1881,1407,3261,2267,6009,2830,4821,1299,1206,6023,8439,3558,6904,75,177,318,623,472,1283,630,1970,931,1443,618,592,2334,3693,2865,5490,35808,22989,2802,524,13634,1,0
2021-03-13T23:59:59+01:00,529,744,983,1834,1351,3195,2002,5370,2603,4464,1196,1096,5345,7556,3541,6875,75,177,317,620,470,1282,628,1968,931,1439,615,587,1879,3058,2442,4888,34132,20851,2799,524,11753,1,0
2021-03-12T23:59:59+01:00,511,719,964,1790,1314,3096,1784,4515,2411,4099,1127,1023,4626,6718,3527,6839,75,175,316,616,470,1278,624,1962,928,1433,612,582,1477,2390,1989,4228,32458,18630,2796,524,9809,1,0
2021-03-11T23:59:59+01:00,507,712,954,1778,1300,3075,1758,4482,2374,4062,1053,970,4588,6685,3525,6837,75,166,309,595,457,1224,614,1913,906,1399,603,569,1472,2372,1980,4179,32425,18380,2703,452,9532,1,0
2021-03-10T23:59:59+01:00,485,697,905,1714,1245,3003,1682,4380,2313,3977,1021,948,4575,6673,3524,6835,74,166,307,590,455,1218,610,1891,906,1394,595,559,1405,2275,1945,4135,32411,18096,2137,428,9429,1,0
2021-03-09T23:59:59+01:00,464,679,854,1664,1207,2931,1635,4301,2271,3930,1006,939,4569,6666,3523,6834,72,164,306,588,454,1209,608,1879,900,1388,593,551,1172,1929,1856,3998,32367,17265,1689,401,9417,1,0
2021-03-08T23:59:59+01:00,457,668,844,1648,1197,2916,1629,4275,2259,3918,995,928,4535,6621,3521,6830,71,162,303,586,450,1203,606,1875,897,1386,593,551,1090,1829,1824,3965,32245,17012,1593,378,9403,1,0
2021-03-07T23:59:59+01:00,456,665,844,1647,1194,2914,1626,4268,2249,3912,988,920,4529,6617,3520,6829,68,158,293,565,438,1169,588,1771,865,1324,592,551,978,1682,1783,3913,32228,16652,1554,86,9396,0,0
2021-03-06T23:59:59+01:00,447,645,825,1614,1170,2860,1581,4186,2057,3429,964,892,4304,6256,3473,6757,68,158,293,565,438,1168,588,1771,865,1324,592,551,975,1681,1780,3912,31512,16643,1554,86,8394,0,0
2021-03-05T23:59:59+01:00,431,597,792,1509,1115,2636,1495,3960,1848,2774,946,866,3478,5186,3349,6528,68,157,292,562,434,1162,587,1766,863,1320,587,549,935,1619,1762,3882,29209,16459,1553,86,6748,0,0
2021-03-04T23:59:59+01:00,416,588,783,1490,1103,2612,1473,3930,1828,2756,933,863,3472,5182,3348,6527,68,156,289,558,431,1144,578,1746,862,1312,585,548,889,1556,1748,3856,29196,16302,1513,24,6595,0,0
2021-03-03T23:59:59+01:00,405,549,764,1431,1071,2527,1424,3779,1746,2667,906,820,3463,5178,3348,6525,67,156,286,554,430,1141,576,1737,859,1309,585,547,857,1496,1672,3718,28883,15968,1513,22,6207,0,0
2021-03-02T23:59:59+01:00,399,539,748,1401,1021,2482,1349,3693,1629,2572,817,758,3430,5141,3344,6523,66,156,286,549,429,1135,576,1729,859,1307,584,547,857,1496,1672,3718,28245,15944,1450,22,6151,0,0
2021-03-01T23:59:59+01:00,392,524,744,1350,1006,2419,1329,3618,1604,2523,800,749,3422,5135,3344,6523,66,154,285,546,420,1121,576,1714,849,1301,584,545,747,1318,1632,3663,28206,15499,1401,22,5875,0,0
2021-02-28T23:59:59+01:00,387,510,735,1305,994,2341,1313,3536,1585,2444,796,743,3421,5131,3343,6522,66,154,285,546,420,1120,576,1714,848,1301,584,544,640,1169,1597,3607,28196,15149,1398,22,5512,0,0
2021-02-27T23:59:59+01:00,376,486,721,1284,975,2301,1281,3473,1560,2404,782,734,3420,5131,3343,6522,66,154,285,546,420,1120,575,1714,847,1301,584,544,640,1168,1597,3607,28195,15146,1398,22,5200,0,0
2021-02-26T23:59:59+01:00,346,426,674,1219,909,2185,1191,3317,1465,2283,759,718,2878,4374,3030,5904,66,154,282,544,420,1118,573,1711,844,1296,579,541,633,1154,1590,3591,25916,15074,1398,22,4364,0,0
2021-02-25T23:59:59+01:00,342,410,659,1191,888,2140,1171,3244,1449,2248,757,716,2819,4292,3014,5870,64,150,278,537,420,1115,568,1698,841,1287,571,535,551,1034,1551,3548,25699,14728,1398,20,4113,0,0
2021-02-24T23:59:59+01:00,317,393,613,1145,835,2067,1113,3153,1410,2196,739,694,2560,3971,2953,5764,63,146,274,527,414,1100,561,1676,838,1270,564,524,537,1013,1541,3529,24714,14563,1398,14,3811,0,0
2021-02-23T23:59:59+01:00,299,368,585,1088,799,1979,1032,2996,1348,2115,686,643,2448,3829,2936,5684,63,144,272,520,414,1081,551,1646,830,1251,553,516,525,962,1531,3486,23921,14331,1393,14,3521,0,0
2021-02-22T23:59:59+01:00,294,355,571,1027,782,1902,1005,2903,1311,2056,665,623,2420,3792,2929,5629,62,143,267,514,412,1067,542,1623,824,1233,538,502,507,936,1526,3435,23526,14117,1393,14,3345,0,0
2021-02-21T23:59:59+01:00,291,344,564,1005,769,1859,997,2857,1281,2035,665,621,2418,3792,2928,5628,62,143,266,514,412,1067,542,1623,824,1231,538,502,507,936,1526,3434,23520,14113,1393,14,3141,0,0
2021-02-20T23:59:59+01:00,194,309,501,951,704,1788,922,2751,1198,1955,655,608,1953,3121,2480,4989,62,143,266,514,412,1067,542,1622,824,1231,538,502,507,936,1526,3434,21272,14112,1393,14,2414,0,0
2021-02-19T23:59:59+01:00,94,236,386,871,581,1645,787,2607,1071,1809,646,594,1563,2473,2024,4335,62,143,266,514,412,1066,542,1622,824,1231,538,502,499,932,1524,3429,19080,14092,1393,14,1249,0,0
2021-02-18T23:59:59+01:00,90,224,375,827,558,1551,757,2467,1034,1747,635,583,1555,2454,2015,4286,59,134,260,485,397,1004,529,1542,802,1162,527,488,494,914,1522,3411,18842,13716,1367,14,949,0,0
2021-02-17T23:59:59+01:00,89,216,362,797,546,1519,724,2344,1006,1682,627,571,1490,2355,1977,4249,59,130,257,474,389,959,517,1478,784,1087,515,477,492,913,1522,3411,18582,13450,1294,14,678,0,0
2021-02-16T23:59:59+01:00,83,208,344,751,521,1445,691,2232,983,1592,617,562,1217,1972,1885,4108,57,121,257,467,381,926,504,1413,758,1022,495,467,491,913,1519,3410,17669,13199,1055,2,487,0,0
2021-02-15T23:59:59+01:00,77,183,318,644,483,1302,637,2019,935,1449,607,561,1120,1853,1850,4060,56,121,256,461,377,921,502,1408,757,1016,495,467,490,909,1518,3407,17347,13161,717,0,34,0,0
2021-02-14T23:59:59+01:00,76,177,315,619,477,1271,627,1962,921,1432,607,561,1015,1716,1812,4016,56,121,256,461,377,921,502,1406,757,1016,495,467,490,909,1518,3407,17020,13159,564,0,20,0,0
2021-02-13T23:59:59+01:00,76,176,315,618,475,1267,626,1960,921,1428,606,560,1015,1712,1809,4014,56,120,256,461,375,917,501,1401,755,1014,493,466,472,865,1264,2949,16994,12365,564,0,20,0,0
2021-02-12T23:59:59+01:00,76,176,314,617,471,1263,626,1957,918,1427,601,559,974,1652,1793,3982,56,120,256,456,372,910,497,1392,749,1008,486,459,450,818,914,2256,16823,11199,564,0,19,0,0
2021-02-11T23:59:59+01:00,76,170,310,604,460,1236,620,1933,911,1415,600,559,923,1585,1780,3954,56,114,240,426,359,855,481,1321,731,986,486,458,450,818,912,2255,16649,10948,481,0,6,0,0
2021-02-10T23:59:59+01:00,74,170,307,601,457,1232,617,1917,906,1411,600,559,912,1567,1762,3912,55,100,201,346,306,743,429,1161,651,898,458,453,448,818,912,2254,16548,10233,454,0,2,0,0
2021-02-09T23:59:59+01:00,71,168,302,595,454,1223,616,1902,900,1406,599,558,891,1527,1703,3814,47,82,141,265,232,580,347,955,552,768,427,444,444,817,909,2254,16302,9264,426,0,1,0,0
2021-02-08T23:59:59+01:00,70,166,299,589,451,1216,615,1884,893,1401,599,556,774,1350,1663,3758,42,66,99,174,170,425,284,725,495,652,421,439,441,815,908,2254,15881,8410,402,0,1,0,0
2021-02-07T23:59:59+01:00,67,162,289,567,434,1177,598,1776,860,1335,599,555,661,1197,1627,3700,41,65,95,170,166,419,280,713,490,641,419,439,441,815,908,2253,15510,8355,94,0,0,0,0
2021-02-06T23:59:59+01:00,67,162,288,567,434,1176,596,1776,858,1332,595,553,659,1187,1621,3694,38,62,94,168,163,409,274,704,478,634,413,439,402,761,676,1875,15471,7590,94,0,0,0,0
2021-02-05T23:59:59+01:00,67,162,286,564,434,1174,595,1775,856,1330,593,553,650,1179,1615,3683,36,58,90,164,157,399,268,685,461,626,407,439,390,727,289,1258,15422,6454,94,0,0,0,0
2021-02-04T23:59:59+01:00,65,159,281,558,428,1155,579,1749,853,1316,584,544,561,1051,1573,3637,35,54,84,159,149,385,259,668,444,612,400,433,387,720,287,1252,15066,6328,27,0,0,0,0
2021-02-03T23:59:59+01:00,64,153,277,549,427,1139,577,1734,851,1302,578,532,552,1042,1570,3625,26,39,70,125,112,281,189,522,337,477,299,331,308,563,223,1002,14947,4904,25,0,0,0,0
2021-02-02T23:59:59+01:00,64,151,274,542,427,1119,564,1700,843,1283,564,521,543,992,1561,3584,18,27,45,80,82,189,134,354,215,348,211,211,197,358,159,662,14707,3290,25,0,0,0,0
2021-02-01T23:59:59+01:00,63,149,271,534,425,1102,556,1672,837,1268,553,512,528,963,1554,3542,7,14,22,43,44,96,66,173,97,155,102,97,79,158,68,303,14504,1524,25,0,0,0,0
2021-01-31T23:59:59+01:00,63,148,270,534,421,1098,556,1667,835,1264,553,512,528,963,1554,3541,7,13,20,40,39,80,62,148,82,139,98,97,78,157,66,302,14482,1428,25,0,0,0,0
2021-01-30T23:59:59+01:00,63,148,270,534,421,1098,556,1667,835,1264,553,512,528,963,1554,3541,7,13,20,40,39,80,62,148,82,139,98,96,78,157,66,302,14482,1427,25,0,0,0,0
2021-01-29T23:59:59+01:00,63,148,270,534,421,1098,556,1667,835,1264,553,512,528,963,1554,3541,7,13,20,40,39,80,62,148,82,139,98,96,78,157,66,302,14482,1427,25,0,0,0,0
2021-01-28T23:59:59+01:00,61,138,264,499,408,1035,540,1578,811,1190,542,497,522,946,1552,3526,2,2,5,7,9,14,20,35,21,27,15,19,19,35,17,92,14090,339,19,0,0,0,0
2021-01-27T23:59:59+01:00,59,133,263,487,400,988,529,1513,793,1115,530,485,520,945,1552,3526,2,2,5,7,7,14,20,34,21,27,15,19,19,35,17,92,13821,336,17,0,0,0,0
2021-01-26T23:59:59+01:00,58,127,259,482,391,956,518,1446,768,1049,509,475,519,945,1552,3526,1,2,5,7,7,12,18,31,17,22,14,16,17,33,17,85,13564,304,16,0,0,0,0
2021-01-25T23:59:59+01:00,57,127,257,477,387,950,518,1443,767,1044,509,475,519,943,1552,3524,0,0,0,0,0,0,0,0,0,0,1,1,0,1,0,0,13534,3,15,0,0,0,0
2021-01-24T23:59:59+01:00,57,127,257,477,387,950,518,1442,767,1044,509,475,519,943,1552,3524,0,0,0,0,0,0,0,0,0,0,1,1,0,1,0,0,13533,3,15,0,0,0,0
2021-01-23T23:59:59+01:00,57,126,257,477,386,946,518,1435,766,1042,506,474,500,899,1299,3055,0,0,0,0,0,0,0,0,0,0,1,1,0,1,0,0,12728,3,15,0,0,0,0
2021-01-22T23:59:59+01:00,57,126,256,472,381,938,514,1425,761,1035,500,467,478,850,937,2337,0,0,0,0,0,0,0,0,0,0,1,1,0,1,0,0,11519,3,15,0,0,0,0
2021-01-21T23:59:59+01:00,57,120,237,439,355,871,485,1332,735,1010,498,467,478,850,936,2336,0,0,0,0,0,0,0,0,0,0,1,1,0,1,0,0,11191,3,15,0,0,0,0
2021-01-20T23:59:59+01:00,55,105,205,366,314,775,442,1186,660,924,469,461,476,850,935,2335,0,0,0,0,0,0,0,0,0,0,1,1,0,1,0,0,10543,3,15,0,0,0,0
2021-01-19T23:59:59+01:00,49,88,152,283,243,608,365,1000,573,805,439,452,472,849,935,2335,0,0,0,0,0,0,0,0,0,0,1,0,0,1,0,0,9641,2,7,0,0,0,0
2021-01-18T23:59:59+01:00,43,67,100,182,175,440,299,741,504,669,433,447,469,845,933,2335,0,0,0,0,0,0,0,0,0,0,0,0,0,0,0,0,8682,0,0,0,0,0,0
2021-01-17T23:59:59+01:00,41,66,97,176,170,433,296,731,499,656,431,447,469,845,933,2334,0,0,0,0,0,0,0,0,0,0,0,0,0,0,0,0,8624,0,0,0,0,0,0
2021-01-16T23:59:59+01:00,38,63,95,175,165,424,289,723,482,649,425,447,427,792,694,1951,0,0,0,0,0,0,0,0,0,0,0,0,0,0,0,0,7839,0,0,0,0,0,0
2021-01-15T23:59:59+01:00,36,59,92,170,162,416,282,706,468,642,419,447,416,758,299,1324,0,0,0,0,0,0,0,0,0,0,0,0,0,0,0,0,6696,0,0,0,0,0,0
2021-01-14T23:59:59+01:00,36,55,88,168,158,410,276,698,457,634,416,445,416,757,299,1324,0,0,0,0,0,0,0,0,0,0,0,0,0,0,0,0,6637,0,0,0,0,0,0
2021-01-13T23:59:59+01:00,26,40,72,134,120,309,208,559,353,504,317,343,338,595,235,1065,0,0,0,0,0,0,0,0,0,0,0,0,0,0,0,0,5218,0,0,0,0,0,0
2021-01-12T23:59:59+01:00,18,30,51,90,89,222,152,405,236,377,225,222,222,392,170,720,0,0,0,0,0,0,0,0,0,0,0,0,0,0,0,0,3621,0,0,0,0,0,0
2021-01-11T23:59:59+01:00,9,19,29,50,60,139,92,226,125,197,115,106,93,178,78,330,0,0,0,0,0,0,0,0,0,0,0,0,0,0,0,0,1846,0,0,0,0,0,0
2021-01-10T23:59:59+01:00,8,18,24,45,54,110,82,185,105,165,110,104,90,176,75,330,0,0,0,0,0,0,0,0,0,0,0,0,0,0,0,0,1681,0,0,0,0,0,0
2021-01-09T23:59:59+01:00,8,18,24,45,54,110,82,185,105,165,110,103,90,176,75,330,0,0,0,0,0,0,0,0,0,0,0,0,0,0,0,0,1680,0,0,0,0,0,0
2021-01-08T23:59:59+01:00,8,17,23,44,51,102,78,175,99,162,106,100,86,166,73,322,0,0,0,0,0,0,0,0,0,0,0,0,0,0,0,0,1612,0,0,0,0,0,0
2021-01-07T23:59:59+01:00,2,3,5,8,9,15,23,36,21,32,16,19,20,36,19,96,0,0,0,0,0,0,0,0,0,0,0,0,0,0,0,0,360,0,0,0,0,0,0
2021-01-06T23:59:59+01:00,2,2,5,7,7,14,22,35,20,29,16,19,20,36,19,95,0,0,0,0,0,0,0,0,0,0,0,0,0,0,0,0,348,0,0,0,0,0,0
2021-01-05T23:59:59+01:00,2,2,5,7,7,14,22,35,20,29,16,19,20,36,19,95,0,0,0,0,0,0,0,0,0,0,0,0,0,0,0,0,348,0,0,0,0,0,0
2021-01-04T23:59:59+01:00,0,0,0,0,0,0,1,0,0,0,1,1,0,1,0,0,0,0,0,0,0,0,0,0,0,0,0,0,0,0,0,0,4,0,0,0,0,0,0
2021-01-03T23:59:59+01:00,0,0,0,0,0,0,1,0,0,0,1,1,0,1,0,0,0,0,0,0,0,0,0,0,0,0,0,0,0,0,0,0,4,0,0,0,0,0,0
2021-01-02T23:59:59+01:00,0,0,0,0,0,0,1,0,0,0,1,1,0,1,0,0,0,0,0,0,0,0,0,0,0,0,0,0,0,0,0,0,4,0,0,0,0,0,0
2021-01-01T23:59:59+01:00,0,0,0,0,0,0,1,0,0,0,1,1,0,1,0,0,0,0,0,0,0,0,0,0,0,0,0,0,0,0,0,0,4,0,0,0,0,0,0
2020-12-31T23:59:59+01:00,0,0,0,0,0,0,1,0,0,0,1,1,0,1,0,0,0,0,0,0,0,0,0,0,0,0,0,0,0,0,0,0,4,0,0,0,0,0,0
2020-12-30T23:59:59+01:00,0,0,0,0,0,0,1,0,0,0,1,1,0,1,0,0,0,0,0,0,0,0,0,0,0,0,0,0,0,0,0,0,4,0,0,0,0,0,0
2020-12-29T23:59:59+01:00,0,0,0,0,0,0,1,0,0,0,1,0,0,1,0,0,0,0,0,0,0,0,0,0,0,0,0,0,0,0,0,0,3,0,0,0,0,0,0
2020-12-28T23:59:59+01:00,0,0,0,0,0,0,0,0,0,0,1,0,0,0,0,0,0,0,0,0,0,0,0,0,0,0,0,0,0,0,0,0,1,0,0,0,0,0,0
2020-12-27T23:59:59+01:00,0,0,0,0,0,0,0,0,0,0,0,0,0,0,0,0,0,0,0,0,0,0,0,0,0,0,0,0,0,0,0,0,0,0,0,0,0,0,0
