Datum,<15_m,<15_w,15-24_1_m,15-24_1_w,25-34_1_m,25-34_1_w,35-44_1_m,35-44_1_w,45-54_1_m,45-54_1_w,55-64_1_m,55-64_1_w,65-74_1_m,65-74_1_w,75-84_1_m,75-84_1_w,>84_1_m,>84_1_w,<24_2_m,<24_2_w,25-34_2_m,25-34_2_w,35-44_2_m,35-44_2_w,45-54_2_m,45-54_2_w,55-64_2_m,55-64_2_w,65-74_2_m,65-74_2_w,75-84_2_m,75-84_2_w,>84_2_m,>84_2_w,bp_1,bp_2,mo_1,mo_2,az_1,az_2,ja,unb_1,unb_2
2021-08-10T23:59:59+02:00,924,854,11887,11307,15521,14536,18938,19360,25590,26888,32322,33450,24864,27788,17038,21779,5034,9547,9775,9295,13957,12994,17511,17773,23889,25008,30526,31564,23900,26709,16491,20989,4882,9112,229442,210916,30759,29017,46335,44413,10907,184,85
2021-08-09T23:59:59+02:00,922,838,11862,11275,15507,14521,18916,19348,25558,26867,32294,33420,24857,27780,17034,21771,5034,9544,9724,9238,13923,12946,17475,17734,23861,24965,30491,31527,23886,26691,16486,20976,4880,9107,229220,210488,30759,29016,46334,44405,10851,184,85
2021-08-08T23:59:59+02:00,912,831,11829,11252,15485,14508,18896,19327,25533,26847,32273,33404,24849,27765,17027,21767,5033,9544,9651,9186,13879,12920,17448,17704,23828,24931,30460,31496,23873,26673,16478,20962,4879,9104,229034,210101,30759,29015,46334,44404,10771,184,85
2021-08-07T23:59:59+02:00,893,804,11733,11175,15442,14467,18857,19294,25494,26817,32227,33372,24832,27753,17018,21749,5032,9541,9035,8590,13442,12570,17239,17521,23679,24820,30311,31422,23816,26622,16457,20935,4874,9101,228453,206924,30759,29015,46334,44404,10770,184,85
2021-08-06T23:59:59+02:00,883,801,11703,11148,15425,14454,18847,19288,25480,26801,32218,33366,24828,27749,17013,21747,5032,9540,8455,7962,12931,12177,17012,17319,23539,24709,30216,31343,23785,26575,16445,20921,4871,9095,228404,203774,30637,29002,46334,44404,10764,184,85
2021-08-05T23:59:59+02:00,880,794,11665,11117,15388,14427,18806,19258,25434,26765,32174,33320,24788,27727,17011,21736,5032,9535,8400,7897,12887,12127,16962,17278,23476,24669,30145,31289,23738,26535,16432,20903,4869,9086,228188,203361,30636,28997,46334,44396,10515,184,85
2021-08-04T23:59:59+02:00,863,778,11635,11087,15370,14395,18777,19235,25407,26736,32128,33281,24773,27714,17006,21731,5030,9527,8311,7808,12828,12081,16911,17237,23421,24626,30086,31219,23701,26496,16422,20890,4867,9080,227929,202778,30634,28996,46333,44361,10393,184,85
2021-08-03T23:59:59+02:00,848,759,11588,11048,15351,14375,18747,19215,25381,26708,32096,33248,24753,27695,16997,21726,5026,9526,8228,7720,12761,12033,16844,17187,23364,24590,30047,31172,23666,26462,16407,20879,4864,9076,227604,202136,30632,28986,46333,44354,10334,184,85
2021-08-02T23:59:59+02:00,839,756,11554,11017,15331,14345,18721,19196,25353,26684,32065,33221,24739,27676,16989,21717,5025,9524,8133,7631,12681,11973,16787,17124,23308,24519,30000,31115,23648,26439,16386,20869,4862,9071,227335,201439,30631,28985,46333,44346,10269,184,85
2021-08-01T23:59:59+02:00,832,749,11530,10988,15320,14332,18707,19185,25334,26672,32048,33206,24735,27668,16988,21714,5023,9523,8063,7565,12620,11927,16747,17078,23272,24489,29973,31090,23633,26420,16382,20863,4860,9070,227194,200986,30627,28984,46333,44329,10216,184,85
2021-07-31T23:59:59+02:00,829,748,11527,10982,15318,14329,18705,19181,25333,26671,32045,33205,24735,27667,16988,21714,5023,9523,7912,7376,11859,11255,16195,16643,23177,24410,29909,31019,23604,26384,16370,20844,4859,9068,227166,197780,30626,28984,46333,44328,10214,184,85
2021-07-30T23:59:59+02:00,828,747,11513,10973,15315,14326,18700,19176,25326,26666,32035,33200,24734,27665,16988,21712,5023,9523,7627,7136,11313,10811,15719,16216,23040,24303,29800,30908,23567,26339,16354,20822,4859,9063,227100,194704,30625,28983,46331,44315,10210,184,85
2021-07-29T23:59:59+02:00,816,738,11473,10927,15277,14305,18661,19151,25290,26632,31983,33172,24716,27646,16977,21695,5023,9521,7253,6827,10649,10298,15205,15806,22865,24158,29655,30800,23513,26287,16325,20797,4855,9060,226787,191252,30624,28975,46331,44230,10077,184,85
2021-07-28T23:59:59+02:00,798,726,11426,10875,15253,14276,18631,19125,25264,26605,31958,33148,24703,27628,16972,21683,5022,9517,7089,6672,10504,10182,15097,15673,22774,24063,29557,30705,23470,26231,16308,20768,4854,9050,226472,190030,30623,28973,46326,44122,10005,184,85
2021-07-27T23:59:59+02:00,789,717,11383,10839,15213,14236,18591,19099,25236,26579,31922,33126,24687,27603,16966,21672,5021,9509,6868,6460,10346,10065,14954,15540,22671,23957,29449,30592,23419,26167,16292,20742,4852,9039,226164,188885,30623,28647,46325,44089,9892,184,85
2021-07-26T23:59:59+02:00,779,705,11334,10795,15189,14215,18576,19072,25208,26550,31890,33100,24672,27582,16954,21661,5020,9506,6752,6384,10252,9988,14888,15462,22591,23898,29384,30518,23386,26124,16280,20725,4848,9033,225879,188103,30621,28645,46324,44048,9800,184,85
2021-07-25T23:59:59+02:00,768,695,11306,10768,15170,14189,18556,19048,25181,26527,31871,33082,24656,27571,16950,21652,5019,9504,6676,6304,10186,9924,14815,15402,22536,23845,29329,30480,23356,26102,16269,20711,4848,9029,225686,187518,30620,28641,46323,44018,9700,184,85
2021-07-24T23:59:59+02:00,744,674,11228,10685,15131,14162,18533,19026,25161,26513,31858,33069,24656,27567,16947,21650,5019,9504,6278,5946,10043,9810,14445,15123,22313,23689,29214,30397,23320,26064,16252,20694,4845,9025,225309,185174,30619,28640,46323,44016,9692,184,85
2021-07-23T23:59:59+02:00,718,652,11161,10604,15104,14129,18504,19011,25139,26494,31842,33052,24645,27562,16945,21650,5019,9501,5909,5636,9923,9704,14098,14861,22118,23518,29094,30280,23268,25996,16241,20673,4841,9018,224929,182913,30618,28640,46323,44005,9678,184,85
2021-07-22T23:59:59+02:00,677,612,11010,10442,15006,14042,18418,18963,25058,26440,31770,32988,24610,27521,16930,21632,5015,9496,5591,5339,9655,9493,13517,14387,21801,23258,28865,30053,23168,25899,16198,20636,4837,9015,223987,179609,30616,28630,46322,43987,9521,184,85
2021-07-21T23:59:59+02:00,657,588,10946,10388,14973,14015,18379,18927,25022,26411,31732,32940,24586,27490,16914,21621,5013,9491,4976,4874,9217,9244,13140,14159,21571,23105,28678,29905,23103,25823,16173,20613,4835,9012,223573,177858,30609,27363,46321,43820,9406,184,85
2021-07-20T23:59:59+02:00,639,571,10888,10334,14947,13980,18343,18900,24992,26380,31697,32908,24566,27469,16909,21607,5010,9484,4832,4763,9065,9112,12979,14027,21458,22984,28549,29782,23024,25720,16151,20574,4828,9006,223201,176523,30609,27351,46319,43673,9311,184,85
2021-07-19T23:59:59+02:00,626,559,10851,10303,14918,13960,18321,18892,24965,26355,31664,32879,24549,27446,16903,21596,5008,9481,4753,4693,8969,9037,12864,13931,21361,22878,28450,29662,22968,25663,16126,20545,4823,9000,222965,175590,30609,27343,46310,43577,9208,184,85
2021-07-18T23:59:59+02:00,612,550,10797,10252,14883,13939,18296,18875,24945,26338,31641,32861,24540,27436,16897,21587,5008,9477,4645,4590,8835,8916,12737,13793,21275,22787,28379,29585,22940,25634,16117,20532,4820,8999,222692,174583,30609,27329,46310,43524,9139,184,85
2021-07-17T23:59:59+02:00,540,480,10512,9955,14772,13841,18208,18798,24840,26264,31536,32812,24507,27402,16884,21567,5006,9476,4599,4549,8783,8845,12504,13603,20858,22451,28251,29455,22903,25582,16108,20517,4819,8996,221159,172823,30609,27329,46310,43522,9138,184,85
2021-07-16T23:59:59+02:00,511,443,10379,9836,14713,13801,18154,18747,24808,26231,31516,32788,24498,27387,16881,21560,5006,9473,4551,4507,8708,8805,12130,13326,20317,22058,28119,29363,22854,25545,16099,20512,4817,8994,220503,170725,30608,27327,46310,43515,9127,184,85
2021-07-15T23:59:59+02:00,481,406,10240,9731,14647,13752,18097,18680,24756,26183,31465,32736,24473,27351,16863,21544,4999,9469,4340,4369,8384,8598,11612,12924,19215,21214,27704,29020,22684,25376,16034,20439,4807,8978,219779,166037,30607,27314,46309,43319,8994,184,85
2021-07-14T23:59:59+02:00,460,393,10211,9706,14613,13732,18068,18645,24720,26142,31414,32683,24443,27323,16852,21527,4998,9467,4217,4219,8130,8428,11383,12780,19037,21103,27560,28895,22619,25298,16000,20401,4804,8969,219414,164479,30607,27296,46309,43146,8883,184,85
2021-07-13T23:59:59+02:00,436,379,10161,9654,14584,13705,18043,18612,24685,26121,31380,32644,24427,27293,16841,21516,4997,9465,4122,4124,7955,8270,11183,12590,18904,20967,27407,28734,22522,25213,15965,20348,4800,8958,219016,163030,30607,27275,46308,42888,8828,184,85
2021-07-12T23:59:59+02:00,423,358,10117,9605,14559,13687,18012,18582,24651,26080,31346,32600,24402,27270,16826,21511,4994,9462,4015,4025,7788,8148,11026,12455,18791,20846,27285,28614,22448,25152,15938,20322,4799,8953,218651,161872,30606,27254,46308,42698,8736,184,85
2021-07-11T23:59:59+02:00,415,340,10087,9577,14542,13667,17995,18572,24631,26072,31325,32582,24390,27260,16824,21509,4994,9460,3946,3952,7669,8048,10879,12327,18668,20746,27184,28502,22406,25104,15917,20297,4797,8950,218460,160909,30606,27249,46307,42499,8685,184,85
2021-07-10T23:59:59+02:00,389,317,9978,9471,14487,13628,17947,18549,24607,26052,31306,32566,24382,27251,16820,21505,4992,9458,3913,3927,7608,8007,10844,12298,18639,20722,27155,28480,22399,25089,15913,20292,4797,8950,217936,160608,30605,27248,46304,42451,8676,184,85
2021-07-09T23:59:59+02:00,329,270,9716,9262,14382,13547,17871,18479,24521,25999,31257,32505,24359,27220,16807,21487,4992,9452,3846,3887,7475,7917,10627,12153,18415,20584,26740,28161,22215,24897,15858,20232,4794,8943,216712,158473,30605,27245,46303,42323,8651,184,85
2021-07-08T23:59:59+02:00,250,203,9524,9120,14281,13471,17777,18408,24461,25949,31174,32448,24332,27189,16794,21469,4988,9447,3690,3761,7167,7728,10273,11924,18071,20302,26435,27904,22043,24739,15790,20159,4787,8927,215618,156098,30602,27200,46290,41754,8591,184,85
2021-07-07T23:59:59+02:00,212,174,9423,9016,14230,13438,17733,18366,24411,25909,31133,32408,24308,27159,16783,21451,4988,9439,3494,3632,6838,7504,9324,11194,17489,19872,26033,27596,21809,24437,15713,20063,4773,8913,214994,153488,30599,25455,46287,41161,8517,184,85
2021-07-06T23:59:59+02:00,190,162,9345,8958,14180,13410,17697,18324,24370,25870,31072,32361,24272,27131,16768,21434,4986,9437,3380,3557,6639,7382,9053,11031,17245,19692,25758,27341,21652,24235,15632,19959,4761,8898,214433,151563,30582,25445,46284,40659,8484,184,85
2021-07-05T23:59:59+02:00,178,147,9258,8877,14141,13368,17664,18274,24334,25840,31027,32310,24248,27109,16760,21420,4985,9435,3328,3522,6511,7303,8904,10910,17104,19553,25588,27186,21509,24068,15583,19906,4750,8888,213892,150502,30582,25436,46281,40174,8436,184,85
2021-07-04T23:59:59+02:00,163,140,9204,8827,14110,13356,17640,18256,24309,25821,31006,32285,24233,27095,16754,21412,4984,9432,3276,3480,6448,7263,8817,10839,17018,19468,25459,27077,21385,23940,15542,19855,4748,8881,213624,149845,30581,25427,46266,39784,8372,184,85
2021-07-03T23:59:59+02:00,160,137,8692,8329,13952,13236,17539,18138,24215,25763,30941,32236,24212,27073,16742,21400,4982,9429,3216,3402,6330,7144,8649,10698,16804,19286,25071,26769,21270,23804,15512,19815,4744,8875,211789,147808,30581,25427,46266,39729,8356,184,85
2021-07-02T23:59:59+02:00,153,133,8123,7857,13808,13127,17447,18061,24145,25693,30881,32174,24174,27031,16736,21380,4980,9424,3105,3295,6060,6989,8392,10457,16435,18959,24600,26346,21042,23532,15442,19733,4738,8872,209947,144745,30581,25425,46262,39404,8353,184,85
2021-07-01T23:59:59+02:00,140,123,7994,7750,13725,13070,17378,18010,24076,25642,30829,32122,24146,27006,16726,21368,4979,9423,2917,3106,5715,6705,7958,10042,15849,18488,23840,25696,20557,23060,15315,19573,4726,8847,209159,140205,30577,25414,46258,38374,8329,184,85
2021-06-30T23:59:59+02:00,123,110,7848,7635,13657,13022,17325,17957,24026,25589,30770,32077,24116,26984,16712,21351,4979,9418,2821,3027,5562,6562,7734,9821,14892,17619,23229,25149,20200,22668,15182,19413,4712,8813,208604,138680,30403,23142,46254,37255,8254,184,85
2021-06-29T23:59:59+02:00,108,97,7781,7544,13614,12983,17286,17913,23974,25528,30720,32018,24095,26958,16702,21335,4976,9414,2762,2983,5434,6464,7580,9687,14724,17447,22988,24917,19942,22343,15083,19313,4700,8793,207986,137564,30401,23130,46251,36166,8224,184,85
2021-06-28T23:59:59+02:00,103,91,7717,7473,13550,12924,17240,17862,23933,25483,30664,31974,24078,26930,16695,21325,4974,9412,2733,2951,5366,6417,7487,9616,14627,17366,22838,24703,19738,22097,15028,19244,4696,8779,207454,136969,30399,23120,46243,35371,8148,184,85
2021-06-27T23:59:59+02:00,89,86,7668,7410,13520,12888,17211,17829,23914,25448,30637,31946,24066,26922,16688,21320,4974,9410,2710,2937,5315,6392,7416,9571,14531,17303,22743,24616,19611,21956,14997,19193,4692,8770,207101,136462,30399,23109,46237,34997,8105,184,85
2021-06-26T23:59:59+02:00,85,82,7164,6856,13127,12589,17098,17727,23850,25389,30601,31911,24058,26905,16684,21309,4973,9409,2609,2828,5129,6204,7216,9382,13987,16848,22085,23983,19464,21815,14952,19140,4690,8762,204933,132869,30399,23109,46237,34977,8105,143,39
2021-06-25T23:59:59+02:00,84,79,6679,6372,12673,12216,16939,17609,23759,25322,30520,31871,24036,26878,16679,21299,4971,9407,2506,2673,4954,6013,6958,9086,13457,16318,21533,23399,19267,21607,14894,19073,4686,8750,202527,129178,30399,23109,46237,34766,8087,143,39
2021-06-24T23:59:59+02:00,74,67,6455,6157,12449,12066,16833,17526,23687,25269,30462,31823,24002,26836,16674,21289,4969,9400,2297,2434,4583,5636,6459,8595,12737,15603,20383,22398,18804,21126,14790,18942,4674,8735,201256,123237,30397,23097,46230,33816,8012,143,39
2021-06-23T23:59:59+02:00,69,65,5881,5657,12287,11954,16714,17412,23614,25222,30399,31773,23968,26813,16667,21275,4965,9396,2260,2382,4520,5514,6368,8445,12505,15314,20140,22139,18505,20798,14693,18828,4663,8718,200746,122218,29059,22949,46221,32629,7962,143,39
2021-06-22T23:59:59+02:00,66,60,5739,5528,12188,11849,16628,17337,23556,25160,30332,31695,23942,26781,16657,21254,4961,9394,2207,2347,4425,5432,6244,8298,11637,14653,19727,21734,18172,20446,14585,18690,4653,8698,199813,121298,29052,21257,46206,31445,7913,143,39
2021-06-21T23:59:59+02:00,63,57,5603,5415,12114,11756,16567,17253,23502,25086,30282,31637,23917,26753,16644,21239,4961,9390,2174,2311,4367,5335,6157,8172,10856,13949,19277,21325,17945,20218,14525,18596,4644,8682,198994,120505,29048,19472,46201,30668,7853,143,39
2021-06-20T23:59:59+02:00,61,55,5485,5289,11951,11573,16502,17129,23451,25020,30240,31581,23901,26732,16638,21224,4956,9385,2156,2283,4326,5295,6087,8124,10752,13869,19164,21198,17788,20027,14459,18513,4640,8675,197983,119970,29044,19469,46195,30074,7808,143,39
2021-06-19T23:59:59+02:00,57,51,5467,5269,11185,10910,16023,16740,23391,24976,30196,31538,23883,26712,16630,21212,4956,9385,2086,2165,4119,5066,5809,7844,10428,13536,18116,20346,17621,19843,14426,18448,4635,8663,195392,115780,29044,19469,46195,30060,7807,143,39
2021-06-18T23:59:59+02:00,54,50,5433,5243,10541,10328,15411,16178,23301,24907,30128,31475,23856,26682,16619,21197,4955,9383,2017,2077,3976,4924,5531,7575,10047,13173,16969,19140,17419,19606,14378,18384,4632,8653,192559,111384,29038,19468,46195,29808,7806,143,39
2021-06-17T23:59:59+02:00,47,41,5314,5140,9860,9820,14922,15789,23202,24819,30047,31381,23816,26636,16605,21176,4954,9380,1887,1970,3719,4678,5143,7212,9505,12684,15785,17949,16960,19117,14237,18210,4619,8629,190010,106264,29036,19460,46192,28892,7663,48,29
2021-06-16T23:59:59+02:00,45,33,5180,5004,9663,9660,14775,15660,23110,24725,29950,31305,23772,26591,16590,21164,4953,9370,1847,1929,3615,4593,5041,7094,8476,11834,15512,17656,16664,18781,14102,18040,4613,8596,188835,105383,29025,17585,46189,27947,7453,48,29
2021-06-15T23:59:59+02:00,40,27,4992,4817,9482,9505,14640,15518,23018,24634,29873,31219,23729,26518,16564,21131,4945,9355,1785,1871,3537,4498,4947,6982,8360,11692,15334,17429,16346,18472,13961,17871,4590,8538,187516,104626,29022,17581,46170,26730,7251,48,29
2021-06-14T23:59:59+02:00,38,24,4916,4753,9389,9397,14562,15429,22947,24560,29803,31159,23697,26479,16549,21113,4942,9349,1762,1848,3500,4474,4906,6950,8260,11629,15196,17295,16166,18268,13871,17774,4585,8531,186773,104401,29018,17578,46164,25908,7103,48,29
2021-06-13T23:59:59+02:00,37,23,4858,4705,9303,9322,14478,15362,22886,24509,29736,31107,23671,26451,16540,21103,4942,9347,1712,1833,3458,4450,4852,6907,8189,11592,15097,17200,16010,18084,13817,17701,4578,8524,186192,104122,29012,17576,46149,25302,6979,48,29
2021-06-12T23:59:59+02:00,35,22,4839,4690,9275,9299,14243,15188,22757,24380,29693,31063,23651,26434,16531,21095,4941,9345,1587,1711,3220,4239,4448,6604,7642,11162,13322,15512,15658,17713,13737,17599,4576,8510,185296,97424,29012,17576,46149,25238,6977,47,29
2021-06-11T23:59:59+02:00,31,21,4785,4636,9194,9246,13924,14967,22561,24232,29597,30972,23614,26389,16513,21083,4940,9342,1484,1577,3036,4029,4149,6240,7134,10617,11689,13631,15183,17139,13623,17452,4561,8496,183935,90527,29009,17575,46149,25007,6907,47,28
2021-06-10T23:59:59+02:00,25,18,4501,4408,8649,8915,12651,13949,21994,23784,29224,30669,23477,26231,16460,21015,4927,9327,1361,1485,2801,3848,3820,5956,6701,10225,10276,12304,14670,16565,13452,17245,4546,8470,178609,85992,28994,17573,46143,23705,6431,47,28
2021-06-09T23:59:59+02:00,22,14,4266,4244,8056,8624,11752,13289,21675,23569,28994,30517,23414,26168,16441,20991,4924,9323,1273,1431,2647,3777,3678,5877,6495,10133,10014,12125,14347,16218,13282,17065,4539,8452,176507,85661,27720,17471,46137,22324,5873,46,28
2021-06-08T23:59:59+02:00,18,11,4136,4144,7654,8398,11266,12999,21449,23390,28794,30364,23355,26094,16409,20949,4918,9314,1195,1404,2511,3719,3520,5810,5599,9387,9544,11765,14016,15816,13058,16830,4525,8430,174756,85309,27348,15318,46113,21079,5399,46,28
2021-06-07T23:59:59+02:00,14,9,4017,4065,7421,8292,10977,12821,21247,23276,28641,30248,23296,26041,16392,20924,4914,9306,1146,1284,2390,3659,3390,5748,5434,9312,9335,11638,13790,15559,12903,16663,4518,8412,173539,85122,27338,15314,46104,19847,4874,46,28
2021-06-06T23:59:59+02:00,12,9,3899,4006,7183,8170,10728,12660,21061,23187,28555,30158,23266,26007,16380,20906,4911,9302,1126,1267,2326,3623,3294,5696,5328,9237,9219,11537,13633,15405,12831,16569,4515,8405,172390,84933,27321,15310,46094,19195,4549,46,28
2021-06-05T23:59:59+02:00,12,9,3870,3969,7145,8130,10551,12503,20436,22680,28394,30013,23216,25962,16366,20887,4911,9298,1094,1165,2161,3170,3062,5158,5158,8906,8439,10590,12986,14567,12718,16422,4504,8395,170355,79557,27321,15310,46092,19064,4539,45,28
2021-06-04T23:59:59+02:00,12,9,3840,3943,7109,8105,10454,12411,20075,22353,28290,29917,23181,25924,16352,20877,4909,9297,1062,1098,2063,2860,2902,4681,5001,8537,7925,9932,11488,12852,12593,16225,4497,8377,169080,73184,27308,15309,46092,19042,4533,45,28
2021-06-03T23:59:59+02:00,7,6,3706,3841,6889,7968,9898,11989,18849,21423,27891,29607,23048,25782,16299,20815,4905,9283,1009,1053,1974,2748,2765,4526,4797,8237,7562,9483,11111,12456,12487,16112,4494,8364,164327,71399,27298,15306,46088,18000,4448,45,28
2021-06-02T23:59:59+02:00,7,6,3699,3833,6877,7951,9888,11978,18661,21243,27820,29558,23025,25760,16293,20806,4902,9281,1005,1046,1962,2718,2744,4507,4586,8054,7026,8995,11074,12415,12472,16097,4490,8358,164262,71291,26753,13814,46087,17978,4441,45,28
2021-06-01T23:59:59+02:00,7,5,3572,3757,6640,7803,9600,11785,18206,20896,27583,29363,22931,25658,16252,20753,4899,9269,968,998,1878,2648,2664,4435,4307,7821,6430,8464,10861,12202,12374,15994,4485,8346,162574,70852,25973,12522,46073,17162,4314,45,28
2021-05-31T23:59:59+02:00,7,5,3525,3712,6551,7735,9464,11686,18080,20805,27493,29287,22864,25597,16235,20725,4894,9262,939,974,1811,2608,2584,4392,4201,7757,6312,8389,10675,12034,12273,15879,4475,8338,161735,70493,25942,12517,46060,16461,4145,45,28
2021-05-30T23:59:59+02:00,7,4,3494,3688,6487,7681,9374,11596,17992,20725,27416,29217,22819,25552,16213,20698,4889,9252,934,967,1800,2598,2571,4379,4172,7732,6260,8348,10614,11955,12239,15837,4470,8329,161037,70450,25937,12514,46043,16174,4042,45,28
2021-05-29T23:59:59+02:00,7,4,3483,3669,6451,7654,9330,11559,17954,20686,27271,29112,22765,25478,16198,20678,4886,9248,898,948,1743,2552,2498,4294,3982,7477,5988,8053,8424,9301,12048,15496,4455,8300,160380,64223,25937,12512,46029,15654,4042,45,28
2021-05-28T23:59:59+02:00,7,4,3420,3614,6320,7577,9190,11428,17797,20555,27089,28991,22699,25402,16177,20661,4885,9247,885,934,1724,2532,2462,4241,3831,7180,5794,7791,5734,6198,11771,15100,4440,8251,159025,57369,25935,12512,46025,14928,4033,45,28
2021-05-27T23:59:59+02:00,7,4,3273,3484,6036,7397,8588,11096,17321,20218,26676,28644,22532,25237,16119,20598,4878,9229,835,876,1642,2437,2345,4107,3408,6211,5371,7196,5573,6025,11693,15027,4434,8234,155552,56886,25877,12466,46018,12191,3845,45,28
2021-05-26T23:59:59+02:00,7,4,3166,3401,5817,7231,8216,10810,16855,19912,26375,28408,22384,25104,16068,20524,4865,9209,818,868,1590,2412,2292,4077,3335,6137,5274,7126,5441,5898,11628,14961,4429,8222,152848,56814,25861,12464,45996,11598,3606,45,28
2021-05-25T23:59:59+02:00,7,4,3075,3338,5675,7118,8019,10648,15854,19133,26022,28054,22226,24950,16016,20444,4858,9199,798,850,1554,2368,2221,4018,3260,6069,5190,7062,5275,5730,11520,14881,4421,8211,151295,56749,23937,12277,45982,10993,3383,43,28
2021-05-24T23:59:59+02:00,7,4,3012,3320,5587,7074,7901,10586,14940,18444,25607,27742,22132,24847,15985,20408,4851,9187,789,848,1532,2351,2177,3982,3214,6021,5113,6982,5176,5623,11441,14805,4420,8205,150570,56715,21869,12201,45973,10558,3179,43,28
2021-05-23T23:59:59+02:00,7,4,3009,3316,5578,7067,7892,10578,14935,18443,25606,27741,22132,24847,15985,20408,4851,9187,787,845,1525,2344,2165,3969,3195,6006,5092,6949,5132,5571,11424,14781,4419,8203,150542,56707,21869,12201,45971,10312,3161,43,28
2021-05-22T23:59:59+02:00,6,4,2973,3274,5505,7021,7792,10491,14737,18282,25327,27499,22033,24761,15952,20365,4848,9183,765,824,1481,2292,2114,3890,3082,5885,4778,6382,4562,4829,10779,13960,4409,8164,149009,53461,21869,12201,45971,9347,3161,43,28
2021-05-21T23:59:59+02:00,4,4,2901,3199,5379,6925,7666,10345,14480,18052,25034,27264,21920,24653,15919,20317,4843,9174,734,771,1413,2164,2012,3624,2899,5552,4300,5483,4149,4293,10037,13019,4344,8038,147076,49725,21868,12201,45966,7749,3131,38,28
2021-05-20T23:59:59+02:00,4,4,2770,3036,5101,6670,7380,9978,14021,17569,24423,26715,21649,24358,15826,20198,4829,9144,720,761,1386,2139,1973,3591,2846,5499,4217,5407,4022,4191,9961,12956,4335,8027,142931,49634,21859,12190,45947,7280,2900,38,28
2021-05-19T23:59:59+02:00,4,4,2718,2984,5004,6531,7237,9796,12875,16534,24160,26428,21552,24228,15781,20137,4821,9137,701,735,1361,2091,1941,3506,2783,5352,4122,5300,3940,4101,9908,12892,4332,8023,141561,49606,19788,12126,45877,6662,2667,38,28
2021-05-18T23:59:59+02:00,4,4,2695,2961,4957,6499,7188,9766,12521,16259,23980,26276,21459,24139,15751,20084,4813,9125,672,677,1306,1962,1869,3305,2686,5144,3993,5103,3715,3824,9826,12812,4322,8013,141286,49586,18935,11127,45834,6101,2388,38,28
2021-05-17T23:59:59+02:00,4,4,2669,2940,4914,6429,7100,9658,12368,16081,23831,26116,21405,24088,15733,20061,4808,9117,664,663,1290,1926,1848,3256,2638,5036,3914,4989,3579,3673,9759,12749,4319,8004,140316,49564,18927,11117,45818,5372,2227,38,28
2021-05-16T23:59:59+02:00,4,4,2657,2926,4891,6362,7062,9575,12308,16007,23779,26056,21381,24071,15723,20047,4805,9114,659,657,1280,1923,1831,3247,2616,5024,3885,4967,3528,3607,9720,12717,4318,8002,139879,49553,18919,11106,45796,5155,2140,38,28
2021-05-15T23:59:59+02:00,4,4,2532,2788,4703,6157,6871,9389,11790,15590,23191,25506,21275,23953,15689,20004,4802,9106,609,594,1197,1836,1693,3093,2328,4717,3436,4457,3196,3179,9557,12512,4294,7973,136492,46592,18918,11106,45791,4831,2115,38,28
2021-05-14T23:59:59+02:00,4,4,2416,2612,4508,5932,6594,9076,11254,15081,22624,24939,21130,23814,15653,19946,4798,9095,546,516,1095,1716,1533,2878,1997,4315,2837,3869,2812,2741,9473,12365,4290,7969,132676,43669,18911,11104,45769,4066,2086,38,28
2021-05-13T23:59:59+02:00,4,4,2234,2325,4186,5549,6167,8602,10696,14395,21592,24028,20847,23540,15593,19847,4791,9080,542,516,1082,1700,1518,2859,1987,4289,2815,3843,2796,2723,9466,12361,4289,7969,126777,43594,18857,11096,45743,3973,2065,38,28
2021-05-12T23:59:59+02:00,4,4,2233,2322,4179,5548,6158,8596,10595,14274,21539,23989,20842,23529,15588,19839,4790,9080,534,494,1046,1645,1469,2780,1904,4203,2756,3784,2715,2628,9415,12288,4289,7969,126735,43591,18531,10269,45743,3970,2062,38,28
2021-05-11T23:59:59+02:00,4,4,2112,2283,4095,5483,6033,8482,10290,14023,21347,23827,20766,23457,15573,19806,4786,9075,509,470,985,1585,1400,2689,1804,4065,2683,3710,2561,2401,9351,12187,4288,7969,125793,43573,18194,9436,45460,3660,1961,38,28
2021-05-10T23:59:59+02:00,4,4,2071,2206,3988,5361,5898,8304,9499,13260,20968,23504,20676,23368,15534,19752,4776,9062,496,441,948,1521,1335,2600,1714,3903,2599,3615,2532,2377,9342,12169,4284,7964,124660,43546,16345,9255,45357,3177,1835,38,28
2021-05-09T23:59:59+02:00,4,4,2039,2191,3954,5321,5846,8256,9433,13191,20898,23431,20643,23327,15519,19725,4773,9048,489,432,927,1478,1309,2552,1680,3841,2561,3572,2523,2365,9332,12152,4284,7956,124218,43487,16341,9252,45261,2942,1745,38,28
2021-05-08T23:59:59+02:00,4,4,1976,2090,3770,5146,5572,8050,9122,12906,19764,22502,20447,23132,15486,19656,4768,9036,416,402,862,1438,1233,2479,1592,3739,2342,3360,1978,1937,9238,12067,4283,7956,120083,42024,16340,9251,45258,2300,1744,6,4
2021-05-07T23:59:59+02:00,4,4,1889,1978,3586,4975,5252,7754,8713,12535,18516,21230,20264,22920,15441,19598,4759,9017,324,343,753,1364,1102,2350,1458,3596,2169,3168,1610,1602,8750,11621,4282,7954,115142,40300,16338,9248,45239,1185,1710,6,4
2021-05-06T23:59:59+02:00,4,4,1705,1869,3300,4723,4802,7350,8071,11971,17276,19987,19930,22542,15334,19435,4749,9006,307,334,732,1335,1062,2304,1409,3512,2102,3100,1574,1547,8733,11590,4276,7951,109288,40280,16331,9242,45005,915,1428,6,4
2021-05-05T23:59:59+02:00,4,3,1635,1839,3220,4636,4725,7246,7940,11820,17120,19841,19810,22423,15258,19339,4727,8910,296,322,690,1283,1001,2229,1327,3362,1993,2983,1481,1448,8316,11022,4270,7933,108530,40244,16188,8114,44835,658,937,6,4
2021-05-04T23:59:59+02:00,4,3,1609,1810,3178,4562,4666,7136,7688,11526,16562,19262,19724,22293,15184,19242,4699,8800,280,309,667,1254,980,2175,1268,3243,1880,2826,1409,1342,8247,10919,4266,7915,107845,40219,14842,7838,44732,397,523,6,4
2021-05-03T23:59:59+02:00,4,3,1601,1806,3170,4548,4628,7114,7435,11295,15869,18667,19660,22208,15158,19208,4693,8790,265,288,645,1172,931,2087,1205,3104,1782,2689,1343,1262,8222,10884,4262,7906,107764,40209,13245,7631,44692,54,150,6,4
2021-05-02T23:59:59+02:00,4,3,1600,1804,3165,4546,4623,7111,7422,11285,15850,18655,19644,22200,15158,19206,4692,8790,265,285,642,1171,926,2084,1195,3098,1774,2682,1329,1255,8221,10879,4261,7906,107738,40186,13242,7629,44668,51,104,6,4
2021-05-01T23:59:59+02:00,4,3,1467,1662,2885,4296,4156,6751,6805,10802,13915,16775,19263,21804,15067,19090,4689,8774,263,285,639,1169,925,2081,1193,3096,1772,2678,1324,1251,8219,10877,4261,7906,100196,40155,13242,7629,44664,51,101,5,4
2021-04-30T23:59:59+02:00,3,3,1344,1512,2670,4073,3826,6355,6238,10207,12124,14737,18805,21265,14963,18948,4675,8764,258,284,632,1162,910,2073,1181,3086,1761,2665,1313,1242,8215,10872,4260,7905,92572,40109,13242,7629,44664,48,30,4,4
2021-04-29T23:59:59+02:00,2,3,1228,1447,2504,3947,3586,6151,5881,9904,10784,13460,18546,20988,14920,18878,4671,8758,257,280,627,1155,898,2067,1161,3081,1731,2629,1287,1218,8209,10863,4260,7905,87884,40077,13233,7496,44524,39,13,4,4
2021-04-28T23:59:59+02:00,2,3,1169,1441,2454,3928,3536,6127,5819,9871,10687,13392,18516,20954,14913,18862,4671,8755,257,279,625,1154,895,2065,1157,3077,1723,2628,1281,1200,7767,10343,4260,7905,87615,40056,13183,6511,44286,35,12,4,3
2021-04-27T23:59:59+02:00,2,3,1121,1414,2353,3884,3472,6100,5700,9816,10570,13316,18483,20916,14900,18847,4670,8753,256,279,623,1147,894,2063,1153,3074,1719,2624,1269,1183,7350,9762,4260,7905,87109,40037,13130,5481,44066,30,11,4,3
2021-04-26T23:59:59+02:00,2,3,1079,1385,2263,3792,3345,6000,5533,9696,10267,13057,18421,20862,14892,18829,4668,8753,255,278,622,1145,888,2060,1146,3071,1701,2614,1254,1170,7341,9742,4260,7905,85773,39950,13120,5460,43939,29,11,4,3
2021-04-25T23:59:59+02:00,2,3,1076,1383,2255,3790,3338,5996,5513,9689,10232,13027,18411,20850,14891,18823,4668,8752,254,278,622,1145,888,2060,1144,3071,1701,2614,1254,1170,7341,9740,4260,7905,85751,39948,13111,5458,43823,29,10,4,3
2021-04-24T23:59:59+02:00,2,2,1033,1266,2068,3252,3068,5382,5320,9277,9400,11982,17706,19955,14777,18664,4660,8741,252,277,621,1143,888,2059,1144,3070,1695,2609,1251,1165,7339,9739,4260,7904,79633,39922,13111,5454,43798,29,9,4,3
2021-04-23T23:59:59+02:00,1,2,1001,1182,1955,2905,2886,4831,5125,8848,8847,11261,16077,18099,14631,18458,4652,8718,252,277,620,1143,886,2057,1143,3070,1694,2608,1246,1160,7335,9737,4260,7903,72618,39908,13110,5443,43738,29,9,4,3
2021-04-22T23:59:59+02:00,1,2,996,1171,1935,2889,2866,4812,5068,8802,8736,11158,16007,18022,14605,18428,4650,8713,250,277,616,1142,883,2056,1135,3058,1679,2588,1222,1138,7330,9729,4260,7903,72572,39894,13054,5333,43222,28,9,4,3
2021-04-21T23:59:59+02:00,1,2,987,1163,1923,2876,2839,4786,5022,8747,8629,11035,15921,17938,14576,18394,4650,8708,245,274,606,1133,869,2026,1125,3033,1668,2563,1209,1125,7106,9411,4259,7903,72532,39887,12998,4630,42654,27,9,4,3
2021-04-20T23:59:59+02:00,1,2,960,1114,1871,2761,2766,4625,4929,8568,8455,10828,15690,17656,14518,18335,4643,8702,232,271,588,1112,843,1996,1097,3007,1633,2522,1190,1112,7098,9406,4258,7902,72496,39866,11869,4365,42046,25,9,4,3
2021-04-19T23:59:59+02:00,1,2,951,1105,1839,2741,2716,4600,4805,8507,8255,10717,15598,17558,14496,18316,4643,8696,226,263,570,1089,825,1964,1079,2964,1588,2467,1172,1093,7091,9403,4256,7901,72096,39832,11848,4085,41589,23,9,4,3
2021-04-18T23:59:59+02:00,1,2,948,1104,1834,2735,2708,4588,4787,8495,8215,10675,15549,17500,14486,18299,4642,8694,226,263,570,1088,824,1964,1079,2964,1588,2466,1172,1092,7089,9402,4255,7901,72050,39826,11845,4083,41354,23,9,4,3
2021-04-17T23:59:59+02:00,0,2,915,1090,1785,2697,2640,4509,4633,8355,7953,10447,13183,14600,14289,17947,4625,8658,224,263,570,1085,820,1958,1067,2957,1578,2446,1135,1051,6757,8986,4230,7853,65237,38874,11845,4072,41233,23,9,4,3
2021-04-16T23:59:59+02:00,0,2,909,1084,1773,2686,2598,4471,4541,8271,7773,10256,10356,11348,14015,17530,4606,8602,222,258,569,1082,815,1954,1057,2954,1570,2434,1124,1038,6751,8981,4227,7850,57971,38797,11843,4056,40994,23,9,4,2
2021-04-15T23:59:59+02:00,0,2,896,1079,1751,2672,2556,4438,4428,8210,7542,10055,10107,11129,13953,17464,4600,8588,220,258,569,1080,814,1952,1054,2951,1567,2431,1119,1034,6749,8979,4227,7850,57947,38783,11841,4039,39669,22,9,4,2
2021-04-14T23:59:59+02:00,0,2,877,1051,1693,2589,2467,4315,4238,8028,7268,9772,9734,10648,13804,17286,4594,8579,195,235,528,1029,791,1885,1019,2871,1517,2370,1093,1004,6745,8970,4227,7849,57915,38767,10893,3532,38124,20,9,4,1
2021-04-13T23:59:59+02:00,0,2,852,1029,1655,2537,2399,4232,4137,7891,7058,9557,9329,10130,13660,17119,4589,8567,159,211,493,980,751,1792,985,2761,1465,2300,1074,969,6729,8959,4226,7849,57871,38703,9947,2977,36912,14,9,4,1
2021-04-12T23:59:59+02:00,0,2,848,1027,1636,2534,2369,4219,4084,7840,6918,9386,9064,9815,13596,17060,4578,8551,148,197,465,940,728,1727,964,2689,1421,2250,1052,953,6713,8939,4223,7844,57813,38587,9916,2643,35785,14,9,4,1
2021-04-11T23:59:59+02:00,0,2,847,1026,1625,2534,2356,4217,4061,7828,6853,9325,8930,9650,13569,17012,4573,8542,148,197,465,938,728,1726,962,2689,1420,2250,1052,953,6711,8939,4223,7844,57801,38581,9914,2642,35222,13,9,4,1
2021-04-10T23:59:59+02:00,0,2,831,1021,1597,2505,2319,4188,3990,7770,6721,9208,8374,8915,12905,16160,4562,8500,145,197,463,935,722,1723,962,2682,1411,2243,1039,937,6242,8442,4208,7828,54468,37517,9913,2640,35174,13,9,4,1
2021-04-09T23:59:59+02:00,0,2,809,992,1557,2457,2252,4108,3837,7611,6374,8877,7852,8257,12091,15135,4492,8363,143,196,461,930,716,1716,954,2672,1396,2233,1017,916,6000,8173,4191,7801,50496,36857,9908,2636,34649,13,9,4,1
2021-04-08T23:59:59+02:00,0,2,800,982,1530,2433,2186,4059,3702,7524,6120,8578,7239,7602,11932,14935,4481,8346,143,193,456,928,711,1709,946,2662,1389,2220,1005,914,5997,8171,4190,7801,50463,36837,9884,2576,32091,13,9,4,1
2021-04-07T23:59:59+02:00,0,2,794,973,1504,2415,2128,4021,3616,7454,5889,8312,6686,6970,11325,14186,4469,8319,124,186,426,881,665,1640,890,2592,1339,2151,984,898,5989,8165,4189,7801,50436,36813,8727,2086,29888,13,8,4,1
2021-04-06T23:59:59+02:00,0,2,789,971,1490,2407,2099,3999,3543,7405,5708,8141,6239,6462,11124,13970,4454,8291,100,165,377,819,620,1565,847,2492,1287,2087,960,882,5972,8152,4187,7797,50365,36787,8544,1502,28174,13,7,4,1
2021-04-05T23:59:59+02:00,0,2,784,967,1474,2399,2075,3990,3492,7379,5565,8031,6038,6247,11057,13884,4448,8281,94,163,376,817,613,1556,839,2477,1274,2068,932,852,4881,6752,4108,7691,50167,33981,8540,1492,27395,13,7,4,1
2021-04-04T23:59:59+02:00,0,2,782,961,1472,2397,2071,3988,3475,7372,5555,8024,6027,6227,11043,13866,4446,8278,94,163,374,815,610,1551,832,2470,1259,2048,909,830,3879,5591,4042,7585,50152,31540,8538,1492,27285,13,7,4,1
2021-04-03T23:59:59+02:00,0,2,730,906,1390,2328,1948,3849,3214,7112,5095,7532,5684,5772,10872,13649,4420,8249,92,163,374,814,610,1549,831,2470,1259,2048,909,830,3879,5588,4042,7584,46920,31530,8538,1492,27283,13,7,4,1
2021-04-02T23:59:59+02:00,0,2,687,871,1335,2260,1850,3735,2958,6852,4581,7053,5294,5313,10775,13486,4415,8243,91,163,374,814,610,1549,829,2470,1257,2044,907,826,3876,5585,4041,7584,43998,31510,8537,1491,27165,13,6,4,1
2021-04-01T23:59:59+02:00,0,2,684,869,1324,2255,1830,3727,2929,6838,4507,6980,5185,5205,10736,13437,4414,8239,91,163,372,810,608,1546,829,2467,1253,2040,897,825,3872,5583,4040,7583,43982,31501,8393,1459,26776,13,6,4,1
2021-03-31T23:59:59+02:00,0,2,682,867,1317,2239,1822,3717,2901,6810,4444,6934,5046,5045,10227,12831,4410,8231,91,163,371,810,608,1546,829,2467,1251,2040,896,825,3872,5582,4040,7582,43970,31495,7266,1459,26280,13,6,3,1
2021-03-30T23:59:59+02:00,0,2,673,864,1299,2219,1792,3688,2866,6775,4359,6845,4879,4852,9702,12131,4403,8216,86,160,370,806,603,1543,824,2461,1243,2038,885,815,3864,5579,4039,7581,43945,31474,6081,1406,25530,11,6,3,1
2021-03-29T23:59:59+02:00,0,2,668,856,1286,2184,1775,3657,2835,6733,4289,6760,4680,4655,9617,12037,4400,8202,86,160,370,804,599,1539,822,2455,1239,2031,877,809,3856,5572,4039,7581,43878,31461,5864,1362,24885,10,6,3,1
2021-03-28T23:59:59+02:00,0,2,665,854,1283,2181,1760,3647,2820,6721,4255,6707,4584,4545,9580,11973,4395,8195,86,160,370,803,599,1539,820,2455,1237,2031,876,809,3855,5572,4039,7581,43856,31459,5855,1357,24447,10,6,3,1
2021-03-27T23:59:59+01:00,0,2,661,849,1274,2176,1744,3631,2792,6691,4092,6564,4008,4092,9351,11726,4382,8176,86,160,368,801,597,1537,818,2452,1229,2025,872,805,3678,5283,3938,7412,41914,30688,5851,1357,24437,10,6,3,1
2021-03-26T23:59:59+01:00,0,2,655,841,1266,2166,1724,3614,2766,6669,4017,6486,3603,3728,8754,11169,4369,8162,86,160,367,800,596,1534,814,2449,1220,2021,860,792,2961,4344,3729,7069,39985,28429,5838,1357,24160,10,6,2,1
2021-03-25T23:59:59+01:00,0,2,648,836,1253,2152,1705,3590,2707,6630,3934,6408,3428,3510,8644,11058,4364,8156,86,160,367,800,596,1534,814,2448,1219,2021,860,792,2960,4343,3728,7068,39972,28423,5731,1357,23314,10,6,2,1
2021-03-24T23:59:59+01:00,0,2,642,829,1220,2126,1660,3545,2629,6562,3778,6259,3110,3148,8237,10509,4355,8144,82,158,355,787,579,1516,781,2414,1169,1989,827,755,2951,4337,3728,7065,39950,28122,4974,1356,21823,9,6,2,1
2021-03-23T23:59:59+01:00,0,2,629,821,1195,2094,1618,3498,2549,6481,3629,6105,2731,2764,8021,10290,4348,8127,77,154,343,765,544,1485,720,2351,1067,1908,744,695,2915,4303,3724,7061,39908,27492,4684,1349,20302,9,6,2,1
2021-03-22T23:59:59+01:00,0,2,605,708,1159,2039,1585,3443,2496,6411,3489,5974,2489,2526,7691,9935,4332,8091,77,153,343,765,544,1483,719,2350,1064,1908,743,692,2911,4298,3723,7058,39440,27467,4360,1349,19167,9,6,2,1
2021-03-21T23:59:59+01:00,0,2,604,705,1153,2031,1574,3433,2479,6396,3452,5940,2348,2362,7598,9823,4324,8077,77,153,343,764,544,1483,719,2350,1064,1908,743,692,2911,4297,3723,7058,39436,27465,4346,1349,18511,9,6,2,1
2021-03-20T23:59:59+01:00,0,2,603,705,1151,2025,1567,3426,2473,6389,3435,5918,2316,2324,7108,9305,4308,8061,77,153,343,764,543,1483,717,2349,1064,1907,743,692,2911,4295,3721,7056,38397,27454,4334,1349,18377,9,6,2,1
2021-03-19T23:59:59+01:00,0,2,596,698,1137,2009,1532,3403,2403,6250,3372,5811,2133,2145,6801,8988,4289,8036,77,153,342,758,539,1480,712,2340,1053,1894,734,685,2488,3693,3307,6311,37794,25209,4318,1349,17485,2,6,2,1
2021-03-18T23:59:59+01:00,0,2,581,682,1117,1979,1505,3373,2363,6182,3299,5722,1981,1949,6683,8870,4283,8025,76,153,342,756,538,1480,711,2336,1050,1893,727,682,2438,3621,3280,6269,37774,25017,4307,1327,16507,2,6,2,1
2021-03-17T23:59:59+01:00,0,1,552,656,1072,1923,1468,3289,2285,6065,3147,5567,1725,1683,6517,8717,4273,8010,75,149,330,729,522,1436,689,2278,1012,1852,710,663,2200,3329,3200,6145,37702,24056,3784,1255,15457,2,6,1,1
2021-03-16T23:59:59+01:00,0,1,508,627,1032,1867,1417,3185,2220,5911,3031,5433,1529,1461,6383,8570,4263,7989,69,136,309,673,492,1359,660,2143,983,1724,661,613,2089,3195,3177,6061,37647,23313,3165,1024,14609,2,5,1,1
2021-03-15T23:59:59+01:00,0,1,496,616,1001,1821,1383,3117,2189,5826,2944,5349,1405,1327,5804,7884,4224,7926,66,129,294,615,477,1239,622,2013,943,1611,633,593,2052,3156,3164,6002,36414,22917,2811,690,14087,2,0,1,1
2021-03-14T23:59:59+01:00,0,1,491,610,991,1809,1380,3100,2173,5808,2910,5322,1363,1277,5412,7437,4201,7908,65,124,290,592,471,1212,616,1957,933,1586,633,593,2052,3156,3163,6000,35599,22911,2806,530,13787,2,0,1,1
2021-03-13T23:59:59+01:00,0,1,470,592,954,1762,1327,3036,1917,5220,2670,4910,1258,1164,4763,6590,4152,7833,65,124,289,589,469,1210,614,1955,932,1582,631,588,1691,2676,2640,5246,33931,20769,2802,530,11885,2,0,1,1
2021-03-12T23:59:59+01:00,0,1,454,571,934,1721,1297,2955,1713,4432,2463,4461,1188,1081,4067,5790,4105,7751,65,122,288,585,469,1207,612,1947,927,1576,628,581,1371,2140,2107,4455,32259,18549,2799,530,9925,1,0,1,1
2021-03-11T23:59:59+01:00,0,1,450,564,926,1710,1282,2938,1688,4398,2427,4425,1114,1026,4025,5754,4102,7747,65,114,282,563,455,1155,603,1898,908,1540,616,568,1365,2123,2098,4406,32227,18300,2705,458,9644,1,0,1,1
2021-03-10T23:59:59+01:00,0,1,429,553,881,1652,1228,2861,1615,4301,2361,4332,1081,1003,4009,5739,4101,7745,65,114,280,559,452,1148,598,1875,908,1535,610,560,1304,2037,2055,4350,32212,18016,2140,433,9539,1,0,1,1
2021-03-09T23:59:59+01:00,0,1,407,537,833,1602,1187,2798,1574,4218,2318,4279,1060,992,4003,5732,4100,7744,63,113,279,558,451,1137,596,1863,902,1530,608,554,1100,1728,1940,4178,32166,17193,1691,406,9527,1,0,1,1
2021-03-08T23:59:59+01:00,0,1,400,526,823,1588,1178,2782,1566,4193,2307,4266,1047,982,3967,5685,4098,7739,62,113,275,553,447,1131,595,1859,898,1528,608,554,1031,1637,1895,4135,32040,16938,1595,382,9512,1,0,1,1
2021-03-07T23:59:59+01:00,0,1,399,523,823,1587,1176,2780,1562,4187,2297,4261,1041,974,3961,5679,4097,7738,59,110,266,531,435,1105,580,1759,863,1453,607,554,927,1508,1845,4067,32024,16580,1556,89,9505,0,0,1,1
2021-03-06T23:59:59+01:00,0,1,391,507,804,1554,1153,2722,1521,4120,2104,3765,1012,937,3788,5408,4000,7577,59,110,266,531,435,1104,580,1759,863,1453,607,554,924,1507,1842,4066,31318,16571,1556,89,8489,0,0,1,1
2021-03-05T23:59:59+01:00,0,1,376,467,771,1450,1103,2505,1446,3907,1891,3095,983,892,3043,4449,3796,7238,59,109,265,528,432,1098,579,1754,859,1450,604,552,885,1449,1819,4028,29023,16381,1555,89,6834,0,0,1,1
2021-03-04T23:59:59+01:00,0,1,361,459,764,1430,1090,2482,1427,3878,1868,3076,970,888,3039,4445,3793,7236,59,108,262,525,428,1082,569,1732,858,1442,602,550,848,1395,1796,3993,29010,16223,1517,26,6679,0,0,1,1
2021-03-03T23:59:59+01:00,0,1,350,427,745,1379,1059,2399,1377,3724,1790,2979,937,844,3029,4439,3793,7233,58,107,259,523,427,1078,567,1723,855,1438,602,549,828,1342,1711,3848,28697,15891,1517,24,6290,0,0,1,1
2021-03-02T23:59:59+01:00,0,1,344,418,729,1355,1011,2354,1308,3640,1674,2883,849,778,2987,4402,3787,7228,58,107,258,519,426,1070,567,1717,855,1434,601,549,828,1342,1711,3848,28060,15866,1454,24,6233,0,0,1,1
2021-03-01T23:59:59+01:00,0,1,340,404,722,1308,999,2296,1288,3558,1648,2834,831,769,2979,4393,3787,7228,58,106,257,515,421,1056,563,1704,846,1426,600,547,732,1190,1658,3768,28021,15423,1406,24,5957,0,0,1,1
2021-02-28T23:59:59+01:00,0,1,335,391,714,1269,986,2220,1276,3471,1626,2755,827,759,2977,4389,3786,7226,58,106,257,515,421,1055,563,1704,844,1426,600,546,636,1066,1612,3688,28010,15074,1403,23,5594,0,0,1,1
2021-02-27T23:59:59+01:00,0,1,326,371,700,1244,966,2183,1241,3403,1603,2702,810,744,2974,4389,3785,7226,58,106,257,515,421,1055,562,1704,843,1426,600,546,636,1065,1612,3688,28008,15071,1403,23,5256,0,0,1,1
2021-02-26T23:59:59+01:00,0,1,301,318,652,1179,902,2065,1151,3237,1499,2563,781,721,2545,3784,3368,6460,58,106,254,513,421,1053,560,1702,840,1420,596,544,629,1053,1603,3669,25745,14998,1403,23,4378,0,0,1,1
2021-02-25T23:59:59+01:00,0,1,296,305,639,1147,881,2023,1132,3171,1481,2518,778,718,2499,3711,3338,6417,56,104,250,505,421,1049,555,1692,837,1409,590,539,552,943,1559,3613,25526,14653,1403,21,4125,0,0,1,1
2021-02-24T23:59:59+01:00,0,1,277,295,588,1101,834,1956,1074,3076,1437,2460,761,699,2261,3410,3257,6287,55,100,246,498,415,1031,546,1670,834,1390,583,528,539,923,1548,3591,24547,14482,1403,15,3823,0,0,1,1
2021-02-23T23:59:59+01:00,0,1,264,275,560,1044,797,1879,1006,2927,1365,2358,710,649,2150,3275,3234,6197,55,98,244,492,415,1015,536,1638,827,1368,575,522,524,876,1537,3547,23759,14254,1398,15,3533,0,0,1,1
2021-02-22T23:59:59+01:00,0,1,260,269,548,982,777,1803,981,2833,1329,2298,687,629,2123,3240,3226,6140,55,97,238,486,413,1002,527,1622,823,1343,561,510,507,851,1531,3497,23370,14048,1398,15,3357,0,0,1,1
2021-02-21T23:59:59+01:00,0,1,257,261,539,957,764,1766,973,2785,1299,2272,687,627,2121,3240,3225,6139,55,97,237,486,413,1002,527,1622,823,1342,561,509,507,851,1531,3496,23364,14044,1398,15,3150,0,0,1,1
2021-02-20T23:59:59+01:00,0,1,173,230,468,908,696,1689,903,2696,1214,2173,672,612,1753,2726,2676,5345,55,97,237,486,413,1002,527,1621,823,1342,561,509,507,851,1531,3496,21114,14043,1398,15,2422,0,0,1,1
2021-02-19T23:59:59+01:00,0,1,82,167,357,827,570,1556,770,2547,1078,2021,656,591,1451,2214,2142,4557,55,97,237,486,413,1001,527,1621,823,1341,561,509,500,847,1530,3490,18935,14024,1398,14,1253,0,0,1,1
2021-02-18T23:59:59+01:00,0,1,79,162,345,777,549,1467,737,2407,1045,1954,641,581,1442,2196,2133,4508,52,90,232,464,399,936,512,1541,804,1267,547,495,494,829,1529,3473,18698,13650,1373,14,952,0,0,1,1
2021-02-17T23:59:59+01:00,0,1,78,154,331,754,540,1434,708,2314,1009,1855,635,571,1384,2109,2087,4459,52,87,230,455,391,898,501,1476,785,1185,534,483,492,827,1529,3473,18440,13384,1300,14,682,0,0,1,1
2021-02-16T23:59:59+01:00,0,1,73,148,316,715,512,1361,676,2206,984,1750,625,564,1141,1765,1969,4282,51,78,229,450,385,868,488,1411,759,1118,513,470,490,827,1526,3472,17535,13133,1062,2,490,0,0,1,1
2021-02-15T23:59:59+01:00,0,1,68,132,290,612,477,1220,621,1993,934,1591,616,562,1058,1659,1918,4220,51,78,227,445,381,862,487,1407,756,1111,513,470,489,824,1525,3469,17210,13095,724,0,37,0,0,1,1
2021-02-14T23:59:59+01:00,0,1,67,125,285,587,472,1191,610,1939,920,1569,616,562,961,1536,1873,4164,51,78,227,445,381,862,487,1405,756,1111,513,470,489,824,1525,3469,16886,13093,569,0,22,0,0,1,1
2021-02-13T23:59:59+01:00,0,1,67,124,285,586,471,1187,609,1937,918,1566,615,561,960,1528,1869,4161,51,78,227,444,379,858,486,1400,754,1110,511,468,472,786,1270,3011,16853,12305,569,0,22,0,0,1,1
2021-02-12T23:59:59+01:00,0,1,66,124,284,585,467,1183,609,1934,915,1565,612,560,921,1477,1849,4121,51,78,227,440,376,849,481,1391,748,1104,504,460,454,747,924,2319,16684,11153,569,0,19,0,0,1,1
2021-02-11T23:59:59+01:00,0,1,66,117,281,574,454,1156,603,1908,908,1553,611,559,879,1419,1827,4084,51,75,212,410,362,802,465,1318,733,1072,501,459,454,747,923,2318,16508,10903,486,0,5,0,0,1,0
2021-02-10T23:59:59+01:00,0,1,65,117,277,571,452,1151,599,1892,903,1549,611,559,870,1403,1806,4040,50,65,178,333,308,699,415,1146,654,978,466,447,449,746,923,2317,16406,10175,458,0,1,0,0,1,0
2021-02-09T23:59:59+01:00,0,1,63,115,271,568,449,1138,598,1878,897,1543,610,558,858,1368,1741,3937,42,53,125,255,232,548,334,944,552,824,431,436,445,745,921,2317,16162,9205,430,0,0,0,0,1,0
2021-02-08T23:59:59+01:00,0,1,62,115,268,559,446,1131,597,1863,891,1535,609,556,757,1218,1687,3855,38,43,86,165,169,410,268,706,492,689,423,429,441,742,920,2317,15744,8339,405,0,0,0,0,1,0
2021-02-07T23:59:59+01:00,0,1,59,112,259,536,431,1100,581,1760,856,1456,608,555,655,1091,1640,3772,37,42,82,163,166,403,263,693,487,678,421,428,441,742,920,2316,15375,8283,96,0,0,0,0,1,0
2021-02-06T23:59:59+01:00,0,1,59,112,258,536,431,1100,579,1759,854,1453,605,553,653,1082,1634,3765,34,41,81,160,163,393,259,685,476,670,413,427,405,694,687,1935,15337,7524,96,0,0,0,0,1,0
2021-02-05T23:59:59+01:00,0,1,59,112,256,533,431,1098,578,1758,852,1451,603,553,643,1075,1628,3754,32,39,77,154,158,385,251,666,459,660,407,427,399,669,299,1313,15288,6396,96,0,0,0,0,1,0
2021-02-04T23:59:59+01:00,0,1,57,110,251,526,425,1082,562,1731,848,1437,596,544,560,958,1580,3696,31,36,73,149,152,374,237,645,442,646,402,421,394,662,297,1308,14935,6270,28,0,0,0,0,1,0
2021-02-03T23:59:59+01:00,0,1,56,105,247,519,424,1062,559,1716,846,1422,592,534,550,948,1577,3683,24,28,59,117,119,275,173,505,333,497,300,321,319,521,226,1047,14814,4865,26,0,0,0,0,1,0
2021-02-02T23:59:59+01:00,0,1,56,103,244,513,424,1044,547,1683,838,1398,579,525,539,903,1568,3639,17,21,40,76,83,181,121,341,218,358,211,215,203,327,162,693,14577,3268,26,0,0,0,0,1,0
2021-02-01T23:59:59+01:00,0,1,56,101,240,505,422,1028,539,1662,834,1375,571,519,522,874,1560,3595,7,11,20,40,45,93,64,168,94,161,99,98,85,152,70,307,14377,1514,26,0,0,0,0,1,0
2021-01-31T23:59:59+01:00,0,1,56,101,239,504,420,1024,537,1657,831,1372,571,518,522,874,1560,3594,7,11,18,36,40,79,60,142,81,146,95,98,84,151,68,306,14355,1422,25,0,0,0,0,1,0
2021-01-30T23:59:59+01:00,0,1,56,101,239,504,420,1024,537,1657,831,1372,571,518,522,874,1560,3594,7,11,18,36,40,79,60,142,81,146,95,97,84,151,68,306,14355,1421,25,0,0,0,0,1,0
2021-01-29T23:59:59+01:00,0,1,56,101,239,504,420,1024,537,1657,831,1372,571,518,522,874,1560,3594,7,11,18,36,40,79,60,142,81,146,95,97,84,151,68,306,14355,1421,25,0,0,0,0,1,0
2021-01-28T23:59:59+01:00,0,1,54,93,235,476,408,958,519,1571,809,1290,558,503,516,857,1558,3580,3,2,4,6,11,13,19,34,21,31,16,20,19,33,17,91,13966,340,19,0,0,0,0,1,0
2021-01-27T23:59:59+01:00,0,1,52,89,235,466,400,919,509,1505,789,1207,546,490,514,855,1558,3580,3,2,4,6,9,13,19,33,21,30,16,20,19,33,17,91,13697,336,17,0,0,0,0,1,0
2021-01-26T23:59:59+01:00,0,1,51,83,231,463,393,890,498,1437,764,1140,524,477,512,855,1558,3580,1,2,4,6,9,12,17,29,17,25,14,18,17,31,17,84,13440,303,16,0,0,0,0,1,0
2021-01-25T23:59:59+01:00,0,1,51,83,228,458,390,884,498,1434,762,1135,524,477,512,854,1558,3578,0,0,0,0,0,0,0,0,0,0,1,1,0,2,0,0,13411,4,15,0,0,0,0,1,0
2021-01-24T23:59:59+01:00,0,1,51,83,228,458,390,884,498,1433,762,1135,524,477,512,854,1558,3578,0,0,0,0,0,0,0,0,0,0,1,1,0,2,0,0,13410,4,15,0,0,0,0,1,0
2021-01-23T23:59:59+01:00,0,1,51,83,228,457,389,880,498,1427,761,1133,521,475,495,816,1305,3110,0,0,0,0,0,0,0,0,0,0,1,1,0,2,0,0,12614,4,15,0,0,0,0,1,0
2021-01-22T23:59:59+01:00,0,1,51,83,227,453,385,871,493,1417,756,1125,515,467,478,775,947,2395,0,0,0,0,0,0,0,0,0,0,1,1,0,2,0,0,11424,4,15,0,0,0,0,0,0
2021-01-21T23:59:59+01:00,0,1,51,80,209,420,358,815,466,1318,730,1091,511,467,478,775,946,2394,0,0,0,0,0,0,0,0,0,0,1,1,0,2,0,0,11095,4,15,0,0,0,0,0,0
2021-01-20T23:59:59+01:00,0,1,49,70,181,349,317,730,424,1164,660,1000,475,456,473,775,946,2393,0,0,0,0,0,0,0,0,0,0,1,1,0,2,0,0,10448,4,15,0,0,0,0,0,0
2021-01-19T23:59:59+01:00,0,1,43,57,135,272,244,571,347,982,570,860,440,444,469,773,946,2393,0,0,0,0,0,0,0,0,0,0,1,0,0,2,0,0,9540,3,7,0,0,0,0,0,0
2021-01-18T23:59:59+01:00,0,1,39,44,86,173,175,421,278,719,499,703,431,437,466,768,944,2393,0,0,0,0,0,0,0,0,0,0,0,0,0,1,0,0,8577,1,0,0,0,0,0,0,0
2021-01-17T23:59:59+01:00,0,1,37,43,83,169,171,413,274,708,494,690,429,437,466,768,944,2392,0,0,0,0,0,0,0,0,0,0,0,0,0,0,0,0,8519,0,0,0,0,0,0,0,0
2021-01-16T23:59:59+01:00,0,1,34,42,81,167,167,404,267,701,479,682,421,436,427,721,704,2007,0,0,0,0,0,0,0,0,0,0,0,0,0,0,0,0,7741,0,0,0,0,0,0,0,0
2021-01-15T23:59:59+01:00,0,1,32,40,78,160,164,398,260,684,465,674,415,435,422,697,310,1376,0,0,0,0,0,0,0,0,0,0,0,0,0,0,0,0,6611,0,0,0,0,0,0,0,0
2021-01-14T23:59:59+01:00,0,1,32,38,77,156,159,393,252,675,454,666,412,433,422,696,310,1376,0,0,0,0,0,0,0,0,0,0,0,0,0,0,0,0,6552,0,0,0,0,0,0,0,0
2021-01-13T23:59:59+01:00,0,0,24,31,61,123,124,298,192,541,346,523,315,332,348,551,239,1107,0,0,0,0,0,0,0,0,0,0,0,0,0,0,0,0,5155,0,0,0,0,0,0,0,0
2021-01-12T23:59:59+01:00,0,0,17,24,45,85,89,210,139,391,236,387,225,226,227,355,173,750,0,0,0,0,0,0,0,0,0,0,0,0,0,0,0,0,3579,0,0,0,0,0,0,0,0
2021-01-11T23:59:59+01:00,0,0,9,15,26,44,59,134,88,220,124,205,112,107,99,172,80,333,0,0,0,0,0,0,0,0,0,0,0,0,0,0,0,0,1827,0,0,0,0,0,0,0,0
2021-01-10T23:59:59+01:00,0,0,8,15,22,41,52,106,80,179,105,172,106,104,95,170,77,333,0,0,0,0,0,0,0,0,0,0,0,0,0,0,0,0,1665,0,0,0,0,0,0,0,0
2021-01-09T23:59:59+01:00,0,0,8,15,22,41,52,106,80,179,105,172,106,103,95,170,77,333,0,0,0,0,0,0,0,0,0,0,0,0,0,0,0,0,1664,0,0,0,0,0,0,0,0
2021-01-08T23:59:59+01:00,0,0,8,14,21,40,50,100,75,168,99,169,103,99,90,161,75,325,0,0,0,0,0,0,0,0,0,0,0,0,0,0,0,0,1597,0,0,0,0,0,0,0,0
2021-01-07T23:59:59+01:00,0,0,3,3,4,7,11,14,20,34,23,34,17,20,20,34,19,95,0,0,0,0,0,0,0,0,0,0,0,0,0,0,0,0,358,0,0,0,0,0,0,0,0
2021-01-06T23:59:59+01:00,0,0,3,2,4,6,9,13,20,33,21,31,17,20,20,34,19,94,0,0,0,0,0,0,0,0,0,0,0,0,0,0,0,0,346,0,0,0,0,0,0,0,0
2021-01-05T23:59:59+01:00,0,0,3,2,4,6,9,13,20,33,21,31,17,20,20,34,19,94,0,0,0,0,0,0,0,0,0,0,0,0,0,0,0,0,346,0,0,0,0,0,0,0,0
2021-01-04T23:59:59+01:00,0,0,0,0,0,0,0,0,1,0,0,0,1,1,0,2,0,0,0,0,0,0,0,0,0,0,0,0,0,0,0,0,0,0,5,0,0,0,0,0,0,0,0
2021-01-03T23:59:59+01:00,0,0,0,0,0,0,0,0,1,0,0,0,1,1,0,2,0,0,0,0,0,0,0,0,0,0,0,0,0,0,0,0,0,0,5,0,0,0,0,0,0,0,0
2021-01-02T23:59:59+01:00,0,0,0,0,0,0,0,0,1,0,0,0,1,1,0,2,0,0,0,0,0,0,0,0,0,0,0,0,0,0,0,0,0,0,5,0,0,0,0,0,0,0,0
2021-01-01T23:59:59+01:00,0,0,0,0,0,0,0,0,1,0,0,0,1,1,0,2,0,0,0,0,0,0,0,0,0,0,0,0,0,0,0,0,0,0,5,0,0,0,0,0,0,0,0
2020-12-31T23:59:59+01:00,0,0,0,0,0,0,0,0,1,0,0,0,1,1,0,2,0,0,0,0,0,0,0,0,0,0,0,0,0,0,0,0,0,0,5,0,0,0,0,0,0,0,0
2020-12-30T23:59:59+01:00,0,0,0,0,0,0,0,0,1,0,0,0,1,1,0,2,0,0,0,0,0,0,0,0,0,0,0,0,0,0,0,0,0,0,5,0,0,0,0,0,0,0,0
2020-12-29T23:59:59+01:00,0,0,0,0,0,0,0,0,1,0,0,0,1,0,0,2,0,0,0,0,0,0,0,0,0,0,0,0,0,0,0,0,0,0,4,0,0,0,0,0,0,0,0
2020-12-28T23:59:59+01:00,0,0,0,0,0,0,0,0,0,0,0,0,1,0,0,1,0,0,0,0,0,0,0,0,0,0,0,0,0,0,0,0,0,0,2,0,0,0,0,0,0,0,0
2020-12-27T23:59:59+01:00,0,0,0,0,0,0,0,0,0,0,0,0,0,0,0,0,0,0,0,0,0,0,0,0,0,0,0,0,0,0,0,0,0,0,0,0,0,0,0,0,0,0,0
