Datum,<15_m,<15_w,15-24_1_m,15-24_1_w,25-34_1_m,25-34_1_w,35-44_1_m,35-44_1_w,45-54_1_m,45-54_1_w,55-64_1_m,55-64_1_w,65-74_1_m,65-74_1_w,75-84_1_m,75-84_1_w,>84_1_m,>84_1_w,<24_2_m,<24_2_w,25-34_2_m,25-34_2_w,35-44_2_m,35-44_2_w,45-54_2_m,45-54_2_w,55-64_2_m,55-64_2_w,65-74_2_m,65-74_2_w,75-84_2_m,75-84_2_w,>84_2_m,>84_2_w,bp_1,bp_2,mo_1,mo_2,az_1,az_2,ja,unb_1,unb_2
2021-08-13T23:59:59+02:00,973,898,12065,11457,15643,14631,19054,19455,25723,26967,32454,33576,24931,27839,17063,21810,5037,9557,10039,9520,14138,13119,17663,17918,24064,25112,30692,31737,24018,26816,16544,21055,4892,9127,230410,212563,30924,29081,46348,44530,11277,174,80
2021-08-12T23:59:59+02:00,960,877,12012,11399,15600,14595,19019,19429,25681,26946,32410,33550,24907,27828,17056,21806,5037,9554,9949,9455,14069,13077,17605,17871,24000,25080,30640,31691,23990,26792,16528,21037,4890,9127,230217,212167,30902,29075,46348,44515,11025,174,80
2021-08-11T23:59:59+02:00,946,866,11979,11366,15580,14572,18990,19409,25660,26927,32387,33521,24890,27807,17052,21799,5036,9552,9880,9393,14016,13038,17559,17827,23962,25059,30601,31644,23961,26760,16512,21025,4889,9122,229933,211609,30902,29071,46347,44490,10983,174,80
2021-08-10T23:59:59+02:00,928,856,11892,11315,15528,14543,18949,19372,25607,26893,32332,33468,24873,27793,17045,21786,5035,9549,9786,9313,13969,13004,17528,17795,23916,25020,30548,31598,23929,26728,16506,21007,4885,9117,229564,211110,30771,29036,46345,44478,10910,174,80
2021-08-09T23:59:59+02:00,926,840,11867,11282,15513,14528,18927,19360,25575,26872,32304,33437,24866,27785,17041,21778,5035,9546,9735,9254,13934,12955,17490,17755,23888,24977,30513,31559,23915,26711,16501,20994,4883,9112,229339,210675,30771,29033,46344,44471,10854,174,80
2021-08-08T23:59:59+02:00,916,833,11833,11259,15491,14515,18907,19339,25550,26852,32282,33421,24858,27770,17034,21774,5034,9546,9660,9200,13890,12929,17463,17725,23855,24943,30481,31528,23902,26693,16493,20980,4882,9109,229152,210283,30771,29032,46344,44470,10773,174,80
2021-08-07T23:59:59+02:00,897,806,11737,11182,15448,14474,18867,19306,25511,26822,32236,33389,24841,27758,17025,21756,5033,9543,9044,8603,13453,12579,17253,17542,23706,24832,30332,31454,23845,26642,16472,20953,4877,9106,228571,207105,30771,29032,46344,44470,10771,174,80
2021-08-06T23:59:59+02:00,887,803,11707,11155,15431,14461,18857,19300,25497,26806,32227,33383,24837,27754,17020,21754,5033,9542,8464,7975,12941,12186,17026,17340,23566,24721,30237,31375,23814,26595,16460,20939,4874,9100,228522,203954,30649,29019,46344,44470,10765,174,80
2021-08-05T23:59:59+02:00,884,796,11669,11124,15394,14434,18816,19270,25451,26770,32183,33337,24797,27732,17018,21743,5033,9537,8409,7910,12897,12136,16976,17299,23503,24681,30165,31321,23767,26555,16447,20921,4872,9091,228306,203540,30648,29014,46344,44462,10516,174,80
2021-08-04T23:59:59+02:00,867,780,11639,11094,15376,14402,18787,19247,25424,26741,32137,33298,24782,27719,17013,21738,5031,9529,8320,7821,12838,12090,16925,17258,23447,24638,30106,31250,23730,26516,16437,20908,4870,9085,228047,202955,30646,29013,46343,44427,10394,174,80
2021-08-03T23:59:59+02:00,852,761,11592,11056,15357,14382,18757,19227,25398,26713,32105,33265,24762,27700,17004,21733,5027,9528,8237,7732,12772,12042,16858,17208,23389,24602,30067,31202,23694,26482,16422,20897,4867,9081,227723,202309,30644,29003,46343,44420,10335,174,80
2021-08-02T23:59:59+02:00,843,758,11558,11025,15337,14352,18731,19208,25370,26688,32074,33238,24748,27681,16996,21724,5026,9526,8142,7641,12692,11982,16801,17145,23333,24531,30020,31145,23676,26459,16401,20887,4865,9076,227453,201610,30643,29002,46343,44412,10270,174,80
2021-08-01T23:59:59+02:00,836,751,11534,10996,15326,14339,18717,19197,25351,26676,32057,33223,24744,27673,16995,21721,5024,9525,8072,7574,12631,11935,16761,17099,23297,24500,29993,31120,23661,26440,16397,20881,4863,9075,227312,201155,30639,29001,46343,44394,10217,174,80
2021-07-31T23:59:59+02:00,833,750,11531,10990,15324,14336,18715,19193,25350,26675,32054,33222,24744,27672,16995,21721,5024,9525,7919,7385,11868,11263,16209,16664,23202,24421,29929,31049,23632,26404,16385,20862,4862,9073,227284,197945,30638,29001,46343,44393,10215,174,80
2021-07-30T23:59:59+02:00,832,749,11517,10981,15321,14333,18710,19188,25343,26670,32044,33217,24743,27670,16995,21719,5024,9525,7634,7145,11322,10819,15732,16237,23065,24314,29820,30938,23595,26359,16369,20840,4862,9068,227218,194868,30637,29000,46341,44380,10211,174,80
2021-07-29T23:59:59+02:00,820,740,11477,10935,15283,14312,18671,19163,25307,26636,31992,33189,24725,27651,16984,21702,5024,9523,7260,6835,10658,10306,15218,15825,22889,24169,29675,30830,23541,26307,16340,20815,4858,9065,226905,191412,30636,28992,46341,44295,10078,174,80
2021-07-28T23:59:59+02:00,802,728,11430,10883,15259,14283,18640,19136,25281,26609,31967,33165,24712,27633,16979,21690,5023,9519,7096,6680,10513,10189,15109,15691,22798,24074,29577,30734,23498,26251,16322,20786,4857,9055,226588,190185,30635,28990,46336,44187,10006,174,80
2021-07-27T23:59:59+02:00,793,719,11387,10847,15219,14243,18600,19110,25253,26583,31931,33143,24696,27608,16973,21679,5022,9511,6875,6468,10355,10072,14966,15558,22695,23968,29469,30621,23447,26187,16306,20760,4855,9044,226280,189040,30635,28664,46335,44154,9893,174,80
2021-07-26T23:59:59+02:00,783,707,11338,10803,15195,14222,18585,19083,25225,26554,31899,33117,24681,27587,16961,21668,5021,9508,6759,6391,10261,9995,14900,15480,22614,23908,29404,30547,23414,26144,16294,20743,4851,9038,225995,188256,30633,28661,46334,44113,9801,174,80
2021-07-25T23:59:59+02:00,772,697,11310,10776,15176,14196,18565,19059,25198,26531,31880,33099,24665,27576,16957,21659,5020,9506,6683,6310,10195,9931,14827,15420,22559,23855,29349,30509,23384,26122,16282,20729,4851,9034,225802,187669,30632,28657,46333,44083,9701,174,80
2021-07-24T23:59:59+02:00,748,676,11232,10693,15137,14169,18542,19037,25178,26517,31867,33086,24665,27572,16954,21657,5020,9506,6285,5951,10051,9817,14455,15140,22335,23698,29233,30426,23348,26084,16265,20712,4848,9030,225425,185317,30631,28656,46333,44081,9693,174,80
2021-07-23T23:59:59+02:00,722,654,11165,10612,15110,14136,18513,19022,25156,26498,31851,33069,24654,27567,16952,21657,5020,9503,5916,5641,9931,9711,14108,14876,22140,23527,29113,30309,23296,26016,16254,20691,4844,9023,225045,183054,30630,28656,46333,44070,9679,174,80
2021-07-22T23:59:59+02:00,681,614,11014,10450,15012,14048,18426,18974,25075,26444,31779,33005,24618,27526,16937,21639,5016,9498,5597,5344,9663,9498,13527,14402,21823,23267,28884,30082,23196,25919,16210,20654,4840,9020,224100,179748,30628,28645,46332,44051,9522,174,80
2021-07-21T23:59:59+02:00,661,589,10951,10396,14978,14021,18387,18938,25039,26415,31741,32956,24594,27494,16921,21628,5014,9493,4980,4878,9225,9249,13150,14173,21591,23114,28697,29934,23131,25843,16185,20631,4838,9017,223683,177992,30621,27377,46331,43884,9407,174,80
2021-07-20T23:59:59+02:00,643,572,10894,10342,14952,13985,18351,18911,25009,26383,31706,32924,24574,27473,16916,21614,5011,9486,4835,4766,9073,9117,12989,14040,21478,22993,28568,29811,23052,25740,16163,20591,4831,9011,223310,176653,30621,27365,46329,43737,9312,174,80
2021-07-19T23:59:59+02:00,630,560,10857,10311,14923,13965,18329,18903,24982,26358,31673,32895,24557,27450,16910,21603,5009,9483,4756,4696,8977,9042,12874,13943,21380,22887,28469,29691,22996,25683,16138,20562,4826,9005,223074,175718,30621,27357,46320,43641,9209,174,80
2021-07-18T23:59:59+02:00,615,551,10803,10260,14888,13944,18304,18886,24962,26341,31650,32877,24548,27440,16904,21594,5009,9479,4648,4593,8842,8921,12747,13804,21294,22796,28398,29613,22968,25654,16129,20549,4823,9004,222800,174708,30621,27343,46320,43588,9140,174,80
2021-07-17T23:59:59+02:00,543,481,10518,9963,14777,13846,18216,18809,24857,26267,31545,32828,24515,27406,16891,21574,5007,9478,4602,4552,8790,8849,12514,13613,20874,22460,28270,29483,22931,25602,16120,20534,4822,9001,221267,172943,30621,27343,46320,43586,9139,174,80
2021-07-16T23:59:59+02:00,514,444,10385,9844,14718,13806,18162,18758,24825,26234,31525,32804,24506,27391,16888,21567,5007,9475,4554,4510,8714,8809,12140,13335,20333,22066,28138,29389,22882,25565,16111,20529,4820,8999,220611,170840,30620,27341,46320,43579,9128,174,80
2021-07-15T23:59:59+02:00,484,407,10246,9739,14652,13757,18105,18691,24773,26186,31475,32752,24481,27355,16870,21551,5000,9471,4343,4372,8389,8602,11622,12934,19229,21223,27722,29046,22712,25396,16046,20456,4810,8983,219888,166150,30619,27328,46319,43383,8995,174,80
2021-07-14T23:59:59+02:00,463,394,10217,9714,14618,13737,18076,18656,24737,26145,31424,32699,24451,27327,16859,21534,4999,9469,4220,4222,8134,8432,11393,12789,19051,21112,27577,28921,22647,25318,16012,20418,4807,8974,219523,164590,30619,27310,46319,43209,8884,174,80
2021-07-13T23:59:59+02:00,439,379,10167,9662,14589,13710,18051,18623,24702,26124,31390,32659,24435,27297,16848,21523,4998,9467,4124,4127,7959,8273,11193,12598,18918,20975,27424,28760,22550,25233,15977,20365,4803,8963,219123,163137,30619,27289,46318,42951,8829,174,80
2021-07-12T23:59:59+02:00,426,358,10121,9612,14564,13692,18020,18593,24668,26083,31356,32615,24410,27274,16833,21518,4995,9464,4017,4028,7792,8152,11035,12463,18805,20854,27302,28640,22476,25172,15950,20339,4802,8958,218755,161979,30618,27268,46318,42761,8737,174,80
2021-07-11T23:59:59+02:00,418,340,10091,9583,14547,13672,18003,18583,24648,26075,31335,32597,24398,27264,16831,21516,4995,9462,3948,3955,7673,8052,10888,12335,18682,20754,27201,28527,22433,25124,15929,20314,4800,8955,218563,161014,30618,27263,46317,42562,8686,174,80
2021-07-10T23:59:59+02:00,392,317,9981,9477,14492,13633,17955,18560,24624,26055,31316,32581,24390,27255,16827,21512,4993,9460,3915,3930,7612,8010,10853,12306,18653,20730,27172,28505,22426,25109,15925,20309,4800,8955,218038,160712,30617,27262,46314,42514,8677,174,80
2021-07-09T23:59:59+02:00,332,270,9719,9268,14387,13552,17879,18490,24538,26002,31267,32520,24367,27224,16814,21494,4993,9454,3848,3890,7479,7919,10636,12161,18429,20592,26757,28185,22242,24916,15870,20249,4797,8948,216814,158575,30617,27259,46313,42385,8652,174,80
2021-07-08T23:59:59+02:00,253,203,9527,9125,14286,13476,17785,18418,24478,25952,31184,32463,24340,27193,16801,21476,4989,9449,3692,3764,7171,7730,10282,11932,18084,20310,26452,27928,22069,24758,15802,20176,4790,8932,215718,156199,30614,27214,46300,41815,8592,174,80
2021-07-07T23:59:59+02:00,214,174,9426,9021,14235,13443,17741,18376,24428,25912,31143,32423,24316,27163,16789,21458,4989,9441,3496,3635,6842,7506,9331,11202,17501,19880,26050,27620,21835,24456,15725,20080,4776,8918,215092,153589,30611,25466,46297,41222,8518,174,80
2021-07-06T23:59:59+02:00,192,162,9348,8962,14185,13415,17705,18334,24386,25873,31082,32376,24280,27135,16774,21441,4987,9439,3382,3560,6643,7384,9060,11039,17257,19700,25773,27364,21678,24254,15644,19976,4764,8903,214529,151661,30594,25456,46294,40720,8485,174,80
2021-07-05T23:59:59+02:00,180,147,9261,8881,14146,13373,17672,18284,24350,25843,31037,32325,24256,27113,16766,21427,4986,9437,3330,3525,6514,7305,8911,10918,17115,19561,25603,27209,21535,24087,15594,19923,4753,8893,213988,150597,30594,25447,46291,40235,8437,174,80
2021-07-04T23:59:59+02:00,165,140,9207,8831,14115,13360,17647,18266,24325,25824,31016,32299,24241,27099,16760,21419,4985,9434,3278,3483,6451,7265,8824,10847,17029,19476,25474,27100,21411,23959,15553,19872,4751,8886,213717,149940,30593,25438,46276,39845,8373,174,80
2021-07-03T23:59:59+02:00,162,137,8695,8333,13957,13240,17546,18148,24231,25766,30951,32250,24220,27077,16748,21407,4983,9431,3218,3405,6332,7146,8654,10706,16814,19295,25086,26791,21296,23823,15523,19832,4747,8880,211882,147899,30593,25438,46276,39790,8357,174,80
2021-07-02T23:59:59+02:00,155,133,8126,7861,13813,13131,17454,18071,24161,25696,30891,32188,24182,27035,16742,21387,4981,9426,3107,3297,6062,6991,8397,10465,16444,18968,24615,26367,21068,23550,15453,19750,4741,8877,210040,144832,30593,25436,46272,39465,8354,174,80
2021-07-01T23:59:59+02:00,142,123,7997,7754,13730,13073,17385,18020,24092,25645,30839,32135,24154,27010,16732,21375,4980,9425,2919,3108,5717,6707,7961,10049,15858,18497,23853,25715,20582,23077,15326,19589,4729,8852,209251,140283,30588,25425,46268,38434,8330,174,80
2021-06-30T23:59:59+02:00,125,110,7851,7638,13661,13025,17332,17967,24041,25592,30780,32089,24123,26988,16718,21357,4980,9420,2823,3029,5563,6564,7737,9828,14901,17628,23241,25166,20225,22685,15193,19429,4715,8818,208690,138755,30414,23152,46264,37315,8255,174,80
2021-06-29T23:59:59+02:00,110,97,7784,7546,13618,12986,17293,17922,23989,25531,30730,32030,24102,26962,16708,21341,4977,9416,2764,2985,5435,6466,7583,9694,14733,17456,23000,24932,19966,22360,15094,19329,4703,8798,208070,137637,30412,23140,46261,36225,8225,174,80
2021-06-28T23:59:59+02:00,105,91,7720,7475,13554,12927,17247,17871,23947,25486,30674,31986,24085,26934,16701,21331,4975,9414,2735,2953,5367,6419,7490,9623,14636,17375,22850,24718,19762,22114,15039,19260,4699,8784,207537,137042,30410,23130,46253,35430,8149,174,80
2021-06-27T23:59:59+02:00,91,86,7671,7412,13524,12891,17218,17838,23928,25451,30647,31958,24073,26926,16694,21326,4975,9412,2712,2938,5316,6394,7419,9578,14540,17312,22755,24631,19635,21973,15008,19209,4695,8775,207184,136534,30410,23119,46247,35056,8106,174,80
2021-06-26T23:59:59+02:00,87,82,7167,6858,13131,12592,17105,17736,23864,25392,30611,31923,24065,26909,16690,21315,4974,9411,2611,2829,5130,6206,7219,9389,13996,16857,22097,23998,19488,21832,14963,19156,4693,8767,205015,132937,30410,23119,46247,35036,8106,134,38
2021-06-25T23:59:59+02:00,86,79,6682,6374,12677,12219,16946,17618,23773,25326,30530,31883,24043,26882,16685,21305,4972,9409,2507,2674,4955,6015,6961,9092,13466,16326,21545,23414,19290,21623,14905,19089,4689,8755,202610,129241,30410,23119,46247,34825,8088,134,38
2021-06-24T23:59:59+02:00,76,67,6458,6157,12453,12069,16840,17535,23702,25273,30472,31835,24009,26840,16679,21295,4970,9402,2298,2435,4584,5638,6462,8601,12745,15611,20394,22413,18825,21142,14800,18958,4677,8740,201337,123296,30408,23107,46240,33874,8013,134,38
2021-06-23T23:59:59+02:00,71,65,5883,5657,12291,11957,16721,17421,23628,25226,30409,31785,23975,26817,16672,21281,4966,9398,2261,2383,4521,5516,6371,8450,12512,15322,20151,22154,18526,20813,14703,18844,4666,8723,200827,122276,29069,22958,46230,32686,7963,134,38
2021-06-22T23:59:59+02:00,67,60,5741,5528,12192,11852,16635,17346,23570,25164,30342,31707,23949,26785,16662,21260,4962,9396,2208,2348,4426,5434,6247,8303,11644,14660,19738,21749,18193,20461,14595,18706,4656,8703,199893,121356,29062,21265,46215,31502,7914,134,38
2021-06-21T23:59:59+02:00,64,57,5605,5415,12118,11759,16574,17260,23516,25090,30292,31649,23924,26757,16649,21245,4962,9392,2175,2312,4368,5337,6160,8177,10863,13956,19288,21340,17966,20233,14535,18612,4647,8687,199072,120563,29058,19480,46210,30725,7854,134,38
2021-06-20T23:59:59+02:00,62,55,5487,5289,11955,11576,16509,17136,23465,25025,30250,31593,23908,26736,16643,21230,4957,9387,2157,2283,4327,5297,6090,8128,10759,13876,19175,21213,17809,20042,14469,18529,4643,8680,198062,120026,29054,19477,46204,30131,7809,134,38
2021-06-19T23:59:59+02:00,58,51,5469,5269,11189,10912,16030,16747,23404,24981,30206,31550,23890,26716,16635,21218,4957,9387,2087,2165,4120,5068,5812,7847,10435,13543,18126,20361,17642,19858,14436,18464,4638,8668,195469,115834,29054,19477,46204,30117,7808,134,38
2021-06-18T23:59:59+02:00,55,50,5435,5243,10545,10330,15417,16185,23314,24912,30138,31487,23863,26686,16624,21203,4956,9385,2018,2077,3977,4926,5534,7578,10053,13180,16978,19153,17440,19621,14388,18400,4635,8658,192635,111434,29048,19476,46204,29865,7807,134,38
2021-06-17T23:59:59+02:00,48,41,5316,5140,9863,9822,14928,15795,23215,24824,30057,31393,23823,26640,16609,21182,4955,9382,1888,1970,3720,4680,5146,7214,9512,12691,15793,17962,16980,19131,14247,18226,4622,8634,190076,106311,29046,19468,46201,28949,7664,46,28
2021-06-16T23:59:59+02:00,46,33,5182,5004,9666,9662,14781,15665,23122,24730,29959,31317,23779,26595,16594,21170,4954,9372,1848,1929,3616,4595,5044,7096,8483,11841,15520,17669,16684,18795,14112,18055,4616,8601,188898,105430,29035,17593,46198,28003,7454,46,28
2021-06-15T23:59:59+02:00,41,27,4994,4817,9485,9507,14646,15523,23030,24640,29882,31231,23736,26522,16568,21137,4946,9357,1785,1871,3538,4500,4950,6984,8367,11699,15342,17442,16366,18486,13970,17886,4593,8543,187580,104673,29032,17589,46179,26784,7252,46,28
2021-06-14T23:59:59+02:00,39,24,4917,4753,9391,9398,14568,15434,22959,24566,29812,31171,23704,26483,16553,21119,4943,9351,1762,1848,3501,4476,4909,6952,8267,11636,15204,17308,16186,18282,13879,17789,4588,8536,186836,104447,29026,17586,46173,25962,7104,46,28
2021-06-13T23:59:59+02:00,38,23,4859,4705,9305,9323,14484,15367,22898,24515,29745,31119,23678,26455,16544,21109,4943,9349,1712,1833,3459,4452,4854,6909,8196,11599,15105,17213,16030,18098,13825,17716,4581,8529,186255,104167,29020,17584,46158,25356,6980,46,28
2021-06-12T23:59:59+02:00,36,22,4840,4690,9277,9300,14248,15192,22768,24386,29701,31075,23658,26438,16535,21101,4942,9347,1587,1711,3221,4241,4450,6606,7649,11168,13330,15525,15678,17727,13745,17614,4579,8515,185355,97468,29020,17584,46158,25292,6978,45,28
2021-06-11T23:59:59+02:00,32,21,4786,4636,9196,9247,13929,14969,22572,24238,29605,30984,23621,26393,16517,21089,4941,9344,1484,1577,3038,4030,4151,6242,7140,10623,11696,13644,15203,17153,13631,17467,4564,8501,183992,90569,29017,17583,46158,25061,6908,45,27
2021-06-10T23:59:59+02:00,26,18,4502,4408,8651,8916,12656,13950,22005,23790,29231,30680,23484,26235,16464,21021,4928,9329,1361,1484,2803,3849,3822,5958,6706,10231,10283,12316,14690,16579,13460,17259,4549,8475,178663,86033,29002,17580,46152,23757,6432,45,27
2021-06-09T23:59:59+02:00,23,14,4267,4244,8058,8625,11755,13290,21685,23575,29001,30527,23421,26172,16445,20997,4925,9325,1273,1430,2648,3778,3680,5878,6500,10139,10021,12137,14367,16229,13290,17079,4542,8455,176558,85701,27726,17478,46146,22370,5874,45,27
2021-06-08T23:59:59+02:00,19,11,4137,4144,7656,8399,11269,13000,21459,23396,28801,30374,23362,26098,16413,20955,4919,9316,1195,1403,2512,3720,3522,5811,5604,9392,9547,11774,14031,15821,13064,16841,4528,8433,174807,85347,27354,15325,46122,21103,5400,45,27
2021-06-07T23:59:59+02:00,15,9,4018,4065,7421,8293,10980,12822,21256,23282,28648,30256,23303,26045,16395,20930,4915,9308,1146,1283,2391,3660,3392,5749,5439,9317,9338,11647,13803,15564,12909,16673,4521,8415,173584,85159,27344,15321,46113,19869,4875,45,27
2021-06-06T23:59:59+02:00,13,9,3900,4006,7183,8171,10730,12661,21070,23193,28562,30166,23273,26011,16383,20912,4912,9304,1126,1266,2326,3624,3296,5697,5333,9242,9222,11546,13646,15410,12837,16579,4518,8408,172434,84969,27327,15317,46103,19217,4550,45,27
2021-06-05T23:59:59+02:00,13,9,3871,3969,7145,8131,10553,12504,20443,22685,28401,30019,23223,25966,16369,20893,4912,9300,1094,1165,2160,3171,3064,5159,5163,8910,8442,10599,12997,14570,12724,16432,4507,8398,170394,79590,27327,15317,46101,19084,4540,44,27
2021-06-04T23:59:59+02:00,13,9,3841,3943,7109,8106,10456,12412,20081,22358,28297,29923,23188,25928,16355,20883,4910,9299,1062,1098,2062,2861,2904,4682,5006,8541,7928,9941,11499,12855,12599,16235,4500,8380,169118,73217,27314,15316,46101,19062,4534,44,27
2021-06-03T23:59:59+02:00,8,6,3707,3841,6889,7969,9900,11990,18855,21428,27897,29613,23055,25786,16302,20821,4906,9285,1009,1052,1973,2749,2767,4527,4802,8240,7565,9491,11122,12459,12493,16122,4497,8367,164364,71431,27304,15313,46097,18018,4449,44,27
2021-06-02T23:59:59+02:00,8,6,3700,3833,6877,7952,9890,11979,18667,21248,27826,29564,23032,25764,16296,20812,4903,9283,1005,1045,1961,2719,2746,4508,4591,8056,7029,9003,11085,12418,12478,16107,4493,8361,164299,71323,26759,13820,46096,17996,4442,44,27
2021-06-01T23:59:59+02:00,7,5,3573,3757,6640,7804,9602,11786,18212,20901,27589,29369,22938,25662,16255,20759,4900,9271,968,997,1877,2649,2666,4436,4312,7822,6433,8472,10872,12205,12380,16004,4488,8349,162610,70884,25979,12527,46082,17180,4315,44,27
2021-05-31T23:59:59+02:00,7,5,3526,3712,6551,7736,9466,11687,18086,20810,27499,29293,22871,25601,16238,20731,4895,9264,939,973,1810,2609,2586,4393,4205,7758,6315,8397,10686,12037,12279,15889,4478,8341,161771,70524,25948,12522,46069,16479,4146,44,27
2021-05-30T23:59:59+02:00,7,4,3495,3688,6487,7681,9376,11597,17998,20730,27422,29223,22826,25556,16216,20704,4890,9254,934,966,1799,2599,2573,4380,4176,7733,6263,8356,10625,11958,12245,15846,4473,8332,161072,70481,25943,12519,46052,16191,4043,44,27
2021-05-29T23:59:59+02:00,7,4,3484,3669,6451,7654,9332,11560,17960,20691,27277,29118,22772,25482,16201,20684,4887,9250,898,947,1742,2553,2500,4295,3986,7478,5991,8061,8432,9304,12052,15504,4458,8303,160415,64251,25943,12517,46038,15668,4043,44,27
2021-05-28T23:59:59+02:00,7,4,3421,3614,6320,7577,9192,11429,17803,20560,27095,28995,22706,25406,16180,20667,4886,9249,885,933,1723,2533,2464,4242,3835,7181,5797,7799,5741,6201,11775,15108,4443,8254,159058,57396,25941,12517,46034,14942,4034,44,27
2021-05-27T23:59:59+02:00,7,4,3274,3484,6036,7397,8590,11097,17327,20223,26682,28648,22539,25241,16122,20604,4879,9231,835,875,1641,2438,2347,4108,3412,6212,5374,7202,5580,6028,11697,15034,4437,8237,155585,56914,25883,12470,46027,12202,3846,44,27
2021-05-26T23:59:59+02:00,7,4,3167,3401,5817,7231,8218,10811,16861,19917,26381,28412,22391,25108,16071,20530,4866,9211,818,867,1589,2413,2294,4078,3339,6138,5277,7130,5446,5901,11632,14968,4432,8225,152881,56840,25867,12468,46005,11607,3607,44,27
2021-05-25T23:59:59+02:00,7,4,3076,3338,5675,7117,8021,10649,15860,19138,26027,28058,22233,24954,16019,20450,4859,9201,798,849,1553,2369,2223,4019,3264,6069,5192,7066,5279,5732,11524,14888,4424,8214,151326,56774,23943,12280,45991,11000,3384,42,27
2021-05-24T23:59:59+02:00,7,4,3013,3320,5587,7073,7903,10587,14945,18449,25612,27746,22139,24850,15988,20414,4852,9189,789,847,1531,2352,2179,3983,3218,6021,5115,6986,5180,5625,11445,14812,4423,8208,150601,56740,21874,12204,45981,10565,3180,42,27
2021-05-23T23:59:59+02:00,7,4,3010,3316,5578,7066,7894,10579,14940,18448,25611,27745,22139,24850,15988,20414,4852,9189,787,844,1524,2345,2167,3970,3199,6006,5094,6953,5136,5573,11428,14788,4422,8206,150573,56732,21874,12204,45979,10319,3162,42,27
2021-05-22T23:59:59+02:00,6,4,2974,3274,5505,7020,7794,10492,14742,18287,25331,27503,22040,24764,15955,20371,4849,9185,765,824,1480,2293,2116,3890,3086,5885,4780,6385,4566,4831,10783,13967,4412,8167,149039,53487,21874,12204,45979,9352,3162,42,27
2021-05-21T23:59:59+02:00,4,4,2902,3199,5379,6924,7668,10346,14484,18057,25038,27268,21927,24656,15922,20323,4844,9176,734,771,1412,2165,2014,3624,2903,5552,4302,5486,4153,4293,10041,13026,4347,8041,147104,49749,21873,12204,45974,7754,3132,38,27
2021-05-20T23:59:59+02:00,4,4,2771,3036,5101,6669,7382,9979,14025,17574,24427,26719,21656,24361,15829,20203,4830,9146,720,761,1385,2140,1975,3591,2849,5499,4219,5409,4026,4191,9965,12963,4338,8030,142958,49656,21864,12193,45955,7285,2901,38,27
2021-05-19T23:59:59+02:00,4,4,2719,2984,5004,6530,7239,9797,12879,16538,24164,26432,21559,24231,15784,20142,4822,9139,701,735,1360,2092,1943,3506,2786,5352,4124,5302,3944,4101,9912,12898,4335,8026,141588,49628,19793,12129,45884,6666,2668,38,27
2021-05-18T23:59:59+02:00,4,4,2696,2961,4957,6498,7190,9767,12525,16263,23984,26279,21466,24142,15754,20089,4814,9127,672,677,1305,1963,1871,3305,2688,5144,3995,5105,3719,3824,9830,12818,4325,8016,141313,49608,18939,11130,45841,6104,2389,38,27
2021-05-17T23:59:59+02:00,4,4,2670,2940,4914,6428,7102,9659,12372,16085,23835,26119,21412,24091,15736,20066,4809,9119,664,663,1289,1927,1850,3256,2640,5036,3916,4991,3581,3673,9763,12755,4322,8007,140343,49586,18931,11120,45825,5373,2228,38,27
2021-05-16T23:59:59+02:00,4,4,2658,2926,4891,6361,7064,9576,12312,16011,23783,26059,21388,24074,15726,20052,4806,9116,659,657,1279,1924,1833,3247,2618,5024,3887,4969,3529,3607,9724,12723,4321,8005,139906,49574,18923,11109,45803,5156,2141,38,27
2021-05-15T23:59:59+02:00,4,4,2533,2788,4703,6156,6873,9390,11794,15593,23195,25509,21282,23956,15692,20009,4803,9108,609,594,1196,1837,1694,3093,2330,4716,3438,4458,3197,3179,9561,12518,4297,7976,136518,46611,18922,11109,45798,4831,2116,38,27
2021-05-14T23:59:59+02:00,4,4,2417,2612,4508,5931,6596,9077,11258,15083,22628,24942,21136,23816,15656,19951,4799,9097,546,516,1094,1717,1534,2878,1999,4314,2839,3869,2813,2741,9477,12371,4293,7972,132699,43687,18915,11107,45776,4066,2087,38,27
2021-05-13T23:59:59+02:00,4,4,2235,2325,4186,5548,6169,8603,10699,14397,21596,24031,20853,23542,15596,19852,4792,9082,542,516,1081,1701,1519,2859,1989,4288,2817,3843,2797,2723,9470,12367,4292,7972,126799,43612,18861,11099,45750,3973,2066,38,27
2021-05-12T23:59:59+02:00,4,4,2234,2322,4179,5547,6160,8597,10598,14276,21543,23992,20848,23531,15591,19844,4791,9082,534,494,1045,1646,1470,2780,1906,4202,2758,3784,2716,2628,9419,12294,4292,7972,126757,43609,18535,10272,45750,3970,2063,38,27
2021-05-11T23:59:59+02:00,4,4,2113,2283,4095,5482,6035,8483,10292,14025,21351,23830,20772,23459,15576,19811,4787,9077,509,470,984,1586,1401,2689,1806,4064,2685,3710,2562,2401,9355,12193,4291,7972,125814,43591,18198,9439,45467,3660,1962,38,27
2021-05-10T23:59:59+02:00,4,4,2072,2206,3988,5361,5900,8305,9501,13262,20972,23507,20682,23370,15537,19757,4777,9064,496,441,947,1522,1336,2600,1716,3902,2601,3615,2533,2377,9346,12175,4287,7967,124682,43564,16349,9258,45364,3177,1836,38,27
2021-05-09T23:59:59+02:00,4,4,2040,2191,3954,5321,5848,8257,9435,13193,20902,23434,20649,23329,15522,19730,4774,9050,489,432,926,1479,1310,2552,1682,3840,2563,3572,2524,2365,9336,12158,4287,7959,124240,43505,16345,9255,45268,2942,1746,38,27
2021-05-08T23:59:59+02:00,4,4,1977,2090,3770,5146,5574,8051,9124,12908,19767,22505,20453,23134,15489,19661,4769,9038,416,402,861,1439,1234,2479,1594,3738,2344,3359,1979,1937,9242,12073,4286,7959,120104,42040,16344,9254,45265,2300,1745,6,4
2021-05-07T23:59:59+02:00,4,4,1890,1978,3586,4975,5254,7755,8715,12537,18519,21233,20270,22922,15444,19603,4760,9019,324,343,752,1365,1103,2350,1460,3595,2169,3167,1611,1602,8754,11627,4285,7957,115163,40314,16342,9251,45246,1185,1711,6,4
2021-05-06T23:59:59+02:00,4,4,1706,1869,3300,4723,4803,7350,8073,11973,17278,19990,19936,22544,15337,19440,4750,9008,307,334,731,1336,1063,2304,1411,3511,2102,3099,1575,1547,8737,11596,4279,7954,109306,40294,16335,9245,45012,915,1429,6,4
2021-05-05T23:59:59+02:00,4,3,1636,1839,3220,4636,4726,7246,7942,11822,17122,19844,19816,22425,15261,19344,4728,8912,296,322,689,1284,1002,2229,1329,3361,1993,2982,1482,1448,8320,11028,4273,7936,108548,40258,16192,8117,44842,658,938,6,4
2021-05-04T23:59:59+02:00,4,3,1610,1810,3178,4562,4667,7136,7690,11528,16563,19265,19729,22295,15186,19247,4700,8802,280,309,666,1255,981,2175,1270,3242,1880,2825,1410,1342,8250,10925,4269,7918,107862,40233,14845,7841,44739,397,523,6,4
2021-05-03T23:59:59+02:00,4,3,1602,1806,3170,4548,4629,7114,7437,11296,15870,18670,19665,22210,15160,19213,4694,8792,265,288,644,1173,932,2087,1207,3103,1782,2688,1344,1262,8225,10890,4265,7909,107781,40223,13247,7634,44699,54,150,6,4
2021-05-02T23:59:59+02:00,4,3,1601,1804,3165,4546,4624,7111,7424,11286,15851,18658,19649,22202,15160,19211,4693,8792,265,285,641,1172,927,2084,1197,3097,1774,2681,1330,1255,8224,10885,4264,7909,107755,40200,13244,7632,44675,51,104,6,4
2021-05-01T23:59:59+02:00,4,3,1468,1662,2885,4296,4157,6751,6807,10803,13916,16778,19268,21806,15069,19095,4690,8776,263,285,638,1170,926,2081,1195,3095,1772,2677,1325,1251,8222,10883,4264,7909,100213,40169,13244,7632,44671,51,101,5,4
2021-04-30T23:59:59+02:00,3,3,1345,1512,2670,4073,3827,6355,6239,10208,12125,14740,18810,21267,14965,18953,4676,8766,258,284,631,1163,911,2073,1183,3085,1761,2664,1314,1242,8218,10878,4263,7908,92588,40123,13244,7632,44671,48,30,4,4
2021-04-29T23:59:59+02:00,2,3,1229,1447,2504,3947,3587,6151,5882,9905,10785,13463,18551,20990,14922,18883,4672,8760,257,280,626,1156,899,2067,1163,3080,1731,2628,1288,1218,8212,10869,4263,7908,87900,40091,13235,7499,44531,39,13,4,4
2021-04-28T23:59:59+02:00,2,3,1170,1441,2454,3928,3537,6127,5820,9872,10688,13395,18521,20956,14915,18867,4672,8757,257,279,624,1155,896,2065,1158,3076,1723,2627,1282,1200,7770,10349,4263,7908,87631,40070,13185,6513,44293,35,12,4,3
2021-04-27T23:59:59+02:00,2,3,1122,1414,2353,3884,3473,6100,5701,9817,10571,13319,18488,20918,14902,18852,4671,8755,256,279,622,1148,895,2063,1154,3073,1719,2623,1270,1183,7353,9767,4263,7908,87125,40051,13132,5482,44073,30,11,4,3
2021-04-26T23:59:59+02:00,2,3,1080,1385,2263,3792,3346,6000,5534,9697,10268,13060,18426,20864,14894,18834,4669,8755,255,278,621,1146,889,2060,1147,3070,1701,2613,1255,1170,7344,9747,4263,7908,85789,39964,13122,5461,43946,29,11,4,3
2021-04-25T23:59:59+02:00,2,3,1077,1383,2255,3790,3339,5996,5514,9690,10233,13030,18416,20852,14893,18828,4669,8754,254,278,621,1146,889,2060,1145,3070,1701,2613,1255,1170,7344,9745,4263,7908,85767,39962,13113,5459,43830,29,10,4,3
2021-04-24T23:59:59+02:00,2,2,1034,1266,2068,3252,3069,5382,5321,9278,9401,11985,17711,19956,14779,18669,4661,8743,252,277,620,1144,889,2059,1145,3069,1695,2608,1252,1165,7342,9744,4263,7907,79648,39936,13113,5455,43805,29,9,4,3
2021-04-23T23:59:59+02:00,1,2,1002,1182,1955,2905,2887,4831,5126,8849,8848,11264,16082,18100,14633,18463,4653,8720,252,277,619,1144,887,2057,1144,3069,1694,2607,1247,1160,7338,9742,4263,7906,72633,39922,13112,5444,43745,29,9,4,3
2021-04-22T23:59:59+02:00,1,2,997,1171,1935,2889,2867,4812,5069,8803,8737,11161,16012,18023,14607,18433,4651,8715,250,277,615,1143,884,2056,1136,3057,1679,2587,1223,1138,7333,9734,4263,7906,72587,39908,13056,5334,43229,28,9,4,3
2021-04-21T23:59:59+02:00,1,2,988,1163,1923,2876,2840,4786,5023,8748,8630,11038,15926,17939,14578,18399,4651,8710,245,274,605,1134,870,2026,1126,3032,1668,2562,1210,1125,7109,9416,4262,7906,72547,39901,13000,4631,42661,27,9,4,3
2021-04-20T23:59:59+02:00,1,2,961,1114,1871,2761,2767,4625,4930,8569,8456,10831,15695,17657,14520,18340,4644,8704,232,271,587,1113,844,1996,1098,3006,1633,2521,1191,1112,7101,9411,4261,7905,72511,39880,11871,4366,42053,25,9,4,3
2021-04-19T23:59:59+02:00,1,2,952,1105,1839,2741,2717,4600,4806,8508,8256,10720,15603,17559,14498,18321,4644,8698,226,263,569,1090,826,1964,1080,2963,1588,2466,1173,1093,7094,9408,4259,7904,72111,39846,11850,4086,41596,23,9,4,3
2021-04-18T23:59:59+02:00,1,2,949,1104,1834,2735,2709,4588,4788,8496,8216,10678,15554,17501,14488,18304,4643,8696,226,263,569,1089,825,1964,1080,2963,1588,2465,1173,1092,7092,9407,4258,7904,72065,39840,11847,4084,41361,23,9,4,3
2021-04-17T23:59:59+02:00,0,2,916,1090,1785,2697,2641,4509,4634,8356,7954,10450,13186,14601,14291,17952,4626,8660,224,263,569,1086,821,1958,1068,2956,1578,2445,1136,1051,6760,8991,4233,7856,65250,38888,11847,4073,41240,23,9,4,3
2021-04-16T23:59:59+02:00,0,2,910,1084,1773,2686,2599,4471,4542,8272,7774,10259,10358,11349,14017,17535,4607,8604,222,258,568,1083,816,1954,1058,2953,1570,2433,1125,1038,6754,8986,4230,7853,57983,38811,11845,4057,41001,23,9,4,2
2021-04-15T23:59:59+02:00,0,2,897,1079,1751,2672,2557,4438,4429,8211,7543,10058,10109,11130,13955,17469,4601,8590,220,258,568,1081,815,1952,1055,2950,1567,2430,1120,1034,6752,8984,4230,7853,57959,38797,11843,4040,39676,22,9,4,2
2021-04-14T23:59:59+02:00,0,2,878,1051,1693,2589,2468,4315,4239,8029,7269,9775,9736,10649,13806,17291,4595,8581,195,235,527,1030,792,1885,1019,2870,1517,2369,1094,1004,6748,8975,4230,7852,57927,38781,10895,3533,38131,19,9,4,1
2021-04-13T23:59:59+02:00,0,2,853,1029,1655,2537,2400,4232,4138,7892,7059,9560,9331,10131,13662,17124,4590,8569,159,211,492,981,752,1792,985,2760,1465,2299,1075,969,6732,8964,4229,7852,57883,38717,9949,2978,36919,13,9,4,1
2021-04-12T23:59:59+02:00,0,2,849,1027,1636,2534,2370,4219,4085,7841,6919,9389,9066,9816,13598,17065,4579,8553,148,197,464,941,729,1727,964,2688,1421,2249,1053,953,6716,8944,4226,7847,57825,38601,9918,2644,35792,13,9,4,1
2021-04-11T23:59:59+02:00,0,2,848,1026,1625,2534,2357,4217,4062,7829,6854,9328,8932,9651,13571,17017,4574,8544,148,197,464,939,729,1726,962,2688,1420,2249,1053,953,6714,8944,4226,7847,57813,38595,9916,2643,35229,12,9,4,1
2021-04-10T23:59:59+02:00,0,2,832,1021,1597,2505,2320,4188,3991,7771,6722,9211,8376,8916,12907,16165,4563,8502,145,197,462,936,723,1723,962,2681,1411,2242,1040,937,6245,8447,4211,7831,54480,37531,9915,2641,35181,12,9,4,1
2021-04-09T23:59:59+02:00,0,2,810,992,1557,2457,2253,4108,3838,7612,6375,8880,7854,8258,12093,15140,4493,8365,143,196,460,931,717,1716,954,2671,1396,2232,1018,916,6003,8177,4194,7804,50508,36870,9910,2637,34656,12,9,4,1
2021-04-08T23:59:59+02:00,0,2,801,982,1530,2433,2187,4059,3703,7525,6121,8581,7240,7603,11934,14940,4482,8348,143,193,455,929,712,1709,946,2661,1389,2219,1006,914,6000,8175,4193,7804,50475,36850,9886,2577,32097,12,9,4,1
2021-04-07T23:59:59+02:00,0,2,795,973,1504,2415,2129,4021,3616,7455,5890,8315,6687,6971,11327,14191,4470,8321,124,186,425,882,666,1640,890,2591,1339,2150,985,898,5992,8169,4192,7804,50448,36826,8728,2087,29894,12,8,4,1
2021-04-06T23:59:59+02:00,0,2,790,971,1490,2407,2100,3999,3543,7406,5709,8144,6240,6463,11126,13975,4455,8293,100,165,376,820,621,1565,847,2491,1287,2086,961,882,5975,8156,4190,7800,50377,36800,8545,1503,28180,12,7,4,1
2021-04-05T23:59:59+02:00,0,2,785,967,1474,2399,2076,3990,3492,7380,5566,8034,6039,6248,11059,13889,4449,8283,94,163,375,818,614,1556,839,2476,1274,2067,933,852,4883,6756,4111,7694,50179,33993,8541,1493,27401,12,7,4,1
2021-04-04T23:59:59+02:00,0,2,783,961,1472,2397,2072,3988,3475,7373,5556,8027,6028,6228,11045,13871,4447,8280,94,163,373,816,611,1551,832,2469,1259,2047,910,830,3881,5595,4045,7588,50164,31552,8539,1493,27291,12,7,4,1
2021-04-03T23:59:59+02:00,0,2,731,906,1390,2328,1949,3849,3214,7113,5096,7534,5685,5773,10874,13654,4421,8251,92,163,373,815,611,1549,831,2469,1259,2047,910,830,3881,5592,4045,7587,46931,31542,8539,1493,27289,12,7,4,1
2021-04-02T23:59:59+02:00,0,2,688,871,1335,2260,1851,3735,2958,6853,4582,7055,5295,5314,10777,13491,4416,8245,91,163,373,815,611,1549,829,2469,1257,2044,908,826,3878,5589,4044,7587,44009,31523,8538,1492,27171,12,6,4,1
2021-04-01T23:59:59+02:00,0,2,685,869,1324,2255,1831,3727,2929,6839,4508,6982,5186,5206,10738,13442,4415,8241,91,163,371,811,609,1546,829,2466,1253,2040,898,825,3874,5587,4043,7586,43993,31514,8394,1460,26782,12,6,4,1
2021-03-31T23:59:59+02:00,0,2,683,867,1317,2239,1823,3717,2901,6811,4445,6936,5047,5046,10229,12836,4411,8233,91,163,370,811,609,1546,829,2466,1251,2040,897,825,3874,5586,4043,7585,43981,31508,7267,1460,26286,12,6,3,1
2021-03-30T23:59:59+02:00,0,2,674,864,1299,2219,1793,3688,2866,6776,4360,6846,4880,4852,9704,12136,4404,8218,86,160,369,807,604,1543,824,2460,1243,2038,886,815,3866,5583,4042,7584,43956,31487,6082,1407,25534,10,6,3,1
2021-03-29T23:59:59+02:00,0,2,669,856,1286,2184,1776,3657,2835,6734,4290,6761,4681,4655,9619,12042,4401,8204,86,160,369,805,599,1539,822,2454,1239,2031,878,809,3858,5576,4042,7584,43889,31474,5865,1362,24889,9,6,3,1
2021-03-28T23:59:59+02:00,0,2,666,854,1283,2181,1761,3647,2820,6722,4256,6708,4585,4545,9582,11978,4396,8197,86,160,369,804,599,1539,820,2454,1237,2031,877,809,3857,5576,4042,7584,43867,31472,5856,1357,24451,9,6,3,1
2021-03-27T23:59:59+01:00,0,2,662,849,1274,2176,1745,3631,2792,6692,4093,6565,4009,4092,9353,11731,4383,8178,86,160,367,802,597,1537,818,2451,1229,2025,873,805,3679,5286,3941,7415,41925,30699,5852,1357,24441,9,6,3,1
2021-03-26T23:59:59+01:00,0,2,656,841,1266,2166,1725,3614,2766,6670,4017,6487,3604,3728,8756,11174,4370,8164,86,160,366,801,596,1534,814,2448,1220,2021,860,792,2962,4347,3732,7072,39995,28439,5839,1357,24164,9,6,2,1
2021-03-25T23:59:59+01:00,0,2,649,836,1253,2152,1706,3590,2707,6631,3934,6409,3429,3510,8646,11063,4365,8158,86,160,366,801,596,1534,814,2447,1219,2021,860,792,2961,4346,3731,7071,39982,28433,5732,1357,23318,9,6,2,1
2021-03-24T23:59:59+01:00,0,2,643,829,1220,2126,1661,3545,2629,6563,3778,6260,3111,3148,8239,10514,4356,8146,82,158,354,788,579,1516,781,2413,1169,1989,827,755,2952,4340,3731,7068,39960,28132,4975,1356,21827,8,6,2,1
2021-03-23T23:59:59+01:00,0,2,630,821,1195,2094,1619,3498,2549,6482,3629,6106,2732,2764,8023,10295,4349,8129,77,154,342,766,544,1485,720,2350,1067,1908,744,695,2916,4306,3727,7064,39918,27502,4685,1349,20306,8,6,2,1
2021-03-22T23:59:59+01:00,0,2,606,708,1159,2039,1586,3443,2496,6412,3489,5975,2490,2526,7693,9940,4333,8093,77,153,342,766,544,1483,719,2349,1064,1908,743,692,2912,4301,3726,7061,39450,27477,4361,1349,19171,8,6,2,1
2021-03-21T23:59:59+01:00,0,2,605,705,1153,2031,1575,3433,2479,6397,3452,5941,2349,2362,7600,9828,4325,8079,77,153,342,765,544,1483,719,2349,1064,1908,743,692,2912,4300,3726,7061,39446,27475,4347,1349,18515,8,6,2,1
2021-03-20T23:59:59+01:00,0,2,604,705,1151,2025,1568,3426,2473,6390,3435,5919,2317,2324,7110,9310,4309,8063,77,153,342,765,543,1483,717,2348,1064,1907,743,692,2912,4298,3724,7059,38407,27464,4335,1349,18381,8,6,2,1
2021-03-19T23:59:59+01:00,0,2,597,698,1137,2009,1533,3403,2403,6251,3372,5811,2134,2145,6803,8992,4290,8038,77,153,341,759,539,1480,712,2340,1053,1894,734,685,2489,3696,3310,6313,37803,25218,4319,1349,17488,2,6,2,1
2021-03-18T23:59:59+01:00,0,2,582,682,1117,1979,1506,3373,2363,6183,3299,5722,1982,1949,6685,8873,4284,8027,76,153,341,757,538,1480,711,2336,1050,1893,727,682,2439,3624,3283,6271,37783,25026,4308,1327,16509,2,6,2,1
2021-03-17T23:59:59+01:00,0,1,552,656,1072,1923,1469,3289,2285,6066,3147,5567,1726,1683,6519,8720,4274,8012,75,149,329,730,522,1436,689,2278,1012,1852,710,663,2201,3331,3203,6147,37711,24064,3785,1255,15458,2,6,1,1
2021-03-16T23:59:59+01:00,0,1,508,627,1032,1867,1418,3185,2220,5912,3031,5433,1530,1461,6385,8573,4264,7991,69,136,308,674,492,1359,660,2143,983,1724,661,613,2090,3197,3180,6063,37656,23321,3166,1024,14610,2,5,1,1
2021-03-15T23:59:59+01:00,0,1,496,616,1001,1821,1384,3117,2189,5827,2944,5349,1406,1327,5806,7887,4225,7928,66,129,293,616,477,1239,622,2013,943,1611,633,593,2053,3158,3167,6004,36423,22925,2812,690,14088,2,0,1,1
2021-03-14T23:59:59+01:00,0,1,491,610,991,1809,1381,3100,2173,5809,2910,5322,1364,1277,5414,7440,4202,7910,65,124,289,593,471,1212,616,1957,933,1586,633,593,2053,3158,3166,6002,35608,22919,2807,530,13788,2,0,1,1
2021-03-13T23:59:59+01:00,0,1,470,592,954,1762,1328,3036,1917,5221,2670,4910,1259,1164,4765,6593,4153,7835,65,124,288,590,469,1210,614,1955,932,1582,631,588,1692,2678,2643,5248,33940,20777,2803,530,11886,2,0,1,1
2021-03-12T23:59:59+01:00,0,1,454,571,934,1721,1298,2955,1713,4433,2463,4461,1189,1081,4069,5793,4106,7753,65,122,287,586,469,1207,612,1947,927,1576,628,581,1372,2141,2109,4455,32268,18553,2800,530,9926,1,0,1,1
2021-03-11T23:59:59+01:00,0,1,450,564,926,1710,1283,2938,1688,4399,2427,4425,1115,1026,4027,5757,4103,7749,65,114,281,564,455,1155,603,1898,908,1540,616,568,1366,2124,2100,4406,32236,18304,2706,458,9645,1,0,1,1
2021-03-10T23:59:59+01:00,0,1,429,553,881,1652,1229,2861,1615,4302,2361,4332,1082,1003,4011,5742,4102,7747,65,114,279,560,452,1148,598,1875,908,1535,610,560,1305,2038,2057,4350,32221,18020,2141,433,9540,1,0,1,1
2021-03-09T23:59:59+01:00,0,1,407,537,833,1602,1188,2798,1574,4219,2318,4279,1061,992,4005,5735,4101,7746,63,113,278,559,451,1137,596,1863,902,1530,608,554,1100,1729,1942,4178,32175,17196,1692,406,9528,1,0,1,1
2021-03-08T23:59:59+01:00,0,1,400,526,823,1588,1179,2782,1566,4194,2307,4266,1048,982,3968,5688,4099,7741,62,113,274,554,447,1131,595,1859,898,1528,608,554,1031,1638,1897,4135,32048,16941,1596,382,9513,1,0,1,1
2021-03-07T23:59:59+01:00,0,1,399,523,823,1587,1177,2780,1562,4188,2297,4261,1042,974,3962,5682,4098,7740,59,110,265,532,435,1105,580,1759,863,1453,607,554,927,1509,1847,4067,32032,16583,1557,89,9506,0,0,1,1
2021-03-06T23:59:59+01:00,0,1,391,507,804,1554,1154,2722,1521,4121,2104,3765,1013,937,3789,5411,4001,7579,59,110,265,532,435,1104,580,1759,863,1453,607,554,924,1508,1844,4066,31326,16574,1557,89,8490,0,0,1,1
2021-03-05T23:59:59+01:00,0,1,376,467,771,1450,1104,2505,1446,3908,1891,3095,983,892,3044,4452,3797,7240,59,109,264,529,432,1098,579,1754,859,1450,604,552,885,1449,1821,4028,29030,16383,1556,89,6835,0,0,1,1
2021-03-04T23:59:59+01:00,0,1,361,459,764,1430,1091,2482,1427,3879,1868,3076,970,888,3040,4448,3794,7238,59,108,261,526,428,1082,569,1732,858,1442,602,550,848,1395,1798,3993,29017,16225,1518,26,6680,0,0,1,1
2021-03-03T23:59:59+01:00,0,1,350,427,745,1379,1060,2399,1377,3725,1790,2979,937,844,3030,4442,3794,7235,58,107,258,524,427,1078,567,1723,855,1438,602,549,828,1342,1713,3848,28704,15893,1518,24,6291,0,0,1,1
2021-03-02T23:59:59+01:00,0,1,344,418,729,1355,1012,2354,1308,3641,1674,2883,849,778,2988,4405,3788,7230,58,107,257,520,426,1070,567,1717,855,1434,601,549,828,1342,1713,3848,28067,15868,1455,24,6234,0,0,1,1
2021-03-01T23:59:59+01:00,0,1,340,404,722,1308,999,2296,1288,3559,1648,2834,831,769,2980,4395,3788,7230,58,106,256,516,421,1056,563,1704,846,1426,600,547,732,1190,1659,3768,28027,15424,1406,24,5958,0,0,1,1
2021-02-28T23:59:59+01:00,0,1,335,391,714,1269,986,2220,1276,3472,1626,2755,827,759,2978,4391,3787,7228,58,106,256,516,421,1055,563,1704,844,1426,600,546,636,1066,1613,3688,28016,15075,1403,23,5595,0,0,1,1
2021-02-27T23:59:59+01:00,0,1,326,371,700,1244,966,2183,1241,3403,1603,2702,810,744,2975,4391,3786,7228,58,106,256,516,421,1055,562,1704,843,1426,600,546,636,1065,1613,3688,28014,15072,1403,23,5256,0,0,1,1
2021-02-26T23:59:59+01:00,0,1,301,318,652,1179,902,2065,1151,3237,1499,2563,781,721,2546,3786,3369,6462,58,106,253,514,421,1053,560,1702,840,1420,596,544,629,1053,1604,3669,25751,14999,1403,23,4378,0,0,1,1
2021-02-25T23:59:59+01:00,0,1,296,305,639,1147,881,2023,1132,3171,1481,2518,778,718,2500,3713,3339,6418,56,104,249,506,421,1049,555,1692,837,1409,590,539,552,943,1560,3613,25531,14654,1403,21,4125,0,0,1,1
2021-02-24T23:59:59+01:00,0,1,277,295,588,1101,834,1956,1074,3076,1437,2460,761,699,2262,3411,3258,6288,55,100,245,499,415,1031,546,1670,834,1390,583,528,539,923,1549,3591,24551,14483,1403,15,3823,0,0,1,1
2021-02-23T23:59:59+01:00,0,1,264,275,560,1044,797,1879,1006,2927,1365,2358,710,649,2151,3276,3235,6198,55,98,243,493,415,1015,536,1638,827,1368,575,522,524,876,1538,3547,23763,14255,1398,15,3533,0,0,1,1
2021-02-22T23:59:59+01:00,0,1,260,269,548,982,777,1803,981,2833,1329,2298,687,629,2124,3241,3227,6141,55,97,237,487,413,1002,527,1622,823,1343,561,510,507,851,1532,3497,23374,14049,1398,15,3357,0,0,1,1
2021-02-21T23:59:59+01:00,0,1,257,261,539,957,764,1766,973,2785,1299,2272,687,627,2122,3241,3226,6140,55,97,236,487,413,1002,527,1622,823,1342,561,509,507,851,1532,3496,23368,14045,1398,15,3150,0,0,1,1
2021-02-20T23:59:59+01:00,0,1,173,230,468,908,696,1689,903,2696,1214,2173,672,612,1754,2727,2677,5346,55,97,236,487,413,1002,527,1621,823,1342,561,509,507,851,1532,3496,21118,14044,1398,15,2422,0,0,1,1
2021-02-19T23:59:59+01:00,0,1,82,167,357,827,570,1556,770,2547,1078,2021,656,591,1452,2215,2142,4557,55,97,236,487,413,1001,527,1621,823,1341,561,509,500,847,1531,3490,18937,14025,1398,14,1253,0,0,1,1
2021-02-18T23:59:59+01:00,0,1,79,162,345,777,549,1467,737,2407,1045,1954,641,581,1443,2197,2133,4508,52,90,231,465,399,936,512,1541,804,1267,547,495,494,829,1530,3473,18700,13651,1373,14,952,0,0,1,1
2021-02-17T23:59:59+01:00,0,1,78,154,331,754,540,1434,708,2314,1009,1855,635,571,1385,2110,2087,4459,52,87,229,456,391,898,501,1476,785,1185,534,483,492,827,1530,3473,18442,13385,1300,14,682,0,0,1,1
2021-02-16T23:59:59+01:00,0,1,73,148,316,715,512,1361,676,2206,984,1750,625,564,1141,1766,1969,4282,51,78,228,451,385,868,488,1411,759,1118,513,470,490,827,1527,3472,17536,13134,1062,2,490,0,0,1,1
2021-02-15T23:59:59+01:00,0,1,68,132,290,612,477,1220,621,1993,934,1591,616,562,1058,1660,1918,4220,51,78,226,446,381,862,487,1407,756,1111,513,470,489,824,1526,3469,17211,13096,724,0,37,0,0,1,1
2021-02-14T23:59:59+01:00,0,1,67,125,285,587,472,1191,610,1939,920,1569,616,562,961,1537,1873,4164,51,78,226,446,381,862,487,1405,756,1111,513,470,489,824,1526,3469,16887,13094,569,0,22,0,0,1,1
2021-02-13T23:59:59+01:00,0,1,67,124,285,586,471,1187,609,1937,918,1566,615,561,960,1528,1869,4161,51,78,226,445,379,858,486,1400,754,1110,511,468,472,786,1271,3011,16853,12306,569,0,22,0,0,1,1
2021-02-12T23:59:59+01:00,0,1,66,124,284,585,467,1183,609,1934,915,1565,612,560,921,1477,1849,4121,51,78,226,441,376,849,481,1391,748,1104,504,460,454,747,925,2319,16684,11154,569,0,19,0,0,1,1
2021-02-11T23:59:59+01:00,0,1,66,117,281,574,454,1156,603,1908,908,1553,611,559,879,1419,1827,4084,51,75,211,411,362,802,465,1318,733,1072,501,459,454,747,924,2318,16508,10904,486,0,5,0,0,1,0
2021-02-10T23:59:59+01:00,0,1,65,117,277,571,452,1151,599,1892,903,1549,611,559,870,1403,1806,4040,50,65,177,334,308,699,415,1146,654,978,466,447,449,746,924,2317,16406,10176,458,0,1,0,0,1,0
2021-02-09T23:59:59+01:00,0,1,63,115,271,568,449,1138,598,1878,897,1543,610,558,858,1368,1741,3937,42,53,124,256,232,548,334,944,552,824,431,436,445,745,922,2317,16162,9206,430,0,0,0,0,1,0
2021-02-08T23:59:59+01:00,0,1,62,115,268,559,446,1131,597,1863,891,1535,609,556,757,1218,1687,3855,38,43,86,166,169,410,268,706,492,689,423,429,441,742,921,2317,15744,8341,405,0,0,0,0,1,0
2021-02-07T23:59:59+01:00,0,1,59,112,259,536,431,1100,581,1760,856,1456,608,555,655,1091,1640,3772,37,42,82,164,166,403,263,693,487,678,421,428,441,742,921,2316,15375,8285,96,0,0,0,0,1,0
2021-02-06T23:59:59+01:00,0,1,59,112,258,536,431,1100,579,1759,854,1453,605,553,653,1082,1634,3765,34,41,81,161,163,393,259,685,476,670,413,427,405,694,687,1935,15337,7525,96,0,0,0,0,1,0
2021-02-05T23:59:59+01:00,0,1,59,112,256,533,431,1098,578,1758,852,1451,603,553,643,1075,1628,3754,32,39,77,155,158,385,251,666,459,660,407,427,399,669,299,1313,15288,6397,96,0,0,0,0,1,0
2021-02-04T23:59:59+01:00,0,1,57,110,251,526,425,1082,562,1731,848,1437,596,544,560,958,1580,3696,31,36,73,150,152,374,237,645,442,646,402,421,394,662,297,1308,14935,6271,28,0,0,0,0,1,0
2021-02-03T23:59:59+01:00,0,1,56,105,247,519,424,1062,559,1716,846,1422,592,534,550,948,1577,3683,24,28,59,118,119,275,173,505,333,497,300,321,319,521,226,1047,14814,4866,26,0,0,0,0,1,0
2021-02-02T23:59:59+01:00,0,1,56,103,244,513,424,1044,547,1683,838,1398,579,525,539,903,1568,3639,17,21,40,77,83,181,121,341,218,358,211,215,203,327,162,693,14577,3269,26,0,0,0,0,1,0
2021-02-01T23:59:59+01:00,0,1,56,101,240,505,422,1028,539,1662,834,1375,571,519,522,874,1560,3595,7,11,20,40,45,93,64,168,94,161,99,98,85,152,70,307,14377,1514,26,0,0,0,0,1,0
2021-01-31T23:59:59+01:00,0,1,56,101,239,504,420,1024,537,1657,831,1372,571,518,522,874,1560,3594,7,11,18,36,40,79,60,142,81,146,95,98,84,151,68,306,14355,1422,25,0,0,0,0,1,0
2021-01-30T23:59:59+01:00,0,1,56,101,239,504,420,1024,537,1657,831,1372,571,518,522,874,1560,3594,7,11,18,36,40,79,60,142,81,146,95,97,84,151,68,306,14355,1421,25,0,0,0,0,1,0
2021-01-29T23:59:59+01:00,0,1,56,101,239,504,420,1024,537,1657,831,1372,571,518,522,874,1560,3594,7,11,18,36,40,79,60,142,81,146,95,97,84,151,68,306,14355,1421,25,0,0,0,0,1,0
2021-01-28T23:59:59+01:00,0,1,54,93,235,476,408,958,519,1571,809,1290,558,503,516,857,1558,3580,3,2,4,6,11,13,19,34,21,31,16,20,19,33,17,91,13966,340,19,0,0,0,0,1,0
2021-01-27T23:59:59+01:00,0,1,52,89,235,466,400,919,509,1505,789,1207,546,490,514,855,1558,3580,3,2,4,6,9,13,19,33,21,30,16,20,19,33,17,91,13697,336,17,0,0,0,0,1,0
2021-01-26T23:59:59+01:00,0,1,51,83,231,463,393,890,498,1437,764,1140,524,477,512,855,1558,3580,1,2,4,6,9,12,17,29,17,25,14,18,17,31,17,84,13440,303,16,0,0,0,0,1,0
2021-01-25T23:59:59+01:00,0,1,51,83,228,458,390,884,498,1434,762,1135,524,477,512,854,1558,3578,0,0,0,0,0,0,0,0,0,0,1,1,0,2,0,0,13411,4,15,0,0,0,0,1,0
2021-01-24T23:59:59+01:00,0,1,51,83,228,458,390,884,498,1433,762,1135,524,477,512,854,1558,3578,0,0,0,0,0,0,0,0,0,0,1,1,0,2,0,0,13410,4,15,0,0,0,0,1,0
2021-01-23T23:59:59+01:00,0,1,51,83,228,457,389,880,498,1427,761,1133,521,475,495,816,1305,3110,0,0,0,0,0,0,0,0,0,0,1,1,0,2,0,0,12614,4,15,0,0,0,0,1,0
2021-01-22T23:59:59+01:00,0,1,51,83,227,453,385,871,493,1417,756,1125,515,467,478,775,947,2395,0,0,0,0,0,0,0,0,0,0,1,1,0,2,0,0,11424,4,15,0,0,0,0,0,0
2021-01-21T23:59:59+01:00,0,1,51,80,209,420,358,815,466,1318,730,1091,511,467,478,775,946,2394,0,0,0,0,0,0,0,0,0,0,1,1,0,2,0,0,11095,4,15,0,0,0,0,0,0
2021-01-20T23:59:59+01:00,0,1,49,70,181,349,317,730,424,1164,660,1000,475,456,473,775,946,2393,0,0,0,0,0,0,0,0,0,0,1,1,0,2,0,0,10448,4,15,0,0,0,0,0,0
2021-01-19T23:59:59+01:00,0,1,43,57,135,272,244,571,347,982,570,860,440,444,469,773,946,2393,0,0,0,0,0,0,0,0,0,0,1,0,0,2,0,0,9540,3,7,0,0,0,0,0,0
2021-01-18T23:59:59+01:00,0,1,39,44,86,173,175,421,278,719,499,703,431,437,466,768,944,2393,0,0,0,0,0,0,0,0,0,0,0,0,0,1,0,0,8577,1,0,0,0,0,0,0,0
2021-01-17T23:59:59+01:00,0,1,37,43,83,169,171,413,274,708,494,690,429,437,466,768,944,2392,0,0,0,0,0,0,0,0,0,0,0,0,0,0,0,0,8519,0,0,0,0,0,0,0,0
2021-01-16T23:59:59+01:00,0,1,34,42,81,167,167,404,267,701,479,682,421,436,427,721,704,2007,0,0,0,0,0,0,0,0,0,0,0,0,0,0,0,0,7741,0,0,0,0,0,0,0,0
2021-01-15T23:59:59+01:00,0,1,32,40,78,160,164,398,260,684,465,674,415,435,422,697,310,1376,0,0,0,0,0,0,0,0,0,0,0,0,0,0,0,0,6611,0,0,0,0,0,0,0,0
2021-01-14T23:59:59+01:00,0,1,32,38,77,156,159,393,252,675,454,666,412,433,422,696,310,1376,0,0,0,0,0,0,0,0,0,0,0,0,0,0,0,0,6552,0,0,0,0,0,0,0,0
2021-01-13T23:59:59+01:00,0,0,24,31,61,123,124,298,192,541,346,523,315,332,348,551,239,1107,0,0,0,0,0,0,0,0,0,0,0,0,0,0,0,0,5155,0,0,0,0,0,0,0,0
2021-01-12T23:59:59+01:00,0,0,17,24,45,85,89,210,139,391,236,387,225,226,227,355,173,750,0,0,0,0,0,0,0,0,0,0,0,0,0,0,0,0,3579,0,0,0,0,0,0,0,0
2021-01-11T23:59:59+01:00,0,0,9,15,26,44,59,134,88,220,124,205,112,107,99,172,80,333,0,0,0,0,0,0,0,0,0,0,0,0,0,0,0,0,1827,0,0,0,0,0,0,0,0
2021-01-10T23:59:59+01:00,0,0,8,15,22,41,52,106,80,179,105,172,106,104,95,170,77,333,0,0,0,0,0,0,0,0,0,0,0,0,0,0,0,0,1665,0,0,0,0,0,0,0,0
2021-01-09T23:59:59+01:00,0,0,8,15,22,41,52,106,80,179,105,172,106,103,95,170,77,333,0,0,0,0,0,0,0,0,0,0,0,0,0,0,0,0,1664,0,0,0,0,0,0,0,0
2021-01-08T23:59:59+01:00,0,0,8,14,21,40,50,100,75,168,99,169,103,99,90,161,75,325,0,0,0,0,0,0,0,0,0,0,0,0,0,0,0,0,1597,0,0,0,0,0,0,0,0
2021-01-07T23:59:59+01:00,0,0,3,3,4,7,11,14,20,34,23,34,17,20,20,34,19,95,0,0,0,0,0,0,0,0,0,0,0,0,0,0,0,0,358,0,0,0,0,0,0,0,0
2021-01-06T23:59:59+01:00,0,0,3,2,4,6,9,13,20,33,21,31,17,20,20,34,19,94,0,0,0,0,0,0,0,0,0,0,0,0,0,0,0,0,346,0,0,0,0,0,0,0,0
2021-01-05T23:59:59+01:00,0,0,3,2,4,6,9,13,20,33,21,31,17,20,20,34,19,94,0,0,0,0,0,0,0,0,0,0,0,0,0,0,0,0,346,0,0,0,0,0,0,0,0
2021-01-04T23:59:59+01:00,0,0,0,0,0,0,0,0,1,0,0,0,1,1,0,2,0,0,0,0,0,0,0,0,0,0,0,0,0,0,0,0,0,0,5,0,0,0,0,0,0,0,0
2021-01-03T23:59:59+01:00,0,0,0,0,0,0,0,0,1,0,0,0,1,1,0,2,0,0,0,0,0,0,0,0,0,0,0,0,0,0,0,0,0,0,5,0,0,0,0,0,0,0,0
2021-01-02T23:59:59+01:00,0,0,0,0,0,0,0,0,1,0,0,0,1,1,0,2,0,0,0,0,0,0,0,0,0,0,0,0,0,0,0,0,0,0,5,0,0,0,0,0,0,0,0
2021-01-01T23:59:59+01:00,0,0,0,0,0,0,0,0,1,0,0,0,1,1,0,2,0,0,0,0,0,0,0,0,0,0,0,0,0,0,0,0,0,0,5,0,0,0,0,0,0,0,0
2020-12-31T23:59:59+01:00,0,0,0,0,0,0,0,0,1,0,0,0,1,1,0,2,0,0,0,0,0,0,0,0,0,0,0,0,0,0,0,0,0,0,5,0,0,0,0,0,0,0,0
2020-12-30T23:59:59+01:00,0,0,0,0,0,0,0,0,1,0,0,0,1,1,0,2,0,0,0,0,0,0,0,0,0,0,0,0,0,0,0,0,0,0,5,0,0,0,0,0,0,0,0
2020-12-29T23:59:59+01:00,0,0,0,0,0,0,0,0,1,0,0,0,1,0,0,2,0,0,0,0,0,0,0,0,0,0,0,0,0,0,0,0,0,0,4,0,0,0,0,0,0,0,0
2020-12-28T23:59:59+01:00,0,0,0,0,0,0,0,0,0,0,0,0,1,0,0,1,0,0,0,0,0,0,0,0,0,0,0,0,0,0,0,0,0,0,2,0,0,0,0,0,0,0,0
2020-12-27T23:59:59+01:00,0,0,0,0,0,0,0,0,0,0,0,0,0,0,0,0,0,0,0,0,0,0,0,0,0,0,0,0,0,0,0,0,0,0,0,0,0,0,0,0,0,0,0
