Datum,<15_m,<15_w,15-24_1_m,15-24_1_w,25-34_1_m,25-34_1_w,35-44_1_m,35-44_1_w,45-54_1_m,45-54_1_w,55-64_1_m,55-64_1_w,65-74_1_m,65-74_1_w,75-84_1_m,75-84_1_w,>84_1_m,>84_1_w,<24_2_m,<24_2_w,25-34_2_m,25-34_2_w,35-44_2_m,35-44_2_w,45-54_2_m,45-54_2_w,55-64_2_m,55-64_2_w,65-74_2_m,65-74_2_w,75-84_2_m,75-84_2_w,>84_2_m,>84_2_w,bp_1,bp_2,mo_1,mo_2,az_1,az_2,ja,unb_1,unb_2
2021-08-04T23:59:59+02:00,863,775,11624,11071,15359,14381,18764,19227,25397,26727,32122,33272,24770,27704,16998,21729,5029,9526,8299,7788,12817,12068,16900,17224,23403,24593,30074,31199,23688,26480,16414,20885,4866,9079,227802,202615,30625,28980,46327,44338,10383,201,89
2021-08-03T23:59:59+02:00,848,756,11577,11033,15341,14361,18736,19207,25373,26699,32090,33240,24751,27685,16989,21724,5025,9525,8217,7702,12750,12020,16834,17175,23346,24559,30035,31152,23654,26446,16399,20874,4863,9075,227485,201982,30623,28970,46327,44331,10324,201,89
2021-08-02T23:59:59+02:00,839,753,11543,11002,15321,14336,18712,19190,25347,26678,32059,33214,24738,27667,16982,21715,5024,9524,8123,7614,12673,11966,16779,17119,23294,24499,29988,31099,23636,26423,16378,20864,4861,9071,227233,201323,30622,28969,46327,44323,10261,201,89
2021-08-01T23:59:59+02:00,832,746,11519,10973,15310,14323,18698,19179,25328,26666,32043,33199,24734,27659,16981,21712,5022,9523,8053,7548,12613,11920,16739,17073,23258,24469,29961,31074,23621,26404,16374,20858,4859,9070,227093,200871,30618,28968,46327,44306,10208,201,89
2021-07-31T23:59:59+02:00,829,745,11516,10967,15308,14320,18696,19175,25327,26665,32040,33198,24734,27658,16981,21712,5022,9523,7902,7359,11852,11248,16187,16638,23163,24390,29897,31003,23592,26368,16362,20839,4858,9068,227065,197665,30617,28968,46327,44305,10206,201,89
2021-07-30T23:59:59+02:00,828,744,11502,10958,15305,14317,18691,19170,25320,26660,32030,33193,24733,27656,16981,21710,5022,9523,7617,7119,11306,10804,15711,16211,23026,24284,29788,30892,23555,26323,16346,20817,4858,9063,226999,194590,30616,28967,46325,44292,10202,201,89
2021-07-29T23:59:59+02:00,816,735,11462,10912,15267,14296,18653,19145,25284,26626,31978,33165,24715,27637,16970,21693,5022,9521,7244,6812,10643,10291,15199,15801,22852,24139,29643,30784,23501,26271,16317,20792,4854,9060,226686,191143,30615,28959,46325,44208,10070,201,89
2021-07-28T23:59:59+02:00,798,723,11415,10860,15243,14267,18623,19119,25258,26599,31953,33141,24702,27619,16965,21681,5021,9517,7080,6657,10498,10175,15091,15668,22761,24044,29545,30689,23458,26216,16300,20763,4853,9050,226371,189922,30614,28957,46320,44100,9998,201,89
2021-07-27T23:59:59+02:00,789,714,11372,10824,15203,14227,18583,19093,25230,26573,31917,33119,24686,27594,16959,21670,5020,9509,6860,6449,10341,10058,14948,15536,22659,23938,29437,30576,23407,26152,16284,20737,4851,9039,226063,188784,30614,28632,46319,44067,9885,201,89
2021-07-26T23:59:59+02:00,779,702,11323,10780,15179,14206,18568,19066,25202,26544,31885,33093,24671,27573,16947,21659,5019,9506,6744,6373,10247,9981,14882,15458,22579,23879,29372,30502,23374,26109,16272,20720,4847,9033,225778,188002,30612,28630,46318,44026,9793,201,89
2021-07-25T23:59:59+02:00,768,692,11295,10753,15160,14180,18548,19042,25175,26521,31866,33075,24655,27562,16943,21650,5018,9504,6668,6293,10181,9917,14809,15398,22524,23826,29317,30464,23344,26087,16261,20706,4847,9029,225585,187417,30611,28626,46317,43996,9693,201,89
2021-07-24T23:59:59+02:00,744,671,11217,10670,15122,14153,18525,19020,25155,26507,31853,33062,24655,27558,16940,21648,5018,9504,6270,5935,10039,9803,14439,15119,22301,23670,29202,30381,23308,26049,16244,20689,4844,9025,225208,185073,30610,28625,46317,43994,9686,201,89
2021-07-23T23:59:59+02:00,718,649,11150,10589,15095,14120,18496,19005,25133,26488,31837,33045,24644,27553,16938,21648,5018,9501,5902,5625,9919,9697,14092,14857,22107,23499,29082,30264,23256,25981,16233,20668,4840,9018,224828,182814,30609,28625,46317,43983,9672,201,89
2021-07-22T23:59:59+02:00,677,609,10999,10427,14997,14033,18410,18957,25052,26434,31765,32981,24609,27512,16923,21630,5014,9496,5584,5329,9651,9486,13511,14383,21790,23240,28853,30037,23156,25884,16190,20631,4836,9015,223886,179512,30607,28615,46316,43965,9515,201,89
2021-07-21T23:59:59+02:00,657,585,10935,10373,14964,14006,18371,18921,25016,26405,31727,32933,24585,27481,16908,21619,5012,9491,4969,4864,9213,9237,13134,14155,21560,23087,28666,29889,23091,25808,16165,20608,4834,9012,223473,177762,30600,27348,46315,43797,9400,201,89
2021-07-20T23:59:59+02:00,639,568,10877,10319,14938,13972,18336,18894,24986,26374,31692,32901,24565,27460,16903,21605,5009,9484,4825,4753,9061,9105,12973,14023,21447,22966,28537,29766,23012,25705,16143,20569,4827,9006,223103,176427,30600,27336,46313,43650,9305,201,89
2021-07-19T23:59:59+02:00,626,556,10840,10288,14909,13952,18314,18886,24959,26349,31659,32873,24548,27437,16897,21594,5007,9481,4746,4683,8965,9031,12858,13927,21350,22860,28438,29646,22956,25648,16118,20540,4822,9000,222868,175495,30600,27328,46304,43554,9202,201,89
2021-07-18T23:59:59+02:00,612,547,10787,10237,14874,13931,18289,18869,24939,26332,31636,32855,24539,27427,16891,21585,5007,9477,4639,4580,8831,8910,12732,13789,21264,22769,28367,29569,22928,25619,16109,20527,4819,8999,222596,174490,30600,27314,46304,43501,9133,201,89
2021-07-17T23:59:59+02:00,540,477,10503,9942,14764,13833,18201,18792,24834,26258,31531,32806,24507,27393,16879,21565,5005,9476,4595,4539,8779,8839,12499,13599,20847,22433,28239,29439,22891,25567,16100,20512,4818,8996,221069,172732,30600,27314,46304,43499,9132,201,89
2021-07-16T23:59:59+02:00,511,441,10371,9824,14706,13793,18147,18741,24803,26225,31511,32784,24498,27378,16876,21558,5005,9473,4547,4497,8704,8799,12125,13322,20306,22040,28107,29347,22842,25530,16091,20507,4816,8994,220420,170634,30599,27312,46304,43492,9121,201,89
2021-07-15T23:59:59+02:00,481,403,10233,9720,14640,13744,18090,18673,24753,26177,31460,32732,24473,27342,16858,21542,4998,9469,4336,4360,8380,8592,11607,12921,19204,21196,27692,29004,22672,25361,16026,20434,4806,8978,219698,165948,30598,27299,46303,43296,8988,201,89
2021-07-14T23:59:59+02:00,460,390,10205,9695,14606,13724,18061,18638,24717,26136,31410,32679,24444,27314,16847,21525,4997,9467,4213,4211,8126,8422,11378,12777,19026,21085,27548,28879,22607,25283,15992,20396,4803,8969,219336,164391,30598,27281,46303,43123,8877,201,89
2021-07-13T23:59:59+02:00,436,376,10155,9643,14577,13697,18037,18605,24682,26115,31376,32640,24428,27284,16836,21514,4996,9465,4118,4117,7951,8264,11178,12587,18893,20949,27395,28718,22510,25198,15957,20343,4799,8958,218939,162943,30598,27260,46302,42865,8822,201,89
2021-07-12T23:59:59+02:00,423,355,10111,9594,14552,13679,18006,18575,24648,26075,31342,32597,24403,27262,16821,21509,4993,9462,4011,4018,7784,8142,11021,12452,18780,20828,27273,28599,22436,25137,15930,20317,4798,8953,218576,161785,30597,27239,46302,42675,8731,201,89
2021-07-11T23:59:59+02:00,415,337,10081,9566,14535,13659,17989,18565,24628,26067,31321,32579,24391,27252,16819,21507,4993,9460,3942,3945,7665,8043,10874,12324,18657,20728,27172,28487,22394,25089,15909,20292,4796,8950,218385,160823,30597,27234,46301,42476,8680,201,89
2021-07-10T23:59:59+02:00,389,314,9972,9461,14480,13620,17942,18542,24604,26047,31302,32563,24383,27243,16815,21503,4991,9458,3909,3920,7604,8003,10839,12295,18628,20704,27143,28465,22387,25074,15905,20287,4796,8950,217863,160523,30596,27233,46298,42428,8671,201,89
2021-07-09T23:59:59+02:00,329,267,9710,9252,14375,13539,17866,18472,24518,25994,31253,32502,24360,27212,16802,21485,4991,9452,3842,3880,7471,7913,10622,12150,18404,20566,26728,28146,22203,24882,15850,20227,4793,8943,216639,158388,30596,27230,46297,42300,8646,201,89
2021-07-08T23:59:59+02:00,250,200,9518,9111,14274,13463,17772,18402,24458,25944,31170,32446,24333,27181,16789,21467,4987,9447,3686,3755,7163,7724,10269,11921,18060,20284,26423,27889,22031,24724,15782,20154,4786,8927,215548,156015,30593,27185,46284,41731,8586,201,89
2021-07-07T23:59:59+02:00,212,171,9417,9007,14223,13430,17728,18360,24408,25904,31129,32406,24309,27151,16778,21449,4987,9439,3490,3626,6834,7501,9321,11191,17479,19855,26021,27581,21798,24422,15705,20058,4772,8913,214924,153407,30590,25442,46281,41139,8512,201,89
2021-07-06T23:59:59+02:00,190,159,9339,8949,14173,13402,17692,18318,24367,25865,31068,32359,24273,27123,16763,21432,4985,9437,3376,3551,6635,7379,9050,11028,17236,19675,25746,27326,21641,24220,15624,19954,4760,8898,214363,151483,30573,25432,46278,40637,8479,201,89
2021-07-05T23:59:59+02:00,178,144,9252,8868,14134,13360,17659,18268,24331,25835,31023,32308,24249,27101,16755,21418,4984,9435,3325,3516,6507,7300,8901,10907,17095,19537,25576,27171,21498,24053,15575,19902,4749,8888,213822,150425,30573,25423,46275,40152,8431,201,89
2021-07-04T23:59:59+02:00,163,137,9198,8818,14103,13348,17635,18250,24306,25816,31002,32283,24234,27087,16749,21410,4983,9432,3273,3474,6444,7260,8814,10836,17010,19452,25447,27062,21374,23925,15534,19851,4747,8881,213554,149769,30572,25414,46260,39762,8367,201,89
2021-07-03T23:59:59+02:00,160,134,8686,8320,13945,13228,17534,18132,24212,25758,30937,32234,24213,27065,16737,21398,4981,9429,3213,3395,6326,7141,8646,10695,16796,19270,25059,26754,21259,23789,15504,19811,4743,8875,211719,147731,30572,25414,46260,39707,8351,201,89
2021-07-02T23:59:59+02:00,153,130,8117,7848,13801,13119,17442,18055,24142,25687,30877,32172,24175,27023,16731,21378,4979,9424,3102,3288,6056,6986,8389,10454,16427,18943,24588,26331,21031,23517,15434,19729,4737,8872,209876,144669,30572,25412,46256,39382,8348,201,88
2021-07-01T23:59:59+02:00,140,120,7989,7742,13718,13062,17373,18004,24073,25636,30825,32120,24147,26998,16721,21366,4978,9423,2914,3099,5711,6702,7954,10039,15841,18472,23829,25681,20547,23045,15307,19569,4725,8847,209090,140130,30568,25401,46252,38352,8324,201,88
2021-06-30T23:59:59+02:00,123,107,7843,7627,13650,13014,17320,17951,24023,25583,30767,32075,24117,26976,16707,21349,4978,9418,2818,3020,5558,6559,7730,9818,14884,17603,23218,25134,20190,22653,15174,19409,4711,8813,208536,138605,30394,23129,46248,37233,8249,201,88
2021-06-29T23:59:59+02:00,108,94,7776,7536,13607,12975,17281,17907,23971,25522,30717,32016,24096,26950,16697,21333,4975,9414,2759,2976,5430,6461,7576,9684,14716,17432,22977,24902,19932,22328,15075,19309,4699,8793,207918,137490,30392,23117,46245,36144,8219,201,88
2021-06-28T23:59:59+02:00,103,88,7712,7465,13543,12916,17235,17856,23930,25477,30661,31972,24079,26922,16690,21323,4973,9412,2730,2944,5362,6414,7483,9613,14619,17351,22827,24688,19728,22082,15020,19240,4695,8779,207386,136895,30390,23107,46237,35349,8143,201,88
2021-06-27T23:59:59+02:00,89,83,7663,7402,13513,12880,17206,17824,23911,25442,30634,31944,24067,26914,16683,21318,4973,9410,2707,2930,5311,6389,7412,9568,14523,17288,22732,24601,19601,21941,14989,19189,4691,8770,207034,136388,30390,23096,46231,34975,8100,201,88
2021-06-26T23:59:59+02:00,85,80,7161,6850,13121,12582,17094,17723,23847,25383,30598,31909,24059,26897,16679,21307,4972,9409,2606,2821,5125,6201,7213,9379,13979,16833,22074,23969,19454,21800,14944,19136,4689,8762,204878,132798,30390,23096,46231,34955,8100,157,41
2021-06-25T23:59:59+02:00,84,78,6676,6367,12670,12212,16935,17605,23757,25316,30517,31869,24037,26870,16674,21297,4970,9407,2503,2666,4950,6010,6955,9084,13449,16304,21522,23385,19257,21592,14886,19069,4685,8750,202481,129109,30390,23096,46231,34744,8082,157,41
2021-06-24T23:59:59+02:00,74,66,6454,6152,12446,12062,16829,17522,23685,25264,30459,31822,24003,26828,16669,21287,4968,9400,2295,2427,4579,5633,6456,8593,12730,15589,20372,22384,18794,21114,14782,18938,4673,8735,201214,123171,30388,23084,46224,33796,8007,157,41
2021-06-23T23:59:59+02:00,69,64,5880,5653,12284,11950,16710,17408,23612,25217,30396,31772,23969,26805,16662,21273,4964,9396,2258,2375,4516,5512,6365,8443,12498,15300,20129,22126,18495,20786,14685,18824,4662,8718,200705,122154,29050,22936,46215,32609,7957,157,41
2021-06-22T23:59:59+02:00,66,59,5738,5525,12185,11845,16624,17333,23554,25155,30329,31694,23943,26773,16652,21252,4960,9394,2205,2340,4421,5430,6242,8296,11630,14639,19718,21721,18163,20434,14577,18686,4652,8698,199773,121238,29043,21244,46200,31425,7908,157,41
2021-06-21T23:59:59+02:00,63,56,5602,5413,12111,11753,16563,17249,23500,25081,30279,31636,23918,26745,16639,21237,4960,9390,2172,2304,4363,5333,6155,8170,10849,13936,19269,21312,17937,20206,14517,18592,4643,8682,198956,120446,29039,19461,46195,30648,7848,157,41
2021-06-20T23:59:59+02:00,61,54,5485,5287,11948,11570,16498,17125,23449,25015,30237,31580,23902,26724,16633,21222,4955,9385,2154,2276,4322,5293,6085,8122,10745,13856,19156,21185,17780,20015,14451,18509,4639,8675,197946,119911,29035,19458,46189,30054,7803,157,41
2021-06-19T23:59:59+02:00,57,50,5467,5267,11182,10907,16019,16736,23389,24971,30193,31537,23884,26704,16625,21210,4955,9385,2084,2158,4116,5064,5807,7843,10421,13525,18109,20333,17613,19831,14418,18444,4634,8663,195355,115726,29035,19458,46189,30040,7802,157,41
2021-06-18T23:59:59+02:00,54,49,5433,5241,10539,10325,15408,16174,23299,24902,30124,31474,23856,26674,16614,21195,4954,9383,2015,2071,3973,4922,5529,7574,10042,13162,16964,19129,17412,19594,14370,18380,4631,8653,192522,111338,29029,19457,46189,29788,7801,157,41
2021-06-17T23:59:59+02:00,47,40,5314,5138,9858,9817,14919,15785,23200,24814,30043,31380,23816,26628,16600,21174,4953,9380,1885,1964,3717,4676,5141,7211,9500,12673,15780,17938,16953,19105,14229,18206,4618,8629,189984,106219,29027,19449,46186,28872,7658,51,31
2021-06-16T23:59:59+02:00,45,32,5180,5002,9661,9657,14772,15656,23108,24720,29946,31304,23772,26584,16585,21162,4952,9370,1845,1923,3613,4591,5039,7093,8473,11823,15507,17645,16658,18769,14094,18036,4612,8596,188810,105339,29016,17576,46183,27927,7448,51,31
2021-06-15T23:59:59+02:00,40,26,4992,4815,9480,9502,14637,15514,23015,24630,29869,31218,23729,26511,16559,21129,4944,9355,1783,1865,3535,4496,4945,6981,8357,11681,15329,17418,16340,18461,13953,17867,4589,8538,187491,104583,29013,17572,46164,26710,7246,51,31
2021-06-14T23:59:59+02:00,38,23,4916,4751,9387,9395,14559,15425,22945,24556,29799,31158,23697,26472,16544,21111,4941,9349,1760,1842,3498,4472,4904,6949,8257,11618,15191,17284,16160,18257,13863,17770,4584,8531,186750,104358,29009,17569,46158,25888,7098,51,31
2021-06-13T23:59:59+02:00,37,22,4858,4703,9301,9320,14475,15358,22884,24505,29732,31106,23671,26444,16535,21101,4941,9347,1710,1827,3456,4448,4850,6906,8186,11581,15092,17189,16004,18073,13809,17697,4577,8524,186169,104079,29003,17567,46143,25282,6974,51,31
2021-06-12T23:59:59+02:00,35,21,4839,4688,9273,9297,14240,15184,22755,24376,29689,31062,23651,26427,16526,21093,4940,9345,1585,1705,3218,4237,4446,6603,7640,11151,13317,15501,15652,17702,13729,17595,4575,8510,185273,97382,29003,17567,46143,25218,6972,50,31
2021-06-11T23:59:59+02:00,31,20,4785,4634,9192,9244,13921,14963,22559,24228,29593,30971,23613,26382,16508,21081,4939,9342,1482,1572,3034,4028,4147,6239,7132,10607,11685,13624,15177,17128,13615,17448,4560,8496,183911,90493,29000,17566,46143,24987,6902,50,30
2021-06-10T23:59:59+02:00,25,17,4501,4406,8647,8913,12648,13946,21992,23780,29221,30668,23476,26224,16455,21013,4926,9327,1359,1480,2799,3847,3818,5955,6699,10217,10273,12297,14664,16555,13445,17241,4545,8470,178585,85959,28985,17564,46137,23687,6428,50,30
2021-06-09T23:59:59+02:00,22,13,4266,4242,8054,8622,11750,13287,21673,23566,28991,30516,23413,26161,16436,20989,4923,9323,1271,1426,2645,3776,3676,5876,6493,10125,10011,12118,14343,16209,13275,17061,4538,8452,176483,85628,27714,17462,46131,22309,5870,49,30
2021-06-08T23:59:59+02:00,18,10,4136,4142,7652,8396,11264,12997,21447,23387,28791,30363,23354,26087,16404,20947,4917,9314,1193,1399,2509,3718,3518,5809,5597,9381,9541,11759,14012,15807,13051,16826,4524,8430,174732,85276,27342,15311,46107,21065,5396,49,30
2021-06-07T23:59:59+02:00,14,8,4017,4063,7419,8290,10975,12819,21245,23273,28638,30247,23295,26034,16387,20922,4913,9306,1144,1280,2388,3658,3388,5747,5432,9306,9332,11632,13786,15550,12896,16659,4517,8412,173515,85089,27332,15308,46098,19833,4871,49,30
2021-06-06T23:59:59+02:00,12,8,3899,4004,7181,8168,10726,12658,21059,23184,28552,30157,23265,26000,16375,20904,4910,9302,1124,1263,2324,3622,3292,5695,5326,9231,9216,11531,13629,15396,12824,16565,4514,8405,172366,84900,27315,15304,46088,19181,4546,49,30
2021-06-05T23:59:59+02:00,12,8,3871,3967,7143,8129,10549,12501,20435,22677,28391,30012,23215,25955,16361,20885,4910,9298,1092,1162,2160,3169,3060,5158,5156,8900,8437,10584,12981,14558,12711,16418,4503,8395,170334,79527,27315,15304,46086,19050,4536,48,30
2021-06-04T23:59:59+02:00,12,8,3841,3941,7107,8104,10452,12409,20074,22350,28287,29916,23180,25917,16347,20875,4908,9297,1060,1095,2062,2859,2900,4681,4999,8531,7923,9926,11483,12843,12587,16221,4496,8377,169059,73155,27302,15303,46086,19028,4530,48,30
2021-06-03T23:59:59+02:00,7,5,3707,3839,6888,7967,9896,11987,18848,21420,27888,29606,23047,25775,16294,20813,4904,9283,1007,1050,1974,2747,2763,4526,4795,8231,7560,9478,11106,12447,12481,16108,4493,8364,164306,71370,27292,15300,46082,17987,4446,48,30
2021-06-02T23:59:59+02:00,7,5,3700,3831,6876,7950,9886,11976,18660,21240,27817,29557,23024,25754,16288,20804,4901,9281,1003,1043,1962,2717,2742,4507,4584,8048,7024,8990,11069,12406,12466,16093,4489,8358,164241,71262,26747,13808,46082,17965,4439,48,30
2021-06-01T23:59:59+02:00,7,5,3573,3755,6639,7803,9598,11783,18205,20893,27580,29362,22930,25652,16247,20751,4898,9269,966,995,1878,2647,2662,4435,4305,7815,6428,8459,10857,12193,12368,15990,4484,8346,162555,70823,25967,12516,46068,17150,4312,48,30
2021-05-31T23:59:59+02:00,7,5,3526,3710,6550,7735,9462,11684,18079,20802,27490,29286,22863,25591,16230,20723,4893,9262,937,971,1811,2607,2582,4392,4199,7751,6310,8384,10671,12025,12267,15875,4474,8338,161716,70464,25936,12511,46055,16449,4143,48,30
2021-05-30T23:59:59+02:00,7,4,3495,3686,6486,7681,9372,11594,17991,20722,27413,29216,22818,25546,16208,20696,4888,9252,932,964,1800,2597,2569,4379,4170,7726,6258,8343,10610,11946,12233,15833,4469,8329,161018,70421,25931,12508,46038,16162,4040,48,30
2021-05-29T23:59:59+02:00,7,4,3484,3667,6450,7654,9328,11557,17953,20683,27268,29111,22763,25472,16193,20676,4885,9248,896,945,1743,2551,2496,4294,3980,7472,5986,8048,8421,9295,12042,15492,4454,8300,160360,64199,25931,12506,46024,15642,4040,48,30
2021-05-28T23:59:59+02:00,7,4,3421,3612,6319,7577,9188,11426,17796,20552,27087,28990,22697,25396,16172,20659,4884,9247,883,931,1724,2531,2460,4241,3829,7175,5792,7787,5732,6195,11765,15096,4439,8251,159006,57350,25929,12506,46020,14916,4031,48,30
2021-05-27T23:59:59+02:00,7,4,3274,3482,6035,7397,8587,11094,17320,20215,26674,28643,22530,25231,16114,20596,4877,9229,833,873,1642,2436,2343,4107,3406,6208,5369,7194,5572,6022,11687,15023,4433,8234,155534,56868,25871,12460,46013,12183,3843,48,30
2021-05-26T23:59:59+02:00,7,4,3167,3399,5816,7231,8215,10808,16854,19909,26373,28407,22382,25098,16063,20522,4864,9209,816,865,1590,2411,2290,4077,3333,6134,5272,7124,5440,5895,11622,14957,4428,8222,152830,56796,25855,12458,45991,11590,3604,48,30
2021-05-25T23:59:59+02:00,7,4,3076,3336,5674,7118,8018,10646,15853,19130,26020,28053,22224,24945,16011,20442,4857,9199,796,847,1554,2367,2219,4018,3258,6066,5188,7060,5274,5727,11514,14877,4420,8211,151278,56731,23931,12271,45977,10985,3381,46,30
2021-05-24T23:59:59+02:00,7,4,3013,3318,5586,7074,7900,10585,14940,18441,25605,27741,22130,24842,15980,20406,4850,9187,788,845,1532,2350,2175,3983,3213,6019,5111,6980,5175,5620,11435,14801,4419,8205,150553,56699,21863,12195,45968,10550,3179,46,30
2021-05-23T23:59:59+02:00,7,4,3010,3314,5577,7067,7891,10577,14935,18440,25604,27740,22130,24842,15980,20406,4850,9187,786,842,1525,2343,2163,3970,3194,6004,5090,6947,5131,5568,11418,14777,4418,8203,150525,56691,21863,12195,45966,10304,3161,46,30
2021-05-22T23:59:59+02:00,6,4,2974,3272,5504,7021,7791,10490,14737,18279,25325,27498,22031,24756,15947,20363,4847,9183,764,821,1482,2291,2112,3891,3081,5884,4778,6381,4561,4826,10773,13956,4408,8164,148992,53447,21863,12195,45966,9342,3161,46,30
2021-05-21T23:59:59+02:00,4,4,2902,3197,5378,6925,7665,10344,14480,18049,25032,27263,21917,24648,15914,20315,4842,9174,733,768,1414,2163,2010,3625,2899,5551,4301,5482,4150,4290,10032,13016,4343,8038,147058,49717,21862,12195,45961,7744,3131,41,30
2021-05-20T23:59:59+02:00,4,4,2771,3034,5100,6670,7379,9977,14021,17566,24421,26714,21647,24353,15821,20196,4828,9144,719,758,1387,2138,1971,3592,2846,5498,4218,5406,4023,4188,9956,12953,4334,8027,142914,49626,21853,12184,45942,7275,2900,41,30
2021-05-19T23:59:59+02:00,4,4,2719,2982,5003,6531,7236,9795,12875,16531,24158,26427,21550,24223,15776,20135,4820,9137,700,732,1362,2090,1939,3507,2783,5352,4123,5299,3941,4098,9903,12889,4331,8023,141544,49598,19782,12120,45872,6658,2667,41,30
2021-05-18T23:59:59+02:00,4,4,2696,2959,4956,6499,7187,9765,12521,16256,23978,26275,21457,24134,15746,20082,4812,9125,671,675,1307,1961,1867,3306,2686,5144,3994,5102,3716,3821,9821,12809,4321,8013,141269,49578,18929,11122,45829,6097,2388,41,30
2021-05-17T23:59:59+02:00,4,4,2670,2938,4913,6429,7099,9657,12368,16078,23829,26115,21403,24083,15728,20059,4807,9117,663,661,1291,1925,1846,3257,2638,5036,3915,4988,3580,3670,9754,12746,4318,8004,140299,49556,18921,11112,45813,5368,2227,41,30
2021-05-16T23:59:59+02:00,4,4,2658,2924,4890,6362,7061,9574,12308,16004,23777,26055,21379,24066,15718,20045,4804,9114,658,655,1281,1922,1829,3248,2616,5024,3886,4966,3529,3604,9715,12714,4317,8002,139862,49545,18913,11101,45791,5151,2140,41,30
2021-05-15T23:59:59+02:00,4,4,2533,2785,4702,6157,6870,9388,11791,15587,23189,25505,21273,23948,15684,20002,4801,9106,608,592,1198,1835,1691,3094,2328,4717,3437,4456,3197,3177,9552,12509,4293,7973,136476,46585,18912,11101,45785,4827,2115,41,30
2021-05-14T23:59:59+02:00,4,4,2417,2609,4507,5932,6593,9075,11255,15078,22622,24938,21128,23809,15648,19944,4797,9095,545,515,1096,1715,1532,2878,1997,4313,2838,3868,2812,2739,9468,12362,4289,7969,132660,43659,18905,11099,45763,4063,2086,41,30
2021-05-13T23:59:59+02:00,4,4,2234,2322,4185,5549,6166,8601,10697,14392,21590,24026,20845,23535,15588,19845,4790,9080,541,515,1083,1699,1517,2859,1987,4287,2816,3842,2796,2721,9461,12358,4288,7969,126758,43584,18852,11091,45737,3970,2065,41,30
2021-05-12T23:59:59+02:00,4,4,2233,2319,4178,5548,6157,8595,10596,14271,21537,23987,20840,23524,15583,19837,4789,9080,533,493,1047,1644,1468,2780,1904,4201,2757,3783,2715,2626,9410,12285,4288,7969,126716,43581,18526,10264,45737,3967,2062,41,30
2021-05-11T23:59:59+02:00,4,4,2112,2280,4094,5483,6032,8481,10291,14020,21345,23825,20764,23452,15568,19804,4785,9075,508,469,986,1584,1399,2689,1804,4063,2684,3709,2561,2399,9346,12184,4287,7969,125774,43563,18189,9431,45454,3657,1961,41,30
2021-05-10T23:59:59+02:00,4,4,2071,2204,3987,5361,5897,8303,9500,13257,20966,23502,20674,23363,15529,19750,4775,9062,495,441,948,1520,1334,2600,1714,3901,2600,3614,2532,2375,9337,12166,4283,7964,124641,43535,16341,9249,45351,3176,1835,41,30
2021-05-09T23:59:59+02:00,4,4,2039,2189,3953,5321,5845,8255,9434,13188,20896,23429,20641,23322,15514,19723,4772,9048,488,432,927,1477,1308,2552,1680,3839,2562,3571,2523,2363,9327,12149,4283,7956,124198,43476,16337,9246,45256,2941,1745,41,30
2021-05-08T23:59:59+02:00,4,4,1976,2088,3769,5146,5572,8049,9123,12903,19763,22500,20445,23127,15481,19654,4767,9036,415,402,862,1437,1232,2479,1592,3737,2343,3359,1978,1936,9233,12064,4282,7956,120068,42016,16336,9245,45253,2299,1744,6,4
2021-05-07T23:59:59+02:00,4,4,1888,1976,3585,4975,5252,7753,8714,12532,18516,21229,20263,22915,15436,19596,4758,9017,324,343,753,1363,1101,2350,1458,3593,2170,3167,1610,1601,8745,11618,4281,7954,115130,40291,16334,9242,45233,1185,1710,6,4
2021-05-06T23:59:59+02:00,4,4,1704,1867,3299,4723,4802,7349,8072,11968,17276,19986,19929,22537,15329,19433,4748,9006,307,334,732,1334,1061,2304,1409,3509,2103,3099,1574,1546,8728,11587,4275,7951,109276,40271,16327,9236,44999,915,1428,6,4
2021-05-05T23:59:59+02:00,4,3,1634,1837,3219,4636,4725,7245,7941,11817,17120,19840,19809,22418,15253,19337,4726,8910,296,322,690,1282,1000,2229,1327,3359,1994,2982,1481,1448,8313,11019,4269,7933,108518,40235,16184,8111,44829,658,937,6,4
2021-05-04T23:59:59+02:00,4,3,1608,1808,3177,4562,4666,7135,7689,11523,16562,19261,19723,22288,15179,19240,4698,8800,280,309,667,1253,979,2175,1268,3240,1881,2825,1409,1342,8244,10916,4265,7915,107833,40210,14838,7835,44726,397,523,6,4
2021-05-03T23:59:59+02:00,4,3,1600,1804,3169,4548,4628,7113,7436,11292,15869,18665,19659,22203,15153,19206,4692,8790,265,288,645,1171,930,2087,1205,3101,1783,2688,1343,1262,8219,10881,4261,7906,107751,40200,13241,7628,44686,54,150,6,4
2021-05-02T23:59:59+02:00,4,3,1599,1802,3164,4546,4623,7110,7423,11282,15850,18653,19643,22195,15153,19204,4691,8790,265,285,642,1170,925,2084,1195,3095,1775,2681,1329,1255,8218,10876,4260,7906,107725,40177,13238,7626,44662,51,104,6,4
2021-05-01T23:59:59+02:00,4,3,1466,1660,2884,4296,4156,6750,6806,10799,13915,16773,19262,21799,15062,19088,4688,8774,263,285,639,1168,924,2081,1193,3094,1773,2677,1324,1251,8216,10874,4260,7906,100183,40147,13238,7626,44658,51,101,5,4
2021-04-30T23:59:59+02:00,3,3,1343,1510,2669,4073,3826,6354,6239,10204,12124,14735,18804,21260,14958,18946,4674,8764,258,284,632,1161,909,2073,1181,3084,1761,2664,1313,1242,8212,10869,4259,7905,92559,40100,13238,7626,44658,48,30,4,4
2021-04-29T23:59:59+02:00,2,3,1227,1445,2503,3947,3586,6150,5882,9901,10784,13458,18545,20983,14915,18876,4670,8758,257,280,627,1154,897,2067,1161,3079,1731,2628,1287,1218,8206,10860,4259,7905,87871,40068,13229,7493,44518,39,13,4,4
2021-04-28T23:59:59+02:00,2,3,1168,1439,2453,3928,3536,6126,5820,9868,10687,13390,18515,20949,14908,18860,4670,8755,257,279,625,1153,894,2065,1157,3075,1723,2627,1281,1200,7764,10340,4259,7905,87602,40047,13179,6508,44280,35,12,4,3
2021-04-27T23:59:59+02:00,2,3,1120,1412,2352,3884,3472,6099,5701,9813,10570,13314,18482,20911,14895,18845,4669,8753,256,279,623,1146,893,2063,1153,3072,1719,2623,1269,1183,7347,9760,4259,7905,87096,40028,13126,5479,44060,30,11,4,3
2021-04-26T23:59:59+02:00,2,3,1078,1383,2262,3792,3345,5999,5534,9693,10267,13055,18420,20857,14887,18827,4667,8753,255,278,622,1144,887,2060,1146,3069,1701,2613,1254,1170,7338,9740,4259,7905,85760,39941,13116,5458,43933,29,11,4,3
2021-04-25T23:59:59+02:00,2,3,1075,1381,2254,3790,3338,5995,5514,9686,10232,13025,18410,20845,14886,18821,4667,8752,254,278,622,1144,887,2060,1144,3069,1701,2613,1254,1170,7338,9738,4259,7905,85738,39939,13107,5456,43817,29,10,4,3
2021-04-24T23:59:59+02:00,2,2,1032,1264,2068,3252,3068,5382,5320,9274,9401,11980,17704,19951,14772,18662,4659,8741,252,277,621,1142,887,2059,1144,3068,1695,2608,1251,1165,7336,9737,4259,7904,79621,39913,13107,5452,43793,29,9,4,3
2021-04-23T23:59:59+02:00,1,2,1000,1181,1955,2905,2886,4831,5125,8845,8848,11259,16075,18095,14627,18456,4651,8718,252,277,620,1142,885,2057,1143,3068,1694,2607,1246,1160,7332,9735,4259,7903,72608,39899,13106,5441,43733,29,9,4,3
2021-04-22T23:59:59+02:00,1,2,995,1170,1935,2889,2866,4812,5068,8799,8737,11156,16005,18018,14601,18426,4649,8713,250,277,616,1141,882,2056,1135,3056,1679,2587,1222,1138,7327,9727,4259,7903,72562,39885,13050,5331,43217,28,9,4,3
2021-04-21T23:59:59+02:00,1,2,986,1162,1923,2876,2839,4786,5022,8744,8630,11033,15919,17934,14572,18392,4649,8708,245,274,606,1132,868,2026,1125,3031,1668,2562,1209,1125,7104,9409,4258,7903,72522,39878,12994,4629,42649,27,9,4,3
2021-04-20T23:59:59+02:00,1,2,959,1113,1871,2761,2766,4625,4929,8565,8456,10826,15688,17652,14514,18333,4642,8702,232,271,588,1111,842,1996,1097,3005,1633,2521,1190,1112,7096,9404,4257,7902,72486,39857,11865,4364,42041,25,9,4,3
2021-04-19T23:59:59+02:00,1,2,950,1104,1839,2741,2716,4600,4805,8504,8256,10715,15596,17554,14492,18314,4642,8696,226,263,570,1088,824,1964,1079,2962,1588,2466,1172,1093,7089,9401,4255,7901,72086,39823,11844,4084,41584,23,9,4,3
2021-04-18T23:59:59+02:00,1,2,947,1103,1834,2735,2708,4588,4787,8492,8216,10673,15547,17496,14482,18297,4641,8694,226,263,570,1087,823,1964,1079,2962,1588,2465,1172,1092,7087,9400,4254,7901,72040,39817,11841,4082,41349,23,9,4,3
2021-04-17T23:59:59+02:00,0,2,914,1089,1785,2697,2640,4509,4633,8352,7954,10445,13182,14596,14285,17945,4624,8658,224,263,570,1084,819,1958,1067,2955,1578,2445,1135,1051,6755,8984,4229,7853,65228,38865,11841,4071,41228,23,9,4,3
2021-04-16T23:59:59+02:00,0,2,908,1083,1773,2686,2598,4471,4541,8268,7774,10254,10355,11345,14011,17528,4605,8602,222,258,569,1081,814,1954,1057,2952,1570,2433,1124,1038,6749,8979,4226,7850,57963,38788,11839,4055,40989,23,9,4,2
2021-04-15T23:59:59+02:00,0,2,895,1078,1751,2672,2556,4438,4428,8207,7543,10053,10106,11126,13949,17462,4599,8588,220,258,569,1079,813,1952,1054,2949,1567,2430,1119,1034,6747,8977,4226,7850,57939,38774,11837,4038,39664,22,9,4,2
2021-04-14T23:59:59+02:00,0,2,876,1050,1693,2589,2467,4315,4238,8025,7269,9770,9733,10645,13800,17284,4593,8579,195,235,528,1028,790,1885,1019,2869,1517,2369,1093,1004,6743,8968,4226,7849,57907,38758,10889,3531,38119,20,9,4,1
2021-04-13T23:59:59+02:00,0,2,851,1028,1655,2537,2399,4232,4137,7889,7059,9555,9328,10128,13656,17117,4588,8567,159,211,493,979,750,1792,985,2759,1465,2299,1074,969,6727,8957,4225,7849,57864,38694,9943,2976,36908,14,9,4,1
2021-04-12T23:59:59+02:00,0,2,847,1026,1636,2534,2369,4219,4084,7838,6919,9384,9063,9813,13592,17058,4577,8551,148,197,465,939,727,1727,964,2687,1421,2249,1052,953,6711,8937,4222,7844,57806,38578,9912,2642,35781,14,9,4,1
2021-04-11T23:59:59+02:00,0,2,846,1025,1625,2534,2356,4217,4061,7826,6854,9323,8929,9648,13565,17010,4572,8542,148,197,465,937,727,1726,962,2687,1420,2249,1052,953,6709,8937,4222,7844,57794,38572,9910,2641,35218,13,9,4,1
2021-04-10T23:59:59+02:00,0,2,830,1020,1597,2505,2319,4188,3990,7769,6722,9206,8373,8913,12901,16158,4561,8500,145,197,463,934,721,1723,962,2680,1411,2242,1039,937,6240,8440,4207,7828,54462,37508,9909,2639,35170,13,9,4,1
2021-04-09T23:59:59+02:00,0,2,808,991,1557,2457,2252,4108,3837,7610,6375,8875,7852,8255,12087,15134,4491,8363,143,196,461,929,715,1716,954,2670,1396,2232,1017,916,5998,8171,4190,7801,50492,36848,9904,2635,34645,13,9,4,1
2021-04-08T23:59:59+02:00,0,2,799,981,1530,2433,2186,4059,3702,7523,6121,8576,7239,7600,11928,14934,4480,8346,143,193,456,927,710,1709,946,2660,1389,2219,1005,914,5995,8169,4189,7801,50459,36828,9880,2575,32087,13,9,4,1
2021-04-07T23:59:59+02:00,0,2,793,972,1504,2415,2128,4021,3616,7453,5890,8310,6686,6969,11323,14185,4468,8319,124,186,426,880,664,1640,890,2590,1339,2150,984,898,5987,8163,4188,7801,50432,36804,8726,2085,29884,13,8,4,1
2021-04-06T23:59:59+02:00,0,2,788,970,1490,2407,2099,3999,3543,7404,5709,8139,6239,6461,11122,13969,4453,8291,100,165,377,818,619,1565,847,2490,1287,2086,960,882,5970,8150,4186,7797,50361,36778,8543,1501,28170,13,7,4,1
2021-04-05T23:59:59+02:00,0,2,783,966,1474,2399,2075,3990,3492,7378,5566,8029,6038,6246,11055,13883,4447,8281,94,163,376,816,612,1556,839,2475,1274,2068,932,852,4879,6751,4108,7691,50163,33975,8539,1491,27391,13,7,4,1
2021-04-04T23:59:59+02:00,0,2,781,960,1472,2397,2071,3988,3475,7371,5556,8022,6027,6226,11041,13865,4445,8278,94,163,374,814,609,1551,832,2468,1259,2048,909,830,3879,5590,4042,7585,50148,31536,8537,1491,27281,13,7,4,1
2021-04-03T23:59:59+02:00,0,2,729,905,1390,2328,1948,3849,3214,7111,5096,7531,5684,5771,10870,13648,4419,8249,92,163,374,813,609,1549,831,2468,1259,2048,909,830,3879,5587,4042,7584,46917,31526,8537,1491,27279,13,7,4,1
2021-04-02T23:59:59+02:00,0,2,686,871,1335,2260,1850,3735,2958,6851,4582,7052,5294,5312,10773,13485,4414,8243,91,163,374,813,609,1549,829,2468,1257,2044,907,826,3876,5584,4041,7584,43996,31506,8536,1490,27161,13,6,4,1
2021-04-01T23:59:59+02:00,0,2,683,869,1324,2255,1830,3727,2929,6837,4508,6979,5185,5204,10734,13436,4413,8239,91,163,372,809,607,1546,829,2465,1253,2040,897,825,3872,5582,4040,7583,43980,31497,8392,1458,26772,13,6,4,1
2021-03-31T23:59:59+02:00,0,2,681,867,1317,2239,1822,3717,2901,6809,4445,6933,5046,5044,10225,12830,4409,8231,91,163,371,809,607,1546,829,2465,1251,2040,896,825,3872,5581,4040,7582,43968,31491,7265,1458,26276,13,6,3,1
2021-03-30T23:59:59+02:00,0,2,672,864,1299,2219,1792,3688,2866,6774,4360,6844,4879,4851,9700,12130,4402,8216,86,160,370,805,602,1543,824,2459,1243,2038,885,815,3864,5578,4039,7581,43943,31470,6080,1405,25526,11,6,3,1
2021-03-29T23:59:59+02:00,0,2,667,856,1286,2184,1775,3657,2835,6732,4290,6759,4680,4654,9615,12036,4399,8202,86,160,370,803,598,1539,822,2453,1239,2031,877,809,3856,5571,4039,7581,43876,31457,5863,1361,24881,10,6,3,1
2021-03-28T23:59:59+02:00,0,2,664,854,1283,2181,1760,3647,2820,6720,4256,6706,4584,4544,9578,11972,4394,8195,86,160,370,802,598,1539,820,2453,1237,2031,876,809,3855,5571,4039,7581,43854,31455,5854,1356,24443,10,6,3,1
2021-03-27T23:59:59+01:00,0,2,660,849,1274,2176,1744,3631,2792,6690,4093,6563,4008,4091,9349,11725,4381,8176,86,160,368,800,596,1537,818,2450,1229,2025,872,805,3678,5282,3938,7412,41912,30684,5850,1356,24433,10,6,3,1
2021-03-26T23:59:59+01:00,0,2,654,841,1266,2166,1724,3614,2766,6668,4018,6485,3603,3727,8752,11168,4368,8162,86,160,367,799,595,1534,814,2447,1220,2021,860,792,2961,4343,3729,7069,39983,28425,5837,1356,24156,10,6,2,1
2021-03-25T23:59:59+01:00,0,2,647,836,1253,2152,1705,3590,2707,6629,3935,6407,3428,3510,8643,11057,4363,8156,86,160,367,799,595,1534,814,2446,1219,2021,860,792,2960,4342,3728,7068,39970,28419,5730,1356,23312,10,6,2,1
2021-03-24T23:59:59+01:00,0,2,641,829,1220,2126,1660,3545,2629,6561,3779,6258,3110,3148,8237,10508,4354,8144,82,158,355,786,578,1516,781,2412,1169,1989,827,755,2951,4336,3728,7065,39948,28118,4974,1355,21821,9,6,2,1
2021-03-23T23:59:59+01:00,0,2,628,821,1195,2094,1618,3498,2549,6480,3630,6104,2731,2764,8021,10289,4347,8127,77,154,343,764,543,1485,720,2349,1067,1908,744,695,2915,4302,3724,7061,39906,27488,4684,1348,20300,9,6,2,1
2021-03-22T23:59:59+01:00,0,2,604,708,1159,2039,1585,3443,2496,6410,3490,5973,2489,2526,7691,9934,4331,8091,77,153,343,764,543,1483,719,2348,1064,1908,743,692,2911,4297,3723,7058,39438,27463,4360,1348,19165,9,6,2,1
2021-03-21T23:59:59+01:00,0,2,603,705,1153,2031,1574,3433,2479,6395,3453,5939,2348,2362,7598,9822,4323,8077,77,153,343,763,543,1483,719,2348,1064,1908,743,692,2911,4296,3723,7058,39434,27461,4346,1348,18509,9,6,2,1
2021-03-20T23:59:59+01:00,0,2,602,705,1151,2025,1567,3426,2473,6388,3436,5917,2316,2324,7108,9304,4307,8061,77,153,343,763,542,1483,717,2347,1064,1907,743,692,2911,4294,3721,7056,38395,27450,4334,1348,18375,9,6,2,1
2021-03-19T23:59:59+01:00,0,2,595,698,1137,2009,1532,3403,2403,6249,3373,5810,2133,2145,6801,8987,4288,8036,77,153,342,757,538,1480,712,2338,1053,1894,734,685,2488,3692,3307,6311,37792,25205,4318,1348,17483,2,6,2,1
2021-03-18T23:59:59+01:00,0,2,580,682,1117,1979,1505,3373,2363,6181,3300,5721,1981,1949,6683,8869,4282,8025,76,153,342,755,537,1480,711,2334,1050,1893,727,682,2438,3620,3280,6269,37772,25013,4307,1326,16505,2,6,2,1
2021-03-17T23:59:59+01:00,0,1,551,656,1072,1923,1468,3289,2285,6064,3148,5566,1725,1683,6517,8716,4272,8010,75,149,330,728,521,1436,689,2277,1012,1852,710,663,2200,3328,3200,6145,37700,24052,3784,1255,15455,2,6,1,1
2021-03-16T23:59:59+01:00,0,1,507,627,1032,1867,1417,3185,2220,5910,3032,5432,1529,1461,6383,8569,4262,7989,69,136,309,672,491,1359,660,2142,983,1724,661,613,2089,3194,3177,6061,37645,23309,3165,1024,14607,2,5,1,1
2021-03-15T23:59:59+01:00,0,1,495,616,1001,1821,1383,3117,2189,5825,2945,5349,1405,1327,5804,7883,4224,7926,66,129,294,614,476,1239,622,2012,943,1611,633,593,2052,3155,3164,6002,36414,22913,2811,690,14085,2,0,1,1
2021-03-14T23:59:59+01:00,0,1,490,610,991,1809,1380,3100,2173,5807,2911,5322,1363,1277,5412,7436,4201,7908,65,124,290,591,470,1212,616,1956,933,1586,633,593,2052,3155,3163,6000,35599,22907,2806,530,13785,2,0,1,1
2021-03-13T23:59:59+01:00,0,1,469,592,954,1762,1327,3036,1917,5219,2671,4910,1258,1164,4763,6589,4152,7833,65,124,289,588,468,1210,614,1954,932,1582,631,588,1691,2675,2640,5246,33931,20765,2802,530,11883,2,0,1,1
2021-03-12T23:59:59+01:00,0,1,453,571,934,1721,1297,2955,1713,4432,2464,4461,1188,1081,4067,5789,4105,7751,65,122,288,584,468,1207,612,1946,927,1576,628,581,1372,2139,2107,4455,32259,18546,2799,530,9924,1,0,1,1
2021-03-11T23:59:59+01:00,0,1,449,564,926,1710,1282,2938,1688,4398,2428,4425,1114,1026,4025,5753,4102,7747,65,114,282,562,454,1155,603,1897,908,1540,616,568,1366,2122,2098,4406,32227,18297,2705,458,9643,1,0,1,1
2021-03-10T23:59:59+01:00,0,1,428,553,881,1652,1228,2861,1615,4301,2362,4332,1081,1003,4009,5738,4101,7745,65,114,280,558,451,1148,598,1874,908,1535,610,560,1305,2036,2055,4350,32212,18013,2140,433,9538,1,0,1,1
2021-03-09T23:59:59+01:00,0,1,406,537,833,1602,1187,2798,1574,4218,2319,4279,1060,992,4003,5731,4100,7744,63,113,279,557,450,1137,596,1862,902,1530,608,554,1101,1727,1940,4178,32166,17190,1691,406,9526,1,0,1,1
2021-03-08T23:59:59+01:00,0,1,399,526,823,1588,1178,2782,1566,4193,2308,4266,1047,982,3967,5684,4098,7739,62,113,275,552,446,1131,595,1858,898,1528,608,554,1032,1637,1895,4135,32040,16936,1595,382,9511,1,0,1,1
2021-03-07T23:59:59+01:00,0,1,398,523,823,1587,1176,2780,1562,4187,2298,4261,1041,974,3961,5678,4097,7738,59,110,266,530,434,1105,580,1758,863,1453,607,554,928,1508,1845,4067,32024,16578,1556,89,9504,0,0,1,1
2021-03-06T23:59:59+01:00,0,1,390,507,804,1554,1153,2722,1521,4120,2105,3765,1012,937,3788,5407,4000,7577,59,110,266,530,434,1104,580,1758,863,1453,607,554,925,1507,1842,4066,31318,16569,1556,89,8488,0,0,1,1
2021-03-05T23:59:59+01:00,0,1,375,467,771,1450,1103,2505,1446,3907,1892,3095,983,892,3043,4448,3796,7238,59,109,265,527,431,1098,579,1753,859,1450,604,552,886,1449,1819,4028,29023,16379,1555,89,6833,0,0,1,1
2021-03-04T23:59:59+01:00,0,1,360,459,764,1430,1090,2482,1427,3878,1869,3076,970,888,3039,4444,3793,7236,59,108,262,524,427,1082,569,1731,858,1442,602,550,849,1395,1796,3993,29010,16221,1517,26,6678,0,0,1,1
2021-03-03T23:59:59+01:00,0,1,349,427,745,1379,1059,2399,1377,3724,1791,2979,937,844,3029,4438,3793,7233,58,107,259,522,426,1078,567,1722,855,1438,602,549,829,1342,1711,3848,28697,15889,1517,24,6289,0,0,1,1
2021-03-02T23:59:59+01:00,0,1,343,418,729,1355,1011,2354,1308,3640,1675,2883,849,778,2987,4401,3787,7228,58,107,258,518,425,1070,567,1716,855,1434,601,549,829,1342,1711,3848,28060,15864,1454,24,6232,0,0,1,1
2021-03-01T23:59:59+01:00,0,1,339,404,722,1308,999,2296,1288,3558,1649,2834,831,769,2979,4392,3787,7228,58,106,257,514,420,1056,563,1703,846,1426,600,547,733,1190,1658,3768,28021,15421,1406,24,5956,0,0,1,1
2021-02-28T23:59:59+01:00,0,1,334,391,714,1269,986,2220,1276,3471,1627,2755,827,759,2977,4388,3786,7226,58,106,257,514,420,1055,563,1703,844,1426,600,546,637,1066,1612,3688,28010,15072,1403,23,5593,0,0,1,1
2021-02-27T23:59:59+01:00,0,1,325,371,700,1244,966,2183,1241,3403,1604,2702,810,744,2974,4388,3785,7226,58,106,257,514,420,1055,562,1703,843,1426,600,546,637,1065,1612,3688,28008,15069,1403,23,5255,0,0,1,1
2021-02-26T23:59:59+01:00,0,1,300,318,652,1179,902,2065,1151,3237,1500,2563,781,721,2545,3783,3368,6460,58,106,254,512,420,1053,560,1701,840,1420,596,544,630,1053,1603,3669,25745,14996,1403,23,4377,0,0,1,1
2021-02-25T23:59:59+01:00,0,1,295,305,639,1147,881,2023,1132,3171,1482,2518,778,718,2499,3710,3338,6417,56,104,250,504,420,1049,555,1691,837,1409,590,539,553,943,1559,3613,25526,14651,1403,21,4124,0,0,1,1
2021-02-24T23:59:59+01:00,0,1,276,295,588,1101,834,1956,1074,3076,1438,2460,761,699,2261,3409,3257,6287,55,100,246,497,414,1031,546,1669,834,1390,583,528,540,923,1548,3591,24547,14480,1403,15,3822,0,0,1,1
2021-02-23T23:59:59+01:00,0,1,263,275,560,1044,797,1879,1006,2927,1366,2358,710,649,2150,3274,3234,6197,55,98,244,491,414,1015,536,1637,827,1368,575,522,525,876,1537,3547,23759,14252,1398,15,3532,0,0,1,1
2021-02-22T23:59:59+01:00,0,1,259,269,548,982,777,1803,981,2833,1330,2298,687,629,2123,3239,3226,6140,55,97,238,485,412,1002,527,1621,823,1343,561,510,508,851,1531,3497,23370,14046,1398,15,3356,0,0,1,1
2021-02-21T23:59:59+01:00,0,1,256,261,539,957,764,1766,973,2785,1300,2272,687,627,2121,3239,3225,6139,55,97,237,485,412,1002,527,1621,823,1342,561,509,508,851,1531,3496,23364,14042,1398,15,3149,0,0,1,1
2021-02-20T23:59:59+01:00,0,1,172,230,468,908,696,1689,903,2696,1215,2173,672,612,1753,2725,2676,5345,55,97,237,485,412,1002,527,1620,823,1342,561,509,508,851,1531,3496,21114,14041,1398,15,2421,0,0,1,1
2021-02-19T23:59:59+01:00,0,1,82,167,357,827,570,1556,770,2547,1079,2021,656,591,1451,2213,2142,4557,55,97,237,485,412,1001,527,1620,823,1341,561,509,500,847,1530,3490,18935,14021,1398,14,1253,0,0,1,1
2021-02-18T23:59:59+01:00,0,1,79,162,345,777,549,1467,737,2407,1046,1954,641,581,1442,2195,2133,4508,52,90,232,463,398,936,512,1540,804,1267,547,495,494,829,1529,3473,18698,13647,1373,14,952,0,0,1,1
2021-02-17T23:59:59+01:00,0,1,78,154,331,754,540,1434,708,2314,1010,1855,635,571,1384,2108,2087,4459,52,87,230,454,390,898,501,1475,785,1185,534,483,492,827,1529,3473,18440,13381,1300,14,682,0,0,1,1
2021-02-16T23:59:59+01:00,0,1,73,148,316,715,512,1361,676,2206,985,1750,625,564,1141,1764,1969,4282,51,78,229,449,384,868,488,1410,759,1118,513,470,490,827,1526,3472,17535,13130,1062,2,490,0,0,1,1
2021-02-15T23:59:59+01:00,0,1,68,132,290,612,477,1220,621,1993,935,1591,616,562,1058,1659,1918,4220,51,78,227,444,380,862,487,1406,756,1111,513,470,489,824,1525,3469,17211,13092,724,0,37,0,0,1,1
2021-02-14T23:59:59+01:00,0,1,67,125,285,587,472,1191,610,1939,921,1569,616,562,961,1536,1873,4164,51,78,227,444,380,862,487,1404,756,1111,513,470,489,824,1525,3469,16887,13090,569,0,22,0,0,1,1
2021-02-13T23:59:59+01:00,0,1,67,124,285,586,471,1187,609,1937,919,1566,615,561,960,1528,1869,4161,51,78,227,443,378,858,486,1399,754,1110,511,468,472,786,1270,3011,16854,12302,569,0,22,0,0,1,1
2021-02-12T23:59:59+01:00,0,1,66,124,284,585,467,1183,609,1934,916,1565,612,560,921,1477,1849,4121,51,78,227,439,375,849,481,1390,748,1104,504,460,454,747,924,2319,16685,11150,569,0,19,0,0,1,1
2021-02-11T23:59:59+01:00,0,1,66,117,281,574,454,1156,603,1908,909,1553,611,559,879,1419,1827,4084,51,75,212,409,361,802,465,1317,733,1072,501,459,454,747,923,2318,16509,10900,486,0,5,0,0,1,0
2021-02-10T23:59:59+01:00,0,1,65,117,277,571,452,1151,599,1892,904,1549,611,559,870,1403,1806,4040,50,65,178,332,307,699,415,1145,654,978,466,447,449,746,923,2317,16407,10172,458,0,1,0,0,1,0
2021-02-09T23:59:59+01:00,0,1,63,115,271,568,449,1138,598,1878,898,1543,610,558,858,1368,1741,3937,42,53,125,255,231,548,334,943,552,824,431,436,445,745,921,2317,16163,9203,430,0,0,0,0,1,0
2021-02-08T23:59:59+01:00,0,1,62,115,268,559,446,1131,597,1863,892,1535,609,556,757,1218,1687,3855,38,43,86,165,168,410,268,705,492,689,423,429,441,742,920,2317,15745,8337,405,0,0,0,0,1,0
2021-02-07T23:59:59+01:00,0,1,59,112,259,536,431,1100,581,1760,857,1456,608,555,655,1091,1640,3772,37,42,82,163,165,403,263,692,487,678,421,428,441,742,920,2316,15376,8281,96,0,0,0,0,1,0
2021-02-06T23:59:59+01:00,0,1,59,112,258,536,431,1100,579,1759,855,1453,605,553,653,1082,1634,3765,34,41,81,160,162,393,259,684,476,670,413,427,405,694,687,1935,15338,7522,96,0,0,0,0,1,0
2021-02-05T23:59:59+01:00,0,1,59,112,256,533,431,1098,578,1758,853,1451,603,553,643,1075,1628,3754,32,39,77,154,157,385,251,665,459,660,407,427,399,669,299,1313,15289,6394,96,0,0,0,0,1,0
2021-02-04T23:59:59+01:00,0,1,57,110,251,526,425,1082,562,1731,849,1437,596,544,560,958,1580,3696,31,36,73,149,151,374,237,644,442,646,402,421,394,662,297,1308,14936,6268,28,0,0,0,0,1,0
2021-02-03T23:59:59+01:00,0,1,56,105,247,519,424,1062,559,1716,847,1422,592,534,550,948,1577,3683,24,28,59,117,118,275,173,504,333,497,300,321,319,521,226,1047,14815,4863,26,0,0,0,0,1,0
2021-02-02T23:59:59+01:00,0,1,56,103,244,513,424,1044,547,1683,839,1398,579,525,539,903,1568,3639,17,21,40,76,82,181,121,340,218,358,211,215,203,327,162,693,14578,3266,26,0,0,0,0,1,0
2021-02-01T23:59:59+01:00,0,1,56,101,240,505,422,1028,539,1662,835,1375,571,519,522,874,1560,3595,7,11,20,40,44,93,64,168,94,161,99,98,85,152,70,307,14378,1513,26,0,0,0,0,1,0
2021-01-31T23:59:59+01:00,0,1,56,101,239,504,420,1024,537,1657,832,1372,571,518,522,874,1560,3594,7,11,18,36,39,79,60,142,81,146,95,98,84,151,68,306,14356,1421,25,0,0,0,0,1,0
2021-01-30T23:59:59+01:00,0,1,56,101,239,504,420,1024,537,1657,832,1372,571,518,522,874,1560,3594,7,11,18,36,39,79,60,142,81,146,95,97,84,151,68,306,14356,1420,25,0,0,0,0,1,0
2021-01-29T23:59:59+01:00,0,1,56,101,239,504,420,1024,537,1657,832,1372,571,518,522,874,1560,3594,7,11,18,36,39,79,60,142,81,146,95,97,84,151,68,306,14356,1420,25,0,0,0,0,1,0
2021-01-28T23:59:59+01:00,0,1,54,93,235,476,408,958,519,1571,810,1290,558,503,516,857,1558,3580,3,2,4,6,10,13,19,34,21,31,16,20,19,33,17,91,13967,339,19,0,0,0,0,1,0
2021-01-27T23:59:59+01:00,0,1,52,89,235,466,400,919,509,1505,790,1207,546,490,514,855,1558,3580,3,2,4,6,8,13,19,33,21,30,16,20,19,33,17,91,13698,335,17,0,0,0,0,1,0
2021-01-26T23:59:59+01:00,0,1,51,83,231,463,393,890,498,1437,765,1140,524,477,512,855,1558,3580,1,2,4,6,8,12,17,29,17,25,14,18,17,31,17,84,13441,302,16,0,0,0,0,1,0
2021-01-25T23:59:59+01:00,0,1,51,83,228,458,389,884,498,1434,763,1135,524,477,512,854,1558,3578,0,0,0,0,0,0,0,0,0,0,1,1,0,2,0,0,13411,4,15,0,0,0,0,1,0
2021-01-24T23:59:59+01:00,0,1,51,83,228,458,389,884,498,1433,763,1135,524,477,512,854,1558,3578,0,0,0,0,0,0,0,0,0,0,1,1,0,2,0,0,13410,4,15,0,0,0,0,1,0
2021-01-23T23:59:59+01:00,0,1,51,83,228,457,388,880,498,1427,762,1133,521,475,495,816,1305,3110,0,0,0,0,0,0,0,0,0,0,1,1,0,2,0,0,12614,4,15,0,0,0,0,1,0
2021-01-22T23:59:59+01:00,0,1,51,83,227,453,384,871,493,1417,757,1125,515,467,478,775,947,2395,0,0,0,0,0,0,0,0,0,0,1,1,0,2,0,0,11424,4,15,0,0,0,0,0,0
2021-01-21T23:59:59+01:00,0,1,51,80,209,420,357,815,466,1318,731,1091,511,467,478,775,946,2394,0,0,0,0,0,0,0,0,0,0,1,1,0,2,0,0,11095,4,15,0,0,0,0,0,0
2021-01-20T23:59:59+01:00,0,1,49,70,181,349,316,730,424,1164,661,1000,475,456,473,775,946,2393,0,0,0,0,0,0,0,0,0,0,1,1,0,2,0,0,10448,4,15,0,0,0,0,0,0
2021-01-19T23:59:59+01:00,0,1,43,57,135,272,243,571,347,982,571,860,440,444,469,773,946,2393,0,0,0,0,0,0,0,0,0,0,1,0,0,2,0,0,9540,3,7,0,0,0,0,0,0
2021-01-18T23:59:59+01:00,0,1,39,44,86,173,174,421,278,719,500,703,431,437,466,768,944,2393,0,0,0,0,0,0,0,0,0,0,0,0,0,1,0,0,8577,1,0,0,0,0,0,0,0
2021-01-17T23:59:59+01:00,0,1,37,43,83,169,170,413,274,708,495,690,429,437,466,768,944,2392,0,0,0,0,0,0,0,0,0,0,0,0,0,0,0,0,8519,0,0,0,0,0,0,0,0
2021-01-16T23:59:59+01:00,0,1,34,42,81,167,166,404,267,701,480,682,421,436,427,721,704,2007,0,0,0,0,0,0,0,0,0,0,0,0,0,0,0,0,7741,0,0,0,0,0,0,0,0
2021-01-15T23:59:59+01:00,0,1,32,40,78,160,163,398,260,684,466,674,415,435,422,697,310,1376,0,0,0,0,0,0,0,0,0,0,0,0,0,0,0,0,6611,0,0,0,0,0,0,0,0
2021-01-14T23:59:59+01:00,0,1,32,38,77,156,158,393,252,675,455,666,412,433,422,696,310,1376,0,0,0,0,0,0,0,0,0,0,0,0,0,0,0,0,6552,0,0,0,0,0,0,0,0
2021-01-13T23:59:59+01:00,0,0,24,31,61,123,123,298,192,541,347,523,315,332,348,551,239,1107,0,0,0,0,0,0,0,0,0,0,0,0,0,0,0,0,5155,0,0,0,0,0,0,0,0
2021-01-12T23:59:59+01:00,0,0,17,24,45,85,88,210,139,391,237,387,225,226,227,355,173,750,0,0,0,0,0,0,0,0,0,0,0,0,0,0,0,0,3579,0,0,0,0,0,0,0,0
2021-01-11T23:59:59+01:00,0,0,9,15,26,44,58,134,88,220,124,205,112,107,99,172,80,333,0,0,0,0,0,0,0,0,0,0,0,0,0,0,0,0,1826,0,0,0,0,0,0,0,0
2021-01-10T23:59:59+01:00,0,0,8,15,22,41,51,106,80,179,105,172,106,104,95,170,77,333,0,0,0,0,0,0,0,0,0,0,0,0,0,0,0,0,1664,0,0,0,0,0,0,0,0
2021-01-09T23:59:59+01:00,0,0,8,15,22,41,51,106,80,179,105,172,106,103,95,170,77,333,0,0,0,0,0,0,0,0,0,0,0,0,0,0,0,0,1663,0,0,0,0,0,0,0,0
2021-01-08T23:59:59+01:00,0,0,8,14,21,40,49,100,75,168,99,169,103,99,90,161,75,325,0,0,0,0,0,0,0,0,0,0,0,0,0,0,0,0,1596,0,0,0,0,0,0,0,0
2021-01-07T23:59:59+01:00,0,0,3,3,4,7,10,14,20,34,23,34,17,20,20,34,19,95,0,0,0,0,0,0,0,0,0,0,0,0,0,0,0,0,357,0,0,0,0,0,0,0,0
2021-01-06T23:59:59+01:00,0,0,3,2,4,6,8,13,20,33,21,31,17,20,20,34,19,94,0,0,0,0,0,0,0,0,0,0,0,0,0,0,0,0,345,0,0,0,0,0,0,0,0
2021-01-05T23:59:59+01:00,0,0,3,2,4,6,8,13,20,33,21,31,17,20,20,34,19,94,0,0,0,0,0,0,0,0,0,0,0,0,0,0,0,0,345,0,0,0,0,0,0,0,0
2021-01-04T23:59:59+01:00,0,0,0,0,0,0,0,0,1,0,0,0,1,1,0,2,0,0,0,0,0,0,0,0,0,0,0,0,0,0,0,0,0,0,5,0,0,0,0,0,0,0,0
2021-01-03T23:59:59+01:00,0,0,0,0,0,0,0,0,1,0,0,0,1,1,0,2,0,0,0,0,0,0,0,0,0,0,0,0,0,0,0,0,0,0,5,0,0,0,0,0,0,0,0
2021-01-02T23:59:59+01:00,0,0,0,0,0,0,0,0,1,0,0,0,1,1,0,2,0,0,0,0,0,0,0,0,0,0,0,0,0,0,0,0,0,0,5,0,0,0,0,0,0,0,0
2021-01-01T23:59:59+01:00,0,0,0,0,0,0,0,0,1,0,0,0,1,1,0,2,0,0,0,0,0,0,0,0,0,0,0,0,0,0,0,0,0,0,5,0,0,0,0,0,0,0,0
2020-12-31T23:59:59+01:00,0,0,0,0,0,0,0,0,1,0,0,0,1,1,0,2,0,0,0,0,0,0,0,0,0,0,0,0,0,0,0,0,0,0,5,0,0,0,0,0,0,0,0
2020-12-30T23:59:59+01:00,0,0,0,0,0,0,0,0,1,0,0,0,1,1,0,2,0,0,0,0,0,0,0,0,0,0,0,0,0,0,0,0,0,0,5,0,0,0,0,0,0,0,0
2020-12-29T23:59:59+01:00,0,0,0,0,0,0,0,0,1,0,0,0,1,0,0,2,0,0,0,0,0,0,0,0,0,0,0,0,0,0,0,0,0,0,4,0,0,0,0,0,0,0,0
2020-12-28T23:59:59+01:00,0,0,0,0,0,0,0,0,0,0,0,0,1,0,0,1,0,0,0,0,0,0,0,0,0,0,0,0,0,0,0,0,0,0,2,0,0,0,0,0,0,0,0
2020-12-27T23:59:59+01:00,0,0,0,0,0,0,0,0,0,0,0,0,0,0,0,0,0,0,0,0,0,0,0,0,0,0,0,0,0,0,0,0,0,0,0,0,0,0,0,0,0,0,0
