Datum,<15_m,<15_w,15-24_1_m,15-24_1_w,25-34_1_m,25-34_1_w,35-44_1_m,35-44_1_w,45-54_1_m,45-54_1_w,55-64_1_m,55-64_1_w,65-74_1_m,65-74_1_w,75-84_1_m,75-84_1_w,>84_1_m,>84_1_w,<24_2_m,<24_2_w,25-34_2_m,25-34_2_w,35-44_2_m,35-44_2_w,45-54_2_m,45-54_2_w,55-64_2_m,55-64_2_w,65-74_2_m,65-74_2_w,75-84_2_m,75-84_2_w,>84_2_m,>84_2_w,bp_1,bp_2,mo_1,mo_2,az_1,az_2,ja,unb_1,unb_2
2021-10-05T23:59:59+02:00,1897,1688,14625,13881,17670,16502,20879,21155,27492,28591,34076,34981,25843,28677,17569,22443,5352,10129,13025,12315,16386,15055,19617,19599,25936,26746,32527,33301,25018,27752,17017,21664,5136,9571,247548,231572,32287,30033,46576,44856,16959,101,42
2021-10-04T23:59:59+02:00,1885,1683,14583,13845,17639,16474,20862,21132,27472,28571,34061,34962,25836,28661,17565,22437,5351,10125,12994,12279,16367,15025,19606,19575,25917,26721,32513,33273,25007,27742,17011,21657,5134,9568,247294,231290,32263,30033,46575,44855,16931,101,42
2021-10-03T23:59:59+02:00,1873,1677,14563,13817,17624,16458,20851,21123,27464,28560,34051,34953,25827,28656,17558,22429,5350,10123,12972,12261,16346,15008,19596,19565,25907,26708,32502,33260,24996,27731,17011,21649,5134,9568,247160,231142,32254,30029,46572,44854,16890,101,42
2021-10-02T23:59:59+02:00,1872,1677,14561,13816,17624,16457,20851,21122,27464,28560,34050,34953,25827,28655,17558,22429,5350,10123,12972,12260,16346,15008,19596,19565,25907,26708,32502,33260,24996,27731,17011,21649,5134,9568,247152,231141,32254,30029,46572,44854,16890,101,42
2021-10-01T23:59:59+02:00,1859,1658,14500,13756,17563,16407,20809,21080,27433,28542,34025,34935,25819,28652,17558,22424,5350,10120,12870,12158,16266,14951,19537,19518,25871,26673,32471,33232,24981,27716,17007,21641,5133,9566,246841,230573,32222,30019,46572,44854,16774,101,42
2021-09-30T23:59:59+02:00,1846,1638,14398,13674,17499,16350,20748,21027,27376,28484,33967,34908,25797,28636,17549,22414,5348,10117,12759,12083,16191,14903,19488,19466,25816,26615,32417,33205,24960,27693,17001,21629,5130,9565,246480,230265,32095,29839,46569,44847,16551,101,42
2021-09-29T23:59:59+02:00,1832,1618,14374,13653,17476,16309,20713,20998,27349,28453,33939,34885,25777,28619,17541,22404,5348,10116,12727,12051,16170,14875,19475,19448,25801,26598,32399,33182,24945,27680,16992,21616,5127,9561,246136,229990,32095,29839,46569,44846,16523,101,42
2021-09-28T23:59:59+02:00,1816,1609,14346,13621,17447,16275,20686,20964,27317,28430,33912,34860,25763,28599,17531,22394,5345,10110,12688,12019,16149,14847,19460,19422,25781,26587,32386,33161,24939,27669,16989,21610,5125,9560,245785,229731,32094,29839,46569,44845,16496,101,42
2021-09-27T23:59:59+02:00,1808,1605,14319,13596,17428,16253,20661,20941,27295,28411,33893,34840,25755,28586,17529,22386,5345,10107,12650,11985,16128,14825,19434,19406,25761,26565,32377,33141,24931,27656,16983,21603,5123,9559,245570,229499,32094,29839,46569,44839,16444,101,42
2021-09-26T23:59:59+02:00,1804,1600,14304,13578,17408,16236,20650,20926,27281,28397,33885,34827,25744,28581,17525,22385,5344,10106,12634,11965,16113,14808,19421,19394,25752,26554,32366,33130,24925,27654,16980,21599,5122,9558,245424,229368,32094,29838,46569,44839,16413,101,42
2021-09-25T23:59:59+02:00,1801,1598,14291,13562,17390,16226,20630,20917,27263,28382,33872,34819,25738,28576,17520,22382,5343,10104,12624,11951,16097,14799,19402,19384,25738,26539,32354,33122,24920,27649,16975,21596,5122,9556,245382,229342,32094,29838,46569,44839,16288,101,42
2021-09-24T23:59:59+02:00,1783,1574,14210,13483,17322,16174,20575,20867,27224,28339,33834,34788,25720,28565,17510,22372,5341,10100,12526,11850,16014,14733,19348,19323,25691,26504,32308,33092,24897,27628,16966,21584,5120,9552,244989,228827,32075,29834,46569,44839,16067,101,42
2021-09-23T23:59:59+02:00,1762,1554,14107,13385,17232,16089,20483,20791,27144,28282,33786,34728,25693,28542,17498,22353,5337,10093,12436,11775,15945,14667,19274,19275,25633,26447,32262,33056,24877,27609,16960,21572,5117,9547,244507,228498,31974,29796,46569,44839,15728,101,42
2021-09-22T23:59:59+02:00,1744,1542,14069,13335,17182,16047,20433,20744,27106,28235,33736,34678,25663,28516,17490,22331,5333,10089,12395,11729,15899,14634,19244,19246,25604,26419,32213,33022,24849,27584,16954,21558,5113,9538,244092,228179,31949,29787,46569,44837,15581,101,42
2021-09-21T23:59:59+02:00,1731,1527,14007,13282,17159,15999,20400,20705,27078,28197,33701,34657,25650,28499,17478,22308,5325,10062,12347,11669,15870,14607,19211,19207,25577,26391,32188,32995,24828,27567,16951,21549,5111,9527,243610,227798,31945,29738,46569,44835,15559,101,42
2021-09-20T23:59:59+02:00,1721,1520,13955,13244,17122,15960,20360,20672,27036,28161,33667,34623,25630,28472,17469,22289,5314,10033,12293,11633,15837,14585,19182,19184,25549,26368,32166,32971,24815,27554,16949,21540,5106,9513,243173,227504,31944,29738,46569,44835,15480,101,42
2021-09-19T23:59:59+02:00,1716,1511,13931,13220,17091,15938,20333,20654,27015,28133,33654,34610,25622,28464,17466,22287,5313,10031,12268,11613,15815,14565,19168,19165,25536,26357,32156,32961,24809,27549,16943,21534,5105,9513,242949,227338,31943,29737,46569,44833,15446,101,42
2021-09-18T23:59:59+02:00,1714,1507,13919,13208,17080,15931,20323,20647,27008,28129,33648,34606,25622,28464,17466,22286,5313,10031,12261,11605,15805,14560,19158,19162,25529,26353,32151,32959,24809,27549,16943,21534,5105,9513,242913,227319,31930,29732,46569,44833,15408,101,42
2021-09-17T23:59:59+02:00,1691,1473,13816,13094,16972,15856,20242,20576,26938,28069,33595,34562,25599,28441,17454,22275,5312,10028,12174,11526,15704,14483,19070,19092,25461,26286,32089,32916,24790,27529,16933,21516,5104,9509,242448,226881,31883,29720,46569,44832,15011,101,42
2021-09-16T23:59:59+02:00,1664,1438,13717,12986,16886,15761,20151,20486,26837,27983,33519,34496,25567,28408,17440,22251,5305,10007,12085,11447,15634,14420,18989,19013,25372,26204,32027,32861,24749,27491,16923,21503,5101,9498,241841,226416,31786,29660,46569,44830,14624,101,42
2021-09-15T23:59:59+02:00,1648,1430,13658,12937,16833,15699,20105,20435,26782,27933,33467,34440,25541,28376,17425,22223,5298,9984,12024,11385,15579,14369,18938,18962,25312,26156,31969,32805,24716,27458,16907,21484,5097,9487,241431,225981,31765,29645,46565,44828,14371,101,42
2021-09-14T23:59:59+02:00,1632,1419,13596,12870,16760,15648,20045,20387,26733,27877,33419,34391,25521,28358,17413,22211,5294,9979,11961,11322,15506,14309,18885,18917,25264,26102,31913,32752,24685,27435,16893,21468,5097,9482,241041,225588,31713,29551,46565,44828,14152,101,42
2021-09-13T23:59:59+02:00,1610,1403,13558,12833,16732,15620,20026,20362,26711,27852,33400,34367,25511,28351,17408,22201,5294,9976,11918,11288,15473,14286,18862,18887,25239,26074,31886,32729,24675,27425,16880,21459,5094,9481,240760,225277,31712,29549,46560,44826,14100,101,42
2021-09-12T23:59:59+02:00,1600,1400,13526,12810,16691,15604,20013,20352,26700,27835,33395,34355,25507,28345,17407,22197,5294,9973,11874,11269,15428,14268,18838,18866,25223,26061,31872,32715,24667,27416,16877,21455,5093,9478,240609,225062,31712,29549,46558,44825,14042,101,42
2021-09-11T23:59:59+02:00,1589,1399,13510,12798,16677,15595,20004,20349,26688,27828,33391,34351,25503,28344,17406,22196,5292,9973,11807,11218,15412,14260,18830,18855,25211,26050,31864,32702,24665,27414,16876,21454,5093,9478,240544,224738,31692,29547,46558,44825,14016,101,42
2021-09-10T23:59:59+02:00,1550,1353,13361,12671,16605,15517,19897,20263,26604,27764,33329,34296,25463,28313,17390,22173,5286,9968,11686,11112,15326,14177,18721,18770,25116,25993,31790,32644,24623,27383,16859,21434,5088,9473,239946,224179,31675,29536,46558,44825,13539,101,42
2021-09-09T23:59:59+02:00,1529,1332,13290,12605,16551,15465,19843,20226,26552,27697,33287,34256,25435,28295,17385,22160,5282,9961,11624,11039,15275,14125,18666,18739,25060,25953,31744,32610,24601,27369,16846,21424,5085,9462,239577,223809,31599,29497,46558,44825,13331,101,42
2021-09-08T23:59:59+02:00,1514,1315,13261,12581,16535,15441,19823,20213,26536,27685,33274,34245,25423,28287,17379,22154,5279,9958,11579,10995,15249,14107,18654,18722,25042,25928,31723,32599,24587,27354,16844,21418,5085,9460,239357,223530,31599,29497,46554,44824,13307,101,42
2021-09-07T23:59:59+02:00,1485,1298,13203,12535,16495,15409,19800,20184,26499,27664,33240,34215,25399,28269,17373,22138,5274,9952,11521,10930,15195,14054,18617,18689,24995,25883,31671,32572,24559,27331,16836,21401,5080,9458,239130,223223,31514,29382,46554,44824,13148,101,42
2021-09-06T23:59:59+02:00,1470,1289,13174,12500,16472,15385,19781,20163,26482,27649,33229,34206,25396,28256,17370,22134,5271,9952,11500,10898,15176,14021,18595,18673,24979,25863,31649,32557,24548,27318,16835,21393,5077,9458,238910,222995,31514,29371,46554,44823,13115,101,42
2021-09-05T23:59:59+02:00,1460,1281,13158,12481,16455,15369,19770,20156,26476,27640,33219,34193,25394,28254,17368,22130,5271,9952,11481,10882,15150,14005,18584,18664,24972,25857,31640,32538,24545,27307,16832,21388,5075,9457,238784,222847,31514,29371,46554,44822,13089,101,42
2021-09-04T23:59:59+02:00,1460,1281,13157,12480,16455,15369,19768,20156,26475,27640,33219,34193,25394,28254,17368,22129,5271,9952,11481,10880,15148,14005,18579,18664,24971,25855,31640,32536,24544,27307,16832,21388,5075,9457,238782,222836,31514,29370,46554,44822,13085,101,42
2021-09-03T23:59:59+02:00,1433,1265,13055,12383,16398,15317,19731,20118,26434,27614,33182,34176,25376,28243,17364,22118,5269,9951,11341,10755,15086,13932,18508,18618,24900,25806,31581,32500,24511,27279,16819,21372,5072,9453,238287,222033,31514,29366,46554,44822,12986,101,42
2021-09-02T23:59:59+02:00,1418,1259,12991,12341,16355,15284,19696,20092,26400,27580,33157,34155,25361,28230,17359,22113,5269,9947,11265,10715,15038,13897,18470,18598,24867,25784,31543,32470,24492,27258,16813,21367,5072,9451,238064,221768,31450,29325,46550,44813,12857,101,42
2021-09-01T23:59:59+02:00,1395,1244,12955,12303,16334,15264,19677,20078,26382,27560,33136,34130,25350,28219,17353,22103,5266,9943,11224,10680,15018,13869,18450,18578,24846,25761,31518,32439,24478,27244,16806,21361,5070,9449,237765,221440,31450,29323,46549,44812,12842,101,42
2021-08-31T23:59:59+02:00,1363,1222,12900,12243,16289,15228,19644,20034,26337,27510,33097,34096,25334,28198,17347,22090,5262,9939,11152,10611,14970,13808,18398,18546,24796,25708,31460,32396,24447,27228,16798,21348,5067,9442,237457,221013,31387,29294,46549,44793,12654,101,42
2021-08-30T23:59:59+02:00,1339,1207,12859,12205,16264,15206,19624,20017,26314,27493,33075,34079,25323,28188,17347,22086,5260,9937,11074,10579,14943,13787,18376,18523,24768,25692,31433,32369,24435,27213,16792,21341,5064,9439,237206,220719,31387,29293,46549,44782,12594,101,42
2021-08-29T23:59:59+02:00,1334,1201,12846,12189,16253,15197,19615,20008,26311,27484,33068,34065,25318,28182,17345,22085,5260,9937,11056,10542,14933,13770,18360,18509,24756,25683,31425,32357,24426,27201,16790,21336,5064,9439,237105,220545,31387,29293,46549,44778,12570,101,42
2021-08-28T23:59:59+02:00,1327,1189,12814,12167,16239,15185,19604,19994,26304,27474,33059,34059,25316,28177,17344,22082,5260,9936,10980,10470,14899,13737,18313,18482,24720,25650,31382,32326,24409,27188,16781,21320,5064,9436,236945,220019,31387,29293,46549,44778,12562,101,42
2021-08-27T23:59:59+02:00,1308,1174,12751,12111,16193,15137,19545,19944,26249,27425,33016,34029,25298,28166,17340,22068,5260,9933,10943,10436,14859,13711,18297,18466,24685,25626,31354,32305,24396,27177,16778,21316,5064,9435,236520,219862,31387,29292,46549,44777,12404,101,42
2021-08-26T23:59:59+02:00,1288,1158,12682,12054,16147,15094,19500,19904,26195,27367,32965,33984,25268,28137,17333,22058,5257,9930,10873,10386,14812,13670,18251,18437,24641,25588,31308,32266,24374,27160,16770,21307,5064,9431,236152,219548,31328,29278,46549,44770,12204,101,42
2021-08-25T23:59:59+02:00,1271,1143,12659,12012,16127,15068,19479,19889,26168,27351,32930,33956,25250,28119,17326,22051,5256,9927,10824,10343,14781,13641,18218,18406,24619,25569,31275,32228,24361,27143,16763,21297,5062,9428,235844,219172,31328,29278,46543,44766,12177,101,42
2021-08-24T23:59:59+02:00,1244,1125,12599,11941,16070,15024,19434,19848,26121,27306,32885,33923,25230,28095,17314,22039,5255,9922,10745,10269,14737,13600,18172,18370,24568,25518,31233,32191,24337,27116,16748,21281,5061,9427,235533,218757,31203,29238,46543,44766,12005,101,42
2021-08-23T23:59:59+02:00,1231,1112,12560,11905,16045,15005,19413,19813,26100,27271,32855,33900,25216,28082,17310,22030,5255,9919,10690,10215,14707,13562,18134,18336,24541,25488,31198,32158,24324,27096,16741,21278,5059,9426,235232,218352,31202,29238,46542,44763,11954,101,42
2021-08-22T23:59:59+02:00,1223,1105,12545,11883,16030,14989,19406,19794,26088,27260,32844,33885,25205,28076,17308,22027,5252,9919,10661,10186,14686,13547,18114,18325,24528,25471,31183,32144,24316,27085,16739,21273,5058,9425,235067,218135,31202,29238,46542,44762,11936,101,42
2021-08-21T23:59:59+02:00,1135,1033,12470,11825,16018,14977,19396,19782,26078,27249,32834,33869,25200,28072,17305,22024,5252,9919,10637,10156,14669,13543,18106,18313,24519,25465,31176,32138,24313,27085,16738,21273,5058,9425,234693,218012,31196,29238,46542,44762,11915,101,42
2021-08-20T23:59:59+02:00,1115,1017,12409,11756,15959,14923,19334,19744,26024,27216,32784,33842,25185,28061,17296,22019,5251,9917,10582,10118,14627,13507,18066,18287,24484,25446,31146,32121,24304,27078,16732,21270,5058,9424,234195,217726,31196,29238,46542,44762,11827,101,42
2021-08-19T23:59:59+02:00,1089,993,12341,11700,15900,14891,19284,19693,25962,27166,32741,33807,25153,28038,17284,22008,5248,9915,10488,10042,14559,13469,18010,18249,24415,25403,31079,32076,24262,27059,16723,21253,5057,9421,233902,217290,31103,29229,46542,44754,11574,101,42
2021-08-18T23:59:59+02:00,1077,977,12301,11664,15871,14860,19256,19663,25932,27135,32704,33781,25134,28026,17279,21999,5246,9914,10433,9974,14512,13443,17961,18220,24370,25365,31020,32038,24240,27042,16717,21240,5053,9415,233583,216834,31103,29222,46541,44744,11500,101,42
2021-08-17T23:59:59+02:00,1050,952,12250,11622,15842,14818,19225,19631,25904,27112,32668,33743,25115,28006,17269,21982,5245,9909,10339,9892,14459,13395,17908,18166,24320,25324,30960,31994,24213,27018,16706,21220,5051,9408,233281,216235,30976,29163,46541,44741,11452,101,42
2021-08-16T23:59:59+02:00,1038,945,12218,11596,15825,14800,19207,19612,25881,27088,32649,33721,25095,27991,17261,21967,5242,9907,10284,9824,14434,13351,17884,18130,24276,25289,30923,31963,24186,26984,16691,21206,5051,9405,233053,215793,30976,29163,46541,44735,11380,101,42
2021-08-15T23:59:59+02:00,1030,945,12193,11582,15811,14783,19193,19597,25871,27079,32628,33707,25089,27982,17257,21956,5241,9907,10239,9789,14397,13328,17863,18109,24253,25275,30902,31937,24169,26976,16686,21198,5050,9403,232897,215511,30975,29163,46540,44730,11346,101,42
2021-08-14T23:59:59+02:00,1029,945,12192,11578,15811,14782,19190,19595,25870,27079,32628,33706,25089,27982,17257,21956,5241,9907,10073,9569,14291,13237,17788,18062,24204,25243,30862,31904,24154,26963,16683,21195,5048,9402,232888,214505,30975,29162,46540,44729,11341,101,42
2021-08-13T23:59:59+02:00,984,905,12039,11450,15757,14722,19124,19538,25799,27027,32576,33670,25063,27953,17246,21946,5240,9903,10020,9516,14251,13208,17749,18037,24172,25223,30838,31883,24144,26950,16677,21186,5048,9398,232049,214170,30974,29162,46540,44726,11288,99,42
2021-08-12T23:59:59+02:00,970,883,11982,11389,15708,14682,19088,19512,25754,27004,32530,33641,25038,27937,17237,21940,5239,9900,9929,9450,14177,13167,17688,17987,24106,25188,30784,31834,24116,26925,16661,21168,5046,9398,231817,213750,30950,29156,46540,44711,11035,99,42
2021-08-11T23:59:59+02:00,956,872,11948,11356,15689,14659,19055,19494,25732,26985,32505,33612,25020,27915,17233,21932,5238,9898,9856,9388,14125,13127,17641,17943,24065,25166,30744,31786,24086,26893,16645,21155,5045,9392,231526,213181,30949,29152,46539,44683,10993,99,42
2021-08-10T23:59:59+02:00,937,862,11860,11304,15636,14628,19011,19457,25676,26951,32448,33558,25003,27899,17226,21919,5237,9895,9761,9302,14073,13092,17609,17909,24018,25127,30691,31739,24053,26860,16638,21135,5041,9387,231142,212662,30817,29117,46537,44669,10919,99,42
2021-08-09T23:59:59+02:00,935,845,11832,11269,15620,14612,18989,19444,25644,26928,32419,33527,24995,27890,17220,21911,5237,9892,9707,9242,14032,13042,17572,17868,23987,25082,30656,31698,24039,26843,16633,21122,5039,9381,230904,212210,30817,29114,46536,44662,10860,99,42
2021-08-08T23:59:59+02:00,925,838,11796,11246,15599,14598,18969,19423,25619,26908,32397,33510,24987,27874,17213,21907,5236,9892,9632,9186,13983,13014,17545,17838,23954,25047,30624,31667,24026,26824,16625,21108,5038,9378,230713,211809,30817,29113,46536,44661,10778,99,42
2021-08-07T23:59:59+02:00,905,811,11698,11168,15556,14556,18927,19389,25580,26878,32351,33478,24970,27862,17204,21889,5235,9889,9009,8591,13539,12659,17333,17653,23803,24936,30472,31590,23967,26773,16604,21081,5033,9375,230123,208599,30817,29112,46536,44661,10777,99,42
2021-08-06T23:59:59+02:00,896,808,11668,11143,15540,14543,18917,19383,25565,26862,32342,33471,24966,27858,17199,21887,5235,9888,8426,7964,13024,12263,17105,17447,23658,24824,30378,31511,23936,26726,16592,21067,5030,9368,230073,205425,30695,29099,46536,44661,10774,99,42
2021-08-05T23:59:59+02:00,893,801,11628,11112,15498,14514,18876,19351,25520,26827,32294,33424,24926,27836,17197,21876,5235,9882,8371,7900,12975,12211,17055,17405,23594,24784,30302,31456,23889,26684,16578,21049,5028,9359,229847,205001,30694,29094,46535,44652,10519,99,42
2021-08-04T23:59:59+02:00,876,785,11598,11082,15479,14482,18844,19325,25493,26798,32249,33385,24911,27823,17192,21870,5233,9874,8281,7813,12918,12163,17003,17361,23537,24740,30242,31384,23852,26645,16568,21036,5026,9353,229583,204410,30692,29093,46533,44617,10396,99,42
2021-08-03T23:59:59+02:00,860,768,11551,11042,15456,14460,18813,19305,25467,26769,32215,33350,24891,27804,17183,21865,5229,9873,8198,7725,12848,12113,16935,17308,23477,24703,30200,31334,23816,26611,16553,21025,5023,9349,229248,203749,30691,29083,46532,44609,10335,99,42
2021-08-02T23:59:59+02:00,851,765,11516,11011,15434,14428,18786,19285,25438,26744,32183,33323,24877,27784,17175,21856,5228,9871,8102,7632,12768,12053,16875,17244,23420,24631,30150,31276,23798,26588,16532,21015,5021,9344,228969,203040,30691,29082,46532,44601,10267,99,42
2021-08-01T23:59:59+02:00,843,758,11489,10982,15423,14415,18771,19274,25419,26732,32166,33308,24873,27775,17174,21853,5226,9870,8034,7565,12707,12006,16831,17197,23384,24599,30123,31251,23782,26569,16528,21009,5019,9343,228825,202583,30686,29081,46532,44582,10212,99,42
2021-07-31T23:59:59+02:00,840,757,11486,10976,15421,14412,18767,19270,25418,26731,32163,33307,24873,27774,17174,21853,5226,9870,7881,7378,11936,11336,16275,16757,23289,24520,30058,31180,23753,26533,16516,20990,5018,9341,228795,199360,30685,29081,46532,44580,10210,99,42
2021-07-30T23:59:59+02:00,839,756,11473,10967,15418,14409,18760,19264,25411,26726,32153,33302,24872,27772,17174,21850,5226,9870,7600,7135,11394,10888,15795,16328,23152,24413,29950,31067,23716,26488,16499,20968,5018,9336,228727,196278,30684,29080,46530,44567,10205,99,42
2021-07-29T23:59:59+02:00,827,747,11433,10920,15380,14388,18720,19238,25373,26690,32100,33273,24854,27752,17163,21832,5226,9867,7226,6826,10729,10371,15278,15913,22976,24267,29802,30956,23661,26436,16470,20943,5014,9333,228404,192809,30683,29070,46530,44481,10070,99,42
2021-07-28T23:59:59+02:00,808,734,11386,10866,15356,14359,18689,19210,25347,26662,32073,33248,24840,27734,17158,21820,5225,9863,7059,6669,10584,10249,15166,15778,22883,24171,29700,30858,23618,26378,16452,20914,5013,9323,228077,191559,30683,29068,46525,44372,9997,99,42
2021-07-27T23:59:59+02:00,799,725,11341,10826,15313,14319,18649,19184,25318,26636,32037,33226,24824,27709,17151,21808,5224,9855,6838,6454,10423,10134,15021,15646,22779,24062,29592,30745,23566,26314,16436,20887,5010,9311,227757,190406,30683,28740,46524,44336,9884,99,42
2021-07-26T23:59:59+02:00,789,712,11291,10777,15287,14297,18632,19157,25290,26606,32005,33200,24809,27687,17139,21796,5223,9852,6721,6378,10326,10060,14954,15566,22697,24002,29527,30671,23533,26271,16424,20870,5006,9305,227459,189622,30681,28737,46523,44294,9789,99,42
2021-07-25T23:59:59+02:00,778,702,11263,10749,15265,14272,18612,19133,25263,26581,31984,33182,24792,27676,17135,21787,5222,9850,6645,6297,10257,9997,14881,15506,22643,23948,29471,30633,23502,26250,16412,20856,5006,9301,227261,189034,30681,28733,46522,44264,9685,99,42
2021-07-24T23:59:59+02:00,754,680,11186,10666,15226,14244,18588,19112,25243,26565,31972,33169,24792,27672,17132,21785,5222,9850,6247,5943,10109,9882,14505,15223,22420,23790,29353,30549,23466,26212,16395,20839,5003,9297,226881,186674,30681,28730,46522,44262,9677,99,42
2021-07-23T23:59:59+02:00,728,658,11118,10580,15196,14210,18560,19097,25222,26544,31957,33152,24781,27667,17130,21785,5222,9847,5877,5633,9987,9775,14158,14958,22224,23614,29233,30431,23414,26144,16384,20818,4999,9290,226492,184400,30681,28730,46522,44250,9662,99,42
2021-07-22T23:59:59+02:00,687,618,10963,10417,15099,14121,18472,19048,25142,26490,31884,33088,24745,27626,17115,21767,5218,9842,5559,5335,9718,9559,13576,14481,21904,23355,29001,30203,23313,26046,16341,20780,4995,9287,225538,181078,30680,28718,46521,44231,9506,99,42
2021-07-21T23:59:59+02:00,667,593,10898,10362,15062,14093,18432,19010,25102,26460,31845,33038,24720,27592,17099,21755,5215,9837,4943,4868,9276,9305,13193,14251,21672,23200,28815,30054,23248,25970,16316,20757,4993,9284,225107,179306,30669,27450,46518,44064,9389,99,42
2021-07-20T23:59:59+02:00,649,576,10841,10307,15036,14057,18397,18983,25071,26428,31809,33004,24700,27571,17094,21740,5212,9830,4803,4754,9126,9174,13026,14116,21559,23079,28684,29929,23168,25867,16294,20717,4986,9278,224729,177962,30669,27438,46516,43915,9294,99,42
2021-07-19T23:59:59+02:00,636,563,10803,10276,15005,14033,18374,18975,25043,26402,31776,32975,24683,27548,17088,21729,5210,9827,4723,4685,9028,9096,12908,14019,21461,22971,28585,29809,23112,25810,16269,20688,4981,9272,224484,177022,30669,27429,46507,43817,9189,99,42
2021-07-18T23:59:59+02:00,621,554,10750,10225,14970,14013,18349,18957,25023,26386,31753,32956,24673,27537,17082,21720,5209,9822,4615,4583,8894,8975,12781,13879,21375,22880,28512,29730,23083,25780,16260,20675,4978,9271,224209,176011,30669,27415,46507,43763,9118,99,42
2021-07-17T23:59:59+02:00,546,483,10459,9928,14858,13911,18258,18879,24917,26311,31645,32905,24639,27503,17069,21700,5207,9821,4566,4541,8839,8903,12546,13682,20950,22536,28382,29598,23045,25727,16251,20660,4977,9268,222651,174212,30669,27415,46505,43761,9117,99,42
2021-07-16T23:59:59+02:00,517,446,10324,9807,14798,13870,18205,18827,24881,26278,31625,32880,24630,27488,17066,21693,5207,9818,4519,4499,8763,8862,12174,13404,20405,22137,28249,29503,22996,25690,16242,20655,4975,9266,221983,172100,30669,27412,46504,43754,9107,99,42
2021-07-15T23:59:59+02:00,485,409,10186,9701,14730,13822,18149,18758,24827,26230,31575,32827,24605,27451,17048,21678,5200,9814,4307,4360,8434,8655,11659,13002,19297,21290,27832,29158,22826,25520,16177,20582,4965,9250,221253,167398,30667,27398,46503,43554,8975,99,42
2021-07-14T23:59:59+02:00,464,395,10157,9675,14693,13801,18119,18724,24790,26189,31524,32774,24575,27423,17037,21661,5199,9812,4183,4208,8177,8482,11429,12857,19118,21179,27685,29031,22761,25442,16143,20544,4960,9241,220884,165828,30667,27379,46502,43377,8862,99,42
2021-07-13T23:59:59+02:00,440,381,10107,9623,14663,13772,18092,18691,24753,26168,31490,32732,24559,27392,17026,21650,5198,9809,4086,4112,8002,8324,11228,12666,18982,21040,27531,28869,22664,25357,16108,20491,4956,9230,220475,164367,30667,27358,46501,43119,8806,99,42
2021-07-12T23:59:59+02:00,428,359,10061,9572,14636,13754,18062,18662,24716,26126,31456,32688,24535,27369,17011,21645,5195,9806,3980,4011,7831,8202,11069,12529,18866,20919,27408,28749,22590,25295,16081,20465,4955,9225,220103,163197,30666,27337,46500,42927,8714,99,42
2021-07-11T23:59:59+02:00,420,341,10030,9542,14614,13734,18045,18652,24694,26117,31435,32670,24523,27359,17009,21643,5195,9804,3910,3940,7713,8105,10921,12401,18742,20817,27307,28635,22546,25247,16060,20440,4953,9222,219906,162236,30663,27332,46499,42725,8661,99,42
2021-07-10T23:59:59+02:00,394,318,9917,9438,14560,13695,17995,18629,24670,26097,31416,32654,24515,27350,17005,21639,5193,9802,3875,3915,7655,8064,10886,12372,18713,20792,27278,28613,22538,25232,16056,20435,4953,9222,219379,161933,30662,27331,46496,42677,8652,99,42
2021-07-09T23:59:59+02:00,334,271,9658,9228,14459,13615,17917,18558,24584,26044,31367,32593,24492,27319,16991,21621,5193,9796,3808,3875,7518,7973,10668,12223,18488,20653,26862,28293,22353,25038,16001,20374,4950,9215,218158,159782,30662,27327,46495,42548,8627,99,42
2021-07-08T23:59:59+02:00,255,204,9464,9083,14356,13538,17822,18484,24525,25993,31284,32534,24463,27288,16978,21603,5189,9791,3652,3751,7207,7785,10315,11994,18141,20371,26558,28035,22179,24880,15933,20298,4943,9199,217047,157406,30659,27279,46482,41975,8568,99,42
2021-07-07T23:59:59+02:00,216,176,9375,8977,14315,13506,17785,18443,24472,25955,31242,32493,24438,27258,16966,21585,5189,9783,3470,3623,6886,7562,9374,11262,17555,19944,26156,27723,21942,24573,15856,20201,4929,9185,216408,154789,30656,25527,46480,41374,8532,99,42
2021-07-06T23:59:59+02:00,194,164,9295,8920,14264,13476,17749,18401,24431,25916,31181,32446,24402,27230,16951,21568,5187,9781,3353,3551,6681,7438,9104,11098,17309,19762,25879,27467,21785,24370,15775,20097,4916,9170,215843,152852,30641,25516,46477,40870,8497,99,42
2021-07-05T23:59:59+02:00,182,149,9208,8839,14223,13432,17714,18351,24395,25886,31136,32396,24378,27208,16942,21554,5186,9779,3302,3518,6553,7360,8955,10977,17163,19623,25708,27312,21642,24202,15725,20044,4905,9160,215294,151790,30641,25507,46475,40381,8450,99,42
2021-07-04T23:59:59+02:00,167,142,9157,8789,14190,13419,17688,18333,24369,25865,31115,32370,24363,27194,16936,21546,5185,9776,3252,3474,6488,7320,8867,10905,17076,19537,25579,27201,21517,24073,15683,19992,4903,9153,215019,151127,30640,25498,46460,39984,8387,99,42
2021-07-03T23:59:59+02:00,164,139,8649,8297,14030,13298,17587,18214,24274,25807,31050,32321,24342,27172,16924,21534,5183,9773,3192,3394,6368,7200,8694,10762,16859,19352,25191,26890,21402,23936,15653,19952,4899,9147,213192,149071,30639,25498,46460,39928,8369,99,42
2021-07-02T23:59:59+02:00,157,135,8081,7832,13884,13190,17495,18137,24204,25738,30990,32259,24304,27130,16918,21514,5181,9768,3081,3287,6096,7045,8437,10522,16489,19023,24714,26465,21175,23663,15584,19870,4893,9144,211357,145996,30639,25496,46457,39604,8366,99,42
2021-07-01T23:59:59+02:00,144,125,7953,7726,13802,13132,17425,18085,24136,25686,30937,32206,24276,27105,16908,21502,5180,9767,2892,3100,5749,6761,7999,10102,15898,18548,23947,25803,20683,23190,15457,19709,4881,9119,210570,141412,30634,25483,46451,38573,8342,99,42
2021-06-30T23:59:59+02:00,127,112,7807,7607,13737,13082,17373,18032,24084,25632,30877,32160,24244,27083,16894,21484,5180,9762,2795,3024,5593,6619,7771,9880,14939,17677,23332,25252,20325,22796,15324,19548,4867,9085,210002,139872,30460,23208,46447,37448,8270,99,42
2021-06-29T23:59:59+02:00,112,99,7740,7511,13690,13043,17335,17987,24031,25571,30827,32100,24223,27057,16884,21468,5177,9758,2736,2979,5462,6521,7617,9746,14770,17505,23090,25016,20065,22470,15225,19447,4855,9065,209373,138747,30458,23196,46444,36353,8240,99,42
2021-06-28T23:59:59+02:00,107,93,7675,7440,13623,12982,17285,17936,23989,25526,30770,32056,24206,27029,16877,21458,5175,9756,2705,2946,5395,6469,7523,9675,14673,17423,22939,24802,19862,22225,15170,19378,4851,9051,208830,138143,30456,23186,46436,35560,8163,99,42
2021-06-27T23:59:59+02:00,93,88,7627,7377,13591,12945,17256,17903,23970,25491,30743,32028,24194,27021,16870,21452,5175,9754,2683,2932,5345,6444,7450,9629,14577,17359,22843,24715,19735,22083,15139,19327,4847,9042,208474,137631,30456,23174,46430,35188,8120,99,42
2021-06-26T23:59:59+02:00,89,85,7123,6829,13199,12645,17142,17799,23904,25433,30707,31993,24185,27004,16866,21441,5174,9753,2582,2822,5156,6254,7249,9438,14030,16904,22180,24081,19587,21941,15094,19274,4845,9034,206290,133992,30454,23174,46430,35168,8120,78,22
2021-06-25T23:59:59+02:00,88,82,6644,6342,12742,12272,16982,17680,23813,25368,30627,31952,24162,26977,16861,21431,5172,9750,2479,2669,4981,6061,6990,9140,13497,16370,21627,23495,19391,21731,15036,19207,4841,9022,203881,130289,30454,23174,46430,34954,8103,78,22
2021-06-24T23:59:59+02:00,78,70,6423,6129,12517,12120,16876,17598,23739,25315,30569,31904,24128,26935,16855,21421,5170,9743,2272,2433,4612,5683,6490,8652,12773,15656,20474,22491,18927,21249,14931,19076,4829,9007,202609,124344,30452,23164,46423,34001,8029,78,22
2021-06-23T23:59:59+02:00,73,68,5849,5629,12353,12009,16756,17486,23664,25268,30505,31854,24094,26912,16848,21407,5166,9739,2233,2380,4549,5562,6397,8501,12539,15367,20230,22230,18628,20919,14834,18962,4818,8990,202094,123317,29117,23015,46413,32811,7979,78,22
2021-06-22T23:59:59+02:00,69,63,5708,5499,12253,11903,16668,17413,23605,25206,30436,31775,24067,26879,16838,21386,5162,9737,2181,2343,4454,5480,6272,8353,11669,14707,19816,21821,18293,20564,14726,18823,4808,8969,201158,122391,29110,21321,46393,31620,7929,78,22
2021-06-21T23:59:59+02:00,66,60,5572,5385,12176,11810,16604,17326,23549,25132,30386,31717,24042,26851,16825,21371,5162,9733,2148,2307,4394,5383,6185,8225,10888,14001,19362,21411,18067,20334,14665,18728,4799,8952,200331,121590,29104,19535,46388,30839,7867,78,22
2021-06-20T23:59:59+02:00,64,58,5455,5261,12010,11630,16538,17202,23500,25067,30344,31661,24026,26829,16819,21356,5157,9728,2130,2277,4353,5344,6114,8174,10784,13922,19250,21285,17909,20143,14599,18645,4795,8945,199325,121055,29100,19532,46382,30243,7821,78,22
2021-06-19T23:59:59+02:00,60,54,5437,5241,11240,10964,16058,16808,23439,25022,30300,31619,24007,26809,16811,21344,5157,9728,2057,2156,4148,5112,5830,7892,10456,13586,18194,20427,17739,19954,14566,18580,4790,8933,196720,116822,29100,19532,46381,30228,7820,78,22
2021-06-18T23:59:59+02:00,57,53,5402,5213,10595,10380,15445,16243,23347,24952,30231,31556,23980,26779,16800,21329,5156,9726,1988,2066,4007,4969,5552,7622,10073,13222,17043,19216,17536,19716,14517,18515,4787,8923,193875,112408,29092,19531,46381,29976,7819,78,22
2021-06-17T23:59:59+02:00,50,44,5288,5110,9916,9875,14957,15854,23247,24864,30149,31462,23940,26733,16786,21308,5155,9723,1859,1960,3749,4722,5164,7257,9534,12735,15854,18025,17075,19226,14376,18341,4774,8899,191294,107281,29089,19522,46378,29056,7680,21,15
2021-06-16T23:59:59+02:00,48,36,5156,4978,9721,9712,14812,15724,23154,24771,30049,31386,23896,26688,16771,21296,5154,9713,1817,1918,3642,4633,5061,7137,8501,11883,15582,17728,16779,18889,14241,18170,4768,8866,190120,106386,29078,17641,46376,28106,7471,21,15
2021-06-15T23:59:59+02:00,42,30,4974,4796,9537,9557,14676,15582,23062,24680,29972,31301,23853,26615,16745,21263,5146,9698,1757,1863,3561,4536,4967,7020,8385,11740,15402,17499,16460,18579,14098,18001,4746,8808,188805,105614,29075,17637,46357,26888,7272,21,15
2021-06-14T23:59:59+02:00,40,27,4897,4732,9446,9448,14599,15492,22990,24608,29901,31240,23821,26576,16730,21245,5143,9692,1735,1840,3525,4512,4927,6987,8284,11676,15265,17365,16280,18375,14006,17903,4741,8801,188061,105385,29069,17635,46351,26065,7126,21,15
2021-06-13T23:59:59+02:00,39,26,4839,4683,9361,9374,14514,15425,22928,24557,29834,31187,23795,26548,16721,21235,5143,9690,1686,1826,3482,4487,4871,6944,8211,11638,15165,17270,16123,18191,13952,17829,4734,8794,187479,105101,29063,17633,46335,25456,7002,21,15
2021-06-12T23:59:59+02:00,37,24,4820,4668,9334,9351,14275,15248,22798,24427,29788,31142,23775,26531,16712,21227,5142,9688,1563,1703,3245,4277,4464,6643,7663,11207,13388,15582,15769,17819,13872,17727,4732,8779,186570,98398,29063,17633,46335,25391,7000,20,15
2021-06-11T23:59:59+02:00,33,23,4767,4616,9253,9299,13953,15026,22602,24278,29692,31050,23738,26486,16694,21215,5141,9685,1462,1568,3054,4061,4166,6277,7150,10662,11745,13686,15287,17239,13758,17579,4717,8765,185210,91451,29058,17632,46333,25151,6931,20,15
2021-06-10T23:59:59+02:00,27,20,4482,4390,8705,8969,12679,14002,22035,23827,29317,30744,23601,26327,16642,21147,5128,9670,1340,1480,2818,3879,3838,5994,6712,10271,10326,12355,14774,16662,13586,17371,4702,8738,179871,86906,29040,17629,46327,23844,6456,19,15
2021-06-09T23:59:59+02:00,24,16,4249,4227,8113,8675,11777,13341,21715,23614,29087,30592,23538,26264,16623,21122,5125,9666,1253,1426,2664,3807,3696,5913,6505,10176,10061,12175,14449,16311,13415,17191,4695,8717,177757,86567,27771,17525,46321,22450,5901,19,15
2021-06-08T23:59:59+02:00,20,13,4119,4124,7712,8447,11289,13051,21489,23434,28887,30438,23479,26190,16590,21080,5119,9657,1176,1400,2528,3749,3535,5844,5608,9425,9588,11811,14112,15902,13190,16952,4681,8695,176001,86208,27399,15369,46294,21182,5426,19,15
2021-06-07T23:59:59+02:00,15,11,3998,4048,7472,8341,10999,12872,21286,23320,28732,30320,23420,26137,16572,21055,5115,9649,1128,1283,2406,3685,3405,5781,5442,9349,9377,11684,13882,15644,13034,16783,4674,8677,174770,86018,27389,15364,46285,19941,4900,19,15
2021-06-06T23:59:59+02:00,13,11,3881,3990,7235,8222,10749,12710,21099,23232,28646,30229,23389,26103,16560,21037,5112,9644,1108,1266,2342,3650,3308,5728,5335,9274,9258,11583,13726,15490,12961,16689,4671,8670,173620,85823,27371,15358,46275,19289,4578,19,15
2021-06-05T23:59:59+02:00,13,11,3852,3953,7196,8181,10572,12557,20471,22721,28484,30084,23339,26058,16546,21018,5112,9640,1076,1167,2175,3196,3075,5188,5166,8941,8478,10628,13073,14648,12849,16542,4660,8660,171578,80430,27371,15358,46274,19154,4568,18,15
2021-06-04T23:59:59+02:00,13,11,3822,3926,7157,8155,10474,12465,20106,22391,28380,29987,23304,26019,16532,21008,5110,9639,1044,1100,2077,2884,2916,4710,5009,8570,7962,9970,11572,12930,12723,16345,4653,8642,170289,74046,27358,15357,46273,19130,4562,18,15
2021-06-03T23:59:59+02:00,8,7,3686,3824,6938,8016,9919,12041,18882,21461,27982,29677,23170,25877,16479,20946,5106,9625,993,1055,1989,2773,2779,4551,4804,8264,7597,9519,11192,12530,12614,16231,4650,8629,165532,72254,27348,15354,46269,18072,4478,18,15
2021-06-02T23:59:59+02:00,8,7,3678,3816,6925,7999,9908,12030,18693,21280,27911,29628,23147,25856,16473,20937,5103,9623,988,1048,1977,2744,2756,4532,4593,8080,7062,9030,11155,12489,12599,16217,4646,8623,165463,72147,26803,13862,46269,18048,4470,18,15
2021-06-01T23:59:59+02:00,7,6,3550,3741,6683,7851,9624,11836,18238,20935,27673,29431,23053,25754,16432,20884,5100,9611,951,1001,1891,2674,2675,4458,4314,7846,6462,8497,10940,12275,12501,16116,4641,8611,163768,71701,26024,12569,46255,17226,4345,18,15
2021-05-31T23:59:59+02:00,7,6,3504,3696,6592,7783,9488,11734,18112,20844,27581,29354,22986,25692,16415,20856,5095,9604,921,974,1822,2631,2596,4415,4206,7781,6341,8422,10754,12105,12400,16000,4631,8603,162921,71333,25994,12562,46242,16520,4175,18,15
2021-05-30T23:59:59+02:00,7,5,3473,3671,6528,7727,9397,11641,18023,20764,27505,29283,22941,25647,16393,20829,5089,9594,914,965,1811,2621,2583,4403,4177,7755,6289,8380,10692,12025,12366,15957,4626,8594,162216,71290,25988,12559,46225,16226,4071,18,15
2021-05-29T23:59:59+02:00,7,5,3462,3652,6493,7700,9353,11602,17985,20724,27357,29177,22886,25573,16378,20809,5086,9590,878,946,1754,2575,2510,4319,3987,7500,6015,8081,8486,9363,12173,15615,4611,8565,161552,65034,25988,12557,46211,15703,4071,18,15
2021-05-28T23:59:59+02:00,7,5,3399,3597,6362,7623,9213,11470,17827,20592,27174,29055,22823,25496,16358,20791,5085,9589,865,933,1735,2552,2474,4264,3835,7204,5821,7817,5780,6247,11898,15216,4595,8516,160195,58148,25986,12557,46206,14972,4062,18,15
2021-05-27T23:59:59+02:00,7,5,3254,3473,6076,7443,8611,11137,17351,20254,26761,28707,22655,25331,16300,20728,5078,9571,817,875,1650,2455,2356,4130,3413,6232,5399,7218,5618,6072,11818,15143,4589,8499,156724,57666,25927,12510,46200,12221,3874,18,15
2021-05-26T23:59:59+02:00,7,5,3147,3388,5856,7276,8242,10852,16887,19948,26461,28469,22505,25198,16249,20654,5065,9551,800,865,1597,2430,2303,4099,3340,6157,5300,7146,5482,5945,11752,15076,4584,8487,154024,57585,25909,12508,46178,11625,3632,18,15
2021-05-25T23:59:59+02:00,7,5,3056,3326,5714,7161,8046,10688,15887,19173,26107,28115,22346,25041,16197,20574,5058,9541,781,848,1560,2382,2232,4039,3265,6087,5214,7083,5315,5775,11644,14995,4576,8475,152467,57515,23990,12318,46161,11016,3409,16,15
2021-05-24T23:59:59+02:00,7,5,2993,3310,5627,7116,7929,10626,14973,18484,25692,27804,22251,24937,16166,20538,5051,9529,772,846,1539,2365,2189,4002,3220,6039,5137,7003,5214,5667,11563,14919,4575,8469,151745,57477,21919,12242,46152,10580,3207,16,15
2021-05-23T23:59:59+02:00,7,4,2990,3305,5618,7108,7920,10618,14968,18483,25691,27803,22251,24937,16166,20538,5051,9529,770,843,1531,2358,2176,3989,3201,6024,5116,6970,5169,5615,11547,14895,4574,8467,151714,57469,21919,12242,46150,10332,3189,16,15
2021-05-22T23:59:59+02:00,6,4,2953,3261,5538,7056,7819,10530,14767,18317,25408,27557,22150,24850,16133,20494,5048,9524,748,823,1481,2303,2123,3906,3088,5900,4799,6396,4597,4868,10899,14071,4564,8428,150174,54223,21919,12242,46150,9359,3157,16,15
2021-05-21T23:59:59+02:00,4,4,2881,3188,5412,6957,7692,10383,14508,18088,25113,27321,22035,24742,16100,20446,5043,9515,719,770,1412,2174,2021,3637,2904,5567,4318,5499,4180,4329,10153,13129,4499,8303,148230,50472,21918,12242,46144,7761,3126,15,15
2021-05-20T23:59:59+02:00,4,4,2749,3028,5130,6701,7406,10013,14046,17604,24501,26769,21762,24446,16006,20326,5029,9485,705,759,1385,2150,1982,3603,2850,5511,4235,5419,4052,4226,10076,13066,4490,8291,144073,50376,21908,12230,46119,7285,2895,15,15
2021-05-19T23:59:59+02:00,4,4,2695,2976,5032,6559,7263,9831,12900,16567,24236,26477,21665,24316,15961,20265,5020,9478,688,733,1359,2102,1950,3517,2787,5364,4140,5311,3970,4134,10022,13001,4487,8287,142691,50345,19836,12165,46047,6667,2661,15,15
2021-05-18T23:59:59+02:00,4,4,2668,2952,4983,6526,7211,9800,12545,16292,24056,26324,21572,24227,15931,20212,5012,9466,659,675,1302,1974,1877,3316,2688,5156,4010,5113,3746,3856,9939,12921,4477,8277,142406,50321,18983,11163,46002,6108,2380,15,15
2021-05-17T23:59:59+02:00,4,4,2642,2933,4938,6456,7123,9692,12392,16113,23906,26161,21518,24176,15912,20189,5007,9458,651,661,1286,1938,1856,3269,2640,5048,3931,4999,3607,3703,9871,12858,4474,8269,141431,50298,18975,11153,45985,5377,2219,15,15
2021-05-16T23:59:59+02:00,4,4,2630,2920,4915,6389,7085,9609,12332,16039,23854,26100,21494,24159,15902,20175,5004,9455,646,656,1276,1935,1839,3260,2619,5036,3902,4976,3553,3636,9832,12826,4473,8267,140994,50285,18966,11142,45963,5159,2132,15,15
2021-05-15T23:59:59+02:00,4,4,2506,2783,4726,6183,6893,9421,11813,15621,23263,25551,21387,24041,15868,20132,5001,9447,596,593,1194,1846,1704,3107,2332,4728,3453,4465,3221,3207,9668,12621,4449,8238,137599,47325,18965,11142,45958,4834,2107,15,15
2021-05-14T23:59:59+02:00,4,4,2389,2607,4531,5961,6616,9109,11275,15109,22696,24983,21241,23901,15832,20074,4997,9436,534,515,1092,1725,1543,2892,2002,4326,2851,3875,2835,2770,9583,12472,4445,8234,133779,44393,18958,11140,45934,4068,2079,15,15
2021-05-13T23:59:59+02:00,4,4,2209,2323,4210,5579,6190,8638,10714,14421,21660,24069,20959,23627,15772,19975,4990,9421,530,515,1078,1710,1528,2874,1993,4301,2830,3851,2818,2754,9576,12468,4444,8234,127878,44329,18906,11131,45909,3973,2057,15,15
2021-05-12T23:59:59+02:00,4,4,2208,2321,4202,5578,6181,8632,10612,14299,21606,24029,20954,23616,15767,19967,4989,9421,523,493,1042,1655,1479,2795,1910,4214,2771,3792,2737,2659,9525,12395,4444,8234,127830,44326,18582,10304,45909,3970,2054,15,15
2021-05-11T23:59:59+02:00,4,4,2086,2282,4118,5515,6054,8517,10303,14048,21413,23867,20877,23544,15752,19934,4985,9416,498,469,981,1595,1409,2704,1811,4074,2698,3717,2583,2431,9460,12294,4443,8234,126882,44308,18245,9466,45625,3661,1952,15,15
2021-05-10T23:59:59+02:00,4,4,2045,2204,4011,5392,5918,8338,9512,13284,21033,23546,20786,23454,15713,19880,4975,9403,486,441,945,1530,1344,2614,1722,3912,2615,3624,2556,2409,9450,12276,4439,8229,125741,44289,16397,9285,45520,3175,1829,15,15
2021-05-09T23:59:59+02:00,4,4,2013,2191,3976,5353,5865,8290,9443,13215,20963,23473,20750,23413,15698,19853,4972,9389,479,433,922,1486,1318,2565,1688,3850,2577,3581,2547,2397,9439,12259,4439,8221,125293,44229,16393,9282,45424,2936,1740,15,15
2021-05-08T23:59:59+02:00,4,4,1950,2088,3794,5178,5591,8084,9133,12930,19829,22542,20555,23218,15665,19784,4967,9377,407,404,858,1446,1241,2492,1600,3748,2357,3368,2000,1969,9345,12173,4438,8221,121135,42748,16392,9281,45421,2297,1739,6,3
2021-05-07T23:59:59+02:00,4,4,1863,1974,3612,5009,5271,7789,8721,12557,18578,21267,20372,23006,15619,19727,4958,9358,321,346,749,1371,1109,2362,1466,3605,2182,3175,1630,1628,8856,11724,4437,8219,116192,41008,16388,9276,45397,1188,1706,6,3
2021-05-06T23:59:59+02:00,4,4,1679,1865,3327,4754,4821,7383,8081,11995,17333,20026,20038,22629,15512,19563,4948,9347,304,337,728,1341,1069,2315,1417,3521,2115,3107,1594,1573,8839,11693,4431,8216,110337,40988,16380,9270,45164,918,1422,6,3
2021-05-05T23:59:59+02:00,4,3,1609,1836,3243,4668,4742,7277,7952,11844,17179,19880,19918,22509,15435,19467,4926,9250,294,326,686,1290,1008,2240,1334,3372,2007,2990,1501,1474,8421,11125,4425,8198,109570,40951,16238,8141,44993,662,935,6,3
2021-05-04T23:59:59+02:00,4,3,1582,1807,3197,4590,4683,7166,7702,11548,16617,19302,19831,22378,15359,19369,4896,9136,278,313,663,1260,987,2186,1276,3252,1894,2833,1429,1368,8350,11021,4420,8180,108862,40924,14891,7865,44889,397,522,6,3
2021-05-03T23:59:59+02:00,4,3,1574,1804,3187,4575,4645,7141,7448,11314,15922,18706,19767,22293,15332,19335,4890,9126,263,293,641,1177,938,2098,1213,3113,1796,2696,1363,1288,8324,10986,4416,8171,108770,40914,13292,7658,44849,53,149,6,3
2021-05-02T23:59:59+02:00,4,3,1573,1802,3180,4573,4640,7138,7434,11304,15903,18695,19750,22285,15332,19333,4889,9126,263,290,638,1176,933,2095,1203,3107,1788,2690,1349,1281,8323,10981,4415,8171,108742,40891,13289,7656,44823,50,104,6,3
2021-05-01T23:59:59+02:00,4,3,1441,1657,2902,4324,4173,6780,6815,10822,13966,16815,19368,21887,15241,19217,4886,9110,261,290,635,1174,932,2092,1201,3105,1786,2686,1344,1277,8321,10979,4415,8171,101199,40860,13289,7656,44817,50,101,5,3
2021-04-30T23:59:59+02:00,3,3,1320,1511,2684,4101,3843,6384,6247,10227,12173,14771,18909,21345,15137,19074,4872,9099,256,289,628,1167,917,2084,1189,3095,1775,2673,1334,1268,8317,10974,4414,8170,93563,40815,13289,7656,44817,47,30,4,3
2021-04-29T23:59:59+02:00,2,3,1203,1449,2518,3977,3602,6181,5890,9926,10830,13495,18649,21067,15094,19004,4868,9093,255,285,623,1159,905,2078,1169,3090,1745,2636,1308,1244,8311,10965,4414,8170,88877,40782,13280,7523,44677,37,13,4,3
2021-04-28T23:59:59+02:00,2,3,1147,1443,2467,3957,3551,6157,5827,9893,10733,13427,18617,21033,15087,18988,4868,9090,255,284,621,1158,902,2076,1164,3086,1737,2635,1301,1225,7865,10442,4414,8170,88607,40759,13230,6530,44437,33,12,4,2
2021-04-27T23:59:59+02:00,2,3,1102,1416,2362,3913,3486,6129,5708,9837,10616,13350,18583,20993,15074,18973,4866,9088,254,284,619,1150,901,2074,1159,3083,1733,2631,1289,1208,7447,9860,4414,8170,88095,40739,13177,5497,44214,28,11,4,2
2021-04-26T23:59:59+02:00,2,3,1060,1386,2272,3821,3359,6029,5540,9716,10311,13091,18521,20938,15065,18955,4864,9088,253,283,618,1148,895,2070,1152,3080,1715,2622,1274,1195,7438,9840,4414,8170,86754,40652,13166,5476,44086,27,11,4,2
2021-04-25T23:59:59+02:00,2,3,1057,1384,2264,3819,3352,6024,5520,9708,10277,13060,18510,20926,15064,18949,4864,9087,252,283,618,1148,895,2070,1150,3080,1715,2622,1274,1195,7438,9838,4414,8170,86731,40650,13157,5474,43968,27,10,4,2
2021-04-24T23:59:59+02:00,2,2,1014,1271,2075,3281,3081,5408,5328,9296,9443,12013,17802,20028,14951,18789,4856,9076,251,282,617,1147,895,2069,1150,3079,1709,2617,1271,1190,7436,9836,4414,8169,80603,40625,13157,5470,43943,27,9,4,2
2021-04-23T23:59:59+02:00,1,2,981,1187,1963,2933,2899,4856,5132,8868,8889,11291,16170,18165,14803,18583,4848,9053,251,282,616,1147,893,2067,1149,3079,1708,2616,1266,1185,7432,9834,4414,8168,73572,40611,13156,5459,43883,27,9,4,2
2021-04-22T23:59:59+02:00,1,2,976,1175,1943,2917,2879,4836,5074,8822,8777,11187,16097,18088,14776,18553,4846,9048,249,282,612,1146,890,2066,1141,3067,1692,2596,1242,1163,7427,9826,4414,8168,73521,40597,13098,5348,43365,26,9,4,2
2021-04-21T23:59:59+02:00,1,2,966,1167,1929,2904,2852,4810,5028,8767,8669,11064,16010,18004,14747,18519,4846,9043,244,279,602,1137,876,2036,1131,3042,1682,2571,1229,1149,7202,9508,4413,8168,73477,40590,13041,4644,42797,25,9,4,2
2021-04-20T23:59:59+02:00,1,2,939,1119,1877,2790,2779,4647,4934,8588,8494,10855,15777,17722,14688,18460,4839,9037,231,276,584,1116,850,2005,1102,3016,1647,2530,1209,1136,7193,9503,4412,8167,73438,40569,11912,4378,42185,21,9,4,1
2021-04-19T23:59:59+02:00,1,2,930,1111,1845,2770,2729,4622,4810,8527,8294,10743,15685,17624,14666,18441,4839,9031,225,268,566,1095,832,1972,1084,2973,1601,2475,1191,1117,7186,9500,4410,8166,73039,40534,11891,4099,41727,19,9,4,1
2021-04-18T23:59:59+02:00,1,2,927,1110,1840,2764,2721,4610,4792,8516,8254,10700,15636,17565,14656,18424,4838,9029,225,268,566,1094,831,1972,1083,2973,1601,2474,1191,1116,7184,9499,4409,8166,72993,40527,11887,4097,41492,19,9,4,1
2021-04-17T23:59:59+02:00,0,2,895,1095,1791,2726,2653,4531,4638,8375,7991,10471,13262,14660,14457,18070,4821,8993,223,268,566,1091,827,1965,1071,2966,1591,2454,1153,1074,6851,9085,4384,8118,66161,39573,11887,4086,41370,19,9,4,1
2021-04-16T23:59:59+02:00,0,2,889,1089,1779,2715,2611,4491,4546,8291,7811,10277,10422,11407,14185,17652,4802,8938,222,264,565,1087,822,1961,1062,2963,1583,2441,1142,1059,6845,9079,4382,8115,58878,39494,11885,4070,41131,19,9,4,1
2021-04-15T23:59:59+02:00,0,2,877,1084,1757,2701,2568,4458,4428,8230,7581,10076,10171,11189,14123,17586,4795,8924,220,263,565,1085,821,1959,1059,2960,1580,2438,1137,1054,6843,9077,4382,8115,58854,39479,11883,4052,39800,18,9,4,1
2021-04-14T23:59:59+02:00,0,2,859,1057,1698,2618,2479,4334,4237,8046,7306,9794,9797,10704,13974,17405,4789,8912,196,238,524,1034,798,1892,1024,2880,1530,2376,1111,1024,6838,9068,4382,8114,58819,39463,10934,3541,38245,16,9,4,1
2021-04-13T23:59:59+02:00,0,2,835,1035,1661,2566,2412,4251,4136,7908,7094,9574,9390,10185,13828,17238,4784,8900,160,214,489,986,758,1799,989,2770,1477,2306,1092,989,6822,9057,4381,8114,58772,39399,9984,2985,37030,10,9,4,1
2021-04-12T23:59:59+02:00,0,2,830,1033,1642,2562,2383,4238,4084,7857,6953,9402,9124,9870,13764,17178,4773,8883,149,200,461,946,735,1734,969,2698,1433,2256,1070,972,6806,9037,4378,8109,58714,39283,9953,2651,35898,10,9,4,1
2021-04-11T23:59:59+02:00,0,2,829,1032,1631,2562,2369,4235,4061,7845,6888,9340,8991,9705,13737,17130,4768,8874,149,200,461,944,734,1732,967,2698,1432,2256,1070,972,6804,9037,4378,8109,58700,39275,9951,2650,35335,9,9,4,1
2021-04-10T23:59:59+02:00,0,2,813,1028,1602,2533,2332,4206,3991,7787,6756,9223,8433,8970,13070,16278,4757,8832,146,200,459,941,728,1729,967,2691,1423,2249,1057,956,6334,8538,4362,8093,55363,38207,9950,2648,35287,9,9,4,1
2021-04-09T23:59:59+02:00,0,2,791,1000,1561,2484,2266,4126,3838,7627,6409,8891,7906,8311,12247,15251,4686,8694,144,198,457,935,721,1721,958,2681,1408,2238,1035,934,6092,8266,4342,8066,51372,37534,9943,2644,34762,9,9,4,1
2021-04-08T23:59:59+02:00,0,2,781,990,1534,2460,2200,4077,3704,7539,6155,8590,7291,7655,12085,15051,4675,8678,144,196,452,931,716,1714,950,2670,1399,2225,1023,931,6089,8264,4341,8066,51337,37511,9918,2582,32199,9,9,4,1
2021-04-07T23:59:59+02:00,0,2,774,981,1508,2442,2141,4039,3617,7469,5924,8325,6735,7021,11474,14301,4662,8650,125,189,421,884,670,1645,893,2600,1349,2156,1003,915,6081,8258,4340,8066,51307,37487,8758,2091,29988,9,8,4,1
2021-04-06T23:59:59+02:00,0,2,769,979,1494,2434,2112,4016,3544,7420,5743,8153,6289,6513,11272,14085,4647,8619,102,168,373,825,625,1570,849,2500,1296,2092,978,899,6062,8243,4338,8062,51238,37459,8574,1507,28268,9,7,4,1
2021-04-05T23:59:59+02:00,0,2,764,975,1478,2426,2087,4006,3493,7394,5599,8043,6085,6299,11205,13999,4641,8609,96,166,372,823,618,1561,841,2485,1283,2073,950,868,4957,6840,4260,7956,51038,34636,8570,1497,27486,9,7,4,1
2021-04-04T23:59:59+02:00,0,2,762,969,1476,2424,2083,4004,3475,7387,5589,8036,6074,6279,11191,13981,4639,8606,96,166,370,821,615,1556,834,2478,1268,2054,927,846,3947,5679,4194,7850,51023,32188,8568,1497,27375,9,7,4,1
2021-04-03T23:59:59+02:00,0,2,710,913,1395,2353,1960,3865,3214,7127,5128,7543,5729,5822,11019,13762,4611,8577,94,166,370,820,615,1554,833,2478,1268,2054,927,846,3947,5676,4194,7849,47778,32178,8568,1497,27373,9,7,4,1
2021-04-02T23:59:59+02:00,0,2,668,879,1340,2285,1862,3751,2961,6868,4610,7063,5337,5362,10918,13596,4606,8571,93,166,370,820,615,1554,831,2478,1266,2053,924,842,3944,5673,4193,7849,44847,32160,8567,1496,27255,9,6,4,1
2021-04-01T23:59:59+02:00,0,2,665,876,1330,2280,1842,3743,2932,6854,4536,6990,5228,5252,10879,13547,4605,8566,93,166,368,816,613,1551,831,2475,1262,2049,914,841,3939,5670,4192,7848,44830,32149,8423,1464,26864,9,6,4,1
2021-03-31T23:59:59+02:00,0,2,663,874,1323,2263,1834,3733,2904,6826,4473,6944,5088,5090,10365,12938,4601,8558,93,166,367,816,613,1551,831,2475,1260,2049,913,841,3939,5669,4192,7847,44819,32143,7290,1464,26361,9,6,3,1
2021-03-30T23:59:59+02:00,0,2,654,871,1305,2243,1805,3704,2867,6791,4387,6855,4920,4896,9838,12237,4594,8543,88,163,366,812,608,1549,826,2469,1252,2046,902,831,3931,5666,4191,7846,44794,32122,6101,1410,25608,8,6,3,1
2021-03-29T23:59:59+02:00,0,2,649,863,1292,2209,1789,3673,2836,6749,4315,6770,4720,4698,9752,12143,4591,8529,88,163,366,810,603,1545,824,2463,1247,2038,894,825,3923,5658,4191,7846,44725,32108,5884,1363,24962,7,6,3,1
2021-03-28T23:59:59+02:00,0,2,646,861,1289,2206,1775,3663,2820,6737,4280,6718,4625,4588,9716,12079,4586,8522,88,163,366,809,603,1545,822,2463,1245,2038,893,825,3922,5658,4191,7846,44703,32106,5875,1358,24526,7,6,3,1
2021-03-27T23:59:59+01:00,0,2,642,856,1279,2202,1758,3646,2792,6707,4116,6575,4047,4133,9487,11833,4573,8503,88,163,364,807,601,1543,820,2460,1237,2032,889,821,3743,5367,4084,7673,42756,31321,5871,1358,24515,7,6,3,1
2021-03-26T23:59:59+01:00,0,2,637,848,1271,2191,1736,3629,2767,6685,4040,6497,3639,3766,8884,11273,4560,8489,88,163,364,806,600,1540,816,2457,1227,2028,876,808,3020,4424,3875,7325,40812,29046,5858,1358,24235,7,6,3,1
2021-03-25T23:59:59+01:00,0,2,630,842,1258,2177,1717,3605,2708,6645,3956,6419,3464,3546,8773,11163,4554,8483,88,163,364,806,600,1539,816,2456,1225,2028,876,808,3019,4423,3874,7324,40798,29038,5750,1358,23385,7,6,3,1
2021-03-24T23:59:59+01:00,0,2,624,835,1225,2151,1672,3560,2630,6576,3799,6269,3144,3181,8362,10612,4545,8470,84,161,352,793,584,1521,783,2422,1175,1996,843,770,3010,4417,3874,7321,40775,28736,4991,1357,21882,7,6,3,1
2021-03-23T23:59:59+01:00,0,2,612,827,1200,2120,1630,3513,2548,6496,3650,6115,2763,2796,8145,10394,4537,8451,79,157,340,772,549,1490,722,2359,1074,1914,760,710,2973,4382,3870,7317,40730,28105,4701,1350,20360,7,6,2,1
2021-03-22T23:59:59+01:00,0,2,589,717,1163,2067,1597,3457,2495,6426,3509,5985,2522,2557,7815,10038,4521,8415,79,156,340,772,549,1488,720,2357,1071,1914,758,706,2969,4377,3869,7314,40262,28076,4379,1350,19226,7,6,2,1
2021-03-21T23:59:59+01:00,0,2,588,714,1157,2058,1586,3447,2478,6411,3471,5951,2380,2393,7722,9926,4512,8400,79,156,340,771,549,1488,720,2357,1071,1914,758,706,2969,4376,3869,7313,40258,28073,4365,1350,18565,7,6,2,1
2021-03-20T23:59:59+01:00,0,2,587,714,1155,2051,1579,3440,2472,6404,3454,5929,2348,2355,7231,9408,4495,8383,79,156,340,771,548,1488,718,2356,1071,1912,758,706,2969,4374,3867,7311,39216,28061,4353,1350,18430,7,6,2,1
2021-03-19T23:59:59+01:00,0,2,580,706,1137,2032,1544,3416,2402,6264,3390,5821,2166,2171,6923,9087,4473,8358,79,156,339,765,544,1485,713,2348,1062,1899,749,699,2542,3770,3443,6558,38605,25793,4337,1350,17522,2,6,2,1
2021-03-18T23:59:59+01:00,0,2,565,689,1117,2001,1517,3386,2362,6196,3315,5732,2013,1974,6802,8967,4467,8347,78,156,339,764,543,1485,712,2344,1058,1898,742,696,2492,3698,3416,6517,38584,25603,4326,1328,16535,2,5,2,1
2021-03-17T23:59:59+01:00,0,1,536,660,1072,1946,1480,3301,2285,6078,3163,5576,1758,1707,6636,8814,4457,8332,77,152,327,737,527,1441,690,2286,1020,1857,725,677,2250,3402,3328,6387,38512,24620,3799,1256,15484,2,5,2,1
2021-03-16T23:59:59+01:00,0,1,492,631,1032,1891,1429,3197,2220,5924,3047,5442,1560,1483,6501,8666,4447,8309,71,137,306,681,497,1365,661,2151,990,1729,675,627,2136,3264,3302,6300,38456,23862,3181,1024,14629,2,4,2,1
2021-03-15T23:59:59+01:00,0,1,480,620,1000,1842,1395,3129,2191,5839,2960,5358,1434,1348,5917,7978,4407,8245,68,130,293,623,482,1245,623,2021,950,1616,646,606,2098,3224,3287,6237,37217,23456,2827,691,14098,2,0,2,1
2021-03-14T23:59:59+01:00,0,1,475,613,991,1830,1391,3111,2175,5821,2926,5331,1391,1298,5520,7531,4384,8227,67,125,289,600,476,1218,617,1965,940,1591,646,606,2098,3224,3286,6235,36395,23450,2822,531,13797,2,0,2,1
2021-03-13T23:59:59+01:00,0,1,457,595,954,1782,1338,3047,1919,5234,2686,4916,1285,1185,4858,6680,4334,8152,67,125,288,597,474,1216,615,1963,939,1587,644,602,1735,2741,2760,5474,34708,21294,2818,531,11895,2,0,2,1
2021-03-12T23:59:59+01:00,0,1,441,574,933,1739,1307,2964,1716,4447,2480,4467,1213,1102,4157,5882,4287,8070,67,123,287,593,474,1213,613,1955,934,1581,641,595,1409,2198,2214,4678,33027,19043,2815,531,9936,1,0,2,1
2021-03-11T23:59:59+01:00,0,1,437,567,924,1724,1292,2946,1691,4411,2443,4430,1139,1046,4113,5845,4284,8066,67,115,281,571,460,1161,604,1906,915,1545,629,582,1403,2180,2205,4627,32989,18791,2719,459,9649,1,0,2,1
2021-03-10T23:59:59+01:00,0,1,417,555,878,1665,1236,2869,1617,4314,2376,4337,1105,1023,4097,5828,4283,8064,67,115,279,567,457,1154,599,1883,915,1540,624,574,1342,2093,2160,4570,32974,18504,2148,434,9541,1,0,2,1
2021-03-09T23:59:59+01:00,0,1,396,539,833,1616,1193,2805,1575,4231,2333,4284,1085,1012,4091,5821,4282,8062,65,114,278,566,456,1143,597,1871,909,1535,621,568,1136,1782,2042,4392,32927,17667,1703,407,9527,1,0,2,1
2021-03-08T23:59:59+01:00,0,1,389,528,823,1601,1185,2788,1567,4205,2321,4271,1072,1001,4054,5773,4280,8057,64,114,274,561,452,1137,596,1867,905,1533,621,568,1067,1691,1997,4347,32798,17410,1606,383,9510,1,0,2,1
2021-03-07T23:59:59+01:00,0,1,388,524,823,1600,1183,2786,1564,4198,2311,4266,1065,993,4048,5767,4279,8056,62,111,265,539,440,1111,580,1767,870,1458,620,568,963,1561,1945,4278,32782,17047,1566,91,9502,0,0,2,1
2021-03-06T23:59:59+01:00,0,1,380,508,804,1567,1159,2727,1523,4131,2117,3768,1035,956,3875,5494,4177,7891,62,111,265,539,440,1110,580,1767,870,1458,620,568,960,1560,1942,4277,32064,17038,1566,91,8481,0,0,2,1
2021-03-05T23:59:59+01:00,0,1,366,469,772,1462,1109,2511,1448,3919,1903,3102,1005,911,3120,4529,3972,7547,62,110,264,536,437,1104,579,1762,866,1455,617,566,921,1502,1919,4238,29746,16847,1565,91,6833,0,0,2,1
2021-03-04T23:59:59+01:00,0,1,353,460,764,1442,1096,2488,1429,3890,1880,3083,991,907,3116,4525,3969,7545,61,109,261,533,433,1088,569,1740,865,1447,615,564,884,1448,1896,4201,29733,16686,1526,28,6678,0,0,2,1
2021-03-03T23:59:59+01:00,0,1,344,427,745,1391,1066,2405,1379,3735,1801,2986,958,861,3106,4519,3969,7542,60,108,258,530,432,1084,567,1731,862,1443,615,563,864,1395,1807,4054,29418,16347,1526,26,6289,0,0,2,1
2021-03-02T23:59:59+01:00,0,1,338,418,729,1367,1018,2360,1311,3651,1685,2887,870,795,3063,4480,3963,7536,60,108,257,526,431,1076,567,1725,862,1439,614,563,864,1395,1807,4054,28777,16322,1461,26,6232,0,0,2,1
2021-03-01T23:59:59+01:00,0,1,334,404,722,1320,1005,2302,1291,3568,1659,2838,851,786,3055,4470,3963,7536,60,107,256,522,426,1062,563,1712,853,1431,613,561,768,1240,1750,3974,28737,15872,1409,26,5957,0,0,2,1
2021-02-28T23:59:59+01:00,0,1,329,391,714,1281,991,2225,1279,3481,1636,2759,847,776,3053,4466,3962,7533,60,107,256,522,426,1061,563,1712,851,1431,613,560,671,1114,1703,3893,28723,15518,1406,25,5593,0,0,2,1
2021-02-27T23:59:59+01:00,0,1,320,371,700,1254,972,2189,1244,3412,1613,2706,830,761,3050,4466,3961,7533,60,107,256,522,426,1061,562,1712,849,1431,613,560,671,1113,1703,3893,28721,15514,1406,25,5254,0,0,2,1
2021-02-26T23:59:59+01:00,0,1,294,318,653,1189,908,2071,1154,3246,1508,2567,801,738,2615,3859,3533,6753,60,107,253,519,426,1059,560,1710,846,1425,609,558,664,1101,1694,3874,26425,15440,1406,25,4375,0,0,2,1
2021-02-25T23:59:59+01:00,0,1,289,305,639,1159,887,2029,1135,3180,1490,2522,798,735,2568,3786,3503,6710,58,105,249,511,426,1055,555,1700,843,1414,603,554,587,992,1647,3816,26206,15092,1406,23,4122,0,0,2,1
2021-02-24T23:59:59+01:00,0,1,270,295,588,1113,840,1961,1077,3085,1449,2465,782,717,2330,3486,3413,6573,57,100,244,504,420,1036,546,1678,840,1394,596,542,573,972,1636,3793,25218,14916,1406,15,3819,0,0,2,1
2021-02-23T23:59:59+01:00,0,1,257,274,559,1057,803,1886,1009,2935,1375,2363,730,667,2215,3347,3387,6481,57,98,242,498,420,1020,536,1646,832,1372,587,535,557,921,1624,3741,24414,14671,1401,15,3529,0,0,2,1
2021-02-22T23:59:59+01:00,0,1,253,268,546,994,783,1810,983,2840,1339,2303,705,645,2185,3311,3378,6418,57,97,236,492,418,1007,527,1629,828,1347,573,522,535,895,1618,3686,24008,14452,1401,15,3351,0,0,2,1
2021-02-21T23:59:59+01:00,0,1,250,260,537,969,770,1774,975,2792,1309,2277,705,643,2183,3311,3377,6417,57,97,235,492,418,1007,527,1629,828,1346,573,521,535,895,1618,3685,24002,14448,1401,15,3145,0,0,2,1
2021-02-20T23:59:59+01:00,0,1,169,230,467,920,701,1697,905,2703,1224,2177,690,628,1809,2793,2822,5614,57,97,235,492,418,1007,527,1628,828,1346,573,521,535,895,1617,3685,21726,14446,1401,15,2421,0,0,2,1
2021-02-19T23:59:59+01:00,0,1,84,167,357,839,575,1565,772,2554,1089,2026,674,607,1502,2278,2271,4820,57,97,235,492,418,1006,527,1628,828,1346,573,521,529,893,1615,3679,19516,14429,1401,15,1262,0,0,2,1
2021-02-18T23:59:59+01:00,0,1,81,162,345,789,554,1476,739,2414,1056,1958,658,596,1493,2259,2262,4768,54,90,229,470,404,939,512,1548,808,1272,559,507,523,875,1612,3657,19272,14044,1376,15,961,0,0,2,1
2021-02-17T23:59:59+01:00,0,1,80,154,331,766,545,1443,710,2321,1019,1858,653,586,1435,2171,2214,4718,54,87,227,461,396,901,501,1483,789,1190,546,496,521,873,1612,3657,19011,13779,1303,15,689,0,0,2,1
2021-02-16T23:59:59+01:00,0,1,75,148,316,726,517,1370,678,2213,994,1753,642,579,1190,1825,2090,4535,53,78,226,455,390,871,488,1418,763,1123,525,483,519,873,1609,3656,18090,13528,1064,2,496,0,0,2,1
2021-02-15T23:59:59+01:00,0,1,70,132,290,622,482,1228,622,2000,944,1594,633,577,1107,1718,2039,4470,53,78,224,450,386,865,487,1414,761,1116,525,483,518,868,1608,3653,17761,13489,726,0,40,0,0,2,1
2021-02-14T23:59:59+01:00,0,1,69,125,285,596,477,1199,611,1946,930,1572,633,577,1009,1594,1992,4413,53,78,224,450,386,865,487,1412,761,1116,525,483,518,868,1608,3653,17432,13487,571,0,24,0,0,2,1
2021-02-13T23:59:59+01:00,0,1,69,124,285,595,476,1195,610,1944,928,1569,632,576,1008,1585,1988,4410,53,78,224,449,384,860,486,1407,759,1115,523,481,501,830,1348,3186,17398,12684,571,0,24,0,0,2,1
2021-02-12T23:59:59+01:00,0,1,68,124,284,594,472,1191,610,1941,925,1568,629,575,969,1533,1968,4369,53,78,224,445,381,851,481,1398,753,1108,516,473,483,790,985,2477,17227,11496,571,0,21,0,0,2,1
2021-02-11T23:59:59+01:00,0,1,67,117,281,581,459,1164,604,1915,918,1556,628,574,926,1475,1946,4330,53,75,209,414,367,804,465,1324,738,1076,513,472,483,790,984,2476,17047,11244,488,0,5,0,0,2,0
2021-02-10T23:59:59+01:00,0,1,66,117,277,578,457,1159,600,1898,913,1552,628,574,917,1459,1925,4287,52,65,175,336,313,702,415,1152,659,982,478,460,478,789,984,2475,16945,10516,460,0,1,0,0,2,0
2021-02-09T23:59:59+01:00,0,1,64,115,271,574,454,1146,599,1884,906,1546,627,573,905,1423,1855,4182,43,53,124,257,236,551,333,950,558,829,443,449,474,788,981,2475,16692,9545,431,0,0,0,0,2,0
2021-02-08T23:59:59+01:00,0,1,63,115,268,565,451,1138,598,1869,899,1538,625,570,803,1270,1798,4100,38,43,86,168,173,415,268,712,499,694,435,443,470,785,980,2475,16263,8685,406,0,0,0,0,2,0
2021-02-07T23:59:59+01:00,0,1,61,112,259,542,436,1107,582,1766,864,1459,624,569,700,1142,1750,4016,37,42,82,165,170,408,263,699,494,683,433,442,470,785,980,2474,15890,8628,98,0,0,0,0,2,0
2021-02-06T23:59:59+01:00,0,1,61,112,258,542,436,1107,580,1765,861,1456,621,567,698,1133,1744,4009,34,41,81,162,167,398,259,691,483,674,425,441,434,737,740,2081,15851,7849,98,0,0,0,0,2,0
2021-02-05T23:59:59+01:00,0,1,61,112,256,538,436,1105,579,1764,859,1454,619,567,688,1126,1738,3996,32,39,77,158,162,390,251,672,466,664,419,441,428,712,336,1449,15799,6697,98,0,0,0,0,2,0
2021-02-04T23:59:59+01:00,0,1,59,110,251,532,430,1089,563,1737,855,1440,612,557,603,1009,1687,3935,31,36,73,152,156,379,237,650,449,650,414,433,423,705,334,1442,15438,6565,30,0,0,0,0,2,0
2021-02-03T23:59:59+01:00,0,1,58,105,247,525,429,1069,560,1721,853,1425,608,547,592,999,1684,3921,24,28,59,121,123,280,174,508,339,500,308,331,338,548,256,1159,15314,5097,28,0,0,0,0,2,0
2021-02-02T23:59:59+01:00,0,1,58,103,244,520,429,1051,548,1688,844,1401,595,537,581,950,1674,3871,17,21,40,78,87,186,122,343,222,361,217,221,218,344,182,765,15066,3425,28,0,0,0,0,1,0
2021-02-01T23:59:59+01:00,0,1,58,101,240,512,427,1035,540,1667,840,1378,588,531,559,921,1666,3824,7,11,20,42,48,97,65,168,97,165,103,104,91,160,76,336,14859,1590,28,0,0,0,0,1,0
2021-01-31T23:59:59+01:00,0,1,58,101,239,511,425,1031,538,1662,838,1375,588,530,559,921,1666,3823,7,11,18,38,43,83,61,142,83,149,98,102,90,159,74,334,14837,1492,28,0,0,0,0,1,0
2021-01-30T23:59:59+01:00,0,1,58,101,239,511,425,1031,538,1662,838,1375,588,530,559,921,1666,3823,7,11,18,38,43,83,61,142,83,149,98,101,90,159,74,334,14837,1491,28,0,0,0,0,1,0
2021-01-29T23:59:59+01:00,0,1,58,101,239,511,425,1031,538,1662,838,1375,588,530,559,921,1666,3823,7,11,18,38,43,83,61,142,83,149,98,101,90,159,74,334,14837,1491,28,0,0,0,0,1,0
2021-01-28T23:59:59+01:00,0,1,56,93,235,482,413,964,520,1576,815,1293,575,515,553,904,1663,3804,3,2,4,6,11,15,19,34,22,32,16,22,21,34,19,99,14439,359,22,0,0,0,0,1,0
2021-01-27T23:59:59+01:00,0,1,54,89,235,472,405,925,510,1510,795,1210,563,503,551,902,1663,3804,3,2,4,6,9,15,19,33,21,30,16,21,21,34,19,99,14171,352,20,0,0,0,0,1,0
2021-01-26T23:59:59+01:00,0,1,53,83,230,469,398,896,499,1443,770,1143,541,490,549,902,1663,3804,1,2,4,6,9,14,17,29,17,25,14,18,19,32,19,91,13915,317,18,0,0,0,0,1,0
2021-01-25T23:59:59+01:00,0,1,53,83,227,464,395,890,499,1440,769,1138,541,490,549,899,1663,3802,0,0,0,0,0,1,0,0,0,0,1,1,0,2,0,0,13886,5,16,0,0,0,0,1,0
2021-01-24T23:59:59+01:00,0,1,53,83,227,464,395,890,499,1439,769,1138,541,490,549,899,1663,3802,0,0,0,0,0,1,0,0,0,0,1,1,0,2,0,0,13885,5,16,0,0,0,0,1,0
2021-01-23T23:59:59+01:00,0,1,53,83,227,463,394,886,499,1433,768,1136,538,488,532,861,1402,3324,0,0,0,0,0,1,0,0,0,0,1,1,0,2,0,0,13071,5,16,0,0,0,0,1,0
2021-01-22T23:59:59+01:00,0,1,53,83,226,459,390,876,494,1423,763,1128,532,480,515,819,1023,2585,0,0,0,0,0,1,0,0,0,0,1,1,0,2,0,0,11834,5,16,0,0,0,0,0,0
2021-01-21T23:59:59+01:00,0,1,53,80,207,425,363,820,467,1323,737,1094,528,480,515,819,1022,2584,0,0,0,0,0,1,0,0,0,0,1,1,0,2,0,0,11502,5,16,0,0,0,0,0,0
2021-01-20T23:59:59+01:00,0,1,51,70,179,353,322,735,424,1169,667,1003,492,469,510,819,1022,2583,0,0,0,0,0,1,0,0,0,0,1,1,0,2,0,0,10853,5,16,0,0,0,0,0,0
2021-01-19T23:59:59+01:00,0,1,44,57,135,275,248,576,347,987,577,863,457,457,506,817,1022,2583,0,0,0,0,0,0,0,0,0,0,1,0,0,2,0,0,9944,3,8,0,0,0,0,0,0
2021-01-18T23:59:59+01:00,0,1,40,44,86,175,179,425,279,724,506,706,448,450,503,812,1020,2583,0,0,0,0,0,0,0,0,0,0,0,0,0,1,0,0,8981,1,0,0,0,0,0,0,0
2021-01-17T23:59:59+01:00,0,1,37,43,83,171,175,417,275,713,501,693,446,450,503,812,1020,2582,0,0,0,0,0,0,0,0,0,0,0,0,0,0,0,0,8922,0,0,0,0,0,0,0,0
2021-01-16T23:59:59+01:00,0,1,34,42,81,169,171,408,268,706,486,684,438,448,464,765,773,2186,0,0,0,0,0,0,0,0,0,0,0,0,0,0,0,0,8124,0,0,0,0,0,0,0,0
2021-01-15T23:59:59+01:00,0,1,32,40,78,164,168,402,261,689,472,676,432,447,459,741,360,1543,0,0,0,0,0,0,0,0,0,0,0,0,0,0,0,0,6965,0,0,0,0,0,0,0,0
2021-01-14T23:59:59+01:00,0,1,32,38,77,158,163,397,253,678,461,668,429,444,459,740,360,1543,0,0,0,0,0,0,0,0,0,0,0,0,0,0,0,0,6901,0,0,0,0,0,0,0,0
2021-01-13T23:59:59+01:00,0,0,24,31,61,126,128,302,193,544,352,525,326,342,374,578,281,1248,0,0,0,0,0,0,0,0,0,0,0,0,0,0,0,0,5435,0,0,0,0,0,0,0,0
2021-01-12T23:59:59+01:00,0,0,17,24,45,87,93,214,139,393,239,389,234,235,247,372,203,848,0,0,0,0,0,0,0,0,0,0,0,0,0,0,0,0,3779,0,0,0,0,0,0,0,0
2021-01-11T23:59:59+01:00,0,0,9,15,26,47,62,137,88,220,126,208,116,112,106,180,92,375,0,0,0,0,0,0,0,0,0,0,0,0,0,0,0,0,1919,0,0,0,0,0,0,0,0
2021-01-10T23:59:59+01:00,0,0,8,15,22,44,55,109,80,179,106,175,110,108,102,178,89,375,0,0,0,0,0,0,0,0,0,0,0,0,0,0,0,0,1755,0,0,0,0,0,0,0,0
2021-01-09T23:59:59+01:00,0,0,8,15,22,44,55,109,80,179,106,175,110,107,102,178,89,375,0,0,0,0,0,0,0,0,0,0,0,0,0,0,0,0,1754,0,0,0,0,0,0,0,0
2021-01-08T23:59:59+01:00,0,0,8,14,21,43,52,102,75,168,100,172,107,103,97,169,87,365,0,0,0,0,0,0,0,0,0,0,0,0,0,0,0,0,1683,0,0,0,0,0,0,0,0
2021-01-07T23:59:59+01:00,0,0,3,3,4,7,11,16,20,34,24,36,17,22,23,35,23,107,0,0,0,0,0,0,0,0,0,0,0,0,0,0,0,0,385,0,0,0,0,0,0,0,0
2021-01-06T23:59:59+01:00,0,0,3,2,4,6,9,15,20,33,21,32,17,21,23,35,23,106,0,0,0,0,0,0,0,0,0,0,0,0,0,0,0,0,370,0,0,0,0,0,0,0,0
2021-01-05T23:59:59+01:00,0,0,3,2,4,6,9,15,20,33,21,32,17,21,23,35,23,106,0,0,0,0,0,0,0,0,0,0,0,0,0,0,0,0,370,0,0,0,0,0,0,0,0
2021-01-04T23:59:59+01:00,0,0,0,0,0,0,0,1,1,0,0,0,1,1,0,2,0,0,0,0,0,0,0,0,0,0,0,0,0,0,0,0,0,0,6,0,0,0,0,0,0,0,0
2021-01-03T23:59:59+01:00,0,0,0,0,0,0,0,1,1,0,0,0,1,1,0,2,0,0,0,0,0,0,0,0,0,0,0,0,0,0,0,0,0,0,6,0,0,0,0,0,0,0,0
2021-01-02T23:59:59+01:00,0,0,0,0,0,0,0,1,1,0,0,0,1,1,0,2,0,0,0,0,0,0,0,0,0,0,0,0,0,0,0,0,0,0,6,0,0,0,0,0,0,0,0
2021-01-01T23:59:59+01:00,0,0,0,0,0,0,0,1,1,0,0,0,1,1,0,2,0,0,0,0,0,0,0,0,0,0,0,0,0,0,0,0,0,0,6,0,0,0,0,0,0,0,0
2020-12-31T23:59:59+01:00,0,0,0,0,0,0,0,1,1,0,0,0,1,1,0,2,0,0,0,0,0,0,0,0,0,0,0,0,0,0,0,0,0,0,6,0,0,0,0,0,0,0,0
2020-12-30T23:59:59+01:00,0,0,0,0,0,0,0,1,1,0,0,0,1,1,0,2,0,0,0,0,0,0,0,0,0,0,0,0,0,0,0,0,0,0,6,0,0,0,0,0,0,0,0
2020-12-29T23:59:59+01:00,0,0,0,0,0,0,0,1,1,0,0,0,1,0,0,2,0,0,0,0,0,0,0,0,0,0,0,0,0,0,0,0,0,0,5,0,0,0,0,0,0,0,0
2020-12-28T23:59:59+01:00,0,0,0,0,0,0,0,1,0,0,0,0,1,0,0,1,0,0,0,0,0,0,0,0,0,0,0,0,0,0,0,0,0,0,3,0,0,0,0,0,0,0,0
2020-12-27T23:59:59+01:00,0,0,0,0,0,0,0,0,0,0,0,0,0,0,0,0,0,0,0,0,0,0,0,0,0,0,0,0,0,0,0,0,0,0,0,0,0,0,0,0,0,0,0
