Datum,<24_1_m,<24_1_w,25-34_1_m,25-34_1_w,35-44_1_m,35-44_1_w,45-54_1_m,45-54_1_w,55-64_1_m,55-64_1_w,65-74_1_m,65-74_1_w,75-84_1_m,75-84_1_w,>84_1_m,>84_1_w,<24_2_m,<24_2_w,25-34_2_m,25-34_2_w,35-44_2_m,35-44_2_w,45-54_2_m,45-54_2_w,55-64_2_m,55-64_2_w,65-74_2_m,65-74_2_w,75-84_2_m,75-84_2_w,>84_2_m,>84_2_w,bp_1,bp_2,mo_1,mo_2,az_1,az_2,ja
2021-06-18T23:59:59+02:00,6222,6009,10683,10658,15709,16688,24264,25889,29807,31396,23056,25769,15385,20176,4121,8079,2317,2428,4055,5100,5691,7893,10598,13713,17432,19573,17039,19170,13501,17699,3829,7433,191292,110813,28967,19401,45907,29512,7745
2021-06-17T23:59:59+02:00,6086,5880,10030,10141,15313,16381,24179,25810,29731,31307,23021,25728,15373,20161,4121,8076,2168,2307,3793,4848,5308,7535,10039,13209,16276,18403,16615,18705,13388,17548,3819,7418,188861,105753,28965,19393,45904,28625,7608
2021-06-16T23:59:59+02:00,5934,5720,9842,9984,15187,16272,24092,25722,29639,31224,22984,25699,15359,20149,4120,8069,2117,2259,3701,4762,5113,7341,9081,12408,16002,18110,16332,18390,13278,17399,3813,7392,187743,104883,28954,17528,45901,27689,7398
2021-06-15T23:59:59+02:00,5726,5529,9676,9820,15061,16149,23998,25629,29566,31137,22945,25636,15335,20120,4113,8054,2051,2200,3624,4662,5021,7236,8964,12258,15826,17883,16005,18087,13169,17253,3795,7342,186458,104157,28952,17525,45882,26492,7202
2021-06-14T23:59:59+02:00,5643,5452,9580,9710,14984,16072,23932,25556,29495,31078,22917,25600,15321,20103,4110,8048,2032,2176,3586,4637,4981,7199,8858,12194,15687,17735,15819,17888,13101,17173,3790,7337,185720,103937,28948,17522,45878,25679,7055
2021-06-13T23:59:59+02:00,5570,5404,9494,9629,14909,16013,23876,25503,29425,31031,22893,25575,15316,20092,4110,8047,1978,2159,3540,4611,4930,7158,8785,12153,15589,17627,15665,17712,13057,17114,3785,7332,185150,103660,28942,17520,45864,25084,6931
2021-06-12T23:59:59+02:00,5546,5387,9464,9604,14653,15823,23770,25392,29383,30988,22875,25565,15309,20085,4109,8045,1838,2030,3285,4392,4520,6847,8218,11704,13821,15931,15377,17402,12989,17024,3783,7321,184263,97013,28942,17520,45864,25020,6929
2021-06-11T23:59:59+02:00,5483,5331,9382,9547,14317,15586,23588,25256,29303,30904,22838,25525,15296,20074,4108,8042,1720,1883,3105,4169,4198,6481,7682,11135,12164,13994,14988,16951,12897,16889,3770,7312,182917,90168,28940,17519,45864,24792,6859
2021-06-10T23:59:59+02:00,5144,5077,8833,9201,13044,14533,23065,24862,28944,30607,22713,25387,15256,20014,4096,8029,1574,1776,2858,3984,3870,6191,7232,10721,10724,12627,14538,16443,12759,16718,3758,7289,177637,85653,28925,17517,45859,23508,6384
2021-06-09T23:59:59+02:00,4857,4875,8240,8918,12187,13894,22746,24658,28733,30453,22656,25333,15240,19991,4092,8026,1469,1718,2713,3910,3722,6111,7031,10628,10457,12436,14211,16098,12627,16564,3753,7274,175555,85339,27665,17418,45852,22138,5827
2021-06-08T23:59:59+02:00,4708,4753,7817,8691,11746,13610,22525,24480,28539,30313,22609,25264,15208,19950,4088,8019,1377,1689,2582,3850,3564,6046,6055,9839,10060,12101,13865,15695,12440,16365,3742,7257,173843,84991,27295,15272,45826,20908,5356
2021-06-07T23:59:59+02:00,4568,4665,7581,8577,11477,13438,22318,24372,28405,30207,22558,25213,15192,19928,4085,8013,1318,1558,2458,3793,3436,5985,5886,9764,9854,11967,13645,15441,12312,16227,3736,7242,172664,84805,27285,15269,45817,19717,4831
2021-06-06T23:59:59+02:00,4423,4597,7356,8448,11226,13290,22133,24278,28337,30124,22526,25179,15182,19914,4082,8009,1293,1538,2391,3758,3336,5930,5774,9686,9748,11867,13481,15279,12261,16152,3733,7236,171523,84622,27268,15265,45807,19070,4506
2021-06-05T23:59:59+02:00,4392,4553,7317,8407,10972,13068,21578,23823,28186,29991,22482,25145,15172,19896,4082,8005,1251,1406,2225,3296,3092,5381,5613,9379,8770,10702,13031,14675,12169,16024,3724,7229,169501,79265,27268,15265,45804,18941,4496
2021-06-04T23:59:59+02:00,4356,4525,7286,8381,10837,12948,21236,23514,28100,29897,22449,25117,15159,19887,4081,8004,1214,1316,2121,2971,2934,4882,5444,9036,7986,9714,11807,13307,12063,15851,3721,7214,168228,72906,27256,15264,45803,18921,4490
2021-06-03T23:59:59+02:00,4198,4412,7061,8236,10155,12406,20108,22695,27753,29596,22323,24995,15114,19829,4079,7993,1153,1266,2021,2853,2801,4716,5235,8722,7600,9228,11458,12972,11982,15760,3718,7204,163501,71136,27248,15261,45799,17887,4405
2021-06-02T23:59:59+02:00,4190,4403,7050,8218,10134,12393,19924,22517,27686,29546,22300,24976,15111,19822,4076,7992,1148,1259,2009,2819,2778,4696,4922,8442,7161,8838,11429,12935,11968,15747,3714,7198,163438,71028,26703,13771,45799,17866,4398
2021-06-01T23:59:59+02:00,4047,4311,6803,8073,9853,12200,19471,22175,27457,29351,22207,24889,15077,19769,4075,7983,1103,1208,1921,2749,2698,4625,4563,8124,6644,8378,11217,12726,11891,15665,3709,7186,161761,70594,25922,12481,45784,17058,4274
2021-05-31T23:59:59+02:00,3994,4261,6710,8008,9719,12099,19347,22089,27374,29270,22143,24830,15062,19745,4070,7978,1065,1182,1855,2708,2622,4582,4448,8062,6522,8295,11025,12553,11816,15569,3700,7180,160926,70236,25895,12476,45771,16365,4107
2021-05-30T23:59:59+02:00,3959,4231,6646,7950,9628,12019,19265,22011,27305,29204,22097,24785,15042,19723,4066,7969,1061,1175,1846,2699,2607,4572,4418,8032,6472,8252,10966,12480,11787,15531,3696,7171,160235,70196,25890,12474,45759,16079,4016
2021-05-29T23:59:59+02:00,3942,4210,6608,7921,9593,11984,19218,21961,27158,29097,22055,24720,15028,19709,4063,7965,1022,1154,1787,2644,2525,4486,4229,7758,6059,7816,8898,9941,11632,15259,3685,7146,159581,63990,25890,12472,45745,15563,4016
2021-05-28T23:59:59+02:00,3870,4150,6484,7850,9476,11863,19073,21836,27001,28980,21999,24655,15009,19694,4062,7964,1006,1137,1772,2623,2485,4424,4063,7436,5866,7558,6155,6769,11443,14986,3674,7105,158330,57188,25888,12472,45741,14835,4007
2021-05-27T23:59:59+02:00,3702,4000,6183,7664,8868,11531,18594,21484,26609,28658,21865,24506,14959,19638,4055,7947,951,1068,1685,2525,2369,4283,3597,6388,5472,7053,6006,6617,11378,14920,3670,7090,154878,56709,25832,12426,45733,12117,3820
2021-05-26T23:59:59+02:00,3572,3907,5960,7486,8478,11245,18151,21173,26316,28444,21734,24373,14915,19569,4045,7932,931,1057,1629,2501,2321,4248,3518,6314,5370,6972,5880,6492,11322,14868,3665,7080,152191,56637,25816,12424,45711,11525,3582
2021-05-25T23:59:59+02:00,3469,3837,5814,7370,8270,11072,17138,20385,25988,28116,21590,24223,14871,19502,4039,7923,908,1037,1592,2455,2250,4189,3441,6250,5286,6902,5703,6324,11237,14797,3659,7070,150654,56577,23894,12240,45697,10921,3362
2021-05-24T23:59:59+02:00,3405,3820,5723,7326,8141,11001,16218,19690,25614,27823,21510,24123,14843,19476,4032,7913,899,1035,1566,2437,2211,4153,3389,6197,5208,6821,5608,6219,11163,14729,3659,7064,149980,56547,21828,12164,45688,10485,3162
2021-05-23T23:59:59+02:00,3402,3816,5715,7318,8133,10995,16213,19689,25613,27822,21510,24123,14843,19476,4032,7913,898,1032,1558,2428,2199,4140,3372,6183,5187,6784,5564,6171,11149,14707,3658,7062,149955,56540,21828,12164,45686,10244,3144
2021-05-22T23:59:59+02:00,3360,3767,5646,7273,8030,10914,15984,19493,25362,27609,21421,24044,14817,19440,4029,7910,872,1007,1514,2377,2148,4064,3257,6046,4870,6217,4634,5000,10888,14344,3650,7027,148442,53322,21828,12164,45685,9285,3144
2021-05-21T23:59:59+02:00,3302,3691,5542,7189,7942,10794,15734,19254,25133,27410,21322,23947,14790,19399,4024,7901,838,945,1446,2248,2037,3792,3045,5680,4408,5341,4016,4189,10376,13712,3598,6922,146751,49603,21828,12164,45681,7712,3114
2021-05-20T23:59:59+02:00,3147,3508,5270,6925,7655,10431,15219,18726,24573,26884,21072,23690,14711,19292,4011,7875,821,930,1421,2229,1998,3758,2990,5616,4324,5267,3885,4085,10315,13661,3590,6912,142626,49519,21819,12154,45661,7246,2883
2021-05-19T23:59:59+02:00,3083,3451,5174,6778,7411,10165,14157,17752,24330,26614,20980,23574,14676,19238,4005,7869,800,902,1397,2176,1961,3671,2927,5469,4230,5160,3803,3995,10270,13610,3587,6908,141262,49492,19753,12092,45591,6631,2651
2021-05-18T23:59:59+02:00,3056,3428,5126,6742,7330,10104,13828,17503,24153,26466,20898,23485,14649,19194,3998,7858,763,834,1346,2036,1891,3475,2820,5261,4014,4878,3668,3813,10199,13541,3578,6899,140992,49474,18903,11096,45548,6071,2375
2021-05-17T23:59:59+02:00,3026,3402,5076,6667,7241,9997,13662,17307,24025,26328,20848,23438,14633,19173,3995,7851,754,815,1329,1999,1867,3427,2768,5153,3935,4758,3530,3662,10143,13490,3577,6891,140024,49452,18895,11086,45533,5343,2217
2021-05-16T23:59:59+02:00,3014,3381,5051,6603,7203,9916,13600,17231,23975,26270,20826,23423,14623,19161,3992,7849,749,808,1319,1997,1851,3415,2745,5143,3908,4731,3474,3591,10112,13470,3576,6889,139590,49443,18887,11075,45511,5130,2130
2021-05-15T23:59:59+02:00,2891,3263,4858,6403,7020,9724,12946,16680,23536,25871,20733,23312,14591,19122,3990,7842,688,742,1234,1907,1718,3247,2435,4818,3469,4241,3143,3174,9980,13293,3557,6867,136284,46525,18887,11075,45505,4807,2106
2021-05-14T23:59:59+02:00,2758,3069,4650,6176,6745,9410,12298,16064,23080,25425,20617,23180,14562,19072,3986,7835,616,649,1127,1788,1549,3014,2068,4399,2888,3650,2779,2755,9916,13185,3555,6863,132489,43607,18880,11073,45483,4046,2075
2021-05-13T23:59:59+02:00,2555,2755,4327,5784,6310,8918,11651,15309,22140,24596,20379,22944,14510,18993,3980,7821,612,647,1116,1772,1532,2997,2060,4375,2871,3629,2764,2740,9911,13184,3554,6863,126634,43555,18827,11065,45457,3953,2054
2021-05-12T23:59:59+02:00,2553,2752,4321,5783,6301,8911,11535,15179,22102,24568,20372,22932,14508,18987,3979,7821,601,622,1081,1711,1481,2919,1979,4289,2814,3577,2684,2646,9861,13111,3554,6863,126594,43552,18501,10239,45457,3950,2052
2021-05-11T23:59:59+02:00,2424,2714,4240,5709,6162,8788,11214,14928,21934,24420,20307,22865,14493,18960,3976,7818,568,594,1027,1647,1401,2826,1886,4150,2743,3513,2532,2422,9796,13011,3554,6863,125659,43536,18164,9406,45177,3639,1952
2021-05-10T23:59:59+02:00,2373,2629,4141,5583,6035,8627,10358,14130,21617,24139,20234,22783,14459,18910,3968,7808,552,558,991,1588,1332,2733,1791,3980,2669,3435,2510,2405,9789,12992,3551,6860,124577,43526,16317,9223,45074,3161,1826
2021-05-09T23:59:59+02:00,2339,2613,4104,5542,5984,8573,10288,14055,21556,24074,20200,22744,14444,18886,3966,7796,544,547,970,1541,1307,2685,1758,3924,2633,3391,2500,2393,9780,12974,3551,6854,124133,43467,16313,9220,44981,2928,1737
2021-05-08T23:59:59+02:00,2262,2498,3902,5370,5736,8364,9869,13699,20536,23233,20028,22569,14419,18828,3961,7787,462,514,910,1495,1230,2620,1667,3811,2358,3153,2021,2002,9705,12909,3550,6854,120034,42017,16312,9219,44978,2288,1737
2021-05-07T23:59:59+02:00,2168,2365,3701,5194,5406,8073,9443,13291,19333,22005,19862,22367,14382,18780,3953,7771,359,447,797,1418,1106,2486,1531,3667,2175,2945,1569,1619,9331,12550,3549,6853,115122,40306,16310,9216,44957,1175,1705
2021-05-06T23:59:59+02:00,1951,2241,3404,4920,4955,7673,8766,12697,18138,20783,19544,22010,14296,18641,3944,7761,341,436,773,1390,1067,2427,1480,3588,2111,2880,1534,1562,9315,12527,3544,6850,109275,40287,16303,9210,44723,905,1423
2021-05-05T23:59:59+02:00,1873,2201,3331,4833,4877,7558,8631,12541,17983,20646,19430,21898,14225,18540,3924,7676,328,420,733,1340,1001,2345,1394,3429,2006,2776,1445,1465,8907,11965,3539,6834,108520,40254,16160,8092,44554,648,933
2021-05-04T23:59:59+02:00,1843,2169,3289,4750,4820,7451,8281,12144,17521,20158,19345,21776,14153,18447,3900,7574,310,407,709,1306,981,2296,1318,3284,1902,2634,1379,1362,8842,11871,3536,6819,107834,40229,14815,7816,44451,390,521
2021-05-03T23:59:59+02:00,1834,2164,3281,4737,4779,7427,7898,11799,16950,19668,19289,21699,14128,18419,3895,7564,295,380,687,1225,932,2205,1251,3141,1804,2499,1316,1288,8820,11843,3533,6810,107751,40222,13221,7609,44411,50,148
2021-05-02T23:59:59+02:00,1832,2162,3277,4735,4773,7423,7887,11787,16932,19657,19273,21693,14128,18417,3894,7564,294,379,685,1224,926,2202,1242,3134,1796,2493,1302,1281,8819,11838,3532,6810,107725,40200,13219,7608,44388,47,102
2021-05-01T23:59:59+02:00,1683,2011,2977,4471,4289,7056,7254,11273,14989,17765,18959,21359,14051,18314,3891,7551,292,379,682,1222,924,2199,1240,3132,1793,2488,1298,1278,8817,11837,3532,6810,100191,40169,13219,7608,44384,47,99
2021-04-30T23:59:59+02:00,1537,1845,2771,4226,3931,6657,6654,10649,13153,15654,18608,20955,13965,18183,3878,7544,285,378,677,1214,908,2191,1229,3123,1781,2475,1287,1267,8813,11834,3531,6810,92579,40122,13219,7608,44384,45,28
2021-04-29T23:59:59+02:00,1405,1764,2596,4098,3689,6448,6270,10328,11788,14334,18417,20747,13937,18130,3875,7538,283,374,671,1208,899,2185,1205,3116,1750,2437,1264,1242,8809,11829,3531,6810,87894,40090,13210,7476,44249,36,11
2021-04-28T23:59:59+02:00,1337,1757,2551,4077,3640,6426,6198,10291,11705,14266,18389,20716,13931,18117,3875,7535,283,373,668,1207,897,2183,1202,3112,1741,2434,1257,1222,8368,11314,3531,6810,87629,40069,13160,6491,44012,32,10
2021-04-27T23:59:59+02:00,1282,1728,2444,4032,3579,6400,6074,10229,11600,14193,18357,20682,13920,18104,3873,7533,282,372,666,1201,896,2181,1198,3109,1737,2427,1241,1204,7957,10739,3531,6810,87125,40050,13107,5464,43789,28,9
2021-04-26T23:59:59+02:00,1230,1692,2351,3936,3453,6304,5898,10101,11292,13916,18320,20663,13912,18086,3871,7533,281,371,664,1201,892,2178,1190,3105,1718,2418,1225,1189,7951,10721,3531,6810,85789,39965,13097,5444,43663,27,9
2021-04-25T23:59:59+02:00,1227,1689,2341,3934,3446,6299,5879,10093,11257,13885,18312,20653,13911,18080,3871,7533,280,371,664,1201,891,2178,1189,3105,1718,2418,1225,1189,7951,10719,3531,6810,85766,39962,13088,5442,43547,27,9
2021-04-24T23:59:59+02:00,1175,1537,2144,3381,3171,5669,5693,9707,10199,12596,17828,20023,13818,17940,3865,7525,279,370,663,1200,891,2177,1189,3104,1712,2410,1221,1186,7950,10718,3531,6809,79652,39937,13088,5438,43523,27,8
2021-04-23T23:59:59+02:00,1138,1431,2022,3013,2987,5090,5480,9309,9362,11526,16494,18531,13693,17755,3860,7507,279,370,661,1200,890,2175,1188,3104,1711,2409,1216,1181,7947,10716,3531,6808,72640,39924,13087,5427,43463,27,8
2021-04-22T23:59:59+02:00,1132,1419,2003,2996,2967,5073,5414,9259,9251,11418,16434,18464,13671,17730,3858,7503,277,369,659,1200,887,2173,1180,3091,1691,2388,1194,1160,7945,10711,3531,6808,72596,39912,13032,5318,42956,26,8
2021-04-21T23:59:59+02:00,1122,1410,1987,2978,2943,5050,5363,9194,9132,11293,16354,18387,13655,17701,3858,7500,272,365,648,1190,874,2142,1168,3064,1682,2370,1182,1146,7723,10396,3530,6808,72556,39906,12974,4621,42389,25,8
2021-04-20T23:59:59+02:00,1089,1347,1939,2860,2869,4893,5258,9011,8856,10982,16230,18221,13606,17650,3851,7495,259,361,627,1166,847,2114,1142,3034,1646,2335,1165,1132,7715,10393,3530,6807,72487,39886,11845,4356,41817,23,8
2021-04-19T23:59:59+02:00,1078,1336,1901,2840,2826,4862,5113,8953,8666,10852,16146,18144,13589,17633,3851,7490,251,350,607,1146,831,2079,1120,2989,1604,2282,1148,1116,7710,10389,3528,6807,72088,39852,11823,4076,41361,21,8
2021-04-18T23:59:59+02:00,1076,1335,1896,2834,2817,4851,5097,8936,8618,10808,16102,18088,13583,17622,3850,7488,251,350,607,1146,830,2079,1120,2989,1604,2281,1148,1115,7708,10388,3527,6807,72045,39847,11820,4074,41128,21,8
2021-04-17T23:59:59+02:00,1039,1321,1844,2787,2741,4773,4946,8780,8205,10397,13863,15321,13421,17341,3837,7457,249,350,607,1142,826,2073,1108,2981,1592,2260,1109,1070,7372,9970,3511,6769,65238,38897,11820,4063,41007,21,8
2021-04-16T23:59:59+02:00,1031,1314,1833,2777,2694,4731,4840,8692,8018,10189,10986,11980,13233,17047,3822,7412,247,344,606,1138,819,2068,1098,2973,1571,2242,1098,1058,7366,9965,3509,6766,58003,38792,11818,4047,40770,21,8
2021-04-15T23:59:59+02:00,1019,1309,1806,2761,2647,4696,4724,8624,7773,9959,10757,11796,13191,16993,3816,7400,245,344,606,1136,818,2067,1095,2970,1568,2239,1093,1054,7364,9963,3509,6766,57982,38778,11816,4030,39465,21,8
2021-04-14T23:59:59+02:00,995,1276,1749,2672,2551,4568,4530,8434,7484,9656,10394,11343,13066,16838,3812,7393,215,317,567,1084,796,1999,1057,2888,1524,2181,1068,1027,7360,9955,3509,6766,57950,38762,10870,3523,37933,20,8
2021-04-13T23:59:59+02:00,968,1251,1712,2615,2477,4482,4422,8291,7268,9434,9995,10848,12941,16678,3807,7384,175,291,533,1032,756,1898,1021,2785,1475,2114,1048,993,7346,9947,3509,6766,57872,38699,9924,2968,36769,14,8
2021-04-12T23:59:59+02:00,963,1248,1693,2612,2445,4466,4368,8237,7110,9249,9747,10555,12899,16631,3796,7371,161,272,507,993,733,1827,998,2715,1433,2071,1027,975,7330,9931,3506,6761,57816,38583,9893,2635,35673,14,8
2021-04-11T23:59:59+02:00,960,1247,1683,2612,2432,4464,4345,8222,7039,9179,9623,10403,12873,16589,3792,7367,161,271,507,992,732,1826,997,2715,1432,2071,1027,975,7328,9931,3506,6761,57804,38577,9891,2634,35127,13,8
2021-04-10T23:59:59+02:00,942,1236,1655,2586,2394,4435,4273,8157,6897,9056,8685,9201,12605,16219,3783,7329,158,269,505,990,727,1824,996,2709,1423,2063,1013,960,6859,9432,3494,6747,54475,37515,9890,2633,35080,13,8
2021-04-09T23:59:59+02:00,917,1204,1615,2536,2321,4353,4092,7976,6556,8721,7939,8233,12037,15521,3725,7217,155,268,503,984,722,1815,987,2701,1406,2051,994,939,6611,9157,3482,6726,50508,36851,9886,2629,34561,13,8
2021-04-08T23:59:59+02:00,906,1193,1584,2513,2255,4302,3950,7877,6263,8377,7354,7594,11907,15373,3716,7199,155,265,496,981,718,1807,979,2690,1398,2041,982,937,6608,9155,3482,6726,50476,36830,9862,2569,32017,13,8
2021-04-07T23:59:59+02:00,899,1182,1556,2494,2198,4260,3856,7800,6007,8078,6795,6979,11354,14661,3705,7176,136,253,461,930,673,1741,921,2616,1352,1979,965,923,6602,9150,3481,6726,50449,36807,8712,2082,29832,13,7
2021-04-06T23:59:59+02:00,895,1179,1538,2487,2169,4235,3778,7743,5793,7887,6350,6478,11193,14470,3694,7153,113,232,408,865,632,1658,872,2521,1301,1920,943,907,6587,9140,3479,6722,50379,36782,8529,1498,28127,13,7
2021-04-05T23:59:59+02:00,887,1175,1521,2480,2146,4225,3723,7715,5635,7761,6157,6270,11140,14396,3690,7146,107,229,407,864,624,1649,865,2504,1284,1902,915,868,5452,7692,3449,6675,50184,33978,8525,1488,27351,13,7
2021-04-04T23:59:59+02:00,885,1171,1519,2478,2140,4223,3707,7708,5623,7752,6145,6248,11129,14382,3689,7143,107,229,405,862,619,1644,860,2496,1269,1881,892,835,4411,6494,3425,6621,50170,31542,8524,1488,27241,13,7
2021-04-03T23:59:59+02:00,822,1112,1436,2402,2019,4079,3415,7415,5173,7271,5800,5802,10985,14191,3668,7120,105,229,405,861,619,1642,859,2496,1269,1881,892,835,4411,6490,3425,6621,46940,31532,8524,1488,27239,13,7
2021-04-02T23:59:59+02:00,778,1070,1375,2337,1912,3952,3126,7139,4672,6771,5420,5357,10914,14069,3665,7114,105,229,405,861,619,1642,858,2496,1267,1879,891,832,4409,6488,3425,6621,44021,31521,8523,1487,27121,13,6
2021-04-01T23:59:59+02:00,773,1068,1365,2334,1894,3944,3094,7122,4594,6692,5311,5250,10885,14027,3664,7112,104,229,403,857,618,1639,857,2493,1264,1875,881,831,4405,6485,3424,6621,44009,31512,8380,1455,26734,13,6
2021-03-31T23:59:59+02:00,771,1064,1357,2321,1882,3932,3067,7092,4527,6636,5169,5089,10386,13435,3661,7107,104,229,402,857,618,1639,857,2493,1262,1875,880,831,4405,6484,3424,6620,43999,31506,7253,1455,26238,13,6
2021-03-30T23:59:59+02:00,762,1059,1338,2301,1849,3901,3026,7056,4439,6542,4991,4882,9885,12758,3654,7093,99,225,402,853,613,1636,851,2488,1255,1872,868,822,4398,6480,3423,6620,43976,31486,6068,1402,25486,11,6
2021-03-29T23:59:59+02:00,757,1051,1325,2264,1828,3870,2994,7015,4367,6444,4784,4683,9816,12680,3652,7082,99,225,402,850,609,1633,850,2481,1251,1866,859,814,4391,6475,3423,6620,43909,31473,5853,1358,24844,11,6
2021-03-28T23:59:59+02:00,754,1049,1321,2261,1813,3860,2976,7000,4329,6383,4689,4570,9787,12630,3647,7075,99,225,402,849,609,1633,848,2481,1249,1866,858,814,4390,6475,3423,6620,43887,31471,5844,1353,24407,11,6
2021-03-27T23:59:59+01:00,750,1044,1313,2253,1793,3845,2949,6972,4101,6197,4176,4143,9576,12408,3639,7060,99,225,399,847,608,1631,845,2478,1242,1860,854,809,4160,6096,3374,6541,41976,30698,5840,1353,24397,11,6
2021-03-26T23:59:59+01:00,743,1036,1305,2243,1774,3827,2920,6947,4011,6097,3652,3705,9112,11950,3630,7047,99,225,398,846,607,1628,841,2475,1232,1854,843,794,3365,5051,3246,6309,40046,28443,5827,1353,24120,11,6
2021-03-25T23:59:59+01:00,736,1030,1292,2230,1752,3799,2859,6907,3919,6008,3468,3487,9027,11852,3624,7045,99,225,398,846,607,1628,840,2474,1232,1854,843,794,3363,5050,3246,6308,40033,28437,5721,1353,23275,11,6
2021-03-24T23:59:59+01:00,727,1021,1260,2205,1705,3749,2776,6830,3751,5847,3126,3120,8667,11337,3615,7034,95,223,386,831,588,1608,807,2442,1178,1823,816,756,3355,5045,3246,6306,40011,28137,4968,1352,21785,10,6
2021-03-23T23:59:59+01:00,714,1011,1231,2170,1659,3701,2690,6743,3589,5675,2742,2726,8482,11161,3608,7018,90,219,373,804,550,1576,741,2378,1074,1741,734,698,3329,5013,3243,6303,39970,27506,4678,1345,20266,9,6
2021-03-22T23:59:59+01:00,686,888,1194,2123,1628,3645,2627,6666,3441,5536,2489,2488,8184,10820,3595,6988,90,218,373,804,550,1574,740,2377,1071,1740,732,695,3326,5008,3242,6301,39502,27481,4354,1345,19136,9,6
2021-03-21T23:59:59+01:00,685,883,1189,2116,1617,3637,2609,6650,3394,5489,2337,2317,8111,10728,3589,6975,90,218,373,803,550,1574,740,2377,1071,1740,732,695,3326,5007,3242,6301,39498,27479,4340,1345,18482,9,6
2021-03-20T23:59:59+01:00,683,883,1188,2108,1611,3632,2603,6643,3373,5464,2307,2278,7620,10214,3576,6960,90,218,373,803,549,1574,739,2376,1071,1739,732,695,3326,5005,3240,6299,38461,27469,4328,1345,18348,9,6
2021-03-19T23:59:59+01:00,674,876,1174,2091,1575,3607,2532,6484,3306,5371,2120,2095,7323,9907,3562,6939,90,218,372,796,545,1572,734,2365,1059,1728,723,688,2793,4257,2936,5699,37855,25222,4312,1345,17463,2,6
2021-03-18T23:59:59+01:00,659,859,1154,2060,1544,3574,2494,6410,3231,5280,1949,1893,7223,9806,3560,6929,89,218,372,795,544,1572,733,2361,1055,1727,715,685,2733,4176,2921,5666,37835,25031,4301,1323,16483,2,6
2021-03-17T23:59:59+01:00,625,828,1111,2002,1507,3487,2407,6287,3076,5117,1680,1625,7087,9676,3551,6916,87,212,360,769,528,1521,711,2307,1016,1689,698,663,2475,3864,2862,5568,37764,24070,3777,1252,15435,2,6
2021-03-16T23:59:59+01:00,578,796,1070,1945,1457,3370,2333,6141,2961,4972,1469,1400,6981,9549,3542,6899,80,193,337,711,500,1438,678,2163,987,1580,644,612,2368,3724,2845,5494,37711,23326,3158,1021,14589,2,5
2021-03-15T23:59:59+01:00,563,779,1041,1901,1420,3296,2300,6057,2873,4889,1342,1263,6398,8858,3521,6855,77,181,322,651,482,1318,642,2036,943,1467,617,595,2331,3682,2834,5439,36480,22928,2805,687,14071,2,0
2021-03-14T23:59:59+01:00,558,772,1030,1887,1417,3280,2284,6039,2837,4860,1300,1207,5998,8416,3510,6844,76,176,318,628,476,1290,636,1975,933,1448,617,595,2331,3681,2833,5438,35667,22922,2800,527,13772,2,0
2021-03-13T23:59:59+01:00,536,748,990,1840,1359,3213,2012,5395,2610,4500,1197,1096,5324,7533,3493,6815,76,176,317,625,474,1288,634,1973,933,1444,614,590,1875,3047,2410,4839,33993,20786,2796,527,11872,2,0
2021-03-12T23:59:59+01:00,518,723,971,1796,1322,3114,1792,4533,2417,4134,1128,1023,4606,6697,3479,6779,76,174,316,621,474,1284,630,1967,930,1438,611,583,1473,2379,1958,4179,32321,18565,2793,527,9918,1,0
2021-03-11T23:59:59+01:00,513,716,961,1783,1308,3094,1766,4500,2379,4096,1053,970,4568,6664,3477,6777,76,165,309,600,461,1230,620,1918,908,1405,602,570,1468,2361,1949,4131,32288,18317,2700,455,9637,1,0
2021-03-10T23:59:59+01:00,491,700,911,1719,1253,3022,1690,4398,2318,4011,1023,948,4555,6652,3476,6775,75,165,307,595,459,1224,615,1896,908,1400,594,560,1401,2264,1914,4087,32273,18032,2136,431,9533,1,0
2021-03-09T23:59:59+01:00,469,682,859,1669,1216,2950,1643,4319,2276,3964,1007,939,4549,6645,3475,6774,73,163,306,593,458,1215,613,1884,902,1394,592,552,1169,1918,1827,3952,32227,17206,1688,404,9521,1,0
2021-03-08T23:59:59+01:00,462,671,849,1653,1206,2935,1637,4293,2263,3952,995,928,4515,6599,3473,6770,71,161,303,590,454,1209,611,1880,899,1392,592,552,1087,1818,1795,3919,32102,16952,1592,380,9507,1,0
2021-03-07T23:59:59+01:00,461,668,849,1652,1203,2933,1634,4286,2253,3946,988,920,4510,6595,3472,6769,68,157,293,569,442,1175,593,1776,867,1330,591,552,975,1672,1754,3867,32086,16593,1553,88,9500,0,0
2021-03-06T23:59:59+01:00,452,648,830,1618,1178,2877,1589,4204,2059,3457,965,892,4285,6237,3429,6697,68,157,293,569,442,1174,593,1776,867,1330,591,552,972,1671,1751,3866,31378,16584,1553,88,8486,0,0
2021-03-05T23:59:59+01:00,436,600,797,1512,1124,2653,1503,3975,1849,2796,947,866,3463,5170,3305,6470,68,156,292,566,438,1168,592,1771,865,1326,586,550,932,1609,1733,3836,29084,16400,1552,88,6830,0,0
2021-03-04T23:59:59+01:00,421,590,788,1493,1113,2629,1481,3945,1829,2778,934,863,3457,5166,3304,6469,68,155,289,562,433,1150,583,1751,864,1318,584,549,886,1546,1719,3810,29071,16242,1513,25,6676,0,0
2021-03-03T23:59:59+01:00,409,551,769,1435,1079,2544,1432,3794,1748,2689,907,820,3448,5162,3304,6467,67,155,286,558,432,1147,581,1742,861,1315,584,548,854,1486,1646,3672,28759,15911,1513,23,6286,0,0
2021-03-02T23:59:59+01:00,403,541,753,1405,1029,2499,1357,3708,1631,2594,819,758,3415,5125,3300,6464,66,155,286,553,431,1141,581,1734,861,1313,583,548,854,1486,1646,3672,28121,15887,1450,23,6230,0,0
2021-03-01T23:59:59+01:00,396,526,749,1354,1014,2436,1337,3633,1606,2545,803,749,3407,5119,3300,6464,66,153,285,550,422,1127,581,1719,851,1307,583,546,745,1308,1606,3617,28082,15443,1402,23,5954,0,0
2021-02-28T23:59:59+01:00,391,512,740,1309,1002,2358,1321,3551,1587,2466,799,743,3406,5115,3299,6462,66,153,285,550,422,1126,581,1719,850,1307,583,545,638,1160,1571,3561,28071,15094,1399,23,5591,0,0
2021-02-27T23:59:59+01:00,380,488,726,1285,982,2315,1288,3481,1562,2419,782,733,3404,5115,3299,6462,66,153,285,550,422,1126,580,1719,849,1307,583,545,638,1159,1571,3561,28069,15091,1399,23,5253,0,0
2021-02-26T23:59:59+01:00,350,426,677,1220,913,2189,1195,3317,1466,2287,757,717,2864,4359,2993,5844,66,153,282,548,422,1124,578,1716,846,1302,578,542,631,1145,1563,3544,25800,15017,1399,23,4375,0,0
2021-02-25T23:59:59+01:00,344,410,662,1192,892,2144,1175,3244,1450,2251,755,715,2805,4277,2976,5810,64,149,278,541,422,1121,573,1703,843,1293,570,536,549,1025,1526,3501,25581,14673,1399,21,4122,0,0
2021-02-24T23:59:59+01:00,319,393,616,1146,839,2071,1117,3153,1411,2199,737,693,2548,3956,2915,5706,63,145,274,531,416,1106,566,1680,840,1276,563,525,536,1004,1516,3482,24600,14508,1399,15,3820,0,0
2021-02-23T23:59:59+01:00,301,368,588,1089,803,1983,1036,2996,1349,2118,683,641,2438,3814,2898,5627,63,143,272,524,416,1087,556,1650,832,1257,552,517,524,952,1506,3442,23808,14278,1394,15,3530,0,0
2021-02-22T23:59:59+01:00,296,355,574,1028,786,1906,1009,2903,1312,2059,662,623,2411,3777,2891,5573,62,142,267,518,414,1073,547,1627,826,1239,537,503,508,926,1501,3391,23417,14066,1394,15,3354,0,0
2021-02-21T23:59:59+01:00,293,344,565,1005,773,1863,1001,2857,1282,2038,662,621,2409,3777,2890,5572,62,142,266,518,414,1073,547,1627,826,1237,537,503,508,926,1501,3390,23411,14062,1394,15,3147,0,0
2021-02-20T23:59:59+01:00,196,309,502,951,708,1792,926,2751,1199,1956,652,608,1944,3107,2442,4935,62,142,266,518,414,1073,547,1626,826,1237,537,503,508,926,1501,3390,21166,14061,1394,15,2418,0,0
2021-02-19T23:59:59+01:00,96,236,386,871,585,1649,790,2607,1072,1810,643,594,1555,2458,1990,4282,62,142,266,518,414,1072,547,1625,826,1237,537,503,500,922,1500,3385,18979,14042,1394,14,1251,0,0
2021-02-18T23:59:59+01:00,92,224,375,827,561,1555,760,2467,1035,1750,632,583,1547,2439,1981,4234,59,133,260,489,399,1010,534,1545,804,1168,526,489,494,904,1499,3368,18742,13667,1369,14,951,0,0
2021-02-17T23:59:59+01:00,91,216,362,799,549,1523,726,2345,1007,1685,624,571,1482,2341,1943,4197,59,129,257,478,391,965,522,1481,786,1093,514,478,492,903,1499,3368,18482,13401,1296,14,683,0,0
2021-02-16T23:59:59+01:00,85,208,344,753,524,1449,693,2233,984,1594,614,562,1210,1959,1854,4058,57,120,257,471,383,932,509,1416,760,1028,494,468,491,903,1496,3367,17575,13150,1058,2,491,0,0
2021-02-15T23:59:59+01:00,78,183,318,646,486,1305,639,2020,936,1451,604,561,1113,1840,1819,4010,56,120,256,465,379,927,507,1411,759,1022,494,468,490,900,1495,3364,17251,13113,720,0,38,0,0
2021-02-14T23:59:59+01:00,77,176,314,621,480,1274,629,1963,922,1434,604,561,1008,1704,1781,3966,56,120,256,465,379,927,507,1409,759,1022,494,468,490,900,1495,3364,16925,13111,566,0,23,0,0
2021-02-13T23:59:59+01:00,77,175,314,620,478,1270,628,1961,922,1430,603,560,1008,1700,1778,3964,56,119,256,465,377,923,506,1404,757,1020,492,467,471,856,1243,2912,16899,12324,566,0,23,0,0
2021-02-12T23:59:59+01:00,76,175,313,619,474,1266,628,1957,919,1429,598,559,967,1640,1762,3932,56,119,256,460,373,915,502,1395,751,1014,485,460,449,809,896,2223,16728,11163,566,0,20,0,0
2021-02-11T23:59:59+01:00,76,169,309,605,462,1239,622,1933,912,1417,597,559,916,1573,1749,3904,56,113,240,431,360,859,486,1324,733,992,485,459,449,809,895,2222,16553,10913,483,0,6,0,0
2021-02-10T23:59:59+01:00,74,169,306,602,459,1235,619,1917,907,1413,597,559,905,1555,1731,3862,55,99,201,349,307,747,434,1164,652,902,456,454,447,809,895,2221,16452,10192,456,0,2,0,0
2021-02-09T23:59:59+01:00,71,167,301,596,456,1226,618,1902,901,1408,596,558,884,1515,1675,3764,47,81,141,269,232,583,352,958,553,772,425,445,443,808,893,2221,16209,9223,428,0,1,0,0
2021-02-08T23:59:59+01:00,70,165,298,589,453,1219,617,1884,894,1403,596,556,768,1338,1635,3708,42,65,98,176,170,427,288,726,494,656,419,439,439,806,892,2221,15789,8358,403,0,1,0,0
2021-02-07T23:59:59+01:00,67,161,288,567,436,1180,600,1776,861,1337,596,555,655,1186,1599,3650,41,64,94,172,166,421,284,714,489,646,417,439,439,806,892,2220,15419,8304,95,0,0,0,0
2021-02-06T23:59:59+01:00,67,161,287,567,436,1179,598,1776,859,1334,592,553,653,1176,1593,3644,38,61,93,170,163,411,279,705,477,639,411,439,400,752,663,1843,15380,7544,95,0,0,0,0
2021-02-05T23:59:59+01:00,67,161,285,564,436,1177,597,1775,857,1332,590,553,644,1168,1587,3634,36,57,89,166,157,401,272,686,460,631,405,439,388,718,278,1231,15332,6414,95,0,0,0,0
2021-02-04T23:59:59+01:00,65,158,280,558,429,1158,581,1749,854,1318,581,544,555,1041,1547,3588,35,53,84,161,149,387,261,669,443,617,398,433,385,711,276,1225,14979,6287,27,0,0,0,0
2021-02-03T23:59:59+01:00,64,152,276,549,428,1142,579,1734,852,1304,575,532,546,1032,1544,3576,26,39,70,127,112,281,191,523,335,479,297,331,306,556,212,982,14860,4867,25,0,0,0,0
2021-02-02T23:59:59+01:00,64,150,273,542,428,1122,566,1700,844,1285,561,521,537,982,1535,3536,18,27,45,81,82,188,135,355,214,350,209,212,195,355,152,648,14621,3266,25,0,0,0,0
2021-02-01T23:59:59+01:00,63,148,270,534,426,1105,558,1672,838,1270,550,512,524,953,1528,3493,7,14,22,43,44,95,67,174,96,156,101,97,78,158,67,297,14419,1516,25,0,0,0,0
2021-01-31T23:59:59+01:00,63,147,269,534,422,1101,558,1667,836,1266,550,512,524,953,1528,3492,7,13,20,40,39,80,63,149,82,140,98,97,77,157,65,296,14397,1423,25,0,0,0,0
2021-01-30T23:59:59+01:00,63,147,269,534,422,1101,558,1667,836,1266,550,512,524,953,1528,3492,7,13,20,40,39,80,63,149,82,140,98,96,77,157,65,296,14397,1422,25,0,0,0,0
2021-01-29T23:59:59+01:00,63,147,269,534,422,1101,558,1667,836,1266,550,512,524,953,1528,3492,7,13,20,40,39,80,63,149,82,140,98,96,77,157,65,296,14397,1422,25,0,0,0,0
2021-01-28T23:59:59+01:00,61,137,263,499,409,1038,542,1578,812,1192,539,497,518,936,1526,3478,2,2,5,7,9,14,21,36,21,28,15,19,18,36,16,89,14006,338,19,0,0,0,0
2021-01-27T23:59:59+01:00,59,132,262,487,401,991,531,1513,794,1117,527,485,516,935,1526,3478,2,2,5,7,7,14,21,35,21,27,15,19,18,36,16,89,13737,334,17,0,0,0,0
2021-01-26T23:59:59+01:00,58,126,258,482,392,959,520,1446,769,1051,506,475,515,935,1526,3478,1,2,5,7,7,12,19,32,17,22,14,16,16,34,16,82,13480,302,16,0,0,0,0
2021-01-25T23:59:59+01:00,57,126,256,477,388,953,520,1443,768,1046,506,475,515,934,1526,3476,0,0,0,0,0,0,0,0,0,0,1,1,0,2,0,0,13451,4,15,0,0,0,0
2021-01-24T23:59:59+01:00,57,126,256,477,388,953,520,1442,768,1046,506,475,515,934,1526,3476,0,0,0,0,0,0,0,0,0,0,1,1,0,2,0,0,13450,4,15,0,0,0,0
2021-01-23T23:59:59+01:00,57,125,256,477,387,949,520,1435,767,1044,503,474,496,890,1276,3013,0,0,0,0,0,0,0,0,0,0,1,1,0,2,0,0,12654,4,15,0,0,0,0
2021-01-22T23:59:59+01:00,57,125,255,472,382,941,516,1425,762,1037,497,467,474,841,918,2300,0,0,0,0,0,0,0,0,0,0,1,1,0,2,0,0,11454,4,15,0,0,0,0
2021-01-21T23:59:59+01:00,57,119,236,439,356,873,487,1332,736,1012,495,467,474,841,917,2299,0,0,0,0,0,0,0,0,0,0,1,1,0,2,0,0,11125,4,15,0,0,0,0
2021-01-20T23:59:59+01:00,55,104,204,366,315,777,444,1186,661,926,465,461,472,841,917,2298,0,0,0,0,0,0,0,0,0,0,1,1,0,2,0,0,10477,4,15,0,0,0,0
2021-01-19T23:59:59+01:00,49,87,151,284,243,610,367,1000,574,807,435,452,468,840,917,2298,0,0,0,0,0,0,0,0,0,0,1,0,0,2,0,0,9575,3,7,0,0,0,0
2021-01-18T23:59:59+01:00,43,66,99,184,175,442,301,741,503,671,429,447,465,836,915,2298,0,0,0,0,0,0,0,0,0,0,0,0,0,1,0,0,8615,1,0,0,0,0,0
2021-01-17T23:59:59+01:00,41,65,96,178,170,435,298,731,498,659,427,447,465,836,915,2297,0,0,0,0,0,0,0,0,0,0,0,0,0,0,0,0,8558,0,0,0,0,0,0
2021-01-16T23:59:59+01:00,38,62,94,177,165,426,292,723,481,652,421,447,423,783,679,1915,0,0,0,0,0,0,0,0,0,0,0,0,0,0,0,0,7778,0,0,0,0,0,0
2021-01-15T23:59:59+01:00,36,58,91,172,162,418,285,706,467,645,415,447,412,749,287,1293,0,0,0,0,0,0,0,0,0,0,0,0,0,0,0,0,6643,0,0,0,0,0,0
2021-01-14T23:59:59+01:00,36,54,88,170,158,412,278,698,456,637,412,445,412,748,287,1293,0,0,0,0,0,0,0,0,0,0,0,0,0,0,0,0,6584,0,0,0,0,0,0
2021-01-13T23:59:59+01:00,26,40,72,136,120,309,210,559,351,504,314,343,334,588,223,1042,0,0,0,0,0,0,0,0,0,0,0,0,0,0,0,0,5171,0,0,0,0,0,0
2021-01-12T23:59:59+01:00,18,30,51,92,89,221,153,405,236,377,223,223,219,388,162,704,0,0,0,0,0,0,0,0,0,0,0,0,0,0,0,0,3591,0,0,0,0,0,0
2021-01-11T23:59:59+01:00,9,19,29,50,60,138,93,226,124,197,114,106,91,178,76,324,0,0,0,0,0,0,0,0,0,0,0,0,0,0,0,0,1834,0,0,0,0,0,0
2021-01-10T23:59:59+01:00,8,18,24,45,54,110,83,185,105,165,109,104,88,176,73,324,0,0,0,0,0,0,0,0,0,0,0,0,0,0,0,0,1671,0,0,0,0,0,0
2021-01-09T23:59:59+01:00,8,18,24,45,54,110,83,185,105,165,109,103,88,176,73,324,0,0,0,0,0,0,0,0,0,0,0,0,0,0,0,0,1670,0,0,0,0,0,0
2021-01-08T23:59:59+01:00,8,17,23,44,51,102,79,175,99,162,105,100,84,166,71,316,0,0,0,0,0,0,0,0,0,0,0,0,0,0,0,0,1602,0,0,0,0,0,0
2021-01-07T23:59:59+01:00,2,3,5,8,9,15,24,36,21,32,16,19,19,37,18,93,0,0,0,0,0,0,0,0,0,0,0,0,0,0,0,0,357,0,0,0,0,0,0
2021-01-06T23:59:59+01:00,2,2,5,7,7,14,23,35,20,29,16,19,19,37,18,92,0,0,0,0,0,0,0,0,0,0,0,0,0,0,0,0,345,0,0,0,0,0,0
2021-01-05T23:59:59+01:00,2,2,5,7,7,14,23,35,20,29,16,19,19,37,18,92,0,0,0,0,0,0,0,0,0,0,0,0,0,0,0,0,345,0,0,0,0,0,0
2021-01-04T23:59:59+01:00,0,0,0,0,0,0,1,0,0,0,1,1,0,2,0,0,0,0,0,0,0,0,0,0,0,0,0,0,0,0,0,0,5,0,0,0,0,0,0
2021-01-03T23:59:59+01:00,0,0,0,0,0,0,1,0,0,0,1,1,0,2,0,0,0,0,0,0,0,0,0,0,0,0,0,0,0,0,0,0,5,0,0,0,0,0,0
2021-01-02T23:59:59+01:00,0,0,0,0,0,0,1,0,0,0,1,1,0,2,0,0,0,0,0,0,0,0,0,0,0,0,0,0,0,0,0,0,5,0,0,0,0,0,0
2021-01-01T23:59:59+01:00,0,0,0,0,0,0,1,0,0,0,1,1,0,2,0,0,0,0,0,0,0,0,0,0,0,0,0,0,0,0,0,0,5,0,0,0,0,0,0
2020-12-31T23:59:59+01:00,0,0,0,0,0,0,1,0,0,0,1,1,0,2,0,0,0,0,0,0,0,0,0,0,0,0,0,0,0,0,0,0,5,0,0,0,0,0,0
2020-12-30T23:59:59+01:00,0,0,0,0,0,0,1,0,0,0,1,1,0,2,0,0,0,0,0,0,0,0,0,0,0,0,0,0,0,0,0,0,5,0,0,0,0,0,0
2020-12-29T23:59:59+01:00,0,0,0,0,0,0,1,0,0,0,1,0,0,2,0,0,0,0,0,0,0,0,0,0,0,0,0,0,0,0,0,0,4,0,0,0,0,0,0
2020-12-28T23:59:59+01:00,0,0,0,0,0,0,0,0,0,0,1,0,0,1,0,0,0,0,0,0,0,0,0,0,0,0,0,0,0,0,0,0,2,0,0,0,0,0,0
2020-12-27T23:59:59+01:00,0,0,0,0,0,0,0,0,0,0,0,0,0,0,0,0,0,0,0,0,0,0,0,0,0,0,0,0,0,0,0,0,0,0,0,0,0,0,0
