Datum,<24_1_m,<24_1_w,25-34_1_m,25-34_1_w,35-44_1_m,35-44_1_w,45-54_1_m,45-54_1_w,55-64_1_m,55-64_1_w,65-74_1_m,65-74_1_w,75-84_1_m,75-84_1_w,>84_1_m,>84_1_w,<24_2_m,<24_2_w,25-34_2_m,25-34_2_w,35-44_2_m,35-44_2_w,45-54_2_m,45-54_2_w,55-64_2_m,55-64_2_w,65-74_2_m,65-74_2_w,75-84_2_m,75-84_2_w,>84_2_m,>84_2_w,bp_1,bp_2,mo_1,mo_2,az_1,az_2,ja
2021-07-07T23:59:59+02:00,9539,9104,14072,13304,17617,18262,24309,25832,31028,32329,24264,27083,16771,21447,5026,9497,3471,3599,6776,7441,9252,11119,17352,19746,25873,27425,21716,24332,15673,20036,4803,8961,214274,152812,30543,25407,46198,40887,8469
2021-07-06T23:59:59+02:00,9445,9038,14020,13279,17580,18221,24270,25793,30968,32284,24228,27056,16756,21430,5024,9495,3360,3525,6580,7323,8990,10957,17122,19568,25602,27171,21561,24131,15592,19932,4791,8946,213727,150927,30527,25397,46195,40389,8438
2021-07-05T23:59:59+02:00,9349,8947,13982,13237,17547,18172,24234,25763,30924,32233,24204,27034,16748,21416,5023,9493,3311,3488,6452,7244,8841,10839,16984,19432,25436,27017,21418,23964,15543,19880,4780,8936,213196,149875,30527,25389,46191,39909,8392
2021-07-04T23:59:59+02:00,9282,8894,13950,13225,17524,18154,24209,25745,30904,32208,24189,27020,16742,21408,5022,9490,3257,3447,6389,7204,8754,10769,16899,19350,25308,26908,21294,23836,15502,19829,4778,8929,212936,149223,30526,25380,46175,39521,8329
2021-07-03T23:59:59+02:00,8770,8395,13792,13105,17424,18037,24116,25688,30840,32160,24168,26998,16730,21396,5020,9487,3198,3370,6271,7085,8589,10632,16689,19172,24922,26602,21179,23701,15472,19790,4774,8923,211113,147211,30526,25380,46175,39466,8312
2021-07-02T23:59:59+02:00,8197,7920,13649,13000,17332,17961,24047,25617,30780,32098,24130,26956,16724,21376,5018,9482,3094,3264,6003,6930,8336,10399,16331,18852,24457,26181,20951,23430,15402,19708,4768,8920,209281,144198,30526,25378,46171,39141,8309
2021-07-01T23:59:59+02:00,8060,7805,13566,12943,17263,17911,23978,25566,30729,32047,24102,26932,16714,21364,5017,9481,2907,3077,5658,6649,7908,9984,15748,18383,23698,25531,20468,22959,15275,19548,4756,8895,208502,139675,30522,25367,46168,38116,8286
2021-06-30T23:59:59+02:00,7900,7678,13500,12896,17210,17860,23928,25514,30672,32003,24074,26911,16701,21347,5017,9476,2811,2998,5506,6506,7684,9764,14796,17520,23095,24996,20115,22572,15145,19388,4742,8861,207961,138161,30350,23095,46163,37030,8213
2021-06-29T23:59:59+02:00,7820,7576,13457,12858,17170,17816,23876,25453,30623,31945,24053,26885,16691,21331,5014,9472,2750,2953,5380,6409,7531,9630,14630,17349,22856,24765,19857,22248,15046,19288,4730,8841,207349,137052,30348,23084,46160,35944,8183
2021-06-28T23:59:59+02:00,7750,7499,13394,12799,17123,17766,23835,25408,30566,31901,24036,26857,16684,21321,5012,9470,2720,2920,5311,6362,7437,9559,14533,17268,22706,24554,19654,22002,14991,19219,4726,8827,206818,136459,30346,23073,46152,35152,8105
2021-06-27T23:59:59+02:00,7689,7432,13364,12762,17094,17734,23816,25373,30542,31874,24024,26849,16677,21316,5012,9468,2697,2905,5261,6337,7366,9514,14438,17205,22613,24468,19527,21861,14960,19168,4722,8818,206472,135955,30346,23062,46146,34781,8062
2021-06-26T23:59:59+02:00,7199,6889,12982,12468,16985,17638,23755,25313,30507,31841,24017,26833,16673,21305,5011,9467,2601,2801,5086,6157,7171,9330,13912,16774,21987,23860,19388,21723,14916,19115,4720,8810,204329,132466,30346,23062,46146,34761,8062
2021-06-25T23:59:59+02:00,6713,6406,12531,12103,16826,17520,23665,25246,30425,31801,23995,26806,16668,21295,5009,9465,2498,2647,4914,5966,6913,9038,13386,16245,21437,23281,19191,21516,14858,19048,4716,8798,201938,128796,30346,23062,46146,34550,8044
2021-06-24T23:59:59+02:00,6483,6179,12309,11953,16719,17438,23593,25195,30367,31754,23961,26764,16664,21285,5007,9458,2290,2414,4545,5597,6420,8552,12674,15533,20294,22288,18734,21041,14754,18917,4704,8783,200677,122907,30344,23050,46139,33614,7969
2021-06-23T23:59:59+02:00,5905,5682,12147,11841,16600,17326,23521,25148,30304,31704,23927,26741,16657,21271,5003,9454,2253,2363,4482,5477,6329,8402,12443,15244,20053,22031,18436,20718,14658,18807,4693,8767,200170,121891,29013,22903,46129,32443,7919
2021-06-22T23:59:59+02:00,5760,5553,12050,11736,16514,17250,23463,25086,30238,31628,23902,26709,16648,21250,4999,9452,2200,2329,4390,5394,6209,8256,11575,14585,19643,21627,18109,20373,14552,18671,4683,8747,199247,120987,29006,21211,46114,31274,7871
2021-06-21T23:59:59+02:00,5623,5440,11976,11645,16454,17166,23409,25014,30188,31570,23878,26681,16635,21235,4999,9448,2166,2293,4333,5298,6122,8130,10794,13882,19194,21218,17884,20144,14492,18577,4674,8730,198439,120194,29002,19428,46109,30498,7811
2021-06-20T23:59:59+02:00,5506,5313,11815,11465,16390,17043,23358,24949,30146,31515,23862,26661,16629,21220,4994,9443,2148,2265,4292,5258,6052,8082,10691,13803,19083,21091,17727,19954,14426,18495,4670,8723,197440,119663,28999,19425,46103,29905,7767
2021-06-19T23:59:59+02:00,5485,5289,11059,10808,15914,16656,23298,24905,30102,31472,23844,26641,16621,21208,4994,9443,2078,2148,4087,5030,5777,7809,10371,13477,18043,20252,17561,19772,14394,18430,4665,8711,194871,115524,28999,19425,46103,29890,7766
2021-06-18T23:59:59+02:00,5448,5262,10419,10235,15306,16100,23207,24836,30033,31409,23816,26612,16610,21193,4993,9441,2009,2060,3944,4888,5501,7540,9996,13116,16902,19052,17359,19536,14346,18366,4662,8701,192060,111151,28992,19424,46103,29638,7765
2021-06-17T23:59:59+02:00,5325,5151,9802,9770,14845,15730,23108,24755,29955,31319,23778,26570,16596,21172,4993,9438,1882,1955,3689,4647,5121,7183,9466,12633,15725,17866,16901,19051,14205,18193,4649,8677,189592,106076,28990,19416,46100,28726,7625
2021-06-16T23:59:59+02:00,5189,5009,9606,9611,14700,15602,23017,24661,29858,31243,23734,26526,16581,21160,4992,9428,1842,1914,3587,4562,5018,7065,8442,11784,15453,17574,16606,18715,14070,18023,4643,8644,188426,105199,28979,17546,46097,27782,7415
2021-06-15T23:59:59+02:00,4997,4821,9429,9456,14566,15461,22925,24570,29782,31157,23691,26453,16555,21127,4984,9413,1780,1858,3511,4468,4926,6954,8326,11643,15277,17350,16290,18408,13929,17855,4620,8586,187117,104452,28977,17542,46077,26571,7216
2021-06-14T23:59:59+02:00,4920,4753,9336,9349,14487,15372,22856,24497,29712,31097,23659,26414,16541,21109,4981,9407,1759,1835,3478,4443,4885,6921,8227,11580,15139,17217,16110,18204,13840,17759,4615,8579,186377,104227,28973,17539,46071,25756,7069
2021-06-13T23:59:59+02:00,4861,4705,9250,9276,14403,15305,22795,24447,29645,31046,23633,26386,16532,21099,4981,9405,1708,1820,3437,4419,4831,6878,8156,11544,15040,17122,15955,18021,13786,17686,4608,8572,185801,103948,28967,17537,46056,25153,6945
2021-06-12T23:59:59+02:00,4840,4689,9222,9253,14168,15133,22668,24319,29603,31003,23613,26372,16523,21091,4980,9403,1584,1698,3199,4213,4430,6577,7611,11116,13279,15444,15603,17651,13706,17584,4606,8558,184914,97290,28967,17537,46056,25089,6943
2021-06-11T23:59:59+02:00,4784,4634,9143,9200,13852,14914,22472,24170,29509,30913,23576,26327,16506,21079,4979,9400,1481,1566,3016,4008,4133,6214,7110,10577,11654,13572,15128,17079,13592,17438,4591,8544,183564,90435,28965,17536,46056,24859,6873
2021-06-10T23:59:59+02:00,4497,4405,8601,8870,12593,13902,21907,23724,29137,30614,23438,26170,16453,21011,4966,9386,1357,1474,2783,3827,3805,5931,6679,10188,10246,12250,14618,16506,13422,17231,4576,8518,178274,85915,28950,17534,46051,23563,6399
2021-06-09T23:59:59+02:00,4261,4238,8012,8579,11699,13247,21589,23511,28907,30464,23375,26107,16434,20987,4963,9382,1269,1420,2631,3756,3663,5854,6473,10096,9984,12073,14300,16162,13252,17051,4569,8500,176181,85588,27687,17432,46045,22191,5842
2021-06-08T23:59:59+02:00,4128,4134,7611,8355,11215,12957,21363,23332,28708,30313,23317,26033,16402,20945,4957,9373,1191,1394,2496,3700,3506,5788,5577,9352,9516,11716,13970,15763,13028,16818,4555,8478,174436,85239,27317,15283,46019,20955,5371
2021-06-07T23:59:59+02:00,4005,4053,7379,8249,10929,12779,21163,23219,28555,30199,23260,25980,16385,20920,4953,9365,1142,1275,2375,3640,3376,5727,5414,9278,9311,11592,13750,15514,12879,16656,4549,8460,173230,85053,27307,15280,46010,19759,4846
2021-06-06T23:59:59+02:00,3885,3994,7141,8128,10680,12618,20977,23130,28470,30109,23228,25946,16373,20902,4950,9360,1122,1258,2311,3605,3280,5675,5308,9203,9196,11491,13593,15360,12808,16562,4546,8453,172081,84865,27290,15276,46000,19110,4520
2021-06-05T23:59:59+02:00,3857,3957,7105,8089,10505,12461,20357,22624,28309,29964,23178,25902,16359,20883,4950,9356,1090,1156,2147,3155,3048,5139,5137,8874,8420,10543,12945,14523,12695,16415,4535,8443,170058,79499,27290,15276,45998,18980,4510
2021-06-04T23:59:59+02:00,3829,3931,7068,8064,10408,12370,19997,22297,28205,29868,23143,25864,16345,20873,4948,9355,1058,1088,2050,2846,2888,4663,4980,8505,7908,9887,11447,12812,12572,16218,4528,8425,168785,73136,27278,15275,45998,18960,4504
2021-06-03T23:59:59+02:00,3690,3826,6849,7926,9853,11948,18775,21373,27809,29560,23009,25723,16292,20811,4944,9341,1005,1043,1962,2735,2753,4508,4780,8207,7550,9443,11070,12418,12466,16106,4525,8412,164044,71363,27269,15272,45994,17926,4422
2021-06-02T23:59:59+02:00,3683,3818,6837,7909,9843,11937,18587,21193,27738,29511,22986,25702,16286,20802,4941,9339,1001,1036,1950,2704,2732,4489,4569,8026,7015,8955,11033,12378,12451,16091,4521,8406,163979,71255,26724,13782,45994,17905,4415
2021-06-01T23:59:59+02:00,3555,3743,6601,7763,9556,11745,18132,20846,27500,29316,22891,25600,16246,20750,4938,9327,963,990,1866,2634,2653,4418,4294,7793,6419,8425,10822,12167,12353,15989,4516,8394,162296,70821,25943,12491,45979,17093,4291
2021-05-31T23:59:59+02:00,3508,3698,6512,7697,9420,11647,18006,20755,27411,29241,22825,25539,16229,20722,4933,9320,934,966,1799,2594,2573,4376,4188,7729,6301,8352,10636,11999,12252,15874,4506,8386,161460,70462,25913,12486,45967,16394,4123
2021-05-30T23:59:59+02:00,3478,3674,6451,7646,9333,11559,17920,20676,27336,29173,22780,25495,16207,20695,4928,9310,930,959,1791,2586,2562,4365,4160,7705,6249,8311,10575,11922,12218,15832,4501,8377,160766,70421,25908,12483,45955,16107,4032
2021-05-29T23:59:59+02:00,3467,3655,6415,7619,9290,11522,17882,20637,27192,29069,22725,25421,16192,20675,4925,9306,893,940,1734,2540,2490,4281,3971,7452,5977,8016,8388,9276,12026,15491,4486,8348,160111,64207,25908,12481,45941,15589,4032
2021-05-28T23:59:59+02:00,3410,3606,6289,7547,9162,11400,17740,20513,27027,28949,22659,25345,16171,20658,4924,9305,879,926,1716,2520,2453,4228,3821,7156,5783,7756,5710,6188,11751,15095,4471,8299,158839,57387,25906,12481,45937,14861,4023
2021-05-27T23:59:59+02:00,3263,3476,6007,7370,8562,11068,17266,20177,26617,28602,22492,25182,16113,20595,4917,9287,829,868,1634,2425,2336,4095,3398,6197,5361,7165,5550,6015,11672,15022,4465,8282,155379,56907,25850,12435,45929,12136,3836
2021-05-26T23:59:59+02:00,3156,3393,5789,7205,8192,10782,16800,19871,26317,28366,22344,25049,16062,20521,4904,9267,812,859,1582,2400,2284,4065,3325,6123,5264,7095,5417,5888,11607,14956,4460,8270,152680,56835,25834,12433,45907,11542,3597
2021-05-25T23:59:59+02:00,3066,3331,5647,7092,7995,10620,15800,19094,25964,28014,22186,24896,16010,20441,4897,9257,793,843,1547,2356,2213,4006,3250,6056,5180,7031,5252,5720,11499,14876,4452,8258,151131,56773,23911,12248,45893,10936,3375
2021-05-24T23:59:59+02:00,3003,3313,5560,7048,7877,10558,14890,18405,25549,27702,22092,24793,15979,20405,4890,9245,785,841,1525,2339,2169,3972,3206,6009,5103,6951,5153,5613,11419,14800,4451,8252,150408,56742,21843,12172,45884,10500,3174
2021-05-23T23:59:59+02:00,3000,3309,5552,7041,7868,10550,14885,18404,25548,27701,22092,24793,15979,20405,4890,9245,784,838,1518,2332,2157,3959,3187,5994,5082,6918,5110,5561,11402,14776,4450,8250,150381,56735,21843,12172,45882,10255,3156
2021-05-22T23:59:59+02:00,2963,3267,5480,6995,7769,10463,14687,18242,25269,27460,21993,24708,15946,20362,4887,9241,762,817,1475,2280,2106,3880,3076,5874,4771,6354,4539,4821,10759,13954,4440,8211,148851,53495,21843,12172,45882,9296,3156
2021-05-21T23:59:59+02:00,2900,3192,5357,6900,7649,10323,14446,18020,24986,27227,21880,24600,15914,20313,4882,9232,731,764,1407,2154,2005,3616,2894,5543,4299,5475,4129,4285,10018,13016,4375,8085,146974,49774,21843,12172,45878,7724,3126
2021-05-20T23:59:59+02:00,2769,3030,5079,6646,7364,9957,13988,17537,24375,26678,21609,24305,15821,20194,4868,9202,716,754,1381,2130,1967,3583,2841,5490,4216,5400,4004,4183,9943,12953,4366,8074,142834,49687,21834,12161,45859,7258,2895
2021-05-19T23:59:59+02:00,2717,2979,4982,6507,7221,9775,12842,16502,24113,26390,21512,24175,15776,20133,4860,9195,697,728,1356,2082,1935,3498,2778,5344,4121,5294,3923,4093,9890,12889,4363,8070,141464,49659,19764,12097,45789,6643,2662
2021-05-18T23:59:59+02:00,2694,2956,4935,6475,7172,9745,12490,16227,23934,26239,21419,24086,15746,20080,4852,9183,668,671,1301,1953,1863,3299,2682,5136,3993,5097,3698,3816,9808,12809,4353,8060,141192,49640,18911,11100,45746,6083,2384
2021-05-17T23:59:59+02:00,2669,2936,4893,6405,7086,9637,12339,16053,23791,26081,21369,24035,15728,20057,4847,9175,660,657,1285,1917,1842,3250,2634,5028,3914,4983,3562,3665,9741,12746,4350,8051,140244,49618,18903,11090,45731,5354,2223
2021-05-16T23:59:59+02:00,2658,2922,4870,6339,7048,9554,12279,15980,23739,26021,21344,24018,15718,20043,4844,9172,655,651,1275,1914,1825,3241,2612,5016,3886,4962,3512,3599,9702,12714,4349,8049,139808,49608,18896,11079,45709,5139,2136
2021-05-15T23:59:59+02:00,2533,2784,4683,6135,6857,9372,11765,15570,23157,25473,21238,23900,15684,20000,4841,9164,604,589,1192,1827,1686,3087,2323,4708,3437,4453,3180,3171,9539,12509,4325,8020,136447,46644,18895,11079,45703,4816,2111
2021-05-14T23:59:59+02:00,2419,2610,4488,5911,6581,9059,11231,15061,22592,24909,21092,23761,15647,19942,4837,9153,541,512,1090,1706,1527,2873,1991,4303,2838,3869,2796,2734,9455,12361,4321,8016,132644,43722,18888,11077,45681,4054,2080
2021-05-13T23:59:59+02:00,2237,2322,4168,5530,6154,8585,10674,14375,21560,23999,20810,23487,15587,19843,4830,9138,537,512,1077,1690,1512,2854,1981,4277,2816,3843,2780,2716,9448,12357,4320,8016,126750,43647,18835,11069,45655,3961,2059
2021-05-12T23:59:59+02:00,2236,2319,4161,5529,6145,8579,10574,14254,21507,23960,20805,23476,15582,19835,4829,9138,529,490,1041,1635,1463,2775,1899,4191,2757,3784,2699,2621,9398,12284,4320,8016,126708,43644,18509,10243,45655,3958,2057
2021-05-11T23:59:59+02:00,2115,2282,4078,5464,6020,8465,10270,14003,21315,23798,20728,23405,15567,19803,4825,9133,504,466,980,1574,1394,2685,1799,4054,2684,3710,2544,2394,9334,12183,4319,8016,125767,43628,18172,9409,45376,3647,1956
2021-05-10T23:59:59+02:00,2074,2206,3971,5341,5885,8286,9478,13240,20936,23475,20638,23316,15528,19749,4815,9120,491,437,942,1508,1328,2596,1710,3892,2601,3614,2515,2370,9325,12165,4315,8011,124632,43596,16323,9227,45273,3167,1830
2021-05-09T23:59:59+02:00,2042,2192,3937,5301,5834,8238,9412,13171,20867,23402,20604,23275,15512,19722,4812,9106,484,428,922,1465,1304,2548,1676,3830,2563,3571,2506,2358,9315,12148,4315,8003,124188,43537,16319,9224,45179,2934,1741
2021-05-08T23:59:59+02:00,1979,2092,3753,5127,5563,8037,9106,12890,19743,22484,20409,23082,15480,19653,4807,9094,412,398,857,1425,1228,2476,1588,3729,2349,3363,1974,1938,9222,12063,4314,8003,120065,42084,16318,9223,45176,2292,1740
2021-05-07T23:59:59+02:00,1891,1980,3569,4956,5243,7741,8697,12519,18495,21213,20227,22870,15435,19595,4798,9075,320,339,748,1352,1098,2347,1454,3586,2178,3172,1606,1604,8735,11619,4313,8001,115125,40366,16316,9220,45155,1178,1708
2021-05-06T23:59:59+02:00,1707,1871,3283,4704,4793,7339,8054,11956,17255,19971,19893,22492,15328,19432,4788,9063,303,330,727,1323,1057,2301,1406,3502,2112,3104,1570,1549,8718,11588,4307,7998,109274,40347,16309,9214,44920,908,1426
2021-05-05T23:59:59+02:00,1637,1840,3206,4616,4716,7235,7925,11805,17099,19824,19773,22372,15252,19336,4766,8966,292,318,686,1271,996,2226,1324,3352,2003,2988,1477,1451,8307,11021,4301,7980,108517,40313,16165,8094,44751,651,935
2021-05-04T23:59:59+02:00,1612,1811,3164,4542,4657,7125,7674,11512,16541,19245,19687,22242,15177,19240,4738,8853,276,305,663,1244,975,2172,1266,3234,1890,2831,1405,1345,8238,10919,4297,7962,107830,40288,14819,7818,44648,393,523
2021-05-03T23:59:59+02:00,1604,1807,3156,4528,4619,7103,7421,11283,15847,18649,19623,22157,15150,19206,4732,8843,262,284,641,1163,927,2084,1203,3096,1792,2694,1339,1265,8212,10884,4293,7953,107747,40280,13224,7611,44608,52,149
2021-05-02T23:59:59+02:00,1603,1804,3151,4526,4615,7100,7408,11273,15829,18637,19607,22149,15150,19204,4731,8843,262,283,638,1162,922,2081,1193,3090,1784,2687,1325,1258,8211,10879,4292,7953,107720,40258,13222,7610,44585,49,103
2021-05-01T23:59:59+02:00,1470,1662,2871,4278,4149,6740,6791,10790,13896,16758,19226,21753,15059,19088,4728,8827,260,283,635,1160,920,2078,1191,3089,1782,2683,1320,1254,8209,10877,4292,7953,100183,40227,13222,7610,44581,49,100
2021-04-30T23:59:59+02:00,1346,1512,2656,4057,3819,6345,6228,10197,12107,14720,18768,21215,14955,18946,4714,8816,255,282,628,1153,905,2070,1179,3079,1770,2669,1309,1245,8205,10872,4291,7953,92569,40180,13222,7610,44581,46,29
2021-04-29T23:59:59+02:00,1228,1446,2493,3932,3579,6142,5871,9894,10768,13443,18510,20938,14912,18876,4710,8810,254,278,623,1147,894,2064,1159,3074,1740,2633,1283,1221,8199,10863,4291,7953,87884,40149,13213,7478,44443,37,12
2021-04-28T23:59:59+02:00,1168,1440,2443,3913,3529,6118,5809,9861,10672,13376,18481,20904,14905,18860,4710,8807,254,277,621,1146,891,2062,1156,3070,1732,2632,1277,1203,7756,10344,4291,7953,87616,40128,13163,6493,44206,33,11
2021-04-27T23:59:59+02:00,1120,1414,2341,3869,3465,6091,5691,9806,10555,13300,18448,20865,14892,18845,4708,8805,253,277,619,1139,890,2060,1152,3067,1728,2628,1266,1186,7340,9765,4291,7953,87112,40109,13110,5466,43983,29,10
2021-04-26T23:59:59+02:00,1078,1384,2252,3777,3338,5991,5524,9686,10252,13042,18387,20811,14883,18827,4706,8805,252,277,618,1138,885,2057,1145,3064,1710,2618,1251,1173,7331,9745,4291,7953,85776,40024,13100,5446,43857,28,10
2021-04-25T23:59:59+02:00,1075,1381,2244,3775,3331,5987,5504,9679,10217,13012,18377,20799,14882,18821,4706,8804,251,277,618,1138,885,2057,1142,3064,1710,2618,1251,1173,7331,9743,4291,7953,85753,40021,13091,5444,43741,28,9
2021-04-24T23:59:59+02:00,1032,1263,2057,3238,3061,5375,5309,9267,9386,11966,17669,19905,14768,18662,4698,8793,250,276,617,1137,885,2056,1142,3063,1704,2613,1248,1168,7329,9742,4291,7952,79633,39997,13091,5440,43717,28,8
2021-04-23T23:59:59+02:00,999,1179,1947,2891,2879,4825,5114,8839,8833,11245,16038,18047,14623,18456,4690,8770,250,276,616,1137,883,2054,1141,3063,1703,2612,1244,1163,7325,9740,4291,7951,72620,39984,13090,5429,43657,28,8
2021-04-22T23:59:59+02:00,994,1168,1928,2875,2859,4806,5058,8793,8722,11144,15968,17971,14597,18426,4688,8765,248,276,614,1136,880,2053,1133,3051,1688,2592,1220,1141,7320,9733,4291,7951,72574,39972,13034,5320,43146,27,8
2021-04-21T23:59:59+02:00,985,1160,1915,2862,2832,4780,5012,8738,8615,11021,15882,17887,14568,18392,4688,8760,243,273,604,1127,866,2024,1123,3026,1677,2567,1207,1128,7097,9417,4290,7951,72534,39965,12977,4621,42578,26,8
2021-04-20T23:59:59+02:00,958,1111,1863,2747,2759,4620,4919,8559,8441,10814,15650,17606,14510,18333,4681,8754,230,270,586,1106,840,1994,1095,3000,1642,2526,1188,1116,7089,9412,4289,7950,72499,39945,11848,4356,41970,24,8
2021-04-19T23:59:59+02:00,949,1102,1831,2726,2709,4595,4795,8498,8241,10703,15558,17508,14488,18314,4681,8748,224,262,568,1084,822,1961,1077,2957,1597,2471,1170,1097,7082,9409,4287,7949,72099,39911,11826,4076,41513,22,8
2021-04-18T23:59:59+02:00,947,1101,1826,2721,2701,4584,4778,8486,8201,10661,15509,17449,14478,18297,4680,8746,224,262,568,1083,821,1961,1077,2957,1597,2470,1170,1096,7080,9408,4286,7949,72056,39905,11823,4074,41278,22,8
2021-04-17T23:59:59+02:00,913,1087,1777,2683,2633,4506,4624,8346,7938,10432,13147,14551,14280,17945,4663,8710,222,262,568,1080,817,1955,1065,2950,1587,2450,1133,1055,6749,8993,4261,7901,65247,38955,11823,4063,41157,22,8
2021-04-16T23:59:59+02:00,907,1081,1765,2674,2590,4468,4532,8262,7760,10242,10327,11313,14009,17528,4644,8654,220,257,567,1075,811,1950,1055,2946,1567,2430,1122,1041,6743,8988,4258,7898,58009,38851,11821,4047,40918,22,8
2021-04-15T23:59:59+02:00,894,1076,1743,2660,2548,4436,4421,8201,7530,10044,10085,11095,13947,17463,4638,8640,218,257,567,1073,810,1948,1052,2943,1564,2427,1117,1036,6741,8986,4258,7898,57987,38836,11819,4030,39607,21,8
2021-04-14T23:59:59+02:00,875,1048,1685,2577,2459,4314,4232,8020,7257,9761,9713,10616,13799,17285,4632,8631,193,234,526,1022,787,1881,1018,2863,1515,2365,1091,1007,6737,8977,4258,7897,57955,38820,10873,3523,38068,20,8
2021-04-13T23:59:59+02:00,850,1026,1648,2525,2392,4231,4131,7884,7046,9546,9307,10099,13655,17118,4627,8619,157,210,491,974,747,1788,984,2753,1463,2295,1072,972,6721,8966,4257,7897,57913,38757,9926,2968,36857,14,8
2021-04-12T23:59:59+02:00,847,1024,1629,2522,2362,4218,4079,7833,6907,9375,9047,9790,13593,17061,4616,8603,146,196,463,935,724,1723,963,2681,1419,2245,1050,956,6705,8946,4254,7892,57857,38641,9895,2635,35746,14,8
2021-04-11T23:59:59+02:00,846,1023,1618,2522,2349,4216,4056,7821,6843,9314,8914,9631,13567,17015,4611,8596,146,196,463,933,724,1722,961,2681,1418,2245,1050,956,6703,8946,4254,7892,57845,38635,9893,2634,35196,13,8
2021-04-10T23:59:59+02:00,830,1018,1590,2493,2312,4187,3985,7765,6711,9197,8357,8897,12903,16162,4600,8554,143,196,461,930,719,1719,961,2675,1409,2238,1037,940,6234,8449,4239,7876,54512,37572,9892,2633,35149,13,8
2021-04-09T23:59:59+02:00,808,989,1550,2446,2245,4106,3833,7605,6364,8868,7835,8239,12088,15139,4530,8417,141,195,459,925,713,1711,953,2665,1394,2228,1015,918,5992,8179,4221,7849,50542,36908,9888,2629,34624,13,8
2021-04-08T23:59:59+02:00,799,979,1523,2423,2180,4057,3698,7519,6110,8569,7222,7584,11928,14939,4519,8399,141,192,454,923,708,1704,945,2655,1386,2215,1003,916,5989,8177,4220,7849,50510,36887,9864,2569,32066,13,8
2021-04-07T23:59:59+02:00,793,970,1497,2405,2122,4019,3612,7449,5882,8303,6669,6957,11327,14191,4507,8372,123,185,425,876,662,1635,889,2585,1336,2146,984,900,5981,8171,4219,7849,50483,36864,8714,2082,29871,13,7
2021-04-06T23:59:59+02:00,789,968,1483,2397,2093,3997,3539,7400,5702,8132,6223,6450,11126,13975,4492,8344,100,164,376,816,617,1560,846,2485,1283,2082,960,884,5964,8158,4217,7845,50413,36839,8531,1498,28159,13,7
2021-04-05T23:59:59+02:00,784,964,1467,2390,2070,3988,3488,7374,5559,8022,6022,6236,11060,13889,4486,8334,94,162,375,814,610,1551,838,2470,1270,2064,932,854,4873,6758,4139,7739,50218,34035,8527,1488,27381,13,7
2021-04-04T23:59:59+02:00,782,960,1465,2388,2066,3986,3471,7367,5549,8015,6011,6216,11046,13871,4484,8331,94,162,373,812,607,1546,831,2463,1256,2044,909,832,3873,5598,4073,7632,50204,31597,8526,1488,27271,13,7
2021-04-03T23:59:59+02:00,730,905,1383,2319,1943,3848,3210,7106,5089,7525,5668,5761,10875,13654,4457,8302,92,162,373,811,607,1544,830,2463,1256,2044,909,832,3873,5595,4073,7631,46973,31587,8526,1488,27269,13,7
2021-04-02T23:59:59+02:00,687,871,1328,2250,1845,3734,2954,6845,4575,7046,5278,5302,10778,13490,4452,8296,91,161,373,811,607,1544,828,2463,1254,2040,907,828,3870,5592,4072,7631,44049,31566,8525,1487,27151,13,6
2021-04-01T23:59:59+02:00,684,869,1318,2247,1826,3726,2925,6831,4501,6973,5170,5194,10739,13442,4451,8292,91,161,371,807,605,1541,828,2460,1250,2036,897,827,3866,5590,4071,7630,44037,31557,8382,1455,26763,13,6
2021-03-31T23:59:59+02:00,682,867,1311,2231,1818,3716,2898,6803,4438,6927,5031,5033,10229,12837,4447,8284,91,161,370,807,605,1541,828,2460,1248,2036,896,827,3866,5589,4071,7629,44026,31551,7254,1455,26266,13,6
2021-03-30T23:59:59+02:00,673,863,1293,2211,1789,3687,2863,6769,4353,6838,4864,4841,9704,12137,4440,8269,86,158,369,803,600,1538,823,2453,1240,2034,885,817,3858,5586,4070,7628,44004,31529,6069,1402,25515,11,6
2021-03-29T23:59:59+02:00,668,856,1280,2176,1772,3656,2832,6727,4283,6753,4665,4644,9619,12044,4437,8255,86,158,369,801,597,1534,821,2447,1236,2027,877,811,3850,5579,4070,7628,43937,31516,5854,1358,24870,11,6
2021-03-28T23:59:59+02:00,665,854,1277,2173,1757,3646,2817,6715,4248,6700,4570,4534,9582,11980,4432,8248,86,158,369,800,597,1534,819,2447,1234,2027,876,811,3849,5579,4070,7628,43915,31514,5845,1353,24432,11,6
2021-03-27T23:59:59+01:00,662,849,1268,2168,1741,3631,2788,6686,4089,6559,4006,4088,9354,11733,4419,8229,86,158,367,798,595,1532,817,2444,1226,2021,872,807,3672,5291,3968,7456,42001,30740,5841,1353,24422,11,6
2021-03-26T23:59:59+01:00,656,841,1260,2158,1721,3614,2763,6664,4014,6481,3600,3724,8757,11176,4406,8215,86,158,366,797,594,1529,813,2441,1217,2017,860,794,2955,4352,3759,7112,40071,28480,5828,1353,24145,11,6
2021-03-25T23:59:59+01:00,649,836,1248,2144,1702,3590,2704,6625,3931,6403,3425,3506,8648,11065,4400,8209,86,158,366,797,594,1529,813,2440,1216,2017,860,794,2954,4351,3758,7111,40057,28474,5722,1353,23300,11,6
2021-03-24T23:59:59+01:00,643,829,1215,2119,1657,3545,2626,6557,3775,6254,3107,3143,8242,10518,4391,8197,82,156,354,784,578,1511,780,2406,1166,1985,827,757,2945,4345,3758,7108,40034,28174,4968,1352,21810,10,6
2021-03-23T23:59:59+01:00,630,821,1190,2087,1615,3498,2546,6476,3626,6100,2727,2761,8026,10299,4383,8181,77,152,342,762,543,1480,719,2343,1064,1903,744,696,2910,4310,3754,7104,39993,27543,4678,1345,20289,9,6
2021-03-22T23:59:59+01:00,606,708,1154,2033,1582,3442,2493,6406,3486,5969,2485,2524,7696,9944,4367,8145,77,151,342,762,543,1478,718,2342,1061,1903,743,693,2906,4305,3753,7101,39525,27518,4354,1345,19155,9,6
2021-03-21T23:59:59+01:00,605,705,1149,2025,1571,3432,2476,6391,3449,5935,2344,2360,7603,9832,4359,8130,77,151,342,761,543,1478,718,2342,1061,1903,743,693,2906,4304,3753,7101,39521,27516,4340,1345,18499,9,6
2021-03-20T23:59:59+01:00,604,705,1147,2019,1565,3425,2470,6385,3432,5913,2312,2322,7113,9314,4343,8114,77,151,342,761,542,1478,716,2341,1061,1902,743,693,2906,4302,3751,7099,38484,27505,4328,1345,18365,9,6
2021-03-19T23:59:59+01:00,597,698,1134,2004,1530,3403,2402,6246,3369,5806,2129,2142,6806,8996,4323,8089,77,151,341,755,538,1475,711,2332,1050,1889,734,687,2483,3699,3336,6351,37878,25256,4312,1345,17478,2,6
2021-03-18T23:59:59+01:00,582,682,1115,1974,1503,3373,2362,6178,3296,5717,1976,1946,6687,8877,4317,8078,76,151,341,754,537,1475,710,2328,1047,1888,727,684,2433,3627,3309,6309,37858,25065,4301,1323,16498,2,6
2021-03-17T23:59:59+01:00,553,655,1070,1919,1466,3289,2285,6061,3144,5561,1721,1680,6521,8724,4307,8063,75,147,329,727,521,1431,688,2271,1009,1847,710,665,2195,3336,3227,6185,37787,24103,3777,1252,15449,2,6
2021-03-16T23:59:59+01:00,510,626,1030,1864,1415,3185,2220,5907,3028,5427,1525,1458,6387,8577,4297,8042,69,134,308,671,491,1354,659,2136,980,1719,661,615,2084,3201,3204,6101,37734,23359,3158,1021,14601,2,5
2021-03-15T23:59:59+01:00,498,615,999,1819,1381,3117,2189,5822,2942,5344,1403,1324,5808,7891,4258,7979,66,127,293,613,476,1235,621,2006,940,1606,633,595,2047,3162,3189,6041,36503,22961,2805,687,14081,2,0
2021-03-14T23:59:59+01:00,493,609,989,1807,1378,3100,2173,5804,2908,5317,1361,1274,5416,7445,4235,7961,65,122,289,590,470,1208,615,1950,930,1581,633,595,2047,3162,3188,6039,35689,22955,2800,527,13781,2,0
2021-03-13T23:59:59+01:00,472,591,952,1760,1325,3035,1917,5217,2669,4905,1256,1161,4764,6597,4184,7885,65,122,288,587,468,1206,613,1948,929,1577,631,590,1690,2682,2665,5286,34015,20818,2796,527,11879,2,0
2021-03-12T23:59:59+01:00,455,570,932,1719,1295,2953,1713,4430,2462,4457,1186,1079,4070,5797,4137,7802,65,120,287,583,468,1203,611,1941,925,1572,628,583,1371,2145,2128,4493,32342,18595,2793,527,9922,1,0
2021-03-11T23:59:59+01:00,451,563,924,1708,1280,2936,1688,4396,2425,4421,1112,1025,4027,5761,4134,7798,65,113,281,562,454,1151,602,1892,906,1536,616,570,1365,2128,2119,4443,32309,18347,2700,455,9640,1,0
2021-03-10T23:59:59+01:00,430,552,879,1650,1226,2859,1615,4299,2358,4328,1081,1003,4011,5746,4133,7796,65,113,279,558,451,1144,597,1870,906,1531,610,562,1305,2041,2075,4387,32294,18062,2136,431,9536,1,0
2021-03-09T23:59:59+01:00,408,536,831,1601,1185,2796,1574,4216,2315,4275,1060,992,4005,5739,4132,7795,63,112,278,557,450,1133,595,1858,900,1526,608,556,1101,1731,1960,4213,32248,17236,1688,404,9524,1,0
2021-03-08T23:59:59+01:00,401,525,821,1587,1176,2780,1566,4191,2304,4262,1047,982,3970,5692,4130,7790,62,112,274,552,446,1127,594,1854,896,1524,608,556,1032,1641,1915,4170,32123,16982,1592,380,9509,1,0
2021-03-07T23:59:59+01:00,400,522,821,1586,1174,2778,1562,4185,2294,4257,1041,974,3964,5686,4129,7789,59,109,265,531,434,1101,578,1754,861,1449,607,556,929,1512,1864,4101,32107,16622,1553,88,9502,0,0
2021-03-06T23:59:59+01:00,392,506,802,1553,1151,2720,1521,4118,2101,3761,1012,937,3791,5416,4032,7626,59,109,265,531,434,1100,578,1754,861,1449,607,556,926,1511,1861,4100,31399,16613,1553,88,8487,0,0
2021-03-05T23:59:59+01:00,377,466,769,1449,1101,2503,1446,3905,1888,3091,984,892,3045,4457,3828,7287,59,108,264,528,431,1094,577,1749,857,1446,604,554,887,1453,1838,4061,29103,16422,1552,88,6833,0,0
2021-03-04T23:59:59+01:00,362,458,762,1429,1088,2480,1427,3876,1865,3072,970,888,3041,4453,3825,7285,59,107,261,525,427,1078,567,1727,856,1438,602,552,850,1399,1815,4026,29090,16264,1513,25,6678,0,0
2021-03-03T23:59:59+01:00,351,425,743,1378,1058,2397,1377,3722,1787,2975,937,844,3031,4447,3825,7282,58,107,258,523,426,1074,565,1718,853,1434,602,551,830,1346,1730,3881,28778,15933,1513,23,6288,0,0
2021-03-02T23:59:59+01:00,345,416,727,1354,1010,2352,1308,3638,1671,2878,849,778,2989,4409,3819,7277,58,107,257,519,425,1067,565,1712,853,1430,601,551,830,1346,1730,3881,28139,15909,1450,23,6231,0,0
2021-03-01T23:59:59+01:00,341,402,720,1307,998,2294,1288,3556,1645,2829,831,769,2981,4400,3819,7277,58,106,256,515,420,1053,561,1699,844,1422,600,549,734,1193,1676,3801,28100,15464,1402,23,5955,0,0
2021-02-28T23:59:59+01:00,336,389,712,1268,985,2218,1276,3469,1623,2750,827,759,2979,4396,3818,7275,58,106,256,515,420,1052,561,1699,843,1422,600,548,638,1069,1630,3721,28089,15115,1399,23,5592,0,0
2021-02-27T23:59:59+01:00,327,369,698,1243,965,2181,1241,3401,1600,2697,810,744,2976,4396,3817,7275,58,106,256,515,420,1052,560,1699,842,1422,600,548,638,1068,1630,3721,28087,15112,1399,23,5254,0,0
2021-02-26T23:59:59+01:00,302,316,650,1178,901,2063,1151,3235,1496,2558,781,722,2546,3790,3399,6504,58,106,253,513,420,1050,558,1697,839,1416,596,545,631,1056,1621,3702,25817,15038,1399,23,4376,0,0
2021-02-25T23:59:59+01:00,296,303,637,1147,880,2021,1132,3169,1478,2514,778,719,2500,3717,3369,6461,56,104,249,504,420,1046,553,1687,836,1405,590,540,554,947,1577,3646,25599,14693,1399,21,4123,0,0
2021-02-24T23:59:59+01:00,277,293,586,1100,833,1954,1074,3074,1434,2456,761,700,2262,3417,3286,6331,55,100,245,497,414,1029,545,1665,833,1386,584,529,541,927,1566,3624,24618,14525,1399,15,3821,0,0
2021-02-23T23:59:59+01:00,264,273,558,1043,796,1877,1006,2925,1362,2354,710,650,2149,3281,3262,6241,55,99,243,491,414,1013,535,1633,826,1364,576,523,526,878,1555,3579,23826,14295,1394,15,3531,0,0
2021-02-22T23:59:59+01:00,260,267,546,980,777,1801,981,2831,1326,2294,687,630,2122,3246,3253,6183,55,98,237,485,412,1000,526,1617,822,1339,562,511,508,852,1549,3525,23435,14083,1394,15,3355,0,0
2021-02-21T23:59:59+01:00,257,259,537,955,764,1764,973,2783,1296,2268,687,628,2120,3246,3252,6182,55,98,236,485,412,1000,526,1617,822,1338,562,510,508,852,1549,3524,23429,14079,1394,15,3148,0,0
2021-02-20T23:59:59+01:00,173,228,466,906,696,1686,903,2694,1211,2169,672,613,1756,2733,2702,5388,55,98,236,485,412,1000,526,1616,822,1338,562,510,508,852,1549,3524,21183,14078,1394,15,2419,0,0
2021-02-19T23:59:59+01:00,82,165,355,825,570,1553,770,2545,1077,2017,656,592,1453,2220,2163,4598,55,98,236,485,412,999,526,1616,822,1337,562,510,500,848,1548,3518,18996,14058,1394,14,1251,0,0
2021-02-18T23:59:59+01:00,79,160,343,776,550,1464,737,2405,1044,1950,641,582,1444,2202,2154,4548,52,91,232,463,398,934,511,1536,802,1263,548,496,494,830,1547,3500,18759,13683,1369,14,951,0,0
2021-02-17T23:59:59+01:00,78,152,330,753,541,1431,708,2312,1008,1852,635,572,1386,2114,2107,4499,52,88,230,454,390,896,500,1471,783,1181,535,484,492,828,1547,3500,18499,13417,1296,14,683,0,0
2021-02-16T23:59:59+01:00,73,146,315,714,513,1358,676,2204,983,1748,625,565,1143,1769,1989,4320,51,79,229,449,384,866,487,1406,757,1114,514,471,490,828,1544,3499,17592,13166,1058,2,491,0,0
2021-02-15T23:59:59+01:00,68,130,289,611,478,1217,620,1992,933,1589,616,563,1060,1664,1938,4258,51,79,227,444,380,860,486,1402,755,1107,514,471,489,825,1543,3496,17268,13129,720,0,38,0,0
2021-02-14T23:59:59+01:00,67,123,285,586,473,1188,609,1938,919,1567,616,563,963,1541,1892,4201,51,79,227,444,380,860,486,1400,755,1107,514,471,489,825,1543,3496,16942,13127,566,0,23,0,0
2021-02-13T23:59:59+01:00,67,122,285,585,472,1184,608,1936,917,1564,615,562,962,1533,1888,4198,51,79,227,443,378,856,485,1395,753,1106,512,469,472,787,1289,3037,16909,12339,566,0,23,0,0
2021-02-12T23:59:59+01:00,66,122,284,584,468,1180,608,1933,914,1563,612,561,923,1482,1868,4157,51,79,227,439,375,847,480,1387,747,1100,505,461,454,748,938,2339,16739,11177,566,0,20,0,0
2021-02-11T23:59:59+01:00,66,116,281,573,455,1153,602,1907,907,1551,611,560,881,1424,1846,4120,51,76,212,409,361,800,464,1314,732,1069,502,460,454,748,937,2338,16564,10927,483,0,6,0,0
2021-02-10T23:59:59+01:00,65,116,277,570,453,1149,598,1891,902,1547,611,560,873,1408,1825,4076,50,66,178,332,307,698,414,1142,653,976,467,449,449,748,937,2337,16463,10203,456,0,2,0,0
2021-02-09T23:59:59+01:00,63,115,271,567,450,1136,597,1877,896,1541,610,559,861,1373,1760,3973,42,54,125,255,231,547,333,940,551,822,432,438,445,747,935,2337,16220,9234,428,0,1,0,0
2021-02-08T23:59:59+01:00,62,115,268,558,447,1129,596,1862,890,1533,609,557,760,1222,1705,3891,38,44,86,165,168,409,267,702,491,687,424,431,441,744,934,2337,15800,8368,403,0,1,0,0
2021-02-07T23:59:59+01:00,59,112,259,536,431,1098,580,1759,855,1454,608,556,658,1095,1658,3808,37,43,82,163,165,402,262,689,486,676,422,431,441,744,934,2336,15431,8313,95,0,0,0,0
2021-02-06T23:59:59+01:00,59,112,258,536,431,1098,578,1758,853,1451,605,554,655,1086,1652,3801,34,42,81,160,162,392,258,681,475,668,414,430,406,696,701,1953,15392,7553,95,0,0,0,0
2021-02-05T23:59:59+01:00,59,112,256,533,431,1096,577,1757,851,1449,604,554,645,1079,1646,3790,32,40,77,154,157,384,250,662,458,658,408,430,400,671,308,1331,15344,6420,95,0,0,0,0
2021-02-04T23:59:59+01:00,57,110,251,526,425,1080,561,1730,847,1435,597,545,562,963,1598,3731,31,37,73,149,151,373,236,641,441,644,403,424,395,664,306,1325,14991,6293,27,0,0,0,0
2021-02-03T23:59:59+01:00,56,105,247,519,424,1061,558,1715,845,1420,593,535,551,953,1595,3718,24,29,59,117,118,274,172,501,332,495,299,323,318,522,231,1058,14870,4872,25,0,0,0,0
2021-02-02T23:59:59+01:00,56,104,244,513,424,1043,546,1682,837,1396,580,526,540,906,1586,3673,17,22,40,76,82,180,120,337,217,357,210,217,202,327,166,700,14631,3270,25,0,0,0,0
2021-02-01T23:59:59+01:00,56,102,240,505,422,1027,538,1661,833,1373,572,520,523,877,1578,3626,7,11,20,40,44,92,64,168,94,160,99,100,85,153,72,310,14428,1519,25,0,0,0,0
2021-01-31T23:59:59+01:00,56,102,239,504,420,1023,536,1656,831,1370,572,519,523,877,1578,3625,7,11,18,36,39,78,60,142,81,145,95,99,84,152,70,309,14406,1426,25,0,0,0,0
2021-01-30T23:59:59+01:00,56,102,239,504,420,1023,536,1656,831,1370,572,519,523,877,1578,3625,7,11,18,36,39,78,60,142,81,145,95,98,84,152,70,309,14406,1425,25,0,0,0,0
2021-01-29T23:59:59+01:00,56,102,239,504,420,1023,536,1656,831,1370,572,519,523,877,1578,3625,7,11,18,36,39,78,60,142,81,145,95,98,84,152,70,309,14406,1425,25,0,0,0,0
2021-01-28T23:59:59+01:00,54,94,235,476,408,957,518,1570,808,1288,559,504,517,860,1576,3610,3,2,4,6,10,13,19,34,21,30,16,21,19,33,17,92,14015,340,19,0,0,0,0
2021-01-27T23:59:59+01:00,52,90,235,466,400,918,508,1504,788,1205,547,491,515,858,1576,3610,3,2,4,6,8,13,19,33,21,29,16,21,19,33,17,92,13746,336,17,0,0,0,0
2021-01-26T23:59:59+01:00,51,84,231,463,393,889,497,1436,763,1138,525,478,513,858,1576,3610,1,2,4,6,8,12,17,29,17,24,14,18,17,31,17,85,13489,302,16,0,0,0,0
2021-01-25T23:59:59+01:00,51,84,228,458,389,883,497,1433,762,1133,525,478,513,857,1576,3608,0,0,0,0,0,0,0,0,0,0,1,1,0,2,0,0,13460,4,15,0,0,0,0
2021-01-24T23:59:59+01:00,51,84,228,458,389,883,497,1432,762,1133,525,478,513,857,1576,3608,0,0,0,0,0,0,0,0,0,0,1,1,0,2,0,0,13459,4,15,0,0,0,0
2021-01-23T23:59:59+01:00,51,84,228,457,388,879,497,1426,761,1131,522,476,496,819,1324,3139,0,0,0,0,0,0,0,0,0,0,1,1,0,2,0,0,12663,4,15,0,0,0,0
2021-01-22T23:59:59+01:00,51,84,227,453,384,870,492,1416,756,1124,516,468,479,778,961,2418,0,0,0,0,0,0,0,0,0,0,1,1,0,2,0,0,11462,4,15,0,0,0,0
2021-01-21T23:59:59+01:00,51,81,209,420,357,814,465,1317,730,1090,512,468,479,778,960,2417,0,0,0,0,0,0,0,0,0,0,1,1,0,2,0,0,11133,4,15,0,0,0,0
2021-01-20T23:59:59+01:00,49,71,181,349,316,729,422,1163,660,999,476,457,474,778,960,2416,0,0,0,0,0,0,0,0,0,0,1,1,0,2,0,0,10485,4,15,0,0,0,0
2021-01-19T23:59:59+01:00,43,58,135,272,243,571,346,981,570,859,441,446,470,777,960,2416,0,0,0,0,0,0,0,0,0,0,1,0,0,2,0,0,9581,3,7,0,0,0,0
2021-01-18T23:59:59+01:00,39,45,86,173,174,421,278,718,499,702,432,439,467,772,958,2416,0,0,0,0,0,0,0,0,0,0,0,0,0,1,0,0,8619,1,0,0,0,0,0
2021-01-17T23:59:59+01:00,37,44,83,169,170,413,274,707,494,689,430,439,467,772,958,2415,0,0,0,0,0,0,0,0,0,0,0,0,0,0,0,0,8561,0,0,0,0,0,0
2021-01-16T23:59:59+01:00,34,43,81,167,166,404,267,700,479,681,422,438,429,725,718,2027,0,0,0,0,0,0,0,0,0,0,0,0,0,0,0,0,7781,0,0,0,0,0,0
2021-01-15T23:59:59+01:00,32,41,78,160,163,398,260,683,465,673,416,437,424,701,319,1395,0,0,0,0,0,0,0,0,0,0,0,0,0,0,0,0,6645,0,0,0,0,0,0
2021-01-14T23:59:59+01:00,32,39,77,156,158,393,252,674,454,665,413,435,424,700,319,1395,0,0,0,0,0,0,0,0,0,0,0,0,0,0,0,0,6586,0,0,0,0,0,0
2021-01-13T23:59:59+01:00,24,31,61,123,123,298,192,540,346,522,314,334,348,553,244,1120,0,0,0,0,0,0,0,0,0,0,0,0,0,0,0,0,5173,0,0,0,0,0,0
2021-01-12T23:59:59+01:00,17,24,45,85,88,210,139,390,236,387,224,228,227,356,177,760,0,0,0,0,0,0,0,0,0,0,0,0,0,0,0,0,3593,0,0,0,0,0,0
2021-01-11T23:59:59+01:00,9,15,26,44,58,134,88,220,124,205,112,109,99,173,82,338,0,0,0,0,0,0,0,0,0,0,0,0,0,0,0,0,1836,0,0,0,0,0,0
2021-01-10T23:59:59+01:00,8,15,22,41,51,106,80,179,105,172,106,105,95,171,79,338,0,0,0,0,0,0,0,0,0,0,0,0,0,0,0,0,1673,0,0,0,0,0,0
2021-01-09T23:59:59+01:00,8,15,22,41,51,106,80,179,105,172,106,104,95,171,79,338,0,0,0,0,0,0,0,0,0,0,0,0,0,0,0,0,1672,0,0,0,0,0,0
2021-01-08T23:59:59+01:00,8,14,21,40,49,100,75,168,99,169,103,100,90,162,77,329,0,0,0,0,0,0,0,0,0,0,0,0,0,0,0,0,1604,0,0,0,0,0,0
2021-01-07T23:59:59+01:00,3,3,4,7,10,14,20,34,23,34,17,21,20,34,19,96,0,0,0,0,0,0,0,0,0,0,0,0,0,0,0,0,359,0,0,0,0,0,0
2021-01-06T23:59:59+01:00,3,2,4,6,8,13,20,33,21,31,17,21,20,34,19,95,0,0,0,0,0,0,0,0,0,0,0,0,0,0,0,0,347,0,0,0,0,0,0
2021-01-05T23:59:59+01:00,3,2,4,6,8,13,20,33,21,31,17,21,20,34,19,95,0,0,0,0,0,0,0,0,0,0,0,0,0,0,0,0,347,0,0,0,0,0,0
2021-01-04T23:59:59+01:00,0,0,0,0,0,0,1,0,0,0,1,1,0,2,0,0,0,0,0,0,0,0,0,0,0,0,0,0,0,0,0,0,5,0,0,0,0,0,0
2021-01-03T23:59:59+01:00,0,0,0,0,0,0,1,0,0,0,1,1,0,2,0,0,0,0,0,0,0,0,0,0,0,0,0,0,0,0,0,0,5,0,0,0,0,0,0
2021-01-02T23:59:59+01:00,0,0,0,0,0,0,1,0,0,0,1,1,0,2,0,0,0,0,0,0,0,0,0,0,0,0,0,0,0,0,0,0,5,0,0,0,0,0,0
2021-01-01T23:59:59+01:00,0,0,0,0,0,0,1,0,0,0,1,1,0,2,0,0,0,0,0,0,0,0,0,0,0,0,0,0,0,0,0,0,5,0,0,0,0,0,0
2020-12-31T23:59:59+01:00,0,0,0,0,0,0,1,0,0,0,1,1,0,2,0,0,0,0,0,0,0,0,0,0,0,0,0,0,0,0,0,0,5,0,0,0,0,0,0
2020-12-30T23:59:59+01:00,0,0,0,0,0,0,1,0,0,0,1,1,0,2,0,0,0,0,0,0,0,0,0,0,0,0,0,0,0,0,0,0,5,0,0,0,0,0,0
2020-12-29T23:59:59+01:00,0,0,0,0,0,0,1,0,0,0,1,0,0,2,0,0,0,0,0,0,0,0,0,0,0,0,0,0,0,0,0,0,4,0,0,0,0,0,0
2020-12-28T23:59:59+01:00,0,0,0,0,0,0,0,0,0,0,1,0,0,1,0,0,0,0,0,0,0,0,0,0,0,0,0,0,0,0,0,0,2,0,0,0,0,0,0
2020-12-27T23:59:59+01:00,0,0,0,0,0,0,0,0,0,0,0,0,0,0,0,0,0,0,0,0,0,0,0,0,0,0,0,0,0,0,0,0,0,0,0,0,0,0,0
