Datum,<15_1_m,<15_1_w,15-24_1_m,15-24_1_w,25-34_1_m,25-34_1_w,35-44_1_m,35-44_1_w,45-54_1_m,45-54_1_w,55-64_1_m,55-64_1_w,65-74_1_m,65-74_1_w,75-84_1_m,75-84_1_w,>84_1_m,>84_1_w,<15_2_m,<15_2_w,15-24_2_m,15-24_2_w,25-34_2_m,25-34_2_w,35-44_2_m,35-44_2_w,45-54_2_m,45-54_2_w,55-64_2_m,55-64_2_w,65-74_2_m,65-74_2_w,75-84_2_m,75-84_2_w,>84_2_m,>84_2_w,bp_1,bp_2,mo_1,mo_2,az_1,az_2,ja,unb_1,unb_2
2021-11-24T23:59:59+01:00,3160,2948,18729,17311,21424,19725,23939,23830,30180,30910,36060,36711,26494,29471,17892,22868,5419,10293,2114,1924,15116,14219,18258,16816,21231,21105,27483,28271,33851,34523,25614,28435,17360,22153,5231,9861,278804,248693,33224,31261,46636,44931,18645,87,35
2021-11-23T23:59:59+01:00,3117,2908,18674,17280,21381,19666,23901,23793,30139,30868,36025,36676,26478,29444,17883,22842,5417,10284,2102,1913,15054,14158,18201,16758,21184,21063,27428,28226,33814,34477,25603,28414,17352,22137,5231,9852,278230,248139,33218,31225,46636,44931,18637,87,35
2021-11-22T23:59:59+01:00,3082,2873,18636,17238,21336,19619,23866,23750,30110,30829,35990,36630,26451,29408,17876,22832,5415,10273,2097,1902,15021,14130,18161,16730,21145,21039,27392,28199,33787,34450,25592,28404,17344,22126,5231,9847,277690,247802,33215,31213,46635,44928,18619,87,35
2021-11-21T23:59:59+01:00,3055,2858,18594,17201,21297,19586,23830,23726,30079,30804,35954,36598,26441,29388,17871,22822,5412,10269,2095,1900,15002,14125,18145,16711,21136,21028,27378,28179,33772,34438,25584,28395,17342,22116,5230,9845,277274,247641,33215,31213,46634,44925,18607,87,35
2021-11-20T23:59:59+01:00,3020,2825,18492,17127,21215,19502,23735,23655,30013,30763,35925,36561,26424,29366,17866,22818,5411,10266,2093,1892,14970,14102,18091,16686,21114,21006,27357,28154,33750,34424,25573,28388,17340,22111,5230,9844,276474,247347,33214,31212,46634,44924,18607,87,35
2021-11-19T23:59:59+01:00,2949,2775,18332,16977,21090,19384,23627,23540,29906,30664,35852,36483,26398,29335,17855,22799,5410,10259,2068,1862,14824,14004,17976,16590,21023,20931,27245,28078,33683,34369,25560,28371,17329,22103,5230,9842,275163,246354,33182,31174,46634,44924,18601,87,35
2021-11-18T23:59:59+01:00,2900,2729,18217,16888,20957,19271,23546,23456,29831,30583,35775,36405,26370,29294,17835,22775,5404,10255,2051,1843,14759,13949,17908,16541,20966,20883,27200,28021,33623,34326,25545,28348,17320,22085,5227,9837,274116,245803,33140,31124,46634,44924,18546,87,35
2021-11-17T23:59:59+01:00,2851,2677,18106,16788,20857,19158,23450,23349,29751,30505,35713,36329,26322,29245,17818,22745,5398,10246,2035,1829,14709,13905,17864,16489,20922,20847,27155,27982,33581,34294,25524,28322,17312,22065,5224,9820,272980,245297,33120,31101,46631,44924,18522,87,35
2021-11-16T23:59:59+01:00,2809,2650,17982,16686,20739,19042,23336,23255,29667,30432,35643,36264,26290,29200,17797,22710,5395,10241,2019,1818,14673,13860,17824,16447,20881,20815,27128,27931,33539,34252,25507,28314,17302,22053,5223,9811,271846,244855,33098,31075,46631,44924,18508,87,35
2021-11-15T23:59:59+01:00,2787,2619,17899,16612,20648,18965,23274,23187,29602,30354,35589,36211,26272,29174,17784,22701,5394,10233,2010,1810,14625,13839,17792,16426,20865,20783,27098,27892,33521,34226,25496,28294,17295,22040,5214,9783,271040,244499,33092,31061,46628,44924,18490,87,35
2021-11-14T23:59:59+01:00,2768,2587,17851,16587,20597,18916,23232,23144,29567,30314,35566,36171,26260,29159,17780,22693,5391,10228,2005,1805,14602,13822,17767,16409,20847,20769,27077,27862,33499,34211,25486,28288,17289,22036,5211,9779,270591,244297,33090,31061,46626,44923,18448,87,35
2021-11-13T23:59:59+01:00,2718,2534,17636,16444,20405,18777,23118,23036,29448,30228,35491,36098,26247,29142,17772,22681,5389,10226,2000,1798,14569,13807,17739,16383,20818,20747,27053,27846,33475,34188,25478,28280,17285,22031,5211,9779,269173,244022,33089,31061,46626,44923,18446,87,35
2021-11-12T23:59:59+01:00,2658,2467,17354,16209,20184,18583,22955,22893,29285,30076,35368,35995,26222,29113,17757,22655,5383,10221,1992,1779,14486,13744,17647,16309,20736,20703,26979,27780,33436,34143,25473,28264,17284,22022,5211,9776,267232,243349,33037,31030,46625,44922,18428,87,35
2021-11-11T23:59:59+01:00,2596,2411,17159,16047,20023,18446,22807,22747,29149,29961,35295,35901,26184,29074,17739,22638,5380,10212,1977,1758,14409,13685,17579,16245,20666,20639,26916,27724,33383,34102,25455,28238,17279,22010,5207,9773,265778,242780,32959,30958,46625,44921,18351,87,35
2021-11-10T23:59:59+01:00,2547,2375,17028,15928,19876,18331,22703,22644,29048,29878,35225,35828,26158,29041,17730,22619,5376,10200,1968,1746,14373,13630,17533,16205,20621,20587,26866,27670,33344,34065,25428,28209,17263,22001,5207,9770,264612,242285,32926,30928,46624,44921,18317,87,35
2021-11-09T23:59:59+01:00,2528,2345,16914,15812,19770,18229,22592,22546,28970,29806,35157,35764,26136,29014,17716,22604,5374,10194,1961,1732,14347,13594,17508,16181,20595,20562,26834,27637,33309,34036,25416,28194,17255,21992,5207,9764,263586,241975,32903,30891,46624,44921,18302,87,35
2021-11-08T23:59:59+01:00,2423,2225,16682,15622,19645,18118,22486,22455,28876,29726,35080,35704,26111,28994,17703,22590,5372,10189,1950,1726,14299,13548,17481,16145,20571,20526,26804,27606,33282,34003,25404,28175,17253,21984,5203,9762,262158,241632,32902,30868,46618,44920,18267,87,35
2021-11-07T23:59:59+01:00,2409,2209,16635,15586,19587,18069,22440,22417,28834,29699,35042,35674,26102,28985,17697,22584,5372,10187,1939,1720,14281,13521,17462,16118,20552,20506,26793,27587,33261,33987,25395,28165,17246,21977,5202,9759,261724,241415,32900,30868,46615,44920,18233,87,35
2021-11-06T23:59:59+01:00,2371,2168,16419,15402,19417,17930,22308,22318,28713,29609,34977,35619,26088,28973,17692,22580,5371,10186,1934,1718,14256,13504,17438,16100,20540,20492,26779,27576,33255,33973,25391,28161,17244,21975,5202,9758,260339,241240,32898,30868,46615,44920,18233,87,35
2021-11-05T23:59:59+01:00,2298,2100,16106,15117,19177,17704,22098,22140,28547,29459,34871,35538,26072,28953,17685,22569,5371,10184,1917,1706,14175,13425,17380,16048,20486,20446,26737,27541,33233,33954,25385,28152,17239,21964,5202,9755,258345,240827,32837,30827,46615,44920,18136,87,35
2021-11-04T23:59:59+01:00,2262,2069,15957,14975,19029,17570,21992,22026,28439,29350,34791,35489,26059,28929,17682,22561,5370,10184,1897,1686,14115,13365,17320,15981,20436,20379,26693,27483,33189,33913,25372,28134,17226,21952,5202,9746,257319,240402,32791,30778,46610,44916,17958,87,35
2021-11-03T23:59:59+01:00,2244,2045,15836,14875,18930,17492,21894,21943,28355,29288,34734,35459,26039,28907,17675,22550,5368,10181,1879,1672,14079,13326,17282,15934,20399,20348,26657,27442,33148,33883,25357,28114,17217,21934,5201,9737,256443,239971,32785,30765,46609,44916,17922,87,35
2021-11-02T23:59:59+01:00,2235,2032,15765,14806,18844,17420,21820,21887,28289,29246,34698,35425,26027,28891,17670,22548,5367,10178,1859,1660,14035,13284,17235,15905,20363,20313,26628,27417,33116,33850,25347,28099,17212,21924,5199,9731,255839,239589,32756,30750,46609,44915,17888,87,35
2021-11-01T23:59:59+01:00,2228,2019,15707,14765,18779,17387,21776,21858,28252,29225,34678,35408,26021,28890,17668,22545,5367,10177,1847,1653,13997,13261,17213,15878,20342,20299,26608,27399,33104,33843,25339,28095,17209,21915,5198,9729,255466,239373,32756,30742,46607,44914,17865,87,35
2021-10-31T23:59:59+01:00,2228,2019,15707,14765,18779,17387,21776,21858,28251,29225,34678,35408,26021,28890,17668,22545,5367,10177,1847,1653,13997,13261,17213,15877,20342,20299,26607,27399,33104,33843,25339,28095,17209,21915,5198,9729,255466,239372,32756,30742,46607,44914,17864,87,35
2021-10-30T23:59:59+02:00,2226,2016,15704,14765,18779,17387,21774,21857,28250,29225,34678,35407,26021,28889,17668,22545,5367,10177,1845,1651,13996,13261,17213,15877,20342,20299,26607,27399,33103,33843,25339,28095,17209,21915,5198,9729,255453,239366,32755,30742,46607,44914,17864,87,35
2021-10-29T23:59:59+02:00,2202,1985,15572,14662,18633,17276,21652,21770,28131,29154,34611,35366,26010,28881,17663,22543,5367,10175,1832,1638,13931,13226,17162,15830,20293,20277,26570,27374,33084,33823,25336,28091,17207,21911,5198,9726,254540,239111,32706,30705,46607,44914,17744,87,35
2021-10-28T23:59:59+02:00,2179,1956,15435,14563,18449,17160,21531,21682,28033,29081,34550,35318,25997,28869,17659,22536,5367,10173,1818,1622,13853,13152,17067,15764,20232,20222,26522,27331,33045,33797,25314,28072,17200,21902,5194,9722,253699,238715,32621,30612,46606,44911,17556,87,35
2021-10-27T23:59:59+02:00,2154,1943,15374,14504,18401,17111,21474,21654,27999,29050,34523,35298,25992,28853,17652,22533,5367,10172,1806,1608,13821,13118,17046,15744,20217,20204,26503,27296,33022,33777,25296,28051,17192,21886,5190,9720,253249,238418,32618,30608,46606,44911,17525,87,35
2021-10-26T23:59:59+02:00,2141,1919,15332,14472,18363,17075,21444,21637,27981,29030,34504,35288,25985,28849,17649,22531,5367,10172,1797,1601,13797,13080,17021,15717,20195,20183,26486,27278,33000,33764,25286,28033,17182,21867,5186,9703,252946,238112,32612,30599,46606,44911,17519,87,35
2021-10-25T23:59:59+02:00,2134,1914,15299,14454,18341,17058,21429,21628,27968,29024,34500,35283,25985,28847,17649,22531,5367,10172,1796,1601,13793,13076,17018,15715,20195,20180,26485,27277,32997,33762,25286,28033,17182,21866,5186,9703,252794,238091,32608,30595,46606,44911,17519,87,35
2021-10-24T23:59:59+02:00,2124,1908,15284,14447,18326,17048,21417,21620,27956,29011,34492,35276,25984,28842,17647,22531,5367,10172,1790,1595,13780,13057,17011,15702,20188,20171,26475,27271,32992,33754,25282,28028,17180,21865,5185,9702,252671,237975,32608,30595,46605,44911,17512,87,35
2021-10-23T23:59:59+02:00,2124,1908,15284,14447,18325,17048,21417,21619,27956,29011,34492,35276,25984,28842,17647,22531,5367,10172,1790,1595,13780,13057,17011,15702,20188,20171,26475,27271,32991,33754,25282,28028,17180,21865,5185,9702,252669,237974,32608,30595,46605,44911,17512,87,35
2021-10-22T23:59:59+02:00,2109,1891,15217,14401,18233,16988,21350,21570,27902,28964,34461,35260,25984,28838,17646,22528,5366,10171,1773,1574,13727,12993,16966,15667,20157,20147,26455,27253,32971,33737,25274,28026,17180,21862,5185,9701,252196,237654,32548,30574,46605,44911,17474,87,35
2021-10-21T23:59:59+02:00,2079,1859,15098,14317,18113,16897,21259,21510,27829,28901,34396,35221,25970,28818,17640,22518,5365,10167,1746,1557,13649,12912,16898,15617,20099,20103,26400,27207,32923,33702,25257,28007,17169,21840,5184,9696,251438,237183,32493,30473,46605,44911,17364,87,35
2021-10-20T23:59:59+02:00,2066,1848,15052,14283,18063,16860,21211,21470,27798,28875,34368,35203,25963,28805,17632,22507,5364,10162,1724,1544,13620,12879,16865,15581,20069,20072,26369,27177,32900,33669,25237,27995,17158,21830,5184,9691,251037,236806,32479,30461,46605,44911,17351,87,35
2021-10-19T23:59:59+02:00,2057,1841,15032,14253,18041,16839,21195,21455,27785,28858,34350,35191,25951,28796,17630,22504,5364,10162,1710,1526,13600,12841,16828,15544,20039,20048,26345,27153,32869,33647,25220,27978,17152,21816,5180,9685,250825,236438,32479,30460,46605,44911,17337,87,35
2021-10-18T23:59:59+02:00,2052,1834,15010,14235,18024,16819,21170,21430,27771,28846,34337,35177,25949,28790,17628,22501,5361,10161,1696,1514,13573,12810,16813,15517,20018,20023,26327,27128,32854,33627,25208,27970,17148,21808,5177,9683,250640,236178,32468,30448,46605,44909,17324,87,35
2021-10-17T23:59:59+02:00,2048,1832,14985,14225,18021,16813,21166,21424,27765,28837,34334,35172,25944,28787,17626,22501,5360,10157,1694,1508,13546,12789,16793,15501,20004,20006,26311,27116,32844,33616,25199,27962,17144,21805,5172,9674,250552,235983,32467,30447,46605,44904,17315,87,35
2021-10-16T23:59:59+02:00,2048,1831,14985,14222,18021,16813,21165,21424,27765,28837,34334,35172,25944,28787,17626,22501,5360,10157,1694,1508,13546,12789,16793,15501,20004,20006,26311,27116,32844,33616,25199,27962,17144,21805,5172,9674,250547,235983,32467,30447,46605,44904,17315,87,35
2021-10-15T23:59:59+02:00,2043,1816,14956,14189,18001,16790,21141,21410,27750,28827,34319,35166,25944,28784,17625,22497,5360,10155,1677,1486,13476,12734,16759,15468,19967,19980,26289,27091,32833,33600,25196,27959,17139,21802,5171,9673,250380,235661,32442,30412,46605,44904,17288,87,35
2021-10-14T23:59:59+02:00,2015,1799,14861,14122,17940,16736,21103,21377,27713,28796,34290,35144,25936,28776,17621,22489,5359,10149,1650,1457,13377,12638,16694,15405,19921,19910,26231,27040,32790,33564,25178,27936,17125,21783,5169,9670,249970,235130,32386,30262,46605,44904,17207,87,35
2021-10-13T23:59:59+02:00,2000,1790,14829,14079,17915,16708,21087,21359,27689,28780,34269,35131,25929,28766,17613,22481,5358,10146,1635,1445,13332,12597,16664,15370,19883,19864,26203,27014,32761,33523,25158,27915,17116,21758,5164,9664,249692,234679,32384,30258,46605,44904,17190,87,35
2021-10-12T23:59:59+02:00,1991,1785,14797,14047,17896,16682,21061,21337,27670,28759,34250,35114,25924,28760,17611,22473,5357,10144,1621,1437,13291,12550,16640,15325,19849,19829,26178,26987,32733,33500,25140,27891,17105,21736,5154,9633,249431,234222,32382,30256,46605,44904,17182,87,35
2021-10-11T23:59:59+02:00,1985,1777,14774,14034,17882,16665,21047,21325,27658,28749,34241,35100,25920,28753,17607,22468,5357,10140,1617,1426,13257,12518,16624,15297,19830,19803,26159,26960,32708,33472,25122,27870,17098,21724,5153,9623,249271,233899,32382,30256,46604,44904,17167,87,35
2021-10-10T23:59:59+02:00,1972,1764,14756,14016,17864,16650,21038,21311,27652,28744,34231,35093,25920,28749,17606,22465,5355,10140,1597,1416,13229,12493,16597,15269,19810,19783,26143,26942,32695,33457,25114,27860,17093,21721,5151,9620,249129,233646,32382,30256,46604,44900,17153,87,35
2021-10-09T23:59:59+02:00,1972,1764,14756,14016,17863,16649,21037,21311,27652,28744,34230,35092,25920,28747,17606,22465,5355,10140,1597,1416,13229,12493,16596,15269,19809,19783,26143,26941,32694,33455,25114,27858,17093,21721,5151,9620,249128,233645,32382,30255,46604,44900,17147,87,35
2021-10-08T23:59:59+02:00,1955,1749,14719,13994,17835,16624,21014,21296,27633,28730,34215,35077,25915,28746,17606,22463,5354,10138,1574,1377,13152,12405,16540,15218,19756,19743,26114,26908,32673,33434,25103,27847,17088,21716,5149,9619,248932,233138,32364,30238,46604,44900,17105,87,35
2021-10-07T23:59:59+02:00,1933,1729,14650,13921,17767,16571,20969,21235,27585,28702,34166,35047,25891,28724,17598,22451,5353,10134,1534,1344,13056,12331,16476,15147,19707,19694,26040,26855,32624,33391,25078,27825,17070,21697,5141,9602,248474,232616,32307,30078,46603,44899,16984,87,35
2021-10-06T23:59:59+02:00,1925,1711,14614,13885,17743,16543,20950,21211,27556,28671,34133,35026,25877,28711,17595,22446,5350,10131,1517,1331,13029,12290,16451,15119,19682,19668,26012,26828,32601,33361,25066,27812,17060,21685,5139,9596,248172,232299,32307,30078,46603,44899,16936,87,35
2021-10-05T23:59:59+02:00,1918,1699,14590,13847,17710,16527,20929,21190,27534,28644,34113,34999,25860,28695,17586,22435,5350,10128,1500,1316,12996,12258,16425,15101,19661,19645,25991,26801,32579,33343,25058,27803,17053,21678,5135,9591,247871,232008,32306,30078,46602,44898,16915,87,35
2021-10-04T23:59:59+02:00,1906,1694,14541,13808,17678,16499,20907,21169,27510,28620,34097,34980,25853,28678,17583,22430,5349,10124,1478,1300,12959,12221,16405,15071,19647,19621,25966,26773,32561,33315,25047,27793,17047,21671,5133,9587,247618,231721,32279,30075,46601,44897,16867,87,35
2021-10-03T23:59:59+02:00,1894,1688,14523,13779,17660,16481,20895,21159,27500,28608,34087,34971,25844,28673,17576,22422,5348,10122,1467,1290,12937,12203,16381,15053,19636,19610,25956,26760,32550,33302,25036,27782,17047,21663,5133,9587,247480,231570,32269,30071,46598,44896,16821,87,35
2021-10-02T23:59:59+02:00,1893,1688,14521,13778,17659,16480,20895,21158,27500,28608,34086,34971,25844,28672,17576,22422,5348,10122,1467,1290,12937,12202,16381,15053,19636,19610,25956,26760,32550,33302,25036,27782,17047,21663,5133,9587,247471,231569,32269,30071,46598,44896,16821,87,35
2021-10-01T23:59:59+02:00,1880,1669,14457,13714,17597,16428,20852,21116,27464,28588,34061,34952,25836,28668,17576,22416,5348,10119,1432,1253,12834,12099,16299,14996,19577,19561,25920,26725,32519,33274,25021,27767,17043,21655,5132,9585,247140,230996,32237,30061,46598,44896,16704,87,35
2021-09-30T23:59:59+02:00,1867,1649,14359,13628,17533,16370,20790,21064,27408,28530,34004,34926,25814,28651,17567,22406,5346,10116,1408,1229,12728,12024,16226,14948,19526,19508,25866,26667,32465,33246,25000,27745,17037,21643,5129,9584,246772,230686,32109,29881,46595,44887,16490,87,35
2021-09-29T23:59:59+02:00,1852,1629,14334,13603,17510,16328,20753,21034,27381,28497,33979,34903,25795,28635,17561,22396,5346,10115,1390,1216,12696,11991,16206,14920,19512,19489,25850,26649,32446,33223,24985,27732,17027,21630,5126,9580,246425,230405,32108,29881,46595,44886,16461,87,35
2021-09-28T23:59:59+02:00,1835,1620,14304,13571,17481,16294,20726,20999,27349,28474,33952,34879,25781,28615,17551,22386,5343,10109,1365,1209,12656,11960,16185,14892,19497,19463,25831,26638,32433,33202,24979,27721,17024,21624,5124,9579,246071,230147,32107,29881,46595,44885,16434,87,35
2021-09-27T23:59:59+02:00,1827,1615,14275,13546,17461,16272,20699,20976,27327,28455,33933,34857,25773,28602,17549,22378,5343,10106,1351,1198,12617,11926,16163,14870,19469,19446,25811,26615,32424,33182,24971,27708,17018,21617,5122,9578,245852,229913,32107,29881,46595,44879,16378,87,35
2021-09-26T23:59:59+02:00,1823,1610,14259,13526,17441,16255,20688,20961,27311,28440,33925,34844,25762,28597,17545,22377,5342,10105,1344,1194,12601,11906,16148,14853,19456,19434,25802,26604,32413,33171,24965,27706,17015,21613,5121,9577,245700,229782,32107,29880,46595,44879,16347,87,35
2021-09-25T23:59:59+02:00,1820,1608,14246,13510,17419,16243,20667,20950,27292,28424,33912,34836,25755,28592,17540,22374,5341,10103,1342,1192,12590,11892,16129,14842,19436,19422,25787,26587,32401,33163,24959,27701,17010,21610,5121,9575,245657,229755,32107,29880,46595,44879,16210,87,35
2021-09-24T23:59:59+02:00,1802,1584,14164,13429,17350,16194,20612,20900,27253,28380,33872,34805,25737,28581,17530,22364,5339,10099,1313,1173,12493,11788,16046,14773,19382,19361,25740,26551,32353,33133,24936,27680,17001,21598,5119,9571,245263,229236,32088,29875,46595,44879,15986,87,35
2021-09-23T23:59:59+02:00,1780,1564,14060,13330,17257,16108,20521,20823,27171,28321,33822,34745,25711,28558,17518,22345,5335,10092,1300,1164,12404,11713,15976,14706,19308,19311,25680,26494,32307,33097,24916,27661,16995,21587,5116,9565,244770,228903,31987,29837,46594,44878,15647,87,35
2021-09-22T23:59:59+02:00,1761,1551,14023,13281,17207,16066,20468,20776,27132,28274,33771,34694,25681,28531,17510,22323,5331,10088,1283,1155,12362,11667,15930,14673,19278,19282,25651,26466,32257,33062,24888,27636,16989,21573,5113,9556,244347,228581,31962,29828,46594,44876,15501,87,35
2021-09-21T23:59:59+02:00,1748,1536,13961,13227,17185,16016,20435,20737,27101,28233,33735,34673,25668,28513,17498,22299,5323,10060,1258,1132,12315,11607,15900,14645,19245,19243,25624,26438,32232,33035,24867,27619,16986,21564,5111,9545,243853,228200,31958,29778,46594,44874,15479,87,35
2021-09-20T23:59:59+02:00,1738,1529,13910,13188,17148,15975,20394,20704,27059,28195,33700,34639,25648,28486,17490,22282,5312,10033,1239,1128,12259,11571,15867,14622,19216,19217,25595,26414,32210,33011,24853,27606,16984,21556,5106,9531,243412,227896,31958,29778,46594,44874,15402,87,35
2021-09-19T23:59:59+02:00,1733,1520,13885,13162,17117,15953,20368,20685,27038,28166,33687,34625,25640,28477,17487,22279,5311,10031,1235,1117,12235,11550,15845,14602,19203,19198,25582,26402,32200,33000,24846,27601,16978,21550,5105,9531,243183,227729,31956,29777,46594,44872,15367,87,35
2021-09-18T23:59:59+02:00,1730,1516,13873,13150,17106,15946,20358,20678,27031,28162,33681,34621,25640,28477,17487,22278,5311,10031,1235,1115,12228,11542,15835,14597,19193,19195,25575,26398,32195,32998,24846,27601,16978,21550,5105,9531,243146,227709,31943,29772,46594,44872,15329,87,35
2021-09-17T23:59:59+02:00,1707,1482,13772,13036,16998,15870,20277,20607,26960,28102,33628,34577,25617,28454,17475,22267,5310,10028,1218,1098,12143,11465,15734,14520,19105,19123,25505,26329,32132,32955,24827,27581,16968,21532,5104,9527,242681,227268,31896,29760,46594,44871,14932,87,35
2021-09-16T23:59:59+02:00,1680,1444,13673,12926,16910,15774,20184,20517,26859,28016,33551,34511,25585,28421,17461,22243,5303,10007,1194,1072,12053,11386,15664,14456,19023,19044,25417,26248,32071,32900,24785,27543,16958,21519,5101,9516,242063,226800,31799,29701,46594,44869,14545,87,35
2021-09-15T23:59:59+02:00,1662,1435,13613,12873,16858,15712,20138,20466,26803,27965,33499,34455,25559,28389,17446,22214,5296,9984,1174,1056,11993,11325,15608,14405,18971,18993,25356,26198,32013,32844,24753,27510,16942,21500,5097,9505,241643,226364,31778,29685,46590,44867,14292,87,35
2021-09-14T23:59:59+02:00,1646,1424,13550,12805,16785,15660,20078,20419,26753,27908,33449,34404,25536,28370,17433,22203,5292,9979,1146,1034,11931,11263,15535,14345,18916,18948,25308,26144,31956,32792,24722,27487,16928,21484,5097,9500,241241,225970,31726,29591,46590,44867,14073,87,35
2021-09-13T23:59:59+02:00,1624,1408,13511,12768,16757,15633,20059,20394,26731,27883,33427,34380,25525,28362,17428,22192,5292,9976,1129,1019,11888,11229,15501,14323,18892,18918,25284,26116,31930,32770,24711,27476,16915,21475,5094,9499,240957,225662,31725,29589,46585,44865,14018,87,35
2021-09-12T23:59:59+02:00,1613,1405,13478,12745,16715,15617,20045,20383,26720,27864,33421,34368,25519,28355,17427,22188,5292,9973,1117,1013,11844,11209,15455,14305,18868,18897,25268,26103,31916,32756,24703,27467,16912,21471,5093,9496,240797,225447,31725,29589,46583,44864,13958,87,35
2021-09-11T23:59:59+02:00,1602,1404,13462,12733,16701,15608,20035,20380,26708,27858,33417,34364,25515,28354,17426,22187,5290,9973,1038,951,11777,11158,15439,14297,18860,18886,25255,26092,31908,32743,24701,27465,16911,21470,5093,9496,240732,225123,31704,29587,46583,44864,13931,87,35
2021-09-10T23:59:59+02:00,1563,1358,13313,12606,16629,15531,19928,20295,26626,27794,33355,34310,25475,28323,17411,22164,5284,9968,1011,926,11656,11055,15354,14214,18751,18802,25162,26035,31834,32686,24659,27434,16895,21450,5088,9491,240134,224567,31686,29576,46583,44864,13461,87,35
2021-09-09T23:59:59+02:00,1540,1337,13243,12541,16575,15481,19875,20256,26573,27727,33313,34270,25447,28305,17406,22151,5280,9961,991,902,11592,10982,15302,14162,18698,18771,25106,25994,31786,32652,24637,27419,16882,21440,5085,9480,239763,224192,31611,29536,46583,44864,13254,87,35
2021-09-08T23:59:59+02:00,1525,1320,13214,12517,16559,15457,19855,20243,26557,27715,33300,34259,25435,28297,17400,22145,5277,9958,979,886,11548,10938,15277,14144,18686,18754,25088,25970,31764,32641,24623,27404,16880,21434,5085,9478,239543,223915,31611,29536,46579,44863,13230,87,35
2021-09-07T23:59:59+02:00,1492,1302,13156,12470,16519,15425,19832,20214,26520,27694,33266,34229,25410,28279,17394,22130,5272,9952,961,877,11489,10873,15223,14091,18649,18721,25041,25925,31712,32614,24595,27381,16872,21417,5080,9476,239309,223607,31527,29421,46579,44863,13071,87,35
2021-09-06T23:59:59+02:00,1477,1294,13126,12436,16498,15402,19813,20194,26503,27679,33255,34220,25408,28267,17391,22126,5269,9952,948,867,11467,10841,15205,14059,18627,18706,25025,25905,31690,32599,24585,27369,16871,21409,5077,9476,239092,223377,31527,29410,46579,44862,13042,87,35
2021-09-05T23:59:59+02:00,1467,1286,13109,12416,16482,15386,19802,20187,26497,27670,33245,34208,25406,28264,17389,22122,5269,9952,941,862,11448,10825,15180,14043,18616,18697,25018,25899,31681,32579,24582,27358,16868,21404,5075,9475,238964,223228,31527,29410,46579,44861,13017,87,35
2021-09-04T23:59:59+02:00,1467,1286,13108,12415,16482,15386,19800,20187,26496,27670,33245,34208,25406,28264,17389,22121,5269,9952,940,862,11448,10823,15178,14043,18611,18697,25017,25897,31681,32577,24581,27358,16868,21404,5075,9475,238962,223217,31527,29409,46579,44861,13013,87,35
2021-09-03T23:59:59+02:00,1440,1270,13006,12318,16425,15331,19762,20148,26454,27643,33208,34191,25388,28253,17385,22110,5267,9951,896,828,11308,10696,15115,13969,18540,18651,24946,25848,31622,32541,24548,27330,16855,21388,5072,9471,238460,222409,31527,29405,46579,44861,12914,87,35
2021-09-02T23:59:59+02:00,1425,1263,12942,12276,16382,15298,19727,20121,26420,27609,33183,34170,25373,28241,17380,22105,5267,9947,891,822,11231,10658,15067,13934,18502,18631,24913,25826,31584,32511,24529,27309,16849,21383,5072,9469,238236,222146,31463,29363,46575,44852,12785,87,35
2021-09-01T23:59:59+02:00,1402,1248,12906,12238,16361,15278,19708,20106,26402,27589,33161,34144,25363,28230,17374,22095,5264,9943,876,800,11190,10623,15047,13906,18482,18611,24892,25804,31559,32478,24514,27295,16841,21377,5070,9467,237936,221816,31463,29361,46574,44851,12769,87,35
2021-08-31T23:59:59+02:00,1370,1226,12851,12178,16315,15242,19675,20061,26356,27540,33121,34109,25347,28209,17368,22082,5260,9939,854,775,11118,10554,14999,13845,18430,18578,24842,25750,31502,32435,24483,27279,16832,21364,5067,9460,237625,221387,31400,29332,46574,44832,12581,86,35
2021-08-30T23:59:59+02:00,1346,1211,12806,12140,16290,15220,19655,20044,26333,27523,33100,34092,25336,28199,17368,22078,5258,9937,846,764,11040,10521,14971,13824,18408,18554,24814,25734,31476,32408,24472,27264,16826,21357,5064,9457,237370,221090,31400,29332,46574,44821,12522,86,35
2021-08-29T23:59:59+02:00,1340,1205,12792,12123,16279,15211,19646,20034,26330,27514,33093,34078,25331,28193,17366,22077,5258,9937,833,755,11022,10483,14960,13807,18392,18540,24801,25724,31467,32396,24463,27252,16824,21352,5064,9457,237265,220911,31400,29331,46574,44817,12498,86,35
2021-08-28T23:59:59+02:00,1333,1191,12760,12102,16264,15199,19635,20020,26323,27504,33084,34072,25329,28188,17365,22074,5258,9936,814,730,10946,10412,14925,13774,18345,18513,24765,25691,31424,32365,24446,27239,16815,21336,5064,9454,237102,220384,31400,29331,46574,44817,12491,86,35
2021-08-27T23:59:59+02:00,1314,1176,12697,12047,16218,15151,19577,19971,26268,27454,33041,34042,25311,28177,17361,22060,5258,9933,811,725,10909,10378,14884,13747,18329,18498,24730,25667,31396,32344,24433,27228,16812,21332,5064,9453,236678,220225,31400,29330,46574,44816,12334,86,35
2021-08-26T23:59:59+02:00,1294,1160,12628,11991,16172,15108,19533,19931,26214,27396,32990,33997,25281,28148,17354,22050,5255,9929,801,710,10841,10328,14836,13703,18282,18469,24685,25630,31350,32305,24411,27211,16805,21323,5064,9449,236308,219908,31341,29315,46574,44809,12136,86,35
2021-08-25T23:59:59+02:00,1277,1145,12605,11949,16151,15082,19511,19915,26187,27378,32955,33968,25262,28130,17347,22043,5254,9926,787,697,10791,10286,14805,13674,18249,18438,24662,25611,31317,32267,24398,27194,16798,21313,5062,9446,235993,219531,31341,29315,46568,44805,12109,86,35
2021-08-24T23:59:59+02:00,1250,1127,12546,11876,16094,15038,19466,19874,26140,27333,32910,33935,25242,28106,17335,22031,5253,9921,765,677,10713,10212,14761,13634,18203,18402,24612,25560,31275,32230,24374,27167,16783,21297,5061,9445,235682,219118,31214,29275,46568,44805,11938,86,35
2021-08-23T23:59:59+02:00,1237,1114,12508,11840,16069,15019,19443,19839,26120,27297,32880,33913,25228,28093,17331,22022,5253,9918,742,661,10657,10159,14731,13596,18165,18368,24585,25530,31240,32197,24361,27147,16776,21294,5059,9444,235381,218713,31213,29275,46567,44802,11887,86,35
2021-08-22T23:59:59+02:00,1229,1107,12493,11818,16054,15003,19436,19820,26108,27286,32869,33897,25216,28087,17329,22020,5250,9918,727,652,10628,10129,14710,13579,18144,18357,24572,25512,31225,32184,24352,27136,16774,21289,5058,9443,235216,218492,31213,29275,46567,44801,11868,86,35
2021-08-21T23:59:59+02:00,1141,1035,12418,11760,16042,14991,19425,19808,26098,27275,32859,33881,25211,28083,17326,22017,5250,9918,716,646,10604,10099,14692,13575,18135,18345,24563,25506,31218,32178,24349,27136,16773,21289,5058,9443,234842,218368,31207,29275,46567,44801,11846,86,35
2021-08-20T23:59:59+02:00,1121,1019,12357,11691,15982,14936,19362,19769,26044,27242,32809,33854,25196,28072,17317,22012,5249,9916,712,640,10549,10062,14650,13539,18095,18319,24528,25487,31188,32161,24340,27129,16767,21286,5058,9442,234341,218084,31207,29275,46567,44801,11757,86,35
2021-08-19T23:59:59+02:00,1095,995,12288,11635,15921,14903,19312,19718,25983,27193,32765,33819,25165,28049,17305,22001,5246,9914,703,628,10453,9984,14581,13501,18039,18281,24460,25445,31121,32117,24299,27110,16758,21269,5057,9439,234047,217649,31115,29266,46566,44792,11503,86,35
2021-08-18T23:59:59+02:00,1083,979,12248,11599,15892,14873,19283,19688,25952,27162,32728,33793,25146,28037,17300,21992,5244,9913,689,617,10398,9916,14532,13477,17989,18252,24413,25408,31062,32078,24277,27092,16752,21256,5053,9433,233727,217191,31114,29258,46565,44781,11430,86,34
2021-08-17T23:59:59+02:00,1056,954,12197,11558,15863,14831,19252,19656,25924,27139,32692,33755,25128,28017,17290,21975,5243,9907,674,593,10304,9834,14478,13429,17935,18197,24363,25367,31002,32035,24249,27068,16741,21236,5051,9426,233424,216592,30989,29198,46565,44777,11382,86,33
2021-08-16T23:59:59+02:00,1044,947,12165,11531,15845,14814,19233,19637,25901,27115,32673,33733,25108,28002,17282,21960,5240,9905,659,580,10248,9766,14453,13386,17910,18160,24319,25332,30965,32004,24222,27034,16726,21222,5051,9423,233194,216147,30988,29198,46565,44771,11311,86,33
2021-08-15T23:59:59+02:00,1036,947,12140,11515,15831,14797,19219,19622,25891,27105,32652,33718,25102,27993,17278,21949,5239,9905,652,572,10200,9731,14415,13363,17887,18137,24294,25318,30944,31978,24204,27026,16721,21214,5050,9421,233034,215853,30987,29198,46564,44766,11277,86,33
2021-08-14T23:59:59+02:00,1035,947,12139,11512,15831,14796,19216,19620,25890,27105,32652,33717,25102,27993,17278,21949,5239,9905,596,511,10034,9511,14309,13272,17812,18091,24245,25286,30904,31945,24189,27013,16718,21211,5048,9420,233026,214848,30987,29197,46564,44765,11272,86,33
2021-08-13T23:59:59+02:00,990,907,11989,11387,15779,14735,19151,19565,25819,27054,32600,33682,25077,27965,17267,21939,5238,9901,588,506,9979,9456,14269,13243,17772,18065,24213,25266,30880,31923,24178,26999,16712,21202,5048,9416,232200,214504,30986,29197,46564,44762,11219,85,33
2021-08-12T23:59:59+02:00,976,885,11932,11326,15730,14695,19114,19539,25773,27030,32554,33653,25052,27949,17258,21933,5238,9898,579,497,9887,9390,14196,13201,17710,18015,24146,25230,30826,31874,24150,26974,16696,21184,5046,9416,231968,214081,30961,29191,46564,44747,10965,85,33
2021-08-11T23:59:59+02:00,962,874,11899,11291,15711,14672,19081,19521,25752,27011,32529,33624,25033,27927,17254,21925,5237,9896,535,464,9813,9328,14142,13160,17663,17971,24106,25208,30786,31826,24120,26942,16680,21171,5045,9410,231674,213507,30961,29187,46563,44719,10924,85,33
2021-08-10T23:59:59+02:00,943,864,11811,11237,15659,14641,19036,19484,25698,26976,32472,33570,25016,27912,17247,21912,5236,9893,522,457,9717,9240,14090,13125,17630,17937,24059,25169,30733,31779,24087,26908,16673,21151,5041,9405,231292,212983,30827,29152,46561,44705,10850,85,33
2021-08-09T23:59:59+02:00,940,847,11783,11202,15643,14625,19014,19471,25666,26954,32443,33540,25008,27903,17241,21904,5236,9890,510,440,9662,9178,14049,13075,17593,17896,24028,25124,30698,31740,24073,26891,16668,21138,5039,9399,231052,212527,30827,29149,46560,44698,10794,85,33
2021-08-08T23:59:59+02:00,929,840,11747,11179,15620,14611,18994,19450,25641,26933,32420,33523,25000,27887,17234,21900,5235,9890,488,431,9585,9122,14000,13046,17566,17866,23995,25089,30666,31709,24060,26872,16660,21124,5038,9396,230857,212124,30827,29148,46560,44697,10711,85,33
2021-08-07T23:59:59+02:00,909,813,11650,11101,15576,14570,18952,19416,25602,26903,32374,33491,24983,27875,17225,21882,5234,9887,419,358,8964,8532,13556,12690,17352,17680,23844,24979,30513,31632,24002,26821,16639,21097,5033,9393,230268,208918,30827,29146,46560,44697,10710,85,33
2021-08-06T23:59:59+02:00,900,810,11620,11076,15562,14556,18941,19410,25587,26887,32365,33484,24979,27871,17220,21880,5234,9886,377,309,8377,7911,13042,12292,17123,17474,23698,24867,30418,31553,23971,26774,16627,21083,5030,9386,230218,205743,30706,29133,46560,44697,10706,85,33
2021-08-05T23:59:59+02:00,897,803,11580,11045,15519,14527,18902,19378,25541,26852,32317,33437,24938,27849,17218,21869,5234,9880,369,303,8322,7847,12993,12240,17074,17433,23634,24827,30342,31499,23924,26732,16613,21065,5028,9377,229991,205321,30705,29128,46558,44688,10452,85,33
2021-08-04T23:59:59+02:00,880,787,11550,11015,15500,14495,18868,19352,25514,26823,32271,33399,24923,27836,17213,21863,5232,9872,347,293,8232,7760,12937,12193,17021,17389,23577,24783,30282,31429,23887,26694,16603,21052,5026,9371,229723,204732,30703,29127,46556,44653,10331,85,33
2021-08-03T23:59:59+02:00,864,770,11503,10975,15475,14473,18836,19332,25488,26794,32236,33364,24903,27817,17203,21858,5228,9871,322,282,8150,7674,12867,12141,16952,17337,23517,24745,30239,31379,23851,26660,16588,21041,5023,9367,229386,204072,30701,29117,46555,44645,10268,85,33
2021-08-02T23:59:59+02:00,855,767,11467,10945,15452,14442,18809,19312,25459,26769,32204,33336,24889,27797,17195,21849,5227,9869,312,275,8053,7582,12789,12080,16893,17272,23460,24673,30188,31321,23832,26637,16567,21031,5021,9362,229105,203360,30700,29116,46555,44637,10202,85,33
2021-08-01T23:59:59+02:00,847,760,11441,10916,15439,14428,18794,19301,25439,26757,32187,33321,24885,27788,17194,21846,5225,9868,299,258,7986,7515,12727,12032,16847,17225,23423,24641,30161,31296,23816,26618,16563,21025,5019,9361,228958,202900,30696,29115,46555,44618,10146,85,33
2021-07-31T23:59:59+02:00,844,759,11438,10910,15437,14425,18790,19297,25438,26756,32184,33320,24885,27787,17194,21846,5225,9868,277,238,7833,7330,11957,11363,16291,16786,23327,24562,30096,31225,23786,26582,16551,21006,5018,9359,228928,199678,30695,29115,46555,44617,10144,85,33
2021-07-30T23:59:59+02:00,843,758,11425,10901,15434,14422,18783,19290,25431,26751,32174,33315,24884,27785,17194,21843,5225,9868,230,198,7552,7091,11414,10916,15812,16355,23189,24455,29987,31113,23749,26537,16534,20984,5018,9355,228860,196599,30694,29114,46553,44605,10138,85,33
2021-07-29T23:59:59+02:00,831,749,11386,10854,15395,14401,18743,19264,25394,26717,32121,33286,24866,27765,17183,21825,5225,9865,140,134,7180,6783,10749,10396,15295,15939,23012,24309,29839,31002,23694,26485,16505,20959,5014,9352,228541,193127,30692,29104,46553,44520,10003,85,33
2021-07-28T23:59:59+02:00,812,735,11339,10801,15371,14372,18712,19236,25368,26689,32094,33261,24850,27747,17178,21813,5224,9861,121,106,7015,6630,10602,10272,15182,15803,22919,24213,29737,30903,23652,26427,16486,20930,5013,9342,228211,191877,30692,29102,46548,44410,9931,85,33
2021-07-27T23:59:59+02:00,803,726,11294,10761,15328,14332,18671,19210,25339,26663,32059,33240,24834,27722,17171,21801,5223,9853,101,93,6794,6415,10440,10157,15037,15671,22815,24103,29630,30791,23600,26363,16470,20902,5010,9330,227890,190721,30692,28774,46547,44374,9820,85,33
2021-07-26T23:59:59+02:00,793,713,11244,10712,15301,14311,18653,19182,25311,26632,32026,33214,24819,27700,17159,21789,5222,9850,93,84,6678,6339,10344,10083,14970,15591,22732,24043,29565,30717,23567,26319,16458,20885,5006,9324,227588,189936,30690,28770,46546,44334,9725,85,33
2021-07-25T23:59:59+02:00,782,703,11215,10684,15280,14286,18633,19158,25284,26607,32005,33196,24802,27689,17155,21780,5221,9848,78,79,6602,6259,10275,10020,14896,15531,22678,23989,29509,30679,23536,26298,16446,20871,5006,9320,227389,189347,30690,28766,46545,44304,9622,85,33
2021-07-24T23:59:59+02:00,758,681,11138,10600,15241,14259,18609,19137,25264,26591,31993,33183,24802,27685,17152,21778,5221,9848,78,78,6203,5911,10125,9907,14520,15248,22454,23830,29391,30595,23500,26260,16429,20854,5003,9316,227009,186990,30689,28762,46545,44302,9615,85,33
2021-07-23T23:59:59+02:00,732,659,11070,10514,15211,14225,18581,19123,25243,26570,31978,33165,24791,27680,17150,21778,5221,9845,75,74,5831,5605,10005,9800,14173,14983,22257,23654,29271,30477,23448,26192,16418,20833,4999,9309,226621,184719,30688,28762,46545,44290,9600,85,33
2021-07-22T23:59:59+02:00,691,619,10915,10349,15113,14136,18494,19074,25163,26516,31905,33101,24755,27639,17136,21760,5217,9840,63,63,5514,5308,9736,9584,13589,14505,21936,23395,29039,30248,23347,26094,16376,20795,4995,9306,225665,181394,30687,28750,46544,44271,9445,85,33
2021-07-21T23:59:59+02:00,671,594,10850,10294,15076,14109,18454,19036,25123,26487,31865,33051,24730,27604,17120,21748,5214,9835,53,57,4906,4843,9293,9328,13205,14275,21703,23240,28852,30099,23282,26017,16350,20772,4993,9303,225234,179622,30677,27486,46541,44103,9327,85,33
2021-07-20T23:59:59+02:00,653,577,10792,10239,15050,14072,18419,19010,25092,26455,31830,33017,24710,27583,17115,21733,5211,9828,48,47,4765,4731,9144,9197,13038,14141,21590,23119,28722,29974,23202,25913,16327,20731,4986,9297,224853,178278,30677,27474,46539,43953,9234,85,33
2021-07-19T23:59:59+02:00,640,564,10753,10208,15019,14048,18395,19001,25063,26429,31797,32988,24692,27560,17109,21722,5209,9825,42,44,4685,4663,9046,9119,12920,14044,21492,23011,28623,29854,23146,25856,16301,20702,4981,9291,224603,177338,30677,27465,46530,43855,9129,85,33
2021-07-18T23:59:59+02:00,625,555,10700,10156,14984,14027,18370,18983,25043,26413,31774,32969,24682,27550,17103,21713,5208,9820,40,42,4577,4562,8910,8998,12793,13904,21405,22920,28550,29775,23117,25826,16292,20689,4978,9290,224327,176326,30677,27450,46530,43801,9058,85,33
2021-07-17T23:59:59+02:00,550,484,10410,9857,14869,13925,18278,18903,24937,26339,31666,32917,24648,27515,17090,21693,5206,9819,39,41,4531,4521,8856,8925,12558,13710,20979,22575,28418,29644,23080,25774,16283,20674,4977,9287,222761,174533,30677,27450,46528,43799,9057,85,33
2021-07-16T23:59:59+02:00,521,447,10275,9736,14809,13884,18226,18851,24901,26306,31646,32892,24639,27500,17087,21686,5206,9816,39,41,4485,4479,8780,8884,12187,13431,20434,22175,28283,29550,23030,25737,16274,20669,4975,9285,222093,172418,30677,27447,46527,43792,9048,85,33
2021-07-15T23:59:59+02:00,489,410,10137,9631,14742,13834,18169,18783,24846,26258,31596,32839,24614,27463,17069,21671,5199,9812,26,31,4272,4342,8452,8675,11671,13030,19326,21326,27866,29206,22860,25567,16209,20596,4965,9269,221359,167712,30675,27434,46526,43591,8919,85,33
2021-07-14T23:59:59+02:00,468,396,10106,9605,14704,13813,18139,18748,24807,26216,31545,32786,24584,27435,17058,21654,5198,9809,22,28,4148,4190,8193,8503,11440,12885,19148,21215,27718,29079,22795,25489,16175,20558,4960,9259,220983,166139,30675,27415,46525,43413,8805,85,33
2021-07-13T23:59:59+02:00,444,382,10056,9552,14674,13784,18112,18714,24770,26195,31509,32744,24568,27404,17047,21642,5197,9806,22,25,4053,4094,8017,8345,11239,12693,19012,21075,27563,28916,22698,25405,16140,20504,4956,9248,220571,164674,30675,27394,46524,43157,8747,85,33
2021-07-12T23:59:59+02:00,432,360,10010,9500,14646,13765,18082,18685,24733,26152,31476,32702,24544,27381,17032,21637,5194,9803,21,22,3947,3995,7845,8224,11080,12556,18896,20954,27441,28798,22625,25344,16113,20478,4955,9243,220196,163506,30674,27375,46523,42966,8657,85,33
2021-07-11T23:59:59+02:00,424,342,9979,9471,14625,13745,18064,18675,24711,26143,31455,32684,24532,27371,17030,21635,5194,9801,18,20,3878,3925,7728,8125,10931,12428,18770,20852,27340,28683,22581,25296,16092,20453,4953,9240,219999,162543,30671,27370,46522,42762,8605,85,33
2021-07-10T23:59:59+02:00,398,319,9866,9368,14571,13705,18013,18652,24686,26123,31436,32668,24524,27362,17026,21631,5192,9799,18,19,3843,3901,7669,8085,10896,12398,18741,20827,27311,28661,22573,25280,16088,20448,4953,9240,219471,162239,30669,27369,46519,42714,8596,85,33
2021-07-09T23:59:59+02:00,338,271,9607,9157,14469,13625,17934,18581,24600,26070,31387,32607,24501,27331,17012,21614,5192,9794,17,18,3776,3862,7531,7994,10677,12249,18515,20688,26895,28342,22388,25086,16033,20388,4950,9233,218247,160087,30669,27364,46518,42586,8572,85,33
2021-07-08T23:59:59+02:00,259,204,9412,9012,14368,13548,17839,18507,24541,26019,31304,32549,24473,27300,16999,21596,5188,9789,15,15,3618,3737,7220,7805,10325,12020,18168,20405,26590,28083,22213,24928,15965,20312,4943,9217,217141,157709,30666,27316,46505,42010,8511,85,33
2021-07-07T23:59:59+02:00,220,176,9324,8908,14329,13517,17802,18466,24488,25982,31262,32509,24448,27270,16986,21578,5188,9781,13,11,3441,3610,6901,7583,9386,11286,17580,19976,26188,27771,21974,24620,15886,20215,4929,9203,216503,155094,30663,25559,46503,41406,8481,85,33
2021-07-06T23:59:59+02:00,198,164,9245,8851,14278,13487,17766,18423,24446,25942,31201,32462,24412,27242,16971,21561,5186,9779,13,10,3324,3537,6697,7458,9115,11122,17334,19794,25911,27515,21817,24417,15805,20111,4916,9188,215935,153157,30649,25546,46500,40902,8446,85,33
2021-07-05T23:59:59+02:00,186,149,9158,8766,14237,13441,17731,18373,24408,25912,31156,32412,24389,27219,16962,21547,5185,9777,13,9,3272,3504,6570,7380,8966,11001,17186,19654,25739,27357,21674,24249,15756,20057,4905,9178,215380,152089,30649,25537,46498,40414,8397,85,33
2021-07-04T23:59:59+02:00,171,142,9106,8716,14204,13428,17704,18355,24382,25891,31135,32386,24374,27205,16956,21539,5184,9774,11,8,3223,3460,6504,7338,8877,10929,17100,19568,25609,27245,21549,24120,15714,20005,4903,9171,215102,151424,30648,25525,46483,40017,8335,85,33
2021-07-03T23:59:59+02:00,168,139,8600,8235,14045,13310,17603,18239,24286,25832,31071,32338,24353,27183,16944,21529,5182,9771,10,8,3163,3382,6384,7218,8703,10786,16881,19381,25220,26933,21433,23982,15684,19965,4900,9165,213297,149363,30647,25525,46483,39960,8317,85,33
2021-07-02T23:59:59+02:00,161,135,8032,7777,13902,13201,17511,18162,24217,25763,31011,32276,24315,27141,16938,21509,5180,9766,9,8,3052,3274,6113,7062,8444,10545,16510,19052,24740,26506,21206,23708,15615,19883,4894,9162,211472,146278,30647,25522,46480,39636,8314,85,33
2021-07-01T23:59:59+02:00,148,125,7904,7673,13818,13142,17442,18109,24149,25712,30959,32223,24287,27116,16928,21497,5179,9765,8,7,2864,3088,5765,6779,8004,10124,15920,18574,23970,25839,20717,23237,15488,19721,4882,9137,210685,141680,30642,25509,46473,38610,8292,85,33
2021-06-30T23:59:59+02:00,130,112,7759,7557,13754,13092,17388,18056,24096,25658,30899,32177,24256,27094,16914,21479,5179,9760,7,7,2768,3013,5609,6637,7777,9902,14961,17702,23354,25287,20357,22843,15355,19560,4868,9103,210119,140139,30467,23234,46469,37483,8221,85,33
2021-06-29T23:59:59+02:00,115,99,7692,7459,13707,13052,17351,18011,24043,25597,30848,32117,24236,27067,16903,21463,5176,9756,5,5,2710,2967,5478,6539,7623,9768,14792,17529,23108,25051,20097,22517,15254,19459,4856,9083,209490,139010,30463,23221,46466,36388,8189,85,33
2021-06-28T23:59:59+02:00,110,93,7627,7388,13639,12990,17304,17960,24001,25552,30791,32073,24219,27039,16896,21453,5174,9754,4,4,2679,2934,5409,6486,7532,9696,14695,17447,22955,24837,19895,22271,15198,19390,4852,9069,208946,138404,30461,23209,46458,35593,8114,85,33
2021-06-27T23:59:59+02:00,96,88,7579,7327,13607,12953,17275,17927,23982,25517,30764,32045,24207,27031,16889,21447,5174,9752,3,3,2657,2920,5361,6461,7459,9650,14598,17382,22859,24750,19768,22128,15167,19339,4848,9060,208592,137889,30460,23197,46452,35222,8072,85,33
2021-06-26T23:59:59+02:00,92,85,7078,6786,13214,12653,17160,17823,23917,25460,30728,32010,24198,27014,16885,21436,5173,9751,3,3,2557,2811,5171,6271,7259,9459,14051,16927,22196,24114,19620,21986,15122,19286,4846,9052,206415,134245,30458,23196,46452,35202,8072,67,19
2021-06-25T23:59:59+02:00,91,82,6598,6305,12760,12280,16999,17704,23827,25395,30647,31970,24175,26987,16880,21426,5171,9748,3,3,2456,2657,4995,6076,6999,9161,13518,16393,21643,23526,19424,21776,15063,19219,4842,9040,204014,130537,30458,23196,46452,34987,8055,67,19
2021-06-24T23:59:59+02:00,81,70,6376,6094,12537,12128,16893,17622,23754,25342,30589,31922,24141,26945,16874,21416,5169,9741,3,3,2252,2423,4625,5695,6500,8673,12793,15678,20490,22521,18960,21294,14958,19088,4830,9025,202746,124588,30456,23185,46445,34038,7981,67,19
2021-06-23T23:59:59+02:00,76,68,5808,5597,12375,12017,16774,17510,23679,25294,30525,31872,24108,26922,16867,21402,5165,9737,3,3,2214,2370,4561,5575,6408,8523,12559,15389,20245,22259,18661,20963,14861,18974,4819,9008,202235,123560,29128,23036,46435,32848,7932,67,19
2021-06-22T23:59:59+02:00,70,63,5668,5467,12274,11911,16686,17436,23619,25232,30456,31793,24080,26889,16857,21381,5161,9735,3,2,2162,2333,4467,5493,6283,8376,11687,14729,19831,21851,18325,20608,14752,18836,4809,8987,201293,122635,29121,21343,46416,31655,7882,67,19
2021-06-21T23:59:59+02:00,67,60,5534,5354,12197,11818,16621,17349,23562,25158,30406,31735,24055,26861,16844,21366,5161,9731,3,2,2129,2298,4407,5396,6196,8248,10905,14020,19377,21441,18097,20378,14690,18739,4800,8970,200467,121830,29115,19555,46411,30872,7820,67,19
2021-06-20T23:59:59+02:00,65,58,5417,5230,12030,11641,16555,17226,23513,25092,30364,31679,24039,26839,16838,21351,5156,9726,3,2,2111,2268,4365,5355,6125,8197,10802,13941,19266,21316,17940,20188,14624,18655,4796,8963,199464,121296,29111,19552,46405,30277,7773,67,19
2021-06-19T23:59:59+02:00,61,54,5400,5211,11261,10977,16075,16831,23451,25047,30320,31636,24021,26819,16830,21339,5156,9726,3,2,2038,2147,4160,5120,5841,7913,10473,13604,18207,20454,17765,19994,14591,18589,4791,8951,196862,117041,29111,19552,46404,30259,7772,67,19
2021-06-18T23:59:59+02:00,58,53,5364,5183,10618,10393,15464,16266,23358,24978,30250,31573,23993,26789,16819,21324,5155,9724,3,2,1968,2057,4018,4977,5563,7642,10091,13239,17053,19241,17562,19755,14542,18524,4788,8941,194019,112621,29103,19551,46404,30005,7770,67,19
2021-06-17T23:59:59+02:00,51,44,5249,5079,9939,9889,14975,15877,23258,24890,30168,31479,23953,26743,16805,21303,5154,9721,3,2,1839,1951,3761,4730,5174,7275,9550,12752,15864,18047,17101,19265,14401,18349,4775,8917,191425,107485,29100,19542,46401,29084,7632,20,13
2021-06-16T23:59:59+02:00,49,36,5118,4948,9741,9723,14829,15747,23164,24796,30069,31403,23909,26699,16790,21291,5153,9711,3,2,1797,1910,3653,4640,5069,7154,8517,11899,15591,17748,16805,18928,14266,18179,4769,8884,190248,106584,29088,17663,46399,28132,7422,20,13
2021-06-15T23:59:59+02:00,43,29,4936,4766,9557,9569,14692,15603,23072,24705,29993,31318,23866,26625,16763,21258,5145,9696,3,2,1738,1854,3570,4544,4975,7036,8401,11756,15409,17518,16486,18617,14124,18010,4746,8825,188929,105809,29085,17659,46380,26910,7223,20,13
2021-06-14T23:59:59+02:00,41,26,4859,4704,9466,9460,14615,15513,23000,24633,29922,31255,23834,26586,16748,21240,5142,9690,3,2,1718,1831,3535,4517,4934,7003,8300,11693,15273,17384,16305,18412,14031,17912,4741,8817,188183,105581,29079,17657,46374,26081,7079,20,13
2021-06-13T23:59:59+02:00,40,25,4802,4655,9383,9386,14530,15447,22938,24582,29855,31202,23808,26558,16739,21230,5142,9688,3,2,1671,1818,3491,4493,4879,6960,8227,11655,15173,17288,16148,18228,13977,17838,4734,8810,187604,105298,29072,17655,46358,25472,6957,20,13
2021-06-12T23:59:59+02:00,38,23,4783,4640,9355,9362,14291,15269,22808,24451,29810,31157,23787,26541,16730,21222,5141,9686,3,2,1549,1695,3255,4283,4472,6660,7679,11224,13395,15598,15794,17855,13896,17736,4732,8795,186691,98593,29072,17654,46358,25408,6955,19,13
2021-06-11T23:59:59+02:00,34,22,4730,4589,9274,9311,13971,15047,22612,24303,29714,31066,23750,26496,16712,21210,5140,9683,3,2,1449,1562,3064,4068,4176,6294,7168,10678,11749,13704,15312,17275,13783,17588,4717,8781,185335,91651,29067,17653,46356,25168,6888,19,13
2021-06-10T23:59:59+02:00,28,19,4445,4366,8727,8983,12694,14022,22044,23850,29340,30761,23614,26337,16660,21142,5127,9668,3,2,1329,1474,2828,3886,3850,6010,6731,10287,10329,12371,14798,16697,13611,17380,4702,8754,179992,87097,29050,17650,46351,23864,6418,17,13
2021-06-09T23:59:59+02:00,25,15,4212,4205,8134,8692,11795,13360,21722,23638,29111,30610,23550,26274,16640,21117,5124,9664,3,2,1244,1420,2672,3813,3709,5929,6522,10193,10063,12192,14472,16345,13439,17200,4695,8733,177881,86756,27781,17545,46345,22467,5865,17,13
2021-06-08T23:59:59+02:00,21,12,4084,4105,7733,8464,11308,13069,21496,23457,28911,30455,23492,26201,16608,21075,5118,9655,3,2,1167,1393,2535,3754,3550,5858,5626,9441,9590,11825,14134,15936,13213,16959,4681,8711,176128,86390,27410,15390,46320,21195,5390,17,13
2021-06-07T23:59:59+02:00,16,10,3964,4029,7493,8358,11018,12890,21292,23344,28756,30336,23434,26147,16590,21050,5114,9647,3,2,1119,1278,2414,3690,3420,5795,5460,9366,9379,11696,13903,15676,13056,16791,4674,8692,174893,86199,27399,15385,46312,19949,4868,17,13
2021-06-06T23:59:59+02:00,14,10,3847,3971,7256,8239,10768,12726,21105,23256,28670,30245,23403,26113,16578,21032,5111,9642,3,2,1099,1261,2350,3655,3323,5740,5353,9291,9260,11596,13748,15520,12983,16697,4671,8685,173742,86003,27381,15379,46302,19297,4545,17,13
2021-06-05T23:59:59+02:00,14,10,3818,3934,7217,8199,10591,12574,20477,22745,28508,30101,23353,26068,16564,21013,5111,9638,3,1,1067,1162,2181,3201,3090,5200,5184,8958,8480,10638,13094,14680,12871,16550,4660,8675,171703,80607,27381,15379,46301,19161,4535,16,13
2021-06-04T23:59:59+02:00,14,10,3788,3907,7178,8172,10493,12482,20112,22415,28404,30004,23318,26030,16550,21004,5109,9637,3,1,1035,1095,2083,2889,2930,4722,5027,8586,7964,9980,11592,12960,12744,16353,4653,8657,170416,74217,27368,15378,46300,19138,4528,16,13
2021-06-03T23:59:59+02:00,9,6,3652,3806,6959,8031,9937,12058,18890,21483,28006,29692,23187,25890,16497,20942,5105,9623,3,1,985,1049,1995,2778,2791,4564,4823,8276,7598,9530,11212,12558,12633,16239,4650,8644,165662,72422,27357,15375,46295,18075,4444,16,13
2021-06-02T23:59:59+02:00,9,6,3643,3798,6946,8014,9925,12047,18701,21302,27934,29643,23164,25869,16491,20933,5102,9621,3,1,979,1041,1983,2749,2768,4545,4610,8091,7060,9041,11175,12516,12618,16224,4646,8638,165591,72311,26812,13879,46295,18050,4435,16,13
2021-06-01T23:59:59+02:00,8,5,3517,3723,6704,7865,9641,11853,18244,20957,27696,29447,23071,25767,16450,20880,5099,9609,3,1,942,993,1897,2679,2688,4470,4331,7857,6462,8505,10961,12302,12520,16124,4641,8626,163896,71862,26034,12586,46279,17229,4312,16,13
2021-05-31T23:59:59+02:00,8,5,3471,3679,6613,7798,9505,11751,18118,20867,27604,29370,23004,25705,16433,20851,5094,9602,3,1,913,965,1827,2636,2608,4427,4223,7793,6340,8427,10773,12132,12419,16008,4631,8618,163049,71493,26005,12579,46266,16517,4143,16,12
2021-05-30T23:59:59+02:00,8,4,3440,3654,6548,7742,9413,11657,18029,20788,27528,29298,22959,25660,16411,20823,5088,9592,3,1,906,957,1816,2627,2594,4413,4194,7768,6287,8385,10712,12052,12385,15964,4626,8609,162338,71448,25999,12576,46249,16222,4041,16,12
2021-05-29T23:59:59+02:00,8,4,3429,3637,6513,7714,9370,11618,17991,20748,27380,29192,22903,25586,16396,20803,5085,9588,2,1,870,938,1759,2581,2522,4329,4003,7512,6012,8086,8501,9384,12192,15622,4611,8578,161675,65180,25999,12574,46236,15697,4040,16,12
2021-05-28T23:59:59+02:00,8,4,3366,3582,6382,7637,9229,11486,17833,20616,27197,29069,22842,25508,16376,20786,5084,9587,2,1,857,925,1740,2557,2484,4274,3851,7216,5817,7822,5782,6252,11920,15221,4595,8529,160317,58264,25997,12574,46232,14964,4031,16,12
2021-05-27T23:59:59+02:00,8,4,3222,3459,6096,7457,8626,11153,17356,20276,26784,28721,22674,25343,16318,20723,5077,9569,2,1,810,868,1654,2460,2365,4140,3428,6244,5393,7222,5621,6076,11839,15146,4589,8512,156847,57773,25937,12527,46224,12215,3843,16,12
2021-05-26T23:59:59+02:00,8,4,3116,3375,5875,7290,8257,10868,16892,19969,26483,28484,22524,25210,16266,20649,5064,9549,2,1,794,858,1601,2434,2313,4108,3354,6168,5295,7150,5485,5949,11773,15078,4584,8500,154148,57688,25918,12525,46202,11621,3601,15,12
2021-05-25T23:59:59+02:00,8,4,3025,3313,5733,7173,8061,10704,15889,19191,26129,28130,22366,25052,16213,20569,5057,9539,2,1,775,841,1564,2387,2242,4048,3277,6096,5209,7085,5318,5779,11665,14997,4576,8488,152585,57616,23999,12335,46184,11012,3375,14,12
2021-05-24T23:59:59+02:00,8,4,2960,3297,5647,7128,7945,10642,14974,18500,25715,27819,22272,24949,16182,20533,5050,9527,2,1,766,839,1543,2370,2200,4011,3232,6048,5132,7005,5216,5672,11583,14922,4575,8482,151863,57578,21926,12259,46174,10575,3176,14,11
2021-05-23T23:59:59+02:00,8,3,2957,3292,5638,7120,7935,10634,14968,18499,25714,27818,22272,24949,16182,20533,5050,9527,2,1,764,836,1535,2363,2187,3998,3213,6033,5111,6972,5171,5620,11567,14899,4574,8480,151830,57570,21926,12259,46172,10328,3158,14,11
2021-05-22T23:59:59+02:00,7,3,2920,3248,5561,7070,7835,10548,14769,18336,25431,27572,22173,24863,16150,20489,5047,9522,2,1,742,816,1488,2310,2135,3917,3100,5910,4793,6396,4599,4870,10918,14074,4564,8441,150295,54319,21926,12258,46172,9350,3138,14,11
2021-05-21T23:59:59+02:00,5,3,2848,3176,5434,6969,7706,10401,14510,18107,25135,27336,22058,24755,16117,20441,5043,9513,2,1,715,763,1419,2181,2033,3648,2916,5577,4313,5501,4182,4329,10173,13133,4498,8315,148348,50569,21924,12258,46166,7755,3106,14,11
2021-05-20T23:59:59+02:00,5,3,2716,3020,5151,6714,7422,10030,14048,17622,24525,26784,21785,24459,16023,20320,5029,9483,1,1,702,753,1393,2157,1996,3614,2862,5520,4231,5422,4054,4225,10095,13070,4489,8303,144191,50472,21914,12247,46141,7278,2880,14,11
2021-05-19T23:59:59+02:00,5,3,2663,2967,5053,6572,7279,9849,12906,16586,24262,26493,21688,24332,15980,20260,5020,9476,1,1,685,727,1367,2109,1963,3528,2799,5374,4138,5313,3973,4136,10043,13006,4486,8299,142809,50441,19848,12180,46070,6662,2654,14,11
2021-05-18T23:59:59+02:00,5,3,2636,2942,5004,6539,7225,9817,12551,16312,24082,26340,21596,24244,15950,20207,5013,9464,1,1,656,669,1311,1981,1888,3327,2700,5165,4009,5117,3750,3859,9959,12926,4477,8289,142521,50416,18996,11178,46025,6105,2375,14,11
2021-05-17T23:59:59+02:00,5,3,2610,2923,4959,6469,7137,9708,12399,16133,23932,26177,21545,24194,15931,20185,5008,9457,0,1,648,655,1295,1945,1867,3277,2651,5058,3930,5002,3614,3707,9890,12863,4474,8282,141546,50389,18988,11168,46008,5371,2220,14,11
2021-05-16T23:59:59+02:00,5,3,2598,2910,4937,6402,7100,9625,12341,16060,23880,26117,21521,24177,15921,20171,5005,9454,0,1,643,651,1285,1941,1850,3268,2629,5047,3900,4979,3560,3640,9851,12831,4473,8280,141111,50371,18978,11157,45988,5154,2136,14,11
2021-05-15T23:59:59+02:00,4,3,2475,2774,4749,6196,6909,9437,11822,15641,23289,25564,21414,24059,15887,20128,5002,9446,0,1,594,588,1203,1851,1715,3115,2343,4738,3448,4470,3229,3212,9687,12627,4449,8251,137714,47414,18977,11157,45983,4828,2111,14,11
2021-05-14T23:59:59+02:00,4,3,2362,2598,4553,5973,6631,9125,11284,15129,22722,24994,21268,23919,15851,20070,4998,9435,0,1,531,512,1100,1730,1554,2899,2013,4333,2847,3882,2842,2773,9602,12478,4445,8247,133893,44477,18970,11154,45960,4065,2082,14,11
2021-05-13T23:59:59+02:00,4,3,2185,2314,4230,5588,6205,8654,10722,14439,21685,24079,20986,23645,15791,19971,4991,9420,0,1,527,512,1087,1715,1538,2881,2003,4309,2830,3861,2825,2759,9595,12474,4444,8247,127992,44424,18914,11145,45934,3970,2058,14,11
2021-05-12T23:59:59+02:00,4,3,2184,2312,4219,5585,6196,8648,10619,14317,21630,24039,20981,23634,15786,19963,4990,9420,0,1,520,490,1051,1661,1488,2802,1919,4222,2771,3802,2744,2664,9544,12401,4444,8247,127937,44420,18590,10318,45934,3967,2055,14,11
2021-05-11T23:59:59+02:00,4,3,2063,2273,4134,5522,6069,8533,10310,14066,21437,23877,20903,23562,15770,19931,4986,9415,0,1,495,466,990,1601,1418,2711,1820,4082,2698,3727,2590,2436,9479,12300,4443,8247,126988,44402,18253,9480,45650,3658,1953,14,11
2021-05-10T23:59:59+02:00,4,3,2024,2197,4027,5399,5931,8355,9519,13301,21058,23556,20812,23472,15730,19877,4976,9402,0,1,483,438,954,1538,1353,2620,1732,3921,2616,3635,2564,2417,9469,12282,4439,8242,125845,44389,16408,9301,45546,3172,1831,13,11
2021-05-09T23:59:59+02:00,4,3,1992,2184,3989,5361,5877,8306,9450,13232,20988,23483,20775,23431,15715,19850,4973,9388,0,1,476,431,931,1494,1327,2571,1698,3859,2578,3592,2555,2404,9458,12265,4439,8234,125395,44329,16403,9298,45448,2933,1742,13,11
2021-05-08T23:59:59+02:00,4,3,1929,2082,3807,5186,5603,8098,9140,12946,19853,22553,20579,23237,15682,19781,4968,9376,0,1,407,402,867,1454,1250,2497,1610,3758,2359,3379,2007,1976,9363,12179,4438,8234,121234,42841,16402,9297,45445,2297,1740,6,6
2021-05-07T23:59:59+02:00,4,3,1843,1969,3626,5017,5283,7802,8728,12571,18601,21278,20395,23024,15638,19724,4959,9357,0,1,321,347,755,1379,1118,2368,1476,3616,2183,3185,1635,1634,8873,11730,4437,8232,116287,41097,16398,9292,45423,1187,1708,6,6
2021-05-06T23:59:59+02:00,4,3,1659,1859,3341,4761,4833,7394,8086,12010,17355,20036,20062,22646,15530,19559,4949,9346,0,1,304,337,736,1349,1078,2321,1427,3531,2115,3117,1600,1578,8856,11699,4431,8229,110425,41075,16391,9286,45186,917,1425,6,6
2021-05-05T23:59:59+02:00,4,3,1589,1829,3255,4673,4754,7287,7955,11859,17201,19891,19942,22525,15454,19462,4927,9250,0,1,294,326,693,1297,1015,2245,1344,3382,2007,3001,1507,1479,8439,11131,4425,8212,109652,41034,16248,8157,45014,661,940,6,6
2021-05-04T23:59:59+02:00,4,3,1562,1799,3206,4594,4694,7176,7705,11563,16638,19308,19854,22392,15378,19364,4897,9136,0,1,278,314,670,1267,994,2191,1286,3262,1894,2842,1434,1372,8368,11027,4420,8194,108936,41007,14898,7881,44909,396,524,6,6
2021-05-03T23:59:59+02:00,4,3,1554,1795,3196,4578,4656,7151,7451,11329,15943,18711,19790,22307,15352,19330,4891,9126,0,1,263,294,648,1183,944,2103,1222,3123,1797,2705,1367,1292,8343,10992,4416,8185,108841,40996,13298,7673,44869,50,153,6,6
2021-05-02T23:59:59+02:00,4,3,1553,1793,3189,4576,4651,7146,7437,11318,15924,18699,19773,22299,15352,19328,4890,9126,0,1,263,291,645,1182,939,2100,1212,3117,1789,2698,1353,1285,8342,10987,4415,8185,108811,40973,13294,7671,44843,47,107,6,6
2021-05-01T23:59:59+02:00,4,3,1423,1650,2912,4327,4184,6790,6818,10837,13987,16818,19391,21900,15261,19212,4887,9110,0,1,261,291,642,1180,938,2097,1210,3115,1787,2694,1348,1280,8340,10985,4415,8185,101274,40941,13294,7671,44837,47,104,5,6
2021-04-30T23:59:59+02:00,3,3,1303,1505,2694,4106,3855,6394,6252,10244,12199,14784,18933,21359,15157,19071,4873,9099,0,1,256,290,635,1173,922,2089,1197,3105,1776,2680,1338,1271,8336,10980,4414,8184,93666,40895,13294,7671,44837,43,32,5,6
2021-04-29T23:59:59+02:00,2,3,1190,1443,2527,3981,3616,6190,5895,9943,10857,13503,18672,21081,15114,19001,4869,9093,0,1,255,286,630,1165,910,2083,1177,3100,1745,2643,1312,1247,8330,10971,4414,8184,88978,40862,13285,7537,44697,33,15,5,6
2021-04-28T23:59:59+02:00,2,3,1137,1437,2476,3961,3565,6166,5832,9910,10758,13434,18640,21047,15106,18985,4869,9090,0,1,255,285,627,1164,907,2081,1172,3096,1737,2642,1305,1228,7884,10449,4414,8184,88707,40838,13235,6545,44457,29,14,5,5
2021-04-27T23:59:59+02:00,2,3,1092,1410,2370,3916,3500,6137,5713,9853,10641,13356,18606,21007,15093,18970,4867,9088,0,1,254,285,625,1156,906,2079,1167,3093,1733,2638,1293,1211,7466,9866,4414,8184,88192,40818,13181,5511,44233,24,13,5,5
2021-04-26T23:59:59+02:00,2,3,1052,1380,2279,3823,3373,6036,5544,9732,10337,13095,18544,20952,15084,18952,4865,9088,0,1,253,284,624,1154,900,2074,1160,3090,1715,2629,1278,1198,7457,9846,4414,8184,86849,40730,13170,5490,44104,23,13,5,5
2021-04-25T23:59:59+02:00,2,3,1049,1378,2271,3819,3366,6031,5524,9723,10302,13064,18534,20938,15083,18946,4865,9087,0,1,252,284,624,1153,900,2074,1158,3090,1715,2629,1278,1198,7457,9844,4414,8184,86822,40728,13162,5487,43985,23,12,4,5
2021-04-24T23:59:59+02:00,2,2,1007,1265,2083,3281,3095,5415,5332,9310,9466,12017,17825,20041,14970,18786,4857,9076,0,1,251,283,623,1152,900,2073,1158,3089,1709,2624,1275,1193,7455,9842,4414,8183,80693,40703,13162,5483,43960,23,11,4,5
2021-04-23T23:59:59+02:00,1,2,974,1181,1971,2935,2912,4863,5136,8881,8910,11295,16193,18177,14821,18580,4849,9053,0,1,251,283,622,1152,898,2071,1157,3089,1708,2623,1270,1188,7451,9840,4414,8182,73658,40689,13161,5472,43900,23,11,4,5
2021-04-22T23:59:59+02:00,1,2,969,1169,1952,2919,2891,4843,5079,8835,8795,11190,16120,18099,14794,18550,4847,9048,0,1,249,283,618,1151,895,2070,1149,3077,1692,2603,1246,1166,7446,9832,4414,8182,73604,40675,13103,5361,43381,22,11,4,5
2021-04-21T23:59:59+02:00,1,2,959,1161,1938,2907,2863,4817,5031,8780,8687,11067,16033,18014,14765,18516,4847,9043,0,1,245,280,608,1142,881,2040,1138,3052,1682,2576,1233,1152,7220,9513,4413,8182,73559,40665,13045,4656,42812,21,11,4,5
2021-04-20T23:59:59+02:00,1,2,932,1113,1886,2793,2790,4654,4937,8601,8513,10858,15800,17732,14706,18457,4840,9037,0,1,232,277,590,1121,855,2008,1109,3026,1647,2535,1213,1138,7211,9508,4412,8182,73520,40644,11916,4389,42201,17,11,4,4
2021-04-19T23:59:59+02:00,1,2,923,1105,1852,2773,2740,4629,4813,8540,8313,10746,15708,17634,14684,18438,4840,9031,0,1,226,269,572,1100,836,1975,1091,2983,1601,2480,1195,1119,7204,9505,4410,8181,73119,40608,11895,4110,41743,15,11,4,4
2021-04-18T23:59:59+02:00,1,2,920,1104,1847,2767,2732,4617,4795,8529,8273,10703,15658,17575,14674,18421,4839,9029,0,1,226,269,572,1099,835,1975,1090,2983,1601,2479,1195,1118,7202,9504,4409,8181,73073,40601,11891,4108,41507,15,11,4,4
2021-04-17T23:59:59+02:00,0,2,888,1089,1798,2728,2664,4538,4640,8384,8008,10474,13286,14670,14475,18067,4822,8993,0,1,224,269,572,1096,831,1968,1078,2976,1591,2459,1155,1075,6869,9089,4384,8133,66235,39643,11891,4097,41385,15,11,4,4
2021-04-16T23:59:59+02:00,0,2,882,1083,1786,2717,2622,4498,4548,8300,7828,10280,10444,11410,14205,17649,4803,8938,0,1,223,265,570,1092,826,1964,1069,2973,1583,2446,1142,1061,6863,9083,4382,8130,58946,39563,11888,4080,41146,15,11,4,4
2021-04-15T23:59:59+02:00,0,2,870,1078,1764,2703,2579,4464,4430,8240,7597,10079,10193,11191,14143,17583,4796,8924,0,1,221,264,570,1090,825,1962,1066,2970,1580,2443,1136,1056,6861,9081,4382,8130,58920,39548,11886,4061,39815,14,11,4,4
2021-04-14T23:59:59+02:00,0,2,852,1051,1705,2622,2489,4340,4240,8056,7322,9795,9819,10706,13994,17402,4790,8912,0,1,197,239,529,1037,802,1895,1030,2890,1529,2380,1110,1026,6856,9073,4382,8129,58883,39532,10939,3546,38260,12,11,4,4
2021-04-13T23:59:59+02:00,0,2,828,1029,1668,2569,2420,4256,4139,7917,7109,9575,9411,10187,13848,17235,4785,8898,0,1,162,216,494,989,761,1801,995,2780,1476,2310,1091,991,6840,9062,4381,8129,58830,39467,9989,2991,37042,6,11,4,4
2021-04-12T23:59:59+02:00,0,2,823,1027,1649,2565,2391,4243,4087,7866,6968,9403,9144,9872,13785,17175,4774,8881,0,1,151,202,466,949,739,1737,975,2708,1432,2260,1069,974,6823,9042,4378,8124,58771,39350,9958,2659,35911,6,11,4,4
2021-04-11T23:59:59+02:00,0,2,822,1026,1638,2565,2377,4240,4064,7854,6903,9341,9011,9707,13758,17127,4769,8872,0,1,151,202,466,947,737,1735,973,2708,1430,2260,1069,974,6821,9042,4378,8124,58757,39340,9956,2658,35348,5,11,4,4
2021-04-10T23:59:59+02:00,0,2,806,1022,1609,2536,2340,4211,3994,7795,6770,9224,8452,8973,13091,16273,4758,8830,0,1,148,201,464,944,731,1732,973,2701,1421,2253,1055,958,6349,8542,4362,8108,55419,38267,9954,2656,35298,5,11,4,4
2021-04-09T23:59:59+02:00,0,2,785,994,1568,2487,2274,4131,3841,7635,6423,8891,7925,8314,12269,15250,4686,8691,0,1,146,199,462,938,724,1724,965,2691,1406,2242,1033,935,6107,8269,4342,8081,51432,37593,9947,2652,34772,5,11,4,4
2021-04-08T23:59:59+02:00,0,2,775,984,1541,2463,2208,4083,3708,7546,6167,8589,7307,7659,12106,15050,4675,8675,0,1,146,197,457,934,719,1717,957,2680,1397,2229,1021,932,6104,8267,4341,8081,51397,37570,9922,2590,32204,5,11,4,4
2021-04-07T23:59:59+02:00,0,2,768,975,1515,2445,2149,4045,3621,7476,5936,8324,6750,7024,11496,14303,4662,8647,0,1,127,190,425,887,673,1648,900,2610,1347,2160,1000,916,6096,8260,4340,8081,51367,37545,8766,2097,29991,5,10,4,4
2021-04-06T23:59:59+02:00,0,2,763,973,1503,2437,2120,4022,3548,7427,5755,8152,6304,6516,11292,14086,4647,8616,0,1,104,169,377,827,628,1573,856,2510,1294,2096,974,899,6076,8245,4338,8077,51298,37513,8581,1513,28271,5,9,4,4
2021-04-05T23:59:59+02:00,0,2,758,969,1487,2429,2094,4012,3497,7401,5611,8041,6099,6298,11225,13999,4641,8606,0,1,98,166,376,825,621,1564,847,2495,1281,2077,946,868,4969,6843,4261,7971,51098,34688,8577,1503,27481,5,9,4,4
2021-04-04T23:59:59+02:00,0,2,756,962,1485,2427,2090,4010,3479,7394,5601,8034,6088,6278,11210,13981,4639,8603,0,1,98,166,374,823,618,1559,840,2488,1266,2058,923,846,3959,5682,4195,7865,51082,32240,8575,1503,27369,5,9,4,4
2021-04-03T23:59:59+02:00,0,2,705,906,1403,2356,1967,3871,3219,7133,5139,7543,5743,5822,11038,13763,4611,8575,0,1,94,166,374,821,618,1557,839,2488,1266,2058,923,846,3959,5679,4195,7864,47842,32227,8575,1503,27366,5,9,4,4
2021-04-02T23:59:59+02:00,0,2,661,872,1347,2288,1869,3757,2966,6872,4621,7064,5350,5361,10936,13597,4606,8569,0,1,94,166,374,821,618,1557,838,2488,1264,2057,922,844,3957,5676,4194,7864,44905,32216,8574,1502,27247,5,8,4,4
2021-04-01T23:59:59+02:00,0,2,658,869,1338,2283,1849,3749,2937,6858,4546,6991,5241,5251,10897,13548,4605,8564,0,1,94,166,372,817,616,1553,838,2485,1260,2053,912,843,3952,5673,4193,7863,44888,32204,8430,1470,26856,5,8,4,4
2021-03-31T23:59:59+02:00,0,2,656,867,1330,2267,1841,3739,2909,6830,4483,6945,5101,5089,10382,12939,4601,8556,0,1,94,166,371,817,616,1553,838,2485,1258,2053,911,843,3952,5672,4193,7862,44875,32198,7297,1470,26354,5,8,3,4
2021-03-30T23:59:59+02:00,0,2,647,864,1311,2247,1812,3710,2872,6795,4397,6856,4932,4896,9855,12237,4594,8542,0,1,89,164,370,813,611,1551,833,2479,1250,2050,901,833,3944,5669,4192,7861,44851,32177,6108,1417,25599,5,8,3,4
2021-03-29T23:59:59+02:00,0,2,642,855,1298,2214,1794,3679,2841,6753,4325,6770,4732,4698,9769,12143,4591,8528,0,1,89,164,369,811,605,1547,830,2472,1244,2042,893,827,3936,5661,4192,7861,44781,32158,5890,1370,24952,4,8,3,4
2021-03-28T23:59:59+02:00,0,2,639,853,1295,2211,1779,3669,2825,6741,4290,6718,4637,4588,9733,12079,4586,8521,0,1,89,164,369,809,605,1547,827,2472,1242,2042,892,827,3935,5661,4192,7861,44759,32156,5881,1363,24515,4,8,3,4
2021-03-27T23:59:59+01:00,0,2,635,848,1285,2207,1762,3652,2797,6711,4127,6574,4058,4133,9504,11833,4573,8502,0,1,89,164,367,807,603,1545,825,2469,1234,2036,888,823,3756,5371,4085,7688,42813,31372,5877,1363,24502,4,8,3,4
2021-03-26T23:59:59+01:00,0,2,630,840,1277,2196,1740,3635,2772,6689,4051,6496,3649,3767,8902,11274,4560,8488,0,1,89,164,367,806,602,1542,821,2466,1225,2032,875,810,3028,4427,3876,7340,40872,29092,5864,1363,24221,4,8,3,4
2021-03-25T23:59:59+01:00,0,2,623,835,1264,2182,1721,3611,2713,6650,3967,6418,3475,3549,8791,11163,4554,8482,0,1,89,164,367,806,602,1541,821,2465,1223,2032,875,809,3027,4426,3875,7339,40858,29084,5756,1363,23375,3,8,3,4
2021-03-24T23:59:59+01:00,0,2,618,827,1231,2156,1676,3566,2635,6581,3810,6266,3156,3185,8380,10612,4545,8469,0,1,85,162,355,793,586,1523,788,2431,1173,1999,841,771,3018,4420,3875,7336,40834,28780,4997,1362,21873,3,8,3,4
2021-03-23T23:59:59+01:00,0,2,606,819,1206,2124,1634,3518,2553,6502,3661,6112,2775,2801,8163,10394,4537,8450,0,1,80,158,343,773,551,1492,727,2367,1072,1917,758,711,2981,4385,3871,7332,40789,28149,4706,1355,20352,3,8,2,4
2021-03-22T23:59:59+01:00,0,2,582,709,1169,2071,1601,3462,2500,6432,3520,5982,2532,2562,7831,10039,4521,8414,0,1,80,157,343,773,551,1490,725,2365,1069,1917,756,707,2977,4379,3869,7329,40320,28118,4384,1355,19215,3,8,2,4
2021-03-21T23:59:59+01:00,0,2,581,706,1163,2062,1589,3452,2483,6417,3482,5948,2390,2397,7738,9927,4512,8399,0,1,80,157,343,772,551,1490,724,2364,1069,1917,756,707,2977,4378,3869,7328,40315,28113,4370,1355,18553,3,8,2,4
2021-03-20T23:59:59+01:00,0,2,580,706,1161,2055,1582,3445,2477,6410,3464,5925,2357,2359,7246,9408,4495,8382,0,1,80,157,343,772,550,1490,722,2363,1069,1915,756,707,2977,4376,3867,7326,39270,28101,4358,1355,18416,3,8,2,4
2021-03-19T23:59:59+01:00,0,2,573,698,1142,2035,1547,3421,2409,6272,3400,5818,2175,2178,6937,9088,4473,8357,0,1,80,157,342,767,546,1487,717,2355,1061,1902,747,700,2547,3775,3444,6572,38661,25833,4341,1355,17513,0,8,2,4
2021-03-18T23:59:59+01:00,0,2,558,681,1122,2006,1520,3391,2369,6204,3325,5729,2021,1982,6816,8969,4467,8346,0,1,79,157,342,766,545,1487,716,2351,1057,1901,740,697,2497,3703,3417,6530,38640,25642,4329,1333,16530,0,7,2,4
2021-03-17T23:59:59+01:00,0,1,529,652,1077,1949,1483,3306,2292,6086,3172,5573,1766,1717,6650,8815,4457,8331,0,1,78,153,330,738,529,1443,694,2293,1019,1860,723,678,2255,3409,3330,6400,38567,24661,3802,1261,15478,0,7,2,4
2021-03-16T23:59:59+01:00,0,1,486,624,1037,1894,1431,3200,2227,5932,3056,5439,1566,1492,6515,8667,4446,8308,0,1,72,138,309,682,499,1367,665,2158,989,1732,673,628,2140,3271,3304,6313,38507,23902,3185,1029,14621,0,6,2,4
2021-03-15T23:59:59+01:00,0,1,474,612,1004,1844,1398,3133,2196,5847,2970,5355,1440,1358,5929,7978,4406,8244,0,1,69,131,295,624,484,1247,626,2027,948,1618,643,607,2102,3232,3289,6249,37265,23495,2833,695,14089,0,0,2,2
2021-03-14T23:59:59+01:00,0,1,469,605,995,1832,1394,3115,2180,5829,2935,5328,1397,1307,5533,7529,4383,8226,0,1,68,126,291,601,478,1220,620,1971,938,1593,643,607,2102,3232,3288,6247,36441,23489,2828,535,13787,0,0,2,2
2021-03-13T23:59:59+01:00,0,1,449,586,958,1782,1341,3051,1923,5242,2694,4914,1291,1194,4871,6679,4335,8152,0,1,68,126,290,598,476,1218,618,1969,937,1589,641,602,1739,2746,2761,5484,34753,21326,2824,535,11884,0,0,2,2
2021-03-12T23:59:59+01:00,0,1,433,565,937,1739,1310,2968,1720,4455,2488,4465,1219,1110,4170,5881,4288,8070,0,1,68,124,289,594,476,1215,616,1961,933,1583,638,596,1410,2198,2217,4688,33072,19070,2821,535,9924,0,0,2,2
2021-03-11T23:59:59+01:00,0,1,429,558,927,1725,1294,2949,1695,4419,2451,4428,1145,1054,4125,5844,4285,8066,0,1,68,116,283,572,461,1163,607,1912,914,1547,626,583,1404,2180,2208,4637,33033,18818,2724,463,9636,0,0,2,1
2021-03-10T23:59:59+01:00,0,1,410,546,881,1666,1238,2871,1621,4322,2384,4335,1111,1031,4109,5827,4284,8064,0,1,68,116,281,568,458,1156,602,1889,914,1542,621,575,1343,2093,2162,4580,33018,18530,2153,438,9528,0,0,2,1
2021-03-09T23:59:59+01:00,0,1,389,530,836,1617,1195,2807,1579,4239,2341,4282,1090,1020,4103,5820,4283,8063,0,1,66,115,280,567,457,1145,600,1876,907,1537,618,569,1137,1781,2044,4401,32972,17691,1707,409,9514,0,0,2,1
2021-03-08T23:59:59+01:00,0,1,382,519,825,1601,1186,2790,1571,4212,2328,4269,1077,1008,4066,5772,4281,8058,0,1,65,115,276,562,453,1139,598,1872,903,1535,618,569,1067,1690,1999,4356,32838,17432,1610,385,9496,0,0,2,1
2021-03-07T23:59:59+01:00,0,1,381,516,824,1600,1184,2788,1568,4205,2318,4264,1070,1000,4060,5766,4280,8057,0,1,63,112,267,540,441,1113,582,1772,868,1460,617,569,962,1559,1947,4285,32821,17065,1570,92,9489,0,0,2,1
2021-03-06T23:59:59+01:00,0,1,373,500,805,1567,1160,2730,1527,4137,2125,3767,1040,963,3887,5493,4178,7892,0,1,63,112,267,540,441,1112,582,1772,868,1460,617,569,959,1558,1944,4284,32103,17056,1570,92,8470,0,0,2,1
2021-03-05T23:59:59+01:00,0,1,360,461,773,1463,1110,2514,1452,3924,1911,3103,1009,918,3130,4527,3973,7548,0,1,63,111,266,537,438,1106,581,1767,864,1457,614,567,920,1500,1921,4242,29783,16862,1569,92,6823,0,0,2,1
2021-03-04T23:59:59+01:00,0,1,347,452,765,1443,1097,2491,1433,3895,1889,3084,995,914,3126,4523,3970,7546,0,1,62,109,263,534,434,1090,571,1745,863,1449,612,565,883,1446,1898,4205,29770,16700,1530,29,6669,0,0,2,1
2021-03-03T23:59:59+01:00,0,1,338,421,746,1392,1067,2408,1383,3740,1809,2987,962,868,3116,4517,3970,7543,0,1,61,108,260,531,433,1086,569,1736,860,1445,612,564,863,1393,1810,4058,29454,16362,1530,27,6282,0,0,2,1
2021-03-02T23:59:59+01:00,0,1,332,413,731,1369,1019,2363,1315,3655,1693,2888,874,803,3073,4478,3964,7538,0,1,61,108,259,527,432,1078,569,1730,860,1441,611,564,863,1393,1810,4058,28815,16337,1466,27,6226,0,0,2,1
2021-03-01T23:59:59+01:00,0,1,328,399,724,1322,1006,2305,1295,3572,1666,2838,855,794,3065,4468,3963,7538,0,1,61,107,258,523,427,1064,565,1717,851,1433,610,562,766,1238,1753,3978,28774,15886,1414,27,5949,0,0,2,1
2021-02-28T23:59:59+01:00,0,1,323,387,716,1283,992,2228,1281,3484,1643,2759,851,784,3063,4464,3962,7535,0,1,61,107,257,523,427,1063,565,1717,849,1433,610,561,669,1113,1705,3897,28758,15531,1410,26,5586,0,0,2,1
2021-02-27T23:59:59+01:00,0,1,314,366,702,1256,973,2192,1246,3415,1620,2706,833,768,3060,4464,3961,7535,0,1,60,107,257,523,427,1063,564,1717,847,1433,610,561,669,1113,1705,3897,28754,15527,1410,26,5246,0,0,2,1
2021-02-26T23:59:59+01:00,0,1,288,315,655,1192,909,2073,1156,3248,1515,2569,804,745,2623,3858,3534,6757,0,1,60,107,254,520,427,1061,562,1715,844,1427,606,559,662,1101,1696,3878,26460,15453,1410,26,4370,0,0,2,1
2021-02-25T23:59:59+01:00,0,1,283,302,641,1162,888,2031,1137,3182,1497,2524,801,741,2576,3786,3504,6713,0,1,58,104,250,512,427,1057,557,1705,841,1416,600,555,585,992,1649,3820,26241,15104,1410,24,4116,0,0,2,1
2021-02-24T23:59:59+01:00,0,1,264,292,590,1116,841,1963,1079,3087,1453,2466,784,722,2335,3484,3414,6575,0,1,57,99,245,505,421,1038,548,1683,838,1396,593,543,571,972,1638,3797,25240,14928,1410,16,3814,0,0,2,1
2021-02-23T23:59:59+01:00,0,1,252,271,561,1060,804,1888,1011,2937,1379,2364,732,672,2220,3344,3388,6482,0,1,57,97,243,499,421,1022,538,1651,830,1374,584,536,555,921,1626,3744,24434,14682,1405,16,3525,0,0,2,1
2021-02-22T23:59:59+01:00,0,1,248,265,548,997,784,1812,985,2843,1343,2304,707,650,2190,3307,3379,6419,0,1,57,96,237,493,419,1009,529,1633,826,1349,570,522,532,895,1620,3688,24028,14460,1405,15,3347,0,0,2,1
2021-02-21T23:59:59+01:00,0,1,245,258,539,972,771,1775,977,2795,1313,2278,707,648,2188,3307,3378,6418,0,1,57,96,236,493,419,1009,529,1633,826,1348,570,521,532,895,1620,3687,24022,14456,1405,15,3141,0,0,2,1
2021-02-20T23:59:59+01:00,0,1,167,228,470,923,702,1698,907,2706,1228,2179,692,633,1814,2789,2822,5614,0,1,57,96,236,493,419,1009,529,1632,826,1348,570,521,532,895,1619,3687,21744,14454,1405,15,2422,0,0,2,1
2021-02-19T23:59:59+01:00,0,1,84,167,358,842,575,1566,776,2557,1092,2026,676,611,1506,2274,2273,4822,0,1,57,96,236,493,419,1008,529,1632,826,1348,570,521,527,893,1617,3681,19536,14438,1405,15,1263,0,0,2,1
2021-02-18T23:59:59+01:00,0,1,81,162,346,792,554,1477,743,2417,1059,1958,660,599,1497,2255,2264,4770,0,1,54,89,230,471,405,941,514,1552,806,1274,556,507,521,875,1614,3659,19292,14053,1379,15,962,0,0,2,1
2021-02-17T23:59:59+01:00,0,1,80,154,332,769,545,1444,714,2324,1022,1858,655,589,1439,2167,2216,4720,0,1,54,86,228,462,397,903,503,1487,787,1192,543,495,519,873,1614,3659,19031,13787,1306,15,690,0,0,2,1
2021-02-16T23:59:59+01:00,0,1,75,149,317,729,517,1370,682,2216,997,1753,644,582,1194,1820,2092,4537,0,1,53,77,227,455,391,873,490,1422,761,1126,522,482,517,873,1611,3658,18109,13536,1067,2,497,0,0,2,1
2021-02-15T23:59:59+01:00,0,1,70,133,291,624,482,1228,624,2003,946,1593,635,580,1110,1713,2040,4472,0,1,53,77,225,450,387,867,489,1418,759,1119,522,482,516,868,1610,3655,17777,13497,729,0,39,0,0,0,1
2021-02-14T23:59:59+01:00,0,1,69,126,286,597,477,1199,613,1949,932,1571,635,580,1011,1589,1993,4415,0,1,53,77,225,450,387,867,489,1416,759,1119,522,482,516,868,1610,3655,17447,13495,573,0,23,0,0,0,1
2021-02-13T23:59:59+01:00,0,1,69,125,286,596,476,1195,612,1947,930,1567,634,579,1010,1580,1989,4412,0,1,53,77,225,449,385,862,488,1411,757,1118,520,480,499,830,1351,3183,17412,12688,573,0,23,0,0,0,1
2021-02-12T23:59:59+01:00,0,1,68,125,285,595,472,1191,612,1944,927,1566,631,578,971,1528,1969,4372,0,1,53,77,225,445,381,853,483,1402,751,1111,513,472,481,789,987,2469,17242,11492,573,0,20,0,0,0,1
2021-02-11T23:59:59+01:00,0,1,67,117,282,582,459,1164,606,1918,920,1554,630,577,928,1470,1947,4333,0,1,53,74,210,414,367,806,466,1328,736,1079,510,471,481,789,986,2468,17061,11239,490,0,4,0,0,0,0
2021-02-10T23:59:59+01:00,0,1,66,117,279,579,457,1159,602,1901,915,1550,630,577,919,1454,1926,4288,0,1,52,64,177,336,313,704,416,1156,656,984,476,459,476,788,986,2467,16957,10511,462,0,1,0,0,0,0
2021-02-09T23:59:59+01:00,0,1,64,115,273,575,454,1146,601,1886,907,1544,629,576,907,1418,1856,4183,0,1,43,53,126,257,237,554,334,954,554,830,440,448,472,787,983,2467,16704,9540,431,0,0,0,0,0,0
2021-02-08T23:59:59+01:00,0,1,63,115,270,566,451,1139,599,1871,900,1536,627,573,804,1265,1799,4101,0,1,38,43,88,168,174,417,271,717,495,695,433,442,469,784,982,2467,16274,8684,406,0,0,0,0,0,0
2021-02-07T23:59:59+01:00,0,1,61,112,260,544,437,1108,583,1768,865,1457,626,572,702,1140,1750,4017,0,1,37,42,84,165,171,410,266,704,490,684,431,441,469,784,982,2466,15904,8627,99,0,0,0,0,0,0
2021-02-06T23:59:59+01:00,0,1,60,112,259,544,437,1108,581,1767,862,1454,623,570,700,1132,1744,4010,0,1,34,41,83,162,168,400,262,696,479,675,423,440,433,736,742,2074,15865,7849,99,0,0,0,0,0,0
2021-02-05T23:59:59+01:00,0,1,60,112,257,540,437,1106,580,1766,860,1452,621,570,690,1125,1738,3997,0,1,32,39,79,158,163,392,254,677,462,665,417,440,427,711,338,1441,15813,6696,99,0,0,0,0,0,0
2021-02-04T23:59:59+01:00,0,1,59,110,252,534,431,1090,564,1739,856,1438,614,560,604,1008,1687,3936,0,1,31,36,74,152,157,381,239,653,445,651,411,432,422,704,335,1434,15452,6558,31,0,0,0,0,0,0
2021-02-03T23:59:59+01:00,0,1,58,105,248,527,430,1071,561,1723,854,1423,610,550,593,998,1684,3922,0,1,24,28,60,121,123,280,175,511,335,501,305,330,337,547,257,1150,15329,5085,29,0,0,0,0,0,0
2021-02-02T23:59:59+01:00,0,1,58,103,245,522,430,1053,549,1691,846,1399,597,540,581,949,1674,3871,0,1,17,21,41,78,87,186,122,345,219,362,215,220,217,344,184,755,15080,3414,29,0,0,0,0,0,0
2021-02-01T23:59:59+01:00,0,1,58,101,241,514,428,1037,541,1669,842,1376,590,534,559,920,1666,3824,0,0,7,11,21,42,48,98,65,168,95,166,101,103,90,160,77,329,14872,1581,29,0,0,0,0,0,0
2021-01-31T23:59:59+01:00,0,1,58,101,240,513,426,1033,539,1664,840,1373,590,533,559,920,1666,3823,0,0,7,11,19,38,43,84,61,142,81,150,96,101,89,159,75,327,14850,1483,29,0,0,0,0,0,0
2021-01-30T23:59:59+01:00,0,1,58,101,240,513,426,1033,539,1664,840,1373,590,533,559,920,1666,3823,0,0,7,11,19,38,43,84,61,142,81,150,96,100,89,159,75,327,14850,1482,29,0,0,0,0,0,0
2021-01-29T23:59:59+01:00,0,1,58,101,240,513,426,1033,539,1664,840,1373,590,533,559,920,1666,3823,0,0,7,11,19,38,43,84,61,142,81,150,96,100,89,159,75,327,14850,1482,29,0,0,0,0,0,0
2021-01-28T23:59:59+01:00,0,1,56,93,236,484,414,966,521,1578,816,1292,577,518,553,903,1663,3804,0,0,3,2,5,6,11,16,19,34,22,33,17,22,21,34,19,99,14452,363,23,0,0,0,0,0,0
2021-01-27T23:59:59+01:00,0,1,54,89,236,474,406,927,511,1512,796,1209,565,505,551,901,1663,3804,0,0,3,2,5,6,9,16,19,33,21,31,17,21,21,34,19,99,14183,356,21,0,0,0,0,0,0
2021-01-26T23:59:59+01:00,0,1,53,83,231,471,399,898,500,1445,771,1142,543,492,549,901,1663,3804,0,0,1,2,5,6,9,15,17,29,17,26,15,18,19,32,19,91,13927,321,19,0,0,0,0,0,0
2021-01-25T23:59:59+01:00,0,1,53,83,228,465,396,892,500,1442,770,1137,543,492,549,898,1663,3802,0,0,0,0,0,0,0,2,0,0,0,0,1,1,0,2,0,0,13897,6,17,0,0,0,0,0,0
2021-01-24T23:59:59+01:00,0,1,53,83,228,465,396,892,500,1441,770,1137,543,492,549,898,1663,3802,0,0,0,0,0,0,0,2,0,0,0,0,1,1,0,2,0,0,13896,6,17,0,0,0,0,0,0
2021-01-23T23:59:59+01:00,0,1,53,83,228,464,395,888,500,1435,769,1135,540,490,532,860,1403,3324,0,0,0,0,0,0,0,1,0,0,0,0,1,1,0,2,0,0,13083,5,17,0,0,0,0,0,0
2021-01-22T23:59:59+01:00,0,1,53,83,227,460,390,878,495,1425,764,1128,534,481,515,818,1024,2583,0,0,0,0,0,0,0,1,0,0,0,0,1,1,0,2,0,0,11843,5,16,0,0,0,0,0,0
2021-01-21T23:59:59+01:00,0,1,53,80,208,426,363,822,467,1325,737,1093,530,481,515,818,1023,2582,0,0,0,0,0,0,0,1,0,0,0,0,1,1,0,2,0,0,11508,5,16,0,0,0,0,0,0
2021-01-20T23:59:59+01:00,0,1,51,70,181,354,322,737,424,1172,667,1003,494,470,510,818,1023,2581,0,0,0,0,0,0,0,1,0,0,0,0,1,1,0,2,0,0,10862,5,16,0,0,0,0,0,0
2021-01-19T23:59:59+01:00,0,1,44,57,137,276,248,579,347,990,577,863,459,458,506,816,1023,2581,0,0,0,0,0,0,0,0,0,0,0,0,1,0,0,2,0,0,9954,3,8,0,0,0,0,0,0
2021-01-18T23:59:59+01:00,0,1,40,44,88,175,179,429,280,727,505,706,451,451,503,812,1021,2581,0,0,0,0,0,0,0,0,0,0,0,0,0,0,0,1,0,0,8993,1,0,0,0,0,0,0,0
2021-01-17T23:59:59+01:00,0,1,37,43,85,172,175,421,276,716,500,693,449,451,503,812,1021,2580,0,0,0,0,0,0,0,0,0,0,0,0,0,0,0,0,0,0,8935,0,0,0,0,0,0,0,0
2021-01-16T23:59:59+01:00,0,1,34,42,83,170,171,412,269,709,485,684,440,449,464,765,774,2183,0,0,0,0,0,0,0,0,0,0,0,0,0,0,0,0,0,0,8135,0,0,0,0,0,0,0,0
2021-01-15T23:59:59+01:00,0,1,32,40,80,165,168,406,262,692,471,676,434,448,459,741,361,1541,0,0,0,0,0,0,0,0,0,0,0,0,0,0,0,0,0,0,6977,0,0,0,0,0,0,0,0
2021-01-14T23:59:59+01:00,0,1,32,38,78,159,163,401,254,679,460,668,431,445,459,740,361,1541,0,0,0,0,0,0,0,0,0,0,0,0,0,0,0,0,0,0,6910,0,0,0,0,0,0,0,0
2021-01-13T23:59:59+01:00,0,0,24,31,62,127,128,304,194,545,351,525,328,343,374,577,282,1246,0,0,0,0,0,0,0,0,0,0,0,0,0,0,0,0,0,0,5441,0,0,0,0,0,0,0,0
2021-01-12T23:59:59+01:00,0,0,17,24,46,88,93,216,140,393,238,389,236,235,247,371,205,845,0,0,0,0,0,0,0,0,0,0,0,0,0,0,0,0,0,0,3783,0,0,0,0,0,0,0,0
2021-01-11T23:59:59+01:00,0,0,9,15,27,48,62,139,88,220,125,208,116,112,106,179,93,374,0,0,0,0,0,0,0,0,0,0,0,0,0,0,0,0,0,0,1921,0,0,0,0,0,0,0,0
2021-01-10T23:59:59+01:00,0,0,8,15,23,44,55,110,80,179,105,175,110,108,102,177,90,374,0,0,0,0,0,0,0,0,0,0,0,0,0,0,0,0,0,0,1755,0,0,0,0,0,0,0,0
2021-01-09T23:59:59+01:00,0,0,8,15,23,44,55,110,80,179,105,175,110,107,102,177,90,374,0,0,0,0,0,0,0,0,0,0,0,0,0,0,0,0,0,0,1754,0,0,0,0,0,0,0,0
2021-01-08T23:59:59+01:00,0,0,8,14,22,43,52,103,75,168,99,172,107,103,97,168,88,364,0,0,0,0,0,0,0,0,0,0,0,0,0,0,0,0,0,0,1683,0,0,0,0,0,0,0,0
2021-01-07T23:59:59+01:00,0,0,3,3,5,7,11,17,20,34,24,36,17,22,23,35,23,107,0,0,0,0,0,0,0,0,0,0,0,0,0,0,0,0,0,0,387,0,0,0,0,0,0,0,0
2021-01-06T23:59:59+01:00,0,0,3,2,5,6,9,16,20,33,21,32,17,21,23,35,23,106,0,0,0,0,0,0,0,0,0,0,0,0,0,0,0,0,0,0,372,0,0,0,0,0,0,0,0
2021-01-05T23:59:59+01:00,0,0,3,2,5,6,9,16,20,33,21,32,17,21,23,35,23,106,0,0,0,0,0,0,0,0,0,0,0,0,0,0,0,0,0,0,372,0,0,0,0,0,0,0,0
2021-01-04T23:59:59+01:00,0,0,0,0,0,0,0,2,1,0,0,0,1,1,0,2,0,0,0,0,0,0,0,0,0,0,0,0,0,0,0,0,0,0,0,0,7,0,0,0,0,0,0,0,0
2021-01-03T23:59:59+01:00,0,0,0,0,0,0,0,2,1,0,0,0,1,1,0,2,0,0,0,0,0,0,0,0,0,0,0,0,0,0,0,0,0,0,0,0,7,0,0,0,0,0,0,0,0
2021-01-02T23:59:59+01:00,0,0,0,0,0,0,0,1,1,0,0,0,1,1,0,2,0,0,0,0,0,0,0,0,0,0,0,0,0,0,0,0,0,0,0,0,6,0,0,0,0,0,0,0,0
2021-01-01T23:59:59+01:00,0,0,0,0,0,0,0,1,1,0,0,0,1,1,0,2,0,0,0,0,0,0,0,0,0,0,0,0,0,0,0,0,0,0,0,0,6,0,0,0,0,0,0,0,0
2020-12-31T23:59:59+01:00,0,0,0,0,0,0,0,1,1,0,0,0,1,1,0,2,0,0,0,0,0,0,0,0,0,0,0,0,0,0,0,0,0,0,0,0,6,0,0,0,0,0,0,0,0
2020-12-30T23:59:59+01:00,0,0,0,0,0,0,0,1,1,0,0,0,1,1,0,2,0,0,0,0,0,0,0,0,0,0,0,0,0,0,0,0,0,0,0,0,6,0,0,0,0,0,0,0,0
2020-12-29T23:59:59+01:00,0,0,0,0,0,0,0,1,1,0,0,0,1,0,0,2,0,0,0,0,0,0,0,0,0,0,0,0,0,0,0,0,0,0,0,0,5,0,0,0,0,0,0,0,0
2020-12-28T23:59:59+01:00,0,0,0,0,0,0,0,1,0,0,0,0,1,0,0,1,0,0,0,0,0,0,0,0,0,0,0,0,0,0,0,0,0,0,0,0,3,0,0,0,0,0,0,0,0
2020-12-27T23:59:59+01:00,0,0,0,0,0,0,0,0,0,0,0,0,0,0,0,0,0,0,0,0,0,0,0,0,0,0,0,0,0,0,0,0,0,0,0,0,0,0,0,0,0,0,0,0,0
