Datum,<24_1_m,<24_1_w,25-34_1_m,25-34_1_w,35-44_1_m,35-44_1_w,45-54_1_m,45-54_1_w,55-64_1_m,55-64_1_w,65-74_1_m,65-74_1_w,75-84_1_m,75-84_1_w,>84_1_m,>84_1_w,<24_2_m,<24_2_w,25-34_2_m,25-34_2_w,35-44_2_m,35-44_2_w,45-54_2_m,45-54_2_w,55-64_2_m,55-64_2_w,65-74_2_m,65-74_2_w,75-84_2_m,75-84_2_w,>84_2_m,>84_2_w,bp_1,bp_2,mo_1,mo_2,az_1,az_2,ja
2021-04-26T23:59:59+02:00,1206,1655,2322,3900,3428,6285,5796,10070,11125,13753,18034,20356,13916,18044,3931,7638,277,375,672,1203,904,2185,1175,3121,1684,2403,1220,1173,7980,10752,3586,6911,85568,40195,12967,5407,42922,17,2
2021-04-25T23:59:59+02:00,1203,1654,2314,3899,3423,6280,5781,10063,11092,13725,18027,20347,13915,18038,3931,7638,277,375,672,1203,903,2185,1175,3121,1684,2403,1220,1173,7980,10751,3586,6911,85550,40194,12962,5407,42816,16,2
2021-04-24T23:59:59+02:00,1151,1503,2118,3355,3150,5654,5602,9683,10040,12443,17543,19719,13823,17901,3925,7630,276,374,671,1202,903,2184,1175,3120,1678,2397,1217,1170,7979,10751,3586,6910,79487,40171,12962,5405,42790,16,1
2021-04-23T23:59:59+02:00,1111,1401,1996,2985,2967,5079,5389,9290,9209,11386,16212,18229,13698,17716,3920,7611,276,373,669,1202,902,2182,1175,3120,1677,2396,1212,1163,7976,10749,3586,6909,72508,40155,12961,5395,42729,16,1
2021-04-22T23:59:59+02:00,1106,1397,1980,2970,2946,5061,5324,9243,9099,11284,16152,18162,13676,17690,3918,7607,276,373,667,1202,898,2181,1168,3108,1656,2375,1190,1143,7973,10744,3586,6909,72469,40144,12915,5289,42230,15,1
2021-04-21T23:59:59+02:00,1100,1391,1965,2956,2923,5039,5275,9181,8981,11159,16072,18089,13660,17663,3918,7604,270,369,656,1192,884,2150,1157,3080,1647,2357,1178,1129,7748,10431,3585,6909,72432,40139,12862,4588,41681,14,1
2021-04-20T23:59:59+02:00,1068,1327,1920,2839,2849,4883,5172,8998,8715,10850,15951,17926,13611,17612,3911,7599,257,365,636,1168,857,2122,1131,3051,1612,2322,1162,1115,7740,10428,3585,6909,72364,40123,11732,4324,41134,12,1
2021-04-19T23:59:59+02:00,1059,1315,1884,2820,2807,4853,5029,8942,8528,10722,15865,17850,13594,17595,3911,7594,248,353,615,1148,841,2087,1109,3005,1570,2269,1145,1099,7735,10424,3583,6909,71969,40088,11712,4041,40686,10,1
2021-04-18T23:59:59+02:00,1058,1314,1881,2816,2799,4842,5015,8927,8482,10678,15821,17796,13589,17584,3910,7592,248,353,615,1148,840,2087,1109,3005,1570,2268,1145,1098,7734,10423,3583,6909,71930,40084,11710,4040,40463,10,1
2021-04-17T23:59:59+02:00,1022,1299,1831,2769,2724,4767,4864,8774,8079,10272,13611,15047,13426,17305,3897,7561,246,353,615,1144,836,2082,1099,2998,1558,2248,1107,1053,7396,10003,3567,6871,65193,39136,11710,4029,40344,10,1
2021-04-16T23:59:59+02:00,1013,1292,1820,2759,2680,4725,4761,8687,7901,10066,10842,11812,13243,17019,3883,7517,245,348,614,1143,831,2079,1090,2994,1550,2237,1096,1043,7390,9999,3566,6868,58204,39067,11708,4015,40107,10,1
2021-04-15T23:59:59+02:00,1001,1286,1792,2743,2635,4690,4653,8618,7658,9836,10614,11628,13199,16965,3877,7506,243,348,614,1141,828,2078,1089,2991,1548,2234,1091,1040,7388,9998,3566,6868,58178,39057,11706,3997,38816,10,1
2021-04-14T23:59:59+02:00,979,1259,1739,2662,2548,4576,4477,8444,7389,9549,10283,11211,13091,16827,3873,7498,213,321,574,1090,806,2010,1051,2908,1504,2178,1067,1014,7385,9989,3566,6868,58145,39045,10872,3489,37387,9,1
2021-04-13T23:59:59+02:00,952,1235,1702,2606,2477,4492,4373,8300,7181,9331,9898,10722,12967,16669,3868,7487,173,296,540,1039,766,1909,1019,2804,1461,2115,1049,984,7373,9981,3566,6868,58071,38983,9928,2956,36260,3,1
2021-04-12T23:59:59+02:00,949,1232,1684,2603,2446,4476,4320,8247,7018,9141,9642,10433,12928,16620,3857,7474,158,276,514,999,743,1842,997,2736,1424,2078,1029,966,7357,9966,3563,6863,58018,38868,9898,2639,35153,3,1
2021-04-11T23:59:59+02:00,946,1232,1676,2603,2436,4474,4298,8232,6953,9072,9523,10286,12901,16578,3853,7470,158,275,514,998,742,1841,996,2736,1423,2078,1029,966,7355,9966,3563,6863,58009,38862,9896,2638,34627,2,1
2021-04-10T23:59:59+02:00,928,1220,1649,2578,2398,4445,4225,8168,6815,8952,8586,9083,12633,16209,3844,7432,155,273,513,996,737,1839,996,2730,1414,2070,1015,952,6885,9466,3551,6849,54686,37800,9895,2638,34583,2,1
2021-04-09T23:59:59+02:00,905,1187,1611,2531,2327,4364,4044,7986,6477,8621,7842,8121,12058,15517,3786,7319,152,272,511,990,731,1831,988,2722,1400,2058,998,933,6637,9195,3539,6828,50730,37148,9894,2634,34071,2,1
2021-04-08T23:59:59+02:00,894,1176,1579,2511,2263,4315,3904,7889,6183,8280,7259,7483,11926,15370,3777,7302,152,270,505,986,726,1823,981,2711,1393,2048,987,932,6635,9193,3539,6828,50701,37131,9869,2575,31540,2,1
2021-04-07T23:59:59+02:00,887,1167,1553,2491,2210,4276,3813,7815,5930,7987,6706,6878,11368,14659,3765,7278,133,259,469,936,681,1757,924,2638,1346,1986,970,918,6629,9188,3538,6828,50678,37111,8719,2086,29385,2,1
2021-04-06T23:59:59+02:00,883,1165,1534,2484,2181,4253,3738,7757,5720,7801,6267,6383,11205,14470,3754,7253,109,238,416,871,640,1674,877,2543,1295,1927,947,901,6616,9176,3536,6824,50613,37087,8538,1500,27696,2,1
2021-04-05T23:59:59+02:00,875,1162,1519,2477,2158,4243,3683,7729,5563,7674,6078,6179,11148,14398,3750,7245,103,235,415,870,633,1665,870,2526,1279,1909,921,862,5482,7726,3506,6776,50422,34285,8534,1490,26924,2,1
2021-04-04T23:59:59+02:00,874,1158,1517,2474,2152,4241,3667,7722,5551,7665,6066,6157,11137,14386,3749,7242,103,235,413,868,628,1660,865,2519,1264,1888,898,829,4436,6523,3482,6722,50410,31840,8533,1490,26814,2,1
2021-04-03T23:59:59+02:00,813,1101,1436,2396,2032,4101,3380,7430,5108,7192,5724,5719,10995,14195,3727,7220,101,235,413,867,628,1658,864,2519,1264,1888,898,829,4436,6519,3482,6722,47222,31830,8533,1490,26813,2,1
2021-04-02T23:59:59+02:00,769,1059,1375,2330,1924,3976,3093,7154,4608,6695,5342,5278,10923,14075,3725,7214,101,235,413,867,628,1658,863,2519,1262,1887,897,826,4434,6517,3482,6722,44312,31820,8532,1489,26696,2,0
2021-04-01T23:59:59+02:00,765,1057,1367,2326,1904,3968,3061,7139,4532,6617,5237,5172,10895,14034,3724,7212,99,234,411,863,627,1655,862,2515,1259,1883,888,825,4430,6515,3481,6722,44300,31810,8390,1457,26320,2,0
2021-03-31T23:59:59+02:00,763,1053,1359,2313,1892,3956,3034,7110,4468,6562,5094,5011,10398,13442,3721,7207,99,234,410,863,627,1655,862,2515,1257,1883,887,825,4430,6514,3481,6721,44293,31804,7266,1457,25824,2,0
2021-03-30T23:59:59+02:00,755,1048,1344,2295,1864,3929,3000,7075,4387,6469,4939,4816,9899,12773,3716,7196,95,229,410,859,622,1652,857,2510,1250,1879,878,817,4423,6510,3479,6720,44272,31786,6081,1403,25152,1,0
2021-03-29T23:59:59+02:00,750,1038,1331,2258,1844,3898,2973,7034,4316,6376,4743,4632,9835,12697,3714,7185,95,229,410,856,618,1649,856,2503,1247,1874,869,809,4418,6506,3479,6720,44205,31777,5866,1360,24553,1,0
2021-03-28T23:59:59+02:00,747,1037,1327,2255,1831,3889,2956,7019,4278,6315,4647,4520,9806,12644,3708,7178,95,229,410,855,618,1649,854,2503,1245,1874,868,809,4417,6506,3479,6720,44185,31775,5858,1355,24114,1,0
2021-03-27T23:59:59+01:00,743,1034,1322,2250,1816,3878,2930,6990,4046,6132,4124,4085,9595,12420,3700,7163,95,229,407,854,617,1647,851,2499,1239,1867,864,805,4188,6123,3426,6639,42273,30994,5856,1355,24099,1,0
2021-03-26T23:59:59+01:00,738,1026,1315,2243,1797,3862,2905,6967,3968,6037,3602,3646,9129,11958,3690,7150,95,229,406,853,616,1644,848,2496,1229,1862,853,791,3390,5077,3298,6402,40369,28733,5843,1355,23821,1,0
2021-03-25T23:59:59+01:00,731,1020,1303,2229,1773,3834,2843,6927,3880,5951,3422,3429,9045,11868,3685,7148,95,229,406,853,616,1644,846,2495,1229,1862,852,791,3388,5076,3298,6401,40360,28725,5736,1355,22992,1,0
2021-03-24T23:59:59+01:00,721,1011,1272,2204,1727,3783,2765,6852,3714,5793,3086,3071,8683,11355,3676,7138,91,227,394,838,597,1624,813,2464,1173,1831,825,753,3380,5071,3298,6399,40338,28423,4979,1354,21534,1,0
2021-03-23T23:59:59+01:00,708,1001,1243,2170,1680,3735,2682,6766,3555,5629,2711,2686,8503,11181,3668,7123,86,223,381,813,560,1593,746,2400,1069,1750,740,696,3355,5040,3295,6397,40298,27796,4689,1347,20054,1,0
2021-03-22T23:59:59+01:00,679,881,1205,2124,1652,3679,2625,6689,3409,5490,2460,2448,8204,10840,3655,7093,86,222,381,813,560,1591,746,2399,1066,1749,738,693,3353,5035,3293,6396,39831,27773,4360,1347,18942,1,0
2021-03-21T23:59:59+01:00,678,877,1200,2118,1640,3671,2609,6673,3365,5448,2312,2285,8135,10751,3649,7080,86,222,381,812,560,1591,746,2399,1066,1749,738,693,3353,5034,3293,6396,39827,27771,4347,1347,18317,1,0
2021-03-20T23:59:59+01:00,677,877,1198,2111,1635,3667,2604,6666,3344,5425,2281,2246,7641,10235,3636,7065,86,222,381,812,559,1591,745,2398,1066,1748,738,693,3353,5033,3291,6394,38785,27762,4336,1347,18187,1,0
2021-03-19T23:59:59+01:00,669,870,1185,2096,1604,3646,2536,6514,3281,5336,2097,2067,7345,9933,3623,7044,86,222,381,806,555,1589,740,2390,1056,1738,729,686,2819,4284,2981,5791,38186,25505,4322,1347,17338,1,0
2021-03-18T23:59:59+01:00,654,850,1167,2069,1570,3612,2498,6438,3209,5246,1925,1865,7246,9833,3621,7033,85,222,380,805,554,1589,739,2386,1052,1737,721,683,2759,4203,2966,5758,38164,25315,4310,1323,16362,1,0
2021-03-17T23:59:59+01:00,620,819,1126,2012,1534,3525,2412,6314,3056,5088,1670,1611,7115,9707,3612,7020,83,216,368,779,538,1539,718,2333,1013,1699,703,661,2498,3896,2907,5653,38097,24350,3786,1253,15358,1,0
2021-03-16T23:59:59+01:00,574,787,1084,1956,1487,3408,2337,6167,2943,4948,1473,1394,7013,9582,3603,7002,77,197,345,721,510,1456,685,2193,984,1590,647,612,2389,3754,2889,5577,38043,23603,3171,1022,14544,1,0
2021-03-15T23:59:59+01:00,558,769,1056,1911,1450,3332,2303,6083,2856,4866,1347,1259,6431,8893,3581,6957,74,185,332,661,493,1337,649,2067,940,1476,620,594,2351,3712,2878,5519,36811,23202,2813,685,14028,1,0
2021-03-14T23:59:59+01:00,554,764,1048,1899,1447,3316,2287,6065,2820,4837,1304,1204,6031,8450,3570,6946,73,180,328,638,487,1309,643,2005,930,1457,620,594,2351,3711,2877,5518,35998,23195,2808,525,13736,1,0
2021-03-13T23:59:59+01:00,531,742,1008,1854,1389,3247,2019,5425,2594,4477,1199,1094,5351,7564,3553,6917,73,180,327,635,485,1308,641,2003,929,1453,616,589,1892,3077,2447,4914,34318,21043,2805,525,11841,1,0
2021-03-12T23:59:59+01:00,516,718,988,1810,1350,3145,1801,4569,2404,4110,1129,1021,4629,6722,3539,6881,73,178,326,631,485,1304,637,1997,926,1447,613,584,1489,2408,1993,4253,32641,18818,2802,525,9889,1,0
2021-03-11T23:59:59+01:00,511,710,977,1797,1334,3123,1776,4534,2368,4072,1056,970,4593,6691,3537,6879,73,170,319,609,472,1250,626,1948,905,1413,603,571,1484,2389,1984,4204,32609,18567,2710,452,9609,1,0
2021-03-10T23:59:59+01:00,489,696,928,1734,1277,3051,1700,4432,2306,3987,1025,948,4580,6678,3536,6877,72,170,317,604,470,1244,622,1926,905,1407,595,561,1417,2291,1949,4159,32599,18280,2142,428,9503,1,0
2021-03-09T23:59:59+01:00,468,677,876,1683,1239,2978,1654,4350,2265,3940,1011,940,4574,6671,3535,6876,70,168,316,602,469,1235,620,1914,899,1401,593,553,1182,1947,1858,4021,32558,17446,1694,401,9485,1,0
2021-03-08T23:59:59+01:00,460,666,864,1667,1230,2963,1647,4324,2254,3928,1000,929,4542,6627,3533,6872,69,166,313,600,465,1229,617,1910,895,1399,593,553,1100,1847,1827,3987,32440,17191,1597,378,9469,1,0
2021-03-07T23:59:59+01:00,459,663,864,1666,1227,2960,1644,4316,2244,3923,994,922,4537,6623,3532,6871,66,162,303,578,453,1195,599,1805,864,1337,592,553,986,1701,1785,3935,32425,16829,1559,85,9461,0,0
2021-03-06T23:59:59+01:00,451,642,845,1633,1203,2906,1599,4233,2051,3438,970,894,4310,6260,3485,6797,66,162,303,578,453,1194,599,1805,864,1337,592,553,984,1700,1782,3934,31702,16821,1559,85,8456,0,0
2021-03-05T23:59:59+01:00,434,594,812,1528,1149,2682,1515,4008,1842,2783,950,869,3485,5189,3361,6566,66,161,302,574,449,1188,598,1800,862,1333,586,551,941,1636,1764,3905,29397,16631,1558,85,6812,0,0
2021-03-04T23:59:59+01:00,419,585,803,1509,1134,2655,1491,3977,1822,2764,937,866,3479,5186,3359,6564,66,160,299,570,445,1169,589,1779,861,1325,584,550,895,1573,1750,3878,29382,16471,1518,22,6650,0,0
2021-03-03T23:59:59+01:00,408,546,783,1450,1103,2569,1441,3826,1742,2677,910,822,3470,5182,3359,6562,66,160,296,565,444,1166,587,1770,858,1322,584,549,862,1513,1675,3741,29070,16138,1518,20,6262,0,0
2021-03-02T23:59:59+01:00,402,536,764,1420,1053,2523,1366,3740,1625,2584,820,760,3438,5146,3355,6560,65,160,296,560,443,1159,587,1761,858,1320,583,549,862,1513,1675,3741,28437,16112,1454,20,6201,0,0
2021-03-01T23:59:59+01:00,395,521,760,1369,1036,2457,1345,3663,1600,2535,803,751,3431,5140,3354,6560,65,158,294,556,434,1143,587,1744,847,1314,583,547,750,1335,1635,3686,28398,15658,1406,20,5916,0,0
2021-02-28T23:59:59+01:00,390,507,751,1324,1024,2379,1329,3581,1581,2456,799,745,3430,5136,3353,6560,65,158,294,556,434,1142,587,1744,846,1314,583,546,643,1187,1600,3630,28389,15309,1403,20,5553,0,0
2021-02-27T23:59:59+01:00,379,483,737,1300,1005,2339,1297,3518,1556,2417,785,736,3429,5136,3353,6560,65,158,294,556,434,1142,586,1744,846,1314,583,546,643,1186,1600,3630,28388,15307,1403,20,5239,0,0
2021-02-26T23:59:59+01:00,349,425,689,1237,931,2218,1205,3358,1460,2298,764,721,2886,4381,3041,5937,65,157,291,554,434,1139,584,1740,843,1309,578,543,636,1172,1593,3614,26107,15232,1403,20,4390,0,0
2021-02-25T23:59:59+01:00,347,411,676,1207,911,2172,1185,3285,1444,2263,762,719,2827,4299,3025,5903,63,154,287,548,434,1135,579,1727,840,1300,570,538,556,1053,1553,3571,25889,14890,1403,18,4144,0,0
2021-02-24T23:59:59+01:00,322,395,629,1161,856,2098,1127,3192,1405,2211,743,696,2565,3980,2964,5792,62,149,283,539,428,1120,572,1706,837,1283,563,527,540,1029,1543,3552,24897,14719,1402,14,3837,0,0
2021-02-23T23:59:59+01:00,303,369,601,1104,821,2010,1046,3037,1343,2129,686,646,2453,3836,2947,5711,62,147,281,532,428,1100,562,1676,829,1264,552,519,528,977,1533,3508,24100,14484,1397,14,3545,0,0
2021-02-22T23:59:59+01:00,298,356,586,1043,804,1934,1019,2945,1307,2071,665,627,2425,3799,2940,5654,61,146,275,526,425,1086,552,1651,823,1246,537,505,510,951,1528,3457,23707,14265,1397,14,3369,0,0
2021-02-21T23:59:59+01:00,295,345,580,1021,791,1891,1011,2898,1277,2050,665,625,2423,3799,2939,5653,61,146,275,525,425,1086,552,1651,823,1245,537,505,510,951,1528,3456,23700,14262,1397,14,3166,0,0
2021-02-20T23:59:59+01:00,199,311,518,966,726,1820,936,2791,1194,1970,655,612,1958,3131,2486,5012,61,146,275,525,425,1086,552,1650,823,1245,537,505,510,950,1528,3456,21448,14260,1397,14,2440,0,0
2021-02-19T23:59:59+01:00,97,238,399,884,600,1675,798,2643,1068,1824,645,597,1568,2483,2029,4354,61,146,275,525,425,1085,552,1650,823,1245,537,505,502,946,1524,3450,19250,14237,1397,14,1255,0,0
2021-02-18T23:59:59+01:00,92,228,387,840,574,1580,768,2504,1032,1762,634,586,1560,2463,2020,4305,59,137,269,496,409,1022,539,1569,801,1175,526,491,497,928,1522,3432,19013,13858,1369,14,953,0,0
2021-02-17T23:59:59+01:00,91,221,374,811,562,1551,737,2384,1007,1697,626,574,1495,2363,1982,4267,59,132,266,485,401,977,527,1504,784,1099,514,479,495,927,1522,3432,18750,13589,1296,14,696,0,0
2021-02-16T23:59:59+01:00,84,214,356,765,536,1478,704,2272,984,1607,616,565,1219,1982,1887,4125,56,122,266,478,394,942,514,1437,758,1032,494,470,494,927,1519,3431,17832,13332,1057,2,505,0,0
2021-02-15T23:59:59+01:00,78,189,330,658,497,1334,650,2059,935,1464,606,564,1122,1863,1853,4076,55,122,265,472,390,936,511,1432,757,1026,494,470,493,923,1518,3428,17509,13292,718,0,51,0,0
2021-02-14T23:59:59+01:00,77,183,326,633,491,1302,640,2002,921,1447,606,564,1015,1727,1814,4032,55,122,265,472,389,936,511,1431,757,1026,494,470,493,923,1518,3428,17180,13290,564,0,36,0,0
2021-02-13T23:59:59+01:00,77,182,326,632,489,1298,639,2000,921,1443,605,563,1015,1723,1811,4029,55,121,265,472,387,932,511,1426,755,1024,492,469,475,879,1268,2971,17153,12502,564,0,36,0,0
2021-02-12T23:59:59+01:00,77,182,325,629,484,1290,638,1995,918,1441,600,562,973,1663,1795,3998,55,121,265,467,384,925,507,1416,749,1019,485,462,453,832,916,2272,16980,11328,564,0,26,0,0
2021-02-11T23:59:59+01:00,76,173,320,615,470,1262,631,1971,910,1430,599,562,923,1596,1782,3969,55,115,249,436,371,870,490,1343,732,997,485,461,453,832,915,2272,16805,11076,479,0,5,0,0
2021-02-10T23:59:59+01:00,75,173,317,613,468,1258,628,1955,906,1426,599,562,911,1578,1765,3928,53,101,211,354,318,756,435,1181,652,910,457,456,451,832,915,2271,16707,10353,453,0,2,0,0
2021-02-09T23:59:59+01:00,72,171,312,605,465,1249,627,1940,900,1421,598,561,890,1538,1706,3829,46,84,148,271,244,590,352,973,554,778,427,447,447,831,912,2271,16458,9375,425,0,1,0,0
2021-02-08T23:59:59+01:00,71,169,308,599,462,1240,626,1920,893,1416,598,559,774,1361,1666,3773,41,67,107,181,179,433,288,740,497,661,421,442,444,829,912,2271,16033,8513,401,0,1,0,0
2021-02-07T23:59:59+01:00,67,165,298,576,446,1200,609,1811,860,1350,598,558,661,1209,1630,3715,40,66,103,176,174,426,283,726,493,647,420,442,443,827,912,2270,15661,8448,92,0,0,0,0
2021-02-06T23:59:59+01:00,67,165,297,576,446,1199,607,1811,859,1347,594,556,660,1199,1624,3710,38,64,102,174,171,415,278,717,481,640,414,442,405,773,677,1890,15625,7681,92,0,0,0,0
2021-02-05T23:59:59+01:00,67,164,295,573,446,1196,606,1809,857,1345,592,556,651,1191,1618,3699,36,61,98,170,165,406,272,699,464,632,408,442,393,738,289,1274,15573,6547,92,0,0,0,0
2021-02-04T23:59:59+01:00,65,162,290,568,440,1177,590,1783,854,1330,583,548,563,1063,1575,3653,35,56,87,163,154,394,262,681,449,617,402,437,390,730,287,1268,15219,6412,25,0,0,0,0
2021-02-03T23:59:59+01:00,64,155,286,559,439,1161,588,1767,852,1316,577,536,554,1054,1572,3641,26,40,73,127,116,288,192,533,340,480,300,333,310,570,223,1017,15098,4968,23,0,0,0,0
2021-02-02T23:59:59+01:00,64,153,283,552,439,1139,575,1731,844,1297,563,525,545,1004,1563,3600,18,28,47,82,86,193,136,361,217,348,211,210,197,364,160,669,14854,3327,23,0,0,0,0
2021-02-01T23:59:59+01:00,63,152,280,544,436,1122,566,1702,838,1282,552,516,530,975,1556,3558,7,14,24,45,48,97,67,176,97,154,102,95,79,162,69,306,14649,1542,23,0,0,0,0
2021-01-31T23:59:59+01:00,63,151,279,543,432,1118,566,1697,836,1279,552,516,530,975,1556,3557,7,13,21,40,41,80,62,150,82,138,98,95,78,161,67,305,14627,1438,23,0,0,0,0
2021-01-30T23:59:59+01:00,63,151,279,543,432,1118,566,1697,836,1279,552,516,530,975,1556,3557,7,13,20,40,41,80,62,149,82,138,98,94,78,161,67,305,14627,1435,23,0,0,0,0
2021-01-29T23:59:59+01:00,63,151,279,543,432,1118,566,1697,836,1279,552,516,530,975,1556,3557,7,13,20,40,40,80,62,149,82,138,98,94,78,161,67,305,14627,1434,23,0,0,0,0
2021-01-28T23:59:59+01:00,61,142,273,509,419,1054,550,1608,812,1204,541,501,524,958,1554,3542,2,2,5,7,10,15,20,34,21,27,16,18,19,35,17,94,14234,342,18,0,0,0,0
2021-01-27T23:59:59+01:00,60,137,271,497,411,1006,539,1543,795,1128,529,488,522,957,1554,3542,2,2,5,7,8,15,20,34,21,27,16,18,19,35,17,94,13962,340,17,0,0,0,0
2021-01-26T23:59:59+01:00,57,129,269,492,402,971,528,1475,770,1061,508,479,521,957,1554,3542,1,2,5,7,8,13,18,31,17,22,15,15,17,33,17,87,13699,308,16,0,0,0,0
2021-01-25T23:59:59+01:00,56,129,267,488,398,965,528,1469,769,1056,508,479,521,955,1554,3540,0,0,0,0,0,0,0,0,0,0,2,0,0,1,0,0,13667,3,15,0,0,0,0
2021-01-24T23:59:59+01:00,56,129,267,488,398,965,528,1468,769,1056,508,479,521,955,1554,3540,0,0,0,0,0,0,0,0,0,0,2,0,0,1,0,0,13666,3,15,0,0,0,0
2021-01-23T23:59:59+01:00,56,128,267,488,397,961,528,1461,768,1054,505,478,502,911,1305,3076,0,0,0,0,0,0,0,0,0,0,2,0,0,1,0,0,12870,3,15,0,0,0,0
2021-01-22T23:59:59+01:00,56,128,267,483,392,953,524,1451,763,1047,499,471,480,862,941,2353,0,0,0,0,0,0,0,0,0,0,2,0,0,1,0,0,11655,3,15,0,0,0,0
2021-01-21T23:59:59+01:00,56,122,246,449,366,886,494,1356,737,1022,497,471,480,862,941,2353,0,0,0,0,0,0,0,0,0,0,1,0,0,1,0,0,11323,2,15,0,0,0,0
2021-01-20T23:59:59+01:00,53,107,215,374,324,788,448,1207,663,936,469,465,478,862,940,2352,0,0,0,0,0,0,0,0,0,0,1,0,0,1,0,0,10666,2,15,0,0,0,0
2021-01-19T23:59:59+01:00,48,90,160,287,254,619,369,1017,577,814,439,456,474,861,940,2352,0,0,0,0,0,0,0,0,0,0,1,0,0,1,0,0,9750,2,7,0,0,0,0
2021-01-18T23:59:59+01:00,42,68,108,187,182,448,302,755,507,678,433,451,471,857,938,2352,0,0,0,0,0,0,0,0,0,0,0,0,0,0,0,0,8779,0,0,0,0,0,0
2021-01-17T23:59:59+01:00,40,67,105,182,177,440,299,745,503,665,432,451,471,857,938,2351,0,0,0,0,0,0,0,0,0,0,0,0,0,0,0,0,8723,0,0,0,0,0,0
2021-01-16T23:59:59+01:00,38,65,103,181,172,430,294,736,486,658,426,451,430,804,696,1966,0,0,0,0,0,0,0,0,0,0,0,0,0,0,0,0,7936,0,0,0,0,0,0
2021-01-15T23:59:59+01:00,36,62,100,176,169,422,287,720,472,651,420,451,419,769,300,1340,0,0,0,0,0,0,0,0,0,0,0,0,0,0,0,0,6794,0,0,0,0,0,0
2021-01-14T23:59:59+01:00,36,57,92,172,160,417,280,711,463,640,418,450,419,767,300,1340,0,0,0,0,0,0,0,0,0,0,0,0,0,0,0,0,6722,0,0,0,0,0,0
2021-01-13T23:59:59+01:00,27,41,75,137,122,314,212,570,359,508,318,346,340,602,236,1080,0,0,0,0,0,0,0,0,0,0,0,0,0,0,0,0,5287,0,0,0,0,0,0
2021-01-12T23:59:59+01:00,19,31,53,92,92,224,154,411,241,378,226,222,222,398,171,728,0,0,0,0,0,0,0,0,0,0,0,0,0,0,0,0,3662,0,0,0,0,0,0
2021-01-11T23:59:59+01:00,9,19,31,51,63,140,94,230,127,196,116,105,93,182,79,333,0,0,0,0,0,0,0,0,0,0,0,0,0,0,0,0,1868,0,0,0,0,0,0
2021-01-10T23:59:59+01:00,8,18,26,46,55,110,82,188,107,164,111,103,90,180,76,333,0,0,0,0,0,0,0,0,0,0,0,0,0,0,0,0,1697,0,0,0,0,0,0
2021-01-09T23:59:59+01:00,8,18,26,46,55,110,82,187,107,164,111,102,90,180,76,333,0,0,0,0,0,0,0,0,0,0,0,0,0,0,0,0,1695,0,0,0,0,0,0
2021-01-08T23:59:59+01:00,8,17,25,45,51,102,78,177,100,161,107,99,86,170,74,325,0,0,0,0,0,0,0,0,0,0,0,0,0,0,0,0,1625,0,0,0,0,0,0
2021-01-07T23:59:59+01:00,2,3,5,8,9,14,23,36,21,32,16,18,20,36,19,98,0,0,0,0,0,0,0,0,0,0,0,0,0,0,0,0,360,0,0,0,0,0,0
2021-01-06T23:59:59+01:00,2,2,5,7,7,14,22,35,20,29,16,18,20,36,19,97,0,0,0,0,0,0,0,0,0,0,0,0,0,0,0,0,349,0,0,0,0,0,0
2021-01-05T23:59:59+01:00,2,2,5,7,7,14,22,35,20,29,16,18,20,36,19,97,0,0,0,0,0,0,0,0,0,0,0,0,0,0,0,0,349,0,0,0,0,0,0
2021-01-04T23:59:59+01:00,0,0,0,0,0,0,1,0,0,0,1,0,0,1,0,0,0,0,0,0,0,0,0,0,0,0,0,0,0,0,0,0,3,0,0,0,0,0,0
2021-01-03T23:59:59+01:00,0,0,0,0,0,0,1,0,0,0,1,0,0,1,0,0,0,0,0,0,0,0,0,0,0,0,0,0,0,0,0,0,3,0,0,0,0,0,0
2021-01-02T23:59:59+01:00,0,0,0,0,0,0,1,0,0,0,1,0,0,1,0,0,0,0,0,0,0,0,0,0,0,0,0,0,0,0,0,0,3,0,0,0,0,0,0
2021-01-01T23:59:59+01:00,0,0,0,0,0,0,1,0,0,0,1,0,0,1,0,0,0,0,0,0,0,0,0,0,0,0,0,0,0,0,0,0,3,0,0,0,0,0,0
2020-12-31T23:59:59+01:00,0,0,0,0,0,0,1,0,0,0,1,0,0,1,0,0,0,0,0,0,0,0,0,0,0,0,0,0,0,0,0,0,3,0,0,0,0,0,0
2020-12-30T23:59:59+01:00,0,0,0,0,0,0,1,0,0,0,1,0,0,1,0,0,0,0,0,0,0,0,0,0,0,0,0,0,0,0,0,0,3,0,0,0,0,0,0
2020-12-29T23:59:59+01:00,0,0,0,0,0,0,1,0,0,0,1,0,0,1,0,0,0,0,0,0,0,0,0,0,0,0,0,0,0,0,0,0,3,0,0,0,0,0,0
2020-12-28T23:59:59+01:00,0,0,0,0,0,0,0,0,0,0,1,0,0,0,0,0,0,0,0,0,0,0,0,0,0,0,0,0,0,0,0,0,1,0,0,0,0,0,0
2020-12-27T23:59:59+01:00,0,0,0,0,0,0,0,0,0,0,0,0,0,0,0,0,0,0,0,0,0,0,0,0,0,0,0,0,0,0,0,0,0,0,0,0,0,0,0
