Datum,<15_1_m,<15_1_w,15-24_1_m,15-24_1_w,25-34_1_m,25-34_1_w,35-44_1_m,35-44_1_w,45-54_1_m,45-54_1_w,55-64_1_m,55-64_1_w,65-74_1_m,65-74_1_w,75-84_1_m,75-84_1_w,>84_1_m,>84_1_w,<15_2_m,<15_2_w,15-24_2_m,15-24_2_w,25-34_2_m,25-34_2_w,35-44_2_m,35-44_2_w,45-54_2_m,45-54_2_w,55-64_2_m,55-64_2_w,65-74_2_m,65-74_2_w,75-84_2_m,75-84_2_w,>84_2_m,>84_2_w,bp_1,bp_2,mo_1,mo_2,az_1,az_2,ja,unb_1,unb_2
2021-11-13T23:59:59+01:00,2714,2526,17610,16419,20384,18762,23090,23019,29437,30223,35482,36090,26241,29130,17764,22681,5389,10223,1998,1795,14559,13793,17720,16369,20796,20730,27036,27835,33464,34176,25467,28250,17271,22031,5210,9774,268966,243838,33076,31040,46624,44900,18459,90,37
2021-11-12T23:59:59+01:00,2654,2460,17329,16185,20164,18568,22929,22875,29273,30073,35359,35987,26216,29102,17749,22655,5383,10218,1990,1776,14476,13730,17629,16295,20713,20686,26963,27769,33425,34132,25462,28234,17270,22022,5210,9771,267034,243169,33024,31009,46623,44899,18439,90,37
2021-11-11T23:59:59+01:00,2592,2407,17143,16029,20003,18433,22785,22734,29138,29961,35286,35897,26178,29064,17732,22638,5380,10210,1975,1755,14400,13673,17561,16232,20644,20624,26900,27713,33372,34091,25445,28209,17265,22010,5206,9768,265620,242608,32946,30938,46623,44898,18362,90,37
2021-11-10T23:59:59+01:00,2543,2371,17012,15910,19856,18319,22681,22633,29037,29878,35216,35824,26152,29031,17723,22619,5376,10199,1966,1743,14364,13618,17515,16192,20599,20573,26850,27659,33334,34053,25418,28181,17248,22001,5206,9765,264457,242113,32913,30908,46622,44898,18329,90,37
2021-11-09T23:59:59+01:00,2525,2341,16898,15794,19750,18218,22571,22535,28959,29806,35148,35761,26130,29004,17709,22604,5374,10193,1959,1730,14338,13582,17491,16168,20573,20548,26818,27626,33301,34025,25407,28166,17240,21992,5206,9759,263435,241809,32890,30871,46622,44898,18314,90,37
2021-11-08T23:59:59+01:00,2421,2221,16666,15606,19625,18107,22465,22446,28865,29726,35071,35702,26105,28983,17696,22590,5372,10188,1948,1724,14289,13537,17464,16132,20549,20511,26788,27595,33274,33992,25395,28148,17238,21984,5201,9757,262012,241465,32889,30848,46616,44897,18279,90,37
2021-11-07T23:59:59+01:00,2407,2206,16621,15569,19566,18061,22420,22408,28825,29699,35033,35674,26097,28974,17691,22584,5372,10185,1937,1718,14272,13509,17445,16106,20531,20491,26778,27576,33253,33978,25387,28138,17231,21977,5200,9754,261582,241248,32887,30848,46613,44897,18251,90,37
2021-11-06T23:59:59+01:00,2369,2165,16405,15385,19397,17922,22288,22309,28704,29609,34968,35619,26083,28962,17686,22580,5371,10184,1932,1716,14247,13492,17421,16088,20519,20478,26764,27565,33247,33964,25383,28134,17229,21975,5200,9753,260198,241074,32885,30848,46613,44897,18251,90,37
2021-11-05T23:59:59+01:00,2296,2097,16092,15101,19157,17696,22078,22131,28538,29459,34862,35538,26067,28941,17679,22569,5371,10182,1915,1704,14166,13414,17363,16036,20465,20432,26722,27530,33225,33945,25376,28125,17224,21964,5200,9750,258203,240660,32824,30807,46613,44897,18155,90,37
2021-11-04T23:59:59+01:00,2260,2066,15944,14958,19010,17563,21974,22017,28431,29349,34783,35489,26054,28919,17676,22561,5370,10182,1895,1684,14106,13354,17303,15969,20415,20366,26678,27472,33181,33904,25363,28108,17211,21952,5200,9741,257183,240236,32778,30758,46608,44893,17978,90,37
2021-11-03T23:59:59+01:00,2242,2042,15826,14858,18911,17486,21876,21934,28346,29288,34726,35459,26034,28897,17669,22550,5367,10179,1877,1670,14070,13315,17265,15922,20378,20335,26642,27431,33140,33874,25348,28089,17202,21934,5199,9732,256309,239806,32772,30745,46608,44893,17942,90,37
2021-11-02T23:59:59+01:00,2233,2029,15755,14789,18826,17414,21803,21878,28280,29247,34691,35425,26022,28882,17661,22547,5366,10174,1857,1658,14026,13273,17218,15893,20342,20300,26613,27406,33108,33841,25338,28074,17197,21924,5197,9726,255704,239424,32743,30730,46608,44892,17908,90,37
2021-11-01T23:59:59+01:00,2226,2017,15697,14749,18761,17381,21759,21849,28243,29226,34671,35408,26016,28881,17660,22544,5366,10173,1845,1651,13988,13250,17196,15866,20321,20286,26593,27388,33096,33834,25330,28070,17194,21915,5196,9724,255334,239208,32743,30722,46606,44891,17885,90,37
2021-10-31T23:59:59+01:00,2226,2017,15697,14749,18761,17381,21759,21849,28242,29226,34671,35408,26016,28881,17660,22544,5366,10173,1845,1651,13988,13250,17196,15865,20321,20286,26592,27388,33096,33834,25330,28070,17194,21915,5196,9724,255334,239207,32743,30722,46606,44891,17884,90,37
2021-10-30T23:59:59+02:00,2224,2014,15694,14749,18761,17381,21757,21848,28241,29226,34671,35407,26016,28880,17660,22544,5366,10173,1843,1649,13987,13250,17196,15865,20321,20286,26592,27388,33095,33834,25330,28070,17194,21915,5196,9724,255321,239201,32742,30722,46606,44891,17884,90,37
2021-10-29T23:59:59+02:00,2200,1983,15562,14645,18616,17271,21635,21762,28122,29155,34604,35366,26005,28872,17655,22542,5366,10171,1830,1636,13922,13215,17145,15818,20272,20264,26555,27363,33076,33814,25327,28066,17192,21911,5196,9721,254410,238946,32693,30685,46606,44891,17764,90,37
2021-10-28T23:59:59+02:00,2177,1954,15425,14548,18432,17154,21515,21675,28023,29082,34543,35318,25992,28860,17651,22535,5366,10169,1816,1620,13844,13141,17050,15752,20211,20209,26507,27320,33037,33788,25305,28047,17185,21902,5192,9717,253571,238550,32608,30592,46605,44888,17576,90,37
2021-10-27T23:59:59+02:00,2152,1941,15364,14489,18384,17105,21459,21647,27989,29051,34516,35298,25987,28844,17644,22532,5366,10168,1804,1606,13812,13107,17029,15732,20197,20192,26488,27285,33014,33768,25287,28026,17177,21886,5188,9715,253122,238255,32605,30588,46605,44888,17545,90,37
2021-10-26T23:59:59+02:00,2139,1917,15322,14457,18346,17070,21429,21630,27971,29031,34497,35288,25979,28840,17641,22529,5366,10168,1795,1599,13788,13069,17004,15705,20175,20172,26471,27267,32992,33755,25276,28008,17167,21867,5184,9698,252819,237950,32599,30579,46605,44888,17538,90,37
2021-10-25T23:59:59+02:00,2132,1912,15289,14439,18324,17053,21414,21621,27958,29025,34493,35283,25979,28838,17641,22529,5366,10168,1794,1599,13784,13066,17001,15703,20175,20169,26470,27266,32989,33753,25276,28008,17167,21866,5184,9698,252667,237930,32595,30575,46605,44888,17538,90,37
2021-10-24T23:59:59+02:00,2122,1906,15274,14432,18309,17043,21402,21612,27946,29012,34485,35277,25978,28833,17639,22529,5366,10168,1788,1593,13772,13047,16994,15690,20168,20160,26460,27260,32984,33745,25272,28003,17165,21865,5183,9697,252545,237815,32595,30575,46603,44888,17531,90,37
2021-10-23T23:59:59+02:00,2122,1906,15274,14432,18308,17043,21402,21611,27946,29012,34485,35277,25978,28833,17639,22529,5366,10168,1788,1593,13772,13047,16994,15690,20168,20160,26460,27260,32983,33745,25272,28003,17165,21865,5183,9697,252543,237814,32595,30575,46603,44888,17531,90,37
2021-10-22T23:59:59+02:00,2107,1890,15207,14386,18216,16983,21335,21562,27892,28965,34454,35261,25978,28829,17638,22526,5365,10167,1771,1572,13719,12983,16949,15655,20138,20136,26440,27242,32963,33728,25264,28001,17165,21862,5183,9696,252071,237495,32535,30554,46603,44888,17493,90,37
2021-10-21T23:59:59+02:00,2077,1858,15089,14303,18096,16892,21244,21502,27819,28902,34389,35222,25964,28809,17632,22516,5364,10163,1744,1555,13641,12902,16881,15605,20081,20093,26386,27196,32915,33693,25247,27981,17154,21838,5182,9691,251314,237024,32481,30453,46603,44888,17383,90,37
2021-10-20T23:59:59+02:00,2064,1847,15043,14269,18046,16855,21196,21462,27788,28876,34361,35204,25957,28796,17624,22505,5363,10158,1722,1542,13612,12869,16848,15569,20051,20062,26355,27166,32892,33660,25227,27969,17143,21828,5182,9686,250913,236647,32467,30441,46603,44888,17370,90,37
2021-10-19T23:59:59+02:00,2055,1840,15023,14239,18025,16834,21180,21447,27775,28859,34343,35192,25945,28787,17622,22502,5363,10158,1708,1524,13592,12831,16812,15532,20021,20038,26331,27142,32861,33638,25210,27952,17137,21814,5178,9680,250701,236279,32467,30440,46603,44888,17357,90,37
2021-10-18T23:59:59+02:00,2050,1833,15001,14221,18008,16813,21155,21422,27761,28847,34330,35178,25943,28781,17620,22499,5360,10157,1694,1512,13565,12800,16797,15505,20000,20013,26313,27117,32846,33618,25198,27944,17133,21806,5175,9678,250515,236019,32456,30428,46603,44886,17344,90,37
2021-10-17T23:59:59+02:00,2046,1831,14976,14211,18005,16807,21151,21416,27755,28838,34327,35173,25938,28778,17618,22499,5359,10153,1692,1506,13538,12779,16777,15489,19986,19996,26297,27107,32837,33607,25189,27936,17129,21803,5170,9669,250427,235826,32455,30428,46603,44881,17335,90,37
2021-10-16T23:59:59+02:00,2046,1830,14976,14209,18005,16807,21150,21416,27755,28838,34327,35173,25938,28778,17618,22499,5359,10153,1692,1506,13538,12779,16777,15489,19986,19996,26297,27107,32837,33607,25189,27936,17129,21803,5170,9669,250423,235826,32455,30428,46603,44881,17335,90,37
2021-10-15T23:59:59+02:00,2041,1815,14947,14176,17985,16784,21126,21402,27740,28828,34312,35167,25938,28775,17617,22495,5359,10151,1675,1484,13468,12724,16743,15456,19949,19970,26275,27082,32826,33591,25186,27933,17124,21800,5169,9668,250256,235504,32430,30393,46603,44881,17308,90,37
2021-10-14T23:59:59+02:00,2013,1798,14853,14109,17924,16730,21088,21369,27703,28797,34283,35145,25930,28767,17613,22487,5358,10145,1648,1455,13370,12629,16678,15393,19903,19900,26217,27031,32783,33555,25168,27910,17110,21781,5167,9665,249846,234974,32374,30243,46603,44881,17228,90,37
2021-10-13T23:59:59+02:00,1998,1789,14821,14065,17899,16702,21072,21350,27679,28781,34262,35132,25923,28757,17605,22479,5357,10142,1633,1443,13325,12589,16648,15358,19866,19854,26189,27006,32754,33514,25148,27889,17101,21756,5162,9659,249566,234526,32372,30239,46603,44881,17211,90,37
2021-10-12T23:59:59+02:00,1989,1784,14790,14032,17880,16675,21046,21328,27660,28760,34243,35115,25918,28751,17603,22471,5356,10140,1619,1435,13284,12543,16624,15314,19832,19819,26164,26979,32725,33491,25130,27865,17090,21734,5152,9628,249304,234070,32370,30237,46603,44881,17203,90,37
2021-10-11T23:59:59+02:00,1983,1776,14767,14019,17866,16658,21032,21316,27648,28750,34234,35101,25914,28744,17599,22466,5356,10136,1615,1425,13250,12511,16608,15286,19813,19793,26145,26952,32700,33463,25112,27844,17083,21722,5151,9618,249144,233748,32370,30237,46602,44881,17188,90,37
2021-10-10T23:59:59+02:00,1970,1764,14749,14001,17848,16643,21022,21302,27642,28745,34223,35094,25914,28740,17598,22463,5354,10136,1595,1415,13222,12486,16581,15258,19792,19773,26129,26934,32687,33448,25104,27834,17078,21719,5149,9615,249002,233495,32370,30237,46602,44877,17173,90,37
2021-10-09T23:59:59+02:00,1970,1764,14749,14001,17847,16642,21021,21302,27642,28745,34222,35093,25914,28738,17598,22463,5354,10136,1595,1415,13222,12486,16580,15258,19791,19773,26129,26933,32686,33446,25104,27832,17078,21719,5149,9615,249001,233494,32370,30236,46602,44877,17167,90,37
2021-10-08T23:59:59+02:00,1953,1749,14712,13979,17819,16617,20998,21287,27623,28731,34207,35078,25909,28737,17598,22461,5353,10134,1572,1376,13145,12398,16524,15207,19738,19733,26100,26900,32665,33425,25093,27821,17073,21714,5147,9614,248805,232987,32352,30219,46602,44877,17125,90,37
2021-10-07T23:59:59+02:00,1931,1729,14643,13906,17751,16564,20952,21226,27575,28702,34157,35048,25885,28715,17590,22448,5352,10130,1532,1343,13049,12324,16460,15136,19688,19684,26026,26849,32617,33382,25068,27799,17055,21695,5139,9597,248345,232468,32294,30059,46601,44876,17003,90,37
2021-10-06T23:59:59+02:00,1923,1711,14607,13870,17727,16536,20934,21203,27545,28670,34124,35027,25871,28702,17587,22443,5349,10127,1515,1330,13022,12283,16435,15108,19663,19658,25998,26823,32594,33352,25056,27786,17045,21683,5137,9591,248043,232152,32294,30059,46601,44876,16955,90,37
2021-10-05T23:59:59+02:00,1916,1699,14583,13832,17694,16520,20913,21181,27523,28643,34104,35000,25854,28686,17578,22432,5349,10123,1498,1315,12989,12251,16409,15090,19642,19634,25977,26796,32572,33334,25049,27777,17038,21676,5133,9586,247741,231862,32293,30059,46600,44875,16933,90,37
2021-10-04T23:59:59+02:00,1904,1694,14537,13794,17663,16492,20892,21160,27500,28619,34088,34981,25847,28669,17575,22427,5348,10119,1476,1299,12955,12214,16390,15060,19629,19610,25953,26768,32554,33306,25038,27767,17032,21669,5131,9582,247489,231575,32266,30056,46599,44874,16891,90,37
2021-10-03T23:59:59+02:00,1892,1688,14519,13765,17645,16474,20880,21150,27490,28607,34078,34972,25838,28664,17568,22419,5347,10117,1465,1289,12933,12196,16366,15042,19618,19599,25943,26755,32543,33293,25027,27756,17032,21661,5131,9582,247351,231424,32256,30052,46596,44873,16845,90,37
2021-10-02T23:59:59+02:00,1891,1688,14517,13764,17644,16473,20880,21149,27490,28607,34077,34972,25838,28663,17568,22419,5347,10117,1465,1289,12933,12195,16366,15042,19618,19599,25943,26755,32543,33293,25027,27756,17032,21661,5131,9582,247342,231423,32256,30052,46596,44873,16845,90,37
2021-10-01T23:59:59+02:00,1878,1669,14454,13700,17582,16421,20838,21107,27454,28587,34051,34953,25830,28659,17568,22413,5347,10114,1430,1252,12830,12092,16284,14985,19559,19550,25907,26720,32511,33265,25012,27741,17028,21653,5130,9580,247013,230850,32224,30042,46596,44873,16727,90,37
2021-09-30T23:59:59+02:00,1865,1649,14356,13614,17518,16363,20776,21055,27397,28529,33993,34926,25808,28642,17559,22402,5345,10111,1406,1228,12724,12017,16211,14937,19508,19497,25852,26662,32456,33237,24991,27719,17022,21641,5127,9579,246643,230540,32096,29862,46593,44864,16511,90,37
2021-09-29T23:59:59+02:00,1850,1629,14331,13589,17495,16321,20738,21025,27370,28496,33967,34903,25788,28626,17553,22392,5345,10110,1388,1215,12692,11984,16191,14909,19495,19478,25837,26644,32438,33214,24976,27706,17012,21628,5124,9575,246293,230262,32095,29862,46593,44863,16482,90,37
2021-09-28T23:59:59+02:00,1833,1620,14302,13557,17466,16287,20711,20991,27338,28473,33940,34879,25774,28606,17543,22382,5342,10104,1363,1208,12652,11953,16170,14881,19481,19452,25818,26633,32425,33193,24970,27695,17009,21622,5122,9574,245941,230005,32094,29862,46593,44862,16455,90,37
2021-09-27T23:59:59+02:00,1825,1615,14274,13532,17447,16265,20686,20968,27316,28454,33921,34857,25766,28593,17541,22374,5342,10101,1349,1197,12614,11919,16149,14859,19455,19435,25798,26611,32416,33173,24962,27682,17003,21615,5120,9573,245722,229772,32094,29862,46593,44856,16403,90,37
2021-09-26T23:59:59+02:00,1821,1610,14258,13512,17427,16248,20675,20953,27300,28439,33913,34844,25755,28588,17537,22373,5341,10100,1342,1193,12598,11899,16134,14842,19442,19423,25789,26600,32405,33162,24956,27680,17000,21611,5119,9572,245570,229641,32094,29861,46593,44856,16372,90,37
2021-09-25T23:59:59+02:00,1818,1608,14245,13496,17406,16237,20654,20942,27281,28423,33900,34836,25748,28583,17532,22370,5340,10098,1340,1191,12587,11885,16116,14832,19422,19411,25774,26583,32393,33154,24950,27675,16995,21608,5119,9570,245527,229614,32094,29861,46593,44856,16237,90,37
2021-09-24T23:59:59+02:00,1800,1584,14163,13415,17337,16186,20599,20892,27242,28379,33860,34805,25730,28572,17522,22360,5338,10094,1311,1172,12490,11781,16034,14765,19368,19350,25727,26547,32345,33124,24927,27654,16986,21596,5117,9566,245131,229098,32075,29856,46593,44856,16013,90,37
2021-09-23T23:59:59+02:00,1779,1564,14059,13316,17244,16100,20507,20815,27160,28321,33811,34745,25704,28549,17510,22341,5334,10087,1298,1163,12401,11706,15964,14698,19294,19300,25667,26490,32299,33088,24907,27635,16980,21585,5114,9560,244640,228765,31974,29818,46592,44855,15674,90,37
2021-09-22T23:59:59+02:00,1760,1551,14022,13268,17194,16058,20455,20768,27121,28274,33760,34694,25674,28522,17502,22319,5330,10083,1281,1154,12359,11660,15918,14665,19264,19271,25638,26462,32249,33053,24879,27610,16974,21571,5110,9551,244219,228442,31949,29809,46592,44853,15528,90,37
2021-09-21T23:59:59+02:00,1747,1536,13960,13215,17172,16008,20422,20729,27090,28234,33724,34673,25661,28505,17490,22295,5322,10055,1256,1131,12312,11600,15888,14637,19231,19232,25611,26434,32224,33026,24858,27593,16971,21562,5108,9540,243728,228061,31945,29759,46592,44851,15506,90,37
2021-09-20T23:59:59+02:00,1737,1529,13909,13176,17135,15967,20381,20696,27048,28196,33689,34639,25641,28478,17482,22278,5311,10028,1237,1127,12256,11564,15855,14614,19202,19206,25582,26410,32202,33002,24845,27580,16968,21554,5103,9526,243287,227757,31945,29759,46592,44851,15429,90,37
2021-09-19T23:59:59+02:00,1732,1520,13884,13150,17104,15945,20354,20677,27027,28168,33676,34625,25633,28469,17479,22275,5310,10026,1233,1116,12232,11543,15833,14594,19188,19187,25569,26398,32192,32991,24838,27575,16962,21548,5102,9526,243058,227590,31944,29758,46592,44849,15393,90,37
2021-09-18T23:59:59+02:00,1729,1516,13872,13138,17093,15938,20344,20670,27020,28164,33670,34621,25633,28469,17479,22274,5310,10026,1233,1114,12225,11535,15823,14589,19178,19184,25562,26394,32187,32989,24838,27575,16962,21548,5102,9526,243021,227570,31931,29753,46592,44849,15355,90,37
2021-09-17T23:59:59+02:00,1706,1482,13771,13024,16985,15862,20263,20599,26950,28104,33617,34577,25610,28446,17467,22263,5309,10023,1216,1097,12140,11458,15722,14512,19090,19112,25493,26325,32124,32946,24819,27555,16952,21530,5101,9522,242556,227129,31884,29741,46592,44848,14959,90,37
2021-09-16T23:59:59+02:00,1679,1444,13672,12914,16897,15766,20172,20509,26848,28017,33540,34511,25578,28413,17453,22239,5302,10002,1192,1071,12050,11379,15652,14448,19009,19033,25404,26243,32063,32891,24777,27517,16942,21517,5098,9511,241939,226661,31787,29682,46592,44846,14571,90,37
2021-09-15T23:59:59+02:00,1661,1435,13612,12861,16845,15704,20126,20459,26792,27966,33488,34455,25552,28381,17438,22210,5295,9979,1172,1055,11990,11318,15596,14397,18957,18983,25343,26193,32005,32835,24745,27484,16926,21498,5094,9500,241519,226225,31766,29666,46588,44844,14319,90,37
2021-09-14T23:59:59+02:00,1645,1424,13548,12793,16772,15652,20066,20412,26742,27909,33438,34404,25529,28362,17425,22199,5291,9974,1144,1033,11927,11256,15523,14337,18903,18938,25295,26139,31948,32782,24714,27461,16912,21482,5094,9495,241117,225831,31714,29572,46588,44844,14099,90,37
2021-09-13T23:59:59+02:00,1623,1408,13510,12756,16745,15625,20047,20387,26720,27884,33417,34380,25518,28354,17420,22188,5291,9971,1127,1018,11884,11222,15490,14315,18880,18908,25271,26111,31921,32760,24703,27450,16899,21473,5091,9494,240835,225523,31713,29570,46583,44842,14045,90,37
2021-09-12T23:59:59+02:00,1612,1405,13477,12733,16703,15609,20033,20376,26709,27865,33411,34368,25512,28347,17419,22184,5291,9968,1115,1012,11840,11202,15444,14297,18856,18887,25255,26098,31907,32746,24695,27441,16896,21469,5090,9491,240675,225308,31713,29570,46581,44841,13985,90,37
2021-09-11T23:59:59+02:00,1601,1404,13461,12721,16689,15600,20023,20373,26697,27859,33407,34364,25508,28346,17418,22183,5289,9968,1036,950,11773,11151,15428,14289,18848,18876,25242,26087,31899,32733,24693,27439,16895,21468,5090,9491,240610,224984,31692,29568,46581,44841,13958,90,37
2021-09-10T23:59:59+02:00,1562,1358,13312,12594,16617,15523,19916,20288,26615,27795,33345,34310,25468,28315,17403,22160,5283,9963,1009,925,11652,11048,15343,14206,18739,18792,25149,26030,31825,32676,24651,27408,16879,21448,5085,9486,240012,224428,31674,29557,46581,44841,13488,90,37
2021-09-09T23:59:59+02:00,1539,1337,13242,12529,16563,15473,19863,20250,26562,27728,33303,34270,25440,28297,17398,22147,5279,9956,989,901,11588,10975,15291,14154,18686,18761,25093,25989,31777,32642,24629,27393,16866,21438,5082,9475,239642,224053,31599,29517,46581,44841,13281,90,37
2021-09-08T23:59:59+02:00,1524,1320,13213,12505,16547,15449,19843,20237,26546,27716,33290,34259,25428,28289,17392,22141,5276,9953,977,885,11544,10931,15266,14136,18674,18744,25075,25965,31755,32631,24615,27378,16864,21432,5082,9473,239422,223776,31599,29517,46577,44840,13257,90,37
2021-09-07T23:59:59+02:00,1491,1302,13155,12458,16507,15417,19820,20208,26509,27695,33256,34229,25403,28271,17386,22126,5271,9947,959,876,11485,10866,15212,14083,18637,18711,25028,25920,31703,32604,24587,27355,16856,21415,5077,9471,239188,223468,31515,29402,46577,44840,13098,90,37
2021-09-06T23:59:59+02:00,1476,1293,13125,12424,16486,15394,19801,20187,26493,27680,33245,34220,25401,28259,17383,22122,5268,9947,946,867,11463,10834,15194,14051,18615,18695,25012,25900,31681,32589,24577,27343,16855,21407,5074,9471,238971,223239,31515,29391,46577,44839,13068,90,37
2021-09-05T23:59:59+02:00,1466,1285,13108,12404,16470,15378,19790,20180,26487,27671,33235,34208,25399,28256,17381,22118,5268,9947,939,862,11444,10818,15169,14035,18604,18686,25005,25893,31672,32569,24574,27332,16852,21402,5072,9470,238843,223089,31515,29391,46577,44838,13043,90,37
2021-09-04T23:59:59+02:00,1466,1285,13107,12403,16470,15378,19788,20180,26486,27671,33235,34208,25399,28256,17381,22117,5268,9947,938,862,11444,10816,15167,14035,18599,18686,25004,25891,31672,32567,24573,27332,16852,21402,5072,9470,238841,223078,31515,29390,46577,44838,13039,90,37
2021-09-03T23:59:59+02:00,1439,1269,13005,12306,16414,15325,19750,20141,26444,27644,33198,34191,25381,28245,17377,22106,5266,9946,894,828,11303,10689,15104,13959,18528,18640,24933,25842,31613,32531,24540,27304,16839,21386,5069,9466,238342,222266,31515,29387,46577,44838,12940,90,37
2021-09-02T23:59:59+02:00,1424,1262,12941,12264,16371,15292,19716,20114,26410,27610,33173,34170,25366,28233,17372,22101,5266,9942,889,822,11226,10651,15056,13924,18490,18620,24900,25820,31575,32501,24521,27283,16833,21381,5069,9464,238119,222003,31451,29345,46573,44829,12811,90,37
2021-09-01T23:59:59+02:00,1401,1247,12905,12226,16350,15272,19697,20099,26392,27590,33151,34145,25356,28222,17366,22091,5263,9938,874,800,11185,10616,15036,13896,18470,18600,24879,25798,31550,32469,24506,27269,16825,21375,5067,9462,237819,221673,31451,29343,46572,44828,12796,90,37
2021-08-31T23:59:59+02:00,1369,1225,12850,12166,16304,15236,19664,20054,26346,27541,33111,34110,25340,28201,17360,22078,5259,9934,852,775,11113,10547,14988,13835,18418,18567,24829,25744,31493,32426,24475,27253,16816,21362,5064,9455,237508,221244,31388,29314,46572,44809,12608,89,37
2021-08-30T23:59:59+02:00,1345,1210,12805,12128,16279,15214,19644,20037,26323,27524,33089,34093,25329,28191,17360,22074,5257,9932,844,764,11035,10514,14960,13814,18396,18543,24801,25728,31466,32399,24464,27238,16810,21355,5061,9452,237253,220947,31388,29314,46572,44798,12548,89,37
2021-08-29T23:59:59+02:00,1339,1204,12791,12111,16268,15205,19635,20027,26320,27515,33082,34079,25324,28185,17358,22073,5257,9932,831,755,11017,10477,14949,13797,18380,18529,24788,25718,31457,32387,24455,27226,16808,21350,5061,9452,237148,220768,31388,29314,46572,44794,12524,89,37
2021-08-28T23:59:59+02:00,1332,1190,12759,12090,16253,15193,19624,20013,26313,27505,33073,34073,25322,28180,17357,22070,5257,9931,812,730,10941,10406,14914,13764,18333,18502,24752,25685,31414,32356,24438,27213,16799,21334,5061,9449,236985,220241,31388,29314,46572,44794,12517,89,37
2021-08-27T23:59:59+02:00,1313,1175,12696,12035,16207,15145,19566,19963,26258,27455,33030,34043,25304,28169,17353,22056,5257,9928,809,725,10904,10372,14873,13738,18317,18486,24717,25661,31386,32335,24425,27202,16796,21330,5061,9448,236561,220083,31388,29313,46572,44793,12359,89,37
2021-08-26T23:59:59+02:00,1293,1159,12626,11979,16161,15102,19522,19923,26204,27397,32979,33998,25274,28140,17346,22046,5254,9924,799,710,10835,10322,14825,13694,18271,18457,24672,25623,31340,32296,24403,27185,16788,21321,5061,9444,236191,219765,31329,29298,46572,44786,12160,89,37
2021-08-25T23:59:59+02:00,1276,1144,12603,11937,16140,15076,19500,19907,26177,27379,32944,33969,25255,28122,17339,22039,5253,9921,785,697,10785,10280,14794,13665,18238,18426,24649,25604,31307,32258,24390,27168,16781,21311,5059,9441,235876,219388,31329,29298,46566,44782,12133,89,37
2021-08-24T23:59:59+02:00,1249,1126,12544,11864,16083,15032,19455,19866,26130,27334,32899,33936,25235,28098,17327,22027,5252,9916,763,677,10707,10206,14750,13625,18192,18390,24599,25553,31265,32221,24366,27141,16766,21295,5058,9440,235565,218975,31202,29258,46566,44782,11962,89,37
2021-08-23T23:59:59+02:00,1236,1113,12506,11828,16058,15013,19434,19831,26110,27298,32869,33914,25221,28085,17323,22018,5252,9913,740,661,10651,10153,14720,13587,18154,18356,24572,25523,31230,32188,24353,27121,16759,21292,5056,9439,235266,218570,31201,29258,46565,44779,11911,89,37
2021-08-22T23:59:59+02:00,1228,1106,12491,11806,16043,14997,19427,19812,26098,27287,32858,33898,25210,28079,17321,22016,5249,9913,725,652,10622,10124,14698,13570,18134,18345,24559,25505,31215,32175,24345,27110,16757,21287,5055,9438,235101,218350,31201,29258,46565,44778,11893,89,37
2021-08-21T23:59:59+02:00,1140,1034,12416,11748,16031,14985,19416,19800,26088,27276,32848,33882,25205,28075,17318,22013,5249,9913,714,646,10598,10094,14681,13566,18125,18333,24550,25499,31208,32169,24342,27110,16756,21287,5055,9438,234727,218227,31195,29258,46565,44778,11871,89,37
2021-08-20T23:59:59+02:00,1120,1018,12355,11679,15971,14930,19353,19761,26034,27243,32798,33855,25190,28064,17309,22008,5248,9911,710,640,10543,10057,14639,13530,18085,18307,24515,25480,31178,32152,24333,27103,16750,21284,5055,9437,234226,217943,31195,29258,46565,44778,11782,89,37
2021-08-19T23:59:59+02:00,1094,994,12286,11622,15910,14898,19303,19710,25972,27193,32755,33820,25159,28041,17297,21997,5245,9909,701,628,10448,9978,14570,13491,18029,18269,24446,25437,31111,32108,24292,27084,16741,21267,5054,9434,233933,217507,31103,29249,46565,44770,11525,89,37
2021-08-18T23:59:59+02:00,1082,978,12246,11586,15881,14868,19275,19680,25942,27162,32718,33794,25140,28029,17292,21988,5243,9908,687,617,10393,9910,14522,13467,17979,18240,24399,25400,31052,32069,24270,27066,16735,21254,5050,9428,233615,217049,31102,29241,46564,44759,11452,89,37
2021-08-17T23:59:59+02:00,1055,953,12195,11545,15852,14826,19244,19648,25914,27139,32682,33756,25122,28009,17282,21971,5242,9902,672,593,10299,9828,14468,13419,17925,18186,24349,25359,30992,32026,24242,27042,16724,21234,5048,9421,233312,216451,30977,29181,46564,44755,11404,89,36
2021-08-16T23:59:59+02:00,1043,946,12163,11518,15834,14809,19225,19629,25891,27115,32663,33734,25102,27994,17274,21956,5239,9900,657,580,10243,9760,14443,13376,17900,18149,24305,25324,30955,31995,24215,27008,16709,21220,5048,9418,233082,216006,30976,29181,46564,44749,11333,89,36
2021-08-15T23:59:59+02:00,1035,946,12138,11502,15820,14792,19211,19614,25881,27105,32642,33719,25096,27985,17270,21945,5238,9900,650,572,10195,9725,14405,13353,17877,18126,24280,25310,30934,31969,24197,27000,16704,21212,5047,9416,232922,215712,30975,29181,46563,44744,11299,89,36
2021-08-14T23:59:59+02:00,1034,946,12137,11499,15820,14791,19208,19612,25880,27105,32642,33718,25096,27985,17270,21945,5238,9900,594,511,10029,9505,14299,13262,17802,18080,24231,25278,30894,31936,24182,26987,16701,21209,5045,9415,232914,214707,30975,29180,46563,44743,11294,89,36
2021-08-13T23:59:59+02:00,989,906,11985,11374,15768,14730,19143,19556,25809,27054,32590,33682,25071,27956,17259,21935,5237,9896,586,506,9976,9450,14259,13233,17763,18055,24199,25258,30870,31915,24171,26974,16695,21200,5045,9411,232084,214369,30974,29180,46563,44740,11241,87,36
2021-08-12T23:59:59+02:00,975,884,11928,11313,15719,14690,19106,19530,25763,27030,32544,33653,25046,27940,17250,21929,5237,9893,577,497,9884,9384,14186,13191,17701,18005,24132,25222,30816,31866,24143,26949,16679,21182,5043,9411,231852,213946,30949,29174,46563,44725,10987,87,36
2021-08-11T23:59:59+02:00,961,873,11895,11279,15700,14667,19073,19512,25741,27011,32519,33624,25027,27917,17246,21921,5236,9891,533,464,9811,9322,14132,13150,17654,17961,24091,25200,30776,31818,24113,26917,16663,21169,5042,9405,231559,213373,30948,29170,46562,44697,10945,87,36
2021-08-10T23:59:59+02:00,942,863,11807,11227,15648,14636,19029,19475,25687,26976,32462,33570,25010,27902,17239,21908,5235,9888,520,457,9715,9234,14080,13115,17622,17927,24044,25161,30723,31771,24080,26883,16656,21149,5038,9400,231177,212849,30816,29135,46560,44683,10872,87,36
2021-08-09T23:59:59+02:00,939,846,11779,11192,15632,14620,19007,19462,25655,26954,32433,33540,25002,27893,17233,21900,5235,9885,508,440,9660,9172,14039,13065,17585,17886,24013,25116,30688,31732,24066,26866,16651,21136,5036,9394,230937,212393,30816,29132,46559,44676,10816,87,36
2021-08-08T23:59:59+02:00,928,839,11743,11169,15609,14606,18987,19441,25630,26933,32410,33523,24994,27877,17226,21896,5234,9885,486,431,9583,9116,13990,13036,17558,17856,23980,25081,30656,31701,24053,26847,16643,21122,5035,9391,230742,211990,30816,29131,46559,44675,10733,87,36
2021-08-07T23:59:59+02:00,908,812,11646,11091,15565,14565,18945,19407,25591,26903,32364,33491,24977,27865,17217,21878,5233,9882,417,358,8963,8526,13546,12681,17344,17670,23829,24971,30503,31624,23995,26796,16622,21095,5030,9388,230153,208786,30816,29129,46559,44675,10732,87,36
2021-08-06T23:59:59+02:00,899,809,11616,11066,15551,14552,18934,19401,25576,26887,32355,33484,24973,27861,17212,21876,5233,9881,375,309,8377,7905,13033,12283,17115,17464,23684,24859,30408,31545,23964,26749,16610,21081,5027,9381,230104,205614,30695,29116,46559,44675,10728,87,36
2021-08-05T23:59:59+02:00,896,802,11576,11035,15508,14523,18894,19369,25530,26852,32307,33437,24932,27839,17210,21865,5233,9875,367,303,8322,7841,12984,12231,17066,17423,23620,24819,30332,31491,23917,26707,16596,21063,5025,9372,229876,205192,30694,29111,46557,44666,10474,87,36
2021-08-04T23:59:59+02:00,879,786,11546,11005,15489,14491,18861,19343,25503,26823,32261,33398,24917,27826,17205,21859,5231,9867,345,293,8232,7754,12928,12184,17013,17379,23563,24775,30272,31420,23880,26669,16586,21050,5023,9366,229609,204603,30692,29110,46555,44631,10352,87,36
2021-08-03T23:59:59+02:00,863,769,11499,10965,15465,14469,18829,19323,25477,26794,32226,33363,24897,27807,17195,21854,5227,9866,320,282,8150,7668,12858,12132,16944,17327,23503,24737,30229,31370,23844,26635,16571,21039,5020,9362,229273,203943,30690,29100,46554,44623,10289,87,36
2021-08-02T23:59:59+02:00,854,766,11463,10935,15442,14438,18802,19303,25448,26769,32194,33335,24883,27787,17187,21845,5226,9864,310,275,8053,7576,12780,12071,16885,17262,23446,24665,30178,31312,23825,26612,16550,21029,5018,9357,228992,203231,30689,29099,46554,44615,10223,87,36
2021-08-01T23:59:59+02:00,846,759,11437,10906,15429,14424,18787,19292,25428,26757,32177,33320,24879,27778,17186,21842,5224,9863,297,258,7986,7509,12718,12023,16839,17215,23409,24633,30151,31287,23809,26593,16546,21023,5016,9356,228845,202771,30685,29098,46554,44596,10167,87,36
2021-07-31T23:59:59+02:00,843,758,11434,10900,15427,14421,18783,19288,25427,26756,32174,33319,24879,27777,17186,21842,5224,9863,275,238,7833,7324,11948,11354,16283,16776,23313,24554,30086,31216,23779,26557,16534,21004,5015,9354,228815,199549,30684,29098,46554,44595,10165,87,36
2021-07-30T23:59:59+02:00,842,757,11421,10891,15424,14418,18776,19281,25420,26751,32164,33314,24878,27775,17186,21839,5224,9863,228,198,7552,7085,11405,10907,15804,16345,23175,24447,29977,31104,23742,26512,16517,20982,5015,9350,228747,196470,30683,29097,46552,44583,10159,87,36
2021-07-29T23:59:59+02:00,830,748,11382,10844,15386,14397,18736,19255,25383,26717,32111,33285,24860,27755,17175,21821,5224,9860,138,134,7180,6777,10740,10387,15287,15929,22998,24301,29829,30993,23687,26460,16488,20957,5011,9347,228429,192998,30681,29087,46552,44498,10024,87,36
2021-07-28T23:59:59+02:00,811,735,11335,10791,15362,14368,18705,19227,25357,26689,32084,33260,24844,27737,17170,21809,5223,9856,119,105,7015,6624,10593,10263,15174,15794,22905,24205,29727,30894,23645,26402,16469,20928,5010,9337,228100,191748,30681,29085,46547,44388,9952,87,36
2021-07-27T23:59:59+02:00,802,726,11290,10751,15319,14328,18664,19201,25328,26663,32048,33238,24828,27712,17163,21797,5222,9848,99,92,6794,6410,10432,10148,15029,15662,22801,24095,29619,30781,23593,26338,16453,20901,5007,9325,227779,190595,30681,28757,46546,44352,9839,87,36
2021-07-26T23:59:59+02:00,792,713,11240,10702,15293,14307,18646,19173,25300,26632,32015,33212,24813,27690,17151,21785,5221,9845,91,83,6678,6334,10336,10074,14962,15582,22718,24035,29554,30707,23560,26294,16441,20884,5003,9319,227478,189810,30679,28753,46545,44312,9744,87,36
2021-07-25T23:59:59+02:00,781,703,11211,10674,15272,14282,18626,19149,25273,26607,31994,33194,24796,27679,17147,21776,5220,9843,76,78,6602,6254,10268,10011,14888,15522,22664,23981,29498,30669,23529,26273,16429,20870,5003,9315,227279,189222,30679,28749,46544,44282,9641,87,36
2021-07-24T23:59:59+02:00,757,681,11134,10591,15233,14255,18602,19128,25253,26591,31982,33181,24796,27675,17144,21774,5220,9843,76,77,6203,5906,10119,9898,14512,15239,22440,23822,29380,30585,23493,26235,16412,20853,5000,9311,226899,186865,30679,28746,46544,44280,9634,87,36
2021-07-23T23:59:59+02:00,731,659,11066,10505,15203,14221,18574,19114,25232,26570,31967,33163,24785,27670,17142,21774,5220,9840,73,73,5831,5600,10000,9791,14165,14974,22243,23646,29260,30467,23441,26167,16401,20832,4996,9304,226511,184595,30678,28746,46544,44268,9619,87,36
2021-07-22T23:59:59+02:00,690,619,10911,10340,15105,14132,18487,19065,25152,26516,31894,33099,24749,27629,17128,21756,5216,9835,61,62,5514,5303,9731,9575,13581,14496,21922,23387,29028,30238,23340,26069,16359,20794,4992,9301,225555,181270,30677,28734,46543,44249,9464,87,36
2021-07-21T23:59:59+02:00,670,594,10846,10285,15068,14105,18447,19027,25112,26486,31854,33049,24724,27594,17112,21744,5213,9830,51,56,4906,4838,9288,9319,13197,14266,21689,23233,28841,30089,23275,25993,16334,20771,4990,9298,225124,179498,30666,27473,46540,44081,9346,87,36
2021-07-20T23:59:59+02:00,652,577,10788,10230,15042,14068,18412,19000,25081,26454,31818,33015,24704,27573,17107,21729,5210,9823,46,46,4765,4726,9139,9188,13030,14131,21576,23112,28710,29965,23195,25889,16312,20731,4983,9292,224743,178156,30666,27461,46538,43932,9251,87,36
2021-07-19T23:59:59+02:00,639,564,10749,10199,15011,14044,18388,18991,25052,26428,31785,32986,24687,27550,17101,21718,5208,9820,40,43,4685,4659,9041,9110,12912,14034,21478,23004,28611,29845,23139,25832,16286,20702,4978,9286,224494,177217,30666,27452,46529,43834,9146,87,36
2021-07-18T23:59:59+02:00,624,555,10696,10147,14976,14023,18363,18973,25032,26412,31762,32967,24677,27539,17095,21709,5207,9815,38,41,4577,4558,8905,8989,12785,13894,21391,22913,28538,29766,23110,25802,16277,20689,4975,9285,224217,176205,30666,27437,46529,43780,9075,87,36
2021-07-17T23:59:59+02:00,549,484,10408,9848,14861,13921,18272,18894,24926,26338,31654,32916,24643,27505,17082,21689,5205,9814,37,40,4530,4517,8851,8916,12549,13699,20965,22568,28407,29634,23073,25749,16268,20674,4974,9282,222657,174408,30666,27437,46527,43778,9074,87,36
2021-07-16T23:59:59+02:00,520,447,10273,9727,14801,13880,18220,18842,24890,26305,31634,32891,24634,27490,17079,21682,5205,9811,37,40,4484,4475,8775,8875,12178,13420,20421,22168,28274,29540,23023,25712,16259,20669,4972,9280,221989,172296,30666,27434,46526,43771,9065,87,36
2021-07-15T23:59:59+02:00,488,410,10135,9622,14733,13829,18163,18773,24835,26257,31584,32838,24609,27453,17061,21667,5198,9807,24,30,4271,4338,8445,8665,11662,13018,19313,21320,27857,29196,22853,25542,16194,20596,4962,9264,221255,167590,30664,27421,46525,43570,8933,87,36
2021-07-14T23:59:59+02:00,467,396,10104,9596,14695,13808,18133,18738,24796,26215,31533,32785,24579,27425,17050,21650,5197,9805,21,27,4147,4187,8187,8493,11431,12873,19135,21209,27709,29069,22788,25464,16160,20558,4957,9255,220879,166020,30664,27402,46524,43392,8820,87,36
2021-07-13T23:59:59+02:00,443,382,10054,9543,14665,13779,18106,18705,24759,26194,31498,32743,24563,27394,17039,21638,5196,9802,21,25,4052,4091,8011,8335,11230,12682,18999,21069,27555,28906,22691,25380,16125,20504,4953,9244,220467,164556,30664,27381,46523,43136,8764,87,36
2021-07-12T23:59:59+02:00,431,360,10008,9491,14637,13760,18076,18676,24722,26151,31464,32699,24539,27371,17024,21633,5193,9799,20,22,3946,3992,7839,8214,11071,12545,18883,20948,27432,28786,22618,25318,16098,20478,4952,9239,220092,163387,30663,27362,46522,42945,8671,87,36
2021-07-11T23:59:59+02:00,423,342,9977,9462,14616,13740,18059,18666,24700,26142,31443,32681,24527,27361,17022,21631,5193,9797,17,20,3877,3922,7722,8116,10923,12417,18757,20846,27331,28672,22574,25270,16077,20453,4950,9236,219896,162426,30660,27357,46521,42742,8619,87,36
2021-07-10T23:59:59+02:00,397,319,9864,9359,14562,13700,18008,18643,24675,26122,31424,32665,24519,27352,17018,21627,5191,9795,17,19,3842,3898,7663,8076,10888,12388,18728,20821,27302,28650,22566,25255,16073,20448,4950,9236,219368,162124,30658,27356,46518,42694,8610,87,36
2021-07-09T23:59:59+02:00,337,271,9605,9148,14459,13620,17929,18572,24589,26069,31375,32604,24497,27321,17004,21609,5191,9790,16,18,3775,3859,7526,7985,10670,12239,18502,20682,26886,28331,22382,25061,16018,20387,4947,9229,218143,159974,30658,27352,46517,42565,8586,87,36
2021-07-08T23:59:59+02:00,258,204,9410,9004,14358,13543,17834,18498,24530,26018,31292,32546,24469,27290,16991,21591,5187,9785,14,15,3617,3735,7215,7796,10318,12010,18155,20399,26581,28072,22207,24903,15950,20311,4940,9213,217037,157596,30655,27304,46504,41989,8526,87,36
2021-07-07T23:59:59+02:00,219,176,9322,8900,14318,13512,17797,18457,24477,25981,31250,32506,24444,27260,16978,21573,5187,9777,12,11,3440,3608,6896,7574,9379,11277,17568,19971,26179,27760,21969,24595,15871,20214,4926,9199,216399,154981,30652,25549,46502,41388,8495,87,36
2021-07-06T23:59:59+02:00,197,164,9243,8843,14267,13482,17761,18414,24435,25941,31189,32459,24408,27232,16963,21556,5185,9775,12,10,3323,3535,6692,7450,9108,11113,17322,19789,25902,27504,21812,24392,15790,20110,4913,9184,215831,153044,30638,25537,46499,40884,8460,87,36
2021-07-05T23:59:59+02:00,185,149,9156,8758,14226,13436,17726,18364,24398,25911,31144,32409,24385,27209,16954,21542,5184,9773,12,9,3271,3502,6565,7372,8959,10992,17176,19649,25730,27348,21669,24224,15741,20057,4902,9174,215276,151979,30638,25528,46497,40397,8412,87,36
2021-07-04T23:59:59+02:00,170,142,9104,8708,14193,13423,17699,18346,24372,25890,31123,32383,24370,27195,16948,21534,5183,9770,10,8,3222,3458,6499,7330,8870,10920,17090,19563,25600,27237,21544,24095,15699,20005,4900,9167,214998,151315,30637,25516,46482,40000,8350,87,36
2021-07-03T23:59:59+02:00,167,139,8598,8227,14034,13305,17598,18230,24276,25831,31059,32335,24349,27173,16936,21524,5181,9767,9,8,3162,3380,6378,7210,8696,10777,16871,19376,25211,26925,21428,23957,15669,19965,4897,9161,213193,149253,30636,25516,46482,39943,8332,87,36
2021-07-02T23:59:59+02:00,160,135,8029,7769,13891,13196,17506,18153,24207,25762,30999,32273,24311,27131,16930,21504,5179,9762,8,8,3051,3272,6107,7054,8438,10537,16500,19047,24732,26498,21201,23683,15600,19883,4891,9158,211367,146171,30636,25513,46479,39619,8329,87,36
2021-07-01T23:59:59+02:00,147,125,7901,7665,13807,13137,17436,18100,24139,25711,30947,32220,24283,27106,16920,21492,5178,9761,7,7,2863,3086,5759,6771,7999,10116,15910,18569,23962,25833,20711,23211,15473,19721,4879,9133,210579,141575,30631,25500,46472,38592,8307,87,36
2021-06-30T23:59:59+02:00,129,112,7756,7549,13743,13087,17382,18047,24086,25657,30887,32174,24252,27084,16906,21474,5178,9756,6,7,2767,3011,5603,6629,7771,9894,14951,17697,23346,25281,20351,22817,15340,19560,4865,9099,210013,140033,30456,23225,46468,37465,8236,87,36
2021-06-29T23:59:59+02:00,114,99,7689,7451,13696,13047,17345,18002,24033,25596,30836,32114,24232,27058,16896,21458,5175,9752,4,5,2709,2965,5472,6531,7617,9760,14782,17524,23100,25045,20091,22491,15241,19459,4853,9079,209384,138905,30454,23212,46465,36371,8204,87,36
2021-06-28T23:59:59+02:00,109,93,7624,7380,13628,12985,17298,17951,23991,25551,30779,32070,24215,27030,16889,21448,5173,9750,3,4,2678,2932,5404,6479,7526,9688,14685,17442,22948,24831,19888,22245,15186,19390,4849,9065,208840,138300,30452,23202,46457,35576,8129,87,36
2021-06-27T23:59:59+02:00,95,88,7576,7319,13597,12948,17269,17918,23972,25516,30752,32042,24203,27022,16882,21442,5173,9748,2,3,2656,2918,5355,6454,7453,9642,14588,17377,22852,24744,19761,22102,15155,19339,4845,9056,208486,137785,30452,23190,46451,35204,8087,87,36
2021-06-26T23:59:59+02:00,91,85,7075,6778,13204,12648,17154,17814,23907,25459,30716,32007,24194,27005,16878,21431,5172,9747,2,3,2556,2809,5165,6264,7253,9451,14041,16922,22189,24108,19613,21960,15110,19286,4843,9048,206310,134144,30450,23189,46451,35184,8087,68,19
2021-06-25T23:59:59+02:00,90,82,6595,6297,12750,12275,16993,17695,23817,25394,30635,31967,24171,26978,16873,21421,5170,9744,2,3,2455,2655,4989,6069,6993,9153,13508,16388,21636,23520,19417,21750,15052,19219,4839,9036,203909,130436,30450,23189,46451,34970,8070,68,19
2021-06-24T23:59:59+02:00,80,70,6373,6086,12527,12123,16887,17613,23744,25341,30577,31919,24137,26936,16867,21411,5168,9737,2,3,2251,2421,4619,5688,6493,8664,12783,15673,20483,22515,18953,21268,14947,19088,4827,9021,202641,124487,30448,23178,46444,34019,7996,68,19
2021-06-23T23:59:59+02:00,75,68,5805,5589,12365,12012,16768,17501,23669,25294,30513,31869,24104,26913,16860,21397,5164,9733,2,3,2213,2368,4556,5568,6401,8514,12549,15384,20239,22253,18654,20938,14850,18974,4816,9004,202130,123462,29121,23029,46434,32829,7947,68,19
2021-06-22T23:59:59+02:00,70,63,5665,5459,12265,11906,16680,17427,23609,25232,30444,31790,24076,26880,16850,21376,5160,9731,2,2,2161,2331,4462,5486,6276,8367,11679,14724,19825,21845,18318,20583,14742,18835,4806,8983,201190,122537,29114,21337,46415,31637,7897,68,19
2021-06-21T23:59:59+02:00,67,60,5531,5346,12188,11813,16615,17340,23552,25158,30394,31732,24051,26852,16837,21361,5160,9727,2,2,2128,2296,4402,5389,6189,8239,10897,14015,19372,21435,18090,20353,14680,18738,4797,8966,200364,121732,29108,19549,46410,30855,7835,68,19
2021-06-20T23:59:59+02:00,65,58,5414,5222,12022,11636,16549,17217,23503,25092,30352,31676,24035,26830,16831,21346,5155,9722,2,2,2110,2266,4361,5348,6118,8188,10794,13936,19261,21309,17933,20163,14614,18654,4793,8959,199361,121198,29104,19546,46404,30259,7789,68,19
2021-06-19T23:59:59+02:00,61,54,5397,5204,11253,10972,16069,16822,23441,25047,30308,31633,24017,26810,16823,21334,5155,9722,2,2,2037,2145,4156,5113,5834,7904,10465,13599,18204,20450,17760,19971,14581,18589,4788,8947,196760,116950,29104,19546,46403,30244,7788,68,19
2021-06-18T23:59:59+02:00,58,53,5361,5176,10610,10388,15458,16257,23349,24978,30238,31570,23989,26780,16812,21319,5154,9720,2,2,1967,2055,4014,4970,5556,7633,10082,13234,17051,19236,17557,19733,14532,18524,4785,8937,193918,112530,29096,19545,46403,29990,7786,68,19
2021-06-17T23:59:59+02:00,51,44,5246,5072,9931,9884,14969,15868,23249,24890,30156,31476,23949,26734,16798,21298,5153,9717,2,2,1838,1949,3757,4723,5167,7267,9541,12747,15862,18043,17096,19243,14391,18349,4772,8913,191326,107395,29093,19536,46400,29070,7648,19,13
2021-06-16T23:59:59+02:00,49,36,5115,4941,9733,9719,14823,15738,23155,24796,30057,31400,23906,26690,16783,21286,5152,9707,2,2,1796,1908,3649,4634,5062,7146,8509,11894,15589,17744,16801,18907,14256,18179,4766,8880,190149,106495,29081,17657,46398,28119,7440,19,13
2021-06-15T23:59:59+02:00,43,30,4933,4761,9549,9565,14686,15594,23063,24705,29981,31315,23863,26616,16757,21253,5144,9692,2,2,1737,1853,3566,4538,4968,7028,8393,11751,15407,17514,16481,18596,14114,18010,4744,8821,188833,105720,29078,17653,46379,26897,7242,19,13
2021-06-14T23:59:59+02:00,41,27,4856,4699,9457,9456,14609,15504,22991,24633,29910,31253,23831,26577,16742,21235,5141,9686,2,2,1717,1830,3530,4512,4927,6995,8292,11688,15270,17380,16301,18391,14021,17912,4739,8813,188088,105492,29072,17651,46373,26069,7097,19,13
2021-06-13T23:59:59+02:00,40,26,4799,4650,9374,9382,14524,15438,22929,24582,29843,31200,23805,26549,16733,21225,5141,9684,2,2,1670,1817,3486,4488,4872,6953,8219,11650,15170,17284,16144,18207,13967,17838,4732,8806,187509,105210,29065,17649,46357,25460,6975,19,13
2021-06-12T23:59:59+02:00,38,24,4780,4635,9346,9358,14285,15260,22799,24451,29798,31155,23784,26532,16724,21217,5140,9682,2,2,1548,1694,3250,4278,4465,6653,7671,11219,13393,15593,15790,17834,13887,17736,4730,8791,186596,98506,29065,17648,46357,25396,6973,18,13
2021-06-11T23:59:59+02:00,34,23,4727,4584,9265,9307,13965,15038,22603,24303,29702,31064,23747,26487,16706,21205,5139,9679,2,2,1448,1561,3059,4063,4169,6287,7159,10674,11748,13699,15308,17254,13774,17588,4715,8777,185240,91565,29060,17647,46355,25156,6906,18,13
2021-06-10T23:59:59+02:00,28,20,4442,4361,8717,8979,12688,14013,22036,23850,29329,30758,23611,26328,16654,21137,5126,9664,2,2,1328,1473,2823,3881,3843,6004,6722,10282,10329,12365,14793,16676,13602,17380,4700,8750,179899,87013,29043,17644,46350,23851,6434,16,13
2021-06-09T23:59:59+02:00,25,16,4209,4200,8124,8688,11789,13351,21714,23638,29099,30607,23547,26265,16634,21112,5123,9660,2,2,1243,1419,2667,3808,3702,5923,6513,10188,10063,12186,14467,16324,13430,17200,4693,8729,177788,86672,27774,17539,46344,22455,5880,16,13
2021-06-08T23:59:59+02:00,21,13,4081,4101,7723,8462,11302,13060,21488,23457,28899,30452,23489,26192,16602,21070,5117,9651,2,2,1166,1392,2530,3749,3542,5853,5616,9437,9590,11819,14129,15915,13204,16959,4679,8707,176037,86307,27404,15383,46319,21183,5405,16,13
2021-06-07T23:59:59+02:00,16,11,3961,4025,7483,8357,11012,12881,21284,23343,28745,30334,23431,26138,16584,21045,5113,9643,2,2,1118,1276,2408,3685,3412,5790,5450,9361,9378,11690,13898,15656,13047,16790,4672,8689,174805,86116,27395,15378,46311,19937,4880,16,13
2021-06-06T23:59:59+02:00,14,11,3844,3967,7246,8238,10762,12717,21097,23255,28659,30242,23400,26104,16572,21027,5110,9638,2,2,1098,1259,2344,3650,3316,5735,5343,9286,9259,11589,13742,15500,12974,16696,4669,8682,173654,85920,27377,15373,46301,19284,4556,16,13
2021-06-05T23:59:59+02:00,14,11,3815,3930,7207,8198,10585,12565,20469,22744,28497,30098,23350,26059,16558,21008,5110,9634,2,1,1066,1160,2176,3196,3083,5195,5174,8953,8479,10632,13088,14659,12862,16549,4658,8672,171615,80525,27377,15373,46300,19148,4546,15,13
2021-06-04T23:59:59+02:00,14,11,3785,3903,7168,8171,10487,12473,20104,22414,28393,30001,23315,26021,16544,20999,5108,9633,2,1,1034,1093,2078,2884,2923,4717,5017,8582,7963,9974,11587,12939,12735,16352,4651,8654,170328,74137,27364,15372,46299,19125,4539,15,13
2021-06-03T23:59:59+02:00,9,7,3649,3802,6950,8030,9931,12049,18881,21481,27995,29689,23182,25880,16491,20937,5104,9619,2,1,984,1048,1990,2773,2784,4558,4812,8274,7598,9524,11207,12540,12624,16238,4648,8641,165572,72346,27353,15369,46295,18066,4452,15,13
2021-06-02T23:59:59+02:00,9,7,3641,3794,6937,8013,9919,12038,18692,21300,27923,29640,23159,25859,16485,20928,5101,9617,2,1,979,1040,1978,2744,2761,4539,4600,8089,7062,9035,11170,12499,12609,16223,4644,8635,165501,72237,26808,13875,46295,18041,4444,15,13
2021-06-01T23:59:59+02:00,8,6,3515,3719,6696,7864,9634,11844,18235,20955,27685,29444,23066,25757,16444,20875,5098,9605,2,1,942,992,1892,2674,2680,4464,4321,7855,6463,8500,10956,12285,12511,16122,4639,8623,163806,71788,26030,12582,46280,17219,4320,15,13
2021-05-31T23:59:59+02:00,8,6,3469,3675,6605,7797,9498,11742,18109,20865,27593,29367,22999,25695,16427,20846,5093,9598,2,1,913,964,1822,2631,2601,4421,4213,7791,6341,8422,10768,12115,12410,16006,4629,8615,162959,71419,26001,12575,46267,16507,4151,15,13
2021-05-30T23:59:59+02:00,8,5,3438,3650,6540,7741,9406,11648,18020,20786,27517,29295,22954,25650,16405,20818,5087,9588,2,1,906,956,1811,2622,2588,4409,4184,7766,6288,8380,10707,12036,12376,15962,4624,8606,162248,71378,25995,12572,46250,16212,4049,15,13
2021-05-29T23:59:59+02:00,8,5,3427,3633,6505,7713,9363,11609,17982,20746,27369,29189,22899,25576,16390,20798,5084,9584,1,1,870,937,1754,2576,2516,4325,3993,7510,6013,8081,8497,9374,12183,15620,4609,8577,161585,65118,25995,12570,46237,15687,4049,15,13
2021-05-28T23:59:59+02:00,8,5,3364,3578,6375,7636,9223,11477,17824,20614,27186,29066,22838,25498,16370,20780,5083,9583,1,1,857,924,1735,2553,2478,4270,3841,7214,5818,7817,5780,6251,11910,15221,4593,8528,160229,58214,25993,12570,46232,14955,4040,15,13
2021-05-27T23:59:59+02:00,8,5,3220,3455,6089,7456,8620,11144,17347,20275,26773,28719,22670,25333,16312,20717,5076,9565,1,1,810,867,1650,2457,2360,4136,3419,6243,5395,7217,5619,6075,11829,15146,4587,8511,156760,57727,25933,12523,46225,12208,3852,15,13
2021-05-26T23:59:59+02:00,8,5,3114,3371,5869,7289,8251,10859,16883,19968,26472,28482,22520,25200,16260,20643,5063,9545,1,1,794,857,1597,2432,2307,4104,3346,6167,5296,7144,5483,5948,11763,15078,4582,8499,154062,57644,25914,12521,46203,11612,3609,15,13
2021-05-25T23:59:59+02:00,8,5,3023,3309,5727,7172,8055,10695,15880,19190,26118,28128,22361,25042,16207,20563,5056,9535,1,1,775,840,1560,2385,2236,4044,3269,6095,5210,7081,5315,5778,11655,14997,4574,8487,152499,57573,23995,12331,46185,11004,3382,14,13
2021-05-24T23:59:59+02:00,8,5,2959,3293,5641,7127,7939,10633,14965,18499,25703,27817,22267,24937,16176,20527,5049,9523,1,1,766,838,1539,2368,2194,4007,3224,6047,5133,7001,5213,5670,11574,14922,4573,8481,151777,57535,21921,12255,46176,10568,3181,14,13
2021-05-23T23:59:59+02:00,8,4,2956,3288,5632,7119,7930,10625,14959,18498,25702,27816,22267,24937,16176,20527,5049,9523,1,1,764,835,1531,2361,2181,3994,3205,6032,5112,6968,5168,5618,11558,14899,4572,8479,151745,57527,21921,12255,46174,10321,3163,14,13
2021-05-22T23:59:59+02:00,7,4,2919,3244,5554,7068,7830,10539,14760,18335,25419,27570,22167,24850,16143,20483,5046,9518,1,1,742,815,1483,2307,2129,3913,3093,5910,4795,6393,4597,4869,10910,14074,4562,8440,150207,54278,21921,12255,46174,9347,3141,14,13
2021-05-21T23:59:59+02:00,5,4,2847,3172,5427,6967,7702,10392,14501,18106,25124,27334,22052,24742,16110,20435,5042,9509,1,1,715,762,1414,2178,2028,3644,2909,5577,4314,5498,4181,4330,10164,13134,4496,8314,148262,50531,21919,12255,46168,7751,3110,13,13
2021-05-20T23:59:59+02:00,5,4,2716,3016,5144,6712,7417,10021,14039,17621,24514,26783,21779,24446,16016,20314,5028,9479,0,1,702,752,1388,2154,1990,3610,2855,5520,4232,5419,4053,4226,10087,13071,4487,8302,144107,50434,21909,12244,46143,7275,2883,13,13
2021-05-19T23:59:59+02:00,5,4,2663,2963,5046,6570,7274,9840,12897,16585,24251,26492,21682,24319,15973,20253,5019,9472,0,1,685,726,1362,2106,1957,3524,2792,5373,4139,5311,3971,4137,10035,13006,4484,8298,142725,50403,19843,12178,46072,6657,2656,13,13
2021-05-18T23:59:59+02:00,5,4,2636,2938,4998,6537,7221,9808,12543,16311,24071,26339,21590,24230,15943,20200,5012,9460,0,1,656,668,1306,1978,1883,3323,2693,5164,4010,5115,3748,3859,9952,12926,4475,8288,142439,50378,18991,11176,46027,6101,2377,13,13
2021-05-17T23:59:59+02:00,5,4,2610,2919,4953,6467,7133,9699,12390,16132,23921,26176,21538,24180,15924,20178,5007,9453,0,1,648,654,1290,1942,1862,3274,2645,5057,3931,5000,3611,3707,9883,12863,4472,8281,141463,50353,18983,11166,46010,5368,2221,13,13
2021-05-16T23:59:59+02:00,5,4,2598,2906,4931,6400,7095,9616,12333,16058,23869,26115,21514,24163,15914,20164,5004,9450,0,1,643,650,1280,1939,1845,3265,2624,5045,3902,4976,3557,3640,9844,12831,4471,8279,141028,50338,18973,11155,45990,5151,2135,13,13
2021-05-15T23:59:59+02:00,4,4,2475,2770,4743,6194,6904,9428,11814,15639,23278,25562,21407,24045,15880,20121,5001,9442,0,1,594,587,1198,1849,1710,3112,2338,4736,3451,4467,3225,3211,9680,12626,4447,8250,137631,47379,18972,11155,45985,4825,2110,13,13
2021-05-14T23:59:59+02:00,4,4,2361,2594,4547,5971,6626,9117,11276,15127,22711,24992,21261,23905,15844,20063,4997,9431,0,1,532,511,1095,1728,1549,2897,2008,4331,2850,3879,2838,2774,9595,12477,4443,8246,133809,44444,18965,11153,45962,4062,2082,13,13
2021-05-13T23:59:59+02:00,4,4,2184,2310,4224,5586,6200,8646,10715,14437,21674,24076,20979,23631,15784,19964,4990,9416,0,1,528,511,1082,1713,1534,2879,1999,4307,2833,3858,2821,2760,9588,12473,4442,8246,127907,44392,18909,11144,45936,3967,2059,13,13
2021-05-12T23:59:59+02:00,4,4,2183,2308,4214,5583,6191,8640,10613,14315,21620,24036,20974,23620,15779,19956,4989,9416,0,1,521,489,1046,1659,1484,2800,1916,4220,2774,3799,2740,2665,9537,12400,4442,8246,127855,44389,18585,10317,45936,3964,2056,13,13
2021-05-11T23:59:59+02:00,4,4,2062,2269,4129,5520,6064,8525,10304,14064,21427,23874,20896,23548,15764,19924,4985,9411,0,1,496,465,985,1599,1415,2709,1817,4080,2701,3724,2586,2437,9472,12299,4441,8246,126906,44371,18248,9479,45653,3656,1954,13,13
2021-05-10T23:59:59+02:00,4,4,2023,2193,4022,5398,5927,8347,9514,13301,21048,23553,20805,23458,15725,19870,4975,9398,0,1,484,437,949,1536,1350,2618,1728,3919,2619,3632,2560,2418,9462,12281,4437,8241,125764,44358,16407,9299,45549,3170,1832,13,13
2021-05-09T23:59:59+02:00,4,4,1991,2180,3984,5360,5874,8299,9445,13232,20978,23480,20769,23417,15710,19843,4972,9384,0,1,477,430,926,1492,1324,2569,1694,3857,2581,3589,2551,2405,9451,12264,4437,8233,125316,44298,16402,9296,45452,2931,1743,13,13
2021-05-08T23:59:59+02:00,4,4,1928,2078,3802,5185,5600,8091,9135,12946,19845,22552,20574,23224,15677,19774,4967,9372,0,1,408,401,863,1452,1247,2495,1606,3756,2362,3376,2002,1977,9357,12178,4436,8233,121161,42813,16401,9295,45449,2296,1741,6,5
2021-05-07T23:59:59+02:00,4,4,1842,1965,3622,5016,5280,7796,8723,12571,18593,21276,20390,23011,15632,19717,4958,9353,0,1,322,346,753,1377,1115,2366,1472,3614,2186,3183,1631,1636,8869,11729,4435,8231,116215,41074,16397,9290,45426,1188,1709,6,5
2021-05-06T23:59:59+02:00,4,4,1658,1855,3337,4760,4829,7389,8081,12010,17348,20034,20057,22633,15524,19552,4948,9342,0,1,305,336,734,1347,1075,2319,1423,3529,2118,3115,1596,1580,8852,11698,4429,8228,110353,41052,16390,9284,45190,918,1426,6,5
2021-05-05T23:59:59+02:00,4,3,1588,1825,3252,4673,4750,7283,7953,11859,17194,19888,19937,22513,15447,19455,4926,9246,0,1,295,325,692,1295,1012,2244,1341,3380,2010,2998,1503,1481,8434,11130,4423,8211,109583,41012,16247,8155,45019,662,941,6,5
2021-05-04T23:59:59+02:00,4,3,1561,1795,3204,4595,4691,7172,7703,11563,16632,19307,19849,22380,15371,19357,4896,9132,0,1,279,313,669,1265,991,2190,1283,3260,1897,2840,1430,1374,8363,11026,4418,8193,108870,40985,14900,7879,44914,398,525,6,5
2021-05-03T23:59:59+02:00,4,3,1553,1791,3194,4579,4653,7147,7449,11329,15938,18711,19785,22294,15345,19323,4890,9122,0,1,264,293,647,1181,941,2102,1219,3121,1799,2703,1364,1293,8338,10991,4414,8184,108776,40975,13302,7671,44874,52,152,6,5
2021-05-02T23:59:59+02:00,4,3,1552,1789,3187,4577,4648,7144,7435,11318,15919,18699,19768,22286,15345,19321,4889,9122,0,1,264,290,644,1180,936,2099,1209,3115,1791,2696,1350,1286,8337,10986,4413,8184,108748,40952,13298,7669,44848,49,106,6,5
2021-05-01T23:59:59+02:00,4,3,1422,1646,2910,4328,4181,6788,6816,10836,13983,16818,19386,21887,15254,19205,4886,9106,0,1,262,290,641,1178,935,2096,1207,3113,1789,2692,1345,1281,8335,10984,4413,8184,101211,40920,13298,7669,44842,49,103,5,5
2021-04-30T23:59:59+02:00,3,3,1302,1501,2692,4107,3852,6392,6249,10244,12196,14784,18928,21346,15150,19064,4872,9095,0,1,257,289,634,1171,919,2088,1194,3103,1778,2678,1335,1272,8331,10979,4412,8183,93604,40874,13298,7669,44842,45,31,5,5
2021-04-29T23:59:59+02:00,2,3,1189,1439,2526,3982,3613,6189,5892,9943,10854,13503,18667,21068,15107,18994,4868,9089,0,1,256,285,629,1163,907,2082,1174,3098,1747,2641,1309,1248,8325,10970,4412,8183,88918,40841,13289,7535,44702,35,14,5,5
2021-04-28T23:59:59+02:00,2,3,1136,1433,2475,3962,3562,6165,5829,9910,10756,13434,18635,21034,15099,18978,4868,9086,0,1,256,284,626,1162,904,2080,1169,3094,1739,2640,1302,1229,7879,10447,4412,8183,88648,40817,13239,6542,44462,31,13,5,4
2021-04-27T23:59:59+02:00,2,3,1091,1406,2369,3917,3497,6136,5710,9853,10639,13356,18601,20994,15086,18963,4866,9084,0,1,255,284,624,1154,903,2078,1164,3091,1735,2636,1290,1212,7461,9865,4412,8183,88133,40797,13185,5509,44238,26,12,5,4
2021-04-26T23:59:59+02:00,2,3,1051,1377,2278,3824,3370,6035,5542,9732,10335,13097,18539,20939,15077,18945,4864,9084,0,1,254,283,623,1152,897,2074,1157,3088,1717,2627,1275,1199,7452,9845,4412,8183,86794,40710,13174,5488,44109,25,12,5,4
2021-04-25T23:59:59+02:00,2,3,1048,1375,2270,3821,3363,6030,5522,9723,10300,13066,18529,20927,15076,18939,4864,9083,0,1,253,283,623,1151,897,2074,1155,3088,1717,2627,1275,1199,7452,9843,4412,8183,86769,40708,13166,5485,43990,25,11,5,4
2021-04-24T23:59:59+02:00,2,2,1006,1262,2082,3283,3092,5414,5330,9310,9464,12019,17820,20030,14963,18779,4856,9072,0,1,252,282,622,1150,897,2073,1155,3087,1711,2622,1272,1194,7450,9841,4412,8182,80640,40683,13166,5481,43965,25,10,5,4
2021-04-23T23:59:59+02:00,1,2,973,1178,1970,2937,2909,4862,5134,8881,8908,11297,16189,18165,14814,18573,4848,9049,0,1,252,282,621,1150,895,2071,1154,3087,1710,2621,1267,1189,7446,9839,4412,8181,73605,40669,13165,5470,43905,25,10,5,4
2021-04-22T23:59:59+02:00,1,2,968,1166,1951,2921,2889,4842,5077,8835,8793,11192,16116,18088,14787,18543,4846,9044,0,1,250,282,617,1149,892,2070,1146,3075,1694,2601,1243,1167,7441,9831,4412,8181,73553,40655,13107,5359,43386,24,10,5,4
2021-04-21T23:59:59+02:00,1,2,958,1158,1937,2909,2861,4816,5031,8780,8685,11069,16029,18003,14758,18509,4846,9039,0,1,246,279,607,1140,878,2040,1136,3050,1684,2574,1230,1153,7215,9512,4411,8181,73510,40646,13049,4654,42817,23,10,5,4
2021-04-20T23:59:59+02:00,1,2,931,1110,1885,2795,2788,4653,4937,8601,8511,10860,15796,17721,14699,18450,4839,9033,0,1,233,276,589,1119,852,2008,1107,3024,1649,2533,1210,1139,7206,9507,4410,8181,73471,40625,11920,4387,42206,19,10,5,3
2021-04-19T23:59:59+02:00,1,2,922,1102,1851,2775,2738,4628,4813,8540,8311,10748,15704,17623,14677,18431,4839,9027,0,1,227,268,571,1098,833,1975,1089,2981,1603,2478,1192,1120,7199,9504,4408,8180,73070,40589,11899,4108,41748,17,10,5,3
2021-04-18T23:59:59+02:00,1,2,919,1101,1846,2769,2730,4616,4795,8529,8271,10705,15654,17564,14667,18414,4838,9025,0,1,227,268,571,1097,832,1975,1088,2981,1603,2477,1192,1119,7197,9503,4407,8180,73024,40582,11895,4106,41512,17,10,5,3
2021-04-17T23:59:59+02:00,0,2,887,1086,1797,2730,2661,4536,4640,8386,8007,10476,13282,14664,14468,18060,4821,8991,0,1,225,268,571,1094,828,1968,1076,2972,1592,2457,1152,1076,6864,9088,4382,8132,66194,39621,11895,4095,41390,17,10,5,3
2021-04-16T23:59:59+02:00,0,2,881,1080,1785,2720,2619,4496,4548,8302,7827,10282,10440,11413,14198,17642,4802,8936,0,1,224,264,569,1090,823,1964,1067,2969,1584,2444,1141,1061,6858,9082,4380,8129,58914,39542,11893,4078,41151,17,10,5,3
2021-04-15T23:59:59+02:00,0,2,869,1075,1763,2706,2576,4463,4430,8241,7597,10081,10189,11195,14136,17576,4795,8922,0,1,222,263,569,1088,822,1962,1064,2966,1581,2441,1135,1056,6856,9080,4380,8129,58890,39527,11891,4059,39820,16,10,5,3
2021-04-14T23:59:59+02:00,0,2,851,1048,1704,2625,2486,4339,4240,8057,7322,9797,9815,10710,13987,17395,4789,8910,0,1,198,238,528,1035,799,1895,1028,2886,1530,2378,1109,1026,6851,9072,4380,8128,58853,39511,10944,3544,38265,14,10,5,3
2021-04-13T23:59:59+02:00,0,2,827,1026,1667,2572,2417,4256,4139,7918,7109,9577,9407,10191,13841,17228,4784,8896,0,1,163,215,493,987,758,1801,993,2776,1477,2308,1090,991,6835,9061,4379,8128,58801,39446,9994,2989,37047,8,10,5,3
2021-04-12T23:59:59+02:00,0,2,822,1024,1648,2568,2388,4243,4087,7867,6968,9405,9141,9876,13778,17168,4773,8879,0,1,152,201,465,947,736,1737,973,2704,1433,2258,1068,974,6818,9041,4376,8123,58743,39329,9963,2657,35916,8,10,5,3
2021-04-11T23:59:59+02:00,0,2,821,1023,1637,2568,2374,4240,4064,7855,6903,9343,9007,9711,13751,17120,4768,8870,0,1,152,201,465,945,734,1735,971,2704,1431,2258,1068,974,6816,9041,4376,8123,58729,39319,9961,2656,35352,7,10,5,3
2021-04-10T23:59:59+02:00,0,2,805,1019,1608,2539,2337,4211,3994,7796,6770,9226,8449,8977,13084,16267,4757,8828,0,1,149,200,463,942,728,1732,971,2697,1422,2251,1054,958,6344,8541,4360,8107,55392,38246,9960,2654,35302,7,10,5,3
2021-04-09T23:59:59+02:00,0,2,784,991,1567,2490,2271,4131,3841,7636,6423,8893,7922,8319,12262,15243,4685,8689,0,1,147,198,461,936,721,1724,962,2687,1407,2240,1032,935,6102,8269,4340,8080,51405,37572,9953,2650,34776,7,10,5,3
2021-04-08T23:59:59+02:00,0,2,774,981,1540,2466,2205,4082,3708,7547,6167,8591,7304,7664,12100,15043,4674,8673,0,1,147,196,456,932,716,1717,954,2676,1398,2227,1020,932,6099,8267,4339,8080,51370,37549,9928,2588,32208,7,10,5,3
2021-04-07T23:59:59+02:00,0,2,767,972,1514,2448,2146,4044,3621,7477,5936,8326,6747,7029,11490,14294,4661,8645,0,1,128,189,424,885,670,1648,897,2606,1348,2158,999,916,6091,8261,4338,8080,51340,37525,8770,2095,29995,7,9,5,3
2021-04-06T23:59:59+02:00,0,2,762,970,1502,2440,2117,4021,3548,7428,5755,8154,6301,6521,11286,14077,4646,8614,0,1,105,168,376,825,625,1573,853,2506,1295,2094,973,899,6072,8246,4336,8076,51271,37494,8585,1511,28275,7,8,5,3
2021-04-05T23:59:59+02:00,0,2,757,966,1486,2432,2091,4011,3497,7402,5611,8043,6096,6303,11219,13990,4640,8604,0,1,99,165,375,823,618,1564,844,2491,1282,2075,945,868,4966,6843,4259,7970,51071,34669,8581,1501,27485,7,8,5,3
2021-04-04T23:59:59+02:00,0,2,755,960,1484,2430,2087,4009,3479,7395,5601,8036,6085,6283,11205,13972,4638,8601,0,1,99,165,373,821,615,1559,837,2484,1267,2056,922,846,3956,5681,4193,7864,51056,32220,8579,1501,27374,7,8,5,3
2021-04-03T23:59:59+02:00,0,2,704,904,1402,2359,1964,3870,3218,7134,5141,7545,5740,5826,11033,13754,4610,8573,0,1,95,165,373,820,615,1557,836,2484,1267,2056,922,846,3956,5678,4193,7863,47815,32208,8579,1501,27372,7,8,5,3
2021-04-02T23:59:59+02:00,0,2,661,870,1346,2291,1866,3756,2966,6873,4623,7065,5348,5366,10933,13588,4605,8567,0,1,94,165,373,820,615,1557,835,2484,1265,2055,920,843,3953,5675,4192,7863,44883,32193,8578,1500,27253,7,7,5,3
2021-04-01T23:59:59+02:00,0,2,658,867,1336,2286,1846,3748,2937,6859,4548,6992,5239,5256,10894,13539,4604,8562,0,1,94,165,371,816,613,1553,835,2481,1261,2051,910,842,3948,5672,4191,7862,44866,32181,8433,1468,26862,7,7,5,3
2021-03-31T23:59:59+02:00,0,2,656,865,1328,2269,1838,3738,2909,6831,4485,6946,5099,5094,10379,12930,4600,8554,0,1,94,165,370,816,613,1553,835,2481,1259,2051,909,842,3948,5671,4191,7861,44853,32175,7300,1468,26359,7,7,4,3
2021-03-30T23:59:59+02:00,0,2,647,862,1309,2249,1809,3709,2872,6796,4399,6857,4930,4900,9851,12229,4593,8540,0,1,89,163,369,812,608,1551,830,2475,1251,2048,899,832,3940,5668,4190,7860,44829,32154,6111,1415,25603,7,7,4,3
2021-03-29T23:59:59+02:00,0,2,642,853,1296,2216,1791,3678,2841,6754,4327,6771,4730,4702,9765,12135,4590,8526,0,1,89,163,368,810,603,1547,828,2468,1245,2040,891,826,3932,5660,4190,7860,44759,32137,5893,1368,24956,6,7,4,3
2021-03-28T23:59:59+02:00,0,2,639,851,1293,2213,1777,3668,2825,6742,4292,6719,4635,4592,9729,12071,4585,8519,0,1,89,163,368,808,603,1547,825,2468,1243,2040,890,826,3931,5660,4190,7860,44737,32135,5884,1361,24520,6,7,4,3
2021-03-27T23:59:59+01:00,0,2,635,846,1283,2209,1760,3651,2797,6712,4129,6576,4056,4139,9500,11825,4572,8500,0,1,89,163,366,806,601,1545,823,2465,1235,2034,886,822,3752,5370,4083,7687,42792,31351,5880,1361,24509,6,7,4,3
2021-03-26T23:59:59+01:00,0,2,630,838,1275,2198,1738,3634,2772,6690,4053,6498,3647,3772,8898,11266,4559,8486,0,1,89,163,366,805,600,1542,819,2462,1226,2030,873,809,3025,4426,3874,7339,40850,29072,5867,1361,24228,6,7,4,3
2021-03-25T23:59:59+01:00,0,2,623,833,1262,2184,1719,3610,2713,6651,3969,6420,3473,3553,8787,11155,4553,8480,0,1,89,163,366,805,600,1541,819,2461,1224,2030,873,809,3024,4425,3873,7338,40836,29064,5759,1361,23381,6,7,4,3
2021-03-24T23:59:59+01:00,0,2,618,825,1229,2158,1674,3565,2635,6582,3812,6268,3154,3188,8376,10604,4544,8467,0,1,85,161,354,792,584,1523,786,2427,1174,1997,839,771,3015,4419,3873,7335,40812,28760,5000,1360,21878,6,7,4,3
2021-03-23T23:59:59+01:00,0,2,606,817,1204,2126,1632,3517,2553,6503,3663,6114,2773,2804,8159,10386,4536,8448,0,1,80,157,342,772,549,1492,725,2363,1073,1915,756,711,2978,4384,3869,7331,40767,28129,4709,1353,20357,6,7,3,3
2021-03-22T23:59:59+01:00,0,2,582,707,1167,2073,1599,3461,2500,6433,3522,5984,2530,2565,7828,10031,4520,8412,0,1,80,156,342,772,549,1490,723,2361,1070,1915,754,707,2974,4379,3867,7328,40298,28099,4387,1353,19221,6,7,3,3
2021-03-21T23:59:59+01:00,0,2,581,704,1161,2064,1587,3451,2483,6418,3484,5950,2388,2400,7735,9919,4511,8397,0,1,80,156,342,771,549,1490,723,2361,1070,1915,754,707,2974,4378,3867,7327,40293,28096,4373,1353,18559,6,7,3,3
2021-03-20T23:59:59+01:00,0,2,580,704,1159,2057,1580,3444,2477,6411,3466,5927,2355,2362,7243,9402,4494,8380,0,1,80,156,342,771,548,1490,721,2360,1070,1913,754,707,2974,4376,3865,7325,39250,28084,4361,1353,18422,6,7,3,3
2021-03-19T23:59:59+01:00,0,2,573,696,1140,2037,1545,3420,2408,6273,3402,5820,2173,2179,6934,9082,4472,8355,0,1,80,156,341,766,544,1487,716,2352,1061,1900,745,700,2544,3773,3442,6571,38640,25814,4344,1353,17517,2,7,3,3
2021-03-18T23:59:59+01:00,0,2,558,679,1120,2008,1518,3390,2368,6205,3327,5732,2019,1982,6813,8963,4466,8344,0,1,79,156,341,765,543,1487,715,2348,1057,1899,738,697,2494,3701,3415,6529,38619,25623,4332,1331,16534,2,6,3,3
2021-03-17T23:59:59+01:00,0,1,529,650,1075,1951,1481,3305,2290,6087,3174,5576,1763,1715,6647,8810,4456,8329,0,1,78,152,329,738,527,1443,693,2290,1019,1858,721,678,2253,3407,3328,6399,38547,24644,3801,1259,15482,2,6,3,3
2021-03-16T23:59:59+01:00,0,1,486,622,1035,1896,1429,3200,2225,5933,3058,5442,1563,1490,6512,8662,4445,8306,0,1,72,137,308,682,497,1367,664,2155,989,1730,671,628,2138,3269,3302,6312,38488,23885,3184,1027,14625,2,5,3,3
2021-03-15T23:59:59+01:00,0,1,474,610,1002,1846,1396,3133,2195,5848,2972,5358,1437,1356,5926,7973,4405,8242,0,1,69,130,294,624,482,1247,626,2025,948,1616,642,607,2100,3229,3287,6248,37246,23478,2832,694,14093,2,0,3,1
2021-03-14T23:59:59+01:00,0,1,469,603,993,1834,1392,3115,2179,5830,2937,5331,1394,1305,5530,7525,4382,8224,0,1,68,125,290,601,476,1220,620,1969,938,1591,642,607,2100,3229,3286,6246,36423,23472,2827,534,13791,2,0,3,1
2021-03-13T23:59:59+01:00,0,1,449,584,956,1785,1339,3051,1922,5242,2696,4916,1288,1192,4868,6675,4334,8151,0,1,68,125,289,598,474,1218,618,1967,937,1587,640,603,1737,2743,2759,5483,34737,21310,2823,534,11886,2,0,3,1
2021-03-12T23:59:59+01:00,0,1,433,563,935,1741,1308,2968,1719,4456,2490,4467,1216,1109,4167,5879,4287,8069,0,1,68,123,288,594,474,1215,616,1958,933,1581,637,596,1409,2198,2215,4687,33058,19057,2820,534,9927,1,0,3,1
2021-03-11T23:59:59+01:00,0,1,429,556,926,1727,1293,2949,1694,4420,2453,4430,1142,1053,4122,5842,4284,8065,0,1,68,115,282,572,460,1163,607,1909,914,1545,625,583,1403,2180,2206,4636,33019,18805,2724,462,9640,1,0,3,1
2021-03-10T23:59:59+01:00,0,1,410,544,880,1668,1237,2871,1620,4323,2386,4337,1108,1030,4106,5825,4283,8063,0,1,68,115,280,568,457,1156,602,1886,914,1540,620,575,1342,2093,2161,4579,33004,18518,2153,437,9532,1,0,3,1
2021-03-09T23:59:59+01:00,0,1,389,528,835,1619,1194,2807,1578,4240,2343,4284,1087,1019,4100,5818,4282,8061,0,1,66,114,279,567,456,1145,600,1873,907,1535,617,569,1136,1782,2043,4400,32957,17680,1707,408,9518,1,0,3,1
2021-03-08T23:59:59+01:00,0,1,382,517,824,1603,1186,2790,1571,4213,2330,4271,1074,1007,4063,5770,4280,8056,0,1,65,114,275,562,452,1139,598,1869,903,1533,617,569,1067,1691,1998,4355,32825,17422,1610,384,9500,1,0,3,1
2021-03-07T23:59:59+01:00,0,1,381,514,823,1602,1184,2788,1568,4206,2320,4266,1067,999,4057,5764,4279,8055,0,1,63,111,266,540,440,1113,582,1769,868,1458,616,569,962,1560,1946,4284,32808,17055,1570,92,9493,0,0,3,1
2021-03-06T23:59:59+01:00,0,1,373,498,804,1569,1160,2730,1527,4138,2126,3768,1037,962,3884,5491,4177,7890,0,1,63,111,266,540,440,1112,582,1769,868,1458,616,569,959,1559,1943,4283,32090,17046,1570,92,8472,0,0,3,1
2021-03-05T23:59:59+01:00,0,1,360,459,772,1465,1110,2514,1453,3925,1912,3103,1006,917,3127,4525,3972,7546,0,1,63,110,265,537,437,1106,581,1764,864,1455,613,567,920,1501,1920,4241,29769,16852,1569,92,6826,0,0,3,1
2021-03-04T23:59:59+01:00,0,1,347,450,764,1445,1097,2491,1434,3896,1889,3084,992,913,3123,4521,3969,7544,0,1,62,109,262,534,433,1090,571,1742,863,1447,611,565,883,1447,1897,4204,29756,16691,1530,29,6671,0,0,3,1
2021-03-03T23:59:59+01:00,0,1,338,419,745,1394,1067,2408,1384,3741,1809,2987,959,867,3113,4515,3969,7541,0,1,61,108,259,531,432,1086,569,1733,860,1443,611,564,863,1394,1808,4057,29440,16352,1530,27,6284,0,0,3,1
2021-03-02T23:59:59+01:00,0,1,332,411,730,1371,1019,2363,1316,3656,1693,2888,871,801,3070,4476,3963,7536,0,1,61,108,258,527,431,1078,569,1727,860,1439,610,564,863,1394,1808,4057,28800,16327,1466,27,6228,0,0,3,1
2021-03-01T23:59:59+01:00,0,1,328,397,723,1324,1006,2305,1296,3573,1666,2838,852,792,3062,4466,3962,7536,0,1,61,107,257,523,426,1064,565,1714,851,1431,609,562,766,1239,1751,3977,28759,15876,1414,27,5951,0,0,3,1
2021-02-28T23:59:59+01:00,0,1,323,385,715,1285,992,2228,1283,3486,1643,2759,848,782,3060,4462,3961,7533,0,1,61,107,256,523,426,1063,565,1714,849,1431,609,561,669,1114,1703,3896,28745,15521,1410,26,5588,0,0,3,1
2021-02-27T23:59:59+01:00,0,1,314,364,701,1258,973,2192,1248,3417,1620,2706,830,766,3057,4462,3960,7533,0,1,60,107,256,523,426,1063,564,1714,847,1431,609,561,669,1114,1703,3896,28741,15517,1410,26,5248,0,0,3,1
2021-02-26T23:59:59+01:00,0,1,288,313,654,1193,909,2073,1158,3250,1515,2568,801,743,2620,3856,3533,6755,0,1,60,107,253,520,426,1061,562,1712,844,1425,605,559,662,1102,1694,3877,26447,15443,1410,26,4370,0,0,3,1
2021-02-25T23:59:59+01:00,0,1,283,300,640,1163,888,2031,1139,3184,1497,2523,798,739,2573,3784,3503,6711,0,1,58,104,249,512,426,1057,557,1702,841,1414,599,555,585,993,1647,3819,26228,15094,1410,24,4116,0,0,3,1
2021-02-24T23:59:59+01:00,0,1,264,291,589,1117,841,1963,1081,3089,1454,2465,782,720,2332,3482,3414,6573,0,1,57,99,244,505,420,1038,548,1680,838,1394,592,543,571,973,1636,3796,25230,14918,1410,16,3815,0,0,3,1
2021-02-23T23:59:59+01:00,0,1,252,270,560,1061,804,1888,1013,2939,1380,2363,730,670,2217,3342,3388,6480,0,1,57,97,242,499,420,1022,538,1648,830,1372,584,536,555,922,1624,3743,24424,14673,1405,16,3526,0,0,3,1
2021-02-22T23:59:59+01:00,0,1,248,264,547,998,784,1812,987,2845,1344,2303,705,648,2187,3306,3379,6417,0,1,57,96,236,493,418,1009,529,1630,826,1347,570,522,533,896,1618,3688,24019,14453,1405,15,3348,0,0,3,1
2021-02-21T23:59:59+01:00,0,1,245,257,538,973,771,1775,979,2796,1314,2277,705,646,2185,3306,3378,6416,0,1,57,96,235,493,418,1009,529,1630,826,1346,570,521,533,896,1618,3687,24013,14449,1405,15,3141,0,0,3,1
2021-02-20T23:59:59+01:00,0,1,167,227,469,924,702,1698,909,2707,1229,2177,690,631,1811,2788,2822,5613,0,1,57,96,235,493,418,1009,529,1629,826,1346,570,521,533,896,1617,3687,21736,14447,1405,15,2421,0,0,3,1
2021-02-19T23:59:59+01:00,0,1,84,166,358,843,575,1566,776,2558,1093,2025,674,610,1503,2274,2273,4820,0,1,57,96,235,493,418,1008,529,1629,826,1346,570,521,527,894,1615,3681,19528,14430,1405,15,1263,0,0,3,1
2021-02-18T23:59:59+01:00,0,1,81,161,346,793,554,1477,743,2418,1060,1957,658,599,1494,2255,2264,4768,0,1,54,89,229,471,404,941,514,1549,806,1273,556,507,521,876,1612,3659,19284,14046,1380,15,962,0,0,3,1
2021-02-17T23:59:59+01:00,0,1,80,153,332,770,545,1444,714,2325,1023,1857,653,589,1436,2167,2216,4718,0,1,54,86,227,462,396,903,503,1484,787,1191,543,495,519,874,1612,3659,19023,13780,1307,15,690,0,0,3,1
2021-02-16T23:59:59+01:00,0,1,75,148,317,730,517,1370,682,2217,998,1752,642,582,1192,1820,2092,4535,0,1,53,77,226,455,390,873,490,1419,761,1125,522,482,517,874,1609,3658,18102,13529,1068,2,497,0,0,3,1
2021-02-15T23:59:59+01:00,0,1,70,132,291,625,482,1228,624,2004,947,1592,633,580,1109,1713,2040,4470,0,1,53,77,224,450,386,867,489,1415,759,1118,522,482,516,869,1608,3655,17771,13490,730,0,39,0,0,1,1
2021-02-14T23:59:59+01:00,0,1,69,125,286,598,477,1199,613,1950,933,1570,633,580,1010,1589,1993,4413,0,1,53,77,224,450,386,867,489,1413,759,1118,522,482,516,869,1608,3655,17441,13488,574,0,23,0,0,1,1
2021-02-13T23:59:59+01:00,0,1,69,124,286,597,476,1195,612,1948,931,1567,632,579,1009,1580,1989,4410,0,1,53,77,224,449,384,862,488,1408,757,1117,520,480,499,831,1349,3184,17407,12682,574,0,23,0,0,1,1
2021-02-12T23:59:59+01:00,0,1,68,124,285,596,472,1191,612,1945,928,1566,629,578,971,1528,1969,4370,0,1,53,77,224,445,380,853,483,1399,751,1110,513,472,481,790,986,2470,17238,11487,574,0,20,0,0,1,1
2021-02-11T23:59:59+01:00,0,1,67,117,282,583,459,1164,606,1919,921,1554,628,577,928,1471,1947,4331,0,1,53,74,209,414,366,806,466,1325,736,1078,510,471,481,790,985,2469,17059,11234,491,0,4,0,0,1,0
2021-02-10T23:59:59+01:00,0,1,66,117,279,580,457,1159,602,1902,916,1550,628,577,919,1455,1926,4287,0,1,52,64,176,336,312,704,416,1153,656,983,476,459,476,789,985,2468,16956,10506,463,0,1,0,0,1,0
2021-02-09T23:59:59+01:00,0,1,64,115,273,576,454,1146,601,1887,908,1544,627,576,907,1419,1856,4183,0,1,43,53,125,257,236,554,334,951,554,829,440,448,472,788,982,2468,16704,9535,432,0,0,0,0,1,0
2021-02-08T23:59:59+01:00,0,1,63,115,270,567,451,1139,599,1872,901,1536,625,573,804,1266,1799,4101,0,1,38,43,87,168,173,417,271,714,495,694,433,442,469,785,981,2468,16274,8679,407,0,0,0,0,1,0
2021-02-07T23:59:59+01:00,0,1,61,112,260,544,437,1108,583,1769,866,1457,624,572,702,1140,1750,4017,0,1,37,42,83,165,170,410,266,701,490,683,431,441,469,785,981,2467,15903,8622,99,0,0,0,0,1,0
2021-02-06T23:59:59+01:00,0,1,60,112,259,544,437,1108,581,1768,863,1454,621,570,700,1132,1744,4010,0,1,34,41,82,162,167,400,262,693,479,674,423,440,433,737,741,2075,15864,7844,99,0,0,0,0,1,0
2021-02-05T23:59:59+01:00,0,1,60,112,257,540,437,1106,580,1767,861,1452,619,570,690,1125,1738,3997,0,1,32,39,78,158,162,392,254,674,462,664,417,440,427,712,337,1442,15812,6691,99,0,0,0,0,1,0
2021-02-04T23:59:59+01:00,0,1,59,110,252,534,431,1090,564,1740,857,1438,612,560,604,1008,1687,3936,0,1,31,36,73,152,156,381,239,650,445,650,411,432,422,705,335,1435,15451,6554,31,0,0,0,0,1,0
2021-02-03T23:59:59+01:00,0,1,58,105,248,527,430,1071,561,1724,855,1423,608,550,593,998,1684,3922,0,1,24,28,59,121,123,280,175,508,335,500,305,330,337,548,257,1151,15328,5082,29,0,0,0,0,1,0
2021-02-02T23:59:59+01:00,0,1,58,103,245,522,430,1053,549,1691,846,1399,595,540,581,949,1674,3871,0,1,17,21,41,78,87,186,122,343,219,361,215,220,217,344,184,756,15078,3412,29,0,0,0,0,0,0
2021-02-01T23:59:59+01:00,0,1,58,101,241,514,428,1037,541,1669,842,1376,588,534,559,920,1666,3824,0,0,7,11,21,42,48,98,65,168,95,165,101,103,90,160,77,329,14870,1580,29,0,0,0,0,0,0
2021-01-31T23:59:59+01:00,0,1,58,101,240,513,426,1033,539,1664,840,1373,588,533,559,920,1666,3823,0,0,7,11,19,38,43,84,61,142,81,149,96,101,89,159,75,327,14848,1482,29,0,0,0,0,0,0
2021-01-30T23:59:59+01:00,0,1,58,101,240,513,426,1033,539,1664,840,1373,588,533,559,920,1666,3823,0,0,7,11,19,38,43,84,61,142,81,149,96,100,89,159,75,327,14848,1481,29,0,0,0,0,0,0
2021-01-29T23:59:59+01:00,0,1,58,101,240,513,426,1033,539,1664,840,1373,588,533,559,920,1666,3823,0,0,7,11,19,38,43,84,61,142,81,149,96,100,89,159,75,327,14848,1481,29,0,0,0,0,0,0
2021-01-28T23:59:59+01:00,0,1,56,93,236,484,414,966,521,1578,816,1292,575,518,553,903,1663,3804,0,0,3,2,5,6,11,16,19,34,22,33,17,22,21,34,19,99,14450,363,23,0,0,0,0,0,0
2021-01-27T23:59:59+01:00,0,1,54,89,236,474,406,927,511,1512,796,1209,563,505,551,901,1663,3804,0,0,3,2,5,6,9,16,19,33,21,31,17,21,21,34,19,99,14181,356,21,0,0,0,0,0,0
2021-01-26T23:59:59+01:00,0,1,53,83,231,471,399,898,500,1445,771,1142,541,492,549,901,1663,3804,0,0,1,2,5,6,9,15,17,29,17,26,15,18,19,32,19,91,13925,321,19,0,0,0,0,0,0
2021-01-25T23:59:59+01:00,0,1,53,83,228,465,396,892,500,1442,770,1137,541,492,549,898,1663,3802,0,0,0,0,0,0,0,2,0,0,0,0,1,1,0,2,0,0,13895,6,17,0,0,0,0,0,0
2021-01-24T23:59:59+01:00,0,1,53,83,228,465,396,892,500,1441,770,1137,541,492,549,898,1663,3802,0,0,0,0,0,0,0,2,0,0,0,0,1,1,0,2,0,0,13894,6,17,0,0,0,0,0,0
2021-01-23T23:59:59+01:00,0,1,53,83,228,464,395,888,500,1435,769,1135,538,490,532,860,1403,3324,0,0,0,0,0,0,0,1,0,0,0,0,1,1,0,2,0,0,13081,5,17,0,0,0,0,0,0
2021-01-22T23:59:59+01:00,0,1,53,83,227,460,390,878,495,1425,764,1128,532,481,515,818,1024,2583,0,0,0,0,0,0,0,1,0,0,0,0,1,1,0,2,0,0,11841,5,16,0,0,0,0,0,0
2021-01-21T23:59:59+01:00,0,1,53,80,208,426,363,822,467,1325,737,1093,528,481,515,818,1023,2582,0,0,0,0,0,0,0,1,0,0,0,0,1,1,0,2,0,0,11506,5,16,0,0,0,0,0,0
2021-01-20T23:59:59+01:00,0,1,51,70,181,354,322,737,424,1171,667,1003,492,470,510,818,1023,2581,0,0,0,0,0,0,0,1,0,0,0,0,1,1,0,2,0,0,10859,5,16,0,0,0,0,0,0
2021-01-19T23:59:59+01:00,0,1,44,57,137,276,248,579,347,989,577,863,457,458,506,816,1023,2581,0,0,0,0,0,0,0,0,0,0,0,0,1,0,0,2,0,0,9951,3,8,0,0,0,0,0,0
2021-01-18T23:59:59+01:00,0,1,40,44,88,175,179,429,280,726,505,706,449,451,503,812,1021,2581,0,0,0,0,0,0,0,0,0,0,0,0,0,0,0,1,0,0,8990,1,0,0,0,0,0,0,0
2021-01-17T23:59:59+01:00,0,1,37,43,85,172,175,421,276,715,500,693,447,451,503,812,1021,2580,0,0,0,0,0,0,0,0,0,0,0,0,0,0,0,0,0,0,8932,0,0,0,0,0,0,0,0
2021-01-16T23:59:59+01:00,0,1,34,42,83,170,171,412,269,708,485,684,438,449,464,765,774,2183,0,0,0,0,0,0,0,0,0,0,0,0,0,0,0,0,0,0,8132,0,0,0,0,0,0,0,0
2021-01-15T23:59:59+01:00,0,1,32,40,80,165,168,406,262,691,471,676,432,448,459,741,361,1541,0,0,0,0,0,0,0,0,0,0,0,0,0,0,0,0,0,0,6974,0,0,0,0,0,0,0,0
2021-01-14T23:59:59+01:00,0,1,32,38,78,159,163,401,254,678,460,668,429,445,459,740,361,1541,0,0,0,0,0,0,0,0,0,0,0,0,0,0,0,0,0,0,6907,0,0,0,0,0,0,0,0
2021-01-13T23:59:59+01:00,0,0,24,31,62,127,128,304,194,544,351,525,326,343,374,577,282,1246,0,0,0,0,0,0,0,0,0,0,0,0,0,0,0,0,0,0,5438,0,0,0,0,0,0,0,0
2021-01-12T23:59:59+01:00,0,0,17,24,46,88,93,216,140,393,238,389,234,235,247,371,205,845,0,0,0,0,0,0,0,0,0,0,0,0,0,0,0,0,0,0,3781,0,0,0,0,0,0,0,0
2021-01-11T23:59:59+01:00,0,0,9,15,27,48,62,139,88,220,125,208,116,112,106,179,93,374,0,0,0,0,0,0,0,0,0,0,0,0,0,0,0,0,0,0,1921,0,0,0,0,0,0,0,0
2021-01-10T23:59:59+01:00,0,0,8,15,23,44,55,110,80,179,105,175,110,108,102,177,90,374,0,0,0,0,0,0,0,0,0,0,0,0,0,0,0,0,0,0,1755,0,0,0,0,0,0,0,0
2021-01-09T23:59:59+01:00,0,0,8,15,23,44,55,110,80,179,105,175,110,107,102,177,90,374,0,0,0,0,0,0,0,0,0,0,0,0,0,0,0,0,0,0,1754,0,0,0,0,0,0,0,0
2021-01-08T23:59:59+01:00,0,0,8,14,22,43,52,103,75,168,99,172,107,103,97,168,88,364,0,0,0,0,0,0,0,0,0,0,0,0,0,0,0,0,0,0,1683,0,0,0,0,0,0,0,0
2021-01-07T23:59:59+01:00,0,0,3,3,5,7,11,17,20,34,24,36,17,22,23,35,23,107,0,0,0,0,0,0,0,0,0,0,0,0,0,0,0,0,0,0,387,0,0,0,0,0,0,0,0
2021-01-06T23:59:59+01:00,0,0,3,2,5,6,9,16,20,33,21,32,17,21,23,35,23,106,0,0,0,0,0,0,0,0,0,0,0,0,0,0,0,0,0,0,372,0,0,0,0,0,0,0,0
2021-01-05T23:59:59+01:00,0,0,3,2,5,6,9,16,20,33,21,32,17,21,23,35,23,106,0,0,0,0,0,0,0,0,0,0,0,0,0,0,0,0,0,0,372,0,0,0,0,0,0,0,0
2021-01-04T23:59:59+01:00,0,0,0,0,0,0,0,2,1,0,0,0,1,1,0,2,0,0,0,0,0,0,0,0,0,0,0,0,0,0,0,0,0,0,0,0,7,0,0,0,0,0,0,0,0
2021-01-03T23:59:59+01:00,0,0,0,0,0,0,0,2,1,0,0,0,1,1,0,2,0,0,0,0,0,0,0,0,0,0,0,0,0,0,0,0,0,0,0,0,7,0,0,0,0,0,0,0,0
2021-01-02T23:59:59+01:00,0,0,0,0,0,0,0,1,1,0,0,0,1,1,0,2,0,0,0,0,0,0,0,0,0,0,0,0,0,0,0,0,0,0,0,0,6,0,0,0,0,0,0,0,0
2021-01-01T23:59:59+01:00,0,0,0,0,0,0,0,1,1,0,0,0,1,1,0,2,0,0,0,0,0,0,0,0,0,0,0,0,0,0,0,0,0,0,0,0,6,0,0,0,0,0,0,0,0
2020-12-31T23:59:59+01:00,0,0,0,0,0,0,0,1,1,0,0,0,1,1,0,2,0,0,0,0,0,0,0,0,0,0,0,0,0,0,0,0,0,0,0,0,6,0,0,0,0,0,0,0,0
2020-12-30T23:59:59+01:00,0,0,0,0,0,0,0,1,1,0,0,0,1,1,0,2,0,0,0,0,0,0,0,0,0,0,0,0,0,0,0,0,0,0,0,0,6,0,0,0,0,0,0,0,0
2020-12-29T23:59:59+01:00,0,0,0,0,0,0,0,1,1,0,0,0,1,0,0,2,0,0,0,0,0,0,0,0,0,0,0,0,0,0,0,0,0,0,0,0,5,0,0,0,0,0,0,0,0
2020-12-28T23:59:59+01:00,0,0,0,0,0,0,0,1,0,0,0,0,1,0,0,1,0,0,0,0,0,0,0,0,0,0,0,0,0,0,0,0,0,0,0,0,3,0,0,0,0,0,0,0,0
2020-12-27T23:59:59+01:00,0,0,0,0,0,0,0,0,0,0,0,0,0,0,0,0,0,0,0,0,0,0,0,0,0,0,0,0,0,0,0,0,0,0,0,0,0,0,0,0,0,0,0,0,0
