Datum,<24_1_m,<24_1_w,25-34_1_m,25-34_1_w,35-44_1_m,35-44_1_w,45-54_1_m,45-54_1_w,55-64_1_m,55-64_1_w,65-74_1_m,65-74_1_w,75-84_1_m,75-84_1_w,>84_1_m,>84_1_w,<24_2_m,<24_2_w,25-34_2_m,25-34_2_w,35-44_2_m,35-44_2_w,45-54_2_m,45-54_2_w,55-64_2_m,55-64_2_w,65-74_2_m,65-74_2_w,75-84_2_m,75-84_2_w,>84_2_m,>84_2_w,bp_1,bp_2,mo_1,mo_2,az_1,az_2,ja
2021-06-19T23:59:59+02:00,6288,6050,11384,11281,16179,17126,24342,25934,29828,31399,23081,25792,15392,20190,4122,8080,2385,2523,4207,5237,5971,8149,10966,14090,18484,20684,17225,19382,13540,17754,3831,7442,193837,114957,28974,19404,45912,29764,7745
2021-06-18T23:59:59+02:00,6221,6003,10679,10654,15706,16682,24253,25871,29764,31343,23053,25763,15386,20176,4121,8079,2317,2429,4055,5100,5692,7893,10600,13714,17433,19576,17040,19173,13502,17700,3829,7433,191130,110826,28967,19403,45912,29512,7745
2021-06-17T23:59:59+02:00,6084,5874,10026,10137,15309,16375,24168,25792,29688,31254,23018,25722,15374,20161,4121,8076,2168,2308,3793,4848,5308,7535,10040,13210,16276,18406,16616,18708,13389,17549,3819,7418,188697,105763,28965,19395,45909,28625,7608
2021-06-16T23:59:59+02:00,5932,5714,9838,9980,15183,16266,24081,25704,29596,31171,22981,25693,15360,20149,4120,8069,2117,2259,3701,4762,5113,7341,9081,12409,16002,18111,16333,18393,13279,17400,3813,7392,187579,104891,28954,17528,45906,27689,7398
2021-06-15T23:59:59+02:00,5724,5521,9672,9816,15057,16142,23987,25611,29523,31084,22942,25630,15336,20120,4113,8054,2051,2200,3624,4662,5021,7236,8964,12258,15826,17884,16006,18089,13169,17253,3795,7342,186291,104161,28952,17525,45887,26492,7202
2021-06-14T23:59:59+02:00,5641,5444,9576,9706,14980,16065,23921,25538,29452,31025,22914,25594,15322,20103,4110,8048,2032,2176,3586,4637,4981,7199,8858,12194,15687,17736,15820,17890,13101,17173,3790,7337,185553,103941,28948,17522,45883,25679,7055
2021-06-13T23:59:59+02:00,5568,5396,9490,9625,14905,16006,23865,25485,29382,30978,22890,25569,15317,20092,4110,8047,1978,2159,3540,4611,4930,7158,8785,12153,15589,17628,15666,17714,13057,17114,3785,7332,184983,103664,28942,17520,45869,25084,6931
2021-06-12T23:59:59+02:00,5544,5379,9460,9600,14649,15816,23759,25374,29340,30935,22872,25559,15310,20085,4109,8045,1838,2030,3285,4392,4520,6847,8218,11704,13821,15932,15378,17403,12989,17024,3783,7321,184096,97016,28942,17520,45869,25020,6929
2021-06-11T23:59:59+02:00,5481,5323,9378,9543,14313,15579,23577,25238,29260,30851,22835,25519,15297,20074,4108,8042,1720,1883,3105,4169,4198,6481,7682,11135,12164,13995,14989,16952,12897,16889,3770,7312,182750,90171,28940,17519,45869,24792,6859
2021-06-10T23:59:59+02:00,5142,5069,8829,9197,13040,14526,23054,24844,28901,30554,22710,25381,15257,20014,4096,8029,1574,1776,2858,3984,3870,6191,7232,10721,10724,12628,14539,16444,12759,16718,3758,7289,177470,85656,28925,17517,45864,23508,6384
2021-06-09T23:59:59+02:00,4855,4867,8236,8914,12183,13887,22735,24640,28690,30400,22653,25327,15241,19991,4092,8026,1469,1718,2713,3910,3722,6111,7031,10628,10457,12437,14212,16099,12627,16564,3753,7274,175388,85342,27665,17418,45857,22138,5827
2021-06-08T23:59:59+02:00,4706,4745,7813,8687,11742,13603,22514,24462,28496,30260,22606,25258,15209,19950,4088,8019,1377,1689,2582,3850,3564,6046,6055,9839,10060,12102,13866,15696,12440,16365,3742,7257,173676,84994,27295,15272,45831,20908,5356
2021-06-07T23:59:59+02:00,4566,4657,7577,8573,11473,13431,22307,24354,28362,30154,22555,25207,15193,19928,4085,8013,1318,1558,2458,3793,3436,5985,5886,9764,9854,11968,13646,15442,12312,16227,3736,7242,172497,84808,27285,15269,45822,19717,4831
2021-06-06T23:59:59+02:00,4421,4589,7352,8444,11222,13283,22122,24260,28294,30071,22523,25173,15183,19914,4082,8009,1293,1538,2391,3758,3336,5930,5774,9686,9748,11868,13482,15280,12261,16152,3733,7236,171356,84625,27268,15265,45812,19070,4506
2021-06-05T23:59:59+02:00,4390,4545,7313,8403,10968,13061,21567,23805,28143,29938,22479,25139,15173,19896,4082,8005,1251,1406,2225,3296,3092,5381,5613,9379,8770,10702,13032,14676,12169,16024,3724,7229,169334,79267,27268,15265,45809,18941,4496
2021-06-04T23:59:59+02:00,4354,4517,7282,8377,10833,12941,21225,23496,28057,29844,22446,25111,15160,19887,4081,8004,1214,1316,2121,2971,2934,4882,5444,9036,7986,9714,11808,13308,12063,15851,3721,7214,168061,72908,27256,15264,45808,18921,4490
2021-06-03T23:59:59+02:00,4196,4404,7057,8232,10151,12399,20097,22677,27710,29543,22320,24989,15115,19829,4079,7993,1153,1266,2021,2853,2801,4716,5235,8722,7600,9228,11459,12973,11982,15760,3718,7204,163334,71138,27248,15261,45804,17887,4405
2021-06-02T23:59:59+02:00,4188,4395,7046,8214,10130,12386,19913,22499,27643,29493,22297,24970,15112,19822,4076,7992,1148,1259,2009,2819,2778,4696,4922,8442,7161,8838,11430,12936,11968,15747,3714,7198,163271,71030,26703,13771,45804,17866,4398
2021-06-01T23:59:59+02:00,4045,4303,6799,8069,9849,12193,19460,22157,27414,29298,22204,24883,15078,19769,4075,7983,1103,1208,1921,2749,2698,4625,4563,8124,6644,8378,11218,12727,11891,15665,3709,7186,161594,70596,25922,12481,45789,17058,4274
2021-05-31T23:59:59+02:00,3992,4253,6706,8004,9715,12092,19336,22071,27331,29217,22140,24824,15063,19745,4070,7978,1065,1182,1855,2708,2622,4582,4448,8062,6522,8295,11026,12554,11816,15569,3700,7180,160759,70238,25895,12476,45776,16365,4107
2021-05-30T23:59:59+02:00,3957,4223,6642,7946,9624,12012,19254,21993,27262,29151,22094,24779,15043,19723,4066,7969,1061,1175,1846,2699,2607,4572,4418,8032,6472,8252,10967,12481,11787,15531,3696,7171,160068,70198,25890,12474,45764,16079,4016
2021-05-29T23:59:59+02:00,3940,4202,6604,7917,9589,11977,19207,21943,27115,29044,22052,24715,15029,19709,4063,7965,1022,1154,1787,2644,2525,4486,4229,7758,6059,7816,8899,9941,11632,15259,3685,7146,159415,63991,25890,12472,45750,15563,4016
2021-05-28T23:59:59+02:00,3868,4142,6480,7846,9472,11856,19062,21818,26958,28927,21996,24650,15010,19694,4062,7964,1006,1137,1772,2623,2485,4424,4063,7436,5866,7558,6156,6769,11443,14986,3674,7105,158164,57189,25888,12472,45746,14835,4007
2021-05-27T23:59:59+02:00,3700,3992,6179,7660,8864,11524,18583,21466,26566,28605,21862,24501,14960,19638,4055,7947,951,1068,1685,2525,2369,4283,3597,6388,5472,7053,6007,6617,11378,14920,3670,7090,154712,56710,25832,12426,45738,12117,3820
2021-05-26T23:59:59+02:00,3570,3899,5956,7482,8474,11238,18140,21155,26273,28391,21731,24368,14916,19569,4045,7932,931,1057,1629,2501,2321,4248,3518,6314,5370,6972,5881,6492,11322,14868,3665,7080,152025,56638,25816,12424,45716,11525,3582
2021-05-25T23:59:59+02:00,3467,3829,5810,7366,8266,11065,17127,20367,25945,28063,21587,24218,14872,19502,4039,7923,908,1037,1592,2455,2250,4189,3441,6250,5286,6902,5704,6324,11237,14797,3659,7070,150488,56578,23894,12240,45702,10921,3362
2021-05-24T23:59:59+02:00,3403,3812,5719,7322,8137,10994,16207,19672,25571,27770,21507,24118,14844,19476,4032,7913,899,1035,1566,2437,2211,4153,3389,6197,5208,6821,5609,6219,11163,14729,3659,7064,149814,56548,21828,12164,45693,10485,3162
2021-05-23T23:59:59+02:00,3400,3808,5711,7314,8129,10988,16202,19671,25570,27769,21507,24118,14844,19476,4032,7913,898,1032,1558,2428,2199,4140,3372,6183,5187,6784,5565,6171,11149,14707,3658,7062,149789,56541,21828,12164,45691,10244,3144
2021-05-22T23:59:59+02:00,3358,3759,5642,7269,8026,10907,15973,19475,25319,27556,21418,24039,14818,19440,4029,7910,872,1007,1514,2377,2148,4064,3257,6046,4870,6217,4635,5000,10888,14344,3650,7027,148276,53323,21828,12164,45690,9285,3144
2021-05-21T23:59:59+02:00,3300,3683,5539,7185,7938,10787,15723,19235,25090,27357,21319,23942,14791,19399,4024,7901,838,945,1446,2248,2037,3792,3045,5680,4408,5341,4017,4189,10376,13712,3598,6922,146585,49604,21828,12164,45686,7712,3114
2021-05-20T23:59:59+02:00,3145,3500,5267,6921,7651,10424,15208,18707,24530,26831,21069,23685,14712,19292,4011,7875,821,930,1421,2229,1998,3758,2990,5616,4324,5267,3886,4085,10315,13661,3590,6912,142460,49520,21819,12154,45666,7246,2883
2021-05-19T23:59:59+02:00,3081,3443,5171,6774,7406,10158,14146,17733,24287,26561,20977,23568,14677,19238,4005,7869,800,902,1397,2176,1961,3671,2927,5469,4230,5160,3804,3995,10270,13610,3587,6908,141094,49493,19753,12092,45596,6631,2651
2021-05-18T23:59:59+02:00,3054,3420,5123,6738,7325,10097,13817,17484,24110,26413,20895,23479,14650,19194,3998,7858,763,834,1346,2036,1891,3475,2820,5261,4014,4878,3669,3813,10199,13541,3578,6899,140824,49475,18903,11096,45553,6071,2375
2021-05-17T23:59:59+02:00,3024,3394,5073,6663,7236,9990,13651,17288,23982,26275,20845,23432,14634,19173,3995,7851,754,815,1329,1999,1867,3427,2768,5153,3935,4758,3531,3662,10143,13490,3577,6891,139856,49453,18895,11086,45538,5343,2217
2021-05-16T23:59:59+02:00,3012,3373,5048,6599,7198,9909,13589,17212,23932,26217,20823,23417,14624,19161,3992,7849,749,808,1319,1997,1851,3415,2745,5143,3908,4731,3475,3591,10112,13470,3576,6889,139422,49444,18887,11075,45516,5130,2130
2021-05-15T23:59:59+02:00,2889,3256,4855,6399,7015,9717,12935,16661,23493,25818,20730,23306,14592,19122,3990,7842,688,742,1234,1907,1718,3247,2435,4818,3469,4241,3144,3174,9980,13293,3557,6867,136117,46526,18887,11075,45510,4807,2106
2021-05-14T23:59:59+02:00,2756,3062,4647,6172,6740,9404,12287,16045,23037,25372,20614,23174,14563,19072,3986,7835,616,649,1127,1788,1549,3014,2068,4399,2888,3650,2780,2755,9916,13185,3555,6863,132323,43608,18880,11073,45488,4046,2075
2021-05-13T23:59:59+02:00,2553,2748,4324,5780,6305,8912,11640,15290,22097,24543,20376,22938,14511,18993,3980,7821,612,647,1116,1772,1532,2997,2060,4375,2871,3629,2765,2740,9911,13184,3554,6863,126468,43556,18827,11065,45462,3953,2054
2021-05-12T23:59:59+02:00,2551,2745,4318,5779,6296,8905,11524,15160,22059,24515,20369,22926,14509,18987,3979,7821,601,622,1081,1711,1481,2919,1979,4289,2814,3577,2685,2646,9861,13111,3554,6863,126428,43553,18501,10239,45462,3950,2052
2021-05-11T23:59:59+02:00,2422,2707,4237,5705,6157,8782,11203,14909,21891,24367,20304,22859,14494,18960,3976,7818,568,594,1027,1647,1401,2826,1886,4150,2743,3513,2533,2422,9796,13011,3554,6863,125493,43537,18164,9406,45182,3639,1952
2021-05-10T23:59:59+02:00,2371,2622,4138,5579,6030,8621,10347,14111,21574,24086,20231,22777,14460,18910,3968,7808,552,558,991,1588,1332,2733,1791,3980,2669,3435,2511,2405,9789,12992,3551,6860,124411,43527,16317,9223,45079,3161,1826
2021-05-09T23:59:59+02:00,2337,2606,4101,5538,5979,8567,10277,14036,21513,24021,20197,22738,14445,18886,3966,7796,544,547,970,1541,1307,2685,1758,3924,2633,3391,2501,2393,9780,12974,3551,6854,123967,43468,16313,9220,44986,2928,1737
2021-05-08T23:59:59+02:00,2260,2491,3899,5366,5731,8358,9858,13681,20495,23181,20025,22563,14420,18828,3961,7787,462,514,910,1495,1230,2620,1667,3811,2358,3153,2022,2002,9705,12909,3550,6854,119872,42018,16312,9219,44983,2288,1737
2021-05-07T23:59:59+02:00,2169,2365,3701,5194,5406,8073,9443,13291,19334,22005,19862,22369,14382,18780,3953,7771,359,447,797,1418,1106,2486,1531,3667,2175,2945,1570,1619,9331,12550,3549,6853,115121,40307,16310,9216,44962,1175,1705
2021-05-06T23:59:59+02:00,1952,2241,3404,4920,4955,7673,8766,12697,18139,20783,19544,22012,14296,18641,3944,7761,341,436,773,1390,1067,2427,1480,3588,2111,2880,1535,1562,9315,12527,3544,6850,109274,40288,16303,9210,44728,905,1423
2021-05-05T23:59:59+02:00,1874,2201,3331,4833,4877,7558,8631,12541,17984,20646,19430,21900,14225,18540,3924,7676,328,420,733,1340,1001,2345,1394,3429,2006,2776,1446,1465,8907,11965,3539,6834,108519,40255,16160,8092,44559,648,933
2021-05-04T23:59:59+02:00,1844,2169,3289,4750,4820,7451,8281,12144,17522,20158,19345,21778,14153,18447,3900,7574,310,407,709,1306,981,2296,1318,3284,1902,2634,1380,1362,8842,11871,3536,6819,107833,40230,14815,7816,44456,390,521
2021-05-03T23:59:59+02:00,1835,2164,3281,4737,4779,7427,7898,11799,16951,19668,19289,21701,14128,18419,3895,7564,295,380,687,1225,932,2205,1251,3141,1804,2499,1317,1288,8820,11843,3533,6810,107750,40223,13221,7609,44416,50,148
2021-05-02T23:59:59+02:00,1833,2162,3277,4735,4773,7423,7887,11787,16933,19657,19273,21695,14128,18417,3894,7564,294,379,685,1224,926,2202,1242,3134,1796,2493,1303,1281,8819,11838,3532,6810,107724,40201,13219,7608,44393,47,102
2021-05-01T23:59:59+02:00,1684,2011,2977,4471,4289,7056,7254,11273,14990,17765,18959,21361,14051,18314,3891,7551,292,379,682,1222,924,2199,1240,3132,1793,2488,1299,1278,8817,11837,3532,6810,100190,40170,13219,7608,44389,47,99
2021-04-30T23:59:59+02:00,1538,1845,2771,4226,3931,6657,6654,10649,13154,15654,18608,20957,13965,18183,3878,7544,285,378,677,1214,908,2191,1229,3123,1781,2475,1288,1267,8813,11834,3531,6810,92578,40123,13219,7608,44389,45,28
2021-04-29T23:59:59+02:00,1406,1764,2596,4098,3689,6448,6270,10328,11789,14334,18417,20749,13937,18130,3875,7538,283,374,671,1208,899,2185,1205,3116,1750,2437,1265,1242,8809,11829,3531,6810,87893,40091,13210,7476,44254,36,11
2021-04-28T23:59:59+02:00,1338,1757,2551,4077,3640,6426,6198,10291,11706,14266,18389,20718,13931,18117,3875,7535,283,373,668,1207,897,2183,1202,3112,1741,2434,1258,1222,8368,11314,3531,6810,87628,40070,13160,6491,44017,32,10
2021-04-27T23:59:59+02:00,1283,1728,2444,4032,3579,6400,6074,10229,11601,14193,18357,20684,13920,18104,3873,7533,282,372,666,1201,896,2181,1198,3109,1737,2427,1242,1204,7957,10739,3531,6810,87124,40051,13107,5464,43794,28,9
2021-04-26T23:59:59+02:00,1231,1692,2351,3936,3453,6304,5898,10101,11293,13916,18320,20665,13912,18086,3871,7533,281,371,664,1201,892,2178,1190,3105,1718,2418,1226,1189,7951,10721,3531,6810,85788,39966,13097,5444,43668,27,9
2021-04-25T23:59:59+02:00,1228,1689,2341,3934,3446,6299,5879,10093,11258,13885,18312,20655,13911,18080,3871,7533,280,371,664,1201,891,2178,1189,3105,1718,2418,1226,1189,7951,10719,3531,6810,85765,39963,13088,5442,43552,27,9
2021-04-24T23:59:59+02:00,1176,1537,2144,3381,3171,5669,5693,9707,10200,12596,17828,20025,13818,17940,3865,7525,279,370,663,1200,891,2177,1189,3104,1712,2410,1222,1186,7950,10718,3531,6809,79651,39938,13088,5438,43528,27,8
2021-04-23T23:59:59+02:00,1139,1431,2022,3013,2987,5090,5480,9309,9363,11526,16495,18533,13693,17755,3860,7507,279,370,661,1200,890,2175,1188,3104,1711,2409,1217,1181,7947,10716,3531,6808,72640,39925,13087,5427,43468,27,8
2021-04-22T23:59:59+02:00,1133,1419,2003,2996,2967,5073,5414,9259,9252,11418,16435,18466,13671,17730,3858,7503,277,369,659,1200,887,2173,1180,3091,1691,2388,1195,1160,7945,10711,3531,6808,72596,39913,13032,5318,42961,26,8
2021-04-21T23:59:59+02:00,1123,1410,1987,2978,2943,5050,5363,9194,9133,11293,16355,18389,13655,17701,3858,7500,272,365,648,1190,874,2142,1168,3064,1682,2370,1183,1146,7723,10396,3530,6808,72556,39907,12974,4621,42394,25,8
2021-04-20T23:59:59+02:00,1090,1347,1939,2860,2869,4893,5258,9011,8857,10982,16231,18223,13606,17650,3851,7495,259,361,627,1166,847,2114,1142,3034,1646,2335,1166,1132,7715,10393,3530,6807,72487,39887,11845,4356,41822,23,8
2021-04-19T23:59:59+02:00,1079,1336,1901,2840,2826,4862,5113,8953,8666,10852,16147,18146,13589,17633,3851,7490,251,350,607,1146,831,2079,1120,2989,1604,2282,1149,1116,7710,10389,3528,6807,72088,39853,11823,4076,41365,21,8
2021-04-18T23:59:59+02:00,1077,1335,1896,2834,2817,4851,5097,8936,8618,10808,16103,18090,13583,17622,3850,7488,251,350,607,1146,830,2079,1120,2989,1604,2281,1149,1115,7708,10388,3527,6807,72045,39848,11820,4074,41132,21,8
2021-04-17T23:59:59+02:00,1040,1321,1844,2787,2741,4773,4946,8780,8205,10397,13864,15322,13421,17341,3837,7457,249,350,607,1142,826,2073,1108,2981,1592,2260,1110,1070,7372,9970,3511,6769,65237,38898,11820,4063,41011,21,8
2021-04-16T23:59:59+02:00,1032,1314,1833,2777,2694,4731,4840,8692,8018,10188,10987,11980,13233,17047,3822,7412,247,344,606,1138,819,2068,1098,2973,1571,2242,1099,1058,7366,9965,3509,6766,58002,38793,11818,4047,40772,21,8
2021-04-15T23:59:59+02:00,1019,1309,1806,2761,2647,4696,4724,8624,7773,9958,10758,11796,13191,16993,3816,7400,245,344,606,1136,818,2067,1095,2970,1568,2239,1094,1054,7364,9963,3509,6766,57981,38779,11816,4030,39466,21,8
2021-04-14T23:59:59+02:00,995,1276,1749,2672,2551,4568,4530,8434,7484,9655,10395,11343,13066,16838,3812,7393,215,317,567,1084,796,1999,1057,2888,1524,2181,1069,1027,7360,9955,3509,6766,57949,38763,10870,3523,37934,20,8
2021-04-13T23:59:59+02:00,968,1251,1712,2615,2477,4482,4422,8291,7268,9433,9996,10848,12941,16678,3807,7384,175,291,533,1032,756,1898,1021,2785,1475,2114,1049,993,7346,9947,3509,6766,57871,38700,9924,2968,36770,14,8
2021-04-12T23:59:59+02:00,963,1248,1693,2612,2445,4466,4368,8237,7109,9248,9748,10555,12899,16631,3796,7371,161,272,507,993,733,1827,998,2715,1433,2071,1028,975,7330,9931,3506,6761,57815,38584,9893,2635,35673,14,8
2021-04-11T23:59:59+02:00,960,1247,1683,2612,2432,4464,4345,8222,7038,9178,9624,10403,12873,16589,3792,7367,161,271,507,992,732,1826,997,2715,1432,2071,1028,975,7328,9931,3506,6761,57803,38578,9891,2634,35127,13,8
2021-04-10T23:59:59+02:00,942,1236,1655,2586,2394,4435,4273,8157,6896,9055,8686,9201,12605,16219,3783,7329,158,269,505,990,727,1824,996,2709,1423,2063,1014,960,6859,9432,3494,6747,54474,37516,9890,2633,35080,13,8
2021-04-09T23:59:59+02:00,917,1204,1615,2536,2321,4353,4092,7976,6555,8720,7940,8233,12037,15521,3725,7217,155,268,503,984,722,1815,987,2701,1406,2051,995,939,6611,9157,3482,6726,50507,36852,9886,2629,34561,13,8
2021-04-08T23:59:59+02:00,906,1193,1584,2513,2255,4302,3950,7877,6262,8376,7355,7594,11907,15373,3716,7199,155,265,496,981,718,1807,979,2690,1398,2041,983,937,6608,9155,3482,6726,50475,36831,9862,2569,32017,13,8
2021-04-07T23:59:59+02:00,899,1182,1556,2494,2198,4260,3856,7800,6006,8077,6796,6979,11354,14661,3705,7176,136,253,461,930,673,1741,921,2616,1352,1979,966,923,6602,9150,3481,6726,50448,36808,8712,2082,29832,13,7
2021-04-06T23:59:59+02:00,895,1179,1538,2487,2169,4235,3778,7743,5792,7886,6351,6478,11193,14470,3694,7153,113,232,408,865,632,1658,872,2521,1301,1920,944,907,6587,9140,3479,6722,50378,36783,8529,1498,28127,13,7
2021-04-05T23:59:59+02:00,887,1175,1521,2480,2146,4225,3723,7715,5634,7760,6158,6270,11140,14396,3690,7146,107,229,407,864,624,1649,865,2504,1284,1902,916,868,5452,7692,3449,6675,50183,33979,8525,1488,27351,13,7
2021-04-04T23:59:59+02:00,885,1171,1519,2478,2140,4223,3707,7708,5622,7751,6146,6248,11129,14382,3689,7143,107,229,405,862,619,1644,860,2496,1269,1881,893,835,4411,6494,3425,6621,50169,31543,8524,1488,27241,13,7
2021-04-03T23:59:59+02:00,822,1112,1436,2402,2019,4079,3415,7415,5172,7270,5801,5802,10985,14191,3668,7120,105,229,405,861,619,1642,859,2496,1269,1881,893,835,4411,6490,3425,6621,46939,31533,8524,1488,27239,13,7
2021-04-02T23:59:59+02:00,778,1070,1375,2337,1912,3952,3126,7139,4671,6770,5421,5357,10914,14069,3665,7114,105,229,405,861,619,1642,858,2496,1267,1879,892,832,4409,6488,3425,6621,44020,31522,8523,1487,27121,13,6
2021-04-01T23:59:59+02:00,773,1068,1365,2334,1894,3944,3094,7122,4593,6691,5312,5250,10885,14027,3664,7112,104,229,403,857,618,1639,857,2493,1264,1875,882,831,4405,6485,3424,6621,44008,31513,8380,1455,26734,13,6
2021-03-31T23:59:59+02:00,771,1064,1357,2321,1882,3932,3067,7092,4526,6635,5170,5089,10386,13435,3661,7107,104,229,402,857,618,1639,857,2493,1262,1875,881,831,4405,6484,3424,6620,43998,31507,7253,1455,26238,13,6
2021-03-30T23:59:59+02:00,762,1059,1338,2301,1849,3901,3026,7056,4438,6541,4992,4882,9885,12758,3654,7093,99,225,402,853,613,1636,851,2488,1255,1872,869,822,4398,6480,3423,6620,43975,31487,6068,1402,25486,11,6
2021-03-29T23:59:59+02:00,757,1051,1325,2264,1828,3870,2994,7015,4366,6443,4785,4683,9816,12680,3652,7082,99,225,402,850,609,1633,850,2481,1251,1866,860,814,4391,6475,3423,6620,43908,31474,5853,1358,24844,11,6
2021-03-28T23:59:59+02:00,754,1049,1321,2261,1813,3860,2976,7000,4328,6382,4690,4570,9787,12630,3647,7075,99,225,402,849,609,1633,848,2481,1249,1866,859,814,4390,6475,3423,6620,43886,31472,5844,1353,24407,11,6
2021-03-27T23:59:59+01:00,750,1044,1313,2253,1793,3845,2949,6972,4100,6196,4177,4143,9576,12408,3639,7060,99,225,399,847,608,1631,845,2478,1242,1860,855,809,4160,6096,3374,6541,41975,30699,5840,1353,24397,11,6
2021-03-26T23:59:59+01:00,743,1036,1305,2243,1774,3827,2920,6947,4011,6097,3653,3705,9112,11950,3630,7047,99,225,398,846,607,1628,841,2475,1232,1854,844,794,3365,5051,3246,6309,40047,28444,5827,1353,24120,11,6
2021-03-25T23:59:59+01:00,736,1030,1292,2230,1752,3799,2859,6907,3919,6008,3469,3487,9027,11852,3624,7045,99,225,398,846,607,1628,840,2474,1232,1854,844,794,3363,5050,3246,6308,40034,28438,5721,1353,23275,11,6
2021-03-24T23:59:59+01:00,727,1021,1260,2205,1705,3749,2776,6830,3751,5847,3127,3120,8667,11337,3615,7034,95,223,386,831,588,1608,807,2442,1178,1823,817,756,3355,5045,3246,6306,40012,28138,4968,1352,21785,10,6
2021-03-23T23:59:59+01:00,714,1011,1231,2170,1659,3701,2690,6743,3589,5675,2743,2726,8482,11161,3608,7018,90,219,373,804,550,1576,741,2378,1074,1741,735,698,3329,5013,3243,6303,39971,27507,4678,1345,20266,9,6
2021-03-22T23:59:59+01:00,686,888,1194,2123,1628,3645,2627,6666,3441,5536,2490,2488,8184,10820,3595,6988,90,218,373,804,550,1574,740,2377,1071,1740,733,695,3326,5008,3242,6301,39503,27482,4354,1345,19136,9,6
2021-03-21T23:59:59+01:00,685,883,1189,2116,1617,3637,2609,6650,3394,5489,2338,2317,8111,10728,3589,6975,90,218,373,803,550,1574,740,2377,1071,1740,733,695,3326,5007,3242,6301,39499,27480,4340,1345,18482,9,6
2021-03-20T23:59:59+01:00,683,883,1188,2108,1611,3632,2603,6643,3373,5464,2308,2278,7620,10214,3576,6960,90,218,373,803,549,1574,739,2376,1071,1739,733,695,3326,5005,3240,6299,38462,27470,4328,1345,18348,9,6
2021-03-19T23:59:59+01:00,674,876,1174,2091,1575,3607,2532,6484,3306,5371,2121,2095,7323,9907,3562,6939,90,218,372,796,545,1572,734,2365,1059,1728,724,688,2793,4257,2936,5699,37856,25223,4312,1345,17463,2,6
2021-03-18T23:59:59+01:00,659,859,1154,2060,1544,3574,2494,6410,3231,5280,1950,1893,7223,9806,3560,6929,89,218,372,795,544,1572,733,2361,1055,1727,716,685,2733,4176,2921,5666,37836,25032,4301,1323,16483,2,6
2021-03-17T23:59:59+01:00,625,828,1111,2002,1507,3487,2407,6287,3076,5117,1681,1625,7087,9676,3551,6916,87,212,360,769,528,1521,711,2307,1016,1689,699,663,2475,3864,2862,5568,37765,24071,3777,1252,15435,2,6
2021-03-16T23:59:59+01:00,578,796,1070,1945,1457,3370,2333,6141,2961,4972,1470,1400,6981,9549,3542,6899,80,193,337,711,500,1438,678,2163,987,1580,645,612,2368,3724,2845,5494,37712,23327,3158,1021,14589,2,5
2021-03-15T23:59:59+01:00,563,779,1041,1901,1420,3296,2300,6057,2873,4889,1343,1263,6398,8858,3521,6855,77,181,322,651,482,1318,642,2036,943,1467,618,595,2331,3682,2834,5439,36481,22929,2805,687,14071,2,0
2021-03-14T23:59:59+01:00,558,772,1030,1887,1417,3280,2284,6039,2837,4860,1301,1207,5998,8416,3510,6844,76,176,318,628,476,1290,636,1975,933,1448,618,595,2331,3681,2833,5438,35668,22923,2800,527,13772,2,0
2021-03-13T23:59:59+01:00,536,748,990,1840,1359,3213,2012,5395,2610,4500,1198,1096,5324,7533,3493,6815,76,176,317,625,474,1288,634,1973,933,1444,615,590,1875,3047,2410,4839,33994,20787,2796,527,11872,2,0
2021-03-12T23:59:59+01:00,518,723,971,1796,1322,3114,1792,4533,2417,4134,1129,1023,4606,6697,3479,6779,76,174,316,621,474,1284,630,1967,930,1438,612,583,1473,2379,1958,4179,32322,18566,2793,527,9918,1,0
2021-03-11T23:59:59+01:00,513,716,961,1783,1308,3094,1766,4500,2379,4096,1054,970,4568,6664,3477,6777,76,165,309,600,461,1230,620,1918,908,1405,603,570,1468,2361,1949,4131,32289,18318,2700,455,9637,1,0
2021-03-10T23:59:59+01:00,491,700,911,1719,1253,3022,1690,4398,2318,4011,1024,948,4555,6652,3476,6775,75,165,307,595,459,1224,615,1896,908,1400,595,560,1401,2264,1914,4087,32274,18033,2136,431,9533,1,0
2021-03-09T23:59:59+01:00,469,682,859,1669,1216,2950,1643,4319,2276,3964,1008,939,4549,6645,3475,6774,73,163,306,593,458,1215,613,1884,902,1394,593,552,1169,1918,1827,3952,32228,17207,1688,404,9521,1,0
2021-03-08T23:59:59+01:00,462,671,849,1653,1206,2935,1637,4293,2263,3952,996,928,4515,6599,3473,6770,71,161,303,590,454,1209,611,1880,899,1392,593,552,1087,1818,1795,3919,32103,16953,1592,380,9507,1,0
2021-03-07T23:59:59+01:00,461,668,849,1652,1203,2933,1634,4286,2253,3946,989,920,4510,6595,3472,6769,68,157,293,569,442,1175,593,1776,867,1330,592,552,975,1672,1754,3867,32087,16594,1553,88,9500,0,0
2021-03-06T23:59:59+01:00,452,648,830,1618,1178,2877,1589,4204,2059,3457,966,892,4285,6237,3429,6697,68,157,293,569,442,1174,593,1776,867,1330,592,552,972,1671,1751,3866,31379,16585,1553,88,8486,0,0
2021-03-05T23:59:59+01:00,436,600,797,1512,1124,2653,1503,3975,1849,2796,948,866,3463,5170,3305,6470,68,156,292,566,438,1168,592,1771,865,1326,587,550,932,1609,1733,3836,29085,16401,1552,88,6830,0,0
2021-03-04T23:59:59+01:00,421,590,788,1493,1113,2629,1481,3945,1829,2778,935,863,3457,5166,3304,6469,68,155,289,562,433,1150,583,1751,864,1318,585,549,886,1546,1719,3810,29072,16243,1513,25,6676,0,0
2021-03-03T23:59:59+01:00,409,551,769,1435,1079,2544,1432,3794,1748,2689,908,820,3448,5162,3304,6467,67,155,286,558,432,1147,581,1742,861,1315,585,548,854,1486,1646,3672,28760,15912,1513,23,6286,0,0
2021-03-02T23:59:59+01:00,403,541,753,1405,1029,2499,1357,3708,1631,2594,820,758,3415,5125,3300,6464,66,155,286,553,431,1141,581,1734,861,1313,584,548,854,1486,1646,3672,28122,15888,1450,23,6230,0,0
2021-03-01T23:59:59+01:00,396,526,749,1354,1014,2436,1337,3633,1606,2545,804,749,3407,5119,3300,6464,66,153,285,550,422,1127,581,1719,851,1307,584,546,745,1308,1606,3617,28083,15444,1402,23,5954,0,0
2021-02-28T23:59:59+01:00,391,512,740,1309,1002,2358,1321,3551,1587,2466,800,743,3406,5115,3299,6462,66,153,285,550,422,1126,581,1719,850,1307,584,545,638,1160,1571,3561,28072,15095,1399,23,5591,0,0
2021-02-27T23:59:59+01:00,380,488,726,1285,982,2315,1288,3481,1562,2419,783,733,3404,5115,3299,6462,66,153,285,550,422,1126,580,1719,849,1307,584,545,638,1159,1571,3561,28070,15092,1399,23,5253,0,0
2021-02-26T23:59:59+01:00,350,426,677,1220,913,2189,1195,3317,1466,2287,758,717,2864,4359,2993,5844,66,153,282,548,422,1124,578,1716,846,1302,579,542,631,1145,1563,3544,25801,15018,1399,23,4375,0,0
2021-02-25T23:59:59+01:00,344,410,662,1192,892,2144,1175,3244,1450,2251,756,715,2805,4277,2976,5810,64,149,278,541,422,1121,573,1703,843,1293,571,536,549,1025,1526,3501,25582,14674,1399,21,4122,0,0
2021-02-24T23:59:59+01:00,319,393,616,1146,839,2071,1117,3153,1411,2199,738,693,2548,3956,2915,5706,63,145,274,531,416,1106,566,1680,840,1276,564,525,536,1004,1516,3482,24601,14509,1399,15,3820,0,0
2021-02-23T23:59:59+01:00,301,368,588,1089,803,1983,1036,2996,1349,2118,684,641,2438,3814,2898,5627,63,143,272,524,416,1087,556,1650,832,1257,553,517,524,952,1506,3442,23809,14279,1394,15,3530,0,0
2021-02-22T23:59:59+01:00,296,355,574,1028,786,1906,1009,2903,1312,2059,663,623,2411,3777,2891,5573,62,142,267,518,414,1073,547,1627,826,1239,538,503,508,926,1501,3391,23418,14067,1394,15,3354,0,0
2021-02-21T23:59:59+01:00,293,344,565,1005,773,1863,1001,2857,1282,2038,663,621,2409,3777,2890,5572,62,142,266,518,414,1073,547,1627,826,1237,538,503,508,926,1501,3390,23412,14063,1394,15,3147,0,0
2021-02-20T23:59:59+01:00,196,309,502,951,708,1792,926,2751,1199,1956,653,608,1944,3107,2442,4935,62,142,266,518,414,1073,547,1626,826,1237,538,503,508,926,1501,3390,21167,14062,1394,15,2418,0,0
2021-02-19T23:59:59+01:00,96,236,386,871,585,1649,790,2607,1072,1810,644,594,1555,2458,1990,4282,62,142,266,518,414,1072,547,1625,826,1237,538,503,500,922,1500,3385,18980,14043,1394,14,1251,0,0
2021-02-18T23:59:59+01:00,92,224,375,827,561,1555,760,2467,1035,1750,633,583,1547,2439,1981,4234,59,133,260,489,399,1010,534,1545,804,1168,527,489,494,904,1499,3368,18743,13668,1369,14,951,0,0
2021-02-17T23:59:59+01:00,91,216,362,799,549,1523,726,2345,1007,1685,625,571,1482,2341,1943,4197,59,129,257,478,391,965,522,1481,786,1093,515,478,492,903,1499,3368,18483,13402,1296,14,683,0,0
2021-02-16T23:59:59+01:00,85,208,344,753,524,1449,693,2233,984,1594,615,562,1210,1959,1854,4058,57,120,257,471,383,932,509,1416,760,1028,495,468,491,903,1496,3367,17576,13151,1058,2,491,0,0
2021-02-15T23:59:59+01:00,78,183,318,646,486,1305,639,2020,936,1451,605,561,1113,1840,1819,4010,56,120,256,465,379,927,507,1411,759,1022,495,468,490,900,1495,3364,17252,13114,720,0,38,0,0
2021-02-14T23:59:59+01:00,77,176,314,621,480,1274,629,1963,922,1434,605,561,1008,1704,1781,3966,56,120,256,465,379,927,507,1409,759,1022,495,468,490,900,1495,3364,16926,13112,566,0,23,0,0
2021-02-13T23:59:59+01:00,77,175,314,620,478,1270,628,1961,922,1430,604,560,1008,1700,1778,3964,56,119,256,465,377,923,506,1404,757,1020,493,467,471,856,1243,2912,16900,12325,566,0,23,0,0
2021-02-12T23:59:59+01:00,76,175,313,619,474,1266,628,1957,919,1429,599,559,967,1640,1762,3932,56,119,256,460,373,915,502,1395,751,1014,486,460,449,809,896,2223,16729,11164,566,0,20,0,0
2021-02-11T23:59:59+01:00,76,169,309,605,462,1239,622,1933,912,1417,598,559,916,1573,1749,3904,56,113,240,431,360,859,486,1324,733,992,486,459,449,809,895,2222,16554,10914,483,0,6,0,0
2021-02-10T23:59:59+01:00,74,169,306,602,459,1235,619,1917,907,1413,598,559,905,1555,1731,3862,55,99,201,349,307,747,434,1164,652,902,457,454,447,809,895,2221,16453,10193,456,0,2,0,0
2021-02-09T23:59:59+01:00,71,167,301,596,456,1226,618,1902,901,1408,597,558,884,1515,1675,3764,47,81,141,269,232,583,352,958,553,772,426,445,443,808,893,2221,16210,9224,428,0,1,0,0
2021-02-08T23:59:59+01:00,70,165,298,589,453,1219,617,1884,894,1403,597,556,768,1338,1635,3708,42,65,98,176,170,427,288,726,494,656,420,439,439,806,892,2221,15790,8359,403,0,1,0,0
2021-02-07T23:59:59+01:00,67,161,288,567,436,1180,600,1776,861,1337,597,555,655,1186,1599,3650,41,64,94,172,166,421,284,714,489,646,418,439,439,806,892,2220,15420,8305,95,0,0,0,0
2021-02-06T23:59:59+01:00,67,161,287,567,436,1179,598,1776,859,1334,593,553,653,1176,1593,3644,38,61,93,170,163,411,279,705,477,639,412,439,400,752,663,1843,15381,7545,95,0,0,0,0
2021-02-05T23:59:59+01:00,67,161,285,564,436,1177,597,1775,857,1332,591,553,644,1168,1587,3634,36,57,89,166,157,401,272,686,460,631,405,439,388,718,278,1231,15333,6414,95,0,0,0,0
2021-02-04T23:59:59+01:00,65,158,280,558,429,1158,581,1749,854,1318,582,544,555,1041,1547,3588,35,53,84,161,149,387,261,669,443,617,398,433,385,711,276,1225,14980,6287,27,0,0,0,0
2021-02-03T23:59:59+01:00,64,152,276,549,428,1142,579,1734,852,1304,576,532,546,1032,1544,3576,26,39,70,127,112,281,191,523,335,479,297,331,306,556,212,982,14861,4867,25,0,0,0,0
2021-02-02T23:59:59+01:00,64,150,273,542,428,1122,566,1700,844,1285,562,521,537,982,1535,3536,18,27,45,81,82,188,135,355,214,350,209,212,195,355,152,648,14622,3266,25,0,0,0,0
2021-02-01T23:59:59+01:00,63,148,270,534,426,1105,558,1672,838,1270,551,512,524,953,1528,3493,7,14,22,43,44,95,67,174,96,156,101,97,78,158,67,297,14420,1516,25,0,0,0,0
2021-01-31T23:59:59+01:00,63,147,269,534,422,1101,558,1667,836,1266,551,512,524,953,1528,3492,7,13,20,40,39,80,63,149,82,140,98,97,77,157,65,296,14398,1423,25,0,0,0,0
2021-01-30T23:59:59+01:00,63,147,269,534,422,1101,558,1667,836,1266,551,512,524,953,1528,3492,7,13,20,40,39,80,63,149,82,140,98,96,77,157,65,296,14398,1422,25,0,0,0,0
2021-01-29T23:59:59+01:00,63,147,269,534,422,1101,558,1667,836,1266,551,512,524,953,1528,3492,7,13,20,40,39,80,63,149,82,140,98,96,77,157,65,296,14398,1422,25,0,0,0,0
2021-01-28T23:59:59+01:00,61,137,263,499,409,1038,542,1578,812,1192,540,497,518,936,1526,3478,2,2,5,7,9,14,21,36,21,28,15,19,18,36,16,89,14007,338,19,0,0,0,0
2021-01-27T23:59:59+01:00,59,132,262,487,401,991,531,1513,794,1117,528,485,516,935,1526,3478,2,2,5,7,7,14,21,35,21,27,15,19,18,36,16,89,13738,334,17,0,0,0,0
2021-01-26T23:59:59+01:00,58,126,258,482,392,959,520,1446,769,1051,507,475,515,935,1526,3478,1,2,5,7,7,12,19,32,17,22,14,16,16,34,16,82,13481,302,16,0,0,0,0
2021-01-25T23:59:59+01:00,57,126,256,477,388,953,520,1443,768,1046,507,475,515,934,1526,3476,0,0,0,0,0,0,0,0,0,0,1,1,0,2,0,0,13452,4,15,0,0,0,0
2021-01-24T23:59:59+01:00,57,126,256,477,388,953,520,1442,768,1046,507,475,515,934,1526,3476,0,0,0,0,0,0,0,0,0,0,1,1,0,2,0,0,13451,4,15,0,0,0,0
2021-01-23T23:59:59+01:00,57,125,256,477,387,949,520,1435,767,1044,504,474,496,890,1276,3013,0,0,0,0,0,0,0,0,0,0,1,1,0,2,0,0,12655,4,15,0,0,0,0
2021-01-22T23:59:59+01:00,57,125,255,472,382,941,516,1425,762,1037,498,467,474,841,918,2300,0,0,0,0,0,0,0,0,0,0,1,1,0,2,0,0,11455,4,15,0,0,0,0
2021-01-21T23:59:59+01:00,57,119,236,439,356,873,487,1332,736,1012,496,467,474,841,917,2299,0,0,0,0,0,0,0,0,0,0,1,1,0,2,0,0,11126,4,15,0,0,0,0
2021-01-20T23:59:59+01:00,55,104,204,366,315,777,444,1186,661,926,466,461,472,841,917,2298,0,0,0,0,0,0,0,0,0,0,1,1,0,2,0,0,10478,4,15,0,0,0,0
2021-01-19T23:59:59+01:00,49,87,151,284,243,610,367,1000,574,807,436,452,468,840,917,2298,0,0,0,0,0,0,0,0,0,0,1,0,0,2,0,0,9576,3,7,0,0,0,0
2021-01-18T23:59:59+01:00,43,66,99,184,175,442,301,741,503,671,430,447,465,836,915,2298,0,0,0,0,0,0,0,0,0,0,0,0,0,1,0,0,8616,1,0,0,0,0,0
2021-01-17T23:59:59+01:00,41,65,96,178,170,435,298,731,498,659,428,447,465,836,915,2297,0,0,0,0,0,0,0,0,0,0,0,0,0,0,0,0,8559,0,0,0,0,0,0
2021-01-16T23:59:59+01:00,38,62,94,177,165,426,292,723,481,652,422,447,423,783,679,1915,0,0,0,0,0,0,0,0,0,0,0,0,0,0,0,0,7779,0,0,0,0,0,0
2021-01-15T23:59:59+01:00,36,58,91,172,162,418,285,706,467,645,415,447,412,749,287,1293,0,0,0,0,0,0,0,0,0,0,0,0,0,0,0,0,6643,0,0,0,0,0,0
2021-01-14T23:59:59+01:00,36,54,88,170,158,412,278,698,456,637,412,445,412,748,287,1293,0,0,0,0,0,0,0,0,0,0,0,0,0,0,0,0,6584,0,0,0,0,0,0
2021-01-13T23:59:59+01:00,26,40,72,136,120,309,210,559,351,504,314,343,334,588,223,1042,0,0,0,0,0,0,0,0,0,0,0,0,0,0,0,0,5171,0,0,0,0,0,0
2021-01-12T23:59:59+01:00,18,30,51,92,89,221,153,405,236,377,223,223,219,388,162,704,0,0,0,0,0,0,0,0,0,0,0,0,0,0,0,0,3591,0,0,0,0,0,0
2021-01-11T23:59:59+01:00,9,19,29,50,60,138,93,226,124,197,114,106,91,178,76,324,0,0,0,0,0,0,0,0,0,0,0,0,0,0,0,0,1834,0,0,0,0,0,0
2021-01-10T23:59:59+01:00,8,18,24,45,54,110,83,185,105,165,109,104,88,176,73,324,0,0,0,0,0,0,0,0,0,0,0,0,0,0,0,0,1671,0,0,0,0,0,0
2021-01-09T23:59:59+01:00,8,18,24,45,54,110,83,185,105,165,109,103,88,176,73,324,0,0,0,0,0,0,0,0,0,0,0,0,0,0,0,0,1670,0,0,0,0,0,0
2021-01-08T23:59:59+01:00,8,17,23,44,51,102,79,175,99,162,105,100,84,166,71,316,0,0,0,0,0,0,0,0,0,0,0,0,0,0,0,0,1602,0,0,0,0,0,0
2021-01-07T23:59:59+01:00,2,3,5,8,9,15,24,36,21,32,16,19,19,37,18,93,0,0,0,0,0,0,0,0,0,0,0,0,0,0,0,0,357,0,0,0,0,0,0
2021-01-06T23:59:59+01:00,2,2,5,7,7,14,23,35,20,29,16,19,19,37,18,92,0,0,0,0,0,0,0,0,0,0,0,0,0,0,0,0,345,0,0,0,0,0,0
2021-01-05T23:59:59+01:00,2,2,5,7,7,14,23,35,20,29,16,19,19,37,18,92,0,0,0,0,0,0,0,0,0,0,0,0,0,0,0,0,345,0,0,0,0,0,0
2021-01-04T23:59:59+01:00,0,0,0,0,0,0,1,0,0,0,1,1,0,2,0,0,0,0,0,0,0,0,0,0,0,0,0,0,0,0,0,0,5,0,0,0,0,0,0
2021-01-03T23:59:59+01:00,0,0,0,0,0,0,1,0,0,0,1,1,0,2,0,0,0,0,0,0,0,0,0,0,0,0,0,0,0,0,0,0,5,0,0,0,0,0,0
2021-01-02T23:59:59+01:00,0,0,0,0,0,0,1,0,0,0,1,1,0,2,0,0,0,0,0,0,0,0,0,0,0,0,0,0,0,0,0,0,5,0,0,0,0,0,0
2021-01-01T23:59:59+01:00,0,0,0,0,0,0,1,0,0,0,1,1,0,2,0,0,0,0,0,0,0,0,0,0,0,0,0,0,0,0,0,0,5,0,0,0,0,0,0
2020-12-31T23:59:59+01:00,0,0,0,0,0,0,1,0,0,0,1,1,0,2,0,0,0,0,0,0,0,0,0,0,0,0,0,0,0,0,0,0,5,0,0,0,0,0,0
2020-12-30T23:59:59+01:00,0,0,0,0,0,0,1,0,0,0,1,1,0,2,0,0,0,0,0,0,0,0,0,0,0,0,0,0,0,0,0,0,5,0,0,0,0,0,0
2020-12-29T23:59:59+01:00,0,0,0,0,0,0,1,0,0,0,1,0,0,2,0,0,0,0,0,0,0,0,0,0,0,0,0,0,0,0,0,0,4,0,0,0,0,0,0
2020-12-28T23:59:59+01:00,0,0,0,0,0,0,0,0,0,0,1,0,0,1,0,0,0,0,0,0,0,0,0,0,0,0,0,0,0,0,0,0,2,0,0,0,0,0,0
2020-12-27T23:59:59+01:00,0,0,0,0,0,0,0,0,0,0,0,0,0,0,0,0,0,0,0,0,0,0,0,0,0,0,0,0,0,0,0,0,0,0,0,0,0,0,0
