Datum,<15_m,<15_w,15-24_1_m,15-24_1_w,25-34_1_m,25-34_1_w,35-44_1_m,35-44_1_w,45-54_1_m,45-54_1_w,55-64_1_m,55-64_1_w,65-74_1_m,65-74_1_w,75-84_1_m,75-84_1_w,>84_1_m,>84_1_w,<24_2_m,<24_2_w,25-34_2_m,25-34_2_w,35-44_2_m,35-44_2_w,45-54_2_m,45-54_2_w,55-64_2_m,55-64_2_w,65-74_2_m,65-74_2_w,75-84_2_m,75-84_2_w,>84_2_m,>84_2_w,bp_1,bp_2,mo_1,mo_2,az_1,az_2,ja,unb_1,unb_2
2021-10-06T23:59:59+02:00,1906,1701,14652,13921,17704,16517,20905,21176,27513,28621,34098,35011,25861,28697,17580,22454,5352,10131,13061,12351,16418,15074,19644,19625,25961,26782,32555,33322,25027,27764,17025,21672,5140,9577,247853,231897,32291,30035,46581,44863,16995,101,42
2021-10-05T23:59:59+02:00,1900,1689,14628,13887,17674,16503,20885,21155,27496,28595,34078,34984,25842,28681,17571,22444,5352,10128,13028,12319,16392,15056,19623,19601,25941,26755,32533,33304,25021,27756,17018,21665,5136,9572,247568,231610,32290,30035,46580,44862,16974,101,42
2021-10-04T23:59:59+02:00,1888,1684,14583,13850,17643,16475,20868,21132,27474,28572,34062,34965,25835,28664,17567,22438,5351,10124,12994,12282,16372,15026,19612,19577,25920,26727,32518,33276,25010,27746,17012,21658,5134,9568,247313,231323,32266,30035,46579,44861,16936,101,42
2021-10-03T23:59:59+02:00,1876,1678,14563,13822,17626,16459,20857,21123,27466,28561,34052,34956,25826,28659,17560,22430,5350,10122,12972,12264,16349,15009,19602,19567,25910,26714,32507,33263,24999,27735,17012,21650,5134,9568,247179,231173,32257,30031,46576,44860,16893,101,42
2021-10-02T23:59:59+02:00,1875,1678,14561,13821,17626,16458,20857,21122,27466,28561,34051,34956,25826,28658,17560,22430,5350,10122,12972,12263,16349,15009,19602,19567,25910,26714,32507,33263,24999,27735,17012,21650,5134,9568,247171,231172,32257,30031,46576,44860,16893,101,42
2021-10-01T23:59:59+02:00,1862,1659,14500,13761,17565,16408,20815,21080,27435,28543,34026,34938,25818,28655,17560,22425,5350,10119,12870,12160,16269,14952,19543,19520,25874,26679,32476,33235,24984,27720,17008,21642,5133,9566,246860,230603,32225,30021,46576,44860,16777,101,42
2021-09-30T23:59:59+02:00,1849,1639,14398,13678,17500,16351,20754,21027,27378,28485,33968,34911,25796,28639,17551,22415,5348,10116,12759,12085,16193,14904,19494,19468,25819,26621,32421,33208,24963,27697,17002,21630,5130,9565,246497,230294,32098,29841,46573,44852,16554,101,42
2021-09-29T23:59:59+02:00,1835,1619,14374,13655,17477,16310,20718,20998,27351,28453,33940,34888,25776,28622,17543,22405,5348,10115,12727,12052,16172,14876,19481,19449,25804,26603,32403,33185,24948,27684,16993,21617,5127,9561,246150,230017,32098,29841,46573,44851,16525,101,42
2021-09-28T23:59:59+02:00,1819,1610,14346,13623,17448,16276,20691,20964,27319,28430,33913,34863,25762,28602,17533,22395,5345,10109,12688,12019,16150,14848,19466,19423,25784,26592,32390,33164,24942,27673,16990,21611,5125,9560,245799,229756,32097,29841,46573,44850,16498,101,42
2021-09-27T23:59:59+02:00,1811,1606,14319,13598,17429,16254,20666,20941,27297,28411,33894,34843,25754,28589,17531,22387,5345,10106,12650,11985,16129,14826,19440,19407,25764,26570,32381,33144,24934,27660,16984,21604,5123,9559,245584,229524,32097,29841,46573,44844,16446,101,42
2021-09-26T23:59:59+02:00,1807,1601,14304,13580,17409,16237,20655,20926,27283,28397,33886,34830,25743,28584,17527,22386,5344,10105,12634,11965,16114,14809,19427,19395,25755,26559,32370,33133,24928,27658,16981,21600,5122,9558,245438,229393,32097,29840,46573,44844,16415,101,42
2021-09-25T23:59:59+02:00,1804,1599,14291,13564,17391,16227,20635,20917,27264,28381,33873,34822,25737,28579,17522,22383,5343,10103,12624,11951,16098,14800,19408,19385,25740,26543,32358,33125,24923,27653,16976,21597,5122,9556,245396,229367,32097,29840,46573,44844,16288,101,42
2021-09-24T23:59:59+02:00,1786,1575,14210,13485,17323,16175,20580,20867,27225,28338,33835,34791,25719,28568,17512,22373,5341,10099,12526,11850,16015,14734,19354,19324,25693,26508,32312,33095,24900,27632,16967,21585,5120,9552,245003,228852,32078,29836,46573,44844,16067,101,42
2021-09-23T23:59:59+02:00,1765,1555,14107,13387,17233,16090,20488,20791,27145,28281,33787,34731,25693,28545,17500,22354,5337,10092,12436,11775,15946,14668,19280,19276,25635,26451,32266,33059,24880,27613,16961,21573,5117,9547,244522,228523,31977,29798,46573,44844,15728,101,42
2021-09-22T23:59:59+02:00,1747,1543,14069,13337,17183,16048,20438,20744,27107,28234,33737,34681,25663,28519,17492,22332,5333,10088,12395,11729,15900,14635,19250,19247,25606,26423,32217,33025,24852,27588,16955,21559,5113,9538,244107,228204,31952,29789,46573,44842,15581,101,42
2021-09-21T23:59:59+02:00,1734,1528,14007,13284,17160,15999,20405,20705,27079,28196,33702,34660,25650,28502,17480,22309,5325,10061,12347,11669,15871,14608,19217,19208,25579,26395,32192,32998,24831,27571,16952,21550,5111,9527,243624,227823,31948,29740,46573,44840,15559,101,42
2021-09-20T23:59:59+02:00,1724,1521,13955,13246,17123,15960,20365,20672,27037,28160,33668,34626,25630,28475,17471,22290,5314,10032,12293,11633,15838,14586,19188,19185,25551,26372,32170,32974,24818,27558,16949,21541,5106,9513,243187,227528,31947,29740,46573,44840,15480,101,42
2021-09-19T23:59:59+02:00,1719,1512,13931,13222,17092,15938,20338,20654,27016,28132,33655,34613,25622,28467,17468,22288,5313,10030,12268,11613,15816,14566,19174,19166,25538,26361,32160,32964,24812,27553,16943,21535,5105,9513,242963,227362,31946,29739,46573,44838,15446,101,42
2021-09-18T23:59:59+02:00,1717,1508,13919,13210,17081,15931,20328,20647,27009,28128,33649,34609,25622,28467,17468,22287,5313,10030,12261,11605,15806,14561,19164,19163,25531,26357,32155,32962,24812,27553,16943,21535,5105,9513,242927,227343,31933,29734,46573,44838,15408,101,42
2021-09-17T23:59:59+02:00,1694,1474,13816,13096,16973,15856,20247,20576,26939,28068,33596,34565,25599,28444,17456,22276,5312,10027,12174,11526,15705,14484,19076,19092,25462,26290,32093,32919,24793,27533,16933,21517,5104,9509,242462,226903,31886,29722,46573,44837,15011,101,42
2021-09-16T23:59:59+02:00,1667,1439,13717,12988,16887,15761,20156,20486,26838,27982,33520,34499,25567,28411,17442,22252,5305,10006,12085,11447,15635,14421,18995,19013,25373,26208,32031,32864,24751,27495,16923,21504,5101,9498,241855,226437,31789,29662,46573,44835,14624,101,42
2021-09-15T23:59:59+02:00,1651,1431,13658,12939,16834,15699,20110,20435,26783,27932,33468,34443,25541,28379,17427,22224,5298,9983,12024,11385,15580,14370,18944,18962,25313,26160,31973,32808,24718,27462,16907,21485,5097,9487,241445,226002,31768,29647,46569,44833,14371,101,42
2021-09-14T23:59:59+02:00,1635,1420,13596,12872,16761,15648,20050,20387,26734,27876,33420,34394,25521,28361,17414,22212,5294,9978,11961,11322,15507,14310,18891,18917,25265,26106,31917,32755,24687,27439,16893,21469,5097,9482,241054,225608,31716,29553,46569,44833,14152,101,42
2021-09-13T23:59:59+02:00,1613,1404,13558,12835,16733,15620,20031,20362,26712,27851,33401,34370,25512,28354,17409,22202,5294,9975,11918,11288,15474,14287,18868,18887,25240,26078,31890,32732,24677,27429,16880,21460,5094,9481,240774,225297,31715,29551,46564,44831,14100,101,42
2021-09-12T23:59:59+02:00,1603,1401,13526,12812,16691,15604,20018,20352,26701,27834,33396,34358,25508,28348,17408,22198,5294,9972,11874,11269,15428,14269,18844,18866,25224,26065,31876,32718,24669,27420,16877,21456,5093,9478,240623,225082,31715,29551,46562,44830,14041,101,42
2021-09-11T23:59:59+02:00,1592,1400,13510,12800,16677,15595,20009,20349,26689,27827,33392,34354,25504,28347,17407,22197,5292,9972,11807,11218,15412,14261,18836,18855,25212,26054,31868,32705,24667,27418,16876,21455,5093,9478,240558,224758,31695,29549,46562,44830,14015,101,42
2021-09-10T23:59:59+02:00,1553,1354,13361,12673,16605,15517,19902,20263,26605,27763,33330,34299,25464,28316,17391,22174,5286,9967,11686,11112,15326,14178,18727,18770,25117,25997,31794,32647,24625,27387,16859,21435,5088,9473,239960,224199,31678,29538,46562,44830,13538,101,42
2021-09-09T23:59:59+02:00,1532,1333,13290,12607,16551,15465,19848,20226,26553,27696,33288,34259,25436,28298,17386,22161,5282,9960,11624,11039,15275,14126,18672,18739,25061,25957,31748,32613,24603,27373,16846,21425,5085,9462,239591,223829,31602,29499,46562,44830,13330,101,42
2021-09-08T23:59:59+02:00,1517,1316,13261,12583,16535,15441,19828,20213,26537,27684,33275,34248,25424,28290,17380,22155,5279,9957,11579,10995,15249,14108,18660,18722,25043,25932,31727,32602,24589,27358,16844,21419,5085,9460,239371,223550,31602,29499,46558,44829,13306,101,42
2021-09-07T23:59:59+02:00,1484,1298,13203,12536,16495,15409,19805,20184,26500,27663,33241,34218,25400,28272,17374,22139,5274,9951,11521,10930,15195,14055,18623,18689,24996,25887,31675,32575,24561,27335,16836,21402,5080,9458,239138,223243,31517,29384,46558,44829,13147,101,42
2021-09-06T23:59:59+02:00,1469,1289,13174,12501,16472,15385,19786,20163,26483,27648,33230,34209,25397,28259,17371,22135,5271,9951,11500,10898,15176,14022,18601,18673,24980,25867,31653,32560,24550,27322,16835,21394,5077,9458,238918,223015,31517,29373,46558,44828,13114,101,42
2021-09-05T23:59:59+02:00,1459,1281,13158,12482,16455,15369,19775,20156,26477,27639,33220,34196,25395,28257,17369,22131,5271,9951,11481,10882,15150,14006,18590,18664,24973,25861,31644,32541,24547,27311,16832,21389,5075,9457,238792,222867,31517,29373,46558,44827,13088,101,42
2021-09-04T23:59:59+02:00,1459,1281,13157,12481,16455,15369,19773,20156,26476,27639,33220,34196,25395,28257,17369,22130,5271,9951,11481,10880,15148,14006,18585,18664,24972,25859,31644,32539,24546,27311,16832,21389,5075,9457,238790,222856,31517,29372,46558,44827,13084,101,42
2021-09-03T23:59:59+02:00,1432,1265,13055,12384,16398,15317,19736,20118,26435,27613,33183,34179,25377,28246,17365,22119,5269,9950,11341,10755,15086,13933,18514,18618,24901,25810,31585,32503,24513,27283,16819,21373,5072,9453,238295,222053,31517,29368,46558,44827,12985,101,42
2021-09-02T23:59:59+02:00,1417,1259,12991,12342,16355,15284,19702,20092,26401,27579,33158,34158,25362,28233,17360,22114,5269,9946,11265,10715,15038,13898,18476,18598,24868,25788,31547,32473,24494,27262,16813,21368,5072,9451,238073,221788,31453,29327,46554,44818,12856,101,42
2021-09-01T23:59:59+02:00,1394,1244,12955,12304,16334,15264,19683,20078,26383,27559,33137,34133,25351,28222,17354,22104,5266,9942,11224,10680,15018,13870,18456,18578,24847,25765,31522,32441,24480,27248,16805,21362,5070,9449,237774,221458,31453,29325,46553,44817,12841,101,42
2021-08-31T23:59:59+02:00,1363,1222,12900,12244,16289,15228,19650,20034,26338,27510,33098,34099,25335,28201,17348,22091,5262,9938,11152,10611,14970,13809,18404,18546,24797,25711,31464,32398,24449,27232,16797,21349,5067,9442,237468,221030,31390,29296,46553,44798,12653,101,42
2021-08-30T23:59:59+02:00,1339,1207,12859,12206,16264,15206,19630,20017,26315,27493,33076,34082,25324,28191,17348,22087,5260,9936,11074,10579,14943,13788,18382,18523,24769,25695,31437,32371,24437,27217,16791,21342,5064,9439,237217,220736,31390,29295,46553,44787,12593,101,42
2021-08-29T23:59:59+02:00,1334,1201,12846,12190,16253,15197,19621,20008,26312,27484,33069,34068,25319,28185,17346,22086,5260,9936,11056,10542,14933,13771,18366,18509,24757,25686,31429,32359,24428,27205,16789,21337,5064,9439,237116,220562,31390,29295,46553,44783,12569,101,42
2021-08-28T23:59:59+02:00,1327,1189,12814,12168,16239,15185,19610,19994,26305,27474,33060,34062,25317,28180,17345,22083,5260,9935,10980,10470,14899,13738,18319,18482,24721,25653,31386,32328,24411,27192,16780,21321,5064,9436,236956,220036,31390,29295,46553,44783,12561,101,42
2021-08-27T23:59:59+02:00,1308,1174,12751,12112,16193,15137,19551,19944,26250,27425,33017,34032,25299,28169,17341,22069,5260,9932,10943,10436,14859,13712,18303,18466,24686,25629,31358,32307,24398,27181,16777,21317,5064,9435,236531,219879,31390,29294,46553,44782,12403,101,42
2021-08-26T23:59:59+02:00,1288,1158,12682,12055,16147,15094,19506,19904,26196,27367,32966,33987,25269,28140,17334,22059,5257,9929,10873,10386,14812,13671,18257,18437,24641,25591,31312,32268,24376,27164,16769,21308,5064,9431,236163,219564,31331,29280,46553,44775,12203,101,42
2021-08-25T23:59:59+02:00,1271,1143,12659,12013,16127,15068,19485,19889,26169,27351,32931,33959,25251,28122,17327,22052,5256,9926,10824,10343,14781,13642,18224,18406,24619,25572,31279,32230,24363,27147,16762,21298,5062,9428,235855,219188,31331,29280,46547,44771,12176,101,42
2021-08-24T23:59:59+02:00,1244,1125,12599,11942,16070,15024,19440,19848,26122,27306,32886,33926,25231,28098,17315,22040,5255,9921,10745,10269,14737,13601,18178,18370,24568,25521,31237,32193,24339,27120,16747,21282,5061,9427,235544,218773,31206,29240,46547,44771,12004,101,42
2021-08-23T23:59:59+02:00,1231,1112,12560,11906,16045,15005,19419,19813,26101,27271,32856,33903,25217,28085,17311,22031,5255,9918,10690,10215,14707,13563,18140,18336,24541,25491,31202,32160,24326,27100,16740,21279,5059,9426,235243,218368,31205,29240,46546,44768,11953,101,42
2021-08-22T23:59:59+02:00,1223,1105,12545,11884,16030,14989,19412,19794,26089,27260,32845,33888,25206,28079,17309,22028,5252,9918,10661,10186,14686,13548,18120,18325,24528,25474,31187,32146,24318,27089,16738,21274,5058,9425,235078,218151,31205,29240,46546,44767,11935,101,42
2021-08-21T23:59:59+02:00,1135,1033,12470,11826,16018,14977,19402,19782,26079,27249,32835,33872,25201,28075,17306,22025,5252,9918,10637,10156,14669,13544,18112,18313,24519,25468,31180,32140,24315,27089,16737,21274,5058,9425,234704,218028,31199,29240,46546,44767,11914,101,42
2021-08-20T23:59:59+02:00,1115,1017,12409,11757,15959,14923,19340,19744,26025,27216,32785,33845,25186,28064,17297,22020,5251,9916,10582,10118,14627,13508,18072,18287,24484,25449,31150,32123,24306,27082,16731,21271,5058,9424,234206,217742,31199,29240,46546,44767,11826,101,42
2021-08-19T23:59:59+02:00,1089,993,12341,11701,15900,14891,19290,19693,25963,27166,32742,33810,25154,28041,17285,22009,5248,9914,10488,10042,14559,13470,18016,18249,24415,25406,31083,32078,24264,27063,16722,21254,5057,9421,233913,217306,31106,29231,46546,44759,11573,101,42
2021-08-18T23:59:59+02:00,1077,977,12301,11665,15871,14860,19262,19663,25933,27135,32705,33784,25135,28029,17280,22000,5246,9913,10433,9974,14512,13444,17967,18220,24369,25368,31024,32040,24242,27046,16716,21241,5053,9415,233594,216849,31106,29224,46545,44749,11499,101,42
2021-08-17T23:59:59+02:00,1050,952,12250,11623,15842,14818,19231,19631,25905,27112,32669,33746,25116,28009,17270,21983,5245,9908,10339,9892,14459,13396,17914,18166,24319,25327,30964,31996,24215,27022,16705,21221,5051,9408,233292,216250,30979,29165,46545,44746,11451,101,42
2021-08-16T23:59:59+02:00,1038,945,12218,11596,15825,14800,19213,19612,25882,27088,32650,33724,25096,27994,17262,21968,5242,9906,10284,9824,14434,13352,17890,18130,24275,25292,30927,31965,24188,26988,16690,21207,5051,9405,233063,215808,30979,29165,46545,44740,11379,101,42
2021-08-15T23:59:59+02:00,1030,945,12193,11582,15811,14783,19199,19597,25872,27079,32629,33710,25090,27985,17258,21957,5241,9906,10239,9789,14397,13329,17868,18109,24252,25278,30906,31939,24171,26980,16685,21199,5050,9403,232907,215525,30978,29165,46544,44735,11345,101,42
2021-08-14T23:59:59+02:00,1029,945,12192,11578,15811,14782,19196,19595,25871,27079,32629,33709,25090,27985,17258,21957,5241,9906,10073,9569,14291,13238,17793,18062,24203,25246,30866,31906,24156,26967,16682,21196,5048,9402,232898,214519,30978,29164,46544,44734,11340,101,42
2021-08-13T23:59:59+02:00,984,905,12039,11450,15757,14722,19130,19538,25800,27027,32577,33673,25064,27956,17247,21947,5240,9902,10020,9516,14251,13209,17754,18037,24171,25226,30842,31885,24146,26954,16676,21187,5048,9398,232059,214184,30977,29164,46544,44731,11287,99,42
2021-08-12T23:59:59+02:00,970,883,11982,11389,15708,14682,19094,19512,25755,27004,32531,33644,25039,27940,17238,21941,5239,9899,9929,9450,14177,13168,17693,17987,24105,25191,30788,31836,24118,26929,16660,21169,5046,9398,231827,213764,30953,29158,46544,44716,11034,99,42
2021-08-11T23:59:59+02:00,956,872,11948,11356,15689,14659,19061,19494,25733,26985,32506,33615,25021,27918,17234,21933,5238,9897,9856,9388,14125,13128,17646,17943,24064,25169,30748,31788,24088,26897,16644,21156,5045,9392,231536,213195,30952,29154,46543,44688,10992,99,42
2021-08-10T23:59:59+02:00,937,862,11860,11304,15636,14628,19017,19457,25677,26951,32449,33561,25004,27902,17227,21920,5237,9894,9761,9302,14073,13093,17614,17909,24017,25130,30695,31741,24055,26864,16637,21136,5041,9387,231152,212676,30820,29119,46541,44674,10918,99,42
2021-08-09T23:59:59+02:00,935,845,11832,11269,15620,14612,18995,19444,25645,26928,32420,33530,24996,27893,17221,21912,5237,9891,9707,9242,14032,13043,17577,17868,23986,25085,30660,31700,24041,26847,16632,21123,5039,9381,230914,212224,30820,29116,46540,44667,10859,99,42
2021-08-08T23:59:59+02:00,925,838,11796,11246,15599,14598,18975,19423,25620,26908,32398,33513,24988,27877,17214,21908,5236,9891,9632,9186,13983,13015,17550,17838,23953,25050,30628,31669,24028,26828,16624,21109,5038,9378,230723,211823,30820,29115,46540,44666,10777,99,42
2021-08-07T23:59:59+02:00,905,811,11698,11168,15556,14556,18933,19389,25581,26878,32352,33481,24971,27865,17205,21890,5235,9888,9009,8591,13539,12659,17338,17653,23802,24939,30476,31592,23969,26777,16603,21082,5033,9375,230133,208612,30820,29114,46540,44666,10776,99,42
2021-08-06T23:59:59+02:00,896,808,11668,11143,15540,14543,18923,19383,25566,26862,32343,33474,24967,27861,17200,21888,5235,9887,8426,7964,13024,12263,17110,17447,23657,24827,30382,31513,23938,26730,16591,21068,5030,9368,230083,205438,30698,29101,46540,44666,10773,99,42
2021-08-05T23:59:59+02:00,893,801,11628,11112,15498,14514,18882,19351,25520,26827,32295,33427,24926,27839,17198,21877,5235,9881,8371,7900,12975,12211,17060,17405,23593,24787,30306,31458,23891,26688,16577,21050,5028,9359,229855,205014,30697,29096,46539,44657,10518,99,42
2021-08-04T23:59:59+02:00,876,785,11598,11082,15479,14482,18850,19325,25493,26798,32250,33388,24911,27826,17193,21871,5233,9873,8281,7813,12918,12163,17008,17361,23536,24743,30246,31386,23854,26649,16567,21037,5026,9353,229591,204423,30695,29095,46537,44622,10395,99,42
2021-08-03T23:59:59+02:00,860,768,11551,11042,15456,14460,18819,19305,25467,26769,32216,33353,24891,27807,17184,21866,5229,9872,8198,7725,12848,12113,16940,17308,23476,24706,30204,31336,23818,26615,16552,21026,5023,9349,229256,203762,30694,29085,46536,44614,10334,99,42
2021-08-02T23:59:59+02:00,851,765,11516,11011,15434,14428,18792,19285,25438,26744,32184,33325,24877,27787,17176,21857,5228,9870,8102,7632,12768,12053,16880,17244,23419,24634,30154,31278,23800,26592,16531,21016,5021,9344,228976,203053,30694,29084,46536,44606,10266,99,42
2021-08-01T23:59:59+02:00,843,758,11489,10982,15423,14415,18777,19274,25419,26732,32167,33310,24873,27778,17175,21854,5226,9869,8034,7565,12707,12006,16836,17197,23383,24602,30127,31253,23784,26573,16527,21010,5019,9343,228832,202596,30689,29083,46536,44587,10211,99,42
2021-07-31T23:59:59+02:00,840,757,11486,10976,15421,14412,18773,19270,25418,26731,32164,33309,24873,27777,17175,21854,5226,9869,7881,7378,11935,11336,16280,16757,23288,24523,30062,31182,23755,26537,16515,20991,5018,9341,228802,199372,30688,29083,46536,44585,10209,99,42
2021-07-30T23:59:59+02:00,839,756,11473,10967,15418,14409,18766,19264,25411,26726,32154,33304,24872,27775,17175,21851,5226,9869,7600,7135,11393,10888,15800,16328,23151,24416,29954,31069,23718,26492,16498,20969,5018,9336,228734,196290,30687,29082,46534,44572,10204,99,42
2021-07-29T23:59:59+02:00,827,747,11433,10920,15380,14388,18726,19238,25374,26690,32101,33275,24854,27755,17164,21833,5226,9866,7226,6826,10728,10371,15282,15913,22975,24270,29806,30958,23663,26440,16469,20944,5014,9333,228412,192820,30686,29072,46534,44486,10069,99,42
2021-07-28T23:59:59+02:00,808,734,11386,10866,15356,14359,18695,19210,25348,26662,32074,33250,24840,27737,17159,21821,5225,9862,7059,6669,10583,10249,15170,15778,22882,24174,29704,30860,23620,26382,16451,20915,5013,9323,228085,191570,30686,29070,46529,44377,9996,99,42
2021-07-27T23:59:59+02:00,799,725,11341,10826,15313,14319,18655,19184,25319,26636,32038,33228,24824,27712,17152,21809,5224,9854,6838,6454,10422,10134,15025,15646,22778,24065,29596,30747,23568,26318,16435,20888,5010,9311,227765,190417,30686,28742,46528,44341,9883,99,42
2021-07-26T23:59:59+02:00,789,712,11291,10777,15287,14297,18638,19157,25291,26606,32006,33202,24809,27690,17140,21797,5223,9851,6721,6378,10325,10060,14958,15566,22696,24005,29531,30673,23535,26275,16423,20871,5006,9305,227467,189633,30684,28739,46527,44299,9788,99,42
2021-07-25T23:59:59+02:00,778,702,11263,10749,15265,14272,18618,19133,25264,26581,31985,33184,24792,27679,17136,21788,5222,9849,6645,6297,10256,9997,14885,15506,22642,23951,29475,30635,23504,26254,16411,20857,5006,9301,227269,189045,30684,28735,46526,44269,9684,99,42
2021-07-24T23:59:59+02:00,754,680,11186,10666,15226,14244,18594,19112,25244,26565,31973,33171,24792,27675,17133,21786,5222,9849,6247,5943,10108,9882,14509,15223,22419,23793,29357,30551,23468,26216,16394,20840,5003,9297,226889,186685,30684,28732,46526,44267,9676,99,42
2021-07-23T23:59:59+02:00,728,658,11118,10580,15196,14210,18566,19097,25223,26544,31958,33154,24781,27670,17131,21786,5222,9846,5877,5633,9986,9775,14162,14958,22223,23617,29237,30433,23416,26148,16383,20819,4999,9290,226500,184411,30684,28732,46526,44255,9661,99,42
2021-07-22T23:59:59+02:00,687,618,10963,10417,15099,14121,18478,19048,25143,26490,31885,33090,24745,27629,17116,21768,5218,9841,5559,5335,9717,9559,13579,14481,21903,23358,29005,30205,23315,26050,16340,20781,4995,9287,225546,181088,30683,28720,46525,44236,9505,99,42
2021-07-21T23:59:59+02:00,667,593,10898,10362,15062,14093,18438,19010,25103,26460,31846,33040,24720,27595,17100,21756,5215,9836,4943,4868,9275,9305,13196,14251,21671,23203,28819,30056,23250,25974,16315,20758,4993,9284,225115,179316,30672,27452,46522,44069,9388,99,42
2021-07-20T23:59:59+02:00,649,576,10841,10307,15036,14057,18403,18983,25072,26428,31810,33006,24700,27574,17095,21741,5212,9829,4803,4754,9125,9174,13029,14116,21558,23082,28688,29931,23170,25871,16293,20718,4986,9278,224737,177972,30672,27440,46520,43920,9293,99,42
2021-07-19T23:59:59+02:00,636,563,10803,10276,15005,14033,18379,18975,25044,26402,31777,32977,24683,27551,17089,21730,5210,9826,4723,4685,9027,9096,12911,14019,21460,22974,28589,29811,23114,25814,16268,20689,4981,9272,224491,177032,30672,27431,46511,43822,9188,99,42
2021-07-18T23:59:59+02:00,621,554,10750,10225,14970,14013,18354,18957,25024,26386,31754,32958,24673,27540,17083,21721,5209,9821,4615,4583,8893,8975,12784,13879,21374,22883,28516,29732,23085,25784,16259,20676,4978,9271,224216,176021,30672,27417,46511,43768,9117,99,42
2021-07-17T23:59:59+02:00,546,483,10459,9928,14858,13911,18263,18879,24918,26311,31646,32907,24639,27506,17070,21701,5207,9820,4566,4541,8838,8903,12549,13682,20949,22539,28386,29600,23047,25731,16250,20661,4977,9268,222658,174222,30672,27417,46509,43766,9116,99,42
2021-07-16T23:59:59+02:00,517,446,10324,9807,14798,13870,18210,18827,24882,26278,31626,32882,24630,27491,17067,21694,5207,9817,4519,4499,8762,8862,12177,13404,20404,22139,28253,29505,22998,25694,16241,20656,4975,9266,221990,172109,30672,27414,46508,43759,9106,99,42
2021-07-15T23:59:59+02:00,485,409,10186,9701,14730,13822,18154,18758,24827,26230,31576,32829,24605,27454,17049,21679,5200,9813,4307,4360,8433,8655,11662,13002,19296,21292,27836,29160,22828,25524,16176,20583,4965,9250,221259,167407,30670,27400,46507,43559,8974,99,42
2021-07-14T23:59:59+02:00,464,395,10157,9675,14693,13801,18124,18724,24790,26189,31525,32776,24575,27426,17038,21662,5199,9811,4183,4208,8176,8482,11432,12857,19117,21181,27689,29033,22763,25446,16142,20545,4960,9241,220890,165837,30670,27381,46506,43382,8861,99,42
2021-07-13T23:59:59+02:00,440,381,10107,9623,14663,13772,18097,18691,24753,26168,31491,32734,24559,27395,17027,21650,5198,9808,4086,4112,8001,8324,11231,12666,18981,21042,27535,28871,22666,25361,16107,20492,4956,9230,220480,164376,30670,27360,46505,43124,8805,99,42
2021-07-12T23:59:59+02:00,428,359,10061,9572,14636,13754,18067,18662,24716,26126,31457,32690,24535,27372,17012,21645,5195,9805,3980,4011,7830,8202,11072,12529,18865,20921,27412,28751,22592,25299,16080,20466,4955,9225,220108,163206,30669,27339,46504,42932,8713,99,42
2021-07-11T23:59:59+02:00,420,341,10030,9542,14614,13734,18050,18652,24694,26117,31436,32672,24523,27362,17010,21643,5195,9803,3910,3940,7712,8105,10924,12401,18741,20819,27311,28637,22548,25251,16059,20441,4953,9222,219911,162245,30666,27334,46503,42730,8660,99,42
2021-07-10T23:59:59+02:00,394,318,9917,9438,14560,13695,18000,18629,24670,26097,31417,32656,24515,27353,17006,21639,5193,9801,3875,3915,7654,8064,10889,12372,18712,20794,27282,28615,22540,25236,16055,20436,4953,9222,219384,161942,30665,27333,46500,42682,8651,99,42
2021-07-09T23:59:59+02:00,334,271,9658,9228,14459,13615,17922,18558,24584,26044,31368,32595,24492,27322,16992,21621,5193,9795,3808,3875,7517,7973,10671,12223,18487,20655,26866,28295,22355,25042,16000,20375,4950,9215,218163,159791,30665,27329,46499,42553,8626,99,42
2021-07-08T23:59:59+02:00,255,204,9464,9083,14356,13538,17827,18484,24525,25993,31285,32536,24463,27291,16979,21603,5189,9790,3652,3751,7206,7785,10318,11994,18140,20373,26562,28037,22181,24884,15932,20299,4943,9199,217052,157415,30662,27281,46486,41980,8567,99,42
2021-07-07T23:59:59+02:00,216,176,9375,8977,14315,13506,17790,18443,24472,25955,31243,32495,24438,27261,16967,21585,5189,9782,3470,3623,6885,7562,9377,11262,17554,19946,26160,27725,21944,24577,15855,20202,4929,9185,216413,154798,30659,25529,46484,41379,8531,99,42
2021-07-06T23:59:59+02:00,194,164,9295,8920,14264,13476,17754,18401,24431,25916,31182,32448,24402,27233,16952,21568,5187,9780,3353,3551,6680,7438,9107,11098,17308,19764,25883,27469,21787,24374,15774,20098,4916,9170,215848,152861,30644,25518,46481,40875,8496,99,42
2021-07-05T23:59:59+02:00,182,149,9208,8839,14223,13432,17719,18351,24395,25886,31137,32398,24378,27211,16943,21554,5186,9778,3302,3518,6552,7360,8958,10977,17162,19625,25712,27314,21644,24206,15724,20045,4905,9160,215299,151799,30644,25509,46479,40386,8449,99,42
2021-07-04T23:59:59+02:00,167,142,9157,8789,14190,13419,17693,18333,24369,25865,31116,32372,24363,27197,16937,21546,5185,9775,3252,3474,6487,7320,8870,10905,17075,19539,25583,27203,21519,24077,15682,19993,4903,9153,215024,151136,30643,25500,46464,39989,8386,99,42
2021-07-03T23:59:59+02:00,164,139,8649,8297,14030,13298,17592,18214,24274,25807,31051,32323,24342,27175,16925,21534,5183,9772,3192,3394,6367,7200,8697,10762,16858,19354,25194,26892,21404,23940,15652,19953,4899,9147,213197,149079,30642,25500,46464,39933,8368,99,42
2021-07-02T23:59:59+02:00,157,135,8081,7832,13884,13190,17500,18137,24204,25738,30991,32261,24304,27133,16919,21514,5181,9767,3081,3287,6095,7045,8440,10522,16488,19025,24717,26467,21177,23667,15583,19871,4893,9144,211362,146004,30642,25498,46461,39609,8365,99,42
2021-07-01T23:59:59+02:00,144,125,7953,7726,13802,13132,17430,18085,24136,25686,30938,32208,24276,27108,16909,21502,5180,9766,2892,3100,5748,6761,8002,10102,15897,18549,23950,25805,20685,23194,15456,19710,4881,9119,210575,141419,30637,25485,46455,38578,8341,99,42
2021-06-30T23:59:59+02:00,127,112,7807,7607,13737,13082,17378,18032,24084,25632,30878,32162,24244,27086,16895,21484,5180,9761,2795,3024,5592,6619,7774,9880,14938,17678,23335,25254,20327,22800,15323,19549,4867,9085,210007,139879,30463,23210,46451,37453,8269,99,42
2021-06-29T23:59:59+02:00,112,99,7740,7511,13690,13043,17340,17987,24031,25571,30828,32102,24224,27060,16885,21468,5177,9757,2736,2979,5461,6521,7620,9746,14769,17506,23093,25018,20066,22474,15224,19448,4855,9065,209379,138753,30461,23198,46448,36358,8239,99,42
2021-06-28T23:59:59+02:00,107,93,7675,7440,13623,12982,17290,17936,23989,25526,30771,32058,24207,27032,16878,21458,5175,9755,2705,2946,5394,6469,7526,9675,14672,17424,22942,24804,19863,22229,15169,19379,4851,9051,208836,138149,30459,23188,46440,35565,8162,99,42
2021-06-27T23:59:59+02:00,93,88,7627,7377,13591,12945,17261,17903,23970,25491,30744,32030,24195,27024,16871,21452,5175,9753,2683,2932,5344,6444,7453,9629,14576,17360,22846,24717,19736,22087,15138,19328,4847,9042,208480,137637,30459,23176,46434,35193,8119,99,42
2021-06-26T23:59:59+02:00,89,85,7123,6829,13199,12645,17147,17799,23904,25433,30708,31995,24186,27007,16867,21441,5174,9752,2582,2822,5155,6254,7252,9438,14029,16905,22183,24083,19588,21945,15093,19275,4845,9034,206296,133998,30457,23176,46434,35173,8119,78,22
2021-06-25T23:59:59+02:00,88,82,6644,6342,12742,12272,16987,17680,23813,25368,30628,31954,24163,26980,16862,21431,5172,9749,2479,2669,4980,6061,6993,9140,13496,16371,21630,23497,19392,21735,15035,19208,4841,9022,203887,130295,30457,23176,46434,34959,8102,78,22
2021-06-24T23:59:59+02:00,78,70,6423,6129,12517,12120,16881,17598,23739,25315,30570,31906,24129,26938,16856,21421,5170,9742,2272,2433,4611,5683,6493,8652,12772,15657,20477,22493,18928,21253,14930,19077,4829,9007,202615,124350,30455,23166,46427,34006,8028,78,22
2021-06-23T23:59:59+02:00,73,68,5849,5629,12353,12009,16761,17486,23664,25268,30506,31856,24095,26915,16849,21407,5166,9738,2233,2380,4548,5562,6400,8501,12538,15368,20233,22232,18629,20923,14833,18963,4818,8990,202100,123323,29120,23017,46417,32816,7978,78,22
2021-06-22T23:59:59+02:00,69,63,5708,5499,12253,11903,16673,17413,23605,25206,30437,31777,24068,26882,16839,21386,5162,9736,2181,2343,4453,5480,6275,8353,11668,14708,19819,21823,18294,20568,14725,18824,4808,8969,201164,122397,29113,21323,46397,31625,7928,78,22
2021-06-21T23:59:59+02:00,66,60,5572,5385,12176,11810,16609,17326,23549,25132,30387,31719,24043,26854,16826,21371,5162,9732,2148,2307,4393,5383,6188,8225,10887,14002,19365,21413,18068,20338,14664,18729,4799,8952,200337,121596,29107,19537,46392,30844,7866,78,22
2021-06-20T23:59:59+02:00,64,58,5455,5261,12010,11630,16543,17202,23500,25067,30345,31663,24027,26832,16820,21356,5157,9727,2130,2277,4352,5344,6117,8174,10783,13923,19253,21287,17910,20147,14598,18646,4795,8945,199331,121061,29103,19534,46386,30248,7820,78,22
2021-06-19T23:59:59+02:00,60,54,5437,5241,11240,10964,16063,16808,23439,25022,30301,31621,24008,26812,16812,21344,5157,9727,2057,2156,4147,5112,5833,7892,10455,13587,18197,20429,17740,19958,14565,18581,4790,8933,196726,116828,29103,19534,46385,30233,7819,78,22
2021-06-18T23:59:59+02:00,57,53,5402,5213,10595,10380,15449,16243,23347,24952,30232,31558,23981,26782,16801,21329,5156,9725,1988,2066,4006,4969,5555,7622,10072,13223,17045,19218,17537,19720,14516,18516,4787,8923,193880,112413,29095,19533,46385,29981,7818,78,22
2021-06-17T23:59:59+02:00,50,44,5288,5110,9916,9875,14961,15854,23247,24864,30150,31464,23941,26736,16787,21308,5155,9722,1859,1960,3748,4722,5167,7257,9533,12736,15856,18027,17076,19230,14375,18342,4774,8899,191299,107286,29092,19524,46382,29061,7679,21,15
2021-06-16T23:59:59+02:00,48,36,5156,4978,9721,9712,14816,15724,23154,24771,30050,31388,23897,26691,16772,21296,5154,9712,1817,1918,3641,4633,5064,7137,8500,11883,15584,17730,16780,18893,14240,18171,4768,8866,190125,106390,29081,17643,46380,28111,7470,21,15
2021-06-15T23:59:59+02:00,42,30,4974,4796,9537,9557,14680,15582,23062,24680,29973,31303,23854,26618,16746,21263,5146,9697,1757,1863,3560,4536,4969,7020,8384,11740,15404,17500,16460,18582,14097,18002,4746,8808,188810,105618,29078,17639,46361,26889,7271,21,15
2021-06-14T23:59:59+02:00,40,27,4897,4732,9446,9448,14603,15492,22990,24608,29902,31242,23822,26579,16731,21245,5143,9691,1735,1840,3524,4512,4929,6987,8283,11676,15267,17366,16280,18378,14005,17904,4741,8801,188066,105389,29072,17637,46355,26066,7125,21,15
2021-06-13T23:59:59+02:00,39,26,4839,4683,9361,9374,14518,15425,22928,24557,29835,31189,23796,26551,16722,21235,5143,9689,1686,1826,3481,4487,4873,6944,8210,11638,15167,17271,16123,18194,13951,17830,4734,8794,187484,105105,29066,17635,46339,25457,7001,21,15
2021-06-12T23:59:59+02:00,37,24,4820,4668,9334,9351,14279,15248,22798,24427,29789,31144,23776,26534,16713,21227,5142,9687,1563,1703,3244,4277,4466,6643,7662,11207,13390,15583,15769,17822,13871,17728,4732,8779,186575,98402,29066,17635,46339,25392,6999,20,15
2021-06-11T23:59:59+02:00,33,23,4767,4616,9253,9299,13957,15026,22602,24278,29693,31052,23739,26489,16695,21215,5141,9684,1462,1568,3053,4061,4168,6277,7149,10662,11746,13687,15287,17242,13758,17580,4717,8765,185215,91455,29061,17634,46337,25152,6930,20,15
2021-06-10T23:59:59+02:00,27,20,4482,4390,8705,8969,12682,14002,22035,23827,29318,30746,23602,26330,16643,21147,5128,9669,1340,1480,2817,3879,3840,5994,6711,10270,10327,12356,14774,16665,13586,17372,4702,8738,179875,86909,29043,17631,46331,23845,6455,19,15
2021-06-09T23:59:59+02:00,24,16,4249,4227,8113,8675,11780,13341,21715,23614,29088,30594,23539,26267,16624,21122,5125,9665,1253,1426,2663,3807,3698,5913,6504,10175,10062,12176,14449,16314,13415,17192,4695,8717,177761,86570,27774,17527,46325,22451,5900,19,15
2021-06-08T23:59:59+02:00,20,13,4119,4124,7712,8447,11292,13051,21489,23434,28888,30440,23480,26193,16591,21080,5119,9656,1176,1400,2527,3749,3537,5844,5607,9424,9589,11812,14112,15905,13190,16953,4681,8695,176005,86211,27402,15371,46298,21183,5425,19,15
2021-06-07T23:59:59+02:00,15,11,3998,4048,7472,8341,11002,12872,21286,23320,28733,30322,23421,26140,16573,21055,5115,9648,1128,1283,2405,3685,3407,5781,5441,9348,9378,11685,13882,15647,13034,16784,4674,8677,174774,86021,27392,15366,46289,19942,4899,19,15
2021-06-06T23:59:59+02:00,13,11,3881,3990,7235,8222,10752,12710,21099,23232,28647,30231,23390,26106,16561,21037,5112,9643,1108,1266,2341,3650,3310,5728,5334,9273,9259,11584,13726,15493,12961,16690,4671,8670,173624,85826,27374,15360,46279,19290,4577,19,15
2021-06-05T23:59:59+02:00,13,11,3852,3953,7196,8181,10575,12557,20471,22721,28485,30086,23340,26061,16547,21018,5112,9639,1076,1167,2174,3196,3077,5188,5165,8940,8479,10629,13073,14650,12849,16543,4660,8660,171582,80433,27374,15360,46278,19154,4567,18,15
2021-06-04T23:59:59+02:00,13,11,3822,3926,7157,8155,10477,12465,20106,22391,28381,29989,23305,26022,16533,21008,5110,9638,1044,1100,2076,2884,2918,4710,5008,8569,7963,9971,11572,12932,12723,16346,4653,8642,170293,74049,27361,15359,46277,19130,4561,18,15
2021-06-03T23:59:59+02:00,8,7,3686,3824,6938,8016,9922,12041,18882,21461,27983,29679,23171,25880,16480,20946,5106,9624,993,1055,1988,2773,2781,4551,4803,8263,7598,9520,11192,12532,12614,16232,4650,8629,165536,72257,27351,15356,46273,18072,4477,18,15
2021-06-02T23:59:59+02:00,8,7,3678,3816,6925,7999,9911,12030,18693,21280,27912,29630,23148,25859,16474,20937,5103,9622,988,1048,1976,2744,2758,4532,4592,8079,7062,9031,11155,12491,12599,16218,4646,8623,165467,72150,26806,13863,46273,18048,4469,18,15
2021-06-01T23:59:59+02:00,7,6,3550,3741,6683,7851,9627,11836,18238,20935,27674,29433,23054,25757,16433,20884,5100,9610,951,1001,1890,2674,2677,4458,4313,7845,6462,8498,10940,12277,12501,16117,4641,8611,163772,71704,26027,12570,46259,17226,4344,18,15
2021-05-31T23:59:59+02:00,7,6,3504,3696,6592,7783,9491,11734,18112,20844,27582,29356,22987,25695,16416,20856,5095,9603,921,974,1821,2631,2598,4415,4205,7780,6341,8423,10754,12107,12400,16001,4631,8603,162925,71336,25997,12563,46246,16520,4174,18,15
2021-05-30T23:59:59+02:00,7,5,3473,3671,6528,7727,9400,11641,18023,20764,27506,29285,22942,25650,16394,20829,5089,9593,914,965,1810,2621,2585,4403,4176,7754,6289,8381,10692,12027,12366,15958,4626,8594,162220,71293,25991,12560,46229,16226,4070,18,15
2021-05-29T23:59:59+02:00,7,5,3462,3652,6493,7700,9356,11602,17985,20724,27358,29179,22887,25576,16379,20809,5086,9589,878,946,1753,2575,2512,4319,3986,7499,6015,8082,8486,9364,12173,15616,4611,8565,161556,65036,25991,12558,46215,15703,4070,18,15
2021-05-28T23:59:59+02:00,7,5,3399,3597,6362,7623,9216,11470,17827,20592,27175,29057,22824,25499,16359,20791,5085,9588,865,933,1734,2552,2476,4264,3834,7203,5821,7818,5780,6248,11898,15217,4595,8516,160199,58150,25989,12558,46210,14972,4061,18,15
2021-05-27T23:59:59+02:00,7,5,3254,3473,6076,7443,8614,11137,17351,20254,26762,28709,22656,25334,16301,20728,5078,9570,817,875,1649,2455,2358,4130,3412,6231,5399,7219,5618,6073,11818,15144,4589,8499,156728,57668,25930,12511,46204,12221,3873,18,15
2021-05-26T23:59:59+02:00,7,5,3147,3388,5856,7276,8245,10852,16887,19948,26462,28471,22506,25201,16250,20654,5065,9550,800,865,1596,2430,2305,4099,3339,6156,5300,7147,5482,5946,11752,15077,4584,8487,154028,57587,25912,12509,46182,11625,3631,18,15
2021-05-25T23:59:59+02:00,7,5,3056,3326,5714,7161,8049,10688,15887,19173,26108,28117,22347,25044,16198,20574,5058,9540,781,848,1559,2382,2234,4039,3264,6086,5214,7084,5315,5776,11644,14996,4576,8475,152471,57517,23993,12319,46165,11016,3408,16,15
2021-05-24T23:59:59+02:00,7,5,2993,3310,5627,7116,7932,10626,14973,18484,25693,27806,22252,24940,16167,20538,5051,9528,772,846,1538,2365,2191,4002,3219,6038,5137,7004,5214,5668,11563,14920,4575,8469,151749,57479,21922,12243,46156,10580,3206,16,15
2021-05-23T23:59:59+02:00,7,4,2990,3305,5618,7108,7923,10618,14968,18483,25692,27805,22252,24940,16167,20538,5051,9528,770,843,1530,2358,2178,3989,3200,6023,5116,6971,5169,5616,11547,14896,4574,8467,151718,57471,21922,12243,46154,10332,3188,16,15
2021-05-22T23:59:59+02:00,6,4,2953,3261,5538,7056,7822,10530,14768,18318,25409,27559,22151,24853,16134,20494,5048,9523,748,823,1480,2303,2125,3906,3088,5900,4799,6397,4597,4869,10899,14072,4564,8428,150178,54225,21922,12243,46154,9359,3158,16,15
2021-05-21T23:59:59+02:00,4,4,2881,3188,5412,6957,7695,10383,14509,18089,25114,27323,22036,24745,16101,20446,5043,9514,719,770,1411,2174,2023,3637,2904,5567,4318,5500,4180,4330,10153,13130,4499,8303,148234,50474,21921,12243,46148,7761,3127,15,15
2021-05-20T23:59:59+02:00,4,4,2749,3028,5130,6701,7409,10013,14047,17605,24502,26771,21762,24449,16007,20326,5029,9484,705,759,1384,2150,1984,3603,2850,5511,4235,5420,4052,4227,10076,13067,4490,8291,144076,50378,21911,12231,46123,7285,2896,15,15
2021-05-19T23:59:59+02:00,4,4,2695,2976,5032,6559,7266,9831,12901,16568,24237,26479,21665,24319,15962,20265,5020,9477,688,733,1358,2102,1951,3517,2787,5364,4140,5312,3970,4135,10022,13002,4487,8287,142694,50347,19839,12165,46051,6667,2662,15,15
2021-05-18T23:59:59+02:00,4,4,2668,2952,4983,6526,7213,9800,12546,16293,24057,26326,21572,24230,15932,20212,5012,9465,659,675,1301,1974,1877,3316,2688,5156,4010,5114,3746,3857,9939,12922,4477,8277,142409,50323,18986,11163,46006,6108,2380,15,15
2021-05-17T23:59:59+02:00,4,4,2642,2933,4938,6456,7125,9692,12393,16114,23907,26163,21518,24179,15913,20189,5007,9457,651,661,1285,1938,1856,3269,2640,5048,3931,5000,3607,3704,9871,12859,4474,8269,141434,50300,18978,11153,45989,5377,2219,15,15
2021-05-16T23:59:59+02:00,4,4,2630,2920,4915,6389,7087,9609,12333,16040,23855,26102,21494,24162,15903,20175,5004,9454,646,656,1275,1935,1839,3260,2619,5036,3902,4977,3553,3637,9832,12827,4473,8267,140997,50287,18969,11142,45967,5159,2132,15,15
2021-05-15T23:59:59+02:00,4,4,2506,2783,4726,6183,6895,9421,11814,15622,23264,25553,21387,24044,15869,20132,5001,9446,596,593,1194,1846,1704,3107,2332,4728,3453,4466,3221,3208,9668,12622,4449,8238,137602,47328,18968,11142,45962,4834,2107,15,15
2021-05-14T23:59:59+02:00,4,4,2389,2607,4531,5961,6618,9109,11276,15110,22697,24985,21241,23904,15833,20074,4997,9435,534,515,1092,1725,1543,2892,2002,4326,2851,3876,2835,2771,9583,12473,4445,8234,133782,44396,18961,11140,45938,4068,2079,15,15
2021-05-13T23:59:59+02:00,4,4,2209,2323,4210,5579,6192,8638,10715,14421,21661,24071,20959,23630,15773,19975,4990,9420,530,515,1078,1710,1528,2874,1993,4301,2830,3852,2818,2755,9576,12469,4444,8234,127880,44332,18909,11131,45913,3973,2057,15,15
2021-05-12T23:59:59+02:00,4,4,2208,2321,4202,5578,6183,8632,10613,14299,21607,24031,20954,23619,15768,19967,4989,9420,523,493,1042,1655,1479,2795,1910,4214,2771,3793,2737,2660,9525,12396,4444,8234,127832,44329,18585,10304,45913,3970,2054,15,15
2021-05-11T23:59:59+02:00,4,4,2086,2282,4118,5515,6056,8517,10304,14048,21414,23869,20877,23547,15753,19934,4985,9415,498,469,981,1595,1409,2704,1811,4074,2698,3718,2583,2432,9460,12295,4443,8234,126884,44311,18248,9466,45629,3661,1952,15,15
2021-05-10T23:59:59+02:00,4,4,2045,2204,4011,5392,5920,8338,9513,13284,21034,23548,20786,23457,15714,19880,4975,9402,486,441,945,1530,1344,2614,1722,3912,2615,3625,2556,2410,9450,12277,4439,8229,125743,44292,16400,9285,45524,3175,1829,15,15
2021-05-09T23:59:59+02:00,4,4,2013,2191,3976,5353,5867,8290,9444,13215,20964,23475,20750,23416,15699,19853,4972,9388,479,433,922,1486,1318,2565,1688,3850,2577,3582,2547,2398,9439,12260,4439,8221,125295,44232,16396,9282,45428,2936,1740,15,15
2021-05-08T23:59:59+02:00,4,4,1950,2088,3794,5178,5593,8084,9134,12930,19830,22544,20555,23221,15666,19784,4967,9376,407,404,858,1446,1241,2492,1600,3748,2357,3369,2000,1970,9345,12174,4438,8221,121137,42751,16395,9281,45425,2297,1739,6,3
2021-05-07T23:59:59+02:00,4,4,1863,1974,3612,5009,5273,7789,8722,12557,18578,21269,20372,23009,15620,19727,4958,9357,321,346,749,1371,1109,2362,1466,3605,2182,3176,1630,1629,8857,11725,4437,8219,116193,41012,16391,9276,45401,1188,1706,6,3
2021-05-06T23:59:59+02:00,4,4,1679,1865,3327,4754,4823,7383,8082,11995,17333,20028,20038,22632,15513,19563,4948,9346,304,337,728,1341,1069,2315,1417,3521,2115,3108,1594,1574,8840,11694,4431,8216,110338,40992,16383,9270,45168,918,1422,6,3
2021-05-05T23:59:59+02:00,4,3,1609,1836,3243,4668,4744,7277,7953,11844,17179,19882,19918,22512,15436,19467,4926,9249,294,326,686,1290,1008,2240,1334,3372,2007,2991,1501,1475,8422,11126,4425,8198,109571,40955,16241,8141,44997,662,935,6,3
2021-05-04T23:59:59+02:00,4,3,1582,1807,3197,4590,4685,7166,7703,11548,16617,19304,19831,22381,15360,19369,4896,9135,278,313,663,1260,987,2186,1276,3252,1894,2834,1429,1369,8351,11022,4420,8180,108863,40928,14894,7865,44893,397,522,6,3
2021-05-03T23:59:59+02:00,4,3,1574,1804,3187,4575,4647,7141,7449,11314,15922,18708,19767,22296,15333,19335,4890,9125,263,293,641,1177,938,2098,1213,3113,1796,2697,1363,1289,8325,10987,4416,8171,108771,40918,13295,7658,44853,53,149,6,3
2021-05-02T23:59:59+02:00,4,3,1573,1802,3180,4573,4642,7138,7435,11304,15903,18697,19750,22288,15333,19333,4889,9125,263,290,638,1176,933,2095,1203,3107,1788,2691,1349,1282,8324,10982,4415,8171,108743,40895,13292,7656,44827,50,104,6,3
2021-05-01T23:59:59+02:00,4,3,1441,1657,2902,4324,4175,6780,6816,10822,13966,16817,19368,21890,15242,19217,4886,9109,261,290,635,1174,932,2092,1201,3105,1786,2687,1344,1278,8322,10980,4415,8171,101200,40864,13292,7656,44821,50,101,5,3
2021-04-30T23:59:59+02:00,3,3,1320,1511,2684,4101,3845,6384,6248,10227,12173,14773,18909,21348,15138,19074,4872,9098,256,289,628,1167,917,2084,1189,3095,1775,2674,1334,1269,8318,10975,4414,8170,93564,40819,13292,7656,44821,47,30,4,3
2021-04-29T23:59:59+02:00,2,3,1203,1449,2518,3977,3604,6181,5891,9926,10830,13497,18649,21070,15095,19004,4868,9092,255,285,623,1159,905,2078,1169,3090,1745,2637,1308,1245,8312,10966,4414,8170,88878,40786,13283,7523,44681,37,13,4,3
2021-04-28T23:59:59+02:00,2,3,1147,1443,2467,3957,3553,6157,5828,9893,10733,13429,18617,21036,15088,18988,4868,9089,255,284,621,1158,902,2076,1164,3086,1737,2636,1301,1226,7866,10443,4414,8170,88608,40763,13233,6530,44441,33,12,4,2
2021-04-27T23:59:59+02:00,2,3,1102,1416,2362,3913,3488,6129,5709,9837,10616,13352,18583,20996,15075,18973,4866,9087,254,284,619,1150,901,2074,1159,3083,1733,2632,1289,1209,7448,9861,4414,8170,88096,40743,13180,5497,44218,28,11,4,2
2021-04-26T23:59:59+02:00,2,3,1060,1386,2272,3821,3361,6029,5541,9716,10311,13093,18521,20941,15066,18955,4864,9087,253,283,618,1148,895,2070,1152,3080,1715,2623,1274,1196,7439,9841,4414,8170,86755,40656,13169,5476,44090,27,11,4,2
2021-04-25T23:59:59+02:00,2,3,1057,1384,2264,3819,3354,6024,5521,9708,10277,13062,18510,20929,15065,18949,4864,9086,252,283,618,1148,895,2070,1150,3080,1715,2623,1274,1196,7439,9839,4414,8170,86732,40654,13160,5474,43972,27,10,4,2
2021-04-24T23:59:59+02:00,2,2,1014,1271,2075,3281,3083,5408,5329,9296,9443,12015,17802,20031,14952,18789,4856,9075,251,282,617,1147,895,2069,1150,3079,1709,2618,1271,1191,7437,9837,4414,8169,80604,40629,13160,5470,43947,27,9,4,2
2021-04-23T23:59:59+02:00,1,2,981,1187,1963,2933,2901,4856,5133,8868,8889,11293,16170,18168,14804,18583,4848,9052,251,282,616,1147,893,2067,1149,3079,1708,2617,1266,1186,7433,9835,4414,8168,73573,40615,13159,5459,43887,27,9,4,2
2021-04-22T23:59:59+02:00,1,2,976,1175,1943,2917,2881,4836,5075,8822,8777,11189,16097,18091,14777,18553,4846,9047,249,282,612,1146,890,2066,1141,3067,1692,2597,1242,1164,7428,9827,4414,8168,73522,40601,13101,5348,43369,26,9,4,2
2021-04-21T23:59:59+02:00,1,2,966,1167,1929,2904,2853,4810,5029,8767,8669,11066,16010,18007,14748,18519,4846,9042,244,279,602,1137,876,2036,1131,3042,1682,2571,1229,1150,7203,9509,4413,8168,73478,40593,13043,4644,42801,25,9,4,2
2021-04-20T23:59:59+02:00,1,2,939,1119,1877,2790,2780,4647,4935,8588,8494,10857,15777,17725,14689,18460,4839,9036,231,276,584,1116,850,2005,1102,3016,1647,2530,1209,1137,7194,9504,4412,8167,73439,40572,11914,4378,42189,21,9,4,1
2021-04-19T23:59:59+02:00,1,2,930,1111,1845,2770,2730,4622,4811,8527,8294,10745,15685,17627,14667,18441,4839,9030,225,268,566,1095,832,1972,1084,2973,1601,2475,1191,1118,7187,9501,4410,8166,73040,40537,11893,4099,41731,19,9,4,1
2021-04-18T23:59:59+02:00,1,2,927,1110,1840,2764,2722,4610,4793,8516,8254,10702,15636,17568,14657,18424,4838,9028,225,268,566,1094,831,1972,1083,2973,1601,2474,1191,1117,7185,9500,4409,8166,72994,40530,11889,4097,41496,19,9,4,1
2021-04-17T23:59:59+02:00,0,2,895,1095,1791,2726,2654,4531,4639,8375,7991,10473,13262,14662,14458,18070,4821,8992,223,268,566,1091,827,1965,1071,2966,1591,2454,1153,1075,6852,9086,4384,8118,66161,39576,11889,4086,41374,19,9,4,1
2021-04-16T23:59:59+02:00,0,2,889,1089,1779,2715,2612,4491,4547,8291,7811,10279,10422,11409,14186,17652,4802,8937,222,264,565,1087,822,1961,1062,2963,1583,2441,1142,1060,6846,9080,4382,8115,58878,39497,11887,4070,41135,19,9,4,1
2021-04-15T23:59:59+02:00,0,2,877,1084,1757,2701,2569,4458,4429,8230,7581,10078,10171,11191,14124,17586,4795,8923,220,263,565,1085,821,1959,1059,2960,1580,2438,1137,1055,6844,9078,4382,8115,58854,39482,11885,4052,39804,18,9,4,1
2021-04-14T23:59:59+02:00,0,2,859,1057,1698,2618,2480,4334,4238,8046,7306,9796,9797,10706,13975,17405,4789,8911,196,238,524,1034,798,1892,1024,2880,1530,2376,1111,1025,6839,9069,4382,8114,58819,39466,10936,3541,38249,16,9,4,1
2021-04-13T23:59:59+02:00,0,2,835,1035,1661,2566,2413,4251,4137,7908,7094,9576,9391,10187,13829,17238,4784,8899,160,214,489,986,758,1799,989,2770,1477,2306,1092,990,6823,9058,4381,8114,58772,39402,9986,2985,37035,10,9,4,1
2021-04-12T23:59:59+02:00,0,2,830,1033,1642,2562,2384,4238,4085,7857,6953,9404,9125,9872,13765,17178,4773,8882,149,200,461,946,735,1734,969,2698,1433,2256,1070,973,6807,9038,4378,8109,58714,39286,9955,2651,35903,10,9,4,1
2021-04-11T23:59:59+02:00,0,2,829,1032,1631,2562,2370,4235,4062,7845,6888,9342,8992,9707,13738,17130,4768,8873,149,200,461,944,734,1732,967,2698,1432,2256,1070,973,6805,9038,4378,8109,58700,39278,9953,2650,35340,9,9,4,1
2021-04-10T23:59:59+02:00,0,2,813,1028,1602,2533,2333,4206,3992,7787,6756,9225,8434,8972,13071,16278,4757,8831,146,200,459,941,728,1729,967,2691,1423,2249,1057,957,6335,8539,4362,8093,55363,38210,9952,2648,35292,9,9,4,1
2021-04-09T23:59:59+02:00,0,2,791,1000,1561,2484,2267,4126,3839,7627,6409,8893,7907,8313,12248,15251,4686,8693,144,198,457,935,721,1721,958,2681,1408,2238,1035,935,6093,8267,4342,8066,51372,37537,9945,2644,34767,9,9,4,1
2021-04-08T23:59:59+02:00,0,2,781,990,1534,2460,2201,4077,3705,7539,6155,8592,7292,7657,12086,15051,4675,8677,144,196,452,931,716,1714,950,2670,1399,2225,1023,932,6090,8265,4341,8066,51337,37514,9920,2582,32204,9,9,4,1
2021-04-07T23:59:59+02:00,0,2,774,981,1508,2442,2142,4039,3618,7469,5924,8327,6736,7023,11475,14301,4662,8649,125,189,421,884,670,1645,893,2600,1349,2156,1003,916,6082,8259,4340,8066,51307,37490,8760,2091,29993,9,8,4,1
2021-04-06T23:59:59+02:00,0,2,769,979,1494,2434,2113,4016,3545,7420,5743,8155,6290,6515,11272,14085,4647,8618,102,168,373,825,625,1570,849,2500,1296,2092,978,900,6063,8244,4338,8062,51238,37462,8576,1507,28272,9,7,4,1
2021-04-05T23:59:59+02:00,0,2,764,975,1478,2426,2087,4006,3494,7394,5599,8044,6085,6299,11205,13999,4641,8608,96,166,372,823,618,1561,841,2485,1283,2073,950,869,4958,6841,4260,7956,51038,34639,8572,1497,27485,9,7,4,1
2021-04-04T23:59:59+02:00,0,2,762,969,1476,2424,2083,4004,3476,7387,5589,8037,6074,6279,11191,13981,4639,8605,96,166,370,821,615,1556,834,2478,1268,2054,927,847,3948,5680,4194,7850,51023,32191,8570,1497,27374,9,7,4,1
2021-04-03T23:59:59+02:00,0,2,710,913,1395,2353,1960,3865,3215,7127,5128,7544,5729,5822,11019,13762,4611,8576,94,166,370,820,615,1554,833,2478,1268,2054,927,847,3948,5677,4194,7849,47778,32181,8570,1497,27372,9,7,4,1
2021-04-02T23:59:59+02:00,0,2,668,879,1340,2285,1862,3751,2962,6868,4610,7064,5337,5362,10918,13596,4606,8570,93,166,370,820,615,1554,831,2478,1266,2053,924,843,3945,5674,4193,7849,44847,32163,8569,1496,27254,9,6,4,1
2021-04-01T23:59:59+02:00,0,2,665,876,1330,2280,1842,3743,2933,6854,4536,6991,5228,5252,10879,13547,4605,8565,93,166,368,816,613,1551,831,2475,1262,2049,914,842,3940,5671,4192,7848,44830,32152,8425,1464,26863,9,6,4,1
2021-03-31T23:59:59+02:00,0,2,663,874,1323,2263,1834,3733,2905,6826,4473,6945,5088,5090,10365,12938,4601,8557,93,166,367,816,613,1551,831,2475,1260,2049,913,842,3940,5670,4192,7847,44819,32146,7292,1464,26360,9,6,3,1
2021-03-30T23:59:59+02:00,0,2,654,871,1305,2243,1805,3704,2868,6791,4387,6856,4920,4896,9838,12237,4594,8542,88,163,366,812,608,1549,826,2469,1252,2046,902,832,3932,5667,4191,7846,44794,32125,6103,1410,25607,8,6,3,1
2021-03-29T23:59:59+02:00,0,2,649,863,1292,2209,1789,3673,2837,6749,4315,6771,4720,4698,9752,12143,4591,8528,88,163,366,810,603,1545,824,2463,1247,2038,894,826,3924,5659,4191,7846,44725,32111,5886,1363,24961,7,6,3,1
2021-03-28T23:59:59+02:00,0,2,646,861,1289,2206,1775,3663,2821,6737,4280,6719,4625,4588,9716,12079,4586,8521,88,163,366,809,603,1545,822,2463,1245,2038,893,826,3923,5659,4191,7846,44703,32109,5877,1358,24525,7,6,3,1
2021-03-27T23:59:59+01:00,0,2,642,856,1279,2202,1758,3646,2793,6707,4116,6576,4047,4133,9487,11833,4573,8502,88,163,364,807,601,1543,820,2460,1237,2032,889,822,3744,5368,4084,7673,42756,31324,5873,1358,24514,7,6,3,1
2021-03-26T23:59:59+01:00,0,2,637,848,1271,2191,1736,3629,2768,6685,4040,6498,3639,3766,8884,11273,4560,8488,88,163,364,806,600,1540,816,2457,1227,2028,876,809,3021,4425,3875,7325,40812,29049,5860,1358,24234,7,6,3,1
2021-03-25T23:59:59+01:00,0,2,630,842,1258,2177,1717,3605,2709,6645,3956,6420,3465,3546,8773,11163,4554,8482,88,163,364,806,600,1539,816,2456,1225,2028,876,809,3020,4424,3874,7324,40798,29041,5752,1358,23385,7,6,3,1
2021-03-24T23:59:59+01:00,0,2,624,835,1225,2151,1672,3560,2631,6576,3799,6269,3145,3181,8362,10612,4545,8469,84,161,352,793,584,1521,783,2422,1175,1996,843,771,3011,4418,3874,7321,40774,28739,4993,1357,21882,7,6,3,1
2021-03-23T23:59:59+01:00,0,2,612,827,1200,2120,1630,3513,2549,6496,3650,6115,2764,2796,8145,10394,4537,8450,79,157,340,772,549,1490,722,2359,1074,1914,760,711,2974,4383,3870,7317,40729,28108,4703,1350,20360,7,6,2,1
2021-03-22T23:59:59+01:00,0,2,589,717,1163,2067,1597,3457,2496,6426,3509,5985,2523,2557,7815,10038,4521,8414,79,156,340,772,549,1488,720,2357,1071,1914,758,707,2970,4378,3869,7314,40261,28079,4381,1350,19226,7,6,2,1
2021-03-21T23:59:59+01:00,0,2,588,714,1157,2058,1586,3447,2479,6411,3471,5951,2381,2393,7722,9926,4512,8399,79,156,340,771,549,1488,720,2357,1071,1914,758,707,2970,4377,3869,7313,40257,28076,4367,1350,18565,7,6,2,1
2021-03-20T23:59:59+01:00,0,2,587,714,1155,2051,1579,3440,2473,6404,3454,5929,2349,2355,7231,9408,4495,8382,79,156,340,771,548,1488,718,2356,1071,1912,758,707,2970,4375,3867,7311,39215,28064,4355,1350,18430,7,6,2,1
2021-03-19T23:59:59+01:00,0,2,580,706,1137,2032,1544,3416,2403,6264,3390,5821,2167,2171,6923,9087,4473,8357,79,156,339,765,544,1485,713,2348,1062,1899,749,700,2543,3771,3443,6558,38604,25796,4339,1350,17522,2,6,2,1
2021-03-18T23:59:59+01:00,0,2,565,689,1117,2001,1517,3386,2363,6196,3315,5732,2014,1974,6802,8967,4467,8346,78,156,339,764,543,1485,712,2344,1058,1898,742,697,2493,3699,3416,6517,38583,25606,4328,1328,16535,2,5,2,1
2021-03-17T23:59:59+01:00,0,1,536,660,1072,1946,1480,3301,2286,6078,3163,5576,1759,1707,6636,8814,4457,8331,77,152,327,737,527,1441,690,2286,1020,1857,725,678,2251,3403,3328,6387,38511,24623,3801,1256,15484,2,5,2,1
2021-03-16T23:59:59+01:00,0,1,492,631,1032,1891,1429,3197,2221,5924,3047,5442,1561,1483,6501,8666,4447,8308,71,137,306,681,497,1365,661,2151,990,1729,675,627,2137,3265,3302,6300,38455,23864,3183,1024,14629,2,4,2,1
2021-03-15T23:59:59+01:00,0,1,480,620,1000,1842,1395,3129,2191,5839,2960,5358,1435,1348,5917,7978,4407,8244,68,130,293,623,482,1245,623,2021,950,1616,646,606,2099,3225,3287,6237,37216,23458,2828,691,14098,2,0,2,1
2021-03-14T23:59:59+01:00,0,1,475,613,991,1830,1391,3111,2175,5821,2926,5331,1392,1298,5520,7531,4384,8226,67,125,289,600,476,1218,617,1965,940,1591,646,606,2099,3225,3286,6235,36394,23452,2823,531,13797,2,0,2,1
2021-03-13T23:59:59+01:00,0,1,457,595,954,1782,1338,3047,1919,5233,2686,4916,1286,1185,4858,6680,4334,8151,67,125,288,597,474,1216,615,1963,939,1587,644,602,1736,2742,2760,5474,34707,21296,2819,531,11894,2,0,2,1
2021-03-12T23:59:59+01:00,0,1,441,574,933,1739,1307,2964,1716,4447,2480,4467,1214,1102,4157,5882,4287,8069,67,123,287,593,474,1213,613,1955,934,1581,641,595,1409,2199,2214,4678,33026,19044,2816,531,9936,1,0,2,1
2021-03-11T23:59:59+01:00,0,1,437,567,924,1724,1292,2946,1691,4411,2443,4430,1140,1046,4113,5845,4284,8065,67,115,281,571,460,1161,604,1906,915,1545,629,582,1403,2181,2205,4627,32988,18792,2720,459,9649,1,0,2,1
2021-03-10T23:59:59+01:00,0,1,417,555,878,1665,1236,2869,1617,4314,2376,4337,1106,1023,4097,5828,4283,8063,67,115,279,567,457,1154,599,1883,915,1540,624,574,1342,2094,2160,4570,32973,18505,2149,434,9541,1,0,2,1
2021-03-09T23:59:59+01:00,0,1,396,539,833,1616,1193,2805,1575,4231,2333,4284,1085,1012,4091,5821,4282,8061,65,114,278,566,456,1143,597,1871,909,1535,621,568,1136,1783,2042,4392,32926,17668,1703,407,9527,1,0,2,1
2021-03-08T23:59:59+01:00,0,1,389,528,823,1601,1185,2788,1567,4205,2321,4271,1072,1001,4054,5773,4280,8056,64,114,274,561,452,1137,596,1867,905,1533,621,568,1067,1692,1997,4347,32797,17411,1606,383,9510,1,0,2,1
2021-03-07T23:59:59+01:00,0,1,388,524,823,1600,1183,2786,1564,4198,2311,4266,1065,993,4048,5767,4279,8055,62,111,265,539,440,1111,580,1767,870,1458,620,568,963,1562,1945,4278,32781,17048,1566,91,9502,0,0,2,1
2021-03-06T23:59:59+01:00,0,1,380,508,804,1567,1159,2727,1523,4131,2117,3768,1035,956,3875,5494,4177,7890,62,111,265,539,440,1110,580,1767,870,1458,620,568,960,1561,1942,4277,32063,17039,1566,91,8481,0,0,2,1
2021-03-05T23:59:59+01:00,0,1,366,469,772,1462,1109,2511,1448,3919,1903,3102,1005,911,3120,4529,3972,7546,62,110,264,536,437,1104,579,1762,866,1455,617,566,921,1503,1919,4238,29745,16848,1565,91,6833,0,0,2,1
2021-03-04T23:59:59+01:00,0,1,353,460,764,1442,1096,2488,1429,3890,1880,3083,991,907,3116,4525,3969,7544,61,109,261,533,433,1088,569,1740,865,1447,615,564,884,1449,1896,4201,29732,16687,1526,28,6678,0,0,2,1
2021-03-03T23:59:59+01:00,0,1,344,427,745,1391,1066,2405,1379,3735,1801,2986,958,861,3106,4519,3969,7541,60,108,258,530,432,1084,567,1731,862,1443,615,563,864,1396,1807,4054,29417,16348,1526,26,6289,0,0,2,1
2021-03-02T23:59:59+01:00,0,1,338,418,729,1367,1018,2360,1311,3651,1685,2887,870,795,3063,4480,3963,7535,60,108,257,526,431,1076,567,1725,862,1439,614,563,864,1396,1807,4054,28776,16323,1461,26,6232,0,0,2,1
2021-03-01T23:59:59+01:00,0,1,334,404,722,1320,1005,2302,1291,3568,1659,2838,851,786,3055,4470,3963,7535,60,107,256,522,426,1062,563,1712,853,1431,613,561,768,1241,1750,3974,28736,15873,1409,26,5957,0,0,2,1
2021-02-28T23:59:59+01:00,0,1,329,391,714,1281,991,2225,1279,3481,1636,2759,847,776,3053,4466,3962,7532,60,107,256,522,426,1061,563,1712,851,1431,613,560,671,1115,1703,3893,28722,15519,1406,25,5593,0,0,2,1
2021-02-27T23:59:59+01:00,0,1,320,371,700,1254,972,2189,1244,3412,1613,2706,830,761,3050,4466,3961,7532,60,107,256,522,426,1061,562,1712,849,1431,613,560,671,1114,1703,3893,28720,15515,1406,25,5254,0,0,2,1
2021-02-26T23:59:59+01:00,0,1,294,318,653,1189,908,2071,1154,3246,1508,2567,801,738,2615,3859,3533,6752,60,107,253,519,426,1059,560,1710,846,1425,609,558,664,1102,1694,3874,26424,15441,1406,25,4375,0,0,2,1
2021-02-25T23:59:59+01:00,0,1,289,305,639,1159,887,2029,1135,3180,1490,2522,798,735,2568,3786,3503,6709,58,105,249,511,426,1055,555,1700,843,1414,603,554,587,993,1647,3816,26205,15093,1406,23,4122,0,0,2,1
2021-02-24T23:59:59+01:00,0,1,270,295,588,1113,840,1961,1077,3085,1449,2465,782,717,2330,3486,3413,6572,57,100,244,504,420,1036,546,1678,840,1394,596,542,573,973,1636,3793,25217,14917,1406,15,3819,0,0,2,1
2021-02-23T23:59:59+01:00,0,1,257,274,559,1057,803,1886,1009,2935,1375,2363,730,667,2215,3347,3387,6480,57,98,242,498,420,1020,536,1646,832,1372,587,535,557,922,1624,3741,24413,14672,1401,15,3529,0,0,2,1
2021-02-22T23:59:59+01:00,0,1,253,268,546,994,783,1810,983,2840,1339,2303,705,645,2185,3311,3378,6417,57,97,236,492,418,1007,527,1629,828,1347,573,522,535,896,1618,3686,24007,14453,1401,15,3351,0,0,2,1
2021-02-21T23:59:59+01:00,0,1,250,260,537,969,770,1774,975,2792,1309,2277,705,643,2183,3311,3377,6416,57,97,235,492,418,1007,527,1629,828,1346,573,521,535,896,1618,3685,24001,14449,1401,15,3145,0,0,2,1
2021-02-20T23:59:59+01:00,0,1,169,230,467,920,701,1697,905,2703,1224,2177,690,628,1809,2793,2822,5613,57,97,235,492,418,1007,527,1628,828,1346,573,521,535,896,1617,3685,21725,14447,1401,15,2421,0,0,2,1
2021-02-19T23:59:59+01:00,0,1,84,167,357,839,575,1565,772,2554,1089,2026,674,607,1502,2278,2271,4819,57,97,235,492,418,1006,527,1628,828,1346,573,521,529,894,1615,3679,19515,14430,1401,15,1262,0,0,2,1
2021-02-18T23:59:59+01:00,0,1,81,162,345,789,554,1476,739,2414,1056,1958,658,596,1493,2259,2262,4767,54,90,229,470,404,939,512,1548,808,1272,559,507,523,876,1612,3657,19271,14045,1376,15,961,0,0,2,1
2021-02-17T23:59:59+01:00,0,1,80,154,331,766,545,1443,710,2321,1019,1858,653,586,1435,2171,2214,4717,54,87,227,461,396,901,501,1483,789,1190,546,496,521,874,1612,3657,19010,13780,1303,15,689,0,0,2,1
2021-02-16T23:59:59+01:00,0,1,75,148,316,726,517,1370,678,2213,994,1753,642,579,1190,1825,2090,4534,53,78,226,455,390,871,488,1418,763,1123,525,483,519,874,1609,3656,18089,13529,1064,2,496,0,0,2,1
2021-02-15T23:59:59+01:00,0,1,70,132,290,622,482,1228,622,2000,944,1594,633,577,1107,1718,2039,4469,53,78,224,450,386,865,487,1414,761,1116,525,483,518,869,1608,3653,17760,13490,726,0,40,0,0,2,1
2021-02-14T23:59:59+01:00,0,1,69,125,285,596,477,1199,611,1946,930,1572,633,577,1009,1594,1992,4412,53,78,224,450,386,865,487,1412,761,1116,525,483,518,869,1608,3653,17431,13488,571,0,24,0,0,2,1
2021-02-13T23:59:59+01:00,0,1,69,124,285,595,476,1195,610,1944,928,1569,632,576,1008,1585,1988,4409,53,78,224,449,384,860,486,1407,759,1115,523,481,501,831,1348,3186,17397,12685,571,0,24,0,0,2,1
2021-02-12T23:59:59+01:00,0,1,68,124,284,594,472,1191,610,1941,925,1568,629,575,969,1533,1968,4368,53,78,224,445,381,851,481,1398,753,1108,516,473,483,790,985,2477,17226,11496,571,0,21,0,0,2,1
2021-02-11T23:59:59+01:00,0,1,67,117,281,581,459,1164,604,1915,918,1556,628,574,926,1475,1946,4329,53,75,209,414,367,804,465,1324,738,1076,513,472,483,790,984,2476,17046,11244,488,0,5,0,0,2,0
2021-02-10T23:59:59+01:00,0,1,66,117,277,578,457,1159,600,1898,913,1552,628,574,917,1459,1925,4286,52,65,175,336,313,702,415,1152,659,982,478,460,478,789,984,2475,16944,10516,460,0,1,0,0,2,0
2021-02-09T23:59:59+01:00,0,1,64,115,271,574,454,1146,599,1884,906,1546,627,573,905,1423,1855,4182,43,53,124,257,236,551,333,950,558,829,443,449,474,788,981,2475,16692,9545,431,0,0,0,0,2,0
2021-02-08T23:59:59+01:00,0,1,63,115,268,565,451,1138,598,1869,899,1538,625,570,803,1270,1798,4100,38,43,86,168,173,415,268,712,499,694,435,443,470,785,980,2475,16263,8685,406,0,0,0,0,2,0
2021-02-07T23:59:59+01:00,0,1,61,112,259,542,436,1107,582,1766,864,1459,624,569,700,1142,1750,4016,37,42,82,165,170,408,263,699,494,683,433,442,470,785,980,2474,15890,8628,98,0,0,0,0,2,0
2021-02-06T23:59:59+01:00,0,1,61,112,258,542,436,1107,580,1765,861,1456,621,567,698,1133,1744,4009,34,41,81,162,167,398,259,691,483,674,425,441,434,737,740,2081,15851,7849,98,0,0,0,0,2,0
2021-02-05T23:59:59+01:00,0,1,61,112,256,538,436,1105,579,1764,859,1454,619,567,688,1126,1738,3996,32,39,77,158,162,390,251,672,466,664,419,441,428,712,336,1449,15799,6697,98,0,0,0,0,2,0
2021-02-04T23:59:59+01:00,0,1,59,110,251,532,430,1089,563,1737,855,1440,612,557,603,1009,1687,3935,31,36,73,152,156,379,237,650,449,650,414,433,423,705,334,1442,15438,6565,30,0,0,0,0,2,0
2021-02-03T23:59:59+01:00,0,1,58,105,247,525,429,1069,560,1721,853,1425,608,547,592,999,1684,3921,24,28,59,121,123,280,174,508,339,500,308,331,338,548,256,1159,15314,5097,28,0,0,0,0,2,0
2021-02-02T23:59:59+01:00,0,1,58,103,244,520,429,1051,548,1688,844,1401,595,537,581,950,1674,3871,17,21,40,78,87,186,122,343,222,361,217,221,218,344,182,765,15066,3425,28,0,0,0,0,1,0
2021-02-01T23:59:59+01:00,0,1,58,101,240,512,427,1035,540,1667,840,1378,588,531,559,921,1666,3824,7,11,20,42,48,97,65,168,97,165,103,104,91,160,76,336,14859,1590,28,0,0,0,0,1,0
2021-01-31T23:59:59+01:00,0,1,58,101,239,511,425,1031,538,1662,838,1375,588,530,559,921,1666,3823,7,11,18,38,43,83,61,142,83,149,98,102,90,159,74,334,14837,1492,28,0,0,0,0,1,0
2021-01-30T23:59:59+01:00,0,1,58,101,239,511,425,1031,538,1662,838,1375,588,530,559,921,1666,3823,7,11,18,38,43,83,61,142,83,149,98,101,90,159,74,334,14837,1491,28,0,0,0,0,1,0
2021-01-29T23:59:59+01:00,0,1,58,101,239,511,425,1031,538,1662,838,1375,588,530,559,921,1666,3823,7,11,18,38,43,83,61,142,83,149,98,101,90,159,74,334,14837,1491,28,0,0,0,0,1,0
2021-01-28T23:59:59+01:00,0,1,56,93,235,482,413,964,520,1576,815,1293,575,515,553,904,1663,3804,3,2,4,6,11,15,19,34,22,32,16,22,21,34,19,99,14439,359,22,0,0,0,0,1,0
2021-01-27T23:59:59+01:00,0,1,54,89,235,472,405,925,510,1510,795,1210,563,503,551,902,1663,3804,3,2,4,6,9,15,19,33,21,30,16,21,21,34,19,99,14171,352,20,0,0,0,0,1,0
2021-01-26T23:59:59+01:00,0,1,53,83,230,469,398,896,499,1443,770,1143,541,490,549,902,1663,3804,1,2,4,6,9,14,17,29,17,25,14,18,19,32,19,91,13915,317,18,0,0,0,0,1,0
2021-01-25T23:59:59+01:00,0,1,53,83,227,464,395,890,499,1440,769,1138,541,490,549,899,1663,3802,0,0,0,0,0,1,0,0,0,0,1,1,0,2,0,0,13886,5,16,0,0,0,0,1,0
2021-01-24T23:59:59+01:00,0,1,53,83,227,464,395,890,499,1439,769,1138,541,490,549,899,1663,3802,0,0,0,0,0,1,0,0,0,0,1,1,0,2,0,0,13885,5,16,0,0,0,0,1,0
2021-01-23T23:59:59+01:00,0,1,53,83,227,463,394,886,499,1433,768,1136,538,488,532,861,1402,3324,0,0,0,0,0,1,0,0,0,0,1,1,0,2,0,0,13071,5,16,0,0,0,0,1,0
2021-01-22T23:59:59+01:00,0,1,53,83,226,459,390,876,494,1423,763,1128,532,480,515,819,1023,2585,0,0,0,0,0,1,0,0,0,0,1,1,0,2,0,0,11834,5,16,0,0,0,0,0,0
2021-01-21T23:59:59+01:00,0,1,53,80,207,425,363,820,467,1323,737,1094,528,480,515,819,1022,2584,0,0,0,0,0,1,0,0,0,0,1,1,0,2,0,0,11502,5,16,0,0,0,0,0,0
2021-01-20T23:59:59+01:00,0,1,51,70,179,353,322,735,424,1169,667,1003,492,469,510,819,1022,2583,0,0,0,0,0,1,0,0,0,0,1,1,0,2,0,0,10853,5,16,0,0,0,0,0,0
2021-01-19T23:59:59+01:00,0,1,44,57,135,275,248,576,347,987,577,863,457,457,506,817,1022,2583,0,0,0,0,0,0,0,0,0,0,1,0,0,2,0,0,9944,3,8,0,0,0,0,0,0
2021-01-18T23:59:59+01:00,0,1,40,44,86,175,179,425,279,724,506,706,448,450,503,812,1020,2583,0,0,0,0,0,0,0,0,0,0,0,0,0,1,0,0,8981,1,0,0,0,0,0,0,0
2021-01-17T23:59:59+01:00,0,1,37,43,83,171,175,417,275,713,501,693,446,450,503,812,1020,2582,0,0,0,0,0,0,0,0,0,0,0,0,0,0,0,0,8922,0,0,0,0,0,0,0,0
2021-01-16T23:59:59+01:00,0,1,34,42,81,169,171,408,268,706,486,684,438,448,464,765,773,2186,0,0,0,0,0,0,0,0,0,0,0,0,0,0,0,0,8124,0,0,0,0,0,0,0,0
2021-01-15T23:59:59+01:00,0,1,32,40,78,164,168,402,261,689,472,676,432,447,459,741,360,1543,0,0,0,0,0,0,0,0,0,0,0,0,0,0,0,0,6965,0,0,0,0,0,0,0,0
2021-01-14T23:59:59+01:00,0,1,32,38,77,158,163,397,253,678,461,668,429,444,459,740,360,1543,0,0,0,0,0,0,0,0,0,0,0,0,0,0,0,0,6901,0,0,0,0,0,0,0,0
2021-01-13T23:59:59+01:00,0,0,24,31,61,126,128,302,193,544,352,525,326,342,374,578,281,1248,0,0,0,0,0,0,0,0,0,0,0,0,0,0,0,0,5435,0,0,0,0,0,0,0,0
2021-01-12T23:59:59+01:00,0,0,17,24,45,87,93,214,139,393,239,389,234,235,247,372,203,848,0,0,0,0,0,0,0,0,0,0,0,0,0,0,0,0,3779,0,0,0,0,0,0,0,0
2021-01-11T23:59:59+01:00,0,0,9,15,26,47,62,137,88,220,126,208,116,112,106,180,92,375,0,0,0,0,0,0,0,0,0,0,0,0,0,0,0,0,1919,0,0,0,0,0,0,0,0
2021-01-10T23:59:59+01:00,0,0,8,15,22,44,55,109,80,179,106,175,110,108,102,178,89,375,0,0,0,0,0,0,0,0,0,0,0,0,0,0,0,0,1755,0,0,0,0,0,0,0,0
2021-01-09T23:59:59+01:00,0,0,8,15,22,44,55,109,80,179,106,175,110,107,102,178,89,375,0,0,0,0,0,0,0,0,0,0,0,0,0,0,0,0,1754,0,0,0,0,0,0,0,0
2021-01-08T23:59:59+01:00,0,0,8,14,21,43,52,102,75,168,100,172,107,103,97,169,87,365,0,0,0,0,0,0,0,0,0,0,0,0,0,0,0,0,1683,0,0,0,0,0,0,0,0
2021-01-07T23:59:59+01:00,0,0,3,3,4,7,11,16,20,34,24,36,17,22,23,35,23,107,0,0,0,0,0,0,0,0,0,0,0,0,0,0,0,0,385,0,0,0,0,0,0,0,0
2021-01-06T23:59:59+01:00,0,0,3,2,4,6,9,15,20,33,21,32,17,21,23,35,23,106,0,0,0,0,0,0,0,0,0,0,0,0,0,0,0,0,370,0,0,0,0,0,0,0,0
2021-01-05T23:59:59+01:00,0,0,3,2,4,6,9,15,20,33,21,32,17,21,23,35,23,106,0,0,0,0,0,0,0,0,0,0,0,0,0,0,0,0,370,0,0,0,0,0,0,0,0
2021-01-04T23:59:59+01:00,0,0,0,0,0,0,0,1,1,0,0,0,1,1,0,2,0,0,0,0,0,0,0,0,0,0,0,0,0,0,0,0,0,0,6,0,0,0,0,0,0,0,0
2021-01-03T23:59:59+01:00,0,0,0,0,0,0,0,1,1,0,0,0,1,1,0,2,0,0,0,0,0,0,0,0,0,0,0,0,0,0,0,0,0,0,6,0,0,0,0,0,0,0,0
2021-01-02T23:59:59+01:00,0,0,0,0,0,0,0,1,1,0,0,0,1,1,0,2,0,0,0,0,0,0,0,0,0,0,0,0,0,0,0,0,0,0,6,0,0,0,0,0,0,0,0
2021-01-01T23:59:59+01:00,0,0,0,0,0,0,0,1,1,0,0,0,1,1,0,2,0,0,0,0,0,0,0,0,0,0,0,0,0,0,0,0,0,0,6,0,0,0,0,0,0,0,0
2020-12-31T23:59:59+01:00,0,0,0,0,0,0,0,1,1,0,0,0,1,1,0,2,0,0,0,0,0,0,0,0,0,0,0,0,0,0,0,0,0,0,6,0,0,0,0,0,0,0,0
2020-12-30T23:59:59+01:00,0,0,0,0,0,0,0,1,1,0,0,0,1,1,0,2,0,0,0,0,0,0,0,0,0,0,0,0,0,0,0,0,0,0,6,0,0,0,0,0,0,0,0
2020-12-29T23:59:59+01:00,0,0,0,0,0,0,0,1,1,0,0,0,1,0,0,2,0,0,0,0,0,0,0,0,0,0,0,0,0,0,0,0,0,0,5,0,0,0,0,0,0,0,0
2020-12-28T23:59:59+01:00,0,0,0,0,0,0,0,1,0,0,0,0,1,0,0,1,0,0,0,0,0,0,0,0,0,0,0,0,0,0,0,0,0,0,3,0,0,0,0,0,0,0,0
2020-12-27T23:59:59+01:00,0,0,0,0,0,0,0,0,0,0,0,0,0,0,0,0,0,0,0,0,0,0,0,0,0,0,0,0,0,0,0,0,0,0,0,0,0,0,0,0,0,0,0
