Datum,<15_m,<15_w,15-24_1_m,15-24_1_w,25-34_1_m,25-34_1_w,35-44_1_m,35-44_1_w,45-54_1_m,45-54_1_w,55-64_1_m,55-64_1_w,65-74_1_m,65-74_1_w,75-84_1_m,75-84_1_w,>84_1_m,>84_1_w,<24_2_m,<24_2_w,25-34_2_m,25-34_2_w,35-44_2_m,35-44_2_w,45-54_2_m,45-54_2_w,55-64_2_m,55-64_2_w,65-74_2_m,65-74_2_w,75-84_2_m,75-84_2_w,>84_2_m,>84_2_w,bp_1,bp_2,mo_1,mo_2,az_1,az_2,ja,unb_1,unb_2
2021-07-29T23:59:59+02:00,814,732,11450,10904,15247,14275,18634,19129,25270,26619,31968,33160,24712,27632,16966,21692,5022,9519,7229,6795,10630,10271,15171,15779,22834,24116,29623,30770,23482,26258,16309,20785,4853,9056,226530,191003,30609,28931,46317,44149,10047,242,93
2021-07-28T23:59:59+02:00,796,721,11404,10853,15223,14246,18604,19103,25244,26593,31945,33136,24699,27614,16961,21680,5021,9515,7066,6643,10487,10155,15066,15648,22744,24024,29526,30675,23441,26205,16292,20756,4852,9046,226221,189800,30608,28929,46312,44044,9975,242,93
2021-07-27T23:59:59+02:00,787,712,11361,10817,15183,14206,18565,19077,25216,26568,31909,33114,24683,27590,16955,21669,5020,9507,6848,6441,10331,10039,14928,15520,22642,23921,29418,30562,23390,26142,16276,20730,4850,9035,225916,188666,30608,28623,46311,44011,9862,242,93
2021-07-26T23:59:59+02:00,776,700,11313,10773,15162,14187,18551,19053,25191,26539,31877,33088,24668,27569,16943,21658,5019,9504,6734,6365,10240,9965,14864,15444,22565,23862,29353,30488,23357,26099,16264,20713,4846,9029,225631,187887,30606,28622,46310,43970,9782,242,93
2021-07-25T23:59:59+02:00,765,690,11285,10746,15143,14161,18531,19029,25164,26516,31858,33070,24652,27558,16939,21649,5018,9502,6659,6285,10174,9901,14791,15384,22510,23809,29298,30450,23327,26077,16253,20699,4846,9025,225438,187303,30605,28618,46309,43940,9682,242,93
2021-07-24T23:59:59+02:00,741,669,11207,10663,15105,14134,18508,19007,25144,26502,31845,33057,24652,27554,16936,21647,5018,9502,6262,5927,10032,9787,14422,15105,22288,23653,29183,30367,23291,26039,16236,20682,4843,9021,225061,184962,30604,28617,46309,43938,9675,242,93
2021-07-23T23:59:59+02:00,715,647,11141,10582,15078,14101,18479,18992,25122,26483,31829,33040,24641,27549,16934,21647,5018,9499,5895,5618,9912,9681,14076,14843,22094,23482,29063,30250,23239,25971,16225,20661,4839,9014,224681,182705,30603,28617,46309,43927,9662,242,93
2021-07-22T23:59:59+02:00,674,607,10991,10421,14981,14014,18393,18944,25042,26429,31757,32976,24606,27508,16919,21629,5014,9494,5577,5322,9644,9471,13496,14371,21777,23223,28834,30023,23141,25874,16182,20624,4835,9011,223743,179409,30601,28607,46308,43909,9505,242,93
2021-07-21T23:59:59+02:00,654,583,10927,10367,14948,13987,18354,18908,25006,26400,31719,32929,24582,27477,16904,21618,5012,9489,4962,4857,9206,9222,13119,14143,21548,23070,28648,29875,23076,25798,16157,20601,4833,9008,223331,177661,30594,27340,46307,43742,9390,242,93
2021-07-20T23:59:59+02:00,636,566,10869,10313,14922,13953,18319,18881,24976,26369,31684,32897,24562,27456,16899,21604,5009,9482,4818,4746,9054,9090,12958,14011,21435,22949,28519,29752,22997,25695,16135,20562,4826,9002,222961,176326,30594,27328,46305,43595,9295,242,93
2021-07-19T23:59:59+02:00,623,554,10832,10282,14893,13933,18300,18874,24951,26344,31651,32869,24545,27433,16893,21593,5007,9479,4739,4676,8958,9016,12846,13916,21340,22843,28420,29632,22941,25638,16110,20533,4821,8996,222726,175394,30594,27320,46296,43499,9198,242,93
2021-07-18T23:59:59+02:00,609,545,10779,10231,14858,13912,18275,18857,24931,26327,31628,32851,24536,27423,16887,21584,5007,9475,4632,4573,8824,8895,12720,13778,21254,22752,28349,29555,22913,25609,16101,20520,4818,8995,222454,174389,30594,27306,46296,43446,9129,242,93
2021-07-17T23:59:59+02:00,537,475,10495,9936,14748,13814,18187,18780,24826,26253,31523,32802,24504,27389,16875,21564,5005,9474,4588,4532,8772,8824,12487,13588,20837,22417,28221,29425,22876,25557,16092,20505,4817,8992,220927,172632,30594,27306,46296,43444,9128,242,93
2021-07-16T23:59:59+02:00,508,439,10363,9818,14690,13774,18133,18729,24795,26220,31503,32780,24495,27374,16872,21557,5005,9471,4540,4490,8697,8784,12113,13311,20296,22024,28089,29333,22827,25520,16083,20500,4815,8990,220278,170534,30593,27304,46296,43437,9117,242,93
2021-07-15T23:59:59+02:00,478,401,10225,9714,14624,13724,18076,18661,24745,26172,31452,32728,24470,27338,16854,21541,4998,9467,4329,4353,8373,8578,11595,12910,19194,21181,27674,28991,22657,25351,16018,20427,4805,8974,219555,165851,30592,27291,46295,43241,8984,242,93
2021-07-14T23:59:59+02:00,457,388,10197,9689,14590,13704,18047,18625,24709,26131,31402,32675,24441,27310,16843,21524,4997,9465,4207,4205,8119,8411,11366,12766,19016,21071,27530,28866,22592,25273,15984,20389,4802,8965,219192,164300,30592,27273,46295,43069,8873,242,93
2021-07-13T23:59:59+02:00,433,374,10148,9637,14561,13677,18025,18592,24674,26110,31368,32636,24425,27280,16832,21513,4996,9463,4113,4111,7944,8253,11166,12576,18883,20935,27377,28705,22495,25189,15949,20336,4798,8954,218798,162853,30592,27252,46294,42812,8818,242,93
2021-07-12T23:59:59+02:00,420,353,10105,9588,14536,13659,17994,18562,24640,26070,31334,32593,24400,27258,16817,21508,4993,9460,4006,4013,7777,8131,11009,12441,18770,20815,27255,28586,22421,25128,15922,20310,4797,8949,218436,161697,30591,27231,46294,42622,8727,242,93
2021-07-11T23:59:59+02:00,412,335,10076,9560,14519,13639,17977,18552,24620,26062,31313,32575,24388,27248,16815,21506,4993,9458,3937,3940,7658,8032,10863,12313,18647,20715,27154,28474,22379,25080,15901,20285,4795,8946,218246,160736,30591,27226,46293,42423,8676,242,93
2021-07-10T23:59:59+02:00,386,312,9967,9455,14464,13600,17931,18529,24596,26042,31294,32559,24380,27239,16811,21502,4991,9456,3904,3915,7597,7992,10828,12284,18618,20691,27125,28452,22372,25065,15897,20280,4795,8946,217725,160436,30590,27225,46290,42375,8667,242,93
2021-07-09T23:59:59+02:00,327,265,9705,9247,14360,13520,17855,18459,24510,25989,31245,32498,24357,27209,16798,21484,4991,9450,3837,3875,7464,7902,10611,12139,18394,20553,26711,28133,22188,24873,15842,20220,4792,8939,216506,158302,30590,27222,46289,42247,8642,242,93
2021-07-08T23:59:59+02:00,249,198,9514,9107,14260,13444,17761,18389,24450,25939,31163,32442,24330,27178,16785,21466,4987,9445,3682,3750,7156,7713,10258,11911,18050,20271,26406,27876,22016,24715,15774,20147,4785,8923,215420,155931,30587,27177,46276,41678,8582,242,93
2021-07-07T23:59:59+02:00,211,169,9413,9003,14209,13412,17717,18347,24401,25899,31122,32402,24306,27148,16774,21448,4987,9437,3487,3621,6828,7491,9313,11185,17470,19842,26005,27570,21783,24414,15697,20051,4771,8909,214798,153333,30584,25436,46273,41089,8508,242,93
2021-07-06T23:59:59+02:00,189,157,9335,8946,14159,13384,17681,18305,24362,25860,31061,32357,24270,27120,16759,21431,4985,9435,3373,3546,6629,7369,9043,11022,17227,19662,25730,27315,21628,24212,15616,19947,4759,8894,214242,151411,30567,25426,46270,40588,8475,242,93
2021-07-05T23:59:59+02:00,177,142,9248,8865,14120,13342,17648,18255,24326,25830,31016,32306,24246,27098,16751,21417,4984,9433,3322,3511,6501,7290,8894,10901,17086,19524,25560,27160,21485,24045,15567,19895,4748,8884,213701,150353,30567,25417,46267,40103,8427,242,93
2021-07-04T23:59:59+02:00,162,135,9194,8815,14089,13330,17625,18237,24301,25811,30995,32281,24231,27084,16745,21409,4983,9430,3270,3469,6438,7250,8807,10830,17001,19439,25431,27051,21361,23917,15526,19844,4746,8877,213434,149697,30566,25408,46252,39713,8363,242,93
2021-07-03T23:59:59+02:00,159,132,8683,8318,13931,13210,17524,18120,24207,25753,30930,32232,24210,27062,16733,21397,4981,9427,3210,3390,6320,7131,8639,10689,16787,19257,25043,26743,21246,23781,15496,19804,4742,8871,211602,147659,30566,25408,46252,39658,8347,242,93
2021-07-02T23:59:59+02:00,152,128,8114,7846,13787,13101,17432,18043,24138,25682,30870,32170,24172,27020,16727,21377,4979,9422,3099,3283,6050,6976,8382,10448,16418,18930,24572,26320,21018,23509,15426,19722,4736,8868,209760,144597,30566,25406,46248,39333,8344,242,92
2021-07-01T23:59:59+02:00,140,118,7987,7740,13704,13044,17363,17992,24069,25631,30818,32118,24144,26995,16717,21365,4978,9421,2912,3095,5705,6692,7948,10033,15832,18460,23813,25670,20534,23037,15299,19562,4724,8843,208975,140062,30562,25395,46244,38303,8321,242,91
2021-06-30T23:59:59+02:00,123,105,7841,7625,13636,12996,17310,17939,24019,25578,30760,32073,24114,26973,16703,21348,4978,9416,2816,3016,5553,6549,7724,9812,14875,17593,23202,25123,20177,22645,15166,19402,4710,8809,208421,138538,30388,23123,46240,37186,8246,242,91
2021-06-29T23:59:59+02:00,108,92,7774,7534,13593,12957,17271,17895,23967,25517,30711,32014,24093,26947,16693,21332,4975,9412,2757,2972,5425,6451,7570,9678,14707,17422,22961,24891,19919,22320,15067,19302,4698,8789,207804,137423,30386,23111,46237,36097,8216,242,91
2021-06-28T23:59:59+02:00,103,86,7710,7463,13529,12898,17225,17844,23926,25472,30655,31970,24076,26919,16686,21322,4973,9410,2728,2940,5357,6404,7477,9607,14610,17341,22811,24678,19715,22074,15012,19233,4694,8775,207272,136829,30384,23101,46229,35302,8140,242,91
2021-06-27T23:59:59+02:00,89,81,7662,7401,13499,12862,17196,17812,23907,25437,30628,31942,24064,26911,16679,21317,4973,9408,2705,2926,5306,6379,7406,9562,14514,17278,22716,24591,19588,21933,14981,19182,4690,8766,206922,136322,30384,23090,46223,34928,8097,242,91
2021-06-26T23:59:59+02:00,85,78,7160,6849,13107,12564,17084,17712,23844,25378,30592,31907,24056,26894,16675,21306,4972,9407,2604,2817,5120,6191,7207,9373,13970,16823,22059,23959,19441,21792,14936,19129,4688,8758,204771,132735,30384,23090,46223,34908,8097,195,42
2021-06-25T23:59:59+02:00,84,76,6675,6366,12656,12194,16925,17594,23754,25311,30511,31867,24034,26867,16670,21296,4970,9405,2501,2662,4946,6000,6949,9080,13440,16294,21507,23375,19244,21584,14878,19062,4684,8746,202374,129049,30384,23090,46223,34697,8079,195,42
2021-06-24T23:59:59+02:00,74,64,6453,6151,12433,12044,16819,17511,23682,25259,30453,31820,24000,26825,16666,21286,4968,9398,2293,2423,4575,5623,6450,8589,12721,15579,20357,22374,18781,21106,14774,18931,4672,8731,201109,123111,30382,23078,46216,33749,8004,195,42
2021-06-23T23:59:59+02:00,69,62,5879,5652,12271,11932,16700,17397,23609,25212,30390,31770,23966,26802,16659,21272,4964,9394,2256,2371,4512,5502,6359,8439,12489,15290,20114,22116,18482,20778,14677,18817,4661,8714,200600,122094,29044,22930,46207,32562,7954,195,42
2021-06-22T23:59:59+02:00,66,58,5737,5524,12172,11827,16614,17322,23551,25150,30323,31692,23940,26770,16649,21251,4960,9392,2203,2336,4417,5420,6236,8292,11621,14629,19703,21711,18150,20426,14569,18679,4651,8694,199669,121178,29037,21238,46192,31378,7905,195,42
2021-06-21T23:59:59+02:00,63,55,5601,5413,12098,11735,16553,17238,23497,25077,30273,31634,23916,26742,16636,21236,4960,9388,2170,2300,4359,5323,6149,8166,10840,13926,19254,21302,17924,20198,14509,18585,4642,8678,198855,120386,29033,19455,46187,30601,7845,195,42
2021-06-20T23:59:59+02:00,61,53,5484,5287,11935,11552,16488,17115,23446,25011,30231,31579,23900,26721,16630,21221,4955,9383,2152,2272,4318,5283,6079,8118,10736,13846,19141,21175,17767,20007,14443,18502,4638,8671,197847,119851,29029,19452,46181,30007,7800,195,42
2021-06-19T23:59:59+02:00,57,49,5466,5267,11173,10894,16013,16728,23386,24967,30187,31536,23882,26701,16622,21209,4955,9383,2082,2155,4113,5054,5802,7840,10412,13516,18094,20324,17600,19823,14410,18437,4633,8659,195271,115672,29029,19452,46181,29993,7799,195,42
2021-06-18T23:59:59+02:00,54,48,5432,5241,10533,10317,15405,16170,23296,24898,30118,31473,23854,26671,16611,21194,4954,9381,2013,2068,3970,4912,5524,7571,10033,13153,16949,19120,17399,19586,14362,18373,4630,8649,192453,111284,29023,19451,46181,29741,7798,195,42
2021-06-17T23:59:59+02:00,47,39,5314,5138,9854,9813,14917,15784,23197,24811,30037,31379,23814,26625,16597,21173,4953,9378,1884,1961,3714,4667,5137,7208,9491,12665,15765,17929,16940,19097,14221,18199,4617,8625,189963,106169,29021,19443,46178,28825,7655,53,32
2021-06-16T23:59:59+02:00,45,31,5180,5002,9657,9653,14770,15655,23105,24717,29940,31303,23770,26581,16582,21161,4952,9368,1844,1920,3610,4582,5035,7090,8464,11815,15492,17636,16645,18761,14086,18029,4611,8592,188789,105289,29010,17570,46175,27880,7445,53,32
2021-06-15T23:59:59+02:00,40,26,4993,4816,9477,9498,14635,15513,23012,24627,29863,31217,23727,26508,16556,21128,4944,9353,1782,1862,3533,4488,4942,6978,8348,11673,15314,17410,16327,18453,13945,17860,4588,8534,187473,104535,29008,17566,46155,26664,7244,53,32
2021-06-14T23:59:59+02:00,38,23,4917,4752,9384,9391,14557,15424,22943,24553,29793,31157,23695,26469,16541,21110,4941,9347,1759,1839,3496,4464,4901,6946,8249,11610,15176,17276,16147,18249,13855,17763,4583,8527,186732,104310,29004,17563,46149,25842,7097,53,32
2021-06-13T23:59:59+02:00,37,22,4859,4704,9298,9316,14473,15357,22882,24502,29726,31105,23669,26441,16532,21100,4941,9345,1709,1824,3454,4440,4847,6903,8178,11574,15077,17181,15991,18065,13801,17690,4576,8520,186151,104032,28998,17561,46134,25236,6973,53,32
2021-06-12T23:59:59+02:00,35,21,4840,4689,9270,9293,14238,15184,22753,24373,29683,31061,23649,26424,16523,21092,4940,9343,1584,1702,3216,4229,4443,6600,7632,11144,13302,15493,15639,17694,13721,17588,4574,8506,185256,97335,28998,17561,46134,25172,6971,52,32
2021-06-11T23:59:59+02:00,31,20,4786,4635,9189,9240,13920,14963,22557,24225,29587,30970,23611,26379,16505,21080,4939,9340,1481,1569,3032,4021,4144,6236,7125,10600,11672,13619,15164,17120,13607,17441,4559,8492,183895,90453,28995,17560,46134,24941,6901,52,31
2021-06-10T23:59:59+02:00,25,17,4502,4407,8644,8909,12647,13946,21990,23777,29215,30667,23474,26221,16452,21012,4926,9325,1358,1478,2797,3840,3815,5953,6693,10211,10261,12292,14651,16547,13437,17234,4544,8466,178569,85922,28980,17558,46128,23643,6427,52,31
2021-06-09T23:59:59+02:00,22,13,4267,4243,8051,8618,11749,13288,21671,23563,28985,30515,23411,26158,16433,20988,4923,9321,1270,1424,2643,3769,3673,5875,6488,10119,9999,12113,14330,16202,13267,17054,4537,8448,176468,85592,27709,17456,46122,22267,5869,51,31
2021-06-08T23:59:59+02:00,18,10,4137,4143,7649,8392,11263,12998,21445,23384,28785,30362,23352,26084,16401,20946,4917,9312,1192,1397,2508,3712,3515,5808,5593,9375,9530,11754,13999,15800,13043,16819,4523,8426,174716,85241,27338,15308,46098,21023,5395,51,31
2021-06-07T23:59:59+02:00,14,8,4018,4064,7417,8286,10974,12820,21243,23270,28632,30246,23294,26031,16384,20921,4913,9304,1143,1278,2387,3652,3385,5746,5430,9301,9325,11630,13778,15549,12891,16657,4517,8408,173501,85054,27328,15305,46089,19821,4870,51,31
2021-06-06T23:59:59+02:00,12,8,3900,4005,7179,8164,10725,12659,21057,23181,28546,30156,23263,25997,16372,20903,4910,9300,1123,1261,2323,3616,3289,5694,5324,9226,9209,11529,13621,15395,12819,16563,4514,8401,172351,84865,27311,15301,46079,19169,4545,51,31
2021-06-05T23:59:59+02:00,12,8,3872,3968,7141,8124,10548,12502,20433,22675,28385,30011,23213,25952,16358,20884,4910,9296,1091,1160,2159,3164,3057,5157,5154,8895,8430,10582,12973,14557,12706,16416,4503,8391,170319,79493,27311,15301,46077,19038,4535,50,31
2021-06-04T23:59:59+02:00,12,8,3842,3942,7105,8099,10451,12410,20072,22348,28281,29915,23178,25914,16344,20874,4908,9295,1059,1093,2061,2855,2897,4680,4997,8526,7916,9924,11475,12842,12582,16219,4496,8373,169044,73122,27298,15300,46077,19016,4529,50,31
2021-06-03T23:59:59+02:00,7,5,3708,3840,6886,7962,9895,11988,18846,21418,27883,29605,23044,25772,16291,20812,4904,9281,1006,1048,1973,2744,2761,4525,4793,8226,7556,9476,11098,12446,12476,16106,4493,8360,164290,71339,27288,15297,46073,17977,4446,50,31
2021-06-02T23:59:59+02:00,7,5,3701,3832,6874,7945,9885,11977,18658,21238,27812,29556,23021,25751,16285,20803,4901,9279,1002,1041,1961,2714,2740,4506,4582,8043,7021,8988,11061,12405,12461,16091,4489,8354,164225,71231,26743,13806,46073,17955,4439,50,31
2021-06-01T23:59:59+02:00,7,5,3574,3756,6637,7798,9597,11784,18203,20891,27575,29361,22927,25649,16244,20750,4898,9267,965,993,1877,2644,2660,4434,4303,7810,6425,8457,10849,12192,12363,15988,4484,8342,162539,70792,25963,12514,46059,17140,4312,50,31
2021-05-31T23:59:59+02:00,7,5,3527,3711,6548,7731,9461,11685,18077,20800,27485,29285,22860,25588,16227,20722,4893,9260,936,969,1810,2604,2580,4391,4197,7746,6307,8382,10663,12024,12262,15873,4474,8334,161700,70433,25933,12509,46046,16439,4143,50,31
2021-05-30T23:59:59+02:00,7,4,3496,3687,6484,7677,9371,11595,17989,20720,27408,29215,22815,25543,16205,20695,4888,9250,931,962,1799,2594,2567,4378,4168,7721,6255,8341,10602,11945,12228,15831,4469,8325,161002,70390,25928,12506,46029,16152,4040,50,31
2021-05-29T23:59:59+02:00,7,4,3485,3668,6448,7650,9327,11558,17951,20681,27263,29110,22760,25469,16190,20675,4885,9246,895,943,1742,2548,2494,4293,3979,7467,5983,8046,8413,9294,12037,15490,4454,8296,160344,64169,25928,12504,46015,15632,4040,50,31
2021-05-28T23:59:59+02:00,7,4,3422,3613,6317,7573,9187,11427,17794,20550,27082,28989,22694,25393,16169,20658,4884,9245,882,929,1723,2528,2458,4240,3828,7170,5789,7785,5728,6194,11760,15094,4439,8247,158990,57324,25926,12504,46011,14906,4031,50,31
2021-05-27T23:59:59+02:00,7,4,3275,3483,6034,7393,8586,11095,17318,20213,26669,28642,22527,25228,16111,20595,4877,9227,832,871,1641,2433,2341,4106,3405,6205,5366,7192,5568,6021,11682,15021,4433,8230,155519,56842,25868,12458,46004,12175,3843,50,31
2021-05-26T23:59:59+02:00,7,4,3168,3400,5815,7227,8214,10809,16852,19907,26368,28406,22379,25095,16060,20521,4864,9207,815,863,1589,2408,2288,4076,3332,6131,5269,7122,5436,5894,11617,14955,4428,8218,152815,56770,25852,12456,45982,11582,3604,50,31
2021-05-25T23:59:59+02:00,7,4,3077,3337,5673,7114,8017,10647,15851,19128,26015,28052,22221,24942,16008,20441,4857,9197,795,845,1553,2364,2217,4017,3257,6064,5185,7058,5270,5726,11509,14875,4420,8207,151263,56706,23928,12269,45968,10977,3381,48,31
2021-05-24T23:59:59+02:00,7,4,3014,3319,5586,7070,7899,10586,14938,18439,25600,27740,22127,24839,15977,20405,4850,9185,787,843,1531,2347,2173,3982,3212,6017,5108,6978,5171,5619,11430,14799,4419,8201,150539,56674,21860,12193,45959,10542,3179,48,31
2021-05-23T23:59:59+02:00,7,4,3011,3315,5577,7063,7890,10578,14933,18438,25599,27739,22127,24839,15977,20405,4850,9185,785,840,1524,2340,2161,3969,3193,6002,5087,6945,5127,5567,11413,14775,4418,8199,150511,56666,21860,12193,45957,10296,3161,48,31
2021-05-22T23:59:59+02:00,6,4,2975,3273,5504,7017,7790,10491,14735,18277,25320,27497,22028,24753,15944,20362,4847,9181,763,819,1481,2288,2110,3890,3080,5882,4775,6379,4557,4825,10768,13954,4408,8160,148978,53422,21860,12193,45957,9334,3161,48,31
2021-05-21T23:59:59+02:00,4,4,2903,3198,5378,6921,7664,10345,14478,18047,25027,27262,21914,24645,15911,20313,4842,9172,732,766,1413,2160,2008,3624,2898,5549,4298,5480,4146,4289,10027,13015,4343,8034,147044,49693,21859,12193,45952,7736,3131,42,31
2021-05-20T23:59:59+02:00,4,4,2772,3035,5100,6666,7378,9978,14019,17564,24416,26714,21644,24350,15818,20194,4828,9142,718,756,1386,2135,1969,3591,2845,5496,4215,5404,4020,4187,9952,12952,4334,8023,142901,49604,21850,12182,45933,7267,2900,42,31
2021-05-19T23:59:59+02:00,4,4,2720,2983,5003,6527,7235,9796,12873,16529,24153,26427,21547,24220,15773,20133,4820,9135,699,730,1361,2087,1937,3506,2782,5350,4120,5298,3939,4097,9899,12888,4331,8019,141531,49576,19779,12118,45863,6652,2667,42,31
2021-05-18T23:59:59+02:00,4,4,2697,2960,4956,6495,7186,9766,12519,16254,23973,26275,21454,24131,15743,20080,4812,9123,670,673,1306,1958,1865,3305,2685,5142,3991,5101,3714,3820,9817,12808,4321,8009,141256,49556,18926,11120,45820,6091,2388,42,31
2021-05-17T23:59:59+02:00,4,4,2671,2939,4913,6425,7098,9658,12367,16076,23824,26115,21400,24080,15725,20057,4807,9115,662,659,1290,1922,1844,3256,2637,5034,3912,4987,3578,3669,9750,12745,4318,8000,140286,49534,18918,11110,45805,5362,2227,42,31
2021-05-16T23:59:59+02:00,4,4,2659,2925,4890,6358,7060,9575,12307,16002,23772,26055,21376,24063,15715,20043,4804,9112,657,653,1280,1919,1827,3247,2615,5022,3883,4965,3527,3603,9711,12713,4317,7998,139849,49523,18910,11099,45783,5145,2140,42,31
2021-05-15T23:59:59+02:00,4,4,2533,2785,4702,6153,6869,9389,11790,15585,23185,25505,21270,23945,15681,20000,4801,9104,607,591,1197,1832,1689,3093,2327,4715,3435,4455,3195,3176,9548,12508,4293,7969,136462,46565,18909,11099,45777,4821,2115,42,31
2021-05-14T23:59:59+02:00,4,4,2417,2609,4507,5928,6592,9076,11254,15076,22618,24938,21125,23806,15645,19942,4797,9093,544,514,1095,1712,1530,2877,1996,4311,2836,3868,2810,2739,9464,12361,4289,7965,132646,43640,18902,11097,45755,4058,2086,42,31
2021-05-13T23:59:59+02:00,4,4,2234,2322,4185,5545,6165,8602,10696,14390,21586,24026,20842,23532,15585,19843,4790,9078,540,514,1082,1696,1515,2858,1986,4285,2814,3842,2794,2721,9457,12357,4288,7965,126744,43565,18849,11089,45729,3965,2065,42,31
2021-05-12T23:59:59+02:00,4,4,2233,2319,4178,5544,6156,8596,10595,14269,21533,23987,20837,23521,15580,19835,4789,9078,532,492,1046,1641,1466,2779,1903,4199,2755,3783,2713,2626,9406,12284,4288,7965,126702,43562,18523,10262,45729,3962,2062,42,31
2021-05-11T23:59:59+02:00,4,4,2112,2280,4094,5479,6031,8482,10290,14019,21341,23825,20761,23450,15565,19802,4785,9073,507,468,985,1581,1397,2688,1803,4061,2682,3709,2559,2399,9342,12183,4287,7965,125760,43544,18186,9429,45448,3652,1961,42,31
2021-05-10T23:59:59+02:00,4,4,2071,2204,3987,5357,5896,8303,9499,13256,20962,23502,20671,23361,15526,19748,4775,9060,494,439,947,1516,1331,2598,1713,3899,2598,3614,2530,2375,9333,12165,4283,7960,124626,43513,16338,9246,45345,3171,1835,42,31
2021-05-09T23:59:59+02:00,4,4,2039,2189,3953,5317,5844,8255,9433,13187,20892,23429,20638,23320,15511,19721,4772,9046,487,430,926,1473,1305,2550,1679,3837,2560,3571,2521,2363,9323,12148,4283,7952,124183,43454,16334,9243,45250,2936,1745,42,31
2021-05-08T23:59:59+02:00,4,4,1976,2088,3769,5142,5571,8049,9122,12902,19759,22500,20442,23125,15478,19652,4767,9034,414,400,861,1433,1229,2478,1591,3735,2341,3359,1977,1936,9229,12063,4282,7952,120054,41996,16333,9242,45247,2295,1744,6,4
2021-05-07T23:59:59+02:00,4,4,1888,1976,3585,4971,5251,7753,8713,12531,18511,21229,20260,22913,15433,19594,4758,9015,323,341,752,1359,1099,2349,1457,3591,2169,3167,1609,1601,8741,11617,4281,7950,115116,40272,16331,9239,45226,1182,1710,6,4
2021-05-06T23:59:59+02:00,4,4,1704,1867,3299,4719,4801,7349,8071,11967,17271,19986,19926,22535,15326,19431,4748,9004,306,332,731,1330,1059,2303,1408,3507,2102,3099,1573,1546,8724,11586,4275,7947,109262,40252,16324,9233,44992,912,1428,6,4
2021-05-05T23:59:59+02:00,4,3,1634,1837,3219,4632,4724,7245,7940,11816,17115,19840,19806,22416,15250,19335,4726,8908,295,320,689,1278,998,2228,1326,3357,1993,2982,1480,1448,8310,11018,4269,7929,108504,40216,16181,8109,44822,655,937,6,4
2021-05-04T23:59:59+02:00,4,3,1608,1808,3177,4558,4665,7135,7688,11522,16557,19261,19720,22286,15176,19238,4698,8798,279,307,666,1250,977,2174,1267,3238,1880,2825,1408,1342,8241,10915,4265,7911,107819,40191,14835,7833,44719,395,523,6,4
2021-05-03T23:59:59+02:00,4,3,1600,1804,3169,4544,4627,7113,7435,11291,15865,18665,19656,22201,15150,19204,4692,8788,264,286,644,1168,928,2086,1204,3099,1782,2688,1342,1262,8216,10880,4261,7902,107737,40181,13239,7626,44679,52,150,6,4
2021-05-02T23:59:59+02:00,4,3,1599,1801,3164,4542,4622,7110,7422,11281,15846,18653,19640,22193,15150,19202,4691,8788,264,284,641,1167,923,2083,1194,3093,1774,2681,1328,1255,8215,10875,4260,7902,107710,40159,13236,7624,44655,49,104,6,4
2021-05-01T23:59:59+02:00,4,3,1466,1659,2884,4292,4155,6750,6805,10798,13912,16773,19259,21797,15059,19086,4688,8772,262,284,638,1165,922,2080,1192,3092,1772,2677,1323,1251,8213,10873,4260,7902,100169,40129,13236,7624,44651,49,101,5,4
2021-04-30T23:59:59+02:00,3,3,1343,1509,2669,4069,3825,6354,6238,10203,12121,14735,18801,21258,14955,18944,4674,8762,257,283,631,1158,907,2072,1180,3082,1760,2663,1312,1242,8209,10868,4259,7902,92545,40082,13236,7624,44651,46,30,4,4
2021-04-29T23:59:59+02:00,2,3,1227,1444,2503,3943,3585,6150,5881,9900,10781,13458,18542,20981,14912,18874,4670,8756,256,279,626,1151,895,2066,1160,3077,1730,2627,1286,1218,8203,10859,4259,7902,87857,40050,13227,7491,44511,37,13,4,4
2021-04-28T23:59:59+02:00,2,3,1168,1438,2453,3924,3535,6126,5819,9867,10684,13390,18512,20947,14905,18858,4670,8753,256,278,624,1150,892,2064,1156,3073,1722,2626,1280,1200,7761,10339,4259,7902,87588,40029,13177,6506,44273,33,12,4,3
2021-04-27T23:59:59+02:00,2,3,1120,1411,2352,3880,3471,6099,5700,9812,10567,13314,18479,20909,14892,18843,4669,8751,255,278,622,1143,891,2062,1152,3070,1718,2622,1269,1183,7344,9759,4259,7902,87082,40010,13124,5477,44053,29,11,4,3
2021-04-26T23:59:59+02:00,2,3,1078,1382,2262,3788,3344,5999,5533,9692,10264,13055,18417,20855,14884,18825,4667,8751,254,277,621,1142,885,2059,1145,3067,1700,2612,1254,1170,7335,9739,4259,7902,85746,39924,13114,5456,43926,28,11,4,3
2021-04-25T23:59:59+02:00,2,3,1075,1379,2254,3786,3337,5995,5513,9685,10229,13025,18407,20843,14883,18819,4667,8750,253,277,621,1142,885,2059,1143,3067,1700,2612,1254,1170,7335,9737,4259,7902,85723,39922,13105,5454,43810,28,10,4,3
2021-04-24T23:59:59+02:00,2,2,1032,1262,2068,3249,3067,5382,5319,9272,9398,11980,17701,19949,14769,18660,4659,8739,252,276,620,1140,885,2058,1143,3066,1694,2607,1251,1165,7333,9736,4259,7901,79606,39897,13105,5450,43786,28,9,4,3
2021-04-23T23:59:59+02:00,1,2,1000,1179,1955,2902,2885,4831,5124,8843,8845,11259,16072,18093,14624,18454,4651,8716,252,276,619,1140,883,2056,1142,3066,1693,2606,1246,1160,7329,9734,4259,7900,72593,39883,13104,5439,43726,28,9,4,3
2021-04-22T23:59:59+02:00,1,2,995,1168,1935,2886,2865,4812,5067,8797,8734,11156,16002,18016,14598,18424,4649,8711,250,276,615,1139,880,2055,1134,3054,1678,2586,1222,1138,7324,9726,4259,7900,72547,39869,13048,5329,43210,27,9,4,3
2021-04-21T23:59:59+02:00,1,2,986,1160,1923,2873,2838,4786,5021,8742,8627,11033,15916,17932,14569,18390,4649,8706,245,273,605,1130,866,2025,1124,3029,1667,2561,1209,1125,7101,9408,4258,7900,72507,39862,12992,4627,42642,26,9,4,3
2021-04-20T23:59:59+02:00,1,2,959,1111,1871,2758,2765,4625,4928,8563,8453,10826,15685,17651,14511,18331,4642,8700,232,270,587,1109,840,1995,1096,3003,1632,2520,1190,1112,7093,9403,4257,7899,72471,39841,11863,4362,42035,24,9,4,3
2021-04-19T23:59:59+02:00,1,2,950,1102,1839,2738,2715,4600,4804,8502,8253,10715,15593,17553,14489,18312,4642,8694,226,262,569,1086,822,1963,1078,2960,1587,2465,1172,1093,7086,9400,4255,7898,72071,39807,11842,4082,41578,22,9,4,3
2021-04-18T23:59:59+02:00,1,2,947,1101,1834,2732,2707,4588,4786,8490,8213,10673,15544,17495,14479,18295,4641,8692,226,262,569,1085,821,1963,1078,2960,1587,2464,1172,1092,7084,9399,4254,7898,72025,39801,11839,4080,41343,22,9,4,3
2021-04-17T23:59:59+02:00,0,2,914,1087,1785,2694,2639,4509,4632,8350,7951,10445,13180,14595,14282,17943,4624,8656,224,262,569,1082,817,1957,1066,2953,1577,2444,1135,1051,6752,8983,4229,7850,65214,38849,11839,4069,41222,22,9,4,3
2021-04-16T23:59:59+02:00,0,2,908,1081,1773,2683,2597,4471,4540,8266,7771,10254,10354,11344,14008,17526,4605,8600,222,257,568,1079,812,1953,1056,2950,1569,2432,1124,1038,6746,8978,4226,7847,57950,38772,11837,4053,40983,22,9,4,2
2021-04-15T23:59:59+02:00,0,2,895,1076,1751,2669,2555,4438,4427,8205,7540,10053,10105,11125,13946,17460,4599,8586,220,257,568,1077,811,1951,1053,2947,1566,2429,1119,1034,6744,8976,4226,7847,57926,38758,11835,4036,39658,21,9,4,2
2021-04-14T23:59:59+02:00,0,2,876,1048,1693,2586,2466,4315,4237,8023,7267,9770,9732,10644,13797,17282,4593,8577,195,234,527,1026,788,1884,1018,2867,1516,2368,1093,1004,6740,8967,4226,7846,57894,38742,10887,3529,38114,19,9,4,1
2021-04-13T23:59:59+02:00,0,2,851,1026,1655,2534,2398,4232,4136,7887,7057,9555,9327,10127,13653,17115,4588,8565,159,210,492,977,748,1791,984,2757,1464,2298,1074,969,6724,8956,4225,7846,57851,38678,9941,2974,36903,13,9,4,1
2021-04-12T23:59:59+02:00,0,2,847,1024,1636,2531,2368,4219,4083,7836,6917,9384,9062,9812,13589,17056,4577,8549,148,196,464,938,725,1726,963,2685,1420,2248,1052,953,6708,8936,4222,7841,57793,38562,9910,2641,35776,13,9,4,1
2021-04-11T23:59:59+02:00,0,2,846,1023,1625,2531,2355,4217,4060,7824,6852,9323,8928,9647,13562,17008,4572,8540,148,196,464,936,725,1725,961,2685,1419,2248,1052,953,6706,8936,4222,7841,57781,38556,9908,2640,35213,12,9,4,1
2021-04-10T23:59:59+02:00,0,2,830,1018,1597,2502,2318,4188,3989,7768,6720,9206,8372,8912,12898,16156,4561,8498,145,196,462,933,719,1722,961,2678,1410,2241,1039,937,6237,8439,4207,7825,54450,37492,9907,2638,35165,12,9,4,1
2021-04-09T23:59:59+02:00,0,2,808,989,1557,2454,2251,4108,3836,7609,6373,8875,7851,8254,12084,15133,4491,8361,143,195,460,928,713,1715,953,2668,1395,2231,1017,916,5995,8170,4190,7798,50481,36832,9902,2634,34640,12,9,4,1
2021-04-08T23:59:59+02:00,0,2,799,979,1530,2430,2185,4059,3701,7522,6119,8576,7238,7599,11925,14933,4480,8344,143,192,455,926,708,1708,945,2658,1388,2218,1005,914,5992,8168,4189,7798,50448,36812,9878,2574,32082,12,9,4,1
2021-04-07T23:59:59+02:00,0,2,793,970,1504,2412,2127,4021,3615,7452,5888,8310,6685,6968,11321,14184,4468,8317,124,185,425,879,662,1639,889,2588,1338,2149,984,898,5984,8162,4188,7798,50421,36788,8725,2084,29879,12,8,4,1
2021-04-06T23:59:59+02:00,0,2,788,968,1490,2404,2098,3999,3542,7403,5707,8139,6238,6460,11120,13968,4453,8289,100,164,376,818,617,1564,846,2488,1286,2085,960,882,5967,8149,4186,7794,50350,36763,8542,1500,28165,12,7,4,1
2021-04-05T23:59:59+02:00,0,2,783,964,1474,2397,2074,3990,3491,7377,5564,8029,6037,6245,11053,13882,4447,8279,94,162,375,816,610,1555,838,2473,1273,2067,932,852,4876,6750,4108,7688,50153,33960,8538,1490,27386,12,7,4,1
2021-04-04T23:59:59+02:00,0,2,781,959,1472,2395,2070,3988,3474,7370,5554,8022,6026,6225,11039,13864,4445,8276,94,162,373,814,607,1550,831,2466,1258,2047,909,830,3876,5589,4042,7582,50139,31521,8536,1490,27276,12,7,4,1
2021-04-03T23:59:59+02:00,0,2,729,904,1390,2326,1947,3849,3213,7110,5094,7531,5683,5770,10868,13647,4419,8247,92,162,373,813,607,1548,830,2466,1258,2047,909,830,3876,5586,4042,7581,46908,31511,8536,1490,27274,12,7,4,1
2021-04-02T23:59:59+02:00,0,2,686,870,1335,2258,1849,3735,2957,6850,4580,7052,5293,5311,10771,13484,4414,8241,91,162,373,813,607,1548,828,2466,1256,2043,907,826,3873,5583,4041,7581,43987,31491,8535,1489,27156,12,6,4,1
2021-04-01T23:59:59+02:00,0,2,683,868,1324,2253,1829,3727,2928,6836,4506,6979,5184,5203,10732,13435,4413,8237,91,162,371,809,605,1545,828,2463,1252,2039,897,825,3869,5581,4040,7580,43971,31482,8391,1457,26767,12,6,4,1
2021-03-31T23:59:59+02:00,0,2,681,866,1317,2237,1821,3717,2900,6808,4443,6933,5045,5043,10223,12829,4409,8229,91,162,370,809,605,1545,828,2463,1250,2039,896,825,3869,5580,4040,7579,43959,31476,7264,1457,26271,12,6,3,1
2021-03-30T23:59:59+02:00,0,2,672,863,1299,2217,1791,3688,2865,6773,4358,6844,4878,4850,9698,12129,4402,8214,86,159,369,805,600,1542,823,2457,1242,2037,885,815,3861,5577,4039,7578,43934,31455,6079,1404,25521,10,6,3,1
2021-03-29T23:59:59+02:00,0,2,667,855,1286,2182,1774,3657,2834,6731,4288,6759,4679,4653,9613,12035,4399,8200,86,159,369,803,597,1538,821,2451,1238,2030,877,809,3853,5570,4039,7578,43867,31442,5862,1360,24876,10,6,3,1
2021-03-28T23:59:59+02:00,0,2,664,853,1283,2179,1759,3647,2819,6719,4254,6706,4583,4543,9576,11971,4394,8193,86,159,369,802,597,1538,819,2451,1236,2030,876,809,3852,5570,4039,7578,43845,31440,5853,1355,24438,10,6,3,1
2021-03-27T23:59:59+01:00,0,2,660,848,1274,2174,1743,3631,2791,6689,4091,6563,4007,4090,9347,11724,4381,8174,86,159,367,800,595,1536,817,2448,1228,2024,872,805,3675,5281,3938,7409,41903,30669,5849,1355,24428,10,6,3,1
2021-03-26T23:59:59+01:00,0,2,654,840,1266,2164,1723,3614,2765,6667,4016,6485,3602,3726,8751,11167,4368,8160,86,159,366,799,594,1533,813,2445,1219,2020,860,792,2958,4342,3729,7066,39975,28410,5836,1355,24151,10,6,2,1
2021-03-25T23:59:59+01:00,0,2,647,835,1253,2150,1704,3590,2706,6628,3933,6407,3427,3509,8642,11056,4363,8154,86,159,366,799,594,1533,813,2444,1218,2020,860,792,2957,4341,3728,7065,39962,28404,5729,1355,23307,10,6,2,1
2021-03-24T23:59:59+01:00,0,2,641,828,1220,2124,1659,3545,2628,6560,3777,6258,3109,3147,8236,10507,4354,8142,82,157,354,786,578,1515,780,2410,1168,1988,827,755,2948,4335,3728,7062,39939,28104,4973,1354,21817,9,6,2,1
2021-03-23T23:59:59+01:00,0,2,628,820,1195,2092,1617,3498,2548,6479,3628,6104,2730,2763,8020,10288,4347,8126,77,153,342,764,543,1484,719,2347,1066,1907,744,695,2912,4301,3724,7058,39898,27474,4683,1347,20296,9,6,2,1
2021-03-22T23:59:59+01:00,0,2,604,707,1159,2037,1584,3443,2495,6409,3488,5973,2488,2525,7690,9933,4331,8090,77,152,342,764,543,1482,718,2346,1063,1907,743,692,2908,4296,3723,7055,39430,27449,4359,1347,19161,9,6,2,1
2021-03-21T23:59:59+01:00,0,2,603,704,1153,2029,1573,3433,2478,6394,3451,5939,2347,2361,7597,9821,4323,8076,77,152,342,763,543,1482,718,2346,1063,1907,743,692,2908,4295,3723,7055,39426,27447,4345,1347,18505,9,6,2,1
2021-03-20T23:59:59+01:00,0,2,602,704,1151,2023,1566,3426,2472,6387,3434,5917,2315,2323,7107,9303,4307,8060,77,152,342,763,542,1482,716,2345,1063,1906,743,692,2908,4293,3721,7053,38387,27436,4333,1347,18371,9,6,2,1
2021-03-19T23:59:59+01:00,0,2,595,697,1137,2007,1531,3403,2402,6248,3372,5810,2132,2144,6800,8986,4288,8035,77,152,341,757,538,1479,711,2336,1052,1893,734,686,2485,3691,3307,6308,37784,25192,4317,1347,17480,2,6,2,1
2021-03-18T23:59:59+01:00,0,2,580,681,1117,1977,1504,3373,2362,6180,3299,5721,1980,1948,6682,8868,4282,8024,76,152,341,755,537,1479,710,2332,1049,1892,727,683,2435,3619,3280,6266,37764,25000,4306,1325,16502,2,6,2,1
2021-03-17T23:59:59+01:00,0,1,551,655,1072,1922,1467,3289,2284,6063,3147,5566,1724,1682,6516,8715,4272,8009,75,148,329,728,521,1435,688,2275,1011,1851,710,664,2197,3327,3200,6142,37693,24039,3783,1254,15452,2,6,1,1
2021-03-16T23:59:59+01:00,0,1,507,626,1032,1866,1416,3185,2219,5909,3031,5432,1528,1460,6382,8568,4262,7988,69,135,308,672,491,1358,659,2140,982,1723,661,614,2086,3193,3177,6058,37638,23296,3164,1023,14604,2,5,1,1
2021-03-15T23:59:59+01:00,0,1,495,615,1001,1821,1382,3117,2188,5824,2944,5349,1404,1326,5803,7882,4224,7925,66,128,293,614,476,1238,621,2010,942,1610,633,594,2049,3154,3164,5999,36407,22900,2811,689,14082,2,0,1,1
2021-03-14T23:59:59+01:00,0,1,490,609,991,1809,1379,3100,2172,5806,2910,5322,1362,1276,5411,7435,4201,7907,65,123,289,591,470,1211,615,1954,932,1585,633,594,2049,3154,3163,5997,35592,22894,2806,529,13782,2,0,1,1
2021-03-13T23:59:59+01:00,0,1,469,591,954,1762,1326,3036,1916,5218,2670,4910,1257,1163,4761,6588,4152,7832,65,123,288,588,468,1209,613,1952,931,1581,631,589,1690,2674,2640,5244,33923,20755,2802,529,11880,2,0,1,1
2021-03-12T23:59:59+01:00,0,1,453,570,934,1721,1296,2955,1712,4431,2463,4461,1187,1080,4065,5788,4105,7750,65,121,287,584,468,1206,611,1944,926,1575,628,582,1371,2138,2107,4453,32251,18536,2799,529,9921,1,0,1,1
2021-03-11T23:59:59+01:00,0,1,449,563,926,1710,1281,2938,1687,4397,2427,4425,1113,1025,4023,5752,4102,7746,65,113,281,562,454,1154,602,1895,907,1539,616,569,1365,2121,2098,4404,32219,18287,2705,457,9640,1,0,1,1
2021-03-10T23:59:59+01:00,0,1,428,552,881,1652,1227,2861,1614,4300,2361,4332,1080,1002,4007,5737,4101,7744,65,113,279,558,451,1147,597,1873,907,1534,610,561,1304,2035,2055,4348,32204,18004,2140,432,9535,1,0,1,1
2021-03-09T23:59:59+01:00,0,1,406,536,833,1602,1186,2798,1573,4217,2318,4279,1059,991,4001,5730,4100,7743,63,112,278,557,450,1136,595,1861,901,1529,608,555,1100,1726,1940,4176,32158,17181,1691,405,9523,1,0,1,1
2021-03-08T23:59:59+01:00,0,1,399,525,823,1588,1177,2782,1565,4192,2307,4266,1046,981,3965,5683,4098,7738,62,112,274,552,446,1130,594,1857,897,1527,608,555,1031,1636,1895,4133,32032,16927,1595,381,9508,1,0,1,1
2021-03-07T23:59:59+01:00,0,1,398,522,823,1587,1175,2780,1561,4186,2297,4261,1040,973,3959,5677,4097,7737,59,109,265,530,434,1104,579,1757,862,1452,607,555,928,1507,1845,4065,32016,16570,1556,88,9501,0,0,1,1
2021-03-06T23:59:59+01:00,0,1,390,506,804,1554,1152,2722,1520,4119,2104,3765,1011,936,3786,5406,4000,7576,59,109,265,530,434,1103,579,1757,862,1452,607,555,925,1506,1842,4064,31309,16561,1556,88,8486,0,0,1,1
2021-03-05T23:59:59+01:00,0,1,375,466,771,1450,1102,2505,1445,3906,1891,3095,983,891,3041,4447,3796,7237,59,108,264,527,431,1097,578,1752,858,1449,604,553,886,1448,1819,4026,29014,16371,1555,88,6832,0,0,1,1
2021-03-04T23:59:59+01:00,0,1,360,458,764,1430,1089,2482,1426,3877,1868,3076,970,887,3037,4443,3793,7235,59,107,261,524,427,1081,568,1730,857,1441,602,551,849,1394,1796,3991,29001,16213,1517,25,6677,0,0,1,1
2021-03-03T23:59:59+01:00,0,1,349,426,745,1379,1059,2399,1376,3723,1790,2979,937,843,3027,4437,3793,7232,58,107,258,522,426,1077,566,1721,854,1437,602,550,829,1341,1711,3846,28689,15882,1517,23,6288,0,0,1,1
2021-03-02T23:59:59+01:00,0,1,343,417,729,1355,1011,2354,1307,3639,1674,2883,849,777,2985,4400,3787,7227,58,107,257,518,425,1069,566,1715,854,1433,601,550,829,1341,1711,3846,28052,15857,1454,23,6231,0,0,1,1
2021-03-01T23:59:59+01:00,0,1,339,403,722,1308,999,2296,1287,3557,1648,2834,831,768,2977,4391,3787,7227,58,106,256,514,420,1055,562,1702,845,1425,600,548,733,1189,1658,3766,28013,15414,1406,23,5955,0,0,1,1
2021-02-28T23:59:59+01:00,0,1,334,390,714,1269,986,2220,1275,3470,1626,2755,827,758,2975,4387,3786,7225,58,106,256,514,420,1054,562,1702,844,1425,600,547,637,1065,1612,3686,28002,15065,1403,23,5592,0,0,1,1
2021-02-27T23:59:59+01:00,0,1,325,370,700,1244,966,2183,1240,3402,1603,2702,810,743,2972,4387,3785,7225,58,106,256,514,420,1054,561,1702,843,1425,600,547,637,1064,1612,3686,28000,15062,1403,23,5254,0,0,1,1
2021-02-26T23:59:59+01:00,0,1,300,317,652,1179,902,2065,1150,3236,1499,2563,781,721,2543,3782,3368,6459,58,106,253,512,420,1052,559,1700,840,1419,596,544,630,1052,1603,3667,25738,14988,1403,23,4376,0,0,1,1
2021-02-25T23:59:59+01:00,0,1,295,304,639,1147,881,2023,1131,3170,1481,2518,778,718,2497,3709,3338,6416,56,104,249,504,420,1048,554,1690,837,1408,590,539,553,942,1559,3611,25519,14643,1403,21,4123,0,0,1,1
2021-02-24T23:59:59+01:00,0,1,276,294,588,1101,834,1956,1073,3075,1437,2460,761,699,2259,3408,3257,6286,55,100,245,497,414,1031,546,1668,834,1389,583,528,540,922,1548,3589,24540,14474,1403,15,3821,0,0,1,1
2021-02-23T23:59:59+01:00,0,1,263,274,560,1044,797,1879,1005,2926,1365,2358,710,649,2148,3273,3234,6196,55,98,243,491,414,1015,536,1636,827,1367,575,522,525,875,1537,3545,23752,14246,1398,15,3531,0,0,1,1
2021-02-22T23:59:59+01:00,0,1,259,268,548,982,777,1803,980,2832,1329,2298,687,629,2121,3238,3226,6139,55,97,237,485,412,1002,527,1620,823,1342,561,510,508,850,1531,3495,23363,14040,1398,15,3355,0,0,1,1
2021-02-21T23:59:59+01:00,0,1,256,260,539,957,764,1766,972,2784,1299,2272,687,627,2119,3238,3225,6138,55,97,236,485,412,1002,527,1620,823,1341,561,509,508,850,1531,3494,23357,14036,1398,15,3148,0,0,1,1
2021-02-20T23:59:59+01:00,0,1,172,229,468,908,696,1689,902,2695,1214,2173,672,612,1753,2724,2676,5344,55,97,236,485,412,1002,527,1619,823,1341,561,509,508,850,1531,3494,21109,14035,1398,15,2420,0,0,1,1
2021-02-19T23:59:59+01:00,0,1,82,166,357,827,570,1556,769,2546,1079,2021,656,591,1451,2212,2142,4556,55,97,236,485,412,1001,527,1619,823,1340,561,509,500,846,1530,3488,18930,14015,1398,14,1253,0,0,1,1
2021-02-18T23:59:59+01:00,0,1,79,161,345,777,549,1467,736,2406,1046,1954,641,581,1442,2194,2133,4507,52,90,232,463,398,936,512,1539,804,1266,547,495,494,828,1529,3471,18693,13642,1373,14,952,0,0,1,1
2021-02-17T23:59:59+01:00,0,1,78,153,331,754,540,1434,707,2313,1010,1855,635,571,1384,2107,2087,4458,52,87,230,454,390,898,501,1474,785,1184,534,483,492,826,1529,3471,18435,13376,1300,14,682,0,0,1,1
2021-02-16T23:59:59+01:00,0,1,73,147,316,715,512,1361,675,2205,985,1750,625,564,1141,1763,1969,4281,51,78,229,449,384,868,488,1409,759,1117,513,470,490,826,1526,3470,17530,13125,1062,2,490,0,0,1,1
2021-02-15T23:59:59+01:00,0,1,68,131,290,612,477,1220,620,1993,935,1591,616,562,1058,1658,1918,4219,51,78,227,444,380,862,487,1405,756,1110,513,470,489,823,1525,3467,17207,13087,724,0,37,0,0,1,1
2021-02-14T23:59:59+01:00,0,1,67,124,285,587,472,1191,609,1939,921,1569,616,562,961,1535,1873,4163,51,78,227,444,380,862,487,1403,756,1110,513,470,489,823,1525,3467,16883,13085,569,0,22,0,0,1,1
2021-02-13T23:59:59+01:00,0,1,67,123,285,586,471,1187,608,1937,919,1566,615,561,960,1527,1869,4160,51,78,227,443,378,858,486,1398,754,1109,511,468,472,785,1270,3009,16850,12297,569,0,22,0,0,1,1
2021-02-12T23:59:59+01:00,0,1,66,123,284,585,467,1183,608,1934,916,1565,612,560,921,1476,1849,4120,51,78,227,439,375,849,481,1389,748,1103,504,460,454,746,924,2317,16681,11145,569,0,19,0,0,1,1
2021-02-11T23:59:59+01:00,0,1,66,116,281,574,454,1156,602,1908,909,1553,611,559,879,1418,1827,4083,51,75,212,409,361,802,465,1316,733,1071,501,459,454,746,923,2316,16505,10895,486,0,5,0,0,1,0
2021-02-10T23:59:59+01:00,0,1,65,116,277,571,452,1151,598,1892,904,1549,611,559,870,1402,1806,4039,50,65,178,332,307,699,415,1144,654,978,466,447,449,745,923,2315,16403,10168,458,0,1,0,0,1,0
2021-02-09T23:59:59+01:00,0,1,63,115,271,568,449,1138,597,1878,897,1543,610,558,858,1367,1741,3936,42,53,125,255,231,548,334,942,552,824,431,436,445,744,921,2315,16160,9199,429,0,0,0,0,1,0
2021-02-08T23:59:59+01:00,0,1,62,115,268,559,446,1131,596,1863,891,1535,609,556,757,1217,1687,3854,38,43,86,165,168,410,268,704,492,689,423,429,441,741,920,2315,15742,8333,404,0,0,0,0,1,0
2021-02-07T23:59:59+01:00,0,1,59,112,259,536,431,1100,580,1760,856,1456,608,555,655,1090,1640,3771,37,42,82,163,165,403,263,691,487,678,421,428,441,741,920,2314,15373,8277,95,0,0,0,0,1,0
2021-02-06T23:59:59+01:00,0,1,59,112,258,536,431,1100,578,1759,854,1453,605,553,653,1081,1634,3764,34,41,81,160,162,393,259,683,476,670,413,427,405,693,687,1934,15335,7519,95,0,0,0,0,1,0
2021-02-05T23:59:59+01:00,0,1,59,112,256,533,431,1098,577,1758,852,1451,603,553,643,1074,1628,3753,32,39,77,154,157,385,251,664,459,660,407,427,399,668,299,1312,15286,6391,95,0,0,0,0,1,0
2021-02-04T23:59:59+01:00,0,1,57,110,251,526,425,1082,561,1731,848,1437,596,544,560,957,1580,3695,31,36,73,149,151,374,237,643,442,646,402,421,394,661,297,1307,14933,6265,27,0,0,0,0,1,0
2021-02-03T23:59:59+01:00,0,1,56,105,247,519,424,1062,558,1716,846,1422,592,534,550,947,1577,3682,24,28,59,117,118,275,173,503,333,497,300,321,319,520,226,1046,14812,4860,25,0,0,0,0,1,0
2021-02-02T23:59:59+01:00,0,1,56,103,244,513,424,1044,547,1683,838,1398,579,525,539,902,1568,3638,17,21,40,76,82,181,121,339,218,358,211,215,203,326,162,692,14576,3263,25,0,0,0,0,1,0
2021-02-01T23:59:59+01:00,0,1,56,101,240,505,422,1028,539,1662,834,1375,571,519,522,873,1560,3594,7,11,20,40,44,93,64,168,94,161,99,98,85,152,70,307,14376,1513,25,0,0,0,0,1,0
2021-01-31T23:59:59+01:00,0,1,56,101,239,504,420,1024,537,1657,832,1372,571,518,522,873,1560,3593,7,11,18,36,39,79,60,142,81,146,95,98,84,151,68,306,14354,1421,25,0,0,0,0,1,0
2021-01-30T23:59:59+01:00,0,1,56,101,239,504,420,1024,537,1657,832,1372,571,518,522,873,1560,3593,7,11,18,36,39,79,60,142,81,146,95,97,84,151,68,306,14354,1420,25,0,0,0,0,1,0
2021-01-29T23:59:59+01:00,0,1,56,101,239,504,420,1024,537,1657,832,1372,571,518,522,873,1560,3593,7,11,18,36,39,79,60,142,81,146,95,97,84,151,68,306,14354,1420,25,0,0,0,0,1,0
2021-01-28T23:59:59+01:00,0,1,54,93,235,476,408,958,519,1571,810,1290,558,503,516,856,1558,3579,3,2,4,6,10,13,19,34,21,31,16,20,19,33,17,91,13965,339,19,0,0,0,0,1,0
2021-01-27T23:59:59+01:00,0,1,52,89,235,466,400,919,509,1505,790,1207,546,490,514,854,1558,3579,3,2,4,6,8,13,19,33,21,30,16,20,19,33,17,91,13696,335,17,0,0,0,0,1,0
2021-01-26T23:59:59+01:00,0,1,51,83,231,463,393,890,498,1437,765,1140,524,477,512,854,1558,3579,1,2,4,6,8,12,17,29,17,25,14,18,17,31,17,84,13439,302,16,0,0,0,0,1,0
2021-01-25T23:59:59+01:00,0,1,51,83,228,458,389,884,498,1434,763,1135,524,477,512,853,1558,3577,0,0,0,0,0,0,0,0,0,0,1,1,0,2,0,0,13409,4,15,0,0,0,0,1,0
2021-01-24T23:59:59+01:00,0,1,51,83,228,458,389,884,498,1433,763,1135,524,477,512,853,1558,3577,0,0,0,0,0,0,0,0,0,0,1,1,0,2,0,0,13408,4,15,0,0,0,0,1,0
2021-01-23T23:59:59+01:00,0,1,51,83,228,457,388,880,498,1427,762,1133,521,475,495,815,1305,3109,0,0,0,0,0,0,0,0,0,0,1,1,0,2,0,0,12612,4,15,0,0,0,0,1,0
2021-01-22T23:59:59+01:00,0,1,51,83,227,453,384,871,493,1417,757,1125,515,467,478,774,947,2394,0,0,0,0,0,0,0,0,0,0,1,1,0,2,0,0,11422,4,15,0,0,0,0,0,0
2021-01-21T23:59:59+01:00,0,1,51,80,209,420,357,815,466,1318,731,1091,511,467,478,774,946,2393,0,0,0,0,0,0,0,0,0,0,1,1,0,2,0,0,11093,4,15,0,0,0,0,0,0
2021-01-20T23:59:59+01:00,0,1,49,70,181,349,316,730,424,1164,661,1000,475,456,473,774,946,2392,0,0,0,0,0,0,0,0,0,0,1,1,0,2,0,0,10446,4,15,0,0,0,0,0,0
2021-01-19T23:59:59+01:00,0,1,43,57,135,272,243,571,347,982,571,860,440,444,469,772,946,2392,0,0,0,0,0,0,0,0,0,0,1,0,0,2,0,0,9538,3,7,0,0,0,0,0,0
2021-01-18T23:59:59+01:00,0,1,39,44,86,173,174,421,278,719,500,703,431,437,466,767,944,2392,0,0,0,0,0,0,0,0,0,0,0,0,0,1,0,0,8575,1,0,0,0,0,0,0,0
2021-01-17T23:59:59+01:00,0,1,37,43,83,169,170,413,274,708,495,690,429,437,466,767,944,2391,0,0,0,0,0,0,0,0,0,0,0,0,0,0,0,0,8517,0,0,0,0,0,0,0,0
2021-01-16T23:59:59+01:00,0,1,34,42,81,167,166,404,267,701,480,682,421,436,427,720,704,2006,0,0,0,0,0,0,0,0,0,0,0,0,0,0,0,0,7739,0,0,0,0,0,0,0,0
2021-01-15T23:59:59+01:00,0,1,32,40,78,160,163,398,260,684,466,674,415,435,422,696,310,1375,0,0,0,0,0,0,0,0,0,0,0,0,0,0,0,0,6609,0,0,0,0,0,0,0,0
2021-01-14T23:59:59+01:00,0,1,32,38,77,156,158,393,252,675,455,666,412,433,422,695,310,1375,0,0,0,0,0,0,0,0,0,0,0,0,0,0,0,0,6550,0,0,0,0,0,0,0,0
2021-01-13T23:59:59+01:00,0,0,24,31,61,123,123,298,192,541,347,523,315,332,348,550,239,1106,0,0,0,0,0,0,0,0,0,0,0,0,0,0,0,0,5153,0,0,0,0,0,0,0,0
2021-01-12T23:59:59+01:00,0,0,17,24,45,85,88,210,139,391,237,387,225,226,227,354,173,749,0,0,0,0,0,0,0,0,0,0,0,0,0,0,0,0,3577,0,0,0,0,0,0,0,0
2021-01-11T23:59:59+01:00,0,0,9,15,26,44,58,134,88,220,124,205,112,107,99,172,80,333,0,0,0,0,0,0,0,0,0,0,0,0,0,0,0,0,1826,0,0,0,0,0,0,0,0
2021-01-10T23:59:59+01:00,0,0,8,15,22,41,51,106,80,179,105,172,106,104,95,170,77,333,0,0,0,0,0,0,0,0,0,0,0,0,0,0,0,0,1664,0,0,0,0,0,0,0,0
2021-01-09T23:59:59+01:00,0,0,8,15,22,41,51,106,80,179,105,172,106,103,95,170,77,333,0,0,0,0,0,0,0,0,0,0,0,0,0,0,0,0,1663,0,0,0,0,0,0,0,0
2021-01-08T23:59:59+01:00,0,0,8,14,21,40,49,100,75,168,99,169,103,99,90,161,75,325,0,0,0,0,0,0,0,0,0,0,0,0,0,0,0,0,1596,0,0,0,0,0,0,0,0
2021-01-07T23:59:59+01:00,0,0,3,3,4,7,10,14,20,34,23,34,17,20,20,34,19,95,0,0,0,0,0,0,0,0,0,0,0,0,0,0,0,0,357,0,0,0,0,0,0,0,0
2021-01-06T23:59:59+01:00,0,0,3,2,4,6,8,13,20,33,21,31,17,20,20,34,19,94,0,0,0,0,0,0,0,0,0,0,0,0,0,0,0,0,345,0,0,0,0,0,0,0,0
2021-01-05T23:59:59+01:00,0,0,3,2,4,6,8,13,20,33,21,31,17,20,20,34,19,94,0,0,0,0,0,0,0,0,0,0,0,0,0,0,0,0,345,0,0,0,0,0,0,0,0
2021-01-04T23:59:59+01:00,0,0,0,0,0,0,0,0,1,0,0,0,1,1,0,2,0,0,0,0,0,0,0,0,0,0,0,0,0,0,0,0,0,0,5,0,0,0,0,0,0,0,0
2021-01-03T23:59:59+01:00,0,0,0,0,0,0,0,0,1,0,0,0,1,1,0,2,0,0,0,0,0,0,0,0,0,0,0,0,0,0,0,0,0,0,5,0,0,0,0,0,0,0,0
2021-01-02T23:59:59+01:00,0,0,0,0,0,0,0,0,1,0,0,0,1,1,0,2,0,0,0,0,0,0,0,0,0,0,0,0,0,0,0,0,0,0,5,0,0,0,0,0,0,0,0
2021-01-01T23:59:59+01:00,0,0,0,0,0,0,0,0,1,0,0,0,1,1,0,2,0,0,0,0,0,0,0,0,0,0,0,0,0,0,0,0,0,0,5,0,0,0,0,0,0,0,0
2020-12-31T23:59:59+01:00,0,0,0,0,0,0,0,0,1,0,0,0,1,1,0,2,0,0,0,0,0,0,0,0,0,0,0,0,0,0,0,0,0,0,5,0,0,0,0,0,0,0,0
2020-12-30T23:59:59+01:00,0,0,0,0,0,0,0,0,1,0,0,0,1,1,0,2,0,0,0,0,0,0,0,0,0,0,0,0,0,0,0,0,0,0,5,0,0,0,0,0,0,0,0
2020-12-29T23:59:59+01:00,0,0,0,0,0,0,0,0,1,0,0,0,1,0,0,2,0,0,0,0,0,0,0,0,0,0,0,0,0,0,0,0,0,0,4,0,0,0,0,0,0,0,0
2020-12-28T23:59:59+01:00,0,0,0,0,0,0,0,0,0,0,0,0,1,0,0,1,0,0,0,0,0,0,0,0,0,0,0,0,0,0,0,0,0,0,2,0,0,0,0,0,0,0,0
2020-12-27T23:59:59+01:00,0,0,0,0,0,0,0,0,0,0,0,0,0,0,0,0,0,0,0,0,0,0,0,0,0,0,0,0,0,0,0,0,0,0,0,0,0,0,0,0,0,0,0
