Datum,<24_1_m,<24_1_w,25-34_1_m,25-34_1_w,35-44_1_m,35-44_1_w,45-54_1_m,45-54_1_w,55-64_1_m,55-64_1_w,65-74_1_m,65-74_1_w,75-84_1_m,75-84_1_w,>84_1_m,>84_1_w,<24_2_m,<24_2_w,25-34_2_m,25-34_2_w,35-44_2_m,35-44_2_w,45-54_2_m,45-54_2_w,55-64_2_m,55-64_2_w,65-74_2_m,65-74_2_w,75-84_2_m,75-84_2_w,>84_2_m,>84_2_w,bp_1,bp_2,mo_1,mo_2,az_1,az_2,ja
2021-05-12T23:59:59+02:00,2513,2708,4243,5734,6227,8833,11426,15084,21963,24414,20167,22686,14497,18936,4027,7884,594,619,1064,1693,1460,2898,1956,4261,2770,3533,2644,2583,9865,13103,3598,6914,126081,43405,18373,10241,44883,3904,2005
2021-05-11T23:59:59+02:00,2387,2674,4165,5661,6090,8714,11107,14837,21797,24268,20103,22619,14482,18911,4024,7882,562,591,1011,1629,1380,2805,1864,4122,2700,3469,2492,2359,9800,13004,3598,6914,125086,43385,18039,9409,44688,3598,1908
2021-05-10T23:59:59+02:00,2336,2590,4069,5536,5965,8553,10258,14041,21481,23989,20033,22538,14448,18863,4017,7872,546,555,977,1571,1311,2714,1772,3956,2627,3391,2472,2342,9793,12987,3596,6911,124013,43378,16199,9233,44590,3123,1787
2021-05-09T23:59:59+02:00,2302,2573,4034,5499,5913,8502,10188,13968,21422,23924,19999,22499,14433,18839,4015,7860,538,544,958,1526,1286,2666,1740,3900,2597,3353,2464,2333,9793,12983,3596,6909,123581,43366,16194,9230,44497,2892,1698
2021-05-08T23:59:59+02:00,2225,2458,3832,5327,5665,8294,9769,13612,20401,23080,19828,22325,14408,18781,4010,7851,456,511,898,1480,1209,2601,1650,3787,2323,3118,1989,1947,9718,12917,3595,6909,119501,41941,16176,9215,44491,2254,1698
2021-05-07T23:59:59+02:00,2131,2326,3634,5151,5338,8007,9348,13204,19204,21856,19663,22123,14371,18734,4002,7835,353,444,786,1403,1087,2468,1517,3645,2146,2918,1560,1606,9346,12561,3594,6908,114614,40316,16174,9213,44472,1146,1667
2021-05-06T23:59:59+02:00,1926,2203,3357,4879,4891,7608,8680,12612,18019,20648,19347,21769,14285,18597,3993,7825,335,433,762,1377,1050,2410,1467,3567,2081,2855,1525,1550,9330,12538,3589,6905,108810,40298,16168,9207,44274,882,1387
2021-05-05T23:59:59+02:00,1849,2165,3284,4793,4813,7494,8545,12457,17861,20504,19228,21655,14213,18495,3973,7740,322,418,723,1327,984,2329,1381,3408,1977,2751,1435,1453,8923,11976,3584,6890,108055,40265,16027,8089,44086,626,901
2021-05-04T23:59:59+02:00,1820,2134,3245,4710,4756,7387,8197,12062,17401,20015,19144,21534,14141,18402,3948,7637,304,405,702,1294,964,2281,1305,3265,1874,2610,1370,1352,8859,11882,3580,6875,107367,40243,14688,7814,43983,370,495
2021-05-03T23:59:59+02:00,1811,2129,3237,4697,4717,7363,7817,11718,16831,19527,19088,21457,14117,18374,3943,7627,289,379,679,1213,916,2191,1238,3122,1777,2476,1307,1278,8837,11854,3577,6866,107287,40237,13100,7607,43944,33,122
2021-05-02T23:59:59+02:00,1809,2127,3233,4695,4711,7359,7806,11706,16813,19516,19072,21451,14117,18372,3942,7627,288,378,677,1212,910,2188,1229,3115,1769,2470,1293,1271,8836,11848,3576,6866,107261,40215,13098,7605,43921,30,76
2021-05-01T23:59:59+02:00,1659,1976,2935,4431,4230,6993,7174,11194,14876,17627,18758,21117,14040,18270,3939,7614,286,378,675,1210,909,2185,1227,3113,1766,2465,1289,1268,8834,11847,3576,6866,99745,40185,13097,7605,43917,30,74
2021-04-30T23:59:59+02:00,1513,1810,2733,4189,3883,6599,6576,10571,13052,15519,18408,20715,13955,18139,3926,7607,280,377,671,1205,899,2177,1217,3105,1758,2454,1279,1258,8830,11844,3575,6866,92162,40141,13097,7605,43917,30,19
2021-04-29T23:59:59+02:00,1383,1729,2557,4061,3643,6391,6194,10251,11690,14206,18217,20507,13927,18086,3923,7601,278,373,666,1200,890,2172,1193,3099,1727,2417,1256,1233,8826,11839,3575,6866,87492,40110,13089,7474,43782,23,3
2021-04-28T23:59:59+02:00,1313,1725,2514,4045,3598,6373,6125,10215,11607,14141,18188,20477,13921,18073,3923,7598,278,372,663,1199,888,2170,1190,3095,1720,2414,1250,1213,8385,11324,3575,6866,87249,40091,13039,6489,43546,20,2
2021-04-27T23:59:59+02:00,1260,1696,2409,4000,3537,6347,6002,10154,11506,14077,18158,20445,13911,18060,3921,7597,278,371,661,1193,887,2168,1187,3092,1716,2407,1235,1195,7975,10749,3575,6866,86747,40074,12986,5462,43345,17,2
2021-04-26T23:59:59+02:00,1209,1660,2319,3904,3413,6251,5826,10027,11198,13803,18122,20426,13903,18042,3919,7597,277,370,659,1193,883,2165,1179,3089,1698,2400,1221,1180,7969,10731,3575,6866,85420,39995,12976,5442,43221,16,2
2021-04-25T23:59:59+02:00,1206,1657,2311,3903,3407,6246,5808,10019,11164,13773,18115,20417,13902,18036,3919,7597,277,370,659,1193,882,2165,1179,3089,1698,2400,1221,1180,7969,10729,3575,6866,85400,39994,12969,5440,43109,16,2
2021-04-24T23:59:59+02:00,1155,1507,2115,3355,3135,5618,5627,9640,10111,12491,17631,19790,13810,17898,3913,7589,276,369,658,1192,882,2164,1179,3088,1692,2394,1217,1177,7968,10728,3575,6865,79330,39971,12969,5436,43085,16,1
2021-04-23T23:59:59+02:00,1118,1402,1993,2987,2952,5043,5414,9247,9282,11430,16296,18304,13685,17715,3908,7571,276,369,656,1192,881,2162,1178,3088,1691,2393,1212,1172,7965,10726,3575,6864,72353,39958,12968,5425,43025,16,1
2021-04-22T23:59:59+02:00,1112,1394,1976,2971,2932,5026,5348,9197,9171,11323,16236,18238,13664,17690,3906,7567,276,368,654,1192,878,2161,1170,3075,1670,2372,1190,1151,7963,10721,3575,6864,72313,39947,12917,5317,42520,15,1
2021-04-21T23:59:59+02:00,1103,1385,1960,2954,2909,5004,5297,9132,9052,11197,16155,18163,13648,17662,3906,7564,270,364,643,1182,865,2130,1158,3048,1661,2354,1178,1137,7741,10406,3574,6864,72271,39941,12860,4619,41959,14,1
2021-04-20T23:59:59+02:00,1070,1322,1913,2837,2835,4847,5192,8950,8778,10886,16030,17997,13599,17611,3899,7559,257,360,623,1158,838,2102,1132,3018,1625,2319,1161,1123,7733,10403,3574,6864,72202,39922,11735,4355,41387,12,1
2021-04-19T23:59:59+02:00,1059,1311,1876,2817,2793,4816,5048,8892,8588,10757,15946,17920,13582,17594,3899,7554,248,349,602,1137,822,2067,1110,2973,1583,2266,1144,1107,7728,10399,3572,6864,71805,39888,11713,4072,40933,10,1
2021-04-18T23:59:59+02:00,1057,1310,1872,2811,2784,4805,5032,8875,8541,10713,15902,17864,13576,17583,3898,7552,248,349,602,1137,821,2067,1110,2973,1583,2265,1144,1106,7726,10398,3571,6864,71762,39883,11711,4070,40701,10,1
2021-04-17T23:59:59+02:00,1022,1297,1823,2764,2709,4730,4881,8722,8138,10308,13687,15117,13413,17303,3885,7521,246,349,602,1133,817,2061,1099,2965,1571,2244,1105,1061,7390,9980,3555,6826,65028,38934,11711,4059,40580,10,1
2021-04-16T23:59:59+02:00,1014,1290,1812,2754,2667,4689,4779,8635,7959,10102,10916,11881,13231,17017,3871,7478,245,344,601,1130,812,2057,1090,2960,1562,2233,1094,1050,7384,9975,3553,6823,58038,38859,11709,4043,40347,10,1
2021-04-15T23:59:59+02:00,1002,1284,1785,2738,2620,4654,4667,8567,7716,9873,10687,11697,13188,16963,3865,7466,243,344,601,1128,811,2056,1087,2957,1559,2230,1089,1047,7382,9973,3553,6823,58018,38846,11707,4026,39046,10,1
2021-04-14T23:59:59+02:00,979,1257,1730,2657,2528,4536,4485,8389,7435,9574,10338,11261,13075,16821,3861,7456,213,317,562,1076,789,1988,1049,2875,1516,2172,1065,1020,7378,9965,3553,6823,57986,38831,10872,3520,37523,9,1
2021-04-13T23:59:59+02:00,952,1232,1693,2600,2454,4451,4380,8245,7219,9349,9939,10767,12950,16663,3856,7445,173,291,528,1024,749,1887,1013,2772,1468,2105,1046,986,7364,9957,3553,6823,57910,38769,9927,2966,36357,3,1
2021-04-12T23:59:59+02:00,949,1229,1677,2597,2423,4435,4327,8192,7062,9164,9692,10477,12908,16616,3845,7432,158,272,501,985,725,1817,989,2702,1426,2062,1026,968,7348,9941,3550,6818,57855,38654,9897,2630,35272,3,1
2021-04-11T23:59:59+02:00,947,1228,1667,2597,2411,4433,4305,8177,6992,9094,9568,10327,12882,16574,3841,7428,158,271,501,984,724,1816,988,2702,1425,2062,1026,968,7346,9941,3550,6818,57843,38648,9895,2629,34732,2,1
2021-04-10T23:59:59+02:00,929,1218,1639,2571,2373,4404,4233,8113,6851,8972,8630,9126,12615,16207,3832,7390,155,269,500,982,719,1814,988,2696,1416,2054,1012,954,6877,9441,3538,6804,54524,37587,9894,2629,34684,2,1
2021-04-09T23:59:59+02:00,906,1187,1599,2523,2300,4323,4053,7933,6514,8642,7885,8163,12045,15514,3774,7278,152,268,498,976,714,1805,980,2688,1399,2042,993,935,6629,9165,3525,6783,50578,36924,9891,2625,34169,2,1
2021-04-08T23:59:59+02:00,895,1176,1568,2501,2235,4272,3912,7835,6221,8300,7300,7528,11915,15367,3765,7260,152,265,492,973,710,1797,972,2677,1391,2032,981,933,6626,9163,3525,6783,50549,36904,9867,2565,31633,2,1
2021-04-07T23:59:59+02:00,888,1165,1541,2482,2179,4232,3820,7759,5965,8004,6742,6919,11360,14655,3754,7236,133,253,457,922,665,1731,915,2603,1345,1970,964,919,6620,9158,3524,6783,50524,36881,8717,2078,29459,2,1
2021-04-06T23:59:59+02:00,884,1163,1522,2475,2150,4208,3744,7702,5754,7815,6300,6421,11199,14466,3743,7210,110,232,404,857,624,1648,866,2508,1294,1911,941,902,6605,9146,3522,6779,50457,36854,8534,1492,27764,2,1
2021-04-05T23:59:59+02:00,876,1159,1507,2468,2127,4198,3689,7676,5596,7689,6110,6214,11146,14393,3739,7203,104,229,403,856,617,1639,859,2491,1277,1893,914,863,5468,7699,3492,6732,50265,34051,8530,1482,26994,2,1
2021-04-04T23:59:59+02:00,875,1155,1505,2466,2121,4196,3673,7669,5584,7680,6098,6192,11135,14379,3738,7200,104,229,401,854,612,1634,854,2484,1262,1872,891,830,4423,6501,3468,6678,50252,31612,8529,1482,26884,2,1
2021-04-03T23:59:59+02:00,813,1098,1424,2390,2001,4054,3385,7378,5143,7209,5757,5751,10993,14188,3716,7178,102,229,401,853,612,1632,853,2484,1262,1872,891,830,4423,6497,3468,6678,47065,31602,8529,1482,26883,2,1
2021-04-02T23:59:59+02:00,769,1057,1364,2324,1894,3928,3096,7102,4645,6714,5375,5308,10923,14068,3714,7172,102,229,401,853,612,1632,852,2484,1260,1871,890,827,4421,6495,3468,6678,44156,31592,8528,1481,26769,2,0
2021-04-01T23:59:59+02:00,765,1055,1354,2321,1875,3920,3064,7086,4568,6635,5266,5201,10894,14026,3713,7170,101,229,399,849,611,1629,851,2481,1257,1867,880,826,4417,6492,3467,6678,44145,31583,8386,1449,26382,2,0
2021-03-31T23:59:59+02:00,763,1051,1346,2308,1863,3908,3037,7056,4502,6579,5123,5040,10395,13433,3710,7165,101,229,398,849,611,1629,851,2481,1255,1867,879,826,4416,6491,3467,6677,44135,31576,7259,1449,25885,2,0
2021-03-30T23:59:59+02:00,754,1046,1327,2288,1831,3877,2997,7020,4416,6485,4958,4844,9898,12760,3703,7153,97,225,398,845,606,1626,845,2476,1248,1864,870,818,4409,6487,3466,6677,44113,31560,6075,1396,25169,1,0
2021-03-29T23:59:59+02:00,749,1038,1315,2251,1810,3846,2967,6979,4344,6388,4757,4657,9833,12685,3701,7142,97,225,398,842,602,1623,844,2469,1244,1858,861,810,4402,6483,3466,6677,44046,31548,5860,1352,24556,1,0
2021-03-28T23:59:59+02:00,746,1036,1311,2248,1796,3836,2949,6964,4305,6327,4661,4545,9802,12630,3695,7135,97,225,398,841,602,1623,842,2469,1242,1858,860,810,4401,6483,3466,6677,44024,31546,5851,1347,24111,1,0
2021-03-27T23:59:59+01:00,742,1031,1303,2240,1776,3821,2923,6936,4077,6141,4148,4117,9591,12405,3687,7120,97,225,395,839,601,1621,839,2466,1235,1852,856,806,4171,6102,3413,6598,42110,30768,5847,1347,24101,1,0
2021-03-26T23:59:59+01:00,735,1023,1295,2230,1757,3803,2894,6911,3989,6040,3622,3679,9123,11947,3678,7107,97,225,394,838,600,1618,835,2463,1225,1846,845,790,3372,5055,3285,6364,40173,28504,5834,1347,23826,1,0
2021-03-25T23:59:59+01:00,728,1017,1282,2217,1735,3775,2833,6871,3898,5953,3441,3462,9039,11855,3673,7105,97,225,394,838,600,1618,834,2462,1225,1846,845,790,3370,5054,3285,6363,40161,28498,5727,1347,22996,1,0
2021-03-24T23:59:59+01:00,718,1008,1250,2192,1688,3725,2752,6794,3733,5791,3105,3103,8679,11345,3664,7094,93,223,382,823,581,1598,801,2430,1170,1815,818,753,3362,5049,3285,6361,40139,28197,4974,1346,21528,1,0
2021-03-23T23:59:59+01:00,705,998,1221,2157,1642,3677,2667,6707,3572,5619,2725,2711,8495,11169,3657,7078,88,219,369,797,543,1566,735,2366,1066,1733,735,696,3336,5017,3282,6359,40099,27566,4684,1340,20017,1,0
2021-03-22T23:59:59+01:00,676,877,1182,2110,1612,3621,2608,6630,3426,5480,2473,2473,8198,10829,3644,7048,88,218,369,797,543,1564,734,2365,1063,1732,733,693,3333,5012,3281,6357,39632,27541,4357,1340,18898,1,0
2021-03-21T23:59:59+01:00,675,872,1177,2103,1601,3613,2590,6614,3381,5438,2324,2306,8127,10741,3637,7035,88,218,369,796,543,1564,734,2365,1063,1732,733,693,3333,5011,3281,6357,39628,27539,4343,1340,18263,1,0
2021-03-20T23:59:59+01:00,674,872,1175,2095,1596,3608,2584,6607,3360,5415,2294,2267,7636,10226,3624,7020,88,218,369,796,542,1564,733,2364,1063,1731,733,693,3333,5010,3279,6355,38590,27530,4332,1340,18131,1,0
2021-03-19T23:59:59+01:00,666,865,1162,2080,1564,3587,2516,6454,3296,5326,2111,2087,7341,9918,3610,6999,88,218,369,790,538,1562,728,2355,1053,1721,724,686,2799,4260,2968,5755,37984,25273,4316,1340,17282,1,0
2021-03-18T23:59:59+01:00,651,848,1143,2049,1533,3554,2478,6380,3221,5236,1940,1883,7243,9818,3608,6989,87,218,369,789,538,1562,727,2351,1049,1720,716,683,2739,4179,2953,5722,37964,25083,4305,1318,16305,1,0
2021-03-17T23:59:59+01:00,617,817,1100,1991,1496,3467,2391,6257,3066,5074,1675,1618,7111,9690,3599,6976,85,212,357,763,522,1512,705,2297,1010,1682,698,661,2479,3867,2894,5622,37893,24117,3782,1248,15270,1,0
2021-03-16T23:59:59+01:00,571,785,1059,1934,1446,3350,2317,6111,2951,4929,1467,1395,7007,9563,3590,6959,79,193,334,705,494,1429,672,2155,981,1574,645,611,2370,3727,2876,5547,37839,23374,3164,1017,14431,1,0
2021-03-15T23:59:59+01:00,555,768,1031,1890,1409,3276,2282,6027,2863,4846,1341,1260,6423,8873,3568,6915,76,181,321,645,478,1311,636,2028,938,1461,618,592,2332,3685,2865,5491,36605,22973,2807,684,13915,1,0
2021-03-14T23:59:59+01:00,550,763,1021,1877,1406,3260,2265,6009,2827,4817,1298,1205,6022,8431,3557,6904,75,176,317,622,472,1283,630,1967,928,1442,618,592,2332,3684,2864,5490,35791,22967,2802,524,13619,1,0
2021-03-13T23:59:59+01:00,528,741,982,1831,1350,3194,2000,5370,2600,4460,1195,1095,5344,7548,3540,6875,75,176,316,619,470,1282,628,1965,928,1438,615,587,1878,3056,2441,4888,34115,20837,2799,524,11739,1,0
2021-03-12T23:59:59+01:00,510,716,963,1787,1313,3095,1783,4515,2407,4095,1126,1022,4625,6710,3526,6839,75,174,315,615,470,1278,624,1959,925,1432,612,582,1476,2388,1988,4228,32441,18616,2796,524,9795,1,0
2021-03-11T23:59:59+01:00,506,709,953,1775,1299,3074,1757,4482,2370,4058,1052,969,4587,6677,3524,6837,75,165,308,594,457,1224,614,1910,903,1398,603,569,1471,2370,1979,4179,32408,18366,2703,452,9518,1,0
2021-03-10T23:59:59+01:00,484,694,904,1711,1244,3002,1681,4380,2309,3973,1020,947,4574,6665,3523,6835,74,165,306,589,455,1218,610,1888,903,1393,595,559,1404,2273,1944,4135,32394,18082,2137,428,9415,1,0
2021-03-09T23:59:59+01:00,463,676,853,1661,1206,2930,1634,4301,2267,3926,1006,939,4568,6658,3522,6834,72,163,305,587,454,1209,608,1876,897,1387,593,551,1171,1928,1856,3998,32352,17253,1689,401,9403,1,0
2021-03-08T23:59:59+01:00,456,666,843,1645,1196,2915,1628,4275,2255,3914,995,928,4534,6614,3520,6830,71,161,302,585,450,1203,606,1872,894,1385,593,551,1089,1828,1824,3965,32231,17000,1593,378,9390,1,0
2021-03-07T23:59:59+01:00,455,663,843,1644,1193,2913,1625,4268,2245,3908,988,920,4528,6610,3519,6829,68,157,292,564,438,1169,588,1768,863,1323,592,551,977,1681,1783,3913,32214,16641,1554,86,9383,0,0
2021-03-06T23:59:59+01:00,446,643,824,1611,1169,2859,1580,4186,2053,3425,964,892,4303,6249,3472,6757,68,157,292,564,438,1168,588,1768,863,1323,592,551,974,1680,1780,3912,31498,16632,1554,86,8381,0,0
2021-03-05T23:59:59+01:00,430,595,791,1506,1114,2635,1495,3960,1844,2770,946,866,3477,5179,3348,6528,68,156,291,561,434,1162,587,1763,861,1319,587,549,934,1618,1762,3882,29195,16448,1553,86,6736,0,0
2021-03-04T23:59:59+01:00,415,586,782,1487,1102,2611,1473,3930,1824,2752,933,863,3471,5175,3347,6527,68,155,288,557,431,1144,578,1743,860,1311,585,548,888,1555,1748,3856,29182,16291,1513,24,6583,0,0
2021-03-03T23:59:59+01:00,404,547,763,1428,1070,2526,1424,3779,1742,2664,906,820,3462,5171,3347,6525,67,155,285,553,430,1141,576,1734,857,1308,585,547,856,1495,1672,3718,28869,15957,1513,22,6196,0,0
2021-03-02T23:59:59+01:00,398,537,747,1398,1020,2481,1349,3693,1625,2569,817,758,3429,5134,3343,6523,66,155,285,548,429,1135,576,1726,857,1306,584,547,856,1495,1672,3718,28231,15933,1450,22,6140,0,0
2021-03-01T23:59:59+01:00,391,522,743,1347,1005,2418,1329,3618,1600,2520,800,749,3421,5128,3343,6523,66,153,284,545,420,1121,576,1711,847,1300,584,545,746,1317,1632,3663,28192,15488,1401,22,5864,0,0
2021-02-28T23:59:59+01:00,386,508,734,1302,993,2340,1313,3536,1581,2441,796,743,3420,5124,3342,6522,66,153,284,545,420,1120,576,1711,846,1300,584,544,639,1168,1597,3607,28182,15138,1398,22,5501,0,0
2021-02-27T23:59:59+01:00,375,484,720,1281,974,2300,1281,3473,1556,2402,782,734,3419,5124,3342,6522,66,153,284,545,420,1120,575,1711,845,1300,584,544,639,1167,1597,3607,28181,15135,1398,22,5190,0,0
2021-02-26T23:59:59+01:00,345,424,673,1219,908,2184,1191,3317,1462,2283,759,718,2877,4367,3029,5904,66,153,281,543,420,1118,573,1708,842,1295,579,541,632,1153,1590,3591,25902,15063,1398,22,4360,0,0
2021-02-25T23:59:59+01:00,342,409,658,1191,888,2139,1171,3244,1446,2248,757,716,2818,4285,3013,5870,64,149,277,536,420,1115,568,1695,839,1287,571,535,551,1034,1551,3548,25685,14720,1398,20,4112,0,0
2021-02-24T23:59:59+01:00,317,392,612,1145,835,2066,1113,3153,1407,2196,739,694,2559,3964,2952,5764,63,145,273,526,414,1100,561,1673,836,1270,564,524,537,1013,1541,3529,24700,14555,1398,14,3810,0,0
2021-02-23T23:59:59+01:00,299,367,584,1088,799,1978,1032,2996,1345,2115,686,643,2447,3822,2935,5684,63,143,271,519,414,1081,551,1643,828,1251,553,516,525,962,1531,3486,23907,14323,1393,14,3520,0,0
2021-02-22T23:59:59+01:00,294,354,570,1027,782,1901,1005,2903,1309,2056,665,623,2419,3785,2928,5629,62,142,266,513,412,1067,542,1620,822,1233,538,502,507,936,1526,3435,23512,14109,1393,14,3345,0,0
2021-02-21T23:59:59+01:00,291,343,563,1005,769,1858,997,2857,1279,2035,665,621,2417,3785,2927,5628,62,142,265,513,412,1067,542,1620,822,1231,538,502,507,936,1526,3434,23506,14105,1393,14,3141,0,0
2021-02-20T23:59:59+01:00,194,308,500,951,704,1787,922,2751,1196,1955,655,608,1953,3120,2479,4989,62,142,265,513,412,1067,542,1619,822,1231,538,502,507,936,1526,3434,21265,14104,1393,14,2414,0,0
2021-02-19T23:59:59+01:00,94,235,385,871,581,1644,787,2607,1069,1809,646,594,1563,2472,2023,4335,62,142,265,513,412,1066,542,1619,822,1231,538,502,499,932,1524,3429,19073,14084,1393,14,1249,0,0
2021-02-18T23:59:59+01:00,90,223,374,827,558,1550,757,2467,1032,1747,635,583,1555,2453,2014,4286,59,133,259,484,397,1004,529,1539,800,1162,527,488,494,914,1522,3411,18835,13708,1367,14,949,0,0
2021-02-17T23:59:59+01:00,89,215,361,797,546,1518,724,2344,1004,1682,627,571,1490,2354,1976,4249,59,129,256,473,389,959,517,1475,783,1087,515,477,492,913,1522,3411,18575,13443,1294,14,678,0,0
2021-02-16T23:59:59+01:00,83,207,343,751,521,1444,691,2232,981,1592,617,562,1217,1972,1885,4108,57,120,256,466,381,926,504,1410,757,1022,495,467,491,913,1519,3410,17664,13192,1055,2,487,0,0
2021-02-15T23:59:59+01:00,77,182,317,644,483,1301,637,2019,933,1449,607,561,1120,1853,1850,4060,56,120,255,460,377,921,502,1405,756,1016,495,467,490,909,1518,3407,17342,13154,717,0,34,0,0
2021-02-14T23:59:59+01:00,76,176,314,619,477,1270,627,1962,919,1432,607,561,1015,1716,1812,4016,56,120,255,460,377,921,502,1403,756,1016,495,467,490,909,1518,3407,17015,13152,564,0,20,0,0
2021-02-13T23:59:59+01:00,76,175,314,618,475,1266,626,1960,919,1428,606,560,1015,1712,1809,4014,56,119,255,460,375,917,501,1398,754,1014,493,466,472,865,1264,2949,16989,12358,564,0,20,0,0
2021-02-12T23:59:59+01:00,76,175,313,617,471,1262,626,1957,916,1427,601,559,974,1652,1793,3982,56,119,255,455,372,910,497,1389,748,1008,486,459,450,818,914,2256,16818,11192,564,0,19,0,0
2021-02-11T23:59:59+01:00,76,169,309,604,460,1235,620,1933,909,1415,600,559,923,1585,1780,3954,56,113,239,425,359,855,481,1318,731,986,486,458,450,818,912,2255,16644,10942,481,0,6,0,0
2021-02-10T23:59:59+01:00,74,169,306,601,457,1231,617,1917,905,1411,600,559,912,1567,1762,3912,55,99,200,345,306,743,429,1159,651,898,458,453,448,818,912,2254,16544,10228,454,0,2,0,0
2021-02-09T23:59:59+01:00,71,167,301,594,454,1222,616,1902,899,1406,599,558,891,1527,1703,3814,47,82,140,265,232,580,347,953,552,768,427,444,444,817,909,2254,16297,9261,426,0,1,0,0
2021-02-08T23:59:59+01:00,70,165,298,588,451,1215,615,1884,892,1401,599,556,774,1350,1663,3758,42,66,98,174,170,425,284,724,495,652,421,439,441,815,908,2254,15876,8408,402,0,1,0,0
2021-02-07T23:59:59+01:00,67,161,288,566,434,1176,598,1775,859,1335,599,555,661,1197,1627,3700,41,65,95,170,166,419,280,713,490,641,419,439,441,815,908,2253,15504,8355,94,0,0,0,0
2021-02-06T23:59:59+01:00,67,161,287,566,434,1175,596,1775,857,1332,595,553,659,1187,1621,3694,38,62,94,168,163,409,274,704,478,634,413,439,402,761,676,1875,15465,7590,94,0,0,0,0
2021-02-05T23:59:59+01:00,67,161,285,563,434,1173,595,1774,855,1330,593,553,650,1179,1615,3683,36,58,90,164,157,399,268,685,461,626,407,439,390,727,289,1258,15416,6454,94,0,0,0,0
2021-02-04T23:59:59+01:00,65,158,280,557,428,1154,579,1748,852,1316,584,544,561,1051,1573,3637,35,54,84,159,149,385,259,668,444,612,400,433,387,720,287,1252,15060,6328,27,0,0,0,0
2021-02-03T23:59:59+01:00,64,152,276,548,427,1138,577,1733,850,1302,578,532,552,1042,1570,3625,26,39,70,125,112,281,189,522,337,477,299,331,308,563,223,1002,14941,4904,25,0,0,0,0
2021-02-02T23:59:59+01:00,64,150,273,541,427,1118,564,1698,842,1283,564,521,543,992,1561,3584,18,27,45,80,82,189,134,354,215,348,211,211,197,358,159,662,14700,3290,25,0,0,0,0
2021-02-01T23:59:59+01:00,63,148,270,533,425,1101,556,1670,836,1268,553,512,528,963,1554,3542,7,14,22,43,44,96,66,173,97,155,102,97,79,158,68,303,14497,1524,25,0,0,0,0
2021-01-31T23:59:59+01:00,63,147,269,533,421,1097,556,1665,834,1264,553,512,528,963,1554,3541,7,13,20,40,39,80,62,148,82,139,98,97,78,157,66,302,14475,1428,25,0,0,0,0
2021-01-30T23:59:59+01:00,63,147,269,533,421,1097,556,1665,834,1264,553,512,528,963,1554,3541,7,13,20,40,39,80,62,148,82,139,98,96,78,157,66,302,14475,1427,25,0,0,0,0
2021-01-29T23:59:59+01:00,63,147,269,533,421,1097,556,1665,834,1264,553,512,528,963,1554,3541,7,13,20,40,39,80,62,148,82,139,98,96,78,157,66,302,14475,1427,25,0,0,0,0
2021-01-28T23:59:59+01:00,61,138,263,498,408,1034,540,1576,810,1190,542,497,522,946,1552,3526,2,2,5,7,9,14,20,35,21,27,16,19,19,35,17,92,14084,340,19,0,0,0,0
2021-01-27T23:59:59+01:00,59,133,262,486,400,987,529,1511,793,1115,530,485,520,945,1552,3526,2,2,5,7,7,14,20,34,21,27,16,19,19,35,17,92,13816,337,17,0,0,0,0
2021-01-26T23:59:59+01:00,58,127,258,481,391,955,518,1444,768,1049,509,475,519,945,1552,3526,1,2,5,7,7,12,18,31,17,22,15,16,17,33,17,85,13559,305,16,0,0,0,0
2021-01-25T23:59:59+01:00,57,127,256,476,387,949,518,1441,767,1044,509,475,519,943,1552,3524,0,0,0,0,0,0,0,0,0,0,2,1,0,1,0,0,13529,4,15,0,0,0,0
2021-01-24T23:59:59+01:00,57,127,256,476,387,949,518,1440,767,1044,509,475,519,943,1552,3524,0,0,0,0,0,0,0,0,0,0,2,1,0,1,0,0,13528,4,15,0,0,0,0
2021-01-23T23:59:59+01:00,57,126,256,476,386,945,518,1433,766,1042,506,474,500,899,1299,3055,0,0,0,0,0,0,0,0,0,0,2,1,0,1,0,0,12723,4,15,0,0,0,0
2021-01-22T23:59:59+01:00,57,126,255,471,381,937,514,1423,761,1035,500,467,478,850,937,2337,0,0,0,0,0,0,0,0,0,0,2,1,0,1,0,0,11514,4,15,0,0,0,0
2021-01-21T23:59:59+01:00,57,120,236,438,355,870,485,1330,735,1010,498,467,478,850,936,2336,0,0,0,0,0,0,0,0,0,0,1,1,0,1,0,0,11186,3,15,0,0,0,0
2021-01-20T23:59:59+01:00,55,105,204,365,314,774,442,1184,660,924,469,461,476,850,935,2335,0,0,0,0,0,0,0,0,0,0,1,1,0,1,0,0,10538,3,15,0,0,0,0
2021-01-19T23:59:59+01:00,49,88,151,282,243,607,365,998,573,805,439,452,472,849,935,2335,0,0,0,0,0,0,0,0,0,0,1,0,0,1,0,0,9636,2,7,0,0,0,0
2021-01-18T23:59:59+01:00,43,67,99,181,175,439,299,740,504,669,433,447,469,845,933,2335,0,0,0,0,0,0,0,0,0,0,0,0,0,0,0,0,8678,0,0,0,0,0,0
2021-01-17T23:59:59+01:00,41,66,97,176,170,432,296,731,499,656,431,447,469,845,933,2334,0,0,0,0,0,0,0,0,0,0,0,0,0,0,0,0,8623,0,0,0,0,0,0
2021-01-16T23:59:59+01:00,38,63,95,175,165,423,289,723,482,649,425,447,427,792,694,1951,0,0,0,0,0,0,0,0,0,0,0,0,0,0,0,0,7838,0,0,0,0,0,0
2021-01-15T23:59:59+01:00,36,59,92,170,162,415,282,706,468,642,419,447,416,758,299,1324,0,0,0,0,0,0,0,0,0,0,0,0,0,0,0,0,6695,0,0,0,0,0,0
2021-01-14T23:59:59+01:00,36,55,88,168,158,409,276,698,457,634,416,445,416,757,299,1324,0,0,0,0,0,0,0,0,0,0,0,0,0,0,0,0,6636,0,0,0,0,0,0
2021-01-13T23:59:59+01:00,26,40,72,134,120,308,208,559,353,504,317,343,338,595,235,1065,0,0,0,0,0,0,0,0,0,0,0,0,0,0,0,0,5217,0,0,0,0,0,0
2021-01-12T23:59:59+01:00,18,30,51,90,89,222,152,405,236,377,225,222,222,392,170,720,0,0,0,0,0,0,0,0,0,0,0,0,0,0,0,0,3621,0,0,0,0,0,0
2021-01-11T23:59:59+01:00,9,19,29,50,60,139,92,226,125,197,115,106,93,178,78,330,0,0,0,0,0,0,0,0,0,0,0,0,0,0,0,0,1846,0,0,0,0,0,0
2021-01-10T23:59:59+01:00,8,18,24,45,54,110,82,185,105,165,110,104,90,176,75,330,0,0,0,0,0,0,0,0,0,0,0,0,0,0,0,0,1681,0,0,0,0,0,0
2021-01-09T23:59:59+01:00,8,18,24,45,54,110,82,185,105,165,110,103,90,176,75,330,0,0,0,0,0,0,0,0,0,0,0,0,0,0,0,0,1680,0,0,0,0,0,0
2021-01-08T23:59:59+01:00,8,17,23,44,51,102,78,175,99,162,106,100,86,166,73,322,0,0,0,0,0,0,0,0,0,0,0,0,0,0,0,0,1612,0,0,0,0,0,0
2021-01-07T23:59:59+01:00,2,3,5,8,9,15,23,36,21,32,16,19,20,36,19,96,0,0,0,0,0,0,0,0,0,0,0,0,0,0,0,0,360,0,0,0,0,0,0
2021-01-06T23:59:59+01:00,2,2,5,7,7,14,22,35,20,29,16,19,20,36,19,95,0,0,0,0,0,0,0,0,0,0,0,0,0,0,0,0,348,0,0,0,0,0,0
2021-01-05T23:59:59+01:00,2,2,5,7,7,14,22,35,20,29,16,19,20,36,19,95,0,0,0,0,0,0,0,0,0,0,0,0,0,0,0,0,348,0,0,0,0,0,0
2021-01-04T23:59:59+01:00,0,0,0,0,0,0,1,0,0,0,1,1,0,1,0,0,0,0,0,0,0,0,0,0,0,0,0,0,0,0,0,0,4,0,0,0,0,0,0
2021-01-03T23:59:59+01:00,0,0,0,0,0,0,1,0,0,0,1,1,0,1,0,0,0,0,0,0,0,0,0,0,0,0,0,0,0,0,0,0,4,0,0,0,0,0,0
2021-01-02T23:59:59+01:00,0,0,0,0,0,0,1,0,0,0,1,1,0,1,0,0,0,0,0,0,0,0,0,0,0,0,0,0,0,0,0,0,4,0,0,0,0,0,0
2021-01-01T23:59:59+01:00,0,0,0,0,0,0,1,0,0,0,1,1,0,1,0,0,0,0,0,0,0,0,0,0,0,0,0,0,0,0,0,0,4,0,0,0,0,0,0
2020-12-31T23:59:59+01:00,0,0,0,0,0,0,1,0,0,0,1,1,0,1,0,0,0,0,0,0,0,0,0,0,0,0,0,0,0,0,0,0,4,0,0,0,0,0,0
2020-12-30T23:59:59+01:00,0,0,0,0,0,0,1,0,0,0,1,1,0,1,0,0,0,0,0,0,0,0,0,0,0,0,0,0,0,0,0,0,4,0,0,0,0,0,0
2020-12-29T23:59:59+01:00,0,0,0,0,0,0,1,0,0,0,1,0,0,1,0,0,0,0,0,0,0,0,0,0,0,0,0,0,0,0,0,0,3,0,0,0,0,0,0
2020-12-28T23:59:59+01:00,0,0,0,0,0,0,0,0,0,0,1,0,0,0,0,0,0,0,0,0,0,0,0,0,0,0,0,0,0,0,0,0,1,0,0,0,0,0,0
2020-12-27T23:59:59+01:00,0,0,0,0,0,0,0,0,0,0,0,0,0,0,0,0,0,0,0,0,0,0,0,0,0,0,0,0,0,0,0,0,0,0,0,0,0,0,0
