Datum,<15_1_m,<15_1_w,15-24_1_m,15-24_1_w,25-34_1_m,25-34_1_w,35-44_1_m,35-44_1_w,45-54_1_m,45-54_1_w,55-64_1_m,55-64_1_w,65-74_1_m,65-74_1_w,75-84_1_m,75-84_1_w,>84_1_m,>84_1_w,<15_2_m,<15_2_w,15-24_2_m,15-24_2_w,25-34_2_m,25-34_2_w,35-44_2_m,35-44_2_w,45-54_2_m,45-54_2_w,55-64_2_m,55-64_2_w,65-74_2_m,65-74_2_w,75-84_2_m,75-84_2_w,>84_2_m,>84_2_w,bp_1,bp_2,mo_1,mo_2,az_1,az_2,ja,unb_1,unb_2
2021-11-20T23:59:59+01:00,3016,2814,18481,17111,21205,19484,23722,23646,29998,30752,35912,36550,26418,29349,17861,22816,5410,10262,2091,1891,14964,14096,18086,16681,21113,21004,27350,28149,33746,34419,25567,28375,17334,22113,5227,9837,276308,247267,33207,31207,46624,44920,18614,86,35
2021-11-19T23:59:59+01:00,2946,2765,18322,16965,21080,19366,23616,23534,29893,30655,35839,36471,26391,29318,17850,22797,5409,10255,2066,1861,14819,13998,17971,16585,21022,20929,27238,28074,33679,34364,25554,28358,17323,22105,5227,9835,275011,246276,33175,31169,46624,44920,18608,86,35
2021-11-18T23:59:59+01:00,2897,2720,18207,16877,20948,19255,23535,23450,29819,30573,35766,36394,26363,29279,17830,22773,5403,10251,2049,1842,14755,13943,17903,16536,20965,20881,27193,28017,33621,34322,25539,28334,17314,22087,5224,9831,273975,245728,33133,31119,46624,44920,18554,86,35
2021-11-17T23:59:59+01:00,2852,2673,18102,16779,20850,19147,23443,23347,29743,30499,35705,36324,26315,29232,17814,22744,5398,10242,2033,1828,14705,13899,17859,16485,20921,20847,27149,27978,33579,34290,25518,28308,17306,22068,5221,9816,272891,245229,33113,31096,46621,44920,18530,86,35
2021-11-16T23:59:59+01:00,2809,2647,17979,16680,20732,19037,23333,23255,29662,30430,35638,36258,26285,29188,17793,22709,5395,10237,2017,1817,14670,13855,17819,16443,20880,20814,27122,27927,33537,34249,25502,28300,17296,22056,5220,9807,271785,244790,33091,31070,46621,44920,18516,86,35
2021-11-15T23:59:59+01:00,2787,2617,17896,16606,20641,18960,23271,23187,29597,30352,35585,36205,26267,29162,17780,22700,5394,10230,2008,1809,14622,13834,17787,16422,20864,20782,27091,27888,33519,34223,25491,28279,17289,22043,5211,9779,270982,244432,33085,31056,46618,44920,18498,86,35
2021-11-14T23:59:59+01:00,2768,2585,17848,16581,20590,18911,23229,23144,29562,30312,35562,36165,26255,29147,17776,22692,5391,10225,2004,1804,14599,13817,17762,16405,20846,20768,27070,27858,33498,34208,25481,28273,17283,22039,5208,9775,270533,244232,33083,31056,46616,44919,18456,86,35
2021-11-13T23:59:59+01:00,2718,2533,17634,16438,20398,18772,23115,23036,29444,30226,35486,36092,26242,29130,17768,22680,5389,10223,1999,1797,14566,13802,17734,16379,20817,20746,27046,27842,33474,34185,25473,28265,17279,22034,5208,9775,269117,243957,33082,31056,46616,44919,18454,86,35
2021-11-12T23:59:59+01:00,2658,2466,17352,16203,20177,18578,22952,22893,29281,30074,35363,35989,26217,29101,17753,22654,5383,10218,1991,1778,14483,13739,17642,16305,20735,20702,26972,27776,33435,34140,25468,28249,17278,22025,5208,9772,267176,243284,33030,31025,46615,44918,18436,86,35
2021-11-11T23:59:59+01:00,2596,2410,17157,16041,20016,18441,22804,22747,29145,29959,35290,35895,26179,29062,17735,22637,5380,10209,1976,1757,14406,13680,17574,16241,20665,20638,26909,27720,33382,34099,25450,28223,17273,22013,5204,9769,265722,242715,32952,30953,46615,44917,18359,86,35
2021-11-10T23:59:59+01:00,2547,2374,17026,15922,19869,18326,22700,22644,29044,29876,35220,35822,26153,29029,17726,22619,5376,10197,1967,1745,14370,13625,17528,16201,20620,20586,26859,27666,33343,34062,25423,28194,17257,22004,5204,9766,264557,242220,32919,30923,46614,44917,18325,86,35
2021-11-09T23:59:59+01:00,2528,2344,16912,15806,19763,18224,22589,22546,28966,29804,35152,35758,26131,29002,17712,22604,5374,10191,1960,1731,14344,13589,17503,16177,20594,20561,26827,27633,33308,34033,25411,28179,17249,21995,5204,9760,263531,241910,32896,30886,46614,44917,18310,86,35
2021-11-08T23:59:59+01:00,2423,2224,16680,15616,19638,18113,22483,22455,28872,29724,35075,35698,26106,28982,17699,22590,5372,10186,1949,1725,14296,13543,17477,16141,20570,20525,26797,27602,33281,34000,25399,28160,17247,21987,5200,9758,262103,241568,32895,30863,46608,44916,18275,86,35
2021-11-07T23:59:59+01:00,2409,2208,16633,15580,19579,18065,22437,22417,28830,29697,35037,35668,26097,28973,17693,22584,5372,10184,1938,1719,14278,13516,17458,16114,20551,20505,26786,27583,33260,33984,25390,28150,17240,21980,5199,9755,261669,241351,32893,30863,46605,44916,18241,86,35
2021-11-06T23:59:59+01:00,2371,2167,16417,15396,19410,17926,22305,22318,28709,29607,34972,35613,26083,28961,17688,22580,5371,10183,1933,1717,14253,13499,17434,16096,20539,20491,26772,27572,33254,33970,25386,28146,17238,21978,5199,9754,260285,241176,32891,30863,46605,44916,18241,86,35
2021-11-05T23:59:59+01:00,2298,2099,16104,15111,19170,17700,22095,22140,28543,29457,34866,35532,26067,28941,17681,22569,5371,10181,1916,1705,14172,13420,17376,16044,20485,20445,26730,27537,33232,33951,25380,28137,17233,21967,5199,9751,258291,240763,32830,30822,46605,44916,18144,86,35
2021-11-04T23:59:59+01:00,2262,2068,15955,14969,19023,17567,21989,22026,28435,29348,34786,35483,26054,28919,17678,22561,5370,10181,1896,1685,14112,13360,17316,15977,20435,20378,26686,27479,33188,33910,25367,28119,17220,21955,5199,9742,257269,240338,32784,30773,46600,44912,17966,86,35
2021-11-03T23:59:59+01:00,2244,2044,15834,14869,18924,17489,21891,21943,28350,29287,34729,35453,26034,28897,17671,22550,5367,10178,1878,1671,14076,13321,17278,15930,20398,20347,26650,27438,33147,33880,25352,28099,17211,21937,5198,9733,256391,239907,32778,30760,46600,44912,17930,86,35
2021-11-02T23:59:59+01:00,2235,2031,15763,14800,18839,17417,21817,21887,28284,29245,34694,35419,26022,28882,17666,22548,5366,10174,1858,1659,14032,13279,17231,15901,20362,20312,26621,27413,33115,33847,25342,28084,17206,21927,5196,9727,255789,239525,32749,30745,46600,44911,17896,86,35
2021-11-01T23:59:59+01:00,2228,2018,15705,14760,18774,17384,21773,21858,28247,29224,34674,35402,26016,28881,17665,22545,5366,10173,1846,1652,13994,13256,17209,15874,20341,20298,26601,27395,33103,33840,25334,28080,17203,21918,5195,9725,255418,239309,32749,30737,46598,44910,17873,86,35
2021-10-31T23:59:59+01:00,2228,2018,15705,14760,18774,17384,21773,21858,28246,29224,34674,35402,26016,28881,17665,22545,5366,10173,1846,1652,13994,13256,17209,15873,20341,20298,26600,27395,33103,33840,25334,28080,17203,21918,5195,9725,255418,239308,32749,30737,46598,44910,17872,86,35
2021-10-30T23:59:59+02:00,2226,2015,15702,14760,18774,17384,21771,21857,28245,29224,34674,35401,26016,28880,17665,22545,5366,10173,1844,1650,13993,13256,17209,15873,20341,20298,26600,27395,33102,33840,25334,28080,17203,21918,5195,9725,255405,239302,32748,30737,46598,44910,17872,86,35
2021-10-29T23:59:59+02:00,2202,1984,15570,14657,18628,17274,21649,21770,28126,29153,34607,35360,26005,28872,17660,22543,5366,10171,1831,1637,13928,13221,17158,15826,20292,20276,26563,27370,33083,33820,25331,28076,17201,21914,5195,9722,254493,239047,32699,30700,46598,44910,17752,86,35
2021-10-28T23:59:59+02:00,2179,1955,15433,14558,18444,17158,21528,21682,28028,29080,34546,35312,25992,28860,17656,22536,5366,10169,1817,1621,13850,13147,17063,15760,20231,20221,26515,27327,33044,33794,25309,28057,17194,21905,5191,9718,253652,238651,32614,30607,46597,44907,17564,86,35
2021-10-27T23:59:59+02:00,2154,1942,15372,14499,18396,17109,21471,21654,27994,29049,34519,35292,25987,28844,17649,22533,5366,10168,1805,1607,13818,13113,17042,15740,20216,20203,26496,27292,33021,33774,25291,28036,17186,21889,5187,9716,253202,238354,32611,30603,46597,44907,17533,86,35
2021-10-26T23:59:59+02:00,2141,1918,15330,14467,18358,17074,21441,21637,27976,29029,34500,35281,25980,28840,17646,22530,5366,10168,1796,1600,13794,13075,17017,15713,20194,20182,26479,27274,32999,33761,25281,28018,17176,21870,5183,9699,252898,238048,32605,30594,46597,44907,17527,86,35
2021-10-25T23:59:59+02:00,2134,1913,15297,14449,18336,17057,21426,21628,27963,29023,34496,35276,25980,28838,17646,22530,5366,10168,1795,1600,13790,13071,17014,15711,20194,20179,26478,27273,32996,33759,25281,28018,17176,21869,5183,9699,252746,238027,32601,30590,46597,44907,17527,86,35
2021-10-24T23:59:59+02:00,2124,1907,15282,14442,18321,17047,21414,21620,27951,29010,34488,35269,25979,28833,17644,22530,5366,10168,1789,1594,13777,13052,17007,15698,20187,20170,26468,27267,32991,33751,25277,28013,17174,21868,5182,9698,252623,237911,32601,30590,46596,44907,17520,86,35
2021-10-23T23:59:59+02:00,2124,1907,15282,14442,18320,17047,21414,21619,27951,29010,34488,35269,25979,28833,17644,22530,5366,10168,1789,1594,13777,13052,17007,15698,20187,20170,26468,27267,32990,33751,25277,28013,17174,21868,5182,9698,252621,237910,32601,30590,46596,44907,17520,86,35
2021-10-22T23:59:59+02:00,2109,1890,15215,14396,18228,16987,21347,21570,27897,28963,34457,35253,25979,28829,17643,22527,5365,10167,1772,1573,13724,12988,16962,15663,20156,20146,26448,27249,32970,33734,25269,28011,17174,21865,5182,9697,252148,237590,32541,30569,46596,44907,17482,86,35
2021-10-21T23:59:59+02:00,2079,1858,15096,14312,18108,16896,21256,21510,27824,28900,34392,35214,25965,28809,17637,22517,5364,10163,1745,1556,13646,12907,16894,15613,20099,20102,26394,27203,32922,33699,25252,27992,17163,21843,5181,9692,251390,237121,32486,30468,46596,44907,17372,86,35
2021-10-20T23:59:59+02:00,2066,1847,15050,14278,18058,16859,21208,21470,27793,28874,34364,35196,25958,28796,17629,22506,5363,10158,1723,1543,13617,12874,16861,15577,20069,20071,26363,27173,32899,33666,25232,27980,17152,21833,5181,9687,250989,236744,32472,30456,46596,44907,17359,86,35
2021-10-19T23:59:59+02:00,2057,1840,15030,14248,18036,16838,21192,21455,27780,28857,34346,35184,25946,28787,17627,22503,5363,10158,1709,1525,13597,12836,16824,15540,20039,20047,26339,27149,32868,33644,25215,27963,17146,21819,5177,9681,250777,236376,32472,30455,46596,44907,17345,86,35
2021-10-18T23:59:59+02:00,2052,1833,15008,14230,18019,16817,21167,21430,27766,28845,34333,35170,25944,28781,17625,22500,5360,10157,1695,1513,13570,12805,16809,15513,20018,20022,26321,27124,32853,33624,25203,27955,17142,21811,5174,9679,250591,236116,32461,30443,46596,44905,17332,86,35
2021-10-17T23:59:59+02:00,2048,1831,14983,14220,18016,16811,21163,21424,27760,28836,34330,35165,25939,28778,17623,22500,5359,10153,1693,1507,13543,12784,16789,15497,20004,20005,26305,27112,32843,33613,25194,27947,17138,21808,5169,9670,250503,235921,32460,30442,46596,44900,17323,86,35
2021-10-16T23:59:59+02:00,2048,1830,14983,14217,18016,16811,21162,21424,27760,28836,34330,35165,25939,28778,17623,22500,5359,10153,1693,1507,13543,12784,16789,15497,20004,20005,26305,27112,32843,33613,25194,27947,17138,21808,5169,9670,250498,235921,32460,30442,46596,44900,17323,86,35
2021-10-15T23:59:59+02:00,2043,1815,14954,14184,17996,16788,21138,21410,27745,28826,34315,35159,25939,28775,17622,22496,5359,10151,1676,1485,13473,12729,16755,15464,19967,19979,26283,27087,32832,33597,25191,27944,17133,21805,5168,9669,250331,235599,32435,30407,46596,44900,17296,86,35
2021-10-14T23:59:59+02:00,2015,1798,14859,14117,17935,16734,21100,21377,27708,28795,34286,35137,25931,28767,17618,22488,5358,10145,1649,1456,13374,12634,16690,15401,19921,19909,26225,27036,32789,33561,25173,27921,17119,21786,5166,9666,249921,235069,32379,30257,46596,44900,17215,86,35
2021-10-13T23:59:59+02:00,2000,1789,14827,14074,17910,16706,21084,21359,27684,28779,34265,35124,25924,28757,17610,22480,5357,10142,1634,1444,13329,12593,16660,15366,19883,19863,26197,27010,32760,33520,25153,27900,17110,21761,5161,9660,249643,234618,32377,30253,46596,44900,17198,86,35
2021-10-12T23:59:59+02:00,1991,1784,14795,14042,17891,16680,21058,21337,27665,28758,34246,35107,25919,28751,17608,22472,5356,10140,1620,1436,13288,12546,16636,15321,19849,19828,26172,26983,32732,33497,25135,27876,17099,21739,5151,9629,249382,234161,32375,30251,46596,44900,17190,86,35
2021-10-11T23:59:59+02:00,1985,1776,14772,14029,17877,16663,21044,21325,27653,28748,34237,35093,25915,28744,17604,22467,5356,10136,1616,1425,13254,12514,16620,15293,19830,19802,26153,26956,32707,33469,25117,27855,17092,21727,5150,9619,249222,233838,32375,30251,46595,44900,17175,86,35
2021-10-10T23:59:59+02:00,1972,1763,14754,14011,17859,16648,21035,21311,27647,28743,34226,35086,25915,28740,17603,22464,5354,10136,1596,1415,13226,12489,16593,15265,19810,19782,26137,26938,32694,33454,25109,27845,17087,21724,5148,9616,249079,233585,32375,30251,46595,44896,17161,86,35
2021-10-09T23:59:59+02:00,1972,1763,14754,14011,17858,16647,21034,21311,27647,28743,34225,35085,25915,28738,17603,22464,5354,10136,1596,1415,13226,12489,16592,15265,19809,19782,26137,26937,32693,33452,25109,27843,17087,21724,5148,9616,249078,233584,32375,30250,46595,44896,17155,86,35
2021-10-08T23:59:59+02:00,1955,1748,14717,13989,17830,16622,21011,21296,27628,28729,34210,35070,25910,28737,17603,22462,5353,10134,1573,1376,13149,12401,16536,15214,19756,19742,26108,26904,32672,33431,25098,27832,17082,21719,5146,9615,248882,233077,32357,30233,46595,44896,17113,86,35
2021-10-07T23:59:59+02:00,1933,1728,14648,13916,17762,16569,20966,21235,27580,28700,34160,35040,25886,28715,17595,22450,5352,10130,1533,1343,13053,12327,16472,15143,19707,19693,26034,26852,32624,33388,25073,27810,17064,21700,5138,9598,248422,232557,32300,30073,46594,44895,16992,86,35
2021-10-06T23:59:59+02:00,1925,1710,14612,13880,17738,16541,20947,21211,27551,28668,34127,35019,25872,28702,17592,22445,5349,10127,1516,1330,13026,12286,16447,15115,19682,19667,26006,26826,32601,33358,25061,27797,17054,21688,5136,9592,248119,232241,32300,30073,46594,44895,16944,86,35
2021-10-05T23:59:59+02:00,1918,1698,14588,13842,17705,16525,20926,21189,27529,28641,34107,34992,25855,28686,17583,22434,5349,10124,1499,1315,12993,12254,16421,15097,19661,19643,25985,26799,32579,33340,25053,27788,17047,21681,5132,9587,247818,231950,32299,30073,46593,44894,16922,86,35
2021-10-04T23:59:59+02:00,1906,1693,14539,13803,17673,16497,20904,21168,27505,28617,34091,34973,25848,28669,17580,22429,5348,10120,1477,1299,12956,12217,16401,15067,19647,19619,25960,26771,32561,33312,25042,27778,17041,21674,5130,9583,247565,231663,32272,30070,46592,44893,16874,86,35
2021-10-03T23:59:59+02:00,1894,1687,14521,13774,17655,16479,20892,21158,27495,28605,34081,34964,25839,28664,17573,22421,5347,10118,1466,1289,12934,12199,16377,15049,19636,19608,25950,26758,32550,33299,25031,27767,17041,21666,5130,9583,247427,231512,32262,30066,46589,44892,16828,86,35
2021-10-02T23:59:59+02:00,1893,1687,14519,13773,17654,16478,20892,21157,27495,28605,34080,34964,25839,28663,17573,22421,5347,10118,1466,1289,12934,12198,16377,15049,19636,19608,25950,26758,32550,33299,25031,27767,17041,21666,5130,9583,247418,231511,32262,30066,46589,44892,16828,86,35
2021-10-01T23:59:59+02:00,1880,1668,14455,13709,17592,16426,20849,21115,27459,28585,34055,34945,25831,28659,17573,22415,5347,10115,1431,1252,12831,12095,16295,14992,19577,19559,25914,26723,32519,33271,25016,27752,17037,21658,5129,9581,247087,230938,32230,30056,46589,44892,16711,86,35
2021-09-30T23:59:59+02:00,1867,1648,14357,13623,17528,16368,20787,21063,27403,28527,33998,34919,25809,28642,17564,22405,5345,10112,1407,1228,12725,12020,16222,14944,19526,19506,25860,26665,32465,33243,24995,27730,17031,21646,5126,9580,246719,230628,32102,29876,46586,44883,16497,86,35
2021-09-29T23:59:59+02:00,1852,1628,14332,13598,17505,16326,20750,21033,27376,28494,33973,34896,25790,28626,17558,22395,5345,10111,1389,1215,12693,11987,16202,14916,19512,19487,25844,26647,32446,33220,24980,27717,17021,21633,5123,9576,246372,230347,32101,29876,46586,44882,16468,86,35
2021-09-28T23:59:59+02:00,1835,1619,14303,13566,17476,16292,20723,20998,27344,28471,33946,34872,25776,28606,17548,22385,5342,10105,1364,1208,12653,11956,16181,14888,19498,19461,25825,26636,32433,33199,24974,27706,17018,21627,5121,9575,246019,230090,32100,29876,46586,44881,16441,86,35
2021-09-27T23:59:59+02:00,1827,1614,14274,13541,17456,16270,20696,20975,27322,28452,33927,34850,25768,28593,17546,22377,5342,10102,1350,1197,12614,11922,16159,14866,19470,19444,25805,26614,32424,33179,24966,27693,17012,21620,5119,9574,245800,229857,32100,29876,46586,44875,16385,86,35
2021-09-26T23:59:59+02:00,1823,1609,14258,13521,17436,16253,20685,20960,27306,28437,33919,34837,25757,28588,17542,22376,5341,10101,1343,1193,12598,11902,16144,14849,19457,19432,25796,26603,32413,33168,24960,27691,17009,21616,5118,9573,245648,229726,32100,29875,46586,44875,16354,86,35
2021-09-25T23:59:59+02:00,1820,1607,14245,13505,17414,16241,20664,20949,27287,28421,33906,34829,25750,28583,17537,22373,5340,10099,1341,1191,12587,11888,16125,14838,19437,19420,25781,26586,32401,33160,24954,27686,17004,21613,5118,9571,245605,229699,32100,29875,46586,44875,16217,86,35
2021-09-24T23:59:59+02:00,1802,1583,14163,13424,17345,16192,20609,20899,27248,28377,33866,34799,25732,28572,17527,22363,5338,10095,1312,1172,12490,11784,16042,14769,19383,19359,25734,26550,32353,33131,24931,27665,16995,21601,5116,9567,245211,229180,32081,29870,46586,44875,15994,86,35
2021-09-23T23:59:59+02:00,1780,1563,14059,13325,17252,16106,20518,20822,27166,28318,33816,34739,25706,28549,17515,22344,5334,10088,1299,1163,12401,11709,15972,14702,19309,19309,25674,26493,32307,33095,24911,27646,16989,21590,5113,9561,244718,228847,31980,29832,46585,44874,15655,86,35
2021-09-22T23:59:59+02:00,1761,1550,14022,13276,17202,16064,20465,20775,27127,28271,33765,34688,25676,28522,17507,22322,5330,10084,1282,1154,12359,11663,15926,14669,19279,19280,25645,26465,32257,33060,24883,27621,16983,21576,5110,9552,244295,228525,31955,29823,46585,44872,15509,86,35
2021-09-21T23:59:59+02:00,1748,1535,13960,13222,17180,16014,20432,20736,27096,28230,33729,34667,25663,28504,17495,22298,5322,10056,1257,1131,12312,11603,15896,14641,19246,19241,25618,26437,32232,33033,24862,27604,16980,21567,5108,9541,243801,228144,31951,29773,46585,44870,15487,86,35
2021-09-20T23:59:59+02:00,1738,1528,13909,13183,17143,15973,20391,20703,27054,28192,33694,34633,25643,28477,17487,22281,5311,10029,1238,1127,12256,11567,15863,14618,19217,19215,25589,26413,32210,33009,24848,27591,16978,21559,5103,9527,243360,227840,31951,29773,46585,44870,15410,86,35
2021-09-19T23:59:59+02:00,1733,1519,13884,13157,17112,15951,20365,20684,27033,28163,33681,34619,25635,28468,17484,22278,5310,10027,1234,1116,12232,11546,15841,14598,19204,19196,25576,26401,32200,32998,24841,27586,16972,21553,5102,9527,243131,227673,31949,29772,46585,44868,15375,86,35
2021-09-18T23:59:59+02:00,1730,1515,13872,13145,17101,15944,20355,20677,27026,28159,33675,34615,25635,28468,17484,22277,5310,10027,1234,1114,12225,11538,15831,14593,19194,19193,25569,26397,32195,32996,24841,27586,16972,21553,5102,9527,243094,227653,31936,29767,46585,44868,15337,86,35
2021-09-17T23:59:59+02:00,1707,1481,13771,13031,16993,15868,20274,20606,26955,28099,33622,34571,25612,28445,17472,22266,5309,10024,1217,1097,12140,11461,15730,14516,19106,19121,25499,26328,32132,32953,24822,27566,16962,21535,5101,9523,242629,227212,31889,29755,46585,44867,14940,86,35
2021-09-16T23:59:59+02:00,1680,1443,13672,12921,16905,15772,20182,20516,26854,28013,33545,34505,25580,28412,17458,22242,5302,10003,1193,1071,12050,11382,15660,14452,19024,19042,25411,26247,32071,32898,24780,27528,16952,21522,5098,9512,242012,226744,31792,29696,46585,44865,14553,86,35
2021-09-15T23:59:59+02:00,1662,1434,13612,12868,16853,15710,20136,20465,26798,27962,33493,34449,25554,28380,17443,22213,5295,9980,1173,1055,11990,11321,15604,14401,18972,18991,25350,26197,32013,32842,24748,27495,16936,21503,5094,9501,241592,226308,31771,29680,46581,44863,14300,86,35
2021-09-14T23:59:59+02:00,1646,1423,13549,12800,16780,15658,20076,20418,26748,27905,33443,34398,25531,28361,17430,22202,5291,9975,1145,1033,11928,11259,15531,14341,18918,18946,25302,26143,31956,32790,24717,27472,16922,21487,5094,9496,241190,225915,31719,29586,46581,44863,14081,86,35
2021-09-13T23:59:59+02:00,1624,1407,13510,12763,16752,15631,20057,20393,26726,27880,33422,34374,25520,28353,17425,22191,5291,9972,1128,1018,11885,11225,15497,14319,18894,18916,25278,26115,31929,32768,24706,27461,16909,21478,5091,9495,240907,225606,31718,29584,46576,44861,14026,86,35
2021-09-12T23:59:59+02:00,1613,1404,13477,12740,16710,15615,20043,20382,26715,27861,33416,34362,25514,28346,17424,22187,5291,9969,1116,1012,11841,11205,15451,14301,18870,18895,25262,26102,31915,32754,24698,27452,16906,21474,5090,9492,240747,225391,31718,29584,46574,44860,13966,86,35
2021-09-11T23:59:59+02:00,1602,1403,13461,12728,16696,15606,20033,20379,26703,27855,33412,34358,25510,28345,17423,22186,5289,9969,1037,950,11774,11154,15435,14293,18862,18884,25249,26091,31907,32741,24696,27450,16905,21473,5090,9492,240682,225067,31697,29582,46574,44860,13939,86,35
2021-09-10T23:59:59+02:00,1563,1357,13312,12601,16624,15529,19926,20294,26621,27791,33350,34304,25470,28314,17408,22163,5283,9964,1010,925,11653,11051,15350,14210,18753,18800,25156,26034,31833,32684,24654,27419,16889,21453,5085,9487,240084,224511,31679,29571,46574,44860,13469,86,35
2021-09-09T23:59:59+02:00,1540,1336,13242,12536,16570,15479,19873,20255,26568,27724,33308,34264,25442,28296,17403,22150,5279,9957,990,901,11589,10978,15298,14158,18700,18769,25100,25993,31785,32650,24632,27404,16876,21443,5082,9476,239713,224136,31604,29531,46574,44860,13262,86,35
2021-09-08T23:59:59+02:00,1525,1319,13213,12512,16554,15455,19853,20242,26552,27712,33295,34253,25430,28288,17397,22144,5276,9954,978,885,11545,10934,15273,14140,18688,18752,25082,25969,31763,32639,24618,27389,16874,21437,5082,9474,239493,223859,31604,29531,46570,44859,13238,86,35
2021-09-07T23:59:59+02:00,1492,1301,13155,12465,16514,15423,19830,20213,26515,27691,33261,34223,25405,28270,17391,22129,5271,9948,960,876,11486,10869,15219,14087,18651,18719,25035,25924,31711,32612,24590,27366,16866,21420,5077,9472,239259,223551,31520,29416,46570,44859,13079,86,35
2021-09-06T23:59:59+02:00,1477,1293,13125,12431,16493,15400,19811,20193,26499,27676,33250,34214,25403,28258,17388,22125,5268,9948,947,866,11464,10837,15201,14055,18629,18704,25019,25904,31689,32597,24580,27354,16865,21412,5074,9472,239043,223321,31520,29405,46570,44858,13050,86,35
2021-09-05T23:59:59+02:00,1467,1285,13108,12411,16477,15384,19800,20186,26493,27667,33240,34202,25401,28255,17386,22121,5268,9948,940,861,11445,10821,15176,14039,18618,18695,25012,25897,31680,32577,24577,27343,16862,21407,5072,9471,238915,223171,31520,29405,46570,44857,13025,86,35
2021-09-04T23:59:59+02:00,1467,1285,13107,12410,16477,15384,19798,20186,26492,27667,33240,34202,25401,28255,17386,22120,5268,9948,939,861,11445,10819,15174,14039,18613,18695,25011,25895,31680,32575,24576,27343,16862,21407,5072,9471,238913,223160,31520,29404,46570,44857,13021,86,35
2021-09-03T23:59:59+02:00,1440,1269,13005,12313,16420,15329,19760,20147,26450,27640,33203,34185,25383,28244,17382,22109,5266,9947,895,827,11305,10692,15111,13965,18542,18649,24940,25846,31621,32539,24543,27315,16849,21391,5069,9467,238411,222352,31520,29400,46570,44857,12922,86,35
2021-09-02T23:59:59+02:00,1425,1262,12941,12271,16377,15296,19725,20120,26416,27606,33178,34164,25368,28232,17377,22104,5266,9943,890,821,11228,10654,15063,13930,18504,18629,24907,25824,31583,32509,24524,27294,16843,21386,5069,9465,238187,222089,31456,29358,46566,44848,12793,86,35
2021-09-01T23:59:59+02:00,1402,1247,12905,12233,16356,15276,19706,20105,26398,27586,33156,34139,25358,28221,17371,22094,5263,9939,875,799,11187,10619,15043,13902,18484,18609,24886,25802,31558,32477,24509,27280,16835,21380,5067,9463,237887,221759,31456,29356,46565,44847,12778,86,35
2021-08-31T23:59:59+02:00,1370,1225,12850,12173,16310,15240,19673,20060,26352,27537,33116,34104,25342,28200,17365,22081,5259,9935,853,774,11115,10550,14995,13841,18432,18576,24836,25748,31501,32434,24478,27264,16826,21367,5064,9456,237576,221330,31393,29327,46565,44828,12590,85,35
2021-08-30T23:59:59+02:00,1346,1210,12805,12135,16285,15218,19653,20043,26329,27520,33094,34087,25331,28190,17365,22077,5257,9933,845,763,11037,10517,14967,13820,18410,18552,24808,25732,31474,32407,24467,27249,16820,21360,5061,9453,237321,221033,31393,29327,46565,44817,12530,85,35
2021-08-29T23:59:59+02:00,1340,1204,12791,12118,16274,15209,19644,20033,26326,27511,33087,34073,25326,28184,17363,22076,5257,9933,832,754,11019,10480,14956,13803,18394,18538,24795,25722,31465,32395,24458,27237,16818,21355,5061,9453,237216,220854,31393,29327,46565,44813,12506,85,35
2021-08-28T23:59:59+02:00,1333,1190,12759,12097,16259,15197,19633,20019,26319,27501,33078,34067,25324,28179,17362,22073,5257,9932,813,729,10943,10409,14921,13770,18347,18511,24759,25689,31422,32364,24441,27224,16809,21339,5061,9450,237053,220327,31393,29327,46565,44813,12499,85,35
2021-08-27T23:59:59+02:00,1314,1175,12696,12042,16213,15149,19575,19969,26264,27451,33035,34037,25306,28168,17358,22059,5257,9929,810,724,10906,10375,14880,13743,18331,18495,24724,25665,31394,32343,24428,27213,16806,21335,5061,9449,236629,220168,31393,29326,46565,44812,12341,85,35
2021-08-26T23:59:59+02:00,1294,1159,12627,11986,16167,15106,19531,19929,26210,27393,32984,33992,25276,28139,17351,22049,5254,9925,800,709,10838,10325,14832,13699,18284,18466,24679,25627,31348,32304,24406,27196,16798,21326,5061,9445,236259,219849,31334,29311,46565,44805,12143,85,35
2021-08-25T23:59:59+02:00,1277,1144,12604,11944,16146,15080,19509,19913,26183,27375,32949,33963,25257,28121,17344,22042,5253,9922,786,696,10788,10283,14801,13670,18251,18435,24656,25608,31315,32266,24393,27179,16791,21316,5059,9442,235944,219472,31334,29311,46559,44801,12116,85,35
2021-08-24T23:59:59+02:00,1250,1126,12545,11871,16089,15036,19464,19872,26136,27330,32904,33930,25237,28097,17332,22030,5252,9917,764,676,10710,10209,14757,13630,18205,18399,24606,25557,31273,32229,24369,27152,16776,21300,5058,9441,235633,219059,31207,29271,46559,44801,11945,85,35
2021-08-23T23:59:59+02:00,1237,1113,12507,11835,16064,15017,19442,19837,26116,27294,32874,33908,25223,28084,17328,22021,5252,9914,741,660,10654,10156,14727,13592,18167,18365,24579,25527,31238,32196,24356,27132,16769,21297,5056,9440,235333,218654,31206,29271,46558,44798,11894,85,35
2021-08-22T23:59:59+02:00,1229,1106,12492,11813,16049,15001,19435,19818,26104,27283,32863,33892,25211,28078,17326,22019,5249,9914,726,651,10625,10127,14706,13575,18146,18354,24566,25509,31223,32183,24347,27121,16767,21292,5055,9439,235168,218434,31206,29271,46558,44797,11875,85,35
2021-08-21T23:59:59+02:00,1141,1034,12417,11755,16037,14989,19424,19806,26094,27272,32853,33876,25206,28074,17323,22016,5249,9914,715,645,10601,10097,14689,13571,18137,18342,24557,25503,31216,32177,24344,27121,16766,21292,5055,9439,234794,218311,31200,29271,46558,44797,11853,85,35
2021-08-20T23:59:59+02:00,1121,1018,12356,11686,15977,14934,19361,19767,26040,27239,32803,33849,25191,28063,17314,22011,5248,9912,711,639,10546,10060,14647,13535,18097,18316,24522,25484,31186,32160,24335,27114,16760,21289,5055,9438,234293,218027,31200,29271,46558,44797,11764,85,35
2021-08-19T23:59:59+02:00,1095,994,12287,11630,15916,14901,19311,19716,25979,27190,32759,33814,25160,28040,17302,22000,5245,9910,702,627,10450,9982,14578,13497,18041,18278,24454,25442,31119,32116,24294,27095,16751,21272,5054,9435,233999,217592,31108,29262,46557,44788,11510,85,35
2021-08-18T23:59:59+02:00,1083,978,12247,11594,15887,14871,19283,19686,25948,27159,32722,33788,25141,28028,17297,21991,5243,9909,688,616,10395,9914,14530,13473,17991,18249,24407,25405,31060,32077,24272,27077,16745,21259,5050,9429,233680,217134,31107,29254,46556,44777,11437,85,35
2021-08-17T23:59:59+02:00,1056,953,12196,11553,15858,14829,19252,19654,25920,27136,32686,33750,25123,28008,17287,21974,5242,9903,673,592,10301,9832,14476,13425,17937,18195,24357,25364,31000,32034,24244,27053,16734,21239,5048,9422,233377,216536,30982,29194,46556,44773,11389,85,34
2021-08-16T23:59:59+02:00,1044,946,12164,11526,15840,14812,19233,19635,25897,27112,32667,33728,25103,27993,17279,21959,5239,9901,658,579,10245,9764,14451,13382,17912,18158,24313,25329,30963,32003,24217,27019,16719,21225,5048,9419,233147,216091,30981,29194,46556,44767,11318,85,34
2021-08-15T23:59:59+02:00,1036,946,12139,11510,15826,14795,19219,19620,25887,27102,32646,33713,25097,27984,17275,21948,5238,9901,651,571,10197,9729,14413,13359,17889,18135,24288,25315,30942,31977,24199,27011,16714,21217,5047,9417,232987,215797,30980,29194,46555,44762,11284,85,34
2021-08-14T23:59:59+02:00,1035,946,12138,11507,15826,14794,19216,19618,25886,27102,32646,33712,25097,27984,17275,21948,5238,9901,595,510,10031,9509,14307,13268,17814,18089,24239,25283,30902,31944,24184,26998,16711,21214,5045,9416,232979,214792,30980,29193,46555,44761,11279,85,34
2021-08-13T23:59:59+02:00,990,906,11988,11382,15774,14733,19151,19562,25815,27051,32594,33677,25072,27956,17264,21938,5237,9897,587,505,9976,9454,14267,13239,17774,18064,24207,25263,30878,31922,24173,26984,16705,21205,5045,9412,232152,214449,30979,29193,46555,44758,11226,84,34
2021-08-12T23:59:59+02:00,976,884,11931,11321,15725,14693,19114,19536,25769,27027,32548,33648,25047,27940,17255,21932,5237,9894,578,496,9884,9388,14194,13197,17712,18014,24140,25227,30824,31873,24145,26959,16689,21187,5043,9412,231920,214026,30954,29187,46555,44743,10972,84,34
2021-08-11T23:59:59+02:00,962,873,11898,11287,15706,14670,19081,19518,25748,27008,32523,33619,25028,27918,17251,21924,5236,9892,534,463,9810,9326,14140,13156,17665,17970,24100,25206,30784,31825,24115,26927,16673,21174,5042,9406,231627,213453,30954,29183,46554,44715,10931,84,34
2021-08-10T23:59:59+02:00,943,863,11810,11233,15654,14639,19036,19481,25694,26973,32466,33565,25011,27903,17244,21911,5235,9889,521,456,9714,9238,14088,13121,17632,17936,24053,25167,30731,31778,24082,26893,16666,21154,5038,9401,231245,212929,30820,29148,46552,44701,10857,84,34
2021-08-09T23:59:59+02:00,940,846,11782,11198,15638,14623,19014,19468,25662,26951,32437,33535,25003,27894,17238,21903,5235,9886,509,439,9659,9176,14047,13071,17595,17895,24022,25122,30696,31739,24068,26876,16661,21141,5036,9395,231005,212473,30820,29145,46551,44694,10801,84,34
2021-08-08T23:59:59+02:00,929,839,11746,11175,15615,14609,18994,19447,25637,26930,32414,33518,24995,27878,17231,21899,5234,9886,487,430,9582,9120,13998,13042,17568,17865,23989,25087,30664,31708,24055,26857,16653,21127,5035,9392,230810,212070,30820,29144,46551,44693,10718,84,34
2021-08-07T23:59:59+02:00,909,812,11649,11097,15571,14568,18952,19413,25598,26900,32368,33486,24978,27866,17222,21881,5233,9883,418,357,8962,8530,13554,12687,17354,17679,23838,24977,30511,31631,23997,26806,16632,21100,5030,9389,230221,208866,30820,29142,46551,44693,10717,84,34
2021-08-06T23:59:59+02:00,900,809,11619,11072,15557,14554,18941,19407,25583,26884,32359,33479,24974,27862,17217,21879,5233,9882,376,308,8376,7909,13040,12289,17125,17473,23693,24865,30416,31552,23966,26759,16620,21086,5027,9382,230171,205693,30699,29129,46551,44693,10713,84,34
2021-08-05T23:59:59+02:00,897,802,11579,11041,15514,14525,18902,19375,25537,26849,32311,33432,24933,27840,17215,21868,5233,9876,368,302,8321,7845,12991,12237,17076,17432,23629,24825,30340,31498,23919,26717,16606,21068,5025,9373,229944,205271,30698,29124,46549,44684,10459,84,34
2021-08-04T23:59:59+02:00,880,786,11549,11011,15495,14493,18868,19349,25510,26820,32265,33394,24918,27827,17210,21862,5231,9868,346,292,8231,7758,12935,12190,17023,17388,23572,24781,30280,31428,23882,26679,16596,21055,5023,9367,229676,204682,30696,29123,46547,44649,10338,84,34
2021-08-03T23:59:59+02:00,864,769,11502,10971,15471,14471,18836,19329,25484,26791,32230,33359,24898,27808,17200,21857,5227,9867,321,281,8149,7672,12865,12138,16954,17336,23512,24743,30237,31378,23846,26645,16581,21044,5020,9363,229340,204022,30694,29113,46546,44641,10275,84,34
2021-08-02T23:59:59+02:00,855,766,11466,10941,15448,14440,18809,19309,25455,26766,32198,33331,24884,27788,17192,21848,5226,9865,311,274,8052,7580,12787,12077,16895,17271,23455,24671,30186,31320,23827,26622,16560,21034,5018,9358,229059,203310,30693,29112,46546,44633,10209,84,34
2021-08-01T23:59:59+02:00,847,759,11440,10912,15435,14426,18794,19298,25435,26754,32181,33316,24880,27779,17191,21845,5224,9864,298,257,7985,7513,12725,12029,16849,17224,23418,24639,30159,31295,23811,26603,16556,21028,5016,9357,228912,202850,30689,29111,46546,44614,10153,84,34
2021-07-31T23:59:59+02:00,844,758,11437,10906,15433,14423,18790,19294,25434,26753,32178,33315,24880,27778,17191,21845,5224,9864,276,237,7832,7328,11955,11360,16293,16785,23322,24560,30094,31224,23781,26567,16544,21009,5015,9355,228882,199628,30688,29111,46546,44613,10151,84,34
2021-07-30T23:59:59+02:00,843,757,11424,10897,15430,14420,18783,19287,25427,26748,32168,33310,24879,27776,17191,21842,5224,9864,229,197,7551,7089,11412,10913,15814,16354,23184,24453,29985,31112,23744,26522,16527,20987,5015,9351,228814,196549,30687,29110,46544,44601,10145,84,34
2021-07-29T23:59:59+02:00,831,748,11385,10850,15392,14399,18743,19261,25390,26714,32115,33281,24861,27756,17180,21824,5224,9861,139,133,7179,6781,10747,10393,15297,15938,23007,24307,29837,31001,23689,26470,16498,20962,5011,9348,228496,193077,30685,29100,46544,44516,10010,84,34
2021-07-28T23:59:59+02:00,812,734,11338,10797,15368,14370,18712,19233,25364,26686,32088,33256,24845,27738,17175,21812,5223,9857,120,105,7014,6628,10600,10269,15184,15803,22914,24211,29735,30902,23647,26412,16479,20933,5010,9338,228166,191828,30685,29098,46539,44406,9938,84,34
2021-07-27T23:59:59+02:00,803,725,11293,10757,15325,14330,18671,19207,25335,26660,32053,33235,24829,27713,17168,21800,5222,9849,100,92,6793,6413,10438,10154,15039,15671,22810,24101,29628,30790,23595,26348,16463,20905,5007,9326,227845,190672,30685,28770,46538,44370,9827,84,34
2021-07-26T23:59:59+02:00,793,712,11243,10708,15298,14309,18653,19179,25307,26629,32020,33209,24814,27691,17156,21788,5221,9846,92,83,6677,6337,10342,10080,14972,15591,22727,24041,29563,30716,23562,26304,16451,20888,5003,9320,227543,189887,30683,28766,46537,44330,9732,84,34
2021-07-25T23:59:59+02:00,782,702,11214,10680,15277,14284,18633,19155,25280,26604,31999,33191,24797,27680,17152,21779,5220,9844,77,78,6601,6257,10274,10017,14898,15531,22673,23987,29507,30678,23531,26283,16439,20874,5003,9316,227344,189299,30683,28762,46536,44300,9629,84,34
2021-07-24T23:59:59+02:00,758,680,11137,10597,15238,14257,18609,19134,25260,26588,31987,33178,24797,27676,17149,21777,5220,9844,77,77,6202,5909,10125,9904,14522,15248,22449,23828,29389,30594,23495,26245,16422,20857,5000,9312,226964,186942,30683,28759,46536,44298,9622,84,34
2021-07-23T23:59:59+02:00,732,658,11069,10511,15208,14223,18581,19120,25239,26567,31972,33160,24786,27671,17147,21777,5220,9841,74,73,5830,5603,10005,9797,14175,14983,22252,23652,29269,30476,23443,26177,16411,20836,4996,9305,226576,184671,30682,28759,46536,44286,9607,84,34
2021-07-22T23:59:59+02:00,691,618,10914,10346,15110,14134,18494,19071,25159,26513,31899,33096,24750,27630,17133,21759,5216,9836,62,62,5513,5306,9736,9581,13591,14505,21931,23393,29037,30247,23342,26079,16369,20798,4992,9302,225620,181346,30681,28747,46535,44267,9452,84,34
2021-07-21T23:59:59+02:00,671,593,10849,10291,15073,14107,18454,19033,25119,26484,31859,33046,24725,27595,17117,21747,5213,9831,52,56,4905,4841,9293,9325,13207,14275,21698,23238,28850,30098,23277,26002,16343,20775,4990,9299,225189,179574,30671,27483,46532,44099,9334,84,34
2021-07-20T23:59:59+02:00,653,576,10791,10236,15047,14070,18419,19006,25088,26452,31823,33012,24705,27574,17112,21732,5210,9824,47,46,4764,4729,9144,9194,13040,14140,21585,23117,28719,29973,23197,25898,16320,20734,4983,9293,224808,178230,30671,27471,46530,43949,9239,84,34
2021-07-19T23:59:59+02:00,640,563,10752,10205,15016,14046,18395,18997,25059,26426,31790,32983,24687,27551,17106,21721,5208,9821,41,43,4684,4662,9046,9116,12922,14043,21487,23009,28620,29853,23141,25841,16294,20705,4978,9287,224558,177291,30671,27462,46521,43851,9134,84,34
2021-07-18T23:59:59+02:00,625,554,10699,10153,14981,14025,18370,18979,25039,26410,31767,32964,24677,27541,17100,21712,5207,9816,39,41,4576,4561,8910,8995,12795,13903,21400,22918,28547,29774,23112,25811,16285,20692,4975,9286,224282,176279,30671,27447,46521,43797,9063,84,34
2021-07-17T23:59:59+02:00,550,483,10409,9854,14866,13923,18278,18900,24933,26336,31659,32912,24643,27506,17087,21692,5205,9815,38,40,4530,4520,8856,8922,12560,13708,20974,22573,28416,29643,23075,25759,16276,20677,4974,9283,222717,174486,30671,27447,46519,43795,9062,84,34
2021-07-16T23:59:59+02:00,521,446,10274,9733,14806,13882,18226,18848,24897,26303,31639,32887,24634,27491,17084,21685,5205,9812,38,40,4484,4478,8780,8881,12189,13429,20430,22173,28281,29549,23025,25722,16267,20672,4972,9281,222049,172372,30671,27444,46518,43788,9053,84,34
2021-07-15T23:59:59+02:00,489,409,10136,9628,14738,13831,18169,18779,24842,26255,31589,32834,24609,27454,17066,21670,5198,9808,25,30,4271,4341,8450,8671,11673,13027,19322,21324,27864,29205,22855,25552,16202,20599,4962,9265,221315,167665,30669,27431,46517,43587,8921,84,34
2021-07-14T23:59:59+02:00,468,395,10105,9602,14700,13810,18139,18744,24803,26213,31538,32781,24579,27426,17055,21653,5197,9806,21,27,4147,4189,8191,8499,11442,12882,19144,21213,27716,29078,22790,25474,16168,20561,4957,9256,220939,166092,30669,27412,46516,43409,8808,84,34
2021-07-13T23:59:59+02:00,444,381,10055,9549,14670,13781,18112,18711,24766,26192,31502,32739,24563,27395,17044,21641,5196,9803,21,25,4052,4093,8015,8341,11241,12691,19008,21073,27561,28915,22693,25390,16133,20507,4953,9245,220527,164628,30669,27391,46515,43153,8751,84,34
2021-07-12T23:59:59+02:00,432,359,10009,9497,14642,13762,18082,18682,24729,26149,31469,32696,24539,27372,17029,21636,5193,9800,20,22,3946,3994,7843,8220,11082,12554,18892,20952,27439,28796,22620,25329,16106,20481,4952,9240,220152,163460,30668,27372,46514,42962,8660,84,34
2021-07-11T23:59:59+02:00,424,341,9978,9468,14621,13742,18064,18672,24707,26140,31448,32678,24527,27362,17027,21634,5193,9798,17,20,3877,3924,7726,8121,10933,12426,18766,20850,27338,28681,22576,25281,16085,20456,4950,9237,219955,162497,30665,27367,46513,42758,8608,84,34
2021-07-10T23:59:59+02:00,398,318,9865,9365,14567,13702,18013,18649,24682,26120,31429,32662,24519,27353,17023,21630,5191,9796,17,19,3842,3900,7667,8081,10898,12396,18737,20825,27309,28659,22568,25265,16081,20451,4950,9237,219427,162193,30663,27366,46510,42710,8599,84,34
2021-07-09T23:59:59+02:00,338,270,9606,9154,14465,13622,17934,18578,24596,26067,31380,32601,24496,27322,17009,21613,5191,9791,16,18,3775,3861,7529,7990,10679,12247,18511,20686,26893,28340,22383,25071,16026,20391,4947,9230,218203,160041,30663,27361,46509,42582,8575,84,34
2021-07-08T23:59:59+02:00,259,203,9411,9009,14364,13545,17839,18504,24537,26016,31297,32543,24468,27291,16996,21595,5187,9786,14,15,3617,3736,7218,7801,10327,12018,18164,20403,26588,28081,22208,24913,15958,20315,4940,9214,217097,157663,30660,27313,46496,42006,8514,84,34
2021-07-07T23:59:59+02:00,220,175,9323,8905,14325,13514,17802,18463,24484,25979,31255,32503,24443,27261,16983,21577,5187,9778,12,11,3440,3609,6900,7579,9388,11284,17576,19974,26186,27769,21969,24605,15879,20218,4926,9200,216459,155048,30657,25556,46494,41403,8484,84,34
2021-07-06T23:59:59+02:00,198,163,9244,8848,14274,13484,17766,18420,24442,25939,31194,32456,24407,27233,16968,21560,5185,9776,12,10,3323,3536,6696,7454,9117,11120,17330,19792,25909,27513,21812,24402,15798,20114,4913,9185,215891,153111,30643,25543,46491,40899,8449,84,34
2021-07-05T23:59:59+02:00,186,148,9157,8763,14233,13438,17731,18370,24404,25909,31149,32406,24384,27210,16959,21546,5184,9774,12,9,3271,3503,6569,7376,8968,10999,17182,19652,25737,27355,21669,24234,15749,20060,4902,9175,215336,152043,30643,25534,46489,40411,8400,84,34
2021-07-04T23:59:59+02:00,171,141,9105,8713,14200,13425,17704,18352,24378,25888,31128,32380,24369,27196,16953,21538,5183,9771,10,8,3222,3459,6503,7334,8879,10928,17096,19566,25607,27243,21544,24105,15707,20008,4900,9168,215058,151379,30642,25522,46474,40014,8338,84,34
2021-07-03T23:59:59+02:00,168,138,8599,8232,14041,13307,17603,18236,24282,25829,31064,32332,24348,27174,16941,21528,5181,9768,9,8,3162,3381,6383,7214,8705,10785,16877,19379,25218,26931,21428,23967,15677,19968,4897,9162,213253,149318,30641,25522,46474,39957,8320,84,34
2021-07-02T23:59:59+02:00,161,134,8030,7774,13898,13198,17511,18159,24213,25760,31004,32270,24310,27132,16935,21508,5179,9763,8,8,3051,3273,6112,7058,8447,10544,16506,19050,24738,26504,21201,23693,15608,19886,4891,9159,211427,146234,30641,25519,46471,39633,8317,84,34
2021-07-01T23:59:59+02:00,148,124,7902,7670,13814,13139,17441,18106,24145,25709,30952,32217,24282,27107,16925,21496,5178,9762,7,7,2863,3087,5764,6775,8008,10123,15916,18572,23968,25837,20712,23222,15481,19724,4879,9134,210639,141637,30636,25506,46464,38607,8295,84,34
2021-06-30T23:59:59+02:00,130,111,7757,7554,13750,13089,17387,18053,24092,25655,30892,32171,24251,27085,16911,21478,5178,9757,6,7,2767,3012,5608,6633,7780,9901,14957,17700,23352,25285,20352,22828,15348,19563,4865,9100,210073,140095,30461,23231,46460,37480,8224,84,34
2021-06-29T23:59:59+02:00,115,98,7690,7456,13703,13049,17350,18008,24039,25594,30841,32111,24231,27058,16900,21462,5175,9753,4,5,2709,2966,5477,6535,7626,9767,14788,17527,23106,25049,20093,22502,15249,19462,4853,9080,209444,138967,30457,23218,46457,36387,8192,84,34
2021-06-28T23:59:59+02:00,110,92,7625,7385,13635,12987,17303,17957,23997,25549,30784,32067,24214,27030,16893,21452,5173,9751,3,4,2678,2933,5408,6482,7535,9695,14691,17445,22954,24835,19891,22256,15194,19393,4849,9066,208900,138362,30455,23206,46449,35593,8117,84,34
2021-06-27T23:59:59+02:00,96,87,7577,7324,13604,12950,17274,17924,23978,25514,30757,32039,24202,27022,16886,21446,5173,9749,2,3,2656,2919,5359,6457,7462,9649,14594,17380,22858,24748,19764,22113,15163,19342,4845,9057,208546,137847,30455,23194,46443,35221,8075,84,34
2021-06-26T23:59:59+02:00,92,84,7076,6783,13211,12650,17159,17820,23913,25457,30721,32004,24193,27005,16882,21435,5172,9748,2,3,2556,2810,5169,6267,7262,9458,14047,16925,22195,24112,19616,21971,15118,19289,4843,9049,206369,134204,30453,23193,46443,35201,8075,66,19
2021-06-25T23:59:59+02:00,91,81,6596,6302,12757,12277,16998,17701,23823,25392,30640,31964,24170,26978,16877,21425,5170,9745,2,3,2455,2656,4993,6072,7002,9160,13514,16391,21642,23524,19420,21761,15059,19222,4839,9037,203968,130496,30453,23193,46443,34986,8058,66,19
2021-06-24T23:59:59+02:00,81,69,6374,6091,12534,12125,16892,17619,23750,25339,30582,31916,24136,26936,16871,21415,5168,9738,2,3,2251,2422,4623,5691,6502,8671,12789,15676,20489,22519,18956,21279,14954,19091,4827,9022,202700,124547,30451,23182,46436,34035,7984,66,19
2021-06-23T23:59:59+02:00,76,67,5806,5594,12372,12014,16773,17507,23675,25291,30518,31866,24103,26913,16864,21401,5164,9734,2,3,2213,2369,4559,5571,6410,8521,12555,15387,20244,22257,18657,20948,14857,18977,4816,9005,202189,123519,29123,23033,46426,32845,7935,66,19
2021-06-22T23:59:59+02:00,70,62,5666,5464,12271,11908,16685,17433,23615,25229,30449,31787,24075,26880,16854,21380,5160,9732,2,2,2161,2332,4465,5489,6285,8374,11685,14727,19830,21849,18321,20593,14748,18838,4806,8984,201247,122594,29116,21341,46407,31652,7885,66,19
2021-06-21T23:59:59+02:00,67,59,5532,5351,12194,11815,16620,17346,23558,25155,30399,31729,24050,26852,16841,21365,5160,9728,2,2,2128,2297,4405,5392,6198,8246,10903,14018,19376,21439,18093,20363,14686,18741,4797,8967,200421,121789,29110,19553,46402,30869,7823,66,19
2021-06-20T23:59:59+02:00,65,57,5415,5227,12027,11638,16554,17223,23509,25089,30357,31673,24034,26830,16835,21350,5155,9723,2,2,2110,2267,4363,5351,6127,8195,10800,13939,19265,21314,17936,20173,14620,18657,4793,8960,199418,121255,29106,19550,46396,30274,7776,66,19
2021-06-19T23:59:59+02:00,61,53,5398,5208,11258,10974,16074,16828,23447,25044,30313,31630,24016,26810,16827,21338,5155,9723,2,2,2037,2146,4158,5116,5843,7911,10471,13602,18208,20454,17762,19981,14587,18592,4788,8948,196816,117007,29106,19550,46395,30257,7775,66,19
2021-06-18T23:59:59+02:00,58,52,5362,5180,10615,10390,15463,16263,23354,24975,30243,31567,23988,26780,16816,21323,5154,9721,2,2,1967,2056,4016,4973,5565,7640,10089,13237,17054,19240,17559,19742,14538,18527,4785,8938,193973,112586,29098,19549,46395,30003,7773,66,19
2021-06-17T23:59:59+02:00,51,43,5247,5076,9936,9886,14974,15874,23254,24887,30161,31473,23948,26734,16802,21302,5153,9718,2,2,1838,1950,3759,4726,5176,7273,9548,12750,15864,18046,17098,19252,14397,18352,4772,8914,191379,107449,29095,19540,46392,29082,7635,19,13
2021-06-16T23:59:59+02:00,49,35,5116,4945,9738,9720,14828,15744,23160,24793,30062,31397,23905,26690,16787,21290,5152,9708,2,2,1796,1909,3651,4636,5071,7152,8515,11897,15591,17747,16803,18917,14262,18182,4766,8881,190202,106549,29083,17661,46390,28131,7426,19,13
2021-06-15T23:59:59+02:00,43,29,4934,4763,9554,9566,14691,15600,23068,24702,29986,31312,23862,26616,16760,21257,5144,9693,2,2,1737,1853,3568,4540,4977,7034,8399,11754,15409,17517,16484,18606,14120,18013,4743,8822,188884,105774,29080,17657,46371,26909,7227,19,13
2021-06-14T23:59:59+02:00,41,26,4857,4701,9463,9457,14614,15510,22996,24630,29915,31249,23830,26577,16745,21239,5141,9687,2,2,1717,1830,3533,4514,4936,7001,8298,11691,15273,17383,16304,18401,14027,17915,4738,8814,188138,105547,29074,17655,46365,26081,7083,19,13
2021-06-13T23:59:59+02:00,40,25,4800,4652,9380,9383,14529,15444,22934,24579,29848,31196,23804,26549,16736,21229,5141,9685,2,2,1670,1817,3489,4490,4881,6959,8225,11653,15173,17287,16147,18217,13973,17841,4731,8807,187559,105265,29067,17653,46349,25472,6961,19,13
2021-06-12T23:59:59+02:00,38,23,4781,4637,9352,9359,14290,15266,22804,24448,29803,31151,23783,26532,16727,21221,5140,9683,2,2,1548,1694,3253,4280,4474,6659,7677,11222,13396,15596,15793,17844,13892,17739,4729,8792,186646,98560,29067,17652,46349,25408,6959,18,13
2021-06-11T23:59:59+02:00,34,22,4728,4586,9271,9308,13970,15044,22608,24300,29707,31060,23746,26487,16709,21209,5139,9680,2,2,1448,1561,3062,4065,4178,6293,7165,10677,11750,13702,15311,17264,13779,17591,4714,8778,185290,91618,29062,17651,46347,25168,6892,18,13
2021-06-10T23:59:59+02:00,28,19,4443,4363,8724,8980,12693,14019,22040,23847,29333,30754,23610,26328,16657,21141,5126,9665,2,2,1328,1473,2826,3883,3852,6009,6728,10285,10330,12368,14796,16686,13607,17383,4699,8751,179947,87063,29045,17648,46342,23863,6421,16,13
2021-06-09T23:59:59+02:00,25,15,4210,4202,8131,8689,11794,13357,21718,23635,29104,30603,23546,26265,16637,21116,5123,9661,2,2,1243,1419,2670,3810,3711,5928,6519,10191,10064,12189,14470,16334,13435,17203,4692,8730,177836,86722,27776,17543,46336,22466,5868,16,13
2021-06-08T23:59:59+02:00,21,12,4082,4103,7730,8461,11307,13066,21492,23454,28904,30448,23488,26192,16605,21074,5117,9652,2,2,1166,1392,2533,3751,3551,5857,5621,9440,9591,11822,14132,15925,13209,16962,4678,8708,176084,86356,27405,15386,46311,21194,5393,16,13
2021-06-07T23:59:59+02:00,16,10,3962,4027,7490,8355,11017,12887,21288,23341,28750,30329,23430,26138,16587,21049,5113,9644,2,2,1118,1277,2412,3687,3421,5794,5455,9365,9380,11693,13901,15665,13052,16793,4671,8689,174850,86165,27394,15381,46303,19947,4871,16,13
2021-06-06T23:59:59+02:00,14,10,3845,3969,7253,8236,10767,12723,21101,23253,28664,30238,23399,26104,16575,21031,5110,9639,2,2,1098,1260,2348,3652,3324,5739,5348,9290,9261,11593,13746,15509,12979,16699,4668,8682,173699,85969,27376,15375,46293,19295,4548,16,13
2021-06-05T23:59:59+02:00,14,10,3816,3932,7214,8196,10590,12571,20473,22742,28502,30094,23349,26059,16561,21012,5110,9635,2,1,1066,1161,2180,3198,3091,5199,5179,8957,8481,10635,13092,14668,12867,16552,4657,8672,171660,80573,27376,15375,46292,19159,4538,15,13
2021-06-04T23:59:59+02:00,14,10,3786,3905,7175,8169,10492,12479,20108,22412,28398,29997,23314,26021,16547,21003,5108,9634,2,1,1034,1094,2082,2886,2931,4721,5022,8585,7965,9977,11590,12948,12740,16355,4650,8654,170373,74183,27363,15374,46291,19136,4531,15,13
2021-06-03T23:59:59+02:00,9,6,3650,3804,6957,8028,9936,12055,18886,21480,28000,29685,23183,25880,16494,20941,5104,9620,2,1,984,1049,1994,2775,2792,4563,4819,8276,7600,9528,11210,12547,12629,16241,4647,8641,165618,72391,27352,15371,46287,18076,4447,15,13
2021-06-02T23:59:59+02:00,9,6,3642,3796,6944,8011,9924,12044,18697,21299,27928,29636,23160,25859,16488,20932,5101,9618,2,1,979,1041,1982,2746,2769,4544,4607,8091,7064,9039,11173,12505,12614,16226,4643,8635,165547,72281,26807,13877,46287,18051,4439,15,13
2021-06-01T23:59:59+02:00,8,5,3516,3721,6703,7862,9639,11850,18240,20954,27690,29440,23067,25757,16447,20879,5098,9606,2,1,942,993,1896,2676,2688,4469,4328,7857,6465,8504,10959,12291,12516,16125,4638,8623,163852,71832,26029,12585,46272,17228,4315,15,13
2021-05-31T23:59:59+02:00,8,5,3470,3677,6612,7795,9503,11748,18114,20864,27598,29363,23000,25695,16430,20850,5093,9599,2,1,913,965,1826,2633,2608,4426,4220,7793,6343,8426,10771,12121,12415,16009,4628,8615,163005,71463,26000,12578,46259,16516,4146,15,12
2021-05-30T23:59:59+02:00,8,4,3439,3652,6547,7739,9411,11654,18025,20785,27522,29291,22955,25650,16408,20822,5087,9589,2,1,906,957,1815,2624,2594,4412,4191,7768,6290,8384,10710,12042,12381,15965,4623,8606,162294,71419,25994,12575,46242,16221,4044,15,12
2021-05-29T23:59:59+02:00,8,4,3428,3635,6512,7711,9368,11615,17987,20745,27374,29185,22900,25576,16393,20802,5084,9585,1,1,870,938,1758,2578,2522,4328,4000,7512,6015,8085,8500,9379,12188,15623,4608,8577,161631,65158,25994,12573,46229,15696,4044,15,12
2021-05-28T23:59:59+02:00,8,4,3365,3580,6381,7634,9228,11483,17829,20613,27191,29062,22839,25498,16373,20785,5083,9584,1,1,857,925,1739,2555,2484,4273,3848,7216,5820,7821,5783,6251,11916,15223,4592,8528,160274,58250,25992,12573,46225,14963,4035,15,12
2021-05-27T23:59:59+02:00,8,4,3221,3457,6095,7454,8625,11150,17352,20273,26778,28714,22671,25333,16315,20722,5076,9566,1,1,810,868,1654,2458,2365,4139,3425,6244,5396,7221,5622,6075,11835,15148,4586,8511,156804,57760,25932,12526,46217,12214,3847,15,12
2021-05-26T23:59:59+02:00,8,4,3115,3373,5875,7287,8256,10865,16888,19966,26477,28477,22521,25200,16263,20648,5063,9546,1,1,794,858,1601,2433,2312,4107,3351,6168,5297,7148,5486,5948,11769,15080,4581,8499,154106,57676,25913,12524,46195,11618,3604,15,12
2021-05-25T23:59:59+02:00,8,4,3024,3311,5733,7170,8060,10701,15885,19188,26123,28123,22363,25042,16210,20568,5056,9536,1,1,775,841,1564,2386,2241,4047,3274,6096,5211,7083,5319,5778,11661,14999,4573,8487,152543,57604,23994,12334,46177,11009,3378,14,12
2021-05-24T23:59:59+02:00,8,4,2959,3295,5647,7125,7944,10639,14970,18497,25709,27812,22269,24938,16179,20532,5049,9524,1,1,766,839,1543,2369,2199,4010,3229,6048,5134,7003,5217,5671,11579,14924,4572,8481,151821,57566,21921,12258,46167,10572,3178,14,12
2021-05-23T23:59:59+02:00,8,3,2956,3290,5638,7117,7934,10631,14964,18496,25708,27811,22269,24938,16179,20532,5049,9524,1,1,764,836,1535,2362,2186,3997,3210,6033,5113,6970,5172,5619,11563,14901,4571,8479,151788,57558,21921,12258,46165,10325,3160,14,12
2021-05-22T23:59:59+02:00,7,3,2919,3246,5561,7067,7834,10545,14765,18333,25425,27565,22169,24852,16147,20488,5046,9519,1,1,742,816,1488,2309,2134,3916,3097,5911,4796,6395,4601,4869,10914,14076,4561,8440,150252,54308,21921,12257,46165,9350,3140,14,12
2021-05-21T23:59:59+02:00,5,3,2847,3174,5434,6966,7705,10398,14506,18104,25129,27329,22054,24744,16114,20440,5042,9510,1,1,715,763,1419,2180,2032,3647,2913,5578,4315,5500,4184,4329,10168,13135,4495,8314,148305,50558,21919,12257,46159,7754,3108,14,12
2021-05-20T23:59:59+02:00,5,3,2716,3018,5151,6711,7421,10027,14044,17619,24519,26777,21781,24448,16020,20319,5028,9480,0,1,702,753,1393,2156,1995,3613,2859,5521,4233,5421,4056,4225,10091,13072,4486,8302,144149,50461,21909,12246,46134,7278,2882,14,12
2021-05-19T23:59:59+02:00,5,3,2663,2965,5053,6569,7278,9846,12902,16583,24256,26486,21684,24321,15977,20258,5019,9473,0,1,685,727,1367,2108,1962,3527,2796,5374,4140,5312,3975,4136,10039,13007,4483,8298,142767,50430,19843,12179,46063,6661,2655,14,12
2021-05-18T23:59:59+02:00,5,3,2636,2940,5004,6536,7224,9814,12548,16309,24076,26333,21592,24232,15947,20205,5012,9461,0,1,656,669,1311,1980,1887,3326,2697,5165,4011,5116,3752,3858,9956,12927,4474,8288,142480,50405,18991,11177,46018,6105,2375,14,12
2021-05-17T23:59:59+02:00,5,3,2610,2921,4959,6466,7136,9705,12396,16130,23926,26170,21541,24182,15928,20183,5007,9454,0,1,648,655,1295,1944,1866,3276,2648,5058,3932,5001,3616,3706,9887,12864,4471,8281,141505,50378,18983,11167,46001,5372,2220,14,12
2021-05-16T23:59:59+02:00,5,3,2598,2908,4937,6399,7098,9622,12339,16057,23874,26110,21517,24165,15918,20169,5004,9451,0,1,643,651,1285,1941,1849,3267,2627,5047,3903,4978,3562,3639,9848,12832,4470,8279,141070,50363,18973,11156,45981,5155,2136,14,12
2021-05-15T23:59:59+02:00,4,3,2475,2772,4749,6193,6907,9434,11820,15638,23283,25557,21410,24047,15884,20126,5001,9443,0,1,594,588,1203,1851,1714,3114,2342,4738,3451,4469,3231,3211,9684,12627,4446,8250,137673,47406,18972,11156,45976,4829,2111,14,12
2021-05-14T23:59:59+02:00,4,3,2362,2596,4553,5970,6629,9122,11282,15126,22716,24987,21264,23907,15848,20068,4997,9432,0,1,531,512,1100,1730,1553,2898,2012,4333,2850,3881,2844,2773,9599,12478,4442,8246,133852,44470,18965,11153,45953,4066,2082,14,12
2021-05-13T23:59:59+02:00,4,3,2185,2312,4230,5585,6203,8651,10720,14436,21679,24072,20982,23633,15788,19969,4990,9417,0,1,527,512,1087,1715,1538,2880,2002,4309,2833,3860,2827,2759,9592,12474,4441,8246,127951,44418,18909,11144,45927,3971,2058,14,12
2021-05-12T23:59:59+02:00,4,3,2184,2310,4219,5582,6194,8645,10618,14314,21624,24032,20977,23622,15783,19961,4989,9417,0,1,520,490,1051,1661,1488,2801,1918,4222,2774,3801,2746,2664,9541,12401,4441,8246,127897,44414,18585,10317,45927,3968,2055,14,12
2021-05-11T23:59:59+02:00,4,3,2063,2271,4134,5519,6067,8530,10309,14063,21431,23870,20899,23550,15767,19929,4985,9412,0,1,495,466,990,1601,1418,2710,1819,4082,2701,3726,2592,2436,9476,12300,4440,8246,126948,44396,18248,9479,45643,3659,1953,14,12
2021-05-10T23:59:59+02:00,4,3,2024,2195,4027,5397,5929,8352,9518,13299,21052,23549,20808,23460,15727,19875,4975,9399,0,1,483,438,954,1538,1353,2619,1731,3921,2619,3634,2566,2417,9466,12282,4436,8241,125806,44383,16404,9300,45539,3173,1831,13,12
2021-05-09T23:59:59+02:00,4,3,1992,2182,3989,5359,5875,8303,9449,13230,20982,23476,20771,23419,15712,19848,4972,9385,0,1,476,431,931,1494,1327,2570,1697,3859,2581,3591,2557,2404,9455,12265,4436,8233,125356,44323,16399,9297,45441,2934,1742,13,12
2021-05-08T23:59:59+02:00,4,3,1929,2080,3807,5184,5601,8095,9139,12944,19849,22548,20576,23226,15679,19779,4967,9373,0,1,407,402,867,1454,1250,2496,1609,3758,2362,3378,2008,1976,9360,12179,4435,8233,121201,42835,16398,9296,45438,2298,1740,6,6
2021-05-07T23:59:59+02:00,4,3,1843,1967,3626,5015,5281,7800,8727,12569,18597,21273,20392,23013,15635,19722,4958,9354,0,1,321,347,755,1379,1118,2367,1475,3616,2186,3184,1636,1634,8870,11730,4434,8231,116255,41091,16394,9291,45416,1188,1708,6,6
2021-05-06T23:59:59+02:00,4,3,1659,1857,3341,4759,4831,7392,8085,12008,17351,20031,20059,22635,15527,19557,4948,9343,0,1,304,337,736,1349,1078,2320,1426,3531,2118,3116,1601,1578,8853,11699,4428,8228,110393,41069,16387,9285,45179,918,1425,6,6
2021-05-05T23:59:59+02:00,4,3,1589,1827,3255,4672,4752,7285,7954,11857,17197,19886,19939,22515,15451,19460,4926,9247,0,1,294,326,693,1297,1015,2244,1343,3382,2010,3000,1508,1479,8436,11131,4422,8211,109622,41028,16244,8156,45007,662,940,6,6
2021-05-04T23:59:59+02:00,4,3,1562,1797,3207,4593,4692,7174,7704,11561,16635,19305,19851,22382,15375,19362,4896,9133,0,1,278,314,670,1267,994,2190,1285,3262,1897,2841,1435,1372,8365,11027,4417,8193,108907,41001,14897,7880,44902,397,524,6,6
2021-05-03T23:59:59+02:00,4,3,1554,1793,3197,4577,4654,7149,7450,11327,15940,18708,19787,22297,15349,19328,4890,9123,0,1,263,294,648,1183,944,2102,1221,3123,1799,2704,1368,1292,8340,10992,4413,8184,108812,40990,13298,7672,44862,51,152,6,6
2021-05-02T23:59:59+02:00,4,3,1553,1791,3190,4575,4649,7145,7436,11316,15921,18696,19770,22289,15349,19326,4889,9123,0,1,263,291,645,1182,939,2099,1211,3117,1791,2697,1354,1285,8339,10987,4412,8184,108783,40967,13294,7670,44836,48,106,6,6
2021-05-01T23:59:59+02:00,4,3,1423,1648,2913,4326,4182,6789,6817,10835,13985,16815,19388,21890,15258,19210,4886,9107,0,1,261,291,642,1180,938,2096,1209,3115,1789,2693,1349,1280,8337,10985,4412,8184,101247,40935,13294,7670,44830,48,103,5,6
2021-04-30T23:59:59+02:00,3,3,1303,1503,2695,4105,3853,6393,6250,10243,12197,14781,18930,21349,15154,19069,4872,9096,0,1,256,290,635,1173,922,2088,1196,3105,1778,2679,1339,1271,8333,10980,4411,8183,93639,40889,13294,7670,44830,44,31,5,6
2021-04-29T23:59:59+02:00,2,3,1190,1441,2528,3980,3614,6189,5893,9942,10855,13500,18670,21071,15111,18999,4868,9090,0,1,255,286,630,1165,910,2082,1176,3100,1747,2642,1313,1247,8327,10971,4411,8183,88952,40856,13285,7536,44690,34,14,5,6
2021-04-28T23:59:59+02:00,2,3,1137,1435,2477,3960,3563,6165,5830,9909,10757,13431,18638,21037,15103,18983,4868,9087,0,1,255,285,627,1164,907,2080,1171,3096,1739,2641,1306,1228,7881,10449,4411,8183,88682,40832,13235,6544,44450,30,13,5,5
2021-04-27T23:59:59+02:00,2,3,1092,1408,2371,3915,3498,6136,5711,9852,10640,13353,18604,20997,15090,18968,4866,9085,0,1,254,285,625,1156,906,2078,1166,3093,1735,2637,1294,1211,7463,9866,4411,8183,88167,40812,13181,5510,44226,25,12,5,5
2021-04-26T23:59:59+02:00,2,3,1052,1379,2280,3822,3371,6035,5542,9731,10336,13093,18542,20942,15081,18950,4864,9085,0,1,253,284,624,1154,900,2074,1159,3090,1717,2628,1279,1198,7454,9846,4411,8183,86826,40725,13170,5489,44097,24,12,5,5
2021-04-25T23:59:59+02:00,2,3,1049,1377,2272,3819,3364,6030,5522,9722,10301,13062,18532,20930,15080,18944,4864,9084,0,1,252,284,624,1153,900,2074,1157,3090,1717,2628,1279,1198,7454,9844,4411,8183,86801,40723,13162,5486,43978,24,11,5,5
2021-04-24T23:59:59+02:00,2,2,1007,1264,2084,3281,3093,5414,5330,9309,9465,12015,17823,20033,14967,18784,4856,9073,0,1,251,283,623,1152,900,2073,1157,3089,1711,2623,1276,1193,7452,9842,4411,8182,80672,40698,13162,5482,43953,24,10,5,5
2021-04-23T23:59:59+02:00,1,2,974,1180,1972,2935,2910,4862,5134,8880,8909,11293,16191,18169,14818,18578,4848,9050,0,1,251,283,622,1152,898,2071,1156,3089,1710,2622,1271,1188,7448,9840,4411,8181,73637,40684,13161,5471,43893,24,10,5,5
2021-04-22T23:59:59+02:00,1,2,969,1168,1953,2919,2890,4842,5077,8834,8794,11188,16118,18091,14791,18548,4846,9045,0,1,249,283,618,1151,895,2070,1148,3077,1694,2602,1247,1166,7443,9832,4411,8181,73584,40670,13103,5360,43374,23,10,5,5
2021-04-21T23:59:59+02:00,1,2,959,1160,1939,2907,2862,4816,5029,8779,8686,11065,16031,18006,14762,18514,4846,9040,0,1,245,280,608,1142,881,2040,1138,3052,1684,2575,1234,1152,7217,9513,4410,8181,73539,40661,13045,4655,42805,22,10,5,5
2021-04-20T23:59:59+02:00,1,2,932,1112,1887,2793,2789,4653,4935,8600,8512,10856,15798,17724,14703,18455,4839,9034,0,1,232,277,590,1121,855,2008,1109,3026,1649,2534,1214,1138,7208,9508,4409,8181,73500,40640,11916,4388,42194,18,10,5,4
2021-04-19T23:59:59+02:00,1,2,923,1104,1853,2773,2739,4628,4811,8539,8312,10744,15706,17626,14681,18436,4839,9028,0,1,226,269,572,1100,836,1975,1091,2983,1603,2479,1196,1119,7201,9505,4407,8180,73099,40604,11895,4109,41736,16,10,5,4
2021-04-18T23:59:59+02:00,1,2,920,1103,1848,2767,2731,4616,4793,8528,8272,10701,15656,17567,14671,18419,4838,9026,0,1,226,269,572,1099,835,1975,1090,2983,1603,2478,1196,1118,7199,9504,4406,8180,73053,40597,11891,4107,41500,16,10,5,4
2021-04-17T23:59:59+02:00,0,2,888,1088,1799,2728,2663,4537,4638,8385,8008,10472,13284,14665,14472,18065,4821,8992,0,1,224,269,572,1096,831,1968,1078,2974,1592,2458,1156,1075,6866,9089,4381,8132,66223,39636,11891,4096,41378,16,10,5,4
2021-04-16T23:59:59+02:00,0,2,882,1082,1787,2718,2621,4497,4546,8301,7828,10278,10444,11409,14202,17647,4802,8937,0,1,223,265,570,1092,826,1964,1069,2971,1584,2445,1143,1060,6860,9083,4379,8129,58941,39555,11888,4079,41139,16,10,5,4
2021-04-15T23:59:59+02:00,0,2,870,1077,1765,2704,2578,4463,4428,8241,7597,10077,10193,11191,14140,17581,4795,8923,0,1,221,264,570,1090,825,1962,1066,2968,1581,2442,1137,1055,6858,9081,4379,8129,58915,39540,11886,4060,39809,15,10,5,4
2021-04-14T23:59:59+02:00,0,2,852,1050,1706,2623,2488,4339,4238,8057,7322,9793,9819,10706,13991,17400,4789,8911,0,1,197,239,529,1037,802,1895,1030,2888,1530,2379,1111,1025,6853,9073,4379,8128,58878,39524,10939,3545,38254,13,10,5,4
2021-04-13T23:59:59+02:00,0,2,828,1028,1669,2570,2419,4255,4137,7918,7110,9573,9411,10187,13845,17233,4784,8897,0,1,162,216,494,989,761,1801,995,2778,1477,2309,1092,990,6837,9062,4378,8128,58825,39459,9990,2990,37036,7,10,5,4
2021-04-12T23:59:59+02:00,0,2,823,1026,1650,2566,2390,4242,4085,7867,6969,9401,9144,9872,13782,17173,4773,8880,0,1,151,202,466,949,739,1737,975,2706,1433,2259,1070,973,6820,9042,4375,8123,58766,39342,9959,2658,35905,7,10,5,4
2021-04-11T23:59:59+02:00,0,2,822,1025,1639,2566,2376,4239,4062,7855,6904,9339,9011,9707,13755,17125,4768,8871,0,1,151,202,466,947,737,1735,973,2706,1431,2259,1070,973,6818,9042,4375,8123,58752,39332,9957,2657,35342,6,10,5,4
2021-04-10T23:59:59+02:00,0,2,806,1021,1610,2537,2339,4210,3992,7796,6771,9222,8452,8973,13088,16271,4757,8829,0,1,148,201,464,944,731,1732,973,2699,1422,2252,1056,957,6346,8542,4359,8107,55414,38259,9955,2655,35292,6,10,5,4
2021-04-09T23:59:59+02:00,0,2,785,993,1569,2488,2273,4130,3839,7636,6424,8889,7925,8314,12266,15247,4685,8690,0,1,146,199,462,938,724,1724,964,2689,1407,2241,1034,934,6104,8269,4339,8080,51426,37584,9948,2651,34766,6,10,5,4
2021-04-08T23:59:59+02:00,0,2,775,983,1542,2464,2207,4081,3706,7547,6168,8587,7307,7659,12104,15047,4674,8674,0,1,146,197,457,934,719,1717,956,2678,1398,2228,1022,931,6101,8267,4338,8080,51391,37561,9923,2589,32198,6,10,5,4
2021-04-07T23:59:59+02:00,0,2,768,974,1516,2446,2148,4043,3619,7477,5937,8322,6750,7024,11494,14300,4661,8646,0,1,127,190,425,887,673,1648,899,2608,1348,2159,1001,915,6093,8261,4337,8080,51361,37537,8767,2096,29985,6,9,5,4
2021-04-06T23:59:59+02:00,0,2,763,972,1504,2438,2119,4020,3546,7428,5756,8150,6304,6516,11290,14083,4646,8615,0,1,104,169,377,827,628,1573,855,2508,1295,2095,975,898,6074,8246,4335,8076,51292,37506,8582,1512,28265,6,8,5,4
2021-04-05T23:59:59+02:00,0,2,758,968,1488,2430,2093,4010,3495,7402,5612,8039,6099,6298,11223,13996,4640,8605,0,1,98,166,376,825,621,1564,846,2493,1282,2076,947,867,4967,6843,4258,7970,51092,34680,8578,1502,27475,6,8,5,4
2021-04-04T23:59:59+02:00,0,2,756,962,1486,2428,2089,4008,3477,7395,5602,8032,6088,6278,11209,13978,4638,8602,0,1,98,166,374,823,618,1559,839,2486,1267,2057,924,845,3957,5681,4192,7864,51077,32231,8576,1502,27364,6,8,5,4
2021-04-03T23:59:59+02:00,0,2,705,906,1404,2357,1966,3869,3218,7134,5140,7541,5743,5822,11037,13760,4610,8574,0,1,94,166,374,821,618,1557,838,2486,1267,2057,924,845,3957,5678,4192,7863,47838,32218,8576,1502,27361,6,8,5,4
2021-04-02T23:59:59+02:00,0,2,661,872,1348,2289,1868,3755,2965,6873,4622,7062,5351,5361,10935,13594,4605,8568,0,1,94,166,374,821,618,1557,837,2486,1265,2056,922,843,3955,5675,4191,7863,44902,32206,8575,1501,27242,6,7,5,4
2021-04-01T23:59:59+02:00,0,2,658,869,1338,2284,1848,3747,2936,6859,4547,6989,5242,5251,10896,13545,4604,8563,0,1,94,166,372,817,616,1553,837,2483,1261,2052,912,842,3950,5672,4190,7862,44885,32194,8430,1469,26851,6,7,5,4
2021-03-31T23:59:59+02:00,0,2,656,867,1330,2267,1840,3737,2908,6831,4484,6943,5102,5089,10381,12936,4600,8555,0,1,94,166,371,817,616,1553,837,2483,1259,2052,911,842,3950,5671,4190,7861,44872,32188,7297,1469,26348,6,7,4,4
2021-03-30T23:59:59+02:00,0,2,647,864,1311,2247,1811,3708,2871,6796,4398,6854,4933,4896,9854,12234,4593,8541,0,1,89,164,370,813,611,1551,832,2477,1251,2049,901,832,3942,5668,4189,7860,44848,32167,6108,1416,25593,6,7,4,4
2021-03-29T23:59:59+02:00,0,2,642,855,1298,2214,1793,3677,2840,6754,4326,6768,4733,4698,9768,12140,4590,8527,0,1,89,164,369,811,605,1547,829,2470,1245,2041,893,826,3934,5660,4189,7860,44778,32148,5890,1369,24946,5,7,4,4
2021-03-28T23:59:59+02:00,0,2,639,853,1295,2211,1778,3667,2824,6742,4291,6716,4638,4588,9732,12076,4585,8520,0,1,89,164,369,809,605,1547,826,2470,1243,2041,892,826,3933,5660,4189,7860,44756,32146,5881,1362,24509,5,7,4,4
2021-03-27T23:59:59+01:00,0,2,635,848,1285,2207,1761,3650,2796,6712,4128,6572,4058,4133,9503,11830,4572,8501,0,1,89,164,367,807,603,1545,824,2467,1235,2035,888,822,3754,5370,4082,7687,42809,31362,5877,1362,24496,5,7,4,4
2021-03-26T23:59:59+01:00,0,2,630,840,1277,2196,1739,3633,2771,6690,4052,6494,3649,3767,8901,11271,4559,8487,0,1,89,164,367,806,602,1542,820,2464,1226,2031,875,809,3027,4426,3873,7339,40868,29083,5864,1362,24215,5,7,4,4
2021-03-25T23:59:59+01:00,0,2,623,835,1264,2182,1720,3609,2712,6651,3968,6416,3475,3548,8790,11160,4553,8481,0,1,89,164,367,806,602,1541,820,2463,1224,2031,875,809,3026,4425,3872,7338,40854,29075,5756,1362,23368,5,7,4,4
2021-03-24T23:59:59+01:00,0,2,618,827,1231,2156,1675,3564,2634,6582,3811,6264,3156,3184,8379,10609,4544,8468,0,1,85,162,355,793,586,1523,787,2429,1174,1998,841,771,3017,4419,3872,7335,40830,28771,4997,1361,21866,5,7,4,4
2021-03-23T23:59:59+01:00,0,2,606,819,1206,2124,1633,3516,2552,6503,3662,6110,2775,2800,8162,10391,4536,8449,0,1,80,158,343,773,551,1492,726,2365,1073,1916,758,711,2980,4384,3868,7331,40785,28140,4706,1354,20345,5,7,3,4
2021-03-22T23:59:59+01:00,0,2,582,709,1169,2071,1600,3460,2499,6433,3521,5980,2532,2561,7831,10036,4520,8413,0,1,80,157,343,773,551,1490,724,2363,1070,1916,756,707,2976,4378,3866,7328,40316,28109,4384,1354,19209,5,7,3,4
2021-03-21T23:59:59+01:00,0,2,581,706,1163,2062,1588,3450,2482,6418,3483,5946,2390,2396,7738,9924,4511,8398,0,1,80,157,343,772,551,1490,723,2362,1070,1916,756,707,2976,4377,3866,7327,40311,28104,4370,1354,18547,5,7,3,4
2021-03-20T23:59:59+01:00,0,2,580,706,1161,2055,1581,3443,2476,6411,3465,5923,2357,2358,7246,9406,4494,8381,0,1,80,157,343,772,550,1490,721,2361,1070,1914,756,707,2976,4375,3864,7325,39267,28092,4358,1354,18410,5,7,3,4
2021-03-19T23:59:59+01:00,0,2,573,698,1142,2035,1546,3419,2408,6273,3401,5816,2175,2177,6937,9086,4472,8356,0,1,80,157,342,767,546,1487,716,2353,1061,1901,747,700,2546,3774,3441,6571,38657,25824,4341,1354,17508,1,7,3,4
2021-03-18T23:59:59+01:00,0,2,558,681,1122,2006,1519,3389,2368,6205,3326,5728,2021,1981,6816,8967,4466,8345,0,1,79,157,342,766,545,1487,715,2349,1057,1900,740,697,2496,3702,3414,6529,38636,25633,4329,1332,16526,1,6,3,4
2021-03-17T23:59:59+01:00,0,1,529,652,1077,1949,1482,3304,2291,6087,3173,5572,1766,1716,6650,8814,4456,8330,0,1,78,153,330,738,529,1443,693,2291,1019,1859,723,678,2255,3408,3327,6399,38564,24653,3802,1260,15474,1,6,3,4
2021-03-16T23:59:59+01:00,0,1,486,624,1037,1894,1430,3199,2226,5933,3057,5438,1566,1491,6515,8666,4445,8307,0,1,72,138,309,682,499,1367,664,2156,989,1731,673,628,2140,3270,3301,6312,38505,23894,3185,1028,14617,1,5,3,4
2021-03-15T23:59:59+01:00,0,1,474,612,1004,1844,1397,3132,2196,5848,2971,5354,1440,1357,5929,7977,4405,8243,0,1,69,131,295,624,484,1247,626,2026,948,1617,643,607,2102,3231,3286,6248,37263,23488,2833,694,14085,1,0,3,2
2021-03-14T23:59:59+01:00,0,1,469,605,995,1832,1393,3114,2180,5830,2936,5327,1397,1306,5533,7528,4382,8225,0,1,68,126,291,601,478,1220,620,1970,938,1592,643,607,2102,3231,3285,6246,36439,23482,2828,534,13783,1,0,3,2
2021-03-13T23:59:59+01:00,0,1,449,586,958,1782,1340,3050,1923,5243,2695,4913,1291,1193,4871,6678,4334,8151,0,1,68,126,290,598,476,1218,618,1968,937,1588,641,602,1739,2745,2758,5483,34751,21319,2824,534,11880,1,0,3,2
2021-03-12T23:59:59+01:00,0,1,433,565,937,1739,1309,2967,1720,4456,2489,4464,1219,1109,4170,5881,4287,8069,0,1,68,124,289,594,476,1215,616,1960,933,1582,638,596,1410,2198,2214,4687,33071,19064,2821,534,9920,1,0,3,2
2021-03-11T23:59:59+01:00,0,1,429,558,927,1725,1294,2948,1695,4420,2452,4427,1145,1053,4125,5844,4284,8065,0,1,68,116,283,572,461,1163,607,1911,914,1546,626,583,1404,2180,2205,4636,33032,18812,2724,462,9633,1,0,3,1
2021-03-10T23:59:59+01:00,0,1,410,546,881,1666,1238,2870,1621,4323,2385,4334,1111,1030,4109,5827,4283,8063,0,1,68,116,281,568,458,1156,602,1888,914,1541,621,575,1343,2093,2160,4579,33017,18525,2153,437,9525,1,0,3,1
2021-03-09T23:59:59+01:00,0,1,389,530,836,1617,1195,2806,1579,4240,2342,4281,1090,1019,4103,5820,4282,8062,0,1,66,115,280,567,457,1145,600,1875,907,1536,618,569,1137,1781,2042,4400,32971,17686,1707,408,9511,1,0,3,1
2021-03-08T23:59:59+01:00,0,1,382,519,825,1601,1186,2789,1571,4213,2329,4268,1077,1007,4066,5772,4280,8057,0,1,65,115,276,562,453,1139,598,1871,903,1534,618,569,1067,1690,1997,4355,32837,17427,1610,384,9493,1,0,3,1
2021-03-07T23:59:59+01:00,0,1,381,516,824,1600,1184,2787,1568,4206,2319,4263,1070,999,4060,5766,4279,8056,0,1,63,112,267,540,441,1113,582,1771,868,1459,617,569,962,1559,1945,4284,32820,17060,1570,92,9486,0,0,3,1
2021-03-06T23:59:59+01:00,0,1,373,500,805,1567,1160,2729,1527,4138,2126,3766,1040,962,3887,5493,4177,7891,0,1,63,112,267,540,441,1112,582,1771,868,1459,617,569,959,1558,1942,4283,32102,17051,1570,92,8467,0,0,3,1
2021-03-05T23:59:59+01:00,0,1,360,461,773,1463,1110,2513,1452,3925,1912,3102,1009,917,3130,4527,3972,7547,0,1,63,111,266,537,438,1106,581,1766,864,1456,614,567,920,1500,1919,4241,29781,16857,1569,92,6821,0,0,3,1
2021-03-04T23:59:59+01:00,0,1,347,452,765,1443,1097,2490,1433,3896,1890,3083,995,913,3126,4523,3969,7545,0,1,62,109,263,534,434,1090,571,1744,863,1448,612,565,883,1446,1896,4204,29768,16695,1530,29,6667,0,0,3,1
2021-03-03T23:59:59+01:00,0,1,338,421,746,1392,1067,2407,1383,3741,1810,2986,962,867,3116,4517,3969,7542,0,1,61,108,260,531,433,1086,569,1735,860,1444,612,564,863,1393,1808,4057,29452,16357,1530,27,6280,0,0,3,1
2021-03-02T23:59:59+01:00,0,1,332,413,731,1369,1019,2362,1315,3656,1694,2887,874,802,3073,4478,3963,7537,0,1,61,108,259,527,432,1078,569,1729,860,1440,611,564,863,1393,1808,4057,28813,16332,1466,27,6224,0,0,3,1
2021-03-01T23:59:59+01:00,0,1,328,399,724,1322,1006,2304,1295,3573,1667,2837,855,793,3065,4468,3962,7537,0,1,61,107,258,523,427,1064,565,1716,851,1432,610,562,766,1238,1751,3977,28772,15881,1414,27,5947,0,0,3,1
2021-02-28T23:59:59+01:00,0,1,323,387,716,1283,992,2227,1281,3485,1644,2758,851,783,3063,4464,3961,7534,0,1,61,107,257,523,427,1063,565,1716,849,1432,610,561,669,1113,1703,3896,28756,15526,1410,26,5584,0,0,3,1
2021-02-27T23:59:59+01:00,0,1,314,366,702,1256,973,2191,1246,3416,1621,2705,833,767,3060,4464,3960,7534,0,1,60,107,257,523,427,1063,564,1716,847,1432,610,561,669,1113,1703,3896,28752,15522,1410,26,5244,0,0,3,1
2021-02-26T23:59:59+01:00,0,1,288,315,655,1192,909,2073,1156,3249,1516,2568,804,744,2623,3858,3533,6756,0,1,60,107,254,520,427,1061,562,1714,844,1426,606,559,662,1101,1694,3877,26458,15448,1410,26,4369,0,0,3,1
2021-02-25T23:59:59+01:00,0,1,283,302,641,1162,888,2031,1137,3183,1498,2523,801,740,2576,3786,3503,6712,0,1,58,104,250,512,427,1057,557,1704,841,1415,600,555,585,992,1647,3819,26239,15099,1410,24,4115,0,0,3,1
2021-02-24T23:59:59+01:00,0,1,264,292,590,1116,841,1963,1079,3088,1454,2465,784,721,2335,3484,3414,6574,0,1,57,99,245,505,421,1038,548,1682,838,1395,593,543,571,972,1636,3796,25239,14923,1410,16,3813,0,0,3,1
2021-02-23T23:59:59+01:00,0,1,252,271,561,1060,804,1888,1011,2938,1380,2363,732,671,2220,3344,3388,6481,0,1,57,97,243,499,421,1022,538,1650,830,1373,584,536,555,921,1624,3743,24433,14677,1405,16,3524,0,0,3,1
2021-02-22T23:59:59+01:00,0,1,248,265,548,997,784,1812,985,2844,1344,2303,707,649,2190,3307,3379,6418,0,1,57,96,237,493,419,1009,529,1632,826,1348,570,522,532,895,1618,3688,24027,14456,1405,15,3346,0,0,3,1
2021-02-21T23:59:59+01:00,0,1,245,258,539,972,771,1775,977,2796,1314,2277,707,647,2188,3307,3378,6417,0,1,57,96,236,493,419,1009,529,1632,826,1347,570,521,532,895,1618,3687,24021,14452,1405,15,3140,0,0,3,1
2021-02-20T23:59:59+01:00,0,1,167,228,470,923,702,1698,907,2707,1229,2178,692,632,1814,2789,2822,5614,0,1,57,96,236,493,419,1009,529,1631,826,1347,570,521,532,895,1617,3687,21744,14450,1405,15,2421,0,0,3,1
2021-02-19T23:59:59+01:00,0,1,84,167,358,842,575,1566,776,2558,1093,2025,676,611,1506,2274,2273,4822,0,1,57,96,236,493,419,1008,529,1631,826,1347,570,521,527,893,1615,3681,19536,14434,1405,15,1263,0,0,3,1
2021-02-18T23:59:59+01:00,0,1,81,162,346,792,554,1477,743,2418,1060,1957,660,599,1497,2255,2264,4770,0,1,54,89,230,471,405,941,514,1551,806,1274,556,507,521,875,1612,3659,19292,14050,1379,15,962,0,0,3,1
2021-02-17T23:59:59+01:00,0,1,80,154,332,769,545,1444,714,2325,1023,1857,655,589,1439,2167,2216,4720,0,1,54,86,228,462,397,903,503,1486,787,1192,543,495,519,873,1612,3659,19031,13784,1306,15,690,0,0,3,1
2021-02-16T23:59:59+01:00,0,1,75,149,317,729,517,1370,682,2217,998,1752,644,582,1194,1820,2092,4537,0,1,53,77,227,455,391,873,490,1421,761,1126,522,482,517,873,1609,3658,18109,13533,1067,2,497,0,0,3,1
2021-02-15T23:59:59+01:00,0,1,70,133,291,624,482,1228,624,2004,947,1592,635,580,1110,1713,2040,4472,0,1,53,77,225,450,387,867,489,1417,759,1119,522,482,516,868,1608,3655,17777,13494,729,0,39,0,0,1,1
2021-02-14T23:59:59+01:00,0,1,69,126,286,597,477,1199,613,1950,933,1570,635,580,1011,1589,1993,4415,0,1,53,77,225,450,387,867,489,1415,759,1119,522,482,516,868,1608,3655,17447,13492,573,0,23,0,0,1,1
2021-02-13T23:59:59+01:00,0,1,69,125,286,596,476,1195,612,1948,931,1567,634,579,1010,1580,1989,4412,0,1,53,77,225,449,385,862,488,1410,757,1118,520,480,499,830,1349,3183,17413,12685,573,0,23,0,0,1,1
2021-02-12T23:59:59+01:00,0,1,68,125,285,595,472,1191,612,1945,928,1566,631,578,971,1528,1969,4372,0,1,53,77,225,445,381,853,483,1401,751,1111,513,472,481,789,986,2469,17243,11490,573,0,20,0,0,1,1
2021-02-11T23:59:59+01:00,0,1,67,117,282,582,459,1164,606,1919,921,1554,630,577,928,1470,1947,4333,0,1,53,74,210,414,367,806,466,1327,736,1079,510,471,481,789,985,2468,17062,11237,490,0,4,0,0,1,0
2021-02-10T23:59:59+01:00,0,1,66,117,279,579,457,1159,602,1902,916,1550,630,577,919,1454,1926,4288,0,1,52,64,177,336,313,704,416,1155,656,984,476,459,476,788,985,2467,16958,10509,462,0,1,0,0,1,0
2021-02-09T23:59:59+01:00,0,1,64,115,273,575,454,1146,601,1887,908,1544,629,576,907,1418,1856,4183,0,1,43,53,126,257,237,554,334,953,554,830,440,448,472,787,982,2467,16705,9538,431,0,0,0,0,1,0
2021-02-08T23:59:59+01:00,0,1,63,115,270,566,451,1139,599,1872,901,1536,627,573,804,1265,1799,4101,0,1,38,43,88,168,174,417,271,716,495,695,433,442,469,784,981,2467,16275,8682,406,0,0,0,0,1,0
2021-02-07T23:59:59+01:00,0,1,61,112,260,544,437,1108,583,1769,866,1457,626,572,702,1140,1750,4017,0,1,37,42,84,165,171,410,266,703,490,684,431,441,469,784,981,2466,15905,8625,99,0,0,0,0,1,0
2021-02-06T23:59:59+01:00,0,1,60,112,259,544,437,1108,581,1768,863,1454,623,570,700,1132,1744,4010,0,1,34,41,83,162,168,400,262,695,479,675,423,440,433,736,741,2074,15866,7847,99,0,0,0,0,1,0
2021-02-05T23:59:59+01:00,0,1,60,112,257,540,437,1106,580,1767,861,1452,621,570,690,1125,1738,3997,0,1,32,39,79,158,163,392,254,676,462,665,417,440,427,711,337,1441,15814,6694,99,0,0,0,0,1,0
2021-02-04T23:59:59+01:00,0,1,59,110,252,534,431,1090,564,1740,857,1438,614,560,604,1008,1687,3936,0,1,31,36,74,152,157,381,239,652,445,651,411,432,422,704,335,1434,15453,6557,31,0,0,0,0,1,0
2021-02-03T23:59:59+01:00,0,1,58,105,248,527,430,1071,561,1724,855,1423,610,550,593,998,1684,3922,0,1,24,28,60,121,123,280,175,510,335,501,305,330,337,547,257,1150,15330,5084,29,0,0,0,0,1,0
2021-02-02T23:59:59+01:00,0,1,58,103,245,522,430,1053,549,1692,846,1399,597,540,581,949,1674,3871,0,1,17,21,41,78,87,186,122,344,219,362,215,220,217,344,184,755,15081,3413,29,0,0,0,0,0,0
2021-02-01T23:59:59+01:00,0,1,58,101,241,514,428,1037,541,1670,842,1376,590,534,559,920,1666,3824,0,0,7,11,21,42,48,98,65,168,95,166,101,103,90,160,77,329,14873,1581,29,0,0,0,0,0,0
2021-01-31T23:59:59+01:00,0,1,58,101,240,513,426,1033,539,1665,840,1373,590,533,559,920,1666,3823,0,0,7,11,19,38,43,84,61,142,81,150,96,101,89,159,75,327,14851,1483,29,0,0,0,0,0,0
2021-01-30T23:59:59+01:00,0,1,58,101,240,513,426,1033,539,1665,840,1373,590,533,559,920,1666,3823,0,0,7,11,19,38,43,84,61,142,81,150,96,100,89,159,75,327,14851,1482,29,0,0,0,0,0,0
2021-01-29T23:59:59+01:00,0,1,58,101,240,513,426,1033,539,1665,840,1373,590,533,559,920,1666,3823,0,0,7,11,19,38,43,84,61,142,81,150,96,100,89,159,75,327,14851,1482,29,0,0,0,0,0,0
2021-01-28T23:59:59+01:00,0,1,56,93,236,484,414,966,521,1579,816,1292,577,518,553,903,1663,3804,0,0,3,2,5,6,11,16,19,34,22,33,17,22,21,34,19,99,14453,363,23,0,0,0,0,0,0
2021-01-27T23:59:59+01:00,0,1,54,89,236,474,406,927,511,1513,796,1209,565,505,551,901,1663,3804,0,0,3,2,5,6,9,16,19,33,21,31,17,21,21,34,19,99,14184,356,21,0,0,0,0,0,0
2021-01-26T23:59:59+01:00,0,1,53,83,231,471,399,898,500,1446,771,1142,543,492,549,901,1663,3804,0,0,1,2,5,6,9,15,17,29,17,26,15,18,19,32,19,91,13928,321,19,0,0,0,0,0,0
2021-01-25T23:59:59+01:00,0,1,53,83,228,465,396,892,500,1443,770,1137,543,492,549,898,1663,3802,0,0,0,0,0,0,0,2,0,0,0,0,1,1,0,2,0,0,13898,6,17,0,0,0,0,0,0
2021-01-24T23:59:59+01:00,0,1,53,83,228,465,396,892,500,1442,770,1137,543,492,549,898,1663,3802,0,0,0,0,0,0,0,2,0,0,0,0,1,1,0,2,0,0,13897,6,17,0,0,0,0,0,0
2021-01-23T23:59:59+01:00,0,1,53,83,228,464,395,888,500,1436,769,1135,540,490,532,860,1403,3324,0,0,0,0,0,0,0,1,0,0,0,0,1,1,0,2,0,0,13084,5,17,0,0,0,0,0,0
2021-01-22T23:59:59+01:00,0,1,53,83,227,460,390,878,495,1426,764,1128,534,481,515,818,1024,2583,0,0,0,0,0,0,0,1,0,0,0,0,1,1,0,2,0,0,11844,5,16,0,0,0,0,0,0
2021-01-21T23:59:59+01:00,0,1,53,80,208,426,363,822,467,1326,737,1093,530,481,515,818,1023,2582,0,0,0,0,0,0,0,1,0,0,0,0,1,1,0,2,0,0,11509,5,16,0,0,0,0,0,0
2021-01-20T23:59:59+01:00,0,1,51,70,181,354,322,737,424,1172,667,1003,494,470,510,818,1023,2581,0,0,0,0,0,0,0,1,0,0,0,0,1,1,0,2,0,0,10862,5,16,0,0,0,0,0,0
2021-01-19T23:59:59+01:00,0,1,44,57,137,276,248,579,347,990,577,863,459,458,506,816,1023,2581,0,0,0,0,0,0,0,0,0,0,0,0,1,0,0,2,0,0,9954,3,8,0,0,0,0,0,0
2021-01-18T23:59:59+01:00,0,1,40,44,88,175,179,429,280,727,505,706,451,451,503,812,1021,2581,0,0,0,0,0,0,0,0,0,0,0,0,0,0,0,1,0,0,8993,1,0,0,0,0,0,0,0
2021-01-17T23:59:59+01:00,0,1,37,43,85,172,175,421,276,716,500,693,449,451,503,812,1021,2580,0,0,0,0,0,0,0,0,0,0,0,0,0,0,0,0,0,0,8935,0,0,0,0,0,0,0,0
2021-01-16T23:59:59+01:00,0,1,34,42,83,170,171,412,269,709,485,684,440,449,464,765,774,2183,0,0,0,0,0,0,0,0,0,0,0,0,0,0,0,0,0,0,8135,0,0,0,0,0,0,0,0
2021-01-15T23:59:59+01:00,0,1,32,40,80,165,168,406,262,692,471,676,434,448,459,741,361,1541,0,0,0,0,0,0,0,0,0,0,0,0,0,0,0,0,0,0,6977,0,0,0,0,0,0,0,0
2021-01-14T23:59:59+01:00,0,1,32,38,78,159,163,401,254,679,460,668,431,445,459,740,361,1541,0,0,0,0,0,0,0,0,0,0,0,0,0,0,0,0,0,0,6910,0,0,0,0,0,0,0,0
2021-01-13T23:59:59+01:00,0,0,24,31,62,127,128,304,194,545,351,525,328,343,374,577,282,1246,0,0,0,0,0,0,0,0,0,0,0,0,0,0,0,0,0,0,5441,0,0,0,0,0,0,0,0
2021-01-12T23:59:59+01:00,0,0,17,24,46,88,93,216,140,393,238,389,236,235,247,371,205,845,0,0,0,0,0,0,0,0,0,0,0,0,0,0,0,0,0,0,3783,0,0,0,0,0,0,0,0
2021-01-11T23:59:59+01:00,0,0,9,15,27,48,62,139,88,220,125,208,116,112,106,179,93,374,0,0,0,0,0,0,0,0,0,0,0,0,0,0,0,0,0,0,1921,0,0,0,0,0,0,0,0
2021-01-10T23:59:59+01:00,0,0,8,15,23,44,55,110,80,179,105,175,110,108,102,177,90,374,0,0,0,0,0,0,0,0,0,0,0,0,0,0,0,0,0,0,1755,0,0,0,0,0,0,0,0
2021-01-09T23:59:59+01:00,0,0,8,15,23,44,55,110,80,179,105,175,110,107,102,177,90,374,0,0,0,0,0,0,0,0,0,0,0,0,0,0,0,0,0,0,1754,0,0,0,0,0,0,0,0
2021-01-08T23:59:59+01:00,0,0,8,14,22,43,52,103,75,168,99,172,107,103,97,168,88,364,0,0,0,0,0,0,0,0,0,0,0,0,0,0,0,0,0,0,1683,0,0,0,0,0,0,0,0
2021-01-07T23:59:59+01:00,0,0,3,3,5,7,11,17,20,34,24,36,17,22,23,35,23,107,0,0,0,0,0,0,0,0,0,0,0,0,0,0,0,0,0,0,387,0,0,0,0,0,0,0,0
2021-01-06T23:59:59+01:00,0,0,3,2,5,6,9,16,20,33,21,32,17,21,23,35,23,106,0,0,0,0,0,0,0,0,0,0,0,0,0,0,0,0,0,0,372,0,0,0,0,0,0,0,0
2021-01-05T23:59:59+01:00,0,0,3,2,5,6,9,16,20,33,21,32,17,21,23,35,23,106,0,0,0,0,0,0,0,0,0,0,0,0,0,0,0,0,0,0,372,0,0,0,0,0,0,0,0
2021-01-04T23:59:59+01:00,0,0,0,0,0,0,0,2,1,0,0,0,1,1,0,2,0,0,0,0,0,0,0,0,0,0,0,0,0,0,0,0,0,0,0,0,7,0,0,0,0,0,0,0,0
2021-01-03T23:59:59+01:00,0,0,0,0,0,0,0,2,1,0,0,0,1,1,0,2,0,0,0,0,0,0,0,0,0,0,0,0,0,0,0,0,0,0,0,0,7,0,0,0,0,0,0,0,0
2021-01-02T23:59:59+01:00,0,0,0,0,0,0,0,1,1,0,0,0,1,1,0,2,0,0,0,0,0,0,0,0,0,0,0,0,0,0,0,0,0,0,0,0,6,0,0,0,0,0,0,0,0
2021-01-01T23:59:59+01:00,0,0,0,0,0,0,0,1,1,0,0,0,1,1,0,2,0,0,0,0,0,0,0,0,0,0,0,0,0,0,0,0,0,0,0,0,6,0,0,0,0,0,0,0,0
2020-12-31T23:59:59+01:00,0,0,0,0,0,0,0,1,1,0,0,0,1,1,0,2,0,0,0,0,0,0,0,0,0,0,0,0,0,0,0,0,0,0,0,0,6,0,0,0,0,0,0,0,0
2020-12-30T23:59:59+01:00,0,0,0,0,0,0,0,1,1,0,0,0,1,1,0,2,0,0,0,0,0,0,0,0,0,0,0,0,0,0,0,0,0,0,0,0,6,0,0,0,0,0,0,0,0
2020-12-29T23:59:59+01:00,0,0,0,0,0,0,0,1,1,0,0,0,1,0,0,2,0,0,0,0,0,0,0,0,0,0,0,0,0,0,0,0,0,0,0,0,5,0,0,0,0,0,0,0,0
2020-12-28T23:59:59+01:00,0,0,0,0,0,0,0,1,0,0,0,0,1,0,0,1,0,0,0,0,0,0,0,0,0,0,0,0,0,0,0,0,0,0,0,0,3,0,0,0,0,0,0,0,0
2020-12-27T23:59:59+01:00,0,0,0,0,0,0,0,0,0,0,0,0,0,0,0,0,0,0,0,0,0,0,0,0,0,0,0,0,0,0,0,0,0,0,0,0,0,0,0,0,0,0,0,0,0
