Datum,<24_1_m,<24_1_w,25-34_1_m,25-34_1_w,35-44_1_m,35-44_1_w,45-54_1_m,45-54_1_w,55-64_1_m,55-64_1_w,65-74_1_m,65-74_1_w,75-84_1_m,75-84_1_w,>84_1_m,>84_1_w,<24_2_m,<24_2_w,25-34_2_m,25-34_2_w,35-44_2_m,35-44_2_w,45-54_2_m,45-54_2_w,55-64_2_m,55-64_2_w,65-74_2_m,65-74_2_w,75-84_2_m,75-84_2_w,>84_2_m,>84_2_w,bp_1,bp_2,mo_1,mo_2,az_1,az_2,ja
2021-06-29T23:59:59+02:00,7762,7514,13376,12793,17096,17756,23796,25375,30498,31845,24025,26851,16679,21321,5012,9471,2736,2923,5357,6380,7495,9597,14580,17282,22731,24649,19816,22206,15028,19267,4726,8836,206541,136500,30342,23074,46120,35868,8167
2021-06-28T23:59:59+02:00,7695,7440,13313,12734,17049,17706,23755,25330,30441,31803,24008,26824,16673,21311,5010,9469,2708,2893,5290,6335,7408,9529,14485,17203,22583,24441,19614,21964,14973,19200,4722,8822,206020,135938,30340,23063,46112,35080,8089
2021-06-27T23:59:59+02:00,7634,7374,13283,12697,17020,17674,23736,25296,30417,31776,23996,26816,16666,21306,5010,9467,2685,2880,5242,6310,7341,9485,14396,17143,22495,24355,19489,21823,14943,19150,4718,8813,205676,135445,30340,23052,46107,34726,8045
2021-06-26T23:59:59+02:00,7154,6835,12910,12407,16912,17578,23677,25236,30383,31743,23989,26800,16662,21295,5009,9466,2590,2778,5071,6135,7149,9306,13875,16727,21886,23759,19354,21685,14902,19098,4716,8805,203564,132033,30340,23052,46107,34706,8045
2021-06-25T23:59:59+02:00,6668,6352,12459,12042,16753,17460,23587,25169,30301,31703,23967,26773,16657,21285,5007,9464,2487,2624,4899,5944,6891,9014,13349,16198,21336,23180,19157,21478,14844,19031,4712,8793,201173,128363,30340,23052,46107,34495,8027
2021-06-24T23:59:59+02:00,6439,6125,12238,11892,16646,17378,23515,25118,30243,31656,23933,26731,16653,21275,5005,9457,2280,2392,4531,5575,6399,8528,12638,15487,20194,22187,18702,21005,14741,18901,4701,8778,199912,122479,30338,23040,46100,33566,7954
2021-06-23T23:59:59+02:00,5861,5628,12078,11780,16527,17267,23443,25071,30180,31606,23899,26708,16646,21261,5001,9453,2243,2341,4467,5455,6308,8378,12407,15198,19954,21930,18405,20682,14645,18791,4690,8762,199408,121463,29007,22893,46090,32396,7904
2021-06-22T23:59:59+02:00,5716,5499,11982,11675,16441,17191,23385,25009,30114,31530,23874,26676,16637,21240,4997,9451,2190,2307,4376,5373,6188,8232,11539,14540,19544,21529,18079,20337,14539,18656,4680,8742,198485,120560,29000,21201,46075,31233,7857
2021-06-21T23:59:59+02:00,5580,5388,11909,11585,16381,17107,23331,24937,30064,31472,23850,26648,16624,21225,4997,9447,2157,2272,4320,5278,6101,8107,10758,13837,19095,21121,17854,20108,14479,18562,4671,8725,197678,119769,28996,19418,46070,30457,7801
2021-06-20T23:59:59+02:00,5463,5261,11749,11405,16317,16985,23280,24872,30021,31417,23834,26628,16618,21210,4992,9442,2139,2244,4280,5238,6031,8059,10655,13760,18984,20994,17697,19918,14413,18480,4667,8718,196680,119240,28993,19415,46063,29864,7758
2021-06-19T23:59:59+02:00,5442,5237,10994,10748,15842,16598,23220,24828,29977,31374,23816,26608,16610,21198,4992,9442,2069,2128,4075,5014,5758,7790,10336,13434,17950,20159,17534,19738,14381,18415,4662,8706,194113,115128,28993,19415,46063,29849,7757
2021-06-18T23:59:59+02:00,5411,5214,10373,10195,15254,16059,23130,24765,29913,31312,23788,26580,16599,21183,4991,9440,2005,2049,3938,4882,5490,7529,9984,13095,16870,19023,17338,19512,14334,18352,4659,8696,191402,110989,28986,19414,46063,29597,7756
2021-06-17T23:59:59+02:00,5288,5103,9756,9730,14794,15689,23031,24684,29835,31222,23750,26538,16585,21162,4991,9437,1878,1944,3684,4641,5110,7172,9454,12612,15694,17837,16880,19028,14193,18179,4646,8672,188935,105916,28984,19406,46060,28686,7616
2021-06-16T23:59:59+02:00,5152,4961,9560,9571,14649,15562,22940,24590,29738,31146,23706,26494,16570,21150,4990,9427,1838,1903,3582,4556,5007,7054,8431,11764,15422,17545,16585,18693,14058,18009,4640,8639,187770,105039,28973,17536,46057,27745,7406
2021-06-15T23:59:59+02:00,4961,4773,9383,9417,14515,15421,22848,24499,29662,31060,23663,26421,16545,21117,4982,9412,1776,1848,3506,4463,4916,6944,8315,11623,15246,17323,16269,18386,13919,17842,4617,8581,186461,104294,28971,17532,46037,26538,7210
2021-06-14T23:59:59+02:00,4884,4705,9289,9310,14436,15332,22779,24426,29592,31000,23631,26382,16531,21099,4979,9406,1755,1826,3473,4438,4875,6911,8216,11560,15108,17190,16090,18182,13830,17746,4612,8575,185721,104070,28966,17529,46031,25725,7063
2021-06-13T23:59:59+02:00,4826,4658,9203,9237,14352,15265,22718,24376,29526,30949,23605,26354,16522,21089,4979,9404,1704,1811,3432,4414,4822,6868,8145,11524,15010,17095,15935,18000,13778,17674,4605,8568,185148,103792,28960,17527,46016,25127,6939
2021-06-12T23:59:59+02:00,4805,4642,9175,9214,14117,15093,22591,24248,29483,30907,23585,26340,16513,21081,4978,9402,1580,1690,3194,4208,4422,6567,7600,11097,13251,15418,15583,17630,13698,17572,4603,8554,184261,97140,28960,17527,46016,25063,6937
2021-06-11T23:59:59+02:00,4749,4587,9096,9161,13801,14874,22396,24100,29389,30818,23549,26295,16496,21069,4977,9399,1477,1558,3011,4003,4125,6204,7099,10559,11628,13548,15109,17058,13584,17427,4588,8540,182915,90291,28958,17526,46016,24834,6867
2021-06-10T23:59:59+02:00,4464,4358,8556,8832,12542,13863,21831,23654,29018,30518,23412,26138,16443,21001,4964,9385,1353,1466,2778,3823,3797,5922,6668,10170,10220,12226,14600,16485,13414,17220,4573,8515,177633,85775,28943,17524,46011,23539,6392
2021-06-09T23:59:59+02:00,4228,4191,7968,8541,11650,13208,21514,23442,28790,30368,23349,26075,16424,20977,4961,9381,1264,1412,2626,3751,3656,5845,6462,10079,9960,12049,14283,16141,13244,17040,4566,8497,175547,85449,27680,17423,46005,22168,5835
2021-06-08T23:59:59+02:00,4095,4087,7567,8318,11167,12918,21289,23264,28591,30217,23291,26001,16392,20935,4956,9372,1186,1386,2491,3695,3499,5779,5566,9335,9492,11694,13954,15742,13020,16807,4552,8475,173807,85100,27310,15274,45979,20935,5364
2021-06-07T23:59:59+02:00,3972,4006,7335,8213,10881,12740,21089,23152,28438,30104,23233,25948,16375,20910,4952,9364,1137,1267,2370,3635,3369,5718,5403,9261,9286,11570,13735,15493,12872,16645,4546,8457,172603,84913,27300,15271,45970,19741,4839
2021-06-06T23:59:59+02:00,3854,3947,7097,8092,10632,12580,20904,23063,28353,30015,23202,25914,16363,20892,4949,9359,1117,1251,2306,3600,3273,5666,5297,9186,9172,11470,13578,15339,12801,16551,4543,8450,171460,84728,27283,15267,45960,19092,4513
2021-06-05T23:59:59+02:00,3826,3910,7061,8053,10457,12423,20284,22558,28192,29870,23152,25870,16349,20873,4949,9355,1085,1149,2142,3150,3041,5130,5126,8857,8398,10522,12931,14503,12688,16404,4532,8440,169438,79366,27283,15267,45958,18962,4503
2021-06-04T23:59:59+02:00,3798,3884,7024,8028,10360,12332,19924,22231,28088,29774,23117,25832,16335,20863,4947,9354,1053,1081,2045,2843,2881,4654,4969,8488,7886,9867,11433,12792,12565,16207,4525,8422,168165,73006,27271,15266,45958,18942,4497
2021-06-03T23:59:59+02:00,3660,3782,6806,7890,9806,11910,18703,21307,27693,29466,22983,25691,16283,20801,4943,9340,1000,1036,1957,2732,2746,4499,4769,8190,7528,9423,11056,12398,12459,16095,4522,8409,163432,71233,27263,15263,45954,17908,4415
2021-06-02T23:59:59+02:00,3653,3774,6794,7873,9796,11901,18515,21127,27622,29417,22960,25670,16277,20792,4940,9338,996,1029,1945,2701,2725,4480,4558,8009,6993,8935,11019,12358,12444,16080,4518,8403,163369,71125,26718,13773,45954,17887,4408
2021-06-01T23:59:59+02:00,3525,3699,6558,7728,9509,11710,18060,20780,27384,29222,22865,25570,16237,20740,4937,9326,958,983,1861,2631,2646,4409,4283,7776,6398,8405,10808,12147,12346,15979,4513,8391,161690,70691,25937,12483,45939,17076,4284
2021-05-31T23:59:59+02:00,3479,3654,6469,7662,9373,11612,17934,20689,27295,29147,22800,25509,16220,20712,4932,9319,929,959,1794,2591,2566,4367,4177,7712,6280,8332,10624,11980,12246,15864,4503,8383,160856,70332,25907,12478,45927,16381,4116
2021-05-30T23:59:59+02:00,3449,3630,6408,7611,9286,11524,17848,20611,27220,29080,22755,25465,16198,20686,4927,9309,925,952,1786,2583,2555,4356,4149,7688,6228,8291,10563,11903,12213,15822,4498,8374,160165,70292,25902,12475,45915,16094,4025
2021-05-29T23:59:59+02:00,3439,3611,6373,7584,9243,11487,17810,20572,27076,28976,22700,25391,16183,20666,4924,9305,888,933,1729,2537,2483,4272,3960,7435,5956,7996,8378,9259,12021,15481,4483,8345,159512,64082,25902,12473,45901,15576,4025
2021-05-28T23:59:59+02:00,3382,3562,6250,7512,9116,11366,17671,20448,26912,28856,22635,25318,16162,20649,4923,9304,874,919,1711,2517,2447,4220,3810,7139,5762,7736,5702,6173,11746,15085,4468,8296,158253,57268,25900,12473,45897,14848,4016
2021-05-27T23:59:59+02:00,3235,3432,5968,7335,8517,11034,17198,20112,26504,28510,22468,25156,16104,20586,4916,9286,825,861,1629,2422,2330,4087,3387,6182,5340,7146,5543,6000,11667,15012,4462,8279,154799,56789,25844,12427,45889,12127,3829
2021-05-26T23:59:59+02:00,3129,3349,5750,7170,8147,10748,16732,19806,26206,28274,22320,25023,16053,20512,4903,9266,808,852,1577,2397,2278,4057,3314,6108,5243,7076,5410,5873,11602,14946,4457,8267,152103,56717,25828,12425,45867,11533,3590
2021-05-25T23:59:59+02:00,3039,3288,5608,7057,7951,10586,15733,19029,25853,27924,22163,24870,16001,20433,4896,9256,789,836,1542,2353,2209,3998,3239,6041,5160,7012,5245,5706,11494,14866,4449,8255,150560,56656,23905,12240,45853,10929,3369
2021-05-24T23:59:59+02:00,2976,3271,5522,7013,7833,10524,14823,18340,25438,27612,22070,24767,15970,20397,4889,9244,781,834,1520,2336,2165,3964,3195,5994,5083,6932,5146,5599,11414,14790,4448,8249,149840,56625,21837,12164,45844,10493,3168
2021-05-23T23:59:59+02:00,2973,3267,5514,7006,7825,10517,14818,18339,25437,27611,22070,24767,15970,20397,4889,9244,780,831,1513,2329,2153,3951,3176,5979,5063,6899,5103,5547,11397,14766,4447,8247,149815,56618,21837,12164,45842,10249,3150
2021-05-22T23:59:59+02:00,2937,3226,5442,6961,7726,10430,14621,18180,25161,27371,21972,24682,15938,20354,4886,9240,758,811,1471,2278,2102,3872,3065,5860,4753,6336,4533,4807,10754,13944,4437,8208,148299,53385,21837,12164,45841,9290,3150
2021-05-21T23:59:59+02:00,2887,3155,5343,6879,7634,10309,14417,17975,24893,27146,21859,24574,15906,20305,4881,9231,727,758,1403,2152,2001,3608,2883,5529,4281,5458,4123,4271,10013,13006,4372,8082,146600,49665,21837,12164,45837,7718,3120
2021-05-20T23:59:59+02:00,2756,2993,5067,6626,7350,9944,13959,17491,24285,26597,21588,24279,15813,20185,4867,9201,712,748,1377,2128,1963,3575,2830,5476,4199,5383,3998,4169,9938,12943,4363,8071,142466,49579,21828,12153,45818,7252,2889
2021-05-19T23:59:59+02:00,2704,2942,4971,6487,7207,9762,12814,16456,24023,26310,21492,24149,15768,20124,4859,9194,693,722,1352,2080,1931,3490,2768,5330,4104,5277,3917,4079,9885,12881,4360,8067,141098,49551,19759,12091,45748,6637,2657
2021-05-18T23:59:59+02:00,2681,2919,4924,6455,7158,9732,12464,16182,23844,26160,21399,24060,15738,20071,4851,9182,664,665,1297,1951,1859,3292,2672,5122,3976,5080,3692,3802,9803,12801,4350,8057,140828,49532,18908,11095,45705,6077,2379
2021-05-17T23:59:59+02:00,2656,2900,4884,6386,7073,9625,12316,16015,23711,26009,21350,24009,15720,20048,4846,9174,656,651,1281,1915,1838,3244,2624,5014,3897,4966,3556,3651,9736,12738,4347,8048,139914,49510,18900,11085,45690,5349,2218
2021-05-16T23:59:59+02:00,2645,2887,4861,6320,7035,9542,12256,15943,23659,25949,21325,23992,15710,20034,4843,9171,651,645,1272,1912,1821,3235,2603,5002,3869,4945,3506,3585,9697,12706,4346,8046,139480,49501,18893,11074,45668,5135,2131
2021-05-15T23:59:59+02:00,2528,2775,4679,6127,6848,9363,11745,15540,23083,25406,21222,23874,15678,19992,4840,9163,601,586,1190,1825,1686,3084,2318,4698,3422,4443,3177,3163,9535,12503,4323,8018,136203,46580,18892,11074,45662,4812,2106
2021-05-14T23:59:59+02:00,2414,2602,4484,5903,6572,9052,11212,15032,22518,24842,21076,23735,15641,19934,4836,9152,538,509,1088,1704,1527,2870,1986,4296,2823,3859,2793,2726,9451,12355,4319,8014,132405,43660,18885,11072,45640,4051,2075
2021-05-13T23:59:59+02:00,2232,2315,4164,5522,6146,8578,10655,14347,21487,23933,20794,23461,15581,19835,4829,9137,535,509,1076,1688,1512,2852,1977,4272,2808,3839,2777,2712,9444,12351,4318,8014,126516,43608,18832,11064,45614,3958,2054
2021-05-12T23:59:59+02:00,2231,2312,4157,5521,6137,8572,10555,14227,21434,23894,20789,23450,15576,19827,4828,9137,527,487,1040,1633,1463,2774,1895,4186,2749,3780,2696,2617,9394,12278,4318,8014,126475,43605,18506,10239,45614,3955,2052
2021-05-11T23:59:59+02:00,2110,2275,4074,5456,6012,8458,10251,13978,21242,23732,20712,23379,15561,19795,4824,9132,502,464,979,1572,1394,2684,1795,4049,2676,3706,2541,2391,9330,12177,4317,8014,125536,43589,18169,9406,45334,3644,1952
2021-05-10T23:59:59+02:00,2069,2199,3967,5333,5877,8279,9459,13215,20864,23409,20622,23290,15522,19741,4814,9119,489,435,941,1506,1328,2595,1706,3888,2593,3610,2512,2367,9321,12159,4313,8009,124401,43557,16321,9224,45231,3165,1826
2021-05-09T23:59:59+02:00,2037,2185,3933,5293,5826,8231,9393,13146,20795,23336,20588,23249,15506,19714,4811,9105,482,426,921,1463,1304,2547,1672,3826,2555,3567,2503,2355,9311,12142,4313,8001,123957,43498,16317,9221,45137,2932,1737
2021-05-08T23:59:59+02:00,1974,2085,3749,5119,5556,8030,9087,12866,19672,22420,20394,23055,15474,19645,4806,9093,410,396,856,1423,1228,2475,1584,3726,2342,3361,1971,1935,9218,12057,4312,8001,119838,42048,16316,9220,45134,2290,1737
2021-05-07T23:59:59+02:00,1889,1979,3569,4954,5241,7739,8693,12513,18479,21204,20215,22853,15429,19588,4797,9074,318,337,747,1350,1098,2346,1450,3583,2171,3170,1604,1600,8731,11614,4311,7999,115084,40331,16314,9217,45113,1176,1705
2021-05-06T23:59:59+02:00,1705,1870,3283,4702,4791,7338,8050,11950,17240,19964,19882,22475,15322,19425,4787,9062,301,328,726,1321,1057,2300,1402,3499,2105,3102,1568,1545,8714,11583,4305,7996,109237,40312,16307,9211,44879,906,1423
2021-05-05T23:59:59+02:00,1635,1839,3206,4614,4714,7234,7922,11799,17085,19817,19762,22355,15246,19329,4765,8965,290,317,686,1269,996,2225,1320,3349,1997,2986,1475,1447,8303,11016,4299,7978,108481,40279,16163,8092,44710,649,933
2021-05-04T23:59:59+02:00,1610,1810,3164,4540,4655,7124,7671,11506,16529,19238,19676,22225,15171,19233,4737,8852,274,304,663,1242,975,2171,1262,3231,1884,2829,1403,1341,8234,10914,4295,7960,107795,40254,14818,7816,44607,391,521
2021-05-03T23:59:59+02:00,1602,1806,3156,4526,4617,7102,7418,11277,15835,18642,19612,22141,15144,19199,4731,8842,260,283,641,1161,928,2083,1199,3093,1787,2692,1337,1262,8208,10879,4291,7951,107712,40247,13223,7609,44567,51,148
2021-05-02T23:59:59+02:00,1601,1803,3151,4524,4613,7099,7405,11267,15817,18630,19596,22133,15144,19197,4730,8842,260,282,638,1160,923,2080,1189,3087,1779,2685,1323,1255,8207,10874,4290,7951,107685,40225,13221,7608,44544,48,102
2021-05-01T23:59:59+02:00,1468,1662,2871,4276,4147,6739,6788,10784,13885,16751,19215,21737,15053,19081,4727,8826,258,282,635,1158,921,2077,1187,3086,1777,2681,1318,1251,8205,10872,4290,7951,100150,40194,13221,7608,44540,48,99
2021-04-30T23:59:59+02:00,1344,1512,2656,4055,3817,6344,6225,10191,12096,14713,18757,21200,14949,18939,4713,8815,253,281,628,1152,906,2069,1175,3076,1765,2667,1307,1242,8201,10867,4289,7951,92537,40147,13221,7608,44540,46,28
2021-04-29T23:59:59+02:00,1226,1446,2492,3930,3577,6141,5869,9889,10757,13436,18499,20923,14906,18869,4709,8809,252,277,623,1146,895,2063,1155,3071,1735,2631,1281,1218,8195,10858,4289,7951,87851,40116,13212,7476,44404,37,11
2021-04-28T23:59:59+02:00,1166,1440,2442,3911,3527,6117,5806,9856,10661,13369,18470,20889,14899,18853,4709,8806,252,276,621,1145,892,2061,1152,3067,1727,2630,1275,1200,7752,10339,4289,7951,87582,40095,13162,6491,44167,33,10
2021-04-27T23:59:59+02:00,1118,1414,2340,3867,3463,6090,5688,9801,10544,13293,18437,20850,14886,18838,4707,8804,251,276,619,1138,891,2059,1148,3064,1723,2626,1264,1183,7336,9760,4289,7951,87078,40076,13109,5464,43944,29,9
2021-04-26T23:59:59+02:00,1076,1384,2251,3775,3336,5990,5520,9682,10241,13035,18376,20796,14877,18820,4705,8804,250,276,618,1137,886,2056,1141,3061,1705,2616,1249,1170,7327,9740,4289,7951,85742,39991,13099,5444,43818,28,9
2021-04-25T23:59:59+02:00,1073,1381,2243,3773,3329,5986,5501,9675,10206,13005,18366,20784,14876,18814,4705,8803,249,276,618,1137,886,2056,1139,3061,1705,2616,1249,1170,7327,9738,4289,7951,85719,39988,13090,5442,43702,28,9
2021-04-24T23:59:59+02:00,1030,1263,2057,3236,3059,5374,5306,9263,9376,11959,17660,19890,14762,18655,4697,8792,248,275,617,1136,886,2055,1139,3060,1699,2611,1246,1165,7325,9737,4289,7950,79603,39964,13090,5438,43678,28,8
2021-04-23T23:59:59+02:00,997,1179,1946,2889,2877,4824,5111,8835,8823,11238,16030,18032,14617,18449,4689,8769,248,275,616,1136,884,2053,1138,3060,1698,2610,1242,1160,7321,9735,4289,7949,72590,39951,13089,5427,43618,28,8
2021-04-22T23:59:59+02:00,992,1168,1927,2873,2858,4806,5055,8790,8712,11137,15960,17956,14591,18419,4687,8764,246,275,614,1135,881,2052,1130,3048,1683,2590,1218,1138,7316,9728,4289,7949,72545,39939,13033,5318,43109,27,8
2021-04-21T23:59:59+02:00,983,1160,1914,2860,2831,4780,5009,8734,8605,11014,15873,17872,14563,18385,4687,8759,241,272,604,1126,867,2023,1120,3024,1673,2565,1205,1125,7094,9412,4288,7949,72505,39933,12975,4621,42541,26,8
2021-04-20T23:59:59+02:00,956,1111,1862,2745,2758,4620,4916,8555,8432,10807,15641,17591,14505,18326,4680,8753,228,269,586,1105,841,1993,1092,2998,1638,2524,1186,1113,7086,9407,4287,7948,72470,39913,11846,4356,41934,24,8
2021-04-19T23:59:59+02:00,947,1102,1830,2724,2708,4595,4792,8495,8232,10696,15549,17493,14483,18307,4680,8747,222,261,568,1083,823,1960,1074,2955,1593,2469,1168,1094,7079,9404,4285,7947,72071,39879,11824,4076,41477,22,8
2021-04-18T23:59:59+02:00,945,1101,1825,2719,2700,4584,4775,8483,8192,10654,15500,17434,14473,18290,4679,8745,222,261,568,1083,822,1960,1074,2955,1593,2468,1168,1093,7077,9403,4284,7947,72028,39874,11821,4074,41242,22,8
2021-04-17T23:59:59+02:00,911,1087,1776,2681,2632,4506,4621,8343,7929,10425,13139,14536,14275,17938,4662,8709,220,261,568,1080,818,1954,1062,2948,1583,2448,1131,1052,6746,8988,4259,7899,65220,38924,11821,4063,41121,22,8
2021-04-16T23:59:59+02:00,905,1081,1764,2672,2589,4468,4529,8259,7751,10235,10320,11299,14004,17521,4643,8653,218,256,567,1075,811,1949,1052,2944,1563,2428,1120,1038,6740,8983,4256,7896,57984,38819,11819,4047,40882,22,8
2021-04-15T23:59:59+02:00,892,1076,1742,2658,2547,4436,4418,8198,7521,10038,10078,11082,13942,17456,4637,8639,216,256,567,1073,810,1947,1049,2941,1560,2425,1115,1034,6738,8981,4256,7896,57963,38805,11817,4030,39572,21,8
2021-04-14T23:59:59+02:00,873,1048,1684,2575,2458,4314,4229,8017,7249,9755,9706,10604,13794,17278,4631,8630,191,233,526,1022,787,1880,1015,2861,1511,2363,1089,1005,6734,8972,4256,7895,57931,38789,10871,3523,38035,20,8
2021-04-13T23:59:59+02:00,848,1026,1648,2523,2391,4231,4128,7881,7039,9543,9300,10089,13651,17111,4626,8618,155,209,491,974,747,1787,981,2751,1459,2293,1070,970,6718,8961,4255,7895,57890,38726,9925,2968,36830,14,8
2021-04-12T23:59:59+02:00,845,1024,1629,2520,2361,4218,4075,7830,6900,9372,9040,9781,13589,17054,4615,8601,144,195,463,935,724,1722,960,2679,1415,2243,1048,954,6702,8941,4252,7890,57834,38610,9894,2635,35718,14,8
2021-04-11T23:59:59+02:00,844,1023,1618,2520,2348,4216,4052,7818,6836,9310,8907,9622,13563,17008,4610,8594,144,195,463,933,724,1721,958,2679,1414,2243,1048,954,6700,8941,4252,7890,57822,38604,9892,2634,35167,13,8
2021-04-10T23:59:59+02:00,828,1018,1590,2492,2312,4187,3981,7762,6704,9193,8350,8888,12899,16155,4599,8552,141,195,461,930,719,1718,958,2673,1405,2236,1035,938,6232,8444,4237,7874,54491,37542,9891,2633,35120,13,8
2021-04-09T23:59:59+02:00,806,989,1550,2445,2245,4106,3829,7603,6357,8864,7828,8233,12085,15133,4529,8415,139,194,459,925,713,1710,950,2663,1390,2226,1013,916,5990,8174,4219,7847,50522,36878,9887,2629,34600,13,8
2021-04-08T23:59:59+02:00,797,979,1523,2422,2180,4057,3694,7517,6104,8566,7218,7578,11925,14933,4518,8397,139,191,454,923,708,1703,942,2653,1382,2213,1001,914,5987,8172,4218,7847,50490,36857,9863,2569,32047,13,8
2021-04-07T23:59:59+02:00,791,970,1497,2404,2122,4019,3608,7447,5877,8300,6665,6952,11324,14186,4506,8370,121,184,425,876,662,1634,886,2583,1332,2144,982,898,5979,8166,4217,7847,50463,36834,8713,2082,29855,13,7
2021-04-06T23:59:59+02:00,787,968,1483,2396,2093,3997,3535,7398,5697,8129,6220,6448,11124,13970,4491,8342,98,163,376,816,617,1559,843,2483,1279,2080,958,882,5962,8153,4215,7843,50393,36809,8530,1498,28148,13,7
2021-04-05T23:59:59+02:00,782,964,1467,2389,2070,3988,3484,7372,5554,8019,6019,6234,11058,13885,4485,8332,92,161,375,814,610,1550,835,2468,1266,2062,930,852,4871,6753,4137,7737,50198,34005,8526,1488,27371,13,7
2021-04-04T23:59:59+02:00,780,960,1465,2387,2066,3986,3467,7365,5544,8012,6008,6214,11044,13867,4483,8329,92,161,373,812,607,1545,828,2461,1252,2042,907,830,3871,5593,4071,7630,50184,31567,8525,1488,27261,13,7
2021-04-03T23:59:59+02:00,728,905,1383,2318,1943,3848,3206,7104,5084,7523,5665,5759,10873,13650,4456,8300,90,161,373,811,607,1543,827,2461,1252,2042,907,830,3871,5590,4071,7629,46954,31557,8525,1488,27259,13,7
2021-04-02T23:59:59+02:00,686,871,1328,2249,1845,3734,2950,6844,4570,7045,5275,5300,10776,13486,4451,8294,90,161,373,811,607,1543,826,2461,1250,2040,907,828,3869,5587,4070,7629,44033,31546,8524,1487,27141,13,6
2021-04-01T23:59:59+02:00,683,869,1318,2246,1826,3726,2921,6830,4496,6972,5167,5192,10737,13438,4450,8290,90,161,371,807,605,1540,826,2458,1246,2036,897,827,3865,5585,4069,7628,44021,31537,8381,1455,26753,13,6
2021-03-31T23:59:59+02:00,681,867,1311,2231,1818,3716,2894,6802,4433,6926,5028,5031,10227,12833,4446,8282,90,161,370,807,605,1540,826,2458,1244,2036,896,827,3865,5584,4069,7627,44011,31531,7253,1455,26256,13,6
2021-03-30T23:59:59+02:00,672,863,1293,2211,1789,3687,2859,6767,4348,6837,4861,4839,9702,12133,4439,8267,85,158,369,803,600,1537,821,2452,1236,2034,885,817,3857,5581,4068,7626,43988,31510,6068,1402,25505,11,6
2021-03-29T23:59:59+02:00,667,856,1280,2176,1772,3656,2828,6725,4278,6752,4663,4642,9617,12040,4436,8254,85,158,369,801,597,1533,819,2446,1232,2027,877,811,3849,5574,4068,7626,43921,31497,5853,1358,24862,11,6
2021-03-28T23:59:59+02:00,664,854,1277,2173,1757,3646,2813,6713,4243,6699,4568,4532,9580,11976,4431,8247,85,158,369,800,597,1533,817,2446,1230,2027,876,811,3848,5574,4068,7626,43899,31495,5844,1353,24424,11,6
2021-03-27T23:59:59+01:00,661,849,1268,2168,1741,3631,2784,6684,4085,6558,4004,4087,9352,11729,4418,8228,85,158,367,798,595,1531,815,2443,1222,2021,872,807,3671,5287,3966,7454,41987,30722,5840,1353,24414,11,6
2021-03-26T23:59:59+01:00,655,841,1260,2158,1721,3614,2759,6662,4011,6481,3598,3723,8755,11172,4405,8214,85,158,366,797,594,1528,811,2440,1213,2017,860,794,2954,4348,3757,7110,40059,28462,5827,1353,24137,11,6
2021-03-25T23:59:59+01:00,648,836,1248,2144,1702,3590,2700,6623,3928,6403,3423,3506,8646,11061,4399,8208,85,158,366,797,594,1528,811,2439,1212,2017,860,794,2953,4347,3756,7109,40046,28456,5721,1353,23292,11,6
2021-03-24T23:59:59+01:00,642,829,1215,2119,1657,3545,2622,6556,3773,6254,3105,3143,8240,10514,4390,8196,81,156,354,784,578,1510,778,2405,1162,1985,827,757,2944,4341,3756,7106,40024,28156,4968,1352,21802,10,6
2021-03-23T23:59:59+01:00,629,821,1190,2087,1615,3498,2542,6475,3624,6100,2725,2761,8024,10295,4382,8180,76,152,342,762,543,1479,717,2342,1060,1903,744,696,2909,4306,3752,7102,39983,27525,4678,1345,20281,9,6
2021-03-22T23:59:59+01:00,605,708,1154,2033,1582,3442,2489,6405,3484,5969,2485,2524,7695,9940,4366,8144,76,151,342,762,543,1477,716,2341,1057,1903,743,693,2905,4301,3751,7099,39515,27500,4354,1345,19150,9,6
2021-03-21T23:59:59+01:00,604,705,1149,2025,1571,3432,2472,6390,3447,5935,2344,2360,7602,9828,4358,8129,76,151,342,761,543,1477,716,2341,1057,1903,743,693,2905,4300,3751,7099,39511,27498,4340,1345,18494,9,6
2021-03-20T23:59:59+01:00,603,705,1147,2019,1565,3425,2466,6384,3430,5913,2312,2322,7112,9310,4342,8113,76,151,342,761,542,1477,714,2340,1057,1902,743,693,2905,4298,3749,7097,38474,27487,4328,1345,18360,9,6
2021-03-19T23:59:59+01:00,596,698,1134,2004,1530,3403,2398,6246,3367,5806,2129,2142,6805,8992,4322,8088,76,151,341,755,538,1474,709,2331,1046,1889,734,687,2482,3696,3334,6349,37868,25239,4312,1345,17474,2,6
2021-03-18T23:59:59+01:00,581,682,1115,1974,1503,3373,2358,6178,3294,5717,1976,1946,6686,8873,4316,8077,75,151,341,754,537,1474,708,2327,1043,1888,727,684,2432,3624,3307,6307,37848,25048,4301,1323,16494,2,6
2021-03-17T23:59:59+01:00,552,655,1070,1919,1466,3289,2281,6061,3142,5561,1721,1680,6520,8720,4306,8062,74,147,329,727,521,1430,686,2270,1005,1847,710,665,2194,3333,3225,6183,37777,24086,3777,1252,15445,2,6
2021-03-16T23:59:59+01:00,509,626,1030,1864,1415,3185,2216,5907,3026,5427,1525,1458,6386,8573,4296,8041,68,134,308,671,491,1353,657,2135,976,1719,661,615,2083,3198,3202,6099,37724,23342,3158,1021,14597,2,5
2021-03-15T23:59:59+01:00,497,615,999,1819,1381,3117,2185,5822,2940,5344,1403,1324,5808,7887,4257,7978,65,127,293,613,476,1234,619,2005,936,1606,633,595,2046,3159,3187,6039,36493,22944,2805,687,14078,2,0
2021-03-14T23:59:59+01:00,492,609,989,1807,1378,3100,2169,5804,2906,5317,1361,1274,5416,7441,4234,7960,64,122,289,590,470,1207,613,1949,926,1581,633,595,2046,3159,3186,6037,35679,22938,2800,527,13778,2,0
2021-03-13T23:59:59+01:00,471,591,952,1760,1325,3035,1914,5217,2667,4905,1256,1161,4764,6593,4183,7884,64,122,288,587,468,1205,611,1947,926,1577,631,590,1689,2679,2663,5284,34005,20802,2796,527,11877,2,0
2021-03-12T23:59:59+01:00,454,570,932,1719,1295,2953,1710,4431,2460,4457,1186,1079,4070,5793,4136,7801,64,120,287,583,468,1202,609,1940,922,1572,628,583,1370,2142,2127,4492,32332,18581,2793,527,9921,1,0
2021-03-11T23:59:59+01:00,450,563,924,1708,1280,2936,1685,4397,2423,4421,1112,1025,4027,5757,4133,7797,64,113,281,562,454,1150,600,1891,903,1536,616,570,1364,2125,2118,4442,32299,18333,2700,455,9639,1,0
2021-03-10T23:59:59+01:00,429,552,879,1650,1226,2859,1612,4300,2356,4328,1081,1003,4011,5742,4132,7795,64,113,279,558,451,1143,595,1869,903,1531,610,562,1304,2038,2074,4386,32284,18048,2136,431,9535,1,0
2021-03-09T23:59:59+01:00,407,536,831,1601,1185,2796,1571,4217,2313,4275,1060,992,4005,5735,4131,7794,62,112,278,557,450,1132,593,1857,897,1526,608,556,1100,1728,1959,4212,32238,17222,1688,404,9523,1,0
2021-03-08T23:59:59+01:00,400,525,821,1587,1176,2780,1563,4192,2302,4262,1047,982,3970,5688,4129,7789,61,112,274,552,446,1126,592,1853,893,1524,608,556,1031,1638,1914,4169,32113,16968,1592,380,9508,1,0
2021-03-07T23:59:59+01:00,399,522,821,1586,1174,2778,1559,4186,2292,4257,1041,974,3964,5682,4128,7788,58,109,265,531,434,1100,576,1753,858,1449,607,556,928,1509,1863,4100,32097,16608,1553,88,9501,0,0
2021-03-06T23:59:59+01:00,391,506,802,1553,1151,2720,1518,4119,2099,3761,1012,937,3791,5413,4031,7625,58,109,265,531,434,1099,576,1753,858,1449,607,556,925,1508,1860,4099,31389,16599,1553,88,8487,0,0
2021-03-05T23:59:59+01:00,376,466,769,1449,1101,2503,1443,3905,1886,3091,984,892,3045,4454,3827,7286,58,108,264,528,431,1093,575,1748,855,1446,604,554,886,1453,1838,4061,29093,16414,1552,88,6832,0,0
2021-03-04T23:59:59+01:00,361,458,762,1429,1088,2480,1424,3876,1863,3072,970,888,3041,4450,3824,7284,58,107,261,525,427,1077,565,1726,854,1438,602,552,849,1399,1815,4026,29080,16256,1513,25,6677,0,0
2021-03-03T23:59:59+01:00,350,425,743,1378,1058,2397,1374,3722,1785,2975,937,844,3031,4444,3824,7281,57,107,258,523,426,1073,563,1717,851,1434,602,551,829,1346,1730,3881,28768,15925,1513,23,6287,0,0
2021-03-02T23:59:59+01:00,344,416,727,1354,1010,2352,1306,3638,1669,2878,849,778,2989,4406,3818,7276,57,107,257,519,425,1066,563,1711,851,1430,601,551,829,1346,1730,3881,28129,15901,1450,23,6231,0,0
2021-03-01T23:59:59+01:00,340,402,720,1307,998,2294,1286,3556,1643,2829,831,769,2981,4397,3818,7276,57,106,256,515,420,1052,559,1698,842,1422,600,549,734,1193,1676,3801,28090,15457,1402,23,5955,0,0
2021-02-28T23:59:59+01:00,335,389,712,1268,985,2218,1274,3469,1621,2750,827,759,2979,4393,3817,7274,57,106,256,515,420,1051,559,1698,841,1422,600,548,638,1069,1630,3721,28079,15108,1399,23,5592,0,0
2021-02-27T23:59:59+01:00,326,369,698,1243,965,2181,1239,3401,1598,2697,810,744,2976,4393,3816,7274,57,106,256,515,420,1051,558,1698,840,1422,600,548,638,1068,1630,3721,28077,15105,1399,23,5254,0,0
2021-02-26T23:59:59+01:00,301,316,650,1178,901,2063,1149,3235,1494,2558,781,722,2546,3787,3398,6503,57,106,253,513,420,1049,556,1696,837,1416,596,545,631,1056,1621,3702,25807,15031,1399,23,4376,0,0
2021-02-25T23:59:59+01:00,295,303,637,1147,880,2021,1130,3169,1476,2514,778,719,2500,3714,3368,6460,55,104,249,504,420,1045,551,1686,834,1405,590,540,554,947,1577,3646,25589,14686,1399,21,4123,0,0
2021-02-24T23:59:59+01:00,276,293,586,1100,833,1954,1072,3074,1432,2456,761,700,2262,3414,3285,6330,54,100,245,497,414,1028,544,1664,831,1386,584,529,541,927,1566,3624,24608,14519,1399,15,3821,0,0
2021-02-23T23:59:59+01:00,263,273,558,1043,796,1877,1004,2925,1360,2354,710,650,2149,3278,3261,6240,54,99,243,491,414,1012,534,1632,824,1364,576,523,526,878,1555,3579,23816,14289,1394,15,3531,0,0
2021-02-22T23:59:59+01:00,259,267,546,980,777,1801,979,2831,1324,2294,687,630,2122,3243,3252,6182,54,98,237,485,412,999,525,1616,820,1339,562,511,508,852,1549,3525,23425,14077,1394,15,3355,0,0
2021-02-21T23:59:59+01:00,256,259,537,955,764,1764,971,2783,1294,2268,687,628,2120,3243,3251,6181,54,98,236,485,412,999,525,1616,820,1338,562,510,508,852,1549,3524,23419,14073,1394,15,3148,0,0
2021-02-20T23:59:59+01:00,172,228,466,906,696,1686,901,2694,1210,2169,672,613,1756,2730,2701,5387,54,98,236,485,412,999,525,1615,820,1338,562,510,508,852,1549,3524,21174,14072,1394,15,2419,0,0
2021-02-19T23:59:59+01:00,81,165,355,825,570,1553,768,2545,1076,2017,656,592,1453,2217,2162,4597,54,98,236,485,412,998,525,1615,820,1337,562,510,500,848,1548,3518,18987,14052,1394,14,1251,0,0
2021-02-18T23:59:59+01:00,78,160,343,776,550,1464,735,2405,1043,1950,641,582,1444,2199,2153,4547,51,91,232,463,398,933,510,1535,800,1263,548,496,494,830,1547,3500,18750,13677,1369,14,951,0,0
2021-02-17T23:59:59+01:00,77,152,330,753,541,1431,706,2312,1007,1852,635,572,1386,2111,2106,4498,51,88,230,454,390,895,499,1470,781,1181,535,484,492,828,1547,3500,18490,13411,1296,14,683,0,0
2021-02-16T23:59:59+01:00,72,146,315,714,513,1358,674,2204,982,1748,625,565,1143,1766,1988,4319,50,79,229,449,384,865,486,1405,755,1114,514,471,490,828,1544,3499,17583,13160,1058,2,491,0,0
2021-02-15T23:59:59+01:00,67,130,289,611,478,1217,618,1992,932,1589,616,563,1060,1661,1937,4257,50,79,227,444,380,859,485,1401,753,1107,514,471,489,825,1543,3496,17259,13123,720,0,38,0,0
2021-02-14T23:59:59+01:00,66,123,285,586,473,1188,607,1938,918,1567,616,563,963,1538,1891,4200,50,79,227,444,380,859,485,1399,753,1107,514,471,489,825,1543,3496,16933,13121,566,0,23,0,0
2021-02-13T23:59:59+01:00,66,122,285,585,472,1184,606,1936,917,1564,615,562,962,1533,1888,4198,50,79,227,443,378,855,484,1394,751,1106,512,469,472,787,1289,3037,16906,12333,566,0,23,0,0
2021-02-12T23:59:59+01:00,65,122,284,584,468,1180,606,1933,914,1563,612,561,923,1482,1868,4157,50,79,227,439,375,846,479,1386,745,1100,505,461,454,748,938,2339,16736,11171,566,0,20,0,0
2021-02-11T23:59:59+01:00,65,116,281,573,455,1153,600,1907,907,1551,611,560,881,1424,1846,4120,50,76,212,409,361,799,463,1313,730,1069,502,460,454,748,937,2338,16561,10921,483,0,6,0,0
2021-02-10T23:59:59+01:00,64,116,277,570,453,1149,596,1891,902,1547,611,560,873,1408,1825,4076,49,66,178,332,307,697,413,1142,651,976,467,449,449,748,937,2337,16460,10198,456,0,2,0,0
2021-02-09T23:59:59+01:00,62,115,271,567,450,1136,595,1877,896,1541,610,559,861,1373,1760,3973,41,54,125,255,231,546,332,940,549,822,432,438,445,747,935,2337,16217,9229,428,0,1,0,0
2021-02-08T23:59:59+01:00,61,115,268,558,447,1129,594,1862,890,1533,609,557,760,1222,1705,3891,37,44,86,165,168,408,267,702,489,687,424,431,441,744,934,2337,15797,8364,403,0,1,0,0
2021-02-07T23:59:59+01:00,58,112,259,536,431,1098,578,1759,855,1454,608,556,658,1095,1658,3808,36,43,82,163,165,401,262,689,484,676,422,431,441,744,934,2336,15428,8309,95,0,0,0,0
2021-02-06T23:59:59+01:00,58,112,258,536,431,1098,576,1758,853,1451,605,554,655,1086,1652,3801,33,42,81,160,162,391,258,681,473,668,414,430,406,696,701,1953,15389,7549,95,0,0,0,0
2021-02-05T23:59:59+01:00,58,112,256,533,431,1096,575,1757,851,1449,604,554,645,1079,1646,3790,31,40,77,154,157,383,250,662,456,658,408,430,400,671,308,1331,15341,6416,95,0,0,0,0
2021-02-04T23:59:59+01:00,56,110,251,526,425,1080,559,1730,847,1435,597,545,562,963,1598,3731,30,37,73,149,151,372,236,641,439,644,403,424,395,664,306,1325,14988,6289,27,0,0,0,0
2021-02-03T23:59:59+01:00,55,105,247,519,424,1061,557,1715,845,1420,593,535,551,953,1595,3718,23,29,59,117,118,273,172,501,330,495,299,323,318,522,231,1058,14868,4868,25,0,0,0,0
2021-02-02T23:59:59+01:00,55,104,244,513,424,1043,545,1682,837,1396,580,526,540,906,1586,3673,16,22,40,76,82,180,120,337,215,357,210,217,202,327,166,700,14629,3267,25,0,0,0,0
2021-02-01T23:59:59+01:00,55,102,240,505,422,1027,537,1661,833,1373,572,520,523,877,1578,3626,6,11,20,40,44,92,64,168,93,160,99,100,85,153,72,310,14426,1517,25,0,0,0,0
2021-01-31T23:59:59+01:00,55,102,239,504,420,1023,535,1656,831,1370,572,519,523,877,1578,3625,6,11,18,36,39,78,60,142,80,145,95,99,84,152,70,309,14404,1424,25,0,0,0,0
2021-01-30T23:59:59+01:00,55,102,239,504,420,1023,535,1656,831,1370,572,519,523,877,1578,3625,6,11,18,36,39,78,60,142,80,145,95,98,84,152,70,309,14404,1423,25,0,0,0,0
2021-01-29T23:59:59+01:00,55,102,239,504,420,1023,535,1656,831,1370,572,519,523,877,1578,3625,6,11,18,36,39,78,60,142,80,145,95,98,84,152,70,309,14404,1423,25,0,0,0,0
2021-01-28T23:59:59+01:00,53,94,235,476,408,957,517,1570,808,1288,559,504,517,860,1576,3610,2,2,4,6,10,13,19,34,21,30,16,21,19,33,17,92,14013,339,19,0,0,0,0
2021-01-27T23:59:59+01:00,51,90,235,466,400,918,507,1504,788,1205,547,491,515,858,1576,3610,2,2,4,6,8,13,19,33,21,29,16,21,19,33,17,92,13744,335,17,0,0,0,0
2021-01-26T23:59:59+01:00,50,84,231,463,393,889,496,1436,763,1138,525,478,513,858,1576,3610,1,2,4,6,8,12,17,29,17,24,14,18,17,31,17,85,13487,302,16,0,0,0,0
2021-01-25T23:59:59+01:00,50,84,228,458,389,883,496,1433,762,1133,525,478,513,857,1576,3608,0,0,0,0,0,0,0,0,0,0,1,1,0,2,0,0,13458,4,15,0,0,0,0
2021-01-24T23:59:59+01:00,50,84,228,458,389,883,496,1432,762,1133,525,478,513,857,1576,3608,0,0,0,0,0,0,0,0,0,0,1,1,0,2,0,0,13457,4,15,0,0,0,0
2021-01-23T23:59:59+01:00,50,84,228,457,388,879,496,1426,761,1131,522,476,496,819,1324,3139,0,0,0,0,0,0,0,0,0,0,1,1,0,2,0,0,12661,4,15,0,0,0,0
2021-01-22T23:59:59+01:00,50,84,227,453,384,870,491,1416,756,1124,516,468,479,778,961,2418,0,0,0,0,0,0,0,0,0,0,1,1,0,2,0,0,11460,4,15,0,0,0,0
2021-01-21T23:59:59+01:00,50,81,209,420,357,814,464,1317,730,1090,512,468,479,778,960,2417,0,0,0,0,0,0,0,0,0,0,1,1,0,2,0,0,11131,4,15,0,0,0,0
2021-01-20T23:59:59+01:00,48,71,181,349,316,729,421,1163,660,999,476,457,474,778,960,2416,0,0,0,0,0,0,0,0,0,0,1,1,0,2,0,0,10483,4,15,0,0,0,0
2021-01-19T23:59:59+01:00,42,58,135,272,243,571,345,981,570,859,441,446,470,777,960,2416,0,0,0,0,0,0,0,0,0,0,1,0,0,2,0,0,9579,3,7,0,0,0,0
2021-01-18T23:59:59+01:00,38,45,86,173,174,421,278,718,499,702,432,439,467,772,958,2416,0,0,0,0,0,0,0,0,0,0,0,0,0,1,0,0,8618,1,0,0,0,0,0
2021-01-17T23:59:59+01:00,36,44,83,169,170,413,274,707,494,689,430,439,467,772,958,2415,0,0,0,0,0,0,0,0,0,0,0,0,0,0,0,0,8560,0,0,0,0,0,0
2021-01-16T23:59:59+01:00,33,43,81,167,166,404,267,700,479,681,422,438,429,725,718,2027,0,0,0,0,0,0,0,0,0,0,0,0,0,0,0,0,7780,0,0,0,0,0,0
2021-01-15T23:59:59+01:00,31,41,78,160,163,398,260,683,465,673,416,437,424,701,319,1395,0,0,0,0,0,0,0,0,0,0,0,0,0,0,0,0,6644,0,0,0,0,0,0
2021-01-14T23:59:59+01:00,31,39,77,156,158,393,252,674,454,665,413,435,424,700,319,1395,0,0,0,0,0,0,0,0,0,0,0,0,0,0,0,0,6585,0,0,0,0,0,0
2021-01-13T23:59:59+01:00,23,31,61,123,123,298,192,540,346,522,314,334,348,553,244,1120,0,0,0,0,0,0,0,0,0,0,0,0,0,0,0,0,5172,0,0,0,0,0,0
2021-01-12T23:59:59+01:00,16,24,45,85,88,210,139,390,236,387,224,228,227,356,177,760,0,0,0,0,0,0,0,0,0,0,0,0,0,0,0,0,3592,0,0,0,0,0,0
2021-01-11T23:59:59+01:00,8,15,26,44,58,134,88,220,124,205,112,109,99,173,82,338,0,0,0,0,0,0,0,0,0,0,0,0,0,0,0,0,1835,0,0,0,0,0,0
2021-01-10T23:59:59+01:00,7,15,22,41,51,106,80,179,105,172,106,105,95,171,79,338,0,0,0,0,0,0,0,0,0,0,0,0,0,0,0,0,1672,0,0,0,0,0,0
2021-01-09T23:59:59+01:00,7,15,22,41,51,106,80,179,105,172,106,104,95,171,79,338,0,0,0,0,0,0,0,0,0,0,0,0,0,0,0,0,1671,0,0,0,0,0,0
2021-01-08T23:59:59+01:00,7,14,21,40,49,100,75,168,99,169,103,100,90,162,77,329,0,0,0,0,0,0,0,0,0,0,0,0,0,0,0,0,1603,0,0,0,0,0,0
2021-01-07T23:59:59+01:00,2,3,4,7,10,14,20,34,23,34,17,21,20,34,19,96,0,0,0,0,0,0,0,0,0,0,0,0,0,0,0,0,358,0,0,0,0,0,0
2021-01-06T23:59:59+01:00,2,2,4,6,8,13,20,33,21,31,17,21,20,34,19,95,0,0,0,0,0,0,0,0,0,0,0,0,0,0,0,0,346,0,0,0,0,0,0
2021-01-05T23:59:59+01:00,2,2,4,6,8,13,20,33,21,31,17,21,20,34,19,95,0,0,0,0,0,0,0,0,0,0,0,0,0,0,0,0,346,0,0,0,0,0,0
2021-01-04T23:59:59+01:00,0,0,0,0,0,0,1,0,0,0,1,1,0,2,0,0,0,0,0,0,0,0,0,0,0,0,0,0,0,0,0,0,5,0,0,0,0,0,0
2021-01-03T23:59:59+01:00,0,0,0,0,0,0,1,0,0,0,1,1,0,2,0,0,0,0,0,0,0,0,0,0,0,0,0,0,0,0,0,0,5,0,0,0,0,0,0
2021-01-02T23:59:59+01:00,0,0,0,0,0,0,1,0,0,0,1,1,0,2,0,0,0,0,0,0,0,0,0,0,0,0,0,0,0,0,0,0,5,0,0,0,0,0,0
2021-01-01T23:59:59+01:00,0,0,0,0,0,0,1,0,0,0,1,1,0,2,0,0,0,0,0,0,0,0,0,0,0,0,0,0,0,0,0,0,5,0,0,0,0,0,0
2020-12-31T23:59:59+01:00,0,0,0,0,0,0,1,0,0,0,1,1,0,2,0,0,0,0,0,0,0,0,0,0,0,0,0,0,0,0,0,0,5,0,0,0,0,0,0
2020-12-30T23:59:59+01:00,0,0,0,0,0,0,1,0,0,0,1,1,0,2,0,0,0,0,0,0,0,0,0,0,0,0,0,0,0,0,0,0,5,0,0,0,0,0,0
2020-12-29T23:59:59+01:00,0,0,0,0,0,0,1,0,0,0,1,0,0,2,0,0,0,0,0,0,0,0,0,0,0,0,0,0,0,0,0,0,4,0,0,0,0,0,0
2020-12-28T23:59:59+01:00,0,0,0,0,0,0,0,0,0,0,1,0,0,1,0,0,0,0,0,0,0,0,0,0,0,0,0,0,0,0,0,0,2,0,0,0,0,0,0
2020-12-27T23:59:59+01:00,0,0,0,0,0,0,0,0,0,0,0,0,0,0,0,0,0,0,0,0,0,0,0,0,0,0,0,0,0,0,0,0,0,0,0,0,0,0,0
