Datum,<24_1_m,<24_1_w,25-34_1_m,25-34_1_w,35-44_1_m,35-44_1_w,45-54_1_m,45-54_1_w,55-64_1_m,55-64_1_w,65-74_1_m,65-74_1_w,75-84_1_m,75-84_1_w,>84_1_m,>84_1_w,<24_2_m,<24_2_w,25-34_2_m,25-34_2_w,35-44_2_m,35-44_2_w,45-54_2_m,45-54_2_w,55-64_2_m,55-64_2_w,65-74_2_m,65-74_2_w,75-84_2_m,75-84_2_w,>84_2_m,>84_2_w,bp_1,bp_2,mo_1,mo_2,az_1,az_2,ja
2021-06-01T23:59:59+02:00,4027,4291,6746,8044,9782,12168,19405,22120,27376,29273,22174,24812,15089,19776,4130,8053,1095,1204,1897,2729,2676,4613,4541,8097,6605,8334,11173,12682,11909,15682,3756,7244,161599,70549,25889,12467,45545,16988,4233
2021-05-31T23:59:59+02:00,3974,4241,6653,7980,9648,12067,19285,22035,27295,29195,22111,24760,15075,19752,4125,8048,1059,1178,1833,2689,2603,4570,4427,8037,6483,8252,10983,12511,11835,15586,3747,7238,160782,70200,25862,12463,45532,16300,4068
2021-05-30T23:59:59+02:00,3939,4211,6589,7922,9556,11987,19203,21957,27226,29129,22064,24715,15055,19730,4121,8039,1055,1171,1825,2681,2589,4560,4402,8007,6435,8210,10924,12438,11806,15548,3743,7229,160089,70164,25857,12462,45520,16020,3977
2021-05-29T23:59:59+02:00,3922,4190,6554,7893,9525,11952,19157,21908,27081,29024,22023,24651,15041,19716,4118,8035,1017,1150,1767,2627,2507,4475,4214,7733,6022,7774,8858,9907,11652,15277,3732,7204,159445,63974,25857,12460,45511,15505,3977
2021-05-28T23:59:59+02:00,3849,4130,6430,7822,9408,11831,19012,21785,26924,28907,21969,24586,15022,19701,4117,8034,1001,1133,1752,2608,2467,4413,4049,7412,5833,7518,6131,6748,11464,15005,3721,7163,158197,57210,25855,12460,45507,14780,3968
2021-05-27T23:59:59+02:00,3684,3983,6134,7643,8811,11502,18536,21435,26535,28587,21837,24438,14973,19646,4110,8019,947,1067,1667,2510,2351,4272,3582,6365,5440,7016,5982,6597,11399,14940,3717,7148,154793,56736,25800,12416,45499,12067,3781
2021-05-26T23:59:59+02:00,3554,3890,5910,7468,8423,11216,18094,21126,26241,28373,21707,24308,14929,19578,4100,8004,927,1056,1611,2486,2303,4236,3503,6291,5338,6935,5856,6472,11343,14888,3712,7138,152116,56664,25785,12414,45477,11474,3543
2021-05-25T23:59:59+02:00,3451,3820,5769,7353,8220,11045,17083,20338,25914,28046,21563,24159,14886,19511,4094,7995,904,1036,1579,2441,2237,4180,3430,6228,5257,6866,5683,6304,11258,14819,3706,7128,150581,56609,23863,12231,45463,10876,3340
2021-05-24T23:59:59+02:00,3387,3804,5679,7308,8091,10974,16163,19644,25540,27753,21483,24059,14859,19485,4087,7985,895,1034,1554,2423,2198,4144,3378,6174,5179,6785,5588,6200,11184,14751,3706,7122,149908,56580,21798,12155,45454,10439,3141
2021-05-23T23:59:59+02:00,3384,3800,5671,7300,8083,10968,16158,19643,25539,27752,21483,24059,14859,19485,4087,7985,894,1031,1546,2414,2186,4131,3361,6160,5158,6748,5544,6152,11170,14729,3705,7120,149883,56573,21798,12155,45452,10198,3123
2021-05-22T23:59:59+02:00,3342,3751,5602,7256,7980,10887,15929,19447,25288,27539,21394,23980,14833,19449,4084,7982,868,1006,1502,2364,2135,4055,3247,6023,4843,6183,4616,4983,10909,14366,3697,7085,148371,53364,21798,12155,45451,9240,3123
2021-05-21T23:59:59+02:00,3284,3675,5499,7173,7892,10767,15679,19209,25060,27342,21296,23883,14807,19408,4079,7974,834,944,1435,2237,2024,3784,3035,5658,4383,5310,3997,4172,10397,13734,3645,6980,146689,49652,21798,12155,45447,7669,3093
2021-05-20T23:59:59+02:00,3129,3496,5229,6910,7604,10404,15165,18681,24500,26816,21046,23626,14729,19301,4066,7948,818,929,1411,2217,1985,3750,2981,5594,4299,5235,3867,4070,10336,13684,3637,6970,142574,49571,21789,12145,45426,7206,2861
2021-05-19T23:59:59+02:00,3065,3439,5133,6762,7361,10138,14106,17709,24258,26547,20955,23510,14694,19247,4059,7942,798,901,1387,2164,1948,3663,2918,5447,4205,5128,3786,3982,10291,13633,3634,6966,141211,49544,19729,12084,45356,6594,2629
2021-05-18T23:59:59+02:00,3039,3416,5084,6726,7282,10077,13777,17461,24082,26400,20873,23420,14667,19203,4052,7931,760,833,1335,2024,1878,3467,2811,5240,3990,4847,3652,3800,10220,13564,3625,6957,140946,49526,18879,11090,45312,6034,2353
2021-05-17T23:59:59+02:00,3009,3390,5034,6650,7193,9970,13611,17265,23955,26262,20823,23373,14651,19182,4049,7924,751,814,1319,1986,1854,3419,2759,5132,3911,4728,3515,3649,10164,13513,3624,6949,139979,49505,18871,11080,45297,5308,2194
2021-05-16T23:59:59+02:00,2998,3369,5009,6586,7155,9888,13549,17189,23905,26203,20801,23358,14641,19170,4046,7922,746,807,1310,1984,1838,3406,2736,5122,3884,4701,3459,3579,10133,13493,3623,6947,139545,49498,18863,11069,45275,5095,2106
2021-05-15T23:59:59+02:00,2875,3250,4817,6386,6973,9696,12896,16638,23467,25806,20708,23247,14609,19131,4044,7916,685,741,1226,1894,1705,3238,2426,4797,3447,4212,3128,3162,10001,13316,3604,6925,136245,46584,18863,11069,45269,4772,2082
2021-05-14T23:59:59+02:00,2740,3055,4608,6158,6699,9382,12245,16021,23014,25360,20591,23115,14581,19081,4040,7909,613,649,1121,1774,1538,3009,2060,4383,2868,3629,2770,2744,9937,13207,3602,6921,132443,43679,18858,11067,45247,4028,2051
2021-05-13T23:59:59+02:00,2535,2742,4283,5766,6265,8890,11598,15268,22073,24530,20353,22879,14529,19002,4034,7895,609,646,1110,1758,1521,2992,2052,4359,2851,3608,2755,2729,9932,13206,3601,6921,126585,43626,18806,11059,45221,3935,2030
2021-05-12T23:59:59+02:00,2533,2739,4277,5765,6256,8883,11483,15140,22036,24502,20346,22867,14527,18996,4033,7895,599,621,1075,1699,1470,2914,1971,4273,2794,3556,2675,2635,9882,13133,3601,6921,126547,43623,18482,10235,45221,3933,2028
2021-05-11T23:59:59+02:00,2405,2702,4196,5691,6119,8761,11163,14891,21869,24356,20281,22800,14512,18969,4030,7892,566,593,1021,1635,1390,2821,1878,4134,2723,3492,2523,2411,9817,13034,3601,6921,125621,43607,18146,9403,44942,3622,1928
2021-05-10T23:59:59+02:00,2354,2617,4097,5566,5994,8600,10309,14094,21553,24077,20209,22718,14478,18919,4022,7882,550,557,986,1577,1321,2728,1784,3968,2649,3415,2501,2394,9810,13015,3598,6918,124543,43598,16305,9227,44839,3144,1802
2021-05-09T23:59:59+02:00,2320,2600,4060,5527,5942,8547,10239,14020,21492,24012,20175,22679,14463,18895,4020,7870,542,546,965,1531,1296,2680,1751,3912,2613,3371,2491,2382,9800,12997,3598,6912,124102,43538,16300,9224,44746,2912,1713
2021-05-08T23:59:59+02:00,2243,2485,3858,5355,5694,8339,9820,13664,20472,23171,20004,22505,14438,18837,4015,7861,460,513,905,1485,1219,2615,1660,3799,2338,3134,2014,1995,9725,12931,3597,6912,120006,42095,16299,9222,44743,2272,1713
2021-05-07T23:59:59+02:00,2149,2352,3657,5178,5364,8050,9396,13256,19272,21943,19839,22302,14401,18789,4007,7845,357,446,792,1408,1095,2482,1525,3655,2155,2927,1565,1614,9351,12572,3596,6911,115099,40390,16297,9220,44722,1159,1682
2021-05-06T23:59:59+02:00,1944,2229,3380,4905,4916,7650,8728,12664,18088,20734,19523,21948,14315,18652,3998,7835,339,435,768,1380,1057,2423,1474,3576,2091,2862,1530,1557,9335,12549,3591,6908,109293,40371,16291,9214,44524,889,1401
2021-05-05T23:59:59+02:00,1867,2189,3307,4819,4838,7535,8594,12509,17931,20589,19405,21834,14243,18550,3978,7749,326,419,729,1330,991,2341,1388,3417,1987,2758,1440,1460,8928,11987,3586,6892,108540,40338,16148,8096,44337,633,912
2021-05-04T23:59:59+02:00,1838,2158,3266,4736,4781,7428,8245,12114,17470,20100,19321,21713,14171,18457,3953,7646,308,406,707,1297,971,2292,1312,3272,1883,2617,1375,1359,8864,11893,3582,6877,107851,40314,14808,7821,44234,376,504
2021-05-03T23:59:59+02:00,1829,2153,3258,4723,4741,7404,7865,11769,16900,19611,19265,21636,14147,18429,3948,7636,293,380,684,1216,922,2201,1245,3129,1785,2482,1312,1285,8842,11865,3579,6868,107769,40307,13220,7614,44194,36,131
2021-05-02T23:59:59+02:00,1827,2151,3254,4721,4735,7400,7854,11757,16882,19600,19249,21630,14147,18427,3947,7636,292,379,682,1215,916,2198,1236,3122,1777,2476,1298,1278,8841,11859,3578,6868,107743,40285,13218,7612,44171,33,85
2021-05-01T23:59:59+02:00,1677,2000,2956,4457,4254,7034,7222,11245,14945,17711,18935,21296,14070,18325,3944,7623,290,379,680,1213,915,2195,1234,3120,1774,2471,1294,1275,8839,11858,3578,6868,100227,40255,13217,7612,44167,33,83
2021-04-30T23:59:59+02:00,1531,1834,2754,4214,3907,6640,6624,10622,13120,15603,18585,20894,13985,18194,3931,7616,284,378,676,1208,904,2187,1224,3112,1766,2460,1284,1265,8835,11855,3577,6868,92642,40211,13217,7612,44167,32,28
2021-04-29T23:59:59+02:00,1400,1753,2578,4086,3667,6431,6242,10302,11757,14286,18394,20686,13957,18141,3928,7610,282,374,671,1203,895,2181,1200,3106,1735,2423,1261,1240,8831,11850,3577,6868,87966,40180,13209,7481,44032,25,11
2021-04-28T23:59:59+02:00,1328,1746,2533,4066,3618,6409,6170,10265,11674,14220,18366,20655,13951,18128,3928,7607,282,373,668,1202,893,2179,1197,3102,1727,2420,1254,1220,8390,11335,3577,6868,87700,40159,13159,6496,43795,22,10
2021-04-27T23:59:59+02:00,1274,1717,2428,4021,3557,6383,6046,10204,11573,14156,18336,20623,13941,18115,3926,7606,281,372,666,1196,892,2177,1193,3099,1723,2413,1238,1202,7980,10760,3577,6868,87198,40141,13106,5469,43593,18,9
2021-04-26T23:59:59+02:00,1223,1681,2336,3925,3433,6287,5870,10077,11265,13881,18299,20604,13933,18097,3924,7606,280,371,664,1196,888,2174,1185,3095,1705,2406,1223,1187,7974,10742,3577,6868,85869,40060,13096,5449,43467,17,9
2021-04-25T23:59:59+02:00,1220,1678,2327,3923,3427,6282,5851,10069,11230,13851,18292,20595,13932,18091,3924,7606,280,371,664,1196,887,2174,1185,3095,1705,2406,1223,1187,7974,10740,3577,6868,85849,40059,13089,5447,43351,17,9
2021-04-24T23:59:59+02:00,1169,1528,2131,3375,3155,5654,5669,9690,10175,12569,17808,19968,13840,17953,3918,7598,279,370,663,1195,887,2173,1185,3094,1699,2399,1219,1184,7973,10739,3577,6867,79776,40035,13089,5443,43327,17,8
2021-04-23T23:59:59+02:00,1132,1423,2009,3007,2971,5079,5456,9297,9345,11508,16473,18482,13715,17770,3913,7580,279,370,661,1195,886,2171,1184,3094,1698,2398,1214,1179,7970,10737,3577,6866,72797,40022,13088,5432,43267,17,8
2021-04-22T23:59:59+02:00,1126,1413,1992,2990,2951,5062,5390,9246,9234,11401,16413,18416,13694,17745,3911,7576,277,369,659,1195,883,2169,1176,3081,1677,2377,1192,1158,7968,10732,3577,6866,72756,40010,13035,5322,42761,16,8
2021-04-21T23:59:59+02:00,1116,1404,1976,2973,2928,5040,5339,9181,9115,11275,16333,18341,13678,17717,3911,7573,271,365,648,1185,870,2138,1164,3054,1668,2359,1180,1144,7746,10417,3576,6866,72716,40004,12977,4624,42199,15,8
2021-04-20T23:59:59+02:00,1083,1341,1929,2855,2854,4883,5234,8998,8841,10964,16207,18175,13629,17666,3904,7568,258,361,627,1161,843,2110,1138,3024,1632,2324,1163,1130,7738,10414,3576,6866,72647,39985,11850,4359,41626,13,8
2021-04-19T23:59:59+02:00,1072,1330,1891,2835,2811,4852,5090,8940,8651,10834,16123,18098,13612,17649,3904,7563,249,350,606,1140,827,2075,1116,2979,1590,2271,1146,1114,7733,10410,3574,6866,72248,39951,11828,4076,41171,11,8
2021-04-18T23:59:59+02:00,1070,1329,1886,2829,2802,4841,5074,8923,8604,10790,16079,18042,13606,17638,3903,7561,249,350,606,1140,826,2075,1116,2979,1590,2270,1146,1113,7731,10409,3573,6866,72205,39946,11825,4074,40939,11,8
2021-04-17T23:59:59+02:00,1033,1316,1835,2782,2726,4763,4923,8767,8191,10379,13840,15279,13443,17356,3890,7530,247,350,606,1136,822,2069,1105,2971,1578,2249,1107,1068,7395,9991,3557,6828,65402,38997,11825,4063,40818,11,8
2021-04-16T23:59:59+02:00,1025,1309,1824,2772,2682,4722,4819,8680,8005,10171,10966,11941,13256,17063,3875,7485,246,345,605,1133,817,2065,1096,2966,1569,2238,1096,1056,7389,9986,3555,6825,58183,38921,11823,4047,40581,11,8
2021-04-15T23:59:59+02:00,1013,1303,1797,2756,2635,4687,4705,8612,7761,9942,10737,11757,13213,17009,3869,7473,244,345,605,1131,816,2064,1093,2963,1566,2235,1091,1053,7387,9984,3555,6825,58161,38908,11821,4030,39279,11,8
2021-04-14T23:59:59+02:00,990,1270,1740,2668,2540,4559,4511,8422,7472,9640,10376,11303,13088,16855,3865,7463,214,318,566,1079,794,1996,1055,2881,1522,2177,1067,1026,7383,9976,3555,6825,58129,38892,10877,3524,37748,10,8
2021-04-13T23:59:59+02:00,963,1245,1703,2611,2466,4473,4406,8278,7256,9415,9977,10808,12963,16697,3860,7452,174,292,532,1027,754,1895,1019,2778,1473,2110,1048,992,7369,9968,3555,6825,58051,38829,9932,2970,36582,4,8
2021-04-12T23:59:59+02:00,959,1242,1686,2608,2435,4457,4353,8224,7099,9230,9728,10517,12921,16650,3849,7439,159,273,505,988,730,1824,995,2708,1431,2067,1028,974,7353,9952,3552,6820,57995,38714,9901,2633,35493,4,8
2021-04-11T23:59:59+02:00,957,1241,1676,2608,2423,4455,4331,8209,7029,9160,9604,10366,12895,16608,3845,7435,159,272,505,987,729,1823,994,2708,1430,2067,1028,974,7351,9952,3552,6820,57983,38708,9899,2632,34952,3,8
2021-04-10T23:59:59+02:00,939,1230,1648,2582,2385,4426,4259,8144,6887,9038,8665,9164,12626,16238,3836,7397,156,270,504,985,724,1821,993,2702,1421,2059,1014,959,6882,9452,3540,6806,54654,37646,9898,2631,34904,3,8
2021-04-09T23:59:59+02:00,915,1198,1608,2533,2312,4345,4079,7963,6548,8705,7916,8196,12056,15540,3777,7284,153,269,502,979,719,1812,985,2694,1404,2047,995,938,6634,9176,3527,6785,50684,36981,9895,2627,34388,3,8
2021-04-08T23:59:59+02:00,904,1187,1577,2510,2246,4294,3938,7865,6255,8363,7332,7560,11926,15392,3768,7266,153,266,495,976,715,1804,977,2683,1396,2037,983,936,6631,9174,3527,6785,50653,36960,9871,2567,31851,3,8
2021-04-07T23:59:59+02:00,897,1176,1550,2491,2190,4252,3845,7788,5999,8065,6774,6949,11371,14679,3757,7242,134,254,460,925,670,1738,919,2609,1350,1975,966,922,6625,9169,3526,6785,50628,36937,8721,2080,29669,3,7
2021-04-06T23:59:59+02:00,893,1173,1531,2484,2161,4227,3767,7731,5786,7875,6332,6450,11210,14490,3746,7216,111,233,407,860,629,1655,870,2514,1299,1916,943,905,6610,9157,3524,6781,50558,36910,8538,1494,27969,3,7
2021-04-05T23:59:59+02:00,885,1169,1516,2477,2138,4217,3712,7703,5628,7749,6140,6241,11157,14416,3742,7209,105,230,406,859,622,1646,863,2497,1282,1898,915,866,5472,7709,3494,6734,50363,34104,8534,1484,27195,3,7
2021-04-04T23:59:59+02:00,884,1165,1514,2475,2132,4215,3696,7696,5616,7740,6128,6219,11146,14402,3741,7206,105,230,404,857,617,1641,858,2490,1267,1877,892,833,4427,6511,3470,6680,50350,31665,8533,1484,27085,3,7
2021-04-03T23:59:59+02:00,821,1106,1431,2399,2011,4072,3404,7403,5167,7258,5783,5773,11002,14210,3719,7183,103,230,404,856,617,1639,857,2490,1267,1877,892,833,4427,6507,3470,6680,47118,31655,8533,1484,27084,3,7
2021-04-02T23:59:59+02:00,777,1065,1370,2333,1904,3945,3115,7127,4666,6758,5401,5328,10932,14088,3716,7177,103,230,404,856,617,1639,856,2490,1265,1875,891,830,4425,6505,3470,6680,44194,31644,8532,1483,26970,3,6
2021-04-01T23:59:59+02:00,772,1063,1360,2330,1885,3937,3083,7111,4589,6679,5292,5221,10903,14046,3715,7175,102,230,402,852,616,1636,855,2487,1262,1871,881,829,4421,6502,3469,6680,44182,31635,8390,1451,26583,3,6
2021-03-31T23:59:59+02:00,770,1059,1352,2317,1873,3925,3056,7081,4523,6623,5149,5060,10404,13453,3712,7170,102,230,401,852,616,1636,855,2487,1260,1871,880,829,4420,6501,3469,6679,44172,31628,7263,1451,26086,3,6
2021-03-30T23:59:59+02:00,761,1054,1333,2297,1840,3894,3014,7045,4435,6529,4972,4854,9905,12776,3705,7157,98,226,401,848,611,1633,849,2482,1253,1867,870,820,4413,6497,3468,6679,44150,31610,6078,1398,25337,1,6
2021-03-29T23:59:59+02:00,756,1046,1320,2260,1819,3863,2983,7004,4363,6431,4770,4664,9840,12701,3703,7146,98,226,401,845,607,1630,848,2475,1249,1861,861,812,4406,6493,3468,6679,44083,31598,5863,1354,24717,1,6
2021-03-28T23:59:59+02:00,753,1044,1316,2257,1805,3853,2965,6989,4324,6370,4674,4552,9809,12646,3697,7139,98,226,401,844,607,1630,846,2475,1247,1861,860,812,4405,6493,3468,6679,44061,31596,5854,1349,24272,1,6
2021-03-27T23:59:59+01:00,749,1039,1308,2249,1785,3838,2939,6961,4096,6184,4160,4124,9598,12421,3689,7124,98,226,398,842,606,1628,843,2472,1240,1855,856,807,4175,6112,3415,6600,42146,30817,5850,1349,24262,1,6
2021-03-26T23:59:59+01:00,742,1031,1300,2239,1766,3820,2910,6936,4008,6084,3634,3686,9130,11963,3680,7111,98,226,397,841,605,1625,839,2469,1230,1849,845,791,3376,5065,3287,6366,40210,28553,5837,1349,23987,1,6
2021-03-25T23:59:59+01:00,735,1025,1287,2226,1744,3792,2849,6896,3916,5996,3453,3469,9046,11871,3675,7109,98,226,397,841,605,1625,838,2468,1230,1849,845,791,3374,5064,3287,6365,40198,28547,5730,1349,23155,1,6
2021-03-24T23:59:59+01:00,725,1016,1255,2201,1697,3742,2768,6819,3750,5834,3114,3109,8686,11359,3666,7097,94,224,385,826,586,1605,805,2436,1175,1818,818,754,3366,5059,3287,6363,40176,28246,4976,1348,21680,1,6
2021-03-23T23:59:59+01:00,712,1006,1226,2166,1651,3694,2682,6732,3588,5662,2732,2717,8502,11183,3659,7080,89,220,372,799,548,1573,739,2372,1071,1736,735,697,3340,5027,3284,6361,40135,27615,4686,1341,20165,1,6
2021-03-22T23:59:59+01:00,683,885,1187,2119,1621,3638,2624,6655,3441,5523,2479,2479,8204,10843,3646,7050,89,219,372,799,548,1571,738,2371,1068,1735,733,694,3337,5022,3283,6359,39667,27590,4359,1341,19045,1,6
2021-03-21T23:59:59+01:00,682,880,1182,2112,1610,3630,2606,6639,3394,5476,2330,2312,8133,10752,3639,7037,89,219,372,798,548,1571,738,2371,1068,1735,733,694,3337,5021,3283,6359,39663,27588,4345,1341,18400,1,6
2021-03-20T23:59:59+01:00,680,880,1180,2104,1605,3625,2600,6632,3373,5453,2300,2273,7642,10237,3626,7022,89,219,372,798,547,1571,737,2370,1068,1734,733,694,3337,5020,3281,6357,38625,27579,4333,1341,18268,1,6
2021-03-19T23:59:59+01:00,672,873,1166,2089,1572,3601,2531,6478,3308,5362,2117,2093,7347,9929,3612,7001,89,219,372,792,543,1569,732,2361,1058,1724,724,687,2803,4270,2970,5757,38019,25322,4317,1341,17409,1,6
2021-03-18T23:59:59+01:00,656,856,1147,2058,1541,3568,2493,6404,3233,5272,1946,1890,7247,9829,3610,6991,88,219,372,791,543,1569,731,2357,1054,1723,716,684,2743,4189,2955,5724,37999,25132,4306,1319,16430,1,6
2021-03-17T23:59:59+01:00,622,825,1104,2000,1504,3481,2406,6281,3078,5110,1681,1623,7113,9701,3601,6978,86,213,360,765,527,1518,709,2303,1015,1685,698,662,2483,3877,2896,5624,37928,24166,3783,1248,15391,1,6
2021-03-16T23:59:59+01:00,575,793,1063,1943,1454,3364,2332,6135,2963,4965,1473,1400,7009,9574,3592,6961,79,194,337,707,499,1435,676,2160,986,1577,645,612,2374,3737,2878,5549,37874,23422,3165,1017,14552,1,5
2021-03-15T23:59:59+01:00,559,776,1033,1899,1416,3290,2297,6051,2874,4882,1347,1264,6425,8883,3570,6917,76,182,322,647,481,1317,640,2033,942,1464,618,593,2336,3695,2867,5493,36640,23021,2808,684,14035,1,0
2021-03-14T23:59:59+01:00,554,771,1023,1885,1413,3274,2281,6033,2838,4853,1305,1208,6024,8441,3559,6906,75,177,318,624,475,1289,634,1972,932,1445,618,593,2336,3694,2866,5492,35826,23015,2803,524,13739,1,0
2021-03-13T23:59:59+01:00,532,748,984,1838,1356,3207,2010,5389,2611,4493,1202,1097,5346,7558,3542,6877,75,177,317,621,473,1287,632,1970,932,1441,615,588,1881,3059,2443,4890,34150,20876,2799,524,11841,1,0
2021-03-12T23:59:59+01:00,514,723,965,1794,1319,3108,1790,4527,2418,4127,1133,1024,4626,6720,3528,6841,75,175,316,617,473,1283,628,1964,929,1435,612,582,1479,2391,1989,4230,32475,18653,2796,524,9886,1,0
2021-03-11T23:59:59+01:00,509,716,955,1782,1305,3087,1764,4494,2380,4089,1058,971,4588,6687,3526,6839,75,166,309,596,460,1229,618,1915,907,1402,603,569,1474,2373,1980,4181,32442,18404,2703,452,9605,1,0
2021-03-10T23:59:59+01:00,487,700,905,1718,1250,3015,1688,4392,2319,4004,1026,949,4575,6674,3525,6837,74,166,307,591,458,1223,614,1893,907,1397,595,559,1407,2276,1945,4137,32427,18120,2137,428,9500,1,0
2021-03-09T23:59:59+01:00,466,682,854,1668,1212,2943,1641,4313,2277,3957,1011,940,4569,6667,3524,6836,72,164,306,589,457,1214,612,1881,901,1391,593,551,1174,1930,1856,4000,32383,17289,1689,401,9488,1,0
2021-03-08T23:59:59+01:00,459,671,844,1652,1202,2928,1635,4287,2264,3945,999,929,4535,6622,3522,6832,71,162,303,587,453,1208,610,1877,898,1389,593,551,1092,1830,1824,3967,32259,17036,1593,378,9474,1,0
2021-03-07T23:59:59+01:00,458,668,844,1651,1199,2926,1632,4280,2254,3939,992,921,4529,6618,3521,6831,68,158,293,566,441,1174,592,1773,866,1327,592,551,980,1683,1783,3915,32242,16676,1554,86,9467,0,0
2021-03-06T23:59:59+01:00,449,648,825,1617,1174,2870,1587,4198,2061,3450,968,893,4304,6257,3474,6759,68,158,293,566,441,1173,592,1773,866,1327,592,551,977,1682,1780,3914,31526,16667,1554,86,8454,0,0
2021-03-05T23:59:59+01:00,433,600,792,1512,1120,2646,1501,3971,1851,2789,950,867,3478,5187,3350,6530,68,157,292,563,437,1167,591,1768,864,1323,587,549,937,1620,1762,3884,29223,16483,1553,86,6801,0,0
2021-03-04T23:59:59+01:00,418,590,783,1493,1108,2622,1479,3941,1831,2771,937,864,3472,5183,3349,6529,68,156,289,559,433,1149,582,1748,863,1315,585,548,891,1557,1748,3858,29210,16325,1513,24,6647,0,0
2021-03-03T23:59:59+01:00,406,551,764,1434,1074,2537,1430,3790,1749,2682,910,821,3463,5179,3349,6527,67,156,286,555,432,1146,580,1739,860,1312,585,547,859,1497,1672,3720,28897,15991,1513,22,6256,0,0
2021-03-02T23:59:59+01:00,400,541,748,1404,1024,2492,1355,3704,1632,2587,821,759,3430,5142,3345,6525,66,156,286,550,431,1140,580,1731,860,1310,584,547,859,1497,1672,3720,28259,15967,1450,22,6200,0,0
2021-03-01T23:59:59+01:00,393,526,744,1353,1009,2429,1335,3629,1607,2538,804,750,3422,5136,3345,6525,66,154,285,547,422,1126,580,1716,850,1304,584,545,749,1319,1632,3665,28220,15522,1401,22,5924,0,0
2021-02-28T23:59:59+01:00,388,512,735,1308,997,2351,1319,3547,1588,2459,800,744,3421,5132,3344,6523,66,154,285,547,422,1125,580,1716,849,1304,584,544,642,1170,1597,3609,28209,15172,1398,22,5561,0,0
2021-02-27T23:59:59+01:00,377,488,721,1284,977,2309,1286,3477,1563,2412,783,734,3420,5132,3344,6523,66,154,285,547,422,1125,579,1716,848,1304,584,544,642,1169,1597,3609,28208,15169,1398,22,5224,0,0
2021-02-26T23:59:59+01:00,347,426,674,1219,911,2188,1194,3318,1467,2287,759,718,2878,4375,3031,5905,66,154,282,545,422,1123,577,1713,845,1299,579,541,635,1155,1590,3593,25929,15097,1398,22,4370,0,0
2021-02-25T23:59:59+01:00,342,410,659,1191,890,2143,1174,3245,1451,2252,757,716,2819,4293,3014,5871,64,150,278,538,422,1120,572,1700,842,1290,571,535,553,1035,1551,3550,25711,14751,1398,20,4118,0,0
2021-02-24T23:59:59+01:00,317,393,613,1145,837,2070,1116,3154,1412,2200,739,694,2560,3972,2953,5765,63,146,274,528,416,1105,565,1677,839,1273,564,524,539,1014,1541,3530,24726,14584,1398,14,3816,0,0
2021-02-23T23:59:59+01:00,299,368,585,1088,801,1982,1035,2997,1350,2119,686,643,2448,3830,2936,5685,63,144,272,521,416,1086,555,1647,831,1254,553,516,527,963,1531,3487,23933,14352,1393,14,3526,0,0
2021-02-22T23:59:59+01:00,294,355,571,1027,784,1905,1008,2904,1313,2060,665,623,2420,3793,2929,5630,62,143,267,515,414,1072,546,1624,825,1236,538,502,510,937,1526,3436,23538,14139,1393,14,3350,0,0
2021-02-21T23:59:59+01:00,291,344,564,1005,771,1862,1000,2858,1283,2039,665,621,2418,3793,2928,5629,62,143,266,515,414,1072,546,1624,825,1234,538,502,510,937,1526,3435,23532,14135,1393,14,3146,0,0
2021-02-20T23:59:59+01:00,194,309,501,951,706,1791,925,2752,1200,1957,655,608,1953,3122,2480,4990,62,143,266,515,414,1072,546,1623,825,1234,538,502,510,937,1526,3435,21284,14134,1393,14,2417,0,0
2021-02-19T23:59:59+01:00,94,236,386,871,583,1648,789,2608,1073,1811,646,594,1563,2474,2024,4336,62,143,266,515,414,1071,546,1623,825,1234,538,502,502,933,1524,3430,19092,14114,1393,14,1251,0,0
2021-02-18T23:59:59+01:00,90,224,375,827,560,1554,759,2468,1036,1750,635,583,1555,2455,2015,4287,59,134,260,486,399,1009,533,1543,803,1165,527,488,496,915,1522,3412,18855,13737,1367,14,951,0,0
2021-02-17T23:59:59+01:00,89,216,362,797,548,1522,726,2345,1008,1685,627,571,1490,2356,1977,4250,59,130,257,475,391,964,521,1479,785,1090,515,477,494,914,1522,3412,18595,13471,1294,14,680,0,0
2021-02-16T23:59:59+01:00,83,208,344,751,523,1448,693,2233,985,1594,617,562,1217,1973,1885,4109,57,121,257,468,383,931,508,1414,759,1025,495,467,493,914,1519,3411,17682,13220,1055,2,488,0,0
2021-02-15T23:59:59+01:00,77,183,318,644,485,1305,639,2020,937,1451,607,561,1120,1854,1850,4061,56,121,256,462,379,926,506,1409,758,1019,495,467,492,910,1518,3408,17360,13182,717,0,35,0,0
2021-02-14T23:59:59+01:00,76,177,315,619,479,1274,629,1963,923,1434,607,561,1015,1717,1812,4017,56,121,256,462,379,926,506,1407,758,1019,495,467,492,910,1518,3408,17033,13180,564,0,21,0,0
2021-02-13T23:59:59+01:00,76,176,315,618,477,1270,628,1961,923,1430,606,560,1015,1713,1809,4015,56,120,256,462,377,922,505,1402,756,1017,493,466,473,866,1264,2950,17007,12385,564,0,21,0,0
2021-02-12T23:59:59+01:00,76,176,314,617,473,1266,628,1957,920,1429,601,559,974,1653,1793,3983,56,120,256,457,373,914,501,1393,750,1011,486,459,451,819,914,2256,16836,11216,564,0,19,0,0
2021-02-11T23:59:59+01:00,76,170,310,604,461,1239,622,1933,913,1417,600,559,923,1586,1780,3955,56,114,240,427,360,858,485,1322,732,989,486,458,451,819,912,2255,16661,10964,481,0,6,0,0
2021-02-10T23:59:59+01:00,74,170,307,601,458,1235,619,1917,908,1413,600,559,912,1568,1762,3913,55,100,201,346,307,746,433,1162,652,900,458,453,449,819,912,2254,16560,10247,454,0,2,0,0
2021-02-09T23:59:59+01:00,71,168,302,595,455,1226,618,1902,902,1408,599,558,891,1528,1703,3815,47,82,141,265,232,582,351,956,553,770,427,444,445,818,909,2254,16314,9276,426,0,1,0,0
2021-02-08T23:59:59+01:00,70,166,299,589,452,1219,617,1884,895,1403,599,556,774,1351,1663,3759,42,66,99,174,170,427,288,725,496,654,421,439,442,816,908,2254,15893,8421,402,0,1,0,0
2021-02-07T23:59:59+01:00,67,162,289,567,435,1180,600,1776,862,1337,599,555,661,1198,1627,3701,41,65,95,170,166,421,284,713,491,643,419,439,442,816,908,2253,15522,8366,94,0,0,0,0
2021-02-06T23:59:59+01:00,67,162,288,567,435,1179,598,1776,860,1334,595,553,659,1188,1621,3695,38,62,94,168,163,411,278,704,479,636,413,439,403,762,676,1875,15483,7601,94,0,0,0,0
2021-02-05T23:59:59+01:00,67,162,286,564,435,1177,597,1775,858,1332,593,553,650,1180,1615,3684,36,58,90,164,157,401,271,685,462,628,407,439,391,728,289,1258,15434,6464,94,0,0,0,0
2021-02-04T23:59:59+01:00,65,159,281,558,429,1158,581,1749,855,1318,584,544,561,1052,1573,3638,35,54,84,159,149,387,260,668,445,614,400,433,388,721,287,1252,15078,6336,27,0,0,0,0
2021-02-03T23:59:59+01:00,64,153,277,549,428,1142,579,1734,853,1304,578,532,552,1043,1570,3626,26,39,70,125,112,281,190,522,338,477,299,331,309,564,223,1002,14959,4908,25,0,0,0,0
2021-02-02T23:59:59+01:00,64,151,274,542,428,1122,566,1700,845,1285,564,521,543,993,1561,3585,18,27,45,80,82,189,135,354,215,348,211,211,198,359,159,662,14719,3293,25,0,0,0,0
2021-02-01T23:59:59+01:00,63,149,271,534,426,1105,558,1672,839,1270,553,512,529,964,1554,3542,7,14,22,43,44,96,67,173,97,155,102,97,79,158,68,303,14516,1525,25,0,0,0,0
2021-01-31T23:59:59+01:00,63,148,270,534,422,1101,558,1667,837,1266,553,512,529,964,1554,3541,7,13,20,40,39,80,63,148,82,139,98,97,78,157,66,302,14494,1429,25,0,0,0,0
2021-01-30T23:59:59+01:00,63,148,270,534,422,1101,558,1667,837,1266,553,512,529,964,1554,3541,7,13,20,40,39,80,63,148,82,139,98,96,78,157,66,302,14494,1428,25,0,0,0,0
2021-01-29T23:59:59+01:00,63,148,270,534,422,1101,558,1667,837,1266,553,512,529,964,1554,3541,7,13,20,40,39,80,63,148,82,139,98,96,78,157,66,302,14494,1428,25,0,0,0,0
2021-01-28T23:59:59+01:00,61,138,264,499,409,1038,542,1578,813,1192,542,497,523,947,1552,3526,2,2,5,7,9,14,21,35,21,27,15,19,19,35,17,92,14102,340,19,0,0,0,0
2021-01-27T23:59:59+01:00,59,133,263,487,401,991,531,1513,795,1117,530,485,521,946,1552,3526,2,2,5,7,7,14,21,34,21,27,15,19,19,35,17,92,13833,337,17,0,0,0,0
2021-01-26T23:59:59+01:00,58,127,259,482,392,959,520,1446,770,1051,509,475,520,946,1552,3526,1,2,5,7,7,12,19,31,17,22,14,16,17,33,17,85,13576,305,16,0,0,0,0
2021-01-25T23:59:59+01:00,57,127,257,477,388,953,520,1443,769,1046,509,475,520,944,1552,3524,0,0,0,0,0,0,0,0,0,0,1,1,0,1,0,0,13546,3,15,0,0,0,0
2021-01-24T23:59:59+01:00,57,127,257,477,388,953,520,1442,769,1046,509,475,520,944,1552,3524,0,0,0,0,0,0,0,0,0,0,1,1,0,1,0,0,13545,3,15,0,0,0,0
2021-01-23T23:59:59+01:00,57,126,257,477,387,949,520,1435,768,1044,506,474,501,900,1299,3055,0,0,0,0,0,0,0,0,0,0,1,1,0,1,0,0,12740,3,15,0,0,0,0
2021-01-22T23:59:59+01:00,57,126,256,472,382,941,516,1425,763,1037,500,467,479,851,937,2337,0,0,0,0,0,0,0,0,0,0,1,1,0,1,0,0,11531,3,15,0,0,0,0
2021-01-21T23:59:59+01:00,57,120,237,439,356,873,487,1332,737,1012,498,467,479,851,936,2336,0,0,0,0,0,0,0,0,0,0,1,1,0,1,0,0,11202,3,15,0,0,0,0
2021-01-20T23:59:59+01:00,55,105,205,366,315,777,444,1186,662,926,469,461,477,851,935,2335,0,0,0,0,0,0,0,0,0,0,1,1,0,1,0,0,10554,3,15,0,0,0,0
2021-01-19T23:59:59+01:00,49,88,152,283,243,610,367,1000,575,807,439,452,473,850,935,2335,0,0,0,0,0,0,0,0,0,0,1,0,0,1,0,0,9651,2,7,0,0,0,0
2021-01-18T23:59:59+01:00,43,67,100,182,175,442,301,741,505,671,433,447,470,846,933,2335,0,0,0,0,0,0,0,0,0,0,0,0,0,0,0,0,8691,0,0,0,0,0,0
2021-01-17T23:59:59+01:00,41,66,97,176,170,435,298,731,500,658,431,447,470,846,933,2334,0,0,0,0,0,0,0,0,0,0,0,0,0,0,0,0,8633,0,0,0,0,0,0
2021-01-16T23:59:59+01:00,38,63,95,175,165,426,291,723,483,651,425,447,428,793,694,1951,0,0,0,0,0,0,0,0,0,0,0,0,0,0,0,0,7848,0,0,0,0,0,0
2021-01-15T23:59:59+01:00,36,59,92,170,162,418,284,706,469,644,419,447,417,759,299,1324,0,0,0,0,0,0,0,0,0,0,0,0,0,0,0,0,6705,0,0,0,0,0,0
2021-01-14T23:59:59+01:00,36,55,88,168,158,412,277,698,458,636,416,445,417,758,299,1324,0,0,0,0,0,0,0,0,0,0,0,0,0,0,0,0,6645,0,0,0,0,0,0
2021-01-13T23:59:59+01:00,26,40,72,134,120,309,209,559,354,504,317,343,339,596,235,1065,0,0,0,0,0,0,0,0,0,0,0,0,0,0,0,0,5222,0,0,0,0,0,0
2021-01-12T23:59:59+01:00,18,30,51,90,89,222,153,405,237,377,225,222,223,393,170,720,0,0,0,0,0,0,0,0,0,0,0,0,0,0,0,0,3625,0,0,0,0,0,0
2021-01-11T23:59:59+01:00,9,19,29,50,60,139,93,226,125,197,115,106,93,178,78,330,0,0,0,0,0,0,0,0,0,0,0,0,0,0,0,0,1847,0,0,0,0,0,0
2021-01-10T23:59:59+01:00,8,18,24,45,54,110,83,185,105,165,110,104,90,176,75,330,0,0,0,0,0,0,0,0,0,0,0,0,0,0,0,0,1682,0,0,0,0,0,0
2021-01-09T23:59:59+01:00,8,18,24,45,54,110,83,185,105,165,110,103,90,176,75,330,0,0,0,0,0,0,0,0,0,0,0,0,0,0,0,0,1681,0,0,0,0,0,0
2021-01-08T23:59:59+01:00,8,17,23,44,51,102,79,175,99,162,106,100,86,166,73,322,0,0,0,0,0,0,0,0,0,0,0,0,0,0,0,0,1613,0,0,0,0,0,0
2021-01-07T23:59:59+01:00,2,3,5,8,9,15,24,36,21,32,16,19,20,36,19,96,0,0,0,0,0,0,0,0,0,0,0,0,0,0,0,0,361,0,0,0,0,0,0
2021-01-06T23:59:59+01:00,2,2,5,7,7,14,23,35,20,29,16,19,20,36,19,95,0,0,0,0,0,0,0,0,0,0,0,0,0,0,0,0,349,0,0,0,0,0,0
2021-01-05T23:59:59+01:00,2,2,5,7,7,14,23,35,20,29,16,19,20,36,19,95,0,0,0,0,0,0,0,0,0,0,0,0,0,0,0,0,349,0,0,0,0,0,0
2021-01-04T23:59:59+01:00,0,0,0,0,0,0,1,0,0,0,1,1,0,1,0,0,0,0,0,0,0,0,0,0,0,0,0,0,0,0,0,0,4,0,0,0,0,0,0
2021-01-03T23:59:59+01:00,0,0,0,0,0,0,1,0,0,0,1,1,0,1,0,0,0,0,0,0,0,0,0,0,0,0,0,0,0,0,0,0,4,0,0,0,0,0,0
2021-01-02T23:59:59+01:00,0,0,0,0,0,0,1,0,0,0,1,1,0,1,0,0,0,0,0,0,0,0,0,0,0,0,0,0,0,0,0,0,4,0,0,0,0,0,0
2021-01-01T23:59:59+01:00,0,0,0,0,0,0,1,0,0,0,1,1,0,1,0,0,0,0,0,0,0,0,0,0,0,0,0,0,0,0,0,0,4,0,0,0,0,0,0
2020-12-31T23:59:59+01:00,0,0,0,0,0,0,1,0,0,0,1,1,0,1,0,0,0,0,0,0,0,0,0,0,0,0,0,0,0,0,0,0,4,0,0,0,0,0,0
2020-12-30T23:59:59+01:00,0,0,0,0,0,0,1,0,0,0,1,1,0,1,0,0,0,0,0,0,0,0,0,0,0,0,0,0,0,0,0,0,4,0,0,0,0,0,0
2020-12-29T23:59:59+01:00,0,0,0,0,0,0,1,0,0,0,1,0,0,1,0,0,0,0,0,0,0,0,0,0,0,0,0,0,0,0,0,0,3,0,0,0,0,0,0
2020-12-28T23:59:59+01:00,0,0,0,0,0,0,0,0,0,0,1,0,0,0,0,0,0,0,0,0,0,0,0,0,0,0,0,0,0,0,0,0,1,0,0,0,0,0,0
2020-12-27T23:59:59+01:00,0,0,0,0,0,0,0,0,0,0,0,0,0,0,0,0,0,0,0,0,0,0,0,0,0,0,0,0,0,0,0,0,0,0,0,0,0,0,0
