Datum,<15_m,<15_w,15-24_1_m,15-24_1_w,25-34_1_m,25-34_1_w,35-44_1_m,35-44_1_w,45-54_1_m,45-54_1_w,55-64_1_m,55-64_1_w,65-74_1_m,65-74_1_w,75-84_1_m,75-84_1_w,>84_1_m,>84_1_w,<24_2_m,<24_2_w,25-34_2_m,25-34_2_w,35-44_2_m,35-44_2_w,45-54_2_m,45-54_2_w,55-64_2_m,55-64_2_w,65-74_2_m,65-74_2_w,75-84_2_m,75-84_2_w,>84_2_m,>84_2_w,bp_1,bp_2,mo_1,mo_2,az_1,az_2,ja,unb_1,unb_2
2021-09-18T23:59:59+02:00,1707,1504,13977,13280,16976,15857,20299,20593,27005,28117,33604,34607,25548,28424,17311,22179,5122,9713,12316,11651,15704,14493,19121,19105,25523,26322,32103,32953,24757,27511,16838,21446,4959,9274,241906,226483,31911,29709,46528,44800,15363,128,52
2021-09-17T23:59:59+02:00,1684,1470,13874,13165,16871,15782,20217,20524,26938,28057,33551,34563,25525,28401,17299,22168,5121,9710,12228,11571,15605,14417,19036,19038,25457,26255,32041,32911,24738,27491,16828,21428,4958,9270,241445,226051,31862,29697,46528,44799,14970,128,52
2021-09-16T23:59:59+02:00,1659,1436,13776,13059,16787,15689,20127,20440,26838,27972,33475,34497,25494,28368,17285,22143,5113,9689,12142,11493,15536,14357,18956,18964,25368,26173,31978,32853,24697,27453,16817,21414,4955,9258,240856,225594,31765,29639,46528,44797,14583,128,52
2021-09-15T23:59:59+02:00,1643,1428,13719,13009,16733,15628,20084,20391,26785,27923,33423,34441,25467,28336,17270,22115,5106,9666,12080,11434,15481,14308,18906,18915,25310,26126,31921,32796,24665,27420,16802,21394,4951,9247,240447,225163,31744,29624,46523,44795,14338,128,52
2021-09-14T23:59:59+02:00,1627,1417,13657,12945,16666,15577,20025,20345,26736,27866,33376,34393,25447,28319,17258,22103,5102,9661,12018,11372,15416,14252,18853,18871,25262,26074,31864,32743,24633,27395,16787,21373,4951,9232,240059,224749,31691,29535,46523,44795,14132,128,52
2021-09-13T23:59:59+02:00,1605,1401,13619,12908,16640,15552,20006,20320,26714,27841,33357,34369,25437,28312,17253,22092,5102,9658,11976,11337,15384,14231,18829,18841,25239,26045,31838,32721,24624,27385,16774,21364,4948,9231,239779,224440,31690,29533,46518,44793,14084,128,52
2021-09-12T23:59:59+02:00,1595,1398,13597,12886,16617,15535,19997,20310,26705,27824,33352,34357,25433,28307,17252,22088,5102,9655,11943,11318,15355,14213,18807,18820,25224,26032,31824,32707,24616,27376,16771,21360,4947,9228,239628,224220,31690,29533,46516,44792,14061,128,52
2021-09-11T23:59:59+02:00,1584,1397,13581,12874,16602,15526,19988,20307,26693,27818,33348,34353,25429,28306,17251,22087,5100,9655,11876,11267,15339,14204,18801,18809,25212,26021,31816,32694,24614,27374,16770,21359,4947,9228,239562,223897,31670,29531,46516,44792,14035,128,52
2021-09-10T23:59:59+02:00,1546,1351,13439,12746,16531,15451,19883,20222,26609,27753,33286,34298,25389,28275,17235,22064,5094,9650,11758,11162,15254,14122,18694,18725,25117,25964,31743,32636,24572,27343,16753,21339,4942,9223,238973,223347,31656,29520,46516,44792,13560,128,52
2021-09-09T23:59:59+02:00,1525,1330,13367,12679,16477,15401,19831,20187,26556,27687,33244,34257,25361,28256,17230,22051,5089,9641,11698,11090,15204,14072,18641,18697,25060,25924,31697,32600,24550,27328,16740,21329,4938,9211,238601,222980,31581,29481,46516,44792,13354,128,52
2021-09-08T23:59:59+02:00,1510,1313,13336,12653,16461,15377,19812,20174,26540,27675,33231,34246,25349,28248,17224,22045,5086,9638,11653,11048,15177,14054,18629,18680,25042,25899,31676,32589,24537,27313,16738,21323,4938,9209,238377,222702,31581,29481,46512,44791,13331,128,52
2021-09-07T23:59:59+02:00,1481,1296,13278,12607,16423,15345,19790,20146,26503,27654,33197,34216,25325,28230,17218,22029,5081,9632,11595,10984,15127,14001,18593,18647,24995,25854,31624,32561,24509,27289,16730,21306,4933,9206,238148,222393,31498,29367,46512,44791,13176,128,52
2021-09-06T23:59:59+02:00,1466,1288,13249,12573,16400,15321,19771,20126,26487,27639,33186,34207,25322,28217,17215,22025,5078,9632,11574,10952,15106,13969,18571,18631,24979,25834,31602,32546,24498,27276,16729,21299,4930,9206,237931,222164,31498,29356,46512,44790,13144,128,52
2021-09-05T23:59:59+02:00,1456,1280,13233,12554,16385,15304,19761,20119,26481,27630,33176,34194,25319,28215,17213,22021,5078,9632,11553,10936,15081,13952,18560,18622,24973,25828,31593,32527,24495,27266,16726,21294,4928,9205,237806,222017,31498,29356,46512,44789,13118,128,52
2021-09-04T23:59:59+02:00,1456,1280,13232,12553,16385,15304,19759,20119,26480,27630,33176,34194,25319,28215,17213,22020,5078,9632,11553,10934,15079,13952,18555,18622,24972,25826,31593,32525,24494,27266,16726,21294,4928,9205,237804,222006,31498,29355,46512,44789,13114,128,52
2021-09-03T23:59:59+02:00,1429,1264,13136,12452,16330,15255,19725,20080,26440,27604,33140,34177,25301,28205,17209,22009,5076,9631,11416,10809,15017,13883,18487,18576,24900,25778,31533,32489,24462,27238,16713,21278,4925,9201,237322,221214,31497,29349,46512,44789,13015,128,52
2021-09-02T23:59:59+02:00,1414,1258,13072,12410,16286,15223,19690,20056,26406,27571,33115,34157,25288,28192,17204,22005,5076,9627,11341,10768,14969,13850,18450,18558,24867,25757,31495,32460,24443,27217,16707,21273,4925,9199,237099,220951,31435,29308,46509,44780,12890,128,52
2021-09-01T23:59:59+02:00,1391,1242,13035,12370,16266,15202,19671,20042,26387,27553,33093,34132,25278,28182,17198,21996,5073,9623,11300,10733,14947,13821,18430,18538,24846,25734,31470,32430,24429,27202,16700,21267,4923,9197,236805,220621,31430,29306,46508,44779,12874,128,52
2021-08-31T23:59:59+02:00,1360,1220,12981,12310,16223,15165,19637,20000,26342,27504,33054,34098,25262,28161,17192,21984,5069,9620,11227,10663,14899,13761,18376,18507,24796,25681,31412,32387,24398,27187,16692,21254,4920,9190,236506,220194,31367,29275,46508,44762,12684,128,52
2021-08-30T23:59:59+02:00,1336,1206,12944,12272,16198,15144,19616,19982,26318,27487,33032,34082,25251,28151,17192,21980,5067,9618,11150,10629,14872,13741,18354,18483,24767,25665,31385,32360,24386,27172,16686,21247,4917,9187,236261,219899,31367,29275,46508,44751,12622,128,52
2021-08-29T23:59:59+02:00,1332,1200,12931,12255,16186,15135,19607,19973,26315,27479,33025,34068,25246,28145,17190,21979,5067,9618,11133,10592,14860,13724,18339,18469,24754,25657,31377,32348,24377,27160,16684,21242,4917,9187,236160,219725,31367,29275,46508,44747,12598,128,52
2021-08-28T23:59:59+02:00,1325,1188,12899,12233,16172,15124,19595,19959,26308,27469,33016,34062,25244,28140,17189,21976,5067,9617,11058,10520,14826,13691,18293,18442,24718,25624,31334,32317,24360,27147,16675,21226,4917,9184,236001,219201,31366,29275,46508,44747,12590,128,52
2021-08-27T23:59:59+02:00,1306,1173,12835,12177,16125,15077,19537,19912,26253,27420,32973,34032,25226,28128,17185,21962,5067,9614,11021,10487,14788,13666,18277,18427,24683,25600,31306,32296,24347,27136,16672,21222,4917,9183,235577,219048,31366,29274,46508,44746,12433,128,52
2021-08-26T23:59:59+02:00,1287,1157,12764,12120,16079,15034,19494,19872,26198,27362,32922,33985,25196,28099,17178,21952,5064,9611,10952,10438,14742,13624,18232,18398,24639,25562,31262,32257,24325,27120,16665,21213,4917,9179,235206,218739,31306,29260,46508,44739,12235,128,52
2021-08-25T23:59:59+02:00,1269,1141,12740,12077,16059,15009,19473,19857,26171,27346,32887,33957,25178,28080,17171,21945,5063,9608,10903,10395,14711,13595,18198,18367,24618,25543,31229,32219,24312,27103,16658,21203,4915,9176,234897,218367,31306,29259,46501,44735,12206,128,52
2021-08-24T23:59:59+02:00,1242,1123,12679,12006,16006,14967,19428,19817,26125,27301,32842,33924,25158,28056,17159,21934,5062,9603,10823,10321,14668,13553,18152,18331,24567,25494,31187,32182,24288,27076,16643,21188,4914,9175,234590,217950,31182,29220,46501,44735,12037,128,52
2021-08-23T23:59:59+02:00,1229,1110,12641,11967,15980,14948,19407,19781,26104,27267,32813,33902,25144,28043,17155,21925,5062,9600,10769,10270,14639,13515,18114,18297,24540,25465,31151,32150,24275,27057,16636,21185,4912,9174,234288,217552,31181,29220,46501,44733,11986,128,52
2021-08-22T23:59:59+02:00,1221,1103,12626,11945,15964,14932,19400,19762,26092,27256,32802,33887,25133,28037,17153,21922,5059,9600,10739,10241,14618,13499,18094,18286,24527,25448,31136,32137,24266,27047,16634,21180,4911,9173,234123,217336,31181,29219,46501,44732,11967,128,52
2021-08-21T23:59:59+02:00,1134,1031,12550,11888,15952,14920,19391,19751,26082,27245,32792,33871,25128,28032,17150,21919,5059,9600,10715,10211,14602,13495,18087,18274,24518,25442,31128,32131,24263,27046,16633,21180,4911,9173,233752,217215,31175,29218,46501,44732,11945,128,52
2021-08-20T23:59:59+02:00,1114,1015,12489,11819,15894,14870,19330,19713,26028,27212,32742,33844,25113,28021,17141,21914,5058,9598,10661,10173,14562,13460,18046,18247,24483,25423,31099,32114,24254,27039,16627,21177,4911,9172,233258,216931,31175,29217,46501,44732,11859,128,52
2021-08-19T23:59:59+02:00,1088,991,12422,11762,15836,14838,19280,19666,25967,27162,32700,33808,25081,27998,17129,21903,5055,9596,10569,10097,14493,13419,17991,18211,24415,25380,31033,32069,24212,27020,16618,21159,4910,9169,232967,216496,31084,29207,46501,44724,11608,128,52
2021-08-18T23:59:59+02:00,1076,974,12381,11727,15808,14808,19252,19636,25937,27131,32665,33783,25063,27986,17124,21894,5053,9595,10515,10031,14446,13394,17942,18182,24369,25342,30974,32030,24190,27003,16612,21146,4906,9163,232654,216040,31084,29202,46500,44714,11533,128,52
2021-08-17T23:59:59+02:00,1049,949,12329,11685,15779,14766,19219,19605,25909,27109,32629,33745,25044,27967,17114,21877,5052,9590,10422,9949,14395,13347,17888,18126,24316,25302,30913,31985,24163,26979,16600,21125,4904,9155,232353,215438,30957,29140,46500,44711,11485,128,52
2021-08-16T23:59:59+02:00,1037,942,12297,11660,15762,14748,19202,19587,25886,27085,32610,33723,25024,27952,17106,21862,5049,9588,10365,9883,14371,13304,17864,18090,24272,25267,30875,31954,24136,26945,16585,21111,4904,9152,232126,214996,30957,29139,46500,44705,11415,128,52
2021-08-15T23:59:59+02:00,1029,942,12272,11645,15749,14731,19187,19572,25876,27076,32589,33709,25018,27943,17102,21851,5048,9588,10320,9848,14337,13282,17844,18069,24250,25254,30854,31928,24119,26937,16580,21103,4903,9150,231968,214720,30956,29139,46499,44700,11382,128,52
2021-08-14T23:59:59+02:00,1028,942,12271,11641,15749,14729,19184,19570,25875,27076,32589,33708,25018,27943,17102,21851,5048,9588,10152,9628,14230,13192,17769,18022,24202,25223,30814,31895,24104,26924,16577,21100,4901,9149,231959,213715,30956,29138,46499,44699,11376,128,52
2021-08-13T23:59:59+02:00,984,902,12119,11513,15695,14675,19120,19513,25804,27024,32536,33672,24993,27914,17091,21841,5047,9584,10100,9575,14189,13164,17730,17997,24170,25203,30790,31874,24094,26911,16571,21090,4901,9145,231131,213380,30955,29138,46499,44696,11323,125,52
2021-08-12T23:59:59+02:00,969,881,12062,11452,15649,14636,19083,19486,25760,27003,32490,33643,24968,27898,17083,21836,5046,9581,10007,9506,14115,13122,17669,17949,24104,25168,30737,31826,24066,26886,16555,21072,4899,9145,230906,212959,30932,29132,46499,44681,11069,125,52
2021-08-11T23:59:59+02:00,955,870,12029,11418,15629,14613,19052,19467,25739,26984,32465,33615,24950,27876,17079,21828,5045,9579,9933,9444,14061,13083,17621,17904,24062,25147,30696,31776,24036,26854,16539,21059,4898,9140,230618,212385,30931,29128,46498,44653,11026,125,52
2021-08-10T23:59:59+02:00,936,860,11941,11367,15576,14583,19008,19430,25683,26950,32408,33561,24933,27860,17072,21815,5044,9576,9838,9363,14012,13047,17589,17870,24016,25108,30643,31729,24003,26821,16532,21040,4894,9135,230234,211874,30800,29093,46496,44639,10953,125,52
2021-08-09T23:59:59+02:00,934,843,11913,11331,15560,14567,18986,19417,25651,26927,32379,33529,24925,27851,17066,21807,5044,9573,9784,9302,13977,12997,17551,17828,23985,25063,30608,31688,23989,26804,16527,21027,4892,9129,229994,211425,30800,29090,46495,44632,10894,125,52
2021-08-08T23:59:59+02:00,924,836,11876,11306,15538,14553,18966,19396,25626,26907,32357,33512,24917,27836,17059,21803,5043,9573,9708,9247,13932,12969,17524,17798,23952,25028,30576,31657,23976,26785,16519,21013,4891,9126,229801,211029,30800,29089,46495,44631,10811,125,52
2021-08-07T23:59:59+02:00,904,809,11780,11228,15495,14512,18925,19362,25587,26877,32311,33480,24900,27824,17050,21785,5042,9570,9086,8644,13493,12617,17311,17614,23799,24916,30426,31581,23917,26734,16498,20986,4886,9123,229216,207820,30800,29089,46495,44631,10809,125,52
2021-08-06T23:59:59+02:00,894,806,11750,11201,15478,14499,18915,19356,25572,26861,32302,33473,24896,27820,17045,21783,5042,9569,8505,8014,12978,12222,17083,17409,23657,24805,30331,31502,23886,26687,16486,20972,4882,9117,229165,204653,30678,29076,46495,44631,10803,125,52
2021-08-05T23:59:59+02:00,891,799,11711,11170,15439,14471,18874,19325,25526,26825,32256,33426,24856,27798,17042,21772,5042,9563,8445,7949,12934,12171,17033,17367,23593,24765,30255,31447,23839,26645,16472,20954,4880,9108,228941,204226,30677,29071,46495,44622,10551,125,52
2021-08-04T23:59:59+02:00,874,783,11681,11140,15419,14439,18843,19300,25499,26796,32210,33387,24841,27785,17037,21766,5040,9555,8356,7860,12875,12124,16981,17324,23537,24721,30195,31376,23802,26606,16462,20941,4878,9102,228676,203636,30675,29070,46494,44587,10428,125,52
2021-08-03T23:59:59+02:00,858,764,11634,11101,15397,14417,18812,19280,25473,26768,32175,33352,24821,27766,17028,21761,5036,9554,8273,7771,12808,12075,16913,17270,23477,24684,30154,31327,23766,26572,16447,20930,4875,9098,228341,202979,30673,29060,46494,44579,10367,125,52
2021-08-02T23:59:59+02:00,849,761,11599,11070,15376,14384,18785,19259,25443,26743,32143,33325,24807,27747,17020,21752,5035,9552,8177,7677,12728,12015,16855,17206,23420,24612,30104,31270,23748,26549,16426,20920,4873,9093,228063,202273,30672,29059,46494,44571,10298,125,52
2021-08-01T23:59:59+02:00,842,754,11574,11040,15365,14371,18770,19248,25425,26731,32126,33310,24803,27739,17019,21749,5033,9551,8106,7610,12667,11968,16814,17160,23384,24581,30077,31245,23733,26530,16422,20914,4871,9092,227922,201818,30668,29058,46494,44553,10243,125,52
2021-07-31T23:59:59+02:00,839,753,11571,11034,15363,14368,18766,19244,25424,26730,32123,33309,24803,27738,17019,21749,5033,9551,7953,7421,11902,11295,16261,16722,23289,24502,30013,31174,23704,26494,16410,20895,4870,9090,227892,198601,30667,29058,46494,44552,10241,125,52
2021-07-30T23:59:59+02:00,838,752,11557,11025,15360,14365,18760,19239,25417,26725,32113,33304,24802,27736,17019,21746,5033,9551,7667,7181,11356,10849,15783,16295,23152,24395,29904,31061,23667,26449,16394,20873,4870,9085,227824,195518,30666,29057,46492,44539,10237,125,52
2021-07-29T23:59:59+02:00,826,743,11517,10978,15322,14344,18720,19213,25378,26690,32060,33275,24784,27716,17008,21729,5033,9548,7291,6869,10690,10333,15268,15882,22976,24249,29755,30950,23613,26397,16365,20848,4866,9082,227503,192047,30665,29049,46492,44453,10101,125,52
2021-07-28T23:59:59+02:00,807,731,11469,10925,15298,14314,18688,19186,25352,26662,32034,33250,24770,27698,17003,21717,5032,9544,7125,6712,10544,10213,15156,15747,22882,24153,29655,30853,23570,26341,16347,20819,4865,9072,227177,190802,30664,29047,46487,44344,10029,125,52
2021-07-27T23:59:59+02:00,798,722,11424,10887,15258,14274,18648,19160,25323,26636,31997,33228,24754,27673,16997,21706,5031,9536,6904,6499,10386,10096,15012,15611,22778,24045,29547,30740,23519,26277,16331,20792,4863,9060,226863,189651,30664,28719,46486,44309,9916,125,52
2021-07-26T23:59:59+02:00,788,709,11374,10841,15232,14253,18632,19132,25295,26606,31965,33202,24739,27651,16985,21694,5030,9533,6786,6422,10291,10019,14946,15532,22696,23984,29482,30666,23486,26234,16319,20775,4859,9054,226570,188864,30662,28716,46483,44267,9822,125,52
2021-07-25T23:59:59+02:00,777,699,11346,10813,15211,14227,18612,19108,25268,26581,31944,33184,24722,27640,16981,21685,5029,9531,6710,6340,10223,9955,14873,15472,22641,23929,29426,30628,23454,26212,16307,20761,4859,9050,226373,188272,30661,28712,46482,44237,9718,125,52
2021-07-24T23:59:59+02:00,753,677,11266,10729,15171,14200,18589,19086,25248,26566,31931,33171,24722,27636,16978,21683,5029,9531,6310,5980,10080,9841,14498,15191,22417,23772,29309,30544,23418,26174,16290,20744,4856,9046,225990,185912,30660,28711,46482,44235,9710,125,52
2021-07-23T23:59:59+02:00,727,655,11199,10646,15143,14167,18559,19071,25226,26546,31915,33154,24711,27631,16976,21683,5029,9528,5939,5669,9960,9735,14151,14926,22221,23599,29189,30427,23366,26106,16279,20723,4852,9039,225605,183641,30659,28711,46482,44224,9696,125,52
2021-07-22T23:59:59+02:00,686,615,11044,10482,15045,14079,18472,19023,25145,26492,31842,33089,24675,27590,16961,21665,5025,9523,5619,5368,9692,9521,13569,14450,21902,23338,28956,30200,23265,26009,16235,20685,4848,9036,224652,180317,30657,28700,46481,44205,9539,125,52
2021-07-21T23:59:59+02:00,666,590,10979,10428,15010,14052,18432,18985,25105,26463,31803,33039,24650,27556,16945,21653,5022,9518,5001,4901,9252,9270,13192,14220,21668,23183,28769,30051,23200,25933,16210,20662,4846,9033,224222,178552,30649,27431,46478,44037,9423,125,52
2021-07-20T23:59:59+02:00,648,573,10921,10374,14984,14016,18396,18958,25074,26430,31767,33005,24630,27535,16940,21639,5019,9511,4856,4789,9099,9138,13028,14086,21555,23061,28639,29927,23121,25830,16188,20622,4839,9027,223844,177208,30649,27419,46476,43888,9327,125,52
2021-07-19T23:59:59+02:00,635,561,10884,10343,14955,13996,18373,18950,25046,26405,31734,32976,24613,27512,16934,21628,5017,9508,4776,4719,9002,9061,12912,13989,21457,22955,28540,29807,23065,25773,16163,20593,4834,9021,223606,176269,30649,27411,46467,43791,9224,125,52
2021-07-18T23:59:59+02:00,620,552,10829,10291,14919,13975,18348,18932,25026,26388,31712,32957,24603,27501,16928,21619,5016,9503,4668,4616,8867,8940,12785,13849,21371,22864,28467,29728,23037,25744,16154,20580,4831,9020,223326,175257,30649,27397,46467,43738,9153,125,52
2021-07-17T23:59:59+02:00,545,481,10542,9994,14808,13875,18257,18854,24920,26313,31605,32906,24568,27467,16915,21599,5014,9502,4619,4572,8813,8868,12550,13653,20948,22523,28337,29596,22999,25691,16145,20565,4830,9017,221774,173463,30649,27397,46466,43736,9152,125,52
2021-07-16T23:59:59+02:00,516,444,10409,9872,14749,13834,18203,18803,24885,26280,31585,32882,24559,27452,16912,21592,5014,9499,4571,4530,8737,8828,12174,13374,20403,22125,28204,29500,22950,25654,16136,20560,4828,9015,221112,171346,30648,27395,46465,43729,9141,125,52
2021-07-15T23:59:59+02:00,485,406,10270,9767,14683,13785,18146,18736,24831,26232,31535,32829,24534,27415,16894,21576,5007,9495,4358,4389,8412,8621,11656,12973,19298,21282,27788,29155,22781,25485,16071,20487,4818,8999,220382,166650,30647,27381,46464,43532,9009,125,52
2021-07-14T23:59:59+02:00,464,393,10241,9742,14648,13765,18116,18701,24794,26191,31483,32776,24504,27387,16883,21559,5006,9493,4234,4238,8157,8448,11427,12828,19120,21171,27641,29028,22716,25407,16037,20449,4813,8990,220015,165082,30647,27363,46463,43356,8897,125,52
2021-07-13T23:59:59+02:00,440,378,10191,9689,14619,13737,18090,18668,24759,26170,31449,32735,24488,27357,16872,21548,5005,9491,4137,4143,7982,8289,11227,12637,18986,21032,27487,28866,22619,25322,16002,20396,4809,8979,219611,163623,30647,27342,46462,43098,8842,125,52
2021-07-12T23:59:59+02:00,427,357,10145,9639,14593,13718,18059,18638,24723,26128,31415,32690,24463,27334,16857,21543,5002,9488,4030,4044,7813,8168,11067,12502,18871,20910,27364,28745,22544,25260,15975,20370,4808,8974,219237,162457,30646,27320,46462,42907,8749,125,52
2021-07-11T23:59:59+02:00,419,339,10115,9609,14574,13698,18042,18628,24703,26120,31394,32672,24451,27324,16855,21541,5002,9486,3961,3971,7694,8068,10920,12374,18747,20810,27263,28631,22501,25212,15954,20345,4806,8971,219043,161490,30645,27315,46461,42708,8698,125,52
2021-07-10T23:59:59+02:00,393,316,10005,9503,14519,13659,17994,18605,24679,26100,31375,32656,24443,27315,16851,21537,5000,9484,3928,3946,7633,8026,10885,12345,18718,20786,27234,28609,22494,25197,15950,20340,4806,8971,218518,161188,30644,27314,46458,42660,8689,125,52
2021-07-09T23:59:59+02:00,333,269,9743,9294,14414,13577,17918,18535,24593,26047,31326,32595,24420,27284,16838,21519,5000,9478,3860,3906,7500,7935,10667,12198,18493,20648,26819,28287,22310,25003,15895,20279,4803,8964,217293,159043,30644,27310,46457,42531,8664,125,52
2021-07-08T23:59:59+02:00,254,202,9549,9151,14313,13501,17823,18463,24533,25996,31243,32537,24392,27253,16825,21501,4996,9473,3704,3780,7189,7746,10312,11968,18147,20366,26514,28029,22136,24844,15827,20204,4796,8948,216191,156659,30641,27264,46444,41959,8604,125,52
2021-07-07T23:59:59+02:00,215,174,9447,9046,14261,13467,17779,18420,24480,25956,31200,32496,24367,27224,16813,21483,4996,9465,3508,3650,6860,7521,9360,11235,17560,19935,26112,27718,21899,24539,15750,20108,4782,8934,215554,154040,30638,25512,46442,41359,8530,125,52
2021-07-06T23:59:59+02:00,193,162,9369,8987,14211,13438,17743,18378,24438,25917,31139,32449,24330,27196,16798,21466,4994,9463,3393,3575,6660,7399,9089,11072,17315,19754,25835,27459,21742,24336,15669,20004,4769,8919,214989,152106,30621,25502,46439,40854,8497,125,52
2021-07-05T23:59:59+02:00,181,147,9282,8906,14171,13395,17709,18328,24402,25887,31094,32398,24306,27174,16789,21452,4993,9461,3341,3540,6531,7320,8939,10951,17173,19614,25664,27304,21599,24168,15619,19951,4758,8909,214443,151041,30621,25493,46437,40366,8449,125,52
2021-07-04T23:59:59+02:00,166,140,9228,8856,14140,13382,17683,18310,24377,25867,31073,32372,24291,27160,16783,21444,4992,9458,3289,3496,6468,7280,8851,10879,17086,19529,25535,27193,21474,24039,15577,19899,4756,8902,214170,150380,30620,25484,46422,39969,8385,125,52
2021-07-03T23:59:59+02:00,163,137,8716,8359,13982,13262,17582,18192,24283,25809,31008,32323,24270,27138,16771,21432,4990,9455,3229,3416,6348,7161,8679,10737,16868,19345,25147,26883,21359,23902,15547,19859,4752,8896,212336,148326,30620,25484,46422,39913,8369,125,52
2021-07-02T23:59:59+02:00,156,133,8147,7887,13838,13153,17491,18115,24213,25739,30948,32261,24232,27096,16765,21412,4988,9450,3118,3307,6078,7004,8422,10495,16498,19015,24673,26459,21131,23629,15477,19777,4746,8893,210494,145249,30620,25482,46419,39588,8366,125,52
2021-07-01T23:59:59+02:00,143,123,8018,7778,13755,13094,17420,18063,24144,25688,30895,32208,24204,27071,16755,21400,4987,9449,2929,3118,5730,6720,7985,10078,15907,18541,23907,25801,20644,23154,15350,19616,4734,8868,209699,140675,30615,25470,46414,38556,8342,125,52
2021-06-30T23:59:59+02:00,126,110,7871,7661,13686,13045,17367,18010,24093,25635,30836,32162,24172,27049,16741,21382,4987,9444,2833,3039,5576,6576,7759,9856,14948,17670,23291,25251,20286,22759,15217,19455,4720,8834,209134,139138,30441,23194,46410,37431,8267,125,52
2021-06-29T23:59:59+02:00,111,97,7803,7568,13643,13006,17328,17965,24040,25574,30786,32102,24151,27023,16731,21366,4984,9440,2774,2995,5447,6478,7605,9722,14780,17498,23050,25017,20027,22434,15118,19354,4708,8814,208510,138019,30439,23182,46407,36340,8237,125,52
2021-06-28T23:59:59+02:00,106,91,7739,7497,13579,12947,17282,17914,23998,25529,30729,32058,24134,26995,16724,21356,4982,9438,2745,2963,5379,6430,7512,9651,14683,17417,22899,24802,19823,22188,15063,19285,4704,8800,207976,137421,30437,23172,46399,35545,8161,125,52
2021-06-27T23:59:59+02:00,92,86,7690,7433,13549,12911,17253,17881,23979,25494,30702,32030,24122,26987,16717,21350,4982,9436,2722,2948,5328,6405,7441,9606,14587,17353,22804,24715,19695,22046,15032,19234,4700,8791,207621,136910,30437,23161,46393,35171,8118,125,52
2021-06-26T23:59:59+02:00,88,83,7186,6876,13155,12611,17140,17778,23914,25435,30666,31995,24114,26970,16713,21339,4981,9435,2621,2839,5141,6217,7241,9416,14041,16897,22144,24081,19547,21903,14987,19181,4698,8783,205433,133284,30437,23161,46393,35151,8118,98,28
2021-06-25T23:59:59+02:00,87,80,6701,6392,12701,12238,16981,17660,23823,25369,30586,31954,24091,26943,16708,21329,4979,9433,2517,2683,4966,6025,6982,9117,13509,16365,21591,23496,19349,21693,14929,19114,4694,8771,203027,129580,30437,23161,46393,34937,8100,98,28
2021-06-24T23:59:59+02:00,77,68,6477,6175,12476,12087,16875,17577,23751,25316,30528,31906,24057,26901,16702,21319,4977,9426,2308,2444,4595,5647,6481,8626,12786,15650,20439,22492,18884,21211,14824,18983,4682,8756,201751,123626,30435,23149,46386,33985,8025,98,28
2021-06-23T23:59:59+02:00,72,66,5902,5675,12314,11975,16756,17463,23677,25269,30464,31856,24023,26878,16695,21305,4973,9422,2271,2392,4532,5525,6389,8475,12553,15361,20195,22233,18585,20880,14727,18869,4671,8739,201240,122604,29096,23000,46376,32795,7975,98,28
2021-06-22T23:59:59+02:00,68,61,5760,5544,12214,11869,16669,17388,23619,25207,30396,31778,23996,26846,16685,21284,4969,9420,2218,2357,4437,5443,6265,8328,11682,14699,19781,21825,18251,20525,14619,18730,4661,8719,200303,121680,29089,21303,46357,31607,7926,98,28
2021-06-21T23:59:59+02:00,65,58,5624,5430,12140,11776,16608,17302,23564,25133,30346,31720,23971,26818,16672,21269,4969,9416,2185,2321,4379,5346,6178,8200,10899,13994,19329,21415,18025,20298,14559,18635,4652,8702,199481,120883,29085,19516,46352,30829,7865,98,28
2021-06-20T23:59:59+02:00,63,56,5505,5304,11977,11592,16543,17177,23513,25068,30304,31664,23955,26797,16666,21254,4964,9411,2167,2291,4338,5306,6108,8150,10794,13915,19217,21287,17868,20107,14493,18552,4648,8695,198469,120346,29081,19513,46346,30234,7819,98,28
2021-06-19T23:59:59+02:00,59,52,5487,5284,11210,10927,16063,16784,23452,25024,30260,31621,23936,26777,16658,21242,4964,9411,2095,2170,4130,5075,5822,7868,10466,13579,18163,20433,17699,19920,14460,18487,4643,8683,195869,116118,29081,19513,46345,30220,7818,98,28
2021-06-18T23:59:59+02:00,56,51,5452,5257,10566,10344,15448,16220,23361,24954,30191,31558,23909,26747,16647,21227,4963,9409,2026,2082,3986,4930,5544,7598,10084,13215,17011,19224,17496,19682,14411,18423,4640,8673,193025,111704,29075,19512,46345,29968,7817,98,28
2021-06-17T23:59:59+02:00,49,42,5332,5154,9886,9835,14959,15828,23262,24866,30110,31464,23869,26701,16632,21206,4962,9406,1895,1975,3729,4684,5156,7234,9545,12726,15825,18031,17035,19192,14269,18249,4627,8649,190444,106577,29073,19504,46342,29049,7674,30,21
2021-06-16T23:59:59+02:00,47,34,5198,5017,9689,9674,14812,15698,23169,24772,30011,31388,23825,26656,16617,21194,4961,9396,1854,1933,3625,4599,5054,7116,8513,11874,15552,17735,16739,18856,14134,18078,4621,8616,189263,105694,29062,17623,46339,28101,7464,30,21
2021-06-15T23:59:59+02:00,41,27,5010,4830,9507,9519,14677,15556,23077,24681,29934,31302,23782,26583,16590,21161,4953,9381,1791,1875,3547,4504,4960,7002,8397,11732,15374,17505,16419,18545,13992,17909,4598,8558,187940,104932,29059,17619,46320,26878,7262,30,21
2021-06-14T23:59:59+02:00,39,24,4933,4766,9413,9410,14599,15466,23005,24607,29862,31241,23750,26544,16575,21143,4950,9375,1768,1852,3510,4480,4919,6969,8297,11669,15236,17371,16239,18341,13901,17812,4593,8551,187192,104706,29053,17616,46314,26056,7113,30,21
2021-06-13T23:59:59+02:00,38,23,4875,4718,9327,9335,14516,15399,22943,24556,29795,31188,23724,26516,16566,21133,4950,9373,1718,1837,3468,4456,4863,6926,8226,11632,15137,17276,16083,18157,13847,17738,4586,8544,186611,104424,29047,17614,46298,25450,6989,30,21
2021-06-12T23:59:59+02:00,36,22,4856,4703,9299,9312,14278,15222,22813,24427,29750,31143,23704,26499,16557,21125,4949,9371,1593,1714,3230,4245,4458,6623,7678,11200,13359,15587,15730,17784,13767,17636,4584,8529,185705,97713,29047,17614,46298,25386,6987,29,21
2021-06-11T23:59:59+02:00,32,21,4802,4649,9218,9259,13958,14999,22616,24279,29654,31052,23667,26454,16539,21113,4948,9368,1489,1579,3046,4033,4160,6259,7165,10655,11719,13695,15251,17206,13653,17489,4569,8515,184342,90782,29043,17612,46297,25155,6917,29,21
2021-06-10T23:59:59+02:00,26,18,4516,4420,8673,8928,12682,13977,22049,23828,29279,30746,23530,26296,16485,21045,4935,9353,1366,1486,2809,3852,3831,5975,6727,10262,10305,12363,14738,16630,13482,17281,4554,8488,178999,86233,29027,17609,46290,23849,6441,29,21
2021-06-09T23:59:59+02:00,23,14,4281,4255,8080,8635,11779,13315,21728,23613,29049,30592,23467,26233,16466,21021,4932,9349,1278,1432,2653,3781,3688,5895,6520,10169,10042,12183,14415,16279,13312,17100,4547,8467,176887,85899,27749,17506,46284,22456,5883,29,21
2021-06-08T23:59:59+02:00,19,11,4150,4155,7678,8409,11293,13025,21502,23434,28850,30439,23408,26159,16433,20979,4926,9340,1200,1405,2517,3723,3528,5827,5622,9418,9568,11819,14079,15870,13087,16861,4533,8445,175136,85543,27377,15346,46259,21187,5409,29,21
2021-06-07T23:59:59+02:00,15,9,4029,4076,7440,8303,11004,12847,21299,23320,28696,30321,23349,26106,16415,20954,4922,9332,1151,1285,2396,3663,3398,5764,5455,9342,9357,11692,13849,15612,12931,16692,4526,8427,173907,85352,27367,15341,46250,19946,4884,29,21
2021-06-06T23:59:59+02:00,13,9,3911,4017,7202,8181,10754,12686,21112,23231,28610,30230,23319,26072,16403,20936,4919,9328,1130,1268,2331,3626,3302,5712,5348,9267,9239,11590,13692,15458,12859,16598,4523,8420,172756,85158,27350,15337,46240,19293,4558,29,21
2021-06-05T23:59:59+02:00,13,9,3882,3980,7163,8141,10577,12531,20484,22722,28448,30085,23269,26027,16389,20917,4919,9324,1097,1167,2164,3173,3070,5172,5178,8934,8458,10636,13040,14618,12746,16451,4512,8410,170715,79764,27350,15337,46239,19159,4548,28,21
2021-06-04T23:59:59+02:00,13,9,3852,3953,7127,8116,10480,12439,20122,22394,28344,29988,23234,25988,16375,20907,4917,9323,1065,1100,2066,2863,2910,4695,5021,8564,7944,9978,11541,12901,12621,16254,4505,8392,169436,73387,27337,15336,46238,19137,4542,28,21
2021-06-03T23:59:59+02:00,8,6,3717,3850,6906,7978,9924,12016,18895,21464,27943,29678,23101,25846,16322,20845,4913,9309,1012,1056,1977,2751,2773,4538,4816,8259,7581,9527,11163,12500,12512,16140,4502,8379,164675,71600,27327,15333,46234,18078,4457,28,21
2021-06-02T23:59:59+02:00,8,6,3710,3842,6894,7961,9913,12005,18706,21283,27872,29629,23078,25824,16316,20836,4910,9307,1008,1049,1965,2721,2752,4519,4605,8075,7045,9039,11126,12459,12497,16125,4498,8373,164607,71492,26782,13840,46233,18056,4450,28,21
2021-06-01T23:59:59+02:00,7,5,3583,3766,6657,7813,9625,11812,18251,20936,27635,29434,22984,25722,16275,20783,4907,9295,971,1001,1880,2651,2672,4447,4326,7841,6447,8506,10912,12246,12399,16024,4493,8361,162918,71051,26002,12546,46219,17239,4323,28,21
2021-05-31T23:59:59+02:00,7,5,3536,3721,6568,7745,9489,11712,18125,20845,27544,29357,22917,25661,16258,20755,4902,9288,941,977,1813,2611,2592,4404,4219,7777,6327,8431,10724,12077,12298,15907,4483,8353,162076,70687,25971,12541,46206,16534,4154,28,21
2021-05-30T23:59:59+02:00,7,4,3505,3697,6504,7690,9399,11621,18037,20765,27467,29286,22872,25616,16236,20728,4896,9278,935,970,1802,2601,2579,4392,4190,7752,6274,8389,10662,11997,12264,15864,4478,8344,161375,70643,25966,12538,46189,16244,4050,28,21
2021-05-29T23:59:59+02:00,7,4,3494,3678,6468,7663,9355,11584,17999,20725,27322,29180,22818,25542,16221,20708,4893,9274,899,951,1745,2555,2506,4307,4000,7497,6001,8090,8461,9336,12071,15522,4463,8315,160716,64393,25966,12536,46175,15721,4050,28,21
2021-05-28T23:59:59+02:00,7,4,3431,3623,6337,7586,9215,11453,17842,20594,27139,29057,22753,25465,16200,20690,4892,9273,886,937,1726,2535,2470,4253,3849,7200,5807,7827,5758,6221,11794,15125,4447,8266,159358,57512,25964,12536,46170,14993,4041,28,21
2021-05-27T23:59:59+02:00,7,4,3284,3493,6052,7406,8613,11120,17366,20256,26725,28709,22586,25299,16142,20627,4885,9255,836,879,1644,2440,2353,4119,3426,6226,5384,7227,5597,6047,11715,15052,4441,8249,155883,57031,25905,12489,46160,12243,3853,28,21
2021-05-26T23:59:59+02:00,7,4,3177,3410,5833,7240,8241,10834,16900,19950,26424,28473,22437,25166,16091,20553,4872,9235,819,871,1592,2415,2300,4089,3353,6152,5287,7155,5461,5920,11650,14986,4436,8237,153179,56957,25889,12487,46138,11647,3613,28,21
2021-05-25T23:59:59+02:00,7,4,3086,3347,5691,7126,8044,10672,15898,19172,26070,28119,22278,25008,16039,20473,4865,9225,800,853,1556,2371,2229,4030,3278,6082,5202,7091,5294,5750,11542,14906,4428,8226,151623,56890,23963,12299,46122,11040,3390,26,21
2021-05-24T23:59:59+02:00,7,4,3023,3329,5603,7082,7926,10610,14980,18483,25655,27807,22183,24904,16008,20437,4858,9213,791,851,1534,2354,2185,3994,3231,6033,5125,7011,5193,5642,11462,14830,4427,8220,150898,56852,21891,12223,46112,10604,3185,26,21
2021-05-23T23:59:59+02:00,7,4,3020,3325,5594,7075,7917,10602,14975,18482,25654,27806,22183,24904,16008,20437,4858,9213,789,848,1526,2347,2173,3981,3212,6018,5104,6978,5148,5590,11445,14806,4426,8218,150870,56844,21891,12223,46110,10356,3167,26,21
2021-05-22T23:59:59+02:00,6,4,2983,3283,5521,7029,7816,10515,14775,18321,25374,27563,22083,24818,15975,20394,4855,9209,767,829,1482,2297,2122,3901,3099,5896,4789,6408,4578,4847,10799,13984,4416,8179,149330,53598,21891,12223,46110,9386,3167,26,21
2021-05-21T23:59:59+02:00,4,4,2911,3208,5394,6932,7689,10369,14516,18091,25080,27328,21970,24710,15942,20346,4850,9200,736,775,1414,2169,2020,3633,2915,5563,4307,5508,4164,4308,10056,13042,4351,8053,147388,49852,21890,12223,46104,7783,3137,25,21
2021-05-20T23:59:59+02:00,4,4,2779,3045,5115,6677,7403,10001,14054,17608,24468,26778,21699,24412,15848,20226,4836,9170,722,764,1387,2144,1981,3600,2860,5507,4224,5430,4036,4205,9979,12979,4342,8041,143237,49759,21881,12211,46079,7306,2905,25,21
2021-05-19T23:59:59+02:00,4,4,2727,2993,5018,6537,7260,9819,12907,16572,24205,26491,21602,24282,15803,20165,4828,9163,703,738,1362,2096,1949,3515,2797,5360,4129,5322,3954,4114,9926,12914,4339,8037,141865,49730,19810,12146,46008,6687,2672,25,21
2021-05-18T23:59:59+02:00,4,4,2703,2970,4971,6505,7209,9788,12553,16296,24025,26338,21509,24193,15773,20112,4820,9151,674,680,1307,1967,1876,3313,2699,5152,4000,5122,3729,3837,9844,12834,4329,8027,141589,49709,18955,11147,45964,6123,2391,25,21
2021-05-17T23:59:59+02:00,4,4,2677,2949,4928,6435,7121,9680,12400,16118,23876,26177,21455,24142,15754,20089,4815,9143,666,666,1291,1931,1855,3264,2651,5043,3921,5008,3589,3685,9776,12771,4326,8018,140618,49686,18947,11137,45947,5388,2230,25,21
2021-05-16T23:59:59+02:00,4,4,2665,2935,4905,6368,7083,9597,12340,16044,23824,26114,21431,24125,15744,20075,4812,9140,661,660,1281,1928,1838,3255,2629,5031,3892,4985,3535,3618,9737,12739,4325,8016,140179,49673,18939,11126,45925,5169,2142,25,21
2021-05-15T23:59:59+02:00,4,4,2540,2798,4718,6162,6892,9410,11822,15626,23235,25564,21324,24007,15710,20032,4809,9132,611,597,1198,1841,1701,3101,2341,4723,3444,4473,3203,3190,9574,12534,4301,7987,136789,46713,18938,11126,45920,4843,2117,25,21
2021-05-14T23:59:59+02:00,4,4,2424,2621,4523,5937,6614,9097,11285,15113,22668,24996,21177,23866,15674,19974,4805,9121,548,519,1095,1721,1540,2885,2009,4320,2844,3883,2818,2752,9490,12387,4297,7983,132963,43782,18931,11124,45896,4077,2088,25,21
2021-05-13T23:59:59+02:00,4,4,2242,2334,4201,5554,6187,8623,10725,14424,21636,24082,20894,23592,15614,19875,4798,9106,544,519,1082,1705,1525,2867,1999,4295,2823,3858,2802,2735,9483,12383,4296,7983,127056,43713,18877,11116,45870,3983,2067,25,21
2021-05-12T23:59:59+02:00,4,4,2241,2331,4193,5553,6178,8617,10623,14303,21582,24043,20889,23581,15609,19867,4797,9106,536,497,1046,1650,1476,2788,1916,4208,2764,3799,2721,2640,9432,12310,4296,7983,127011,43710,18551,10288,45870,3980,2064,25,21
2021-05-11T23:59:59+02:00,4,4,2119,2292,4109,5488,6053,8502,10317,14052,21390,23881,20813,23509,15594,19834,4793,9101,511,473,985,1590,1407,2697,1816,4070,2691,3724,2568,2412,9368,12209,4295,7982,126067,43691,18214,9454,45586,3670,1963,25,21
2021-05-10T23:59:59+02:00,4,4,2078,2215,4002,5366,5917,8323,9526,13288,21010,23558,20722,23419,15555,19780,4783,9088,499,445,949,1526,1342,2608,1726,3908,2607,3629,2540,2389,9358,12191,4291,7977,124929,43669,16364,9274,45483,3185,1837,25,21
2021-05-09T23:59:59+02:00,4,4,2046,2200,3968,5326,5864,8275,9459,13219,20940,23485,20689,23378,15541,19753,4780,9074,492,436,928,1483,1316,2559,1692,3846,2569,3586,2531,2377,9348,12174,4291,7969,124486,43610,16360,9271,45387,2949,1747,25,21
2021-05-08T23:59:59+02:00,4,4,1983,2096,3784,5151,5589,8068,9148,12933,19804,22555,20492,23183,15508,19684,4775,9062,419,406,863,1443,1240,2486,1604,3744,2350,3373,1985,1946,9254,12089,4290,7969,120326,42134,16359,9270,45384,2307,1746,8,5
2021-05-07T23:59:59+02:00,4,4,1896,1984,3598,4980,5267,7772,8738,12562,18553,21281,20309,22970,15462,19627,4766,9043,326,347,754,1368,1107,2355,1470,3601,2175,3180,1617,1610,8765,11640,4289,7967,115378,40402,16357,9264,45361,1189,1712,8,5
2021-05-06T23:59:59+02:00,4,4,1712,1875,3311,4728,4816,7367,8096,11998,17311,20037,19975,22592,15355,19463,4756,9032,309,338,732,1339,1067,2309,1421,3517,2108,3112,1581,1555,8748,11609,4283,7964,109518,40382,16350,9258,45126,918,1430,8,5
2021-05-05T23:59:59+02:00,4,3,1642,1845,3229,4641,4739,7263,7964,11847,17155,19891,19855,22473,15279,19367,4734,8936,298,326,690,1287,1006,2234,1337,3367,1999,2995,1488,1455,8331,11041,4277,7946,108759,40344,16207,8130,44955,661,938,8,5
2021-05-04T23:59:59+02:00,4,3,1615,1816,3187,4567,4680,7153,7712,11553,16596,19312,19768,22343,15204,19270,4706,8826,282,313,667,1258,985,2180,1278,3247,1886,2838,1416,1349,8260,10938,4273,7928,108072,40319,14860,7854,44852,398,523,8,5
2021-05-03T23:59:59+02:00,4,3,1607,1812,3179,4553,4642,7131,7459,11321,15903,18717,19704,22258,15178,19236,4700,8816,267,292,645,1176,936,2092,1215,3108,1788,2701,1350,1269,8235,10903,4269,7919,107991,40309,13262,7647,44812,55,150,8,5
2021-05-02T23:59:59+02:00,4,3,1606,1810,3174,4551,4637,7128,7446,11311,15884,18705,19688,22250,15178,19234,4699,8816,267,289,642,1175,931,2089,1205,3102,1780,2694,1336,1262,8234,10898,4268,7919,107965,40286,13259,7645,44788,52,104,8,5
2021-05-01T23:59:59+02:00,4,3,1472,1668,2894,4301,4170,6768,6828,10828,13944,16824,19307,21852,15087,19118,4696,8800,265,289,639,1173,930,2086,1203,3100,1778,2690,1331,1258,8232,10896,4268,7919,100414,40255,13259,7645,44783,52,101,7,5
2021-04-30T23:59:59+02:00,3,3,1349,1518,2678,4078,3840,6372,6260,10232,12153,14784,18849,21312,14983,18976,4682,8790,260,288,632,1166,915,2078,1191,3090,1767,2677,1321,1249,8228,10891,4267,7918,92784,40210,13259,7645,44783,49,30,6,5
2021-04-29T23:59:59+02:00,2,3,1233,1453,2510,3952,3599,6168,5903,9929,10811,13507,18590,21034,14940,18906,4678,8784,259,284,627,1159,903,2072,1171,3085,1737,2641,1295,1225,8222,10882,4267,7918,88091,40178,13250,7512,44642,40,13,6,5
2021-04-28T23:59:59+02:00,2,3,1174,1447,2460,3933,3548,6144,5841,9896,10714,13439,18560,21000,14933,18890,4678,8781,259,283,625,1158,900,2070,1166,3081,1729,2640,1289,1207,7780,10361,4267,7918,87821,40157,13200,6525,44404,36,12,6,4
2021-04-27T23:59:59+02:00,2,3,1126,1420,2358,3889,3483,6117,5722,9841,10597,13363,18527,20961,14920,18875,4677,8779,258,283,623,1151,899,2068,1161,3078,1725,2636,1277,1190,7363,9779,4267,7918,87312,40137,13147,5494,44184,31,11,6,4
2021-04-26T23:59:59+02:00,2,3,1084,1391,2268,3797,3356,6017,5555,9721,10294,13104,18465,20907,14911,18857,4675,8779,257,282,622,1149,893,2065,1154,3075,1707,2626,1262,1177,7354,9759,4267,7918,85975,40050,13137,5473,44057,30,11,6,4
2021-04-25T23:59:59+02:00,2,3,1081,1389,2260,3795,3349,6013,5535,9714,10259,13074,18455,20895,14910,18851,4675,8778,256,282,622,1149,893,2065,1152,3075,1707,2626,1262,1177,7354,9757,4267,7918,85953,40048,13128,5471,43941,30,10,6,4
2021-04-24T23:59:59+02:00,2,2,1038,1272,2072,3257,3079,5396,5341,9301,9427,12028,17749,19999,14796,18692,4667,8767,254,281,621,1147,893,2064,1152,3074,1701,2621,1259,1172,7352,9755,4267,7917,79826,40021,13128,5467,43916,30,9,6,4
2021-04-23T23:59:59+02:00,1,2,1006,1188,1959,2910,2896,4845,5146,8872,8873,11306,16119,18141,14650,18486,4659,8744,254,281,620,1147,891,2062,1151,3074,1700,2620,1254,1167,7348,9753,4267,7916,72805,40007,13127,5456,43856,30,9,6,4
2021-04-22T23:59:59+02:00,1,2,1001,1177,1939,2894,2876,4826,5089,8826,8761,11203,16048,18064,14624,18456,4657,8739,252,281,616,1146,888,2061,1143,3062,1685,2600,1230,1146,7343,9745,4267,7916,72757,39994,13071,5346,43340,29,9,6,4
2021-04-21T23:59:59+02:00,1,2,992,1169,1927,2881,2849,4800,5043,8770,8654,11080,15962,17980,14595,18422,4657,8734,247,278,606,1137,874,2031,1133,3037,1674,2575,1217,1133,7119,9427,4266,7916,72717,39987,13015,4643,42771,28,9,6,4
2021-04-20T23:59:59+02:00,1,2,965,1120,1875,2766,2776,4639,4950,8591,8480,10871,15731,17698,14536,18363,4650,8728,234,275,588,1116,848,2001,1104,3011,1639,2533,1197,1120,7111,9422,4265,7915,72680,39966,11886,4378,42161,24,9,6,3
2021-04-19T23:59:59+02:00,1,2,956,1111,1843,2746,2726,4614,4826,8530,8280,10760,15639,17600,14514,18344,4650,8722,227,267,570,1093,830,1969,1086,2968,1593,2478,1179,1101,7104,9419,4263,7914,72280,39931,11865,4097,41704,22,9,6,3
2021-04-18T23:59:59+02:00,1,2,953,1110,1838,2740,2718,4602,4808,8518,8240,10718,15590,17542,14504,18327,4649,8720,227,267,570,1092,829,1969,1085,2968,1593,2477,1179,1100,7102,9418,4262,7914,72234,39924,11862,4095,41469,22,9,6,3
2021-04-17T23:59:59+02:00,0,2,920,1096,1789,2702,2650,4522,4654,8377,7978,10489,13221,14639,14307,17974,4632,8684,225,267,570,1089,825,1963,1073,2961,1583,2457,1142,1058,6770,9003,4237,7866,65412,38972,11862,4084,41347,22,9,6,3
2021-04-16T23:59:59+02:00,0,2,914,1090,1777,2691,2608,4483,4562,8293,7797,10296,10383,11385,14034,17557,4613,8628,223,262,569,1086,820,1959,1063,2958,1575,2444,1131,1044,6764,8998,4234,7863,58131,38893,11860,4068,41107,22,9,6,2
2021-04-15T23:59:59+02:00,0,2,900,1085,1755,2677,2565,4450,4446,8232,7566,10095,10133,11165,13972,17491,4607,8614,221,261,569,1084,819,1957,1060,2955,1572,2441,1126,1040,6762,8996,4234,7863,58107,38879,11858,4050,39775,21,9,6,2
2021-04-14T23:59:59+02:00,0,2,881,1058,1697,2594,2476,4327,4255,8049,7292,9812,9758,10682,13823,17312,4601,8605,196,236,528,1033,796,1890,1025,2875,1522,2380,1100,1011,6758,8987,4234,7862,58074,38863,10910,3541,38225,19,9,6,2
2021-04-13T23:59:59+02:00,0,2,856,1036,1659,2542,2408,4244,4154,7911,7082,9593,9352,10162,13679,17145,4596,8593,160,212,493,984,756,1797,991,2765,1470,2310,1081,976,6742,8976,4233,7862,58029,38799,9963,2986,37007,13,9,6,2
2021-04-12T23:59:59+02:00,0,2,852,1034,1640,2539,2378,4231,4101,7860,6941,9421,9087,9848,13615,17086,4585,8577,149,198,465,944,733,1732,969,2693,1426,2260,1059,958,6726,8956,4230,7857,57971,38682,9933,2650,35878,13,9,6,2
2021-04-11T23:59:59+02:00,0,2,851,1033,1629,2539,2365,4229,4078,7848,6876,9359,8953,9683,13588,17038,4580,8568,149,198,465,942,733,1731,967,2693,1425,2260,1059,958,6724,8956,4230,7857,57959,38676,9931,2649,35314,12,9,6,2
2021-04-10T23:59:59+02:00,0,2,835,1028,1601,2510,2328,4200,4007,7790,6744,9242,8397,8948,12924,16185,4569,8526,146,198,463,939,727,1728,967,2686,1416,2253,1046,942,6254,8457,4215,7841,54625,37609,9930,2647,35266,12,9,6,2
2021-04-09T23:59:59+02:00,0,2,813,999,1561,2462,2261,4120,3854,7631,6397,8910,7874,8290,12108,15158,4499,8389,144,197,461,934,721,1721,959,2676,1401,2242,1024,921,6012,8187,4198,7814,50651,36947,9922,2643,34740,12,9,6,2
2021-04-08T23:59:59+02:00,0,2,804,989,1534,2438,2195,4070,3719,7544,6143,8610,7258,7633,11948,14958,4488,8372,144,194,456,931,716,1714,951,2666,1394,2229,1012,919,6009,8185,4197,7814,50618,36927,9898,2582,32174,12,9,6,2
2021-04-07T23:59:59+02:00,0,2,798,980,1508,2420,2137,4032,3632,7474,5911,8343,6705,7000,11341,14209,4476,8345,125,187,425,884,670,1645,895,2596,1344,2160,991,903,6001,8179,4196,7814,50591,36903,8740,2091,29968,12,8,6,2
2021-04-06T23:59:59+02:00,0,2,793,978,1494,2412,2108,4010,3559,7425,5730,8170,6259,6490,11140,13993,4461,8317,101,166,376,822,625,1570,851,2496,1292,2096,966,887,5983,8166,4194,7810,50521,36876,8556,1505,28251,12,7,6,2
2021-04-05T23:59:59+02:00,0,2,788,974,1478,2404,2084,4001,3508,7399,5587,8060,6056,6275,11073,13907,4455,8307,95,164,375,820,618,1561,843,2481,1279,2077,938,856,4890,6765,4115,7704,50323,34066,8552,1495,27470,12,7,6,2
2021-04-04T23:59:59+02:00,0,2,786,968,1476,2402,2080,3999,3491,7392,5577,8053,6045,6255,11059,13889,4453,8304,95,164,373,818,615,1556,836,2474,1264,2057,915,834,3888,5603,4049,7598,50308,31624,8550,1495,27360,12,7,6,2
2021-04-03T23:59:59+02:00,0,2,734,913,1394,2332,1957,3860,3229,7132,5117,7559,5702,5800,10887,13672,4427,8275,93,164,373,817,615,1554,835,2474,1264,2057,915,834,3888,5600,4049,7597,47071,31614,8550,1495,27358,12,7,6,2
2021-04-02T23:59:59+02:00,0,2,691,878,1339,2264,1859,3746,2973,6870,4602,7080,5312,5340,10790,13509,4422,8269,92,164,373,817,615,1554,833,2474,1262,2055,913,830,3885,5597,4048,7597,44145,31596,8549,1494,27240,12,6,6,2
2021-04-01T23:59:59+02:00,0,2,688,876,1328,2258,1839,3738,2944,6856,4528,7007,5203,5231,10751,13460,4421,8265,92,164,371,813,613,1551,833,2471,1258,2051,903,829,3881,5595,4047,7596,44128,31587,8405,1462,26850,12,6,6,2
2021-03-31T23:59:59+02:00,0,2,686,874,1321,2242,1831,3728,2916,6828,4465,6961,5064,5070,10242,12853,4417,8257,92,164,370,813,613,1551,833,2471,1256,2051,902,829,3881,5594,4047,7595,44116,31581,7278,1462,26352,12,6,5,2
2021-03-30T23:59:59+02:00,0,2,677,871,1303,2222,1801,3699,2878,6793,4379,6871,4897,4876,9717,12154,4410,8242,87,161,369,809,608,1548,828,2465,1248,2049,891,819,3873,5591,4046,7594,44089,31560,6093,1409,25599,10,6,5,2
2021-03-29T23:59:59+02:00,0,2,672,863,1290,2187,1784,3668,2847,6751,4307,6786,4698,4677,9631,12060,4407,8228,87,161,369,807,603,1544,826,2459,1244,2041,883,813,3865,5584,4046,7594,44019,31547,5876,1363,24952,9,6,5,2
2021-03-28T23:59:59+02:00,0,2,669,861,1287,2184,1769,3658,2832,6739,4273,6733,4602,4567,9594,11996,4402,8221,87,161,369,806,603,1544,824,2459,1242,2041,882,813,3864,5584,4046,7594,43997,31545,5867,1358,24514,9,6,5,2
2021-03-27T23:59:59+01:00,0,2,665,856,1278,2179,1753,3642,2804,6709,4110,6590,4024,4111,9365,11749,4389,8202,87,161,367,804,601,1542,822,2456,1234,2035,878,809,3686,5294,3945,7425,42050,30772,5863,1358,24504,9,6,5,2
2021-03-26T23:59:59+01:00,0,2,659,847,1270,2169,1731,3625,2778,6687,4034,6512,3619,3746,8768,11191,4376,8188,87,161,366,803,600,1539,818,2453,1225,2031,865,796,2969,4354,3736,7082,40116,28511,5850,1358,24226,9,6,4,2
2021-03-25T23:59:59+01:00,0,2,652,842,1257,2155,1712,3601,2719,6647,3951,6433,3444,3528,8658,11080,4371,8182,87,161,366,803,600,1538,818,2452,1223,2031,865,796,2968,4353,3735,7081,40103,28503,5743,1358,23378,9,6,4,2
2021-03-24T23:59:59+01:00,0,2,646,835,1224,2129,1667,3556,2641,6578,3794,6283,3126,3166,8251,10530,4362,8170,83,159,354,790,583,1520,785,2418,1173,1998,832,759,2959,4347,3735,7078,40081,28201,4986,1357,21883,8,6,4,2
2021-03-23T23:59:59+01:00,0,2,633,827,1199,2097,1625,3509,2559,6497,3645,6127,2745,2781,8034,10311,4355,8153,78,155,342,768,548,1489,724,2355,1071,1917,749,699,2923,4313,3731,7074,40038,27571,4696,1350,20356,8,6,3,2
2021-03-22T23:59:59+01:00,0,2,609,714,1163,2042,1592,3454,2506,6427,3505,5995,2503,2543,7704,9956,4339,8117,78,154,342,768,548,1487,722,2353,1068,1917,747,695,2919,4308,3730,7071,39570,27542,4371,1350,19221,8,6,3,2
2021-03-21T23:59:59+01:00,0,2,608,711,1157,2034,1581,3444,2489,6412,3467,5961,2361,2379,7611,9843,4331,8103,78,154,342,767,548,1487,722,2353,1068,1917,747,695,2919,4307,3730,7071,39566,27540,4357,1350,18562,8,6,3,2
2021-03-20T23:59:59+01:00,0,2,607,711,1155,2028,1574,3437,2483,6405,3450,5939,2329,2341,7121,9324,4315,8087,78,154,342,767,547,1487,720,2352,1068,1916,747,695,2919,4305,3728,7069,38526,27529,4345,1350,18428,8,6,3,2
2021-03-19T23:59:59+01:00,0,2,600,704,1141,2012,1539,3413,2413,6265,3387,5830,2147,2158,6812,9005,4296,8062,78,154,341,761,543,1484,715,2344,1057,1903,738,688,2495,3703,3314,6323,37921,25282,4329,1350,17527,2,6,3,2
2021-03-18T23:59:59+01:00,0,2,585,688,1121,1982,1512,3383,2373,6197,3314,5741,1995,1962,6693,8886,4290,8051,77,154,341,759,542,1484,714,2340,1054,1902,731,684,2445,3631,3287,6281,37901,25090,4318,1327,16547,2,6,3,2
2021-03-17T23:59:59+01:00,0,1,555,659,1076,1926,1475,3299,2296,6080,3162,5586,1738,1696,6527,8733,4280,8036,76,150,329,732,526,1440,692,2282,1016,1861,714,665,2205,3336,3206,6157,37829,24123,3792,1255,15495,2,6,3,2
2021-03-16T23:59:59+01:00,0,1,511,630,1036,1870,1423,3195,2230,5926,3046,5452,1541,1474,6393,8586,4270,8015,70,136,308,676,496,1363,663,2147,987,1730,665,615,2094,3202,3183,6073,37774,23376,3173,1024,14644,2,5,3,2
2021-03-15T23:59:59+01:00,0,1,499,619,1005,1824,1389,3127,2198,5841,2958,5368,1416,1339,5814,7899,4231,7951,67,129,293,618,481,1243,625,2017,947,1617,637,595,2057,3163,3170,6014,36540,22980,2817,690,14119,2,0,3,2
2021-03-14T23:59:59+01:00,0,1,494,613,995,1812,1386,3110,2182,5823,2924,5341,1373,1289,5422,7452,4208,7933,66,124,289,595,475,1216,619,1961,937,1592,637,595,2057,3163,3169,6012,35725,22974,2812,530,13818,2,0,3,2
2021-03-13T23:59:59+01:00,0,1,473,595,958,1765,1333,3046,1926,5234,2684,4927,1268,1176,4773,6605,4159,7858,66,124,288,592,473,1214,617,1959,936,1588,635,590,1696,2683,2646,5258,34057,20832,2808,530,11913,2,0,3,2
2021-03-12T23:59:59+01:00,0,1,457,573,938,1724,1303,2965,1722,4443,2477,4475,1198,1093,4077,5804,4112,7776,66,122,287,588,473,1211,615,1951,931,1582,632,583,1375,2143,2112,4464,32382,18603,2805,530,9948,1,0,3,2
2021-03-11T23:59:59+01:00,0,1,453,566,930,1712,1288,2948,1697,4408,2441,4439,1124,1038,4035,5768,4109,7772,66,114,281,566,459,1159,606,1902,912,1546,620,570,1369,2126,2103,4415,32349,18354,2710,458,9667,1,0,3,2
2021-03-10T23:59:59+01:00,0,1,432,555,883,1654,1234,2871,1624,4311,2375,4346,1090,1015,4019,5753,4108,7770,66,114,279,562,456,1152,601,1879,912,1541,614,562,1308,2040,2060,4359,32334,18070,2143,433,9561,1,0,3,2
2021-03-09T23:59:59+01:00,0,1,410,539,835,1604,1193,2808,1582,4228,2332,4293,1069,1004,4013,5746,4107,7768,64,113,278,561,455,1141,599,1867,906,1536,612,556,1103,1731,1945,4187,32287,17246,1693,406,9549,1,0,3,2
2021-03-08T23:59:59+01:00,0,1,403,528,825,1590,1184,2792,1574,4203,2321,4280,1056,993,3976,5699,4105,7763,63,113,274,556,451,1135,598,1863,902,1534,612,556,1034,1640,1900,4144,32159,16991,1597,382,9534,1,0,3,2
2021-03-07T23:59:59+01:00,0,1,402,525,825,1589,1182,2790,1570,4197,2311,4275,1050,985,3970,5693,4104,7762,60,110,265,534,439,1109,583,1763,867,1459,611,556,930,1511,1849,4076,32143,16632,1558,89,9527,0,0,3,2
2021-03-06T23:59:59+01:00,0,1,394,509,806,1556,1159,2732,1528,4130,2118,3778,1021,948,3797,5422,4007,7601,60,110,265,534,439,1108,583,1763,867,1459,611,556,927,1510,1846,4075,31436,16623,1558,89,8510,0,0,3,2
2021-03-05T23:59:59+01:00,0,1,379,468,773,1452,1109,2515,1453,3917,1904,3107,991,903,3051,4461,3803,7262,60,109,264,531,436,1102,582,1758,863,1456,608,554,888,1451,1823,4037,29137,16432,1557,89,6852,0,0,3,2
2021-03-04T23:59:59+01:00,0,1,364,460,766,1432,1096,2492,1434,3888,1880,3088,978,899,3047,4457,3799,7260,60,108,261,528,432,1086,572,1736,862,1448,606,552,851,1397,1800,4001,29123,16273,1519,26,6696,0,0,3,2
2021-03-03T23:59:59+01:00,0,1,353,428,747,1381,1065,2409,1383,3734,1801,2990,945,855,3037,4451,3799,7257,59,107,258,526,431,1082,570,1727,859,1444,606,551,831,1344,1715,3855,28807,15940,1519,24,6307,0,0,3,2
2021-03-02T23:59:59+01:00,0,1,347,419,731,1357,1017,2364,1314,3650,1684,2893,857,789,2995,4414,3793,7251,59,107,257,522,430,1074,570,1721,859,1440,605,551,831,1344,1715,3855,28167,15915,1456,24,6250,0,0,3,2
2021-03-01T23:59:59+01:00,0,1,343,405,724,1310,1004,2306,1294,3567,1658,2844,839,780,2987,4404,3793,7251,59,106,256,518,425,1060,566,1708,850,1432,604,549,735,1192,1661,3775,28127,15471,1407,24,5973,0,0,3,2
2021-02-28T23:59:59+01:00,0,1,338,392,716,1271,991,2227,1282,3480,1634,2765,835,770,2985,4400,3792,7249,59,106,256,518,425,1059,566,1708,847,1432,604,548,638,1067,1615,3695,28114,15120,1404,22,5607,0,0,3,2
2021-02-27T23:59:59+01:00,0,1,329,372,702,1246,971,2190,1247,3411,1611,2712,818,755,2982,4400,3791,7249,59,106,256,518,425,1059,565,1708,845,1432,604,548,638,1066,1615,3695,28112,15116,1404,22,5268,0,0,3,2
2021-02-26T23:59:59+01:00,0,1,303,319,654,1181,906,2070,1157,3245,1507,2573,789,732,2553,3795,3374,6483,59,106,253,516,425,1057,563,1706,842,1426,600,546,631,1054,1606,3676,25849,15043,1404,22,4386,0,0,3,2
2021-02-25T23:59:59+01:00,0,1,298,306,641,1149,885,2028,1138,3179,1488,2528,786,729,2507,3722,3344,6439,57,104,249,508,425,1053,558,1696,839,1415,594,541,553,944,1562,3619,25628,14696,1404,20,4133,0,0,3,2
2021-02-24T23:59:59+01:00,0,1,279,296,590,1103,838,1961,1080,3084,1444,2470,769,710,2267,3420,3262,6309,56,100,245,501,419,1035,549,1674,836,1395,587,530,540,924,1551,3597,24645,14524,1404,14,3831,0,0,3,2
2021-02-23T23:59:59+01:00,0,1,266,275,562,1046,801,1884,1012,2934,1372,2365,718,660,2156,3285,3239,6219,56,98,243,495,419,1019,539,1642,827,1373,578,524,525,877,1540,3553,23853,14294,1399,14,3540,0,0,3,1
2021-02-22T23:59:59+01:00,0,1,262,269,550,984,781,1808,986,2839,1336,2305,694,639,2129,3250,3231,6162,56,97,237,489,417,1006,530,1625,823,1348,563,512,507,852,1534,3503,23460,14085,1399,14,3364,0,0,3,1
2021-02-21T23:59:59+01:00,0,1,259,261,541,959,768,1771,978,2791,1306,2279,694,637,2127,3250,3230,6161,56,97,236,489,417,1006,530,1625,823,1347,563,511,507,852,1534,3502,23454,14081,1399,14,3157,0,0,3,1
2021-02-20T23:59:59+01:00,0,1,175,230,469,910,700,1693,908,2702,1221,2180,679,621,1759,2735,2680,5367,56,97,236,489,417,1006,530,1624,823,1347,563,511,507,852,1534,3502,21201,14080,1399,14,2427,0,0,3,1
2021-02-19T23:59:59+01:00,0,1,83,167,358,829,574,1559,775,2553,1085,2027,663,600,1457,2223,2145,4576,56,97,236,489,417,1005,530,1624,823,1347,563,511,501,850,1533,3496,19018,14064,1399,14,1255,0,0,3,1
2021-02-18T23:59:59+01:00,0,1,80,162,346,779,553,1470,742,2413,1052,1960,648,590,1448,2205,2136,4527,53,90,231,467,403,940,515,1544,804,1273,549,497,495,832,1532,3478,18781,13689,1374,14,954,0,0,3,1
2021-02-17T23:59:59+01:00,0,1,79,154,332,756,544,1437,713,2320,1015,1861,642,580,1390,2118,2090,4478,53,87,229,458,395,901,504,1479,785,1191,536,484,493,830,1532,3478,18523,13421,1301,14,683,0,0,3,1
2021-02-16T23:59:59+01:00,0,1,74,148,317,717,516,1364,681,2212,990,1756,632,573,1146,1774,1972,4301,52,78,228,453,389,871,491,1414,759,1123,515,471,491,830,1529,3477,17617,13169,1063,2,491,0,0,3,1
2021-02-15T23:59:59+01:00,0,1,69,132,291,614,481,1223,626,1999,940,1597,623,571,1063,1668,1921,4239,52,78,226,448,385,865,490,1410,756,1116,515,471,490,827,1528,3474,17292,13131,725,0,38,0,0,3,1
2021-02-14T23:59:59+01:00,0,1,68,125,286,589,476,1194,615,1945,926,1575,623,571,966,1545,1876,4183,52,78,226,448,385,865,490,1408,756,1116,515,471,490,827,1528,3474,16968,13129,570,0,23,0,0,3,1
2021-02-13T23:59:59+01:00,0,1,68,124,286,588,475,1190,614,1943,924,1572,622,570,965,1536,1872,4180,52,78,226,447,383,860,489,1403,754,1115,513,469,473,789,1273,3016,16934,12340,570,0,23,0,0,3,1
2021-02-12T23:59:59+01:00,0,1,67,124,285,587,471,1186,614,1939,921,1571,619,569,926,1485,1852,4140,52,78,226,443,380,851,484,1395,748,1108,506,461,455,750,926,2324,16764,11187,570,0,20,0,0,3,1
2021-02-11T23:59:59+01:00,0,1,67,117,281,576,458,1159,608,1913,914,1559,618,568,884,1427,1830,4100,52,75,211,413,366,804,468,1322,733,1076,503,460,455,750,925,2323,16585,10937,487,0,5,0,0,3,0
2021-02-10T23:59:59+01:00,0,1,66,117,277,573,456,1154,604,1897,909,1555,618,568,875,1411,1809,4056,51,65,177,336,312,701,418,1150,654,982,468,448,450,749,925,2322,16483,10209,459,0,1,0,0,3,0
2021-02-09T23:59:59+01:00,0,1,64,115,271,570,453,1141,603,1883,902,1549,617,567,863,1376,1744,3953,43,53,124,258,236,550,337,948,552,828,433,437,446,748,923,2322,16239,9239,430,0,0,0,0,3,0
2021-02-08T23:59:59+01:00,0,1,63,115,268,561,450,1134,602,1868,896,1541,615,565,762,1226,1690,3871,38,43,86,168,173,412,270,710,492,693,425,430,442,745,922,2322,15820,8372,405,0,0,0,0,3,0
2021-02-07T23:59:59+01:00,0,1,60,112,259,538,435,1103,586,1765,861,1462,614,564,659,1099,1643,3788,37,42,82,166,170,405,265,697,487,682,423,429,442,745,922,2321,15450,8316,96,0,0,0,0,3,0
2021-02-06T23:59:59+01:00,0,1,60,112,258,538,435,1103,584,1764,858,1459,611,562,657,1090,1637,3781,34,41,81,163,167,395,261,689,476,674,415,428,406,697,688,1939,15411,7555,96,0,0,0,0,3,0
2021-02-05T23:59:59+01:00,0,1,60,112,256,535,435,1101,583,1763,856,1457,609,562,647,1083,1631,3770,32,39,77,157,162,387,253,670,459,664,409,428,400,672,300,1317,15362,6427,96,0,0,0,0,3,0
2021-02-04T23:59:59+01:00,0,1,58,110,251,528,429,1085,567,1736,852,1443,602,551,562,963,1583,3711,31,36,73,152,156,376,238,649,442,650,403,422,395,665,298,1312,15001,6299,28,0,0,0,0,3,0
2021-02-03T23:59:59+01:00,0,1,57,105,247,521,428,1065,564,1720,850,1428,598,541,551,953,1580,3697,24,28,59,120,123,277,174,507,333,500,301,322,320,522,227,1051,14877,4889,26,0,0,0,0,3,0
2021-02-02T23:59:59+01:00,0,1,57,103,244,515,428,1047,552,1687,840,1404,585,532,540,908,1571,3653,17,21,40,79,87,183,122,342,218,361,212,216,204,328,163,697,14640,3291,26,0,0,0,0,1,0
2021-02-01T23:59:59+01:00,0,1,57,101,240,507,426,1031,544,1666,836,1381,577,526,523,879,1563,3609,7,11,20,42,48,95,65,168,94,164,100,99,85,153,71,308,14440,1530,26,0,0,0,0,1,0
2021-01-31T23:59:59+01:00,0,1,57,101,239,506,424,1027,542,1661,833,1378,577,525,523,879,1563,3608,7,11,18,38,43,81,61,142,81,148,96,99,84,152,69,307,14418,1437,25,0,0,0,0,1,0
2021-01-30T23:59:59+01:00,0,1,57,101,239,506,424,1027,542,1661,833,1378,577,525,523,879,1563,3608,7,11,18,38,43,81,61,142,81,148,96,98,84,152,69,307,14418,1436,25,0,0,0,0,1,0
2021-01-29T23:59:59+01:00,0,1,57,101,239,506,424,1027,542,1661,833,1378,577,525,523,879,1563,3608,7,11,18,38,43,81,61,142,81,148,96,98,84,152,69,307,14418,1436,25,0,0,0,0,1,0
2021-01-28T23:59:59+01:00,0,1,55,93,235,478,412,961,524,1575,811,1295,564,510,517,862,1561,3594,3,2,4,6,11,13,19,34,21,31,16,20,19,34,17,91,14028,341,19,0,0,0,0,1,0
2021-01-27T23:59:59+01:00,0,1,53,89,235,468,404,922,514,1509,791,1212,552,496,515,860,1561,3594,3,2,4,6,9,13,19,33,21,30,16,20,19,34,17,91,13758,337,17,0,0,0,0,1,0
2021-01-26T23:59:59+01:00,0,1,52,83,231,465,397,893,503,1441,766,1144,530,483,513,860,1561,3594,1,2,4,6,9,12,17,29,17,25,14,18,17,32,17,84,13500,304,16,0,0,0,0,1,0
2021-01-25T23:59:59+01:00,0,1,52,83,228,460,394,887,503,1438,764,1139,530,483,513,859,1561,3592,0,0,0,0,0,0,0,0,0,0,1,1,0,2,0,0,13471,4,15,0,0,0,0,1,0
2021-01-24T23:59:59+01:00,0,1,52,83,228,460,394,887,503,1437,764,1139,530,483,513,859,1561,3592,0,0,0,0,0,0,0,0,0,0,1,1,0,2,0,0,13470,4,15,0,0,0,0,1,0
2021-01-23T23:59:59+01:00,0,1,52,83,228,459,393,883,503,1431,763,1137,527,481,496,821,1308,3124,0,0,0,0,0,0,0,0,0,0,1,1,0,2,0,0,12674,4,15,0,0,0,0,1,0
2021-01-22T23:59:59+01:00,0,1,52,83,227,455,389,873,498,1421,758,1129,521,473,479,780,948,2407,0,0,0,0,0,0,0,0,0,0,1,1,0,2,0,0,11479,4,15,0,0,0,0,0,0
2021-01-21T23:59:59+01:00,0,1,52,80,209,422,362,817,471,1322,732,1095,517,473,479,780,947,2406,0,0,0,0,0,0,0,0,0,0,1,1,0,2,0,0,11150,4,15,0,0,0,0,0,0
2021-01-20T23:59:59+01:00,0,1,50,70,181,351,321,731,429,1168,662,1004,481,462,474,780,947,2405,0,0,0,0,0,0,0,0,0,0,1,1,0,2,0,0,10502,4,15,0,0,0,0,0,0
2021-01-19T23:59:59+01:00,0,1,44,57,135,274,248,572,352,986,571,862,446,450,470,778,947,2405,0,0,0,0,0,0,0,0,0,0,1,0,0,2,0,0,9591,3,7,0,0,0,0,0,0
2021-01-18T23:59:59+01:00,0,1,40,44,86,175,179,422,282,723,500,705,437,443,467,773,945,2405,0,0,0,0,0,0,0,0,0,0,0,0,0,1,0,0,8627,1,0,0,0,0,0,0,0
2021-01-17T23:59:59+01:00,0,1,37,43,83,171,175,414,278,712,495,692,435,443,467,773,945,2404,0,0,0,0,0,0,0,0,0,0,0,0,0,0,0,0,8568,0,0,0,0,0,0,0,0
2021-01-16T23:59:59+01:00,0,1,34,42,81,169,171,405,270,705,480,684,427,442,428,726,704,2018,0,0,0,0,0,0,0,0,0,0,0,0,0,0,0,0,7787,0,0,0,0,0,0,0,0
2021-01-15T23:59:59+01:00,0,1,32,40,78,162,168,399,263,688,466,676,421,441,423,702,310,1387,0,0,0,0,0,0,0,0,0,0,0,0,0,0,0,0,6657,0,0,0,0,0,0,0,0
2021-01-14T23:59:59+01:00,0,1,32,38,77,158,163,394,255,678,455,668,417,439,423,701,310,1387,0,0,0,0,0,0,0,0,0,0,0,0,0,0,0,0,6596,0,0,0,0,0,0,0,0
2021-01-13T23:59:59+01:00,0,0,24,31,61,125,128,299,195,543,346,525,319,334,349,552,239,1109,0,0,0,0,0,0,0,0,0,0,0,0,0,0,0,0,5179,0,0,0,0,0,0,0,0
2021-01-12T23:59:59+01:00,0,0,17,24,45,87,93,211,141,392,236,389,228,228,228,355,173,752,0,0,0,0,0,0,0,0,0,0,0,0,0,0,0,0,3599,0,0,0,0,0,0,0,0
2021-01-11T23:59:59+01:00,0,0,9,15,26,46,62,135,88,220,124,207,114,107,100,172,80,333,0,0,0,0,0,0,0,0,0,0,0,0,0,0,0,0,1838,0,0,0,0,0,0,0,0
2021-01-10T23:59:59+01:00,0,0,8,15,22,43,55,107,80,179,105,174,108,104,96,170,77,333,0,0,0,0,0,0,0,0,0,0,0,0,0,0,0,0,1676,0,0,0,0,0,0,0,0
2021-01-09T23:59:59+01:00,0,0,8,15,22,43,55,107,80,179,105,174,108,103,96,170,77,333,0,0,0,0,0,0,0,0,0,0,0,0,0,0,0,0,1675,0,0,0,0,0,0,0,0
2021-01-08T23:59:59+01:00,0,0,8,14,21,42,52,100,75,168,99,171,105,99,91,161,75,325,0,0,0,0,0,0,0,0,0,0,0,0,0,0,0,0,1606,0,0,0,0,0,0,0,0
2021-01-07T23:59:59+01:00,0,0,3,3,4,7,11,14,20,34,23,35,18,20,20,34,19,95,0,0,0,0,0,0,0,0,0,0,0,0,0,0,0,0,360,0,0,0,0,0,0,0,0
2021-01-06T23:59:59+01:00,0,0,3,2,4,6,9,13,20,33,21,32,18,20,20,34,19,94,0,0,0,0,0,0,0,0,0,0,0,0,0,0,0,0,348,0,0,0,0,0,0,0,0
2021-01-05T23:59:59+01:00,0,0,3,2,4,6,9,13,20,33,21,32,18,20,20,34,19,94,0,0,0,0,0,0,0,0,0,0,0,0,0,0,0,0,348,0,0,0,0,0,0,0,0
2021-01-04T23:59:59+01:00,0,0,0,0,0,0,0,0,1,0,0,0,1,1,0,2,0,0,0,0,0,0,0,0,0,0,0,0,0,0,0,0,0,0,5,0,0,0,0,0,0,0,0
2021-01-03T23:59:59+01:00,0,0,0,0,0,0,0,0,1,0,0,0,1,1,0,2,0,0,0,0,0,0,0,0,0,0,0,0,0,0,0,0,0,0,5,0,0,0,0,0,0,0,0
2021-01-02T23:59:59+01:00,0,0,0,0,0,0,0,0,1,0,0,0,1,1,0,2,0,0,0,0,0,0,0,0,0,0,0,0,0,0,0,0,0,0,5,0,0,0,0,0,0,0,0
2021-01-01T23:59:59+01:00,0,0,0,0,0,0,0,0,1,0,0,0,1,1,0,2,0,0,0,0,0,0,0,0,0,0,0,0,0,0,0,0,0,0,5,0,0,0,0,0,0,0,0
2020-12-31T23:59:59+01:00,0,0,0,0,0,0,0,0,1,0,0,0,1,1,0,2,0,0,0,0,0,0,0,0,0,0,0,0,0,0,0,0,0,0,5,0,0,0,0,0,0,0,0
2020-12-30T23:59:59+01:00,0,0,0,0,0,0,0,0,1,0,0,0,1,1,0,2,0,0,0,0,0,0,0,0,0,0,0,0,0,0,0,0,0,0,5,0,0,0,0,0,0,0,0
2020-12-29T23:59:59+01:00,0,0,0,0,0,0,0,0,1,0,0,0,1,0,0,2,0,0,0,0,0,0,0,0,0,0,0,0,0,0,0,0,0,0,4,0,0,0,0,0,0,0,0
2020-12-28T23:59:59+01:00,0,0,0,0,0,0,0,0,0,0,0,0,1,0,0,1,0,0,0,0,0,0,0,0,0,0,0,0,0,0,0,0,0,0,2,0,0,0,0,0,0,0,0
2020-12-27T23:59:59+01:00,0,0,0,0,0,0,0,0,0,0,0,0,0,0,0,0,0,0,0,0,0,0,0,0,0,0,0,0,0,0,0,0,0,0,0,0,0,0,0,0,0,0,0
