Datum,<24_1_m,<24_1_w,25-34_1_m,25-34_1_w,35-44_1_m,35-44_1_w,45-54_1_m,45-54_1_w,55-64_1_m,55-64_1_w,65-74_1_m,65-74_1_w,75-84_1_m,75-84_1_w,>84_1_m,>84_1_w,<24_2_m,<24_2_w,25-34_2_m,25-34_2_w,35-44_2_m,35-44_2_w,45-54_2_m,45-54_2_w,55-64_2_m,55-64_2_w,65-74_2_m,65-74_2_w,75-84_2_m,75-84_2_w,>84_2_m,>84_2_w,bp_1,bp_2,mo_1,mo_2,az_1,az_2,ja
2021-05-19T23:59:59+02:00,3044,3422,5105,6746,7332,10106,14063,17666,24210,26481,20795,23355,14676,19213,4054,7933,790,892,1373,2155,1935,3639,2898,5420,4182,5097,3734,3918,10277,13617,3631,6962,140827,49382,19727,12079,45072,6484,2575
2021-05-18T23:59:59+02:00,3019,3400,5059,6713,7256,10047,13740,17421,24038,26340,20718,23269,14651,19171,4048,7922,753,828,1322,2017,1866,3448,2794,5217,3972,4820,3610,3743,10209,13553,3623,6953,140579,49364,18879,11089,45029,5950,2325
2021-05-17T23:59:59+02:00,2989,3374,5009,6637,7168,9940,13575,17225,23911,26202,20668,23222,14636,19150,4045,7915,744,810,1307,1980,1842,3400,2743,5112,3896,4702,3478,3594,10156,13503,3622,6946,139612,49347,18871,11086,45015,5234,2168
2021-05-16T23:59:59+02:00,2980,3353,4984,6573,7131,9858,13517,17149,23861,26144,20646,23207,14627,19138,4042,7913,740,803,1299,1978,1828,3387,2723,5102,3869,4677,3427,3528,10126,13484,3621,6944,139178,49340,18864,11075,44994,5034,2087
2021-05-15T23:59:59+02:00,2857,3234,4792,6373,6949,9666,12864,16598,23423,25747,20553,23096,14595,19099,4040,7907,679,737,1216,1891,1695,3221,2414,4784,3432,4195,3100,3114,9994,13307,3602,6922,135878,46432,18864,11075,44988,4733,2063
2021-05-14T23:59:59+02:00,2723,3039,4583,6145,6675,9352,12213,15981,22970,25301,20436,22964,14567,19049,4036,7900,608,648,1111,1771,1529,2998,2050,4374,2853,3618,2744,2697,9930,13198,3600,6918,132077,43533,18859,11073,44966,4009,2032
2021-05-13T23:59:59+02:00,2518,2727,4258,5753,6242,8860,11566,15229,22030,24471,20198,22728,14515,18970,4030,7886,604,645,1100,1755,1512,2981,2042,4350,2836,3597,2728,2682,9925,13197,3599,6918,126222,43479,18808,11065,44940,3916,2011
2021-05-12T23:59:59+02:00,2516,2724,4252,5752,6233,8853,11451,15101,21994,24443,20191,22716,14513,18964,4029,7886,594,620,1065,1696,1461,2903,1961,4264,2779,3545,2648,2588,9875,13124,3599,6918,126184,43476,18485,10241,44940,3914,2009
2021-05-11T23:59:59+02:00,2390,2687,4172,5678,6096,8732,11130,14852,21827,24297,20126,22649,14498,18938,4026,7883,562,592,1012,1632,1381,2810,1868,4125,2708,3481,2496,2364,9810,13025,3599,6918,125178,43456,18150,9409,44742,3607,1911
2021-05-10T23:59:59+02:00,2339,2603,4076,5553,5971,8571,10281,14056,21511,24018,20056,22568,14464,18890,4019,7873,546,556,978,1574,1312,2718,1776,3959,2634,3403,2476,2347,9803,13008,3597,6915,124105,43448,16310,9233,44644,3131,1790
2021-05-09T23:59:59+02:00,2305,2586,4040,5514,5919,8519,10211,13982,21450,23953,20022,22529,14449,18866,4017,7861,538,545,958,1528,1287,2670,1743,3903,2600,3359,2466,2335,9795,12992,3597,6909,123666,43394,16305,9230,44551,2900,1701
2021-05-08T23:59:59+02:00,2228,2471,3838,5342,5671,8311,9792,13626,20429,23110,19851,22355,14424,18808,4012,7852,456,512,898,1482,1210,2605,1652,3790,2326,3124,1990,1949,9720,12926,3596,6909,119587,41967,16287,9215,44545,2262,1701
2021-05-07T23:59:59+02:00,2134,2339,3639,5166,5344,8023,9371,13218,19230,21885,19686,22152,14387,18760,4004,7836,353,445,786,1405,1088,2472,1519,3648,2148,2924,1561,1608,9348,12570,3595,6908,114695,40342,16285,9213,44524,1153,1670
2021-05-06T23:59:59+02:00,1929,2216,3362,4894,4896,7624,8703,12626,18045,20677,19370,21798,14301,18623,3995,7826,335,434,762,1378,1050,2413,1468,3569,2083,2860,1526,1552,9332,12547,3590,6905,108891,40324,16279,9207,44326,884,1389
2021-05-05T23:59:59+02:00,1852,2177,3289,4808,4818,7509,8568,12471,17888,20532,19252,21684,14229,18521,3975,7741,322,419,723,1328,984,2331,1382,3410,1979,2756,1436,1455,8925,11985,3585,6890,108138,40291,16136,8089,44138,628,902
2021-05-04T23:59:59+02:00,1823,2146,3250,4725,4761,7402,8219,12076,17428,20043,19168,21563,14157,18428,3950,7638,304,406,702,1295,964,2282,1306,3267,1876,2615,1371,1354,8861,11891,3581,6875,107450,40268,14796,7814,44035,372,496
2021-05-03T23:59:59+02:00,1814,2141,3242,4712,4722,7378,7839,11732,16858,19554,19112,21486,14133,18400,3945,7628,289,380,679,1214,916,2192,1239,3124,1778,2480,1308,1280,8839,11863,3578,6866,107369,40262,13208,7607,43996,33,123
2021-05-02T23:59:59+02:00,1812,2139,3238,4710,4716,7374,7828,11720,16840,19543,19096,21480,14133,18398,3944,7628,288,379,677,1213,910,2189,1230,3117,1770,2474,1294,1273,8838,11857,3577,6866,107343,40240,13206,7605,43973,30,77
2021-05-01T23:59:59+02:00,1662,1988,2940,4446,4235,7008,7196,11208,14903,17654,18782,21146,14056,18296,3941,7615,286,379,675,1211,909,2186,1228,3115,1767,2469,1290,1270,8836,11856,3577,6866,99827,40210,13205,7605,43969,30,75
2021-04-30T23:59:59+02:00,1516,1822,2738,4204,3888,6614,6598,10585,13079,15546,18432,20744,13971,18165,3928,7608,280,378,671,1206,899,2178,1218,3107,1759,2458,1280,1260,8832,11853,3576,6866,92244,40166,13205,7605,43969,30,20
2021-04-29T23:59:59+02:00,1386,1741,2562,4076,3648,6405,6216,10265,11717,14233,18241,20536,13943,18112,3925,7602,278,374,666,1201,890,2172,1194,3101,1728,2421,1257,1235,8828,11848,3576,6866,87574,40135,13197,7474,43834,23,3
2021-04-28T23:59:59+02:00,1316,1737,2519,4060,3603,6387,6146,10229,11634,14168,18213,20505,13937,18099,3925,7599,278,373,663,1200,888,2170,1191,3097,1721,2418,1250,1215,8387,11333,3576,6866,87331,40114,13147,6489,43597,21,2
2021-04-27T23:59:59+02:00,1263,1708,2414,4015,3542,6361,6023,10168,11533,14104,18183,20473,13927,18086,3923,7598,278,372,661,1194,887,2168,1187,3094,1717,2411,1235,1197,7977,10758,3576,6866,86829,40096,13094,5462,43396,18,2
2021-04-26T23:59:59+02:00,1212,1672,2324,3919,3418,6265,5847,10041,11225,13829,18146,20454,13919,18068,3921,7598,277,371,659,1194,883,2165,1179,3091,1699,2404,1221,1182,7971,10740,3576,6866,85502,40017,13084,5442,43270,17,2
2021-04-25T23:59:59+02:00,1209,1669,2316,3917,3412,6260,5828,10033,11190,13799,18139,20445,13918,18062,3921,7598,277,371,659,1194,882,2165,1179,3091,1699,2404,1221,1182,7971,10738,3576,6866,85482,40016,13077,5440,43155,17,2
2021-04-24T23:59:59+02:00,1158,1519,2120,3369,3140,5632,5646,9654,10137,12517,17655,19818,13826,17924,3915,7590,276,370,658,1193,882,2164,1179,3090,1693,2397,1217,1179,7970,10737,3576,6865,79411,39992,13077,5436,43131,17,1
2021-04-23T23:59:59+02:00,1121,1414,1998,3001,2957,5057,5433,9261,9308,11456,16320,18332,13701,17741,3910,7572,276,370,656,1193,881,2162,1178,3090,1692,2396,1212,1174,7967,10735,3576,6864,72434,39979,13076,5425,43071,17,1
2021-04-22T23:59:59+02:00,1115,1406,1981,2984,2937,5040,5367,9210,9197,11349,16260,18266,13680,17716,3908,7568,276,369,654,1193,878,2161,1170,3077,1671,2375,1190,1153,7965,10730,3576,6864,72393,39968,13025,5317,42565,16,1
2021-04-21T23:59:59+02:00,1106,1397,1965,2967,2914,5018,5316,9145,9078,11223,16180,18191,13664,17688,3908,7565,270,365,643,1183,865,2130,1158,3050,1662,2357,1179,1139,7743,10415,3575,6864,72353,39963,12968,4619,42003,15,1
2021-04-20T23:59:59+02:00,1073,1334,1918,2849,2840,4861,5211,8962,8804,10912,16055,18025,13615,17637,3901,7560,257,361,623,1159,838,2102,1132,3020,1626,2322,1162,1125,7735,10412,3575,6864,72284,39944,11842,4355,41430,13,1
2021-04-19T23:59:59+02:00,1062,1323,1881,2829,2798,4830,5067,8904,8614,10782,15971,17948,13598,17620,3901,7555,248,350,602,1138,822,2067,1110,2975,1584,2269,1145,1109,7730,10408,3573,6864,71887,39910,11820,4072,40975,11,1
2021-04-18T23:59:59+02:00,1060,1322,1877,2823,2789,4819,5051,8887,8567,10738,15927,17892,13592,17609,3900,7553,248,350,602,1138,821,2067,1110,2975,1584,2268,1145,1108,7728,10407,3572,6864,71844,39905,11818,4070,40743,11,1
2021-04-17T23:59:59+02:00,1025,1309,1828,2776,2714,4744,4900,8734,8164,10333,13712,15145,13429,17329,3887,7522,246,350,602,1134,817,2061,1099,2967,1572,2247,1106,1063,7392,9989,3556,6826,65110,38956,11818,4059,40622,11,1
2021-04-16T23:59:59+02:00,1017,1302,1817,2766,2672,4703,4798,8647,7984,10126,10940,11908,13247,17043,3873,7479,245,345,601,1131,812,2057,1090,2962,1563,2236,1095,1052,7386,9984,3554,6823,58119,38881,11816,4043,40386,11,1
2021-04-15T23:59:59+02:00,1005,1296,1790,2750,2625,4668,4684,8579,7741,9897,10711,11724,13204,16989,3867,7467,243,345,601,1129,811,2056,1087,2959,1560,2233,1090,1049,7384,9982,3554,6823,58098,38868,11814,4026,39084,11,1
2021-04-14T23:59:59+02:00,982,1263,1733,2662,2530,4541,4491,8391,7454,9595,10351,11272,13079,16835,3863,7457,213,318,562,1077,789,1988,1049,2877,1517,2175,1066,1022,7380,9974,3554,6823,58066,38853,10872,3520,37560,10,1
2021-04-13T23:59:59+02:00,955,1238,1696,2605,2456,4455,4386,8247,7238,9370,9952,10778,12954,16677,3858,7446,173,292,528,1025,749,1887,1013,2774,1469,2108,1047,988,7366,9966,3554,6823,57989,38791,9927,2966,36394,4,1
2021-04-12T23:59:59+02:00,951,1235,1680,2602,2425,4439,4333,8194,7081,9185,9704,10487,12912,16630,3847,7433,158,273,501,986,725,1817,989,2704,1427,2065,1027,970,7350,9950,3551,6818,57934,38676,9897,2630,35306,4,1
2021-04-11T23:59:59+02:00,949,1234,1670,2602,2413,4437,4311,8179,7011,9115,9580,10336,12886,16588,3843,7429,158,272,501,985,724,1816,988,2704,1426,2065,1027,970,7348,9950,3551,6818,57922,38670,9895,2629,34765,3,1
2021-04-10T23:59:59+02:00,931,1224,1642,2576,2375,4408,4239,8115,6869,8993,8642,9135,12619,16221,3834,7391,155,270,500,983,719,1814,988,2698,1417,2057,1013,956,6879,9450,3539,6804,54602,37609,9894,2629,34717,3,1
2021-04-09T23:59:59+02:00,908,1193,1602,2528,2302,4327,4059,7935,6531,8663,7897,8172,12049,15528,3776,7279,152,269,498,977,714,1805,980,2690,1400,2045,994,937,6631,9174,3526,6783,50655,36946,9891,2625,34202,3,1
2021-04-08T23:59:59+02:00,897,1182,1571,2505,2237,4276,3918,7837,6238,8321,7312,7536,11919,15381,3767,7261,152,266,492,974,710,1797,972,2679,1392,2035,982,935,6628,9172,3526,6783,50625,36926,9867,2565,31665,3,1
2021-04-07T23:59:59+02:00,890,1171,1544,2486,2181,4235,3826,7760,5982,8025,6754,6927,11364,14668,3756,7237,133,254,457,923,665,1731,915,2605,1346,1973,965,921,6622,9167,3525,6783,50600,36903,8717,2078,29488,3,1
2021-04-06T23:59:59+02:00,886,1168,1525,2479,2152,4211,3748,7703,5770,7835,6312,6429,11203,14479,3745,7211,110,233,404,858,624,1648,866,2510,1295,1914,942,904,6607,9155,3523,6779,50531,36876,8534,1492,27790,3,1
2021-04-05T23:59:59+02:00,878,1164,1510,2472,2129,4201,3693,7677,5612,7709,6122,6222,11150,14406,3741,7204,104,230,403,857,617,1639,859,2493,1278,1896,915,865,5470,7708,3493,6732,50339,34073,8530,1482,27020,3,1
2021-04-04T23:59:59+02:00,877,1160,1508,2470,2123,4199,3677,7670,5600,7700,6110,6200,11139,14392,3740,7201,104,230,401,855,612,1634,854,2486,1263,1875,892,832,4425,6510,3469,6678,50326,31634,8529,1482,26910,3,1
2021-04-03T23:59:59+02:00,814,1101,1425,2394,2002,4056,3385,7377,5151,7218,5765,5755,10995,14200,3718,7178,102,230,401,854,612,1632,853,2486,1263,1875,892,832,4425,6506,3469,6678,47095,31624,8529,1482,26909,3,1
2021-04-02T23:59:59+02:00,770,1060,1364,2328,1895,3929,3096,7101,4650,6718,5383,5310,10925,14078,3715,7172,102,230,401,854,612,1632,852,2486,1261,1873,891,829,4423,6504,3469,6678,44171,31613,8528,1481,26795,3,0
2021-04-01T23:59:59+02:00,766,1058,1354,2325,1876,3921,3064,7085,4573,6639,5274,5203,10896,14036,3714,7170,101,230,399,850,611,1629,851,2483,1258,1869,881,828,4419,6501,3468,6678,44160,31604,8386,1449,26408,3,0
2021-03-31T23:59:59+02:00,764,1054,1346,2312,1864,3909,3037,7055,4507,6583,5131,5042,10397,13443,3711,7165,101,230,398,850,611,1629,851,2483,1256,1869,880,828,4418,6500,3468,6677,44150,31597,7259,1449,25911,3,0
2021-03-30T23:59:59+02:00,755,1049,1327,2292,1832,3878,2997,7019,4421,6489,4964,4845,9900,12770,3704,7153,97,226,398,846,606,1626,845,2478,1249,1865,870,819,4411,6496,3467,6677,44128,31579,6075,1396,25192,1,0
2021-03-29T23:59:59+02:00,750,1041,1315,2255,1811,3847,2967,6978,4349,6391,4763,4658,9835,12695,3702,7142,97,226,398,843,602,1623,844,2471,1245,1859,861,811,4404,6492,3467,6677,44061,31567,5860,1352,24578,1,0
2021-03-28T23:59:59+02:00,747,1039,1311,2252,1797,3837,2949,6963,4310,6330,4667,4546,9804,12640,3696,7135,97,226,398,842,602,1623,842,2471,1243,1859,860,811,4403,6492,3467,6677,44039,31565,5851,1347,24133,1,0
2021-03-27T23:59:59+01:00,743,1034,1303,2244,1777,3822,2923,6935,4082,6144,4153,4118,9593,12415,3688,7120,97,226,395,840,601,1621,839,2468,1236,1853,856,806,4173,6111,3414,6598,42124,30786,5847,1347,24123,1,0
2021-03-26T23:59:59+01:00,736,1026,1295,2234,1758,3804,2894,6910,3994,6043,3627,3680,9125,11957,3679,7107,97,226,394,839,600,1618,835,2465,1226,1847,845,790,3374,5064,3286,6364,40187,28522,5834,1347,23848,1,0
2021-03-25T23:59:59+01:00,729,1020,1282,2221,1736,3776,2833,6870,3902,5956,3446,3463,9041,11865,3674,7105,97,226,394,839,600,1618,834,2464,1226,1847,845,790,3372,5063,3286,6363,40175,28516,5727,1347,23017,1,0
2021-03-24T23:59:59+01:00,719,1011,1250,2196,1689,3726,2752,6793,3737,5794,3108,3104,8681,11353,3665,7094,93,224,382,824,581,1598,801,2432,1171,1816,818,753,3364,5058,3286,6361,40153,28215,4974,1346,21545,1,0
2021-03-23T23:59:59+01:00,706,1001,1221,2161,1643,3678,2667,6706,3575,5622,2727,2712,8497,11177,3658,7078,88,220,369,798,543,1566,735,2368,1067,1734,735,696,3338,5026,3283,6359,40112,27584,4684,1340,20033,1,0
2021-03-22T23:59:59+01:00,677,880,1182,2114,1613,3622,2609,6629,3429,5483,2474,2474,8199,10837,3645,7048,88,219,369,798,543,1564,734,2367,1064,1733,733,693,3335,5021,3282,6357,39645,27559,4357,1340,18913,1,0
2021-03-21T23:59:59+01:00,676,875,1177,2107,1602,3614,2591,6613,3384,5441,2325,2307,8128,10748,3638,7035,88,219,369,797,543,1564,734,2367,1064,1733,733,693,3335,5020,3282,6357,39641,27557,4343,1340,18277,1,0
2021-03-20T23:59:59+01:00,675,875,1175,2099,1597,3609,2585,6606,3363,5418,2295,2268,7637,10233,3625,7020,88,219,369,797,542,1564,733,2366,1064,1732,733,693,3335,5019,3280,6355,38603,27548,4332,1340,18145,1,0
2021-03-19T23:59:59+01:00,667,868,1162,2084,1565,3588,2517,6453,3299,5329,2112,2088,7342,9925,3611,6999,88,219,369,791,538,1562,728,2357,1054,1722,724,686,2801,4269,2969,5755,37997,25291,4316,1340,17296,1,0
2021-03-18T23:59:59+01:00,652,851,1143,2053,1534,3555,2479,6379,3224,5239,1941,1885,7244,9825,3609,6989,87,219,369,790,538,1562,727,2353,1050,1721,716,683,2741,4188,2954,5722,37977,25101,4305,1318,16320,1,0
2021-03-17T23:59:59+01:00,618,820,1100,1995,1497,3468,2392,6256,3068,5077,1676,1619,7112,9697,3600,6976,85,213,357,764,522,1512,705,2299,1011,1683,698,661,2481,3876,2895,5622,37906,24135,3782,1248,15283,1,0
2021-03-16T23:59:59+01:00,572,788,1059,1938,1447,3351,2318,6110,2953,4932,1467,1396,7008,9570,3591,6959,79,194,334,706,494,1429,672,2157,982,1575,645,611,2372,3736,2877,5547,37852,23392,3164,1017,14443,1,0
2021-03-15T23:59:59+01:00,556,771,1031,1894,1410,3277,2283,6026,2865,4849,1341,1261,6424,8880,3569,6915,76,182,321,646,478,1311,636,2030,939,1462,618,592,2334,3694,2866,5491,36618,22991,2807,684,13927,1,0
2021-03-14T23:59:59+01:00,551,766,1021,1881,1407,3261,2266,6008,2829,4820,1299,1206,6023,8438,3558,6904,75,177,317,623,472,1283,630,1969,929,1443,618,592,2334,3693,2865,5490,35804,22985,2802,524,13632,1,0
2021-03-13T23:59:59+01:00,529,744,982,1834,1351,3195,2001,5369,2602,4463,1196,1096,5345,7555,3541,6875,75,177,316,620,470,1282,628,1967,929,1439,615,587,1879,3058,2442,4888,34128,20847,2799,524,11751,1,0
2021-03-12T23:59:59+01:00,511,719,963,1790,1314,3096,1783,4514,2410,4098,1127,1023,4626,6717,3527,6839,75,175,315,616,470,1278,624,1961,926,1433,612,582,1477,2390,1989,4228,32454,18626,2796,524,9807,1,0
2021-03-11T23:59:59+01:00,507,712,953,1778,1300,3075,1757,4481,2373,4061,1053,970,4588,6684,3525,6837,75,166,308,595,457,1224,614,1912,904,1399,603,569,1472,2372,1980,4179,32421,18376,2703,452,9530,1,0
2021-03-10T23:59:59+01:00,485,697,904,1714,1245,3003,1681,4379,2312,3976,1021,948,4575,6672,3524,6835,74,166,306,590,455,1218,610,1890,904,1394,595,559,1405,2275,1945,4135,32407,18092,2137,428,9427,1,0
2021-03-09T23:59:59+01:00,464,679,853,1664,1207,2931,1634,4300,2270,3929,1006,939,4569,6665,3523,6834,72,164,305,588,454,1209,608,1878,898,1388,593,551,1172,1929,1856,3998,32363,17261,1689,401,9415,1,0
2021-03-08T23:59:59+01:00,457,668,843,1648,1197,2916,1628,4274,2258,3917,995,928,4535,6621,3521,6830,71,162,302,586,450,1203,606,1874,895,1386,593,551,1090,1829,1824,3965,32242,17008,1593,378,9401,1,0
2021-03-07T23:59:59+01:00,456,665,843,1647,1194,2914,1625,4267,2248,3911,988,920,4529,6617,3520,6829,68,158,292,565,438,1169,588,1770,863,1324,592,551,978,1682,1783,3913,32225,16648,1554,86,9394,0,0
2021-03-06T23:59:59+01:00,447,645,824,1614,1170,2860,1580,4185,2056,3428,964,892,4304,6256,3473,6757,68,158,292,565,438,1168,588,1770,863,1324,592,551,975,1681,1780,3912,31509,16639,1554,86,8392,0,0
2021-03-05T23:59:59+01:00,431,597,791,1509,1115,2636,1495,3959,1847,2773,946,866,3478,5186,3349,6528,68,157,291,562,434,1162,587,1765,861,1320,587,549,935,1619,1762,3882,29206,16455,1553,86,6747,0,0
2021-03-04T23:59:59+01:00,416,588,782,1490,1103,2612,1473,3929,1827,2755,933,863,3472,5182,3348,6527,68,156,288,558,431,1144,578,1745,860,1312,585,548,889,1556,1748,3856,29193,16298,1513,24,6594,0,0
2021-03-03T23:59:59+01:00,405,549,763,1431,1071,2527,1424,3778,1745,2667,906,820,3463,5178,3348,6525,67,156,285,554,430,1141,576,1736,857,1309,585,547,857,1496,1672,3718,28880,15964,1513,22,6207,0,0
2021-03-02T23:59:59+01:00,399,539,747,1401,1021,2482,1349,3692,1628,2572,817,758,3430,5141,3344,6523,66,156,285,549,429,1135,576,1728,857,1307,584,547,857,1496,1672,3718,28242,15940,1450,22,6151,0,0
2021-03-01T23:59:59+01:00,392,524,743,1350,1006,2419,1329,3617,1603,2523,800,749,3422,5135,3344,6523,66,154,284,546,420,1121,576,1713,847,1301,584,545,747,1318,1632,3663,28203,15495,1401,22,5875,0,0
2021-02-28T23:59:59+01:00,387,510,734,1305,994,2341,1313,3535,1584,2444,796,743,3421,5131,3343,6522,66,154,284,546,420,1120,576,1713,846,1301,584,544,640,1169,1597,3607,28193,15145,1398,22,5512,0,0
2021-02-27T23:59:59+01:00,376,486,720,1284,975,2301,1281,3472,1559,2404,782,734,3420,5131,3343,6522,66,154,284,546,420,1120,575,1713,845,1301,584,544,640,1168,1597,3607,28192,15142,1398,22,5200,0,0
2021-02-26T23:59:59+01:00,346,426,673,1219,909,2185,1191,3316,1464,2283,759,718,2878,4374,3030,5904,66,154,281,544,420,1118,573,1710,842,1296,579,541,633,1154,1590,3591,25913,15070,1398,22,4364,0,0
2021-02-25T23:59:59+01:00,342,410,658,1191,888,2140,1171,3243,1448,2248,757,716,2819,4292,3014,5870,64,150,277,537,420,1115,568,1697,839,1287,571,535,551,1034,1551,3548,25696,14724,1398,20,4113,0,0
2021-02-24T23:59:59+01:00,317,393,612,1145,835,2067,1113,3152,1409,2196,739,694,2560,3971,2953,5764,63,146,273,527,414,1100,561,1675,836,1270,564,524,537,1013,1541,3529,24711,14559,1398,14,3811,0,0
2021-02-23T23:59:59+01:00,299,368,584,1088,799,1979,1032,2995,1347,2115,686,643,2448,3829,2936,5684,63,144,271,520,414,1081,551,1645,828,1251,553,516,525,962,1531,3486,23918,14327,1393,14,3521,0,0
2021-02-22T23:59:59+01:00,294,355,570,1027,782,1902,1005,2902,1310,2056,665,623,2420,3792,2929,5629,62,143,266,514,412,1067,542,1622,822,1233,538,502,507,936,1526,3435,23523,14113,1393,14,3345,0,0
2021-02-21T23:59:59+01:00,291,344,563,1005,769,1859,997,2856,1280,2035,665,621,2418,3792,2928,5628,62,143,265,514,412,1067,542,1622,822,1231,538,502,507,936,1526,3434,23517,14109,1393,14,3141,0,0
2021-02-20T23:59:59+01:00,194,309,500,951,704,1788,922,2750,1197,1955,655,608,1953,3121,2480,4989,62,143,265,514,412,1067,542,1621,822,1231,538,502,507,936,1526,3434,21269,14108,1393,14,2414,0,0
2021-02-19T23:59:59+01:00,94,236,385,871,581,1645,787,2606,1070,1809,646,594,1563,2473,2024,4335,62,143,265,514,412,1066,542,1621,822,1231,538,502,499,932,1524,3429,19077,14088,1393,14,1249,0,0
2021-02-18T23:59:59+01:00,90,224,374,827,558,1551,757,2466,1033,1747,635,583,1555,2454,2015,4286,59,134,259,485,397,1004,529,1541,800,1162,527,488,494,914,1522,3411,18839,13712,1367,14,949,0,0
2021-02-17T23:59:59+01:00,89,216,361,797,546,1519,724,2343,1005,1682,627,571,1490,2355,1977,4249,59,130,256,474,389,959,517,1477,783,1087,515,477,492,913,1522,3411,18579,13447,1294,14,678,0,0
2021-02-16T23:59:59+01:00,83,208,343,751,521,1445,691,2231,982,1592,617,562,1217,1972,1885,4108,57,121,256,467,381,926,504,1412,757,1022,495,467,491,913,1519,3410,17666,13196,1055,2,487,0,0
2021-02-15T23:59:59+01:00,77,183,317,644,483,1302,637,2018,934,1449,607,561,1120,1853,1850,4060,56,121,255,461,377,921,502,1407,756,1016,495,467,490,909,1518,3407,17344,13158,717,0,34,0,0
2021-02-14T23:59:59+01:00,76,177,314,619,477,1271,627,1961,920,1432,607,561,1015,1716,1812,4016,56,121,255,461,377,921,502,1405,756,1016,495,467,490,909,1518,3407,17017,13156,564,0,20,0,0
2021-02-13T23:59:59+01:00,76,176,314,618,475,1267,626,1959,920,1428,606,560,1015,1712,1809,4014,56,120,255,461,375,917,501,1400,754,1014,493,466,472,865,1264,2949,16991,12362,564,0,20,0,0
2021-02-12T23:59:59+01:00,76,176,313,617,471,1263,626,1956,917,1427,601,559,974,1652,1793,3982,56,120,255,456,372,910,497,1391,748,1008,486,459,450,818,914,2256,16820,11196,564,0,19,0,0
2021-02-11T23:59:59+01:00,76,170,309,604,460,1236,620,1932,910,1415,600,559,923,1585,1780,3954,56,114,239,426,359,855,481,1320,731,986,486,458,450,818,912,2255,16646,10946,481,0,6,0,0
2021-02-10T23:59:59+01:00,74,170,306,601,457,1232,617,1916,905,1411,600,559,912,1567,1762,3912,55,100,200,346,306,743,429,1160,651,898,458,453,448,818,912,2254,16545,10231,454,0,2,0,0
2021-02-09T23:59:59+01:00,71,168,301,595,454,1223,616,1901,899,1406,599,558,891,1527,1703,3814,47,82,140,265,232,580,347,954,552,768,427,444,444,817,909,2254,16299,9262,426,0,1,0,0
2021-02-08T23:59:59+01:00,70,166,298,589,451,1216,615,1883,892,1401,599,556,774,1350,1663,3758,42,66,98,174,170,425,284,725,495,652,421,439,441,815,908,2254,15878,8409,402,0,1,0,0
2021-02-07T23:59:59+01:00,67,162,288,567,434,1177,598,1775,859,1335,599,555,661,1197,1627,3700,41,65,95,170,166,419,280,713,490,641,419,439,441,815,908,2253,15507,8355,94,0,0,0,0
2021-02-06T23:59:59+01:00,67,162,287,567,434,1176,596,1775,857,1332,595,553,659,1187,1621,3694,38,62,94,168,163,409,274,704,478,634,413,439,402,761,676,1875,15468,7590,94,0,0,0,0
2021-02-05T23:59:59+01:00,67,162,285,564,434,1174,595,1774,855,1330,593,553,650,1179,1615,3683,36,58,90,164,157,399,268,685,461,626,407,439,390,727,289,1258,15419,6454,94,0,0,0,0
2021-02-04T23:59:59+01:00,65,159,280,558,428,1155,579,1748,852,1316,584,544,561,1051,1573,3637,35,54,84,159,149,385,259,668,444,612,400,433,387,720,287,1252,15063,6328,27,0,0,0,0
2021-02-03T23:59:59+01:00,64,153,276,549,427,1139,577,1733,850,1302,578,532,552,1042,1570,3625,26,39,70,125,112,281,189,522,337,477,299,331,308,563,223,1002,14944,4904,25,0,0,0,0
2021-02-02T23:59:59+01:00,64,151,273,542,427,1119,564,1699,842,1283,564,521,543,992,1561,3584,18,27,45,80,82,189,134,354,215,348,211,211,197,358,159,662,14704,3290,25,0,0,0,0
2021-02-01T23:59:59+01:00,63,149,270,534,425,1102,556,1671,836,1268,553,512,528,963,1554,3542,7,14,22,43,44,96,66,173,97,155,102,97,79,158,68,303,14501,1524,25,0,0,0,0
2021-01-31T23:59:59+01:00,63,148,269,534,421,1098,556,1666,834,1264,553,512,528,963,1554,3541,7,13,20,40,39,80,62,148,82,139,98,97,78,157,66,302,14479,1428,25,0,0,0,0
2021-01-30T23:59:59+01:00,63,148,269,534,421,1098,556,1666,834,1264,553,512,528,963,1554,3541,7,13,20,40,39,80,62,148,82,139,98,96,78,157,66,302,14479,1427,25,0,0,0,0
2021-01-29T23:59:59+01:00,63,148,269,534,421,1098,556,1666,834,1264,553,512,528,963,1554,3541,7,13,20,40,39,80,62,148,82,139,98,96,78,157,66,302,14479,1427,25,0,0,0,0
2021-01-28T23:59:59+01:00,61,138,263,499,408,1035,540,1577,810,1190,542,497,522,946,1552,3526,2,2,5,7,9,14,20,35,21,27,16,19,19,35,17,92,14087,340,19,0,0,0,0
2021-01-27T23:59:59+01:00,59,133,262,487,400,988,529,1512,793,1115,530,485,520,945,1552,3526,2,2,5,7,7,14,20,34,21,27,16,19,19,35,17,92,13819,337,17,0,0,0,0
2021-01-26T23:59:59+01:00,58,127,258,482,391,956,518,1445,768,1049,509,475,519,945,1552,3526,1,2,5,7,7,12,18,31,17,22,15,16,17,33,17,85,13562,305,16,0,0,0,0
2021-01-25T23:59:59+01:00,57,127,256,477,387,950,518,1442,767,1044,509,475,519,943,1552,3524,0,0,0,0,0,0,0,0,0,0,2,1,0,1,0,0,13532,4,15,0,0,0,0
2021-01-24T23:59:59+01:00,57,127,256,477,387,950,518,1441,767,1044,509,475,519,943,1552,3524,0,0,0,0,0,0,0,0,0,0,2,1,0,1,0,0,13531,4,15,0,0,0,0
2021-01-23T23:59:59+01:00,57,126,256,477,386,946,518,1434,766,1042,506,474,500,899,1299,3055,0,0,0,0,0,0,0,0,0,0,2,1,0,1,0,0,12726,4,15,0,0,0,0
2021-01-22T23:59:59+01:00,57,126,255,472,381,938,514,1424,761,1035,500,467,478,850,937,2337,0,0,0,0,0,0,0,0,0,0,2,1,0,1,0,0,11517,4,15,0,0,0,0
2021-01-21T23:59:59+01:00,57,120,236,439,355,871,485,1331,735,1010,498,467,478,850,936,2336,0,0,0,0,0,0,0,0,0,0,1,1,0,1,0,0,11189,3,15,0,0,0,0
2021-01-20T23:59:59+01:00,55,105,204,366,314,775,442,1185,660,924,469,461,476,850,935,2335,0,0,0,0,0,0,0,0,0,0,1,1,0,1,0,0,10541,3,15,0,0,0,0
2021-01-19T23:59:59+01:00,49,88,151,283,243,608,365,999,573,805,439,452,472,849,935,2335,0,0,0,0,0,0,0,0,0,0,1,0,0,1,0,0,9639,2,7,0,0,0,0
2021-01-18T23:59:59+01:00,43,67,99,182,175,440,299,741,504,669,433,447,469,845,933,2335,0,0,0,0,0,0,0,0,0,0,0,0,0,0,0,0,8681,0,0,0,0,0,0
2021-01-17T23:59:59+01:00,41,66,97,176,170,433,296,731,499,656,431,447,469,845,933,2334,0,0,0,0,0,0,0,0,0,0,0,0,0,0,0,0,8624,0,0,0,0,0,0
2021-01-16T23:59:59+01:00,38,63,95,175,165,424,289,723,482,649,425,447,427,792,694,1951,0,0,0,0,0,0,0,0,0,0,0,0,0,0,0,0,7839,0,0,0,0,0,0
2021-01-15T23:59:59+01:00,36,59,92,170,162,416,282,706,468,642,419,447,416,758,299,1324,0,0,0,0,0,0,0,0,0,0,0,0,0,0,0,0,6696,0,0,0,0,0,0
2021-01-14T23:59:59+01:00,36,55,88,168,158,410,276,698,457,634,416,445,416,757,299,1324,0,0,0,0,0,0,0,0,0,0,0,0,0,0,0,0,6637,0,0,0,0,0,0
2021-01-13T23:59:59+01:00,26,40,72,134,120,309,208,559,353,504,317,343,338,595,235,1065,0,0,0,0,0,0,0,0,0,0,0,0,0,0,0,0,5218,0,0,0,0,0,0
2021-01-12T23:59:59+01:00,18,30,51,90,89,222,152,405,236,377,225,222,222,392,170,720,0,0,0,0,0,0,0,0,0,0,0,0,0,0,0,0,3621,0,0,0,0,0,0
2021-01-11T23:59:59+01:00,9,19,29,50,60,139,92,226,125,197,115,106,93,178,78,330,0,0,0,0,0,0,0,0,0,0,0,0,0,0,0,0,1846,0,0,0,0,0,0
2021-01-10T23:59:59+01:00,8,18,24,45,54,110,82,185,105,165,110,104,90,176,75,330,0,0,0,0,0,0,0,0,0,0,0,0,0,0,0,0,1681,0,0,0,0,0,0
2021-01-09T23:59:59+01:00,8,18,24,45,54,110,82,185,105,165,110,103,90,176,75,330,0,0,0,0,0,0,0,0,0,0,0,0,0,0,0,0,1680,0,0,0,0,0,0
2021-01-08T23:59:59+01:00,8,17,23,44,51,102,78,175,99,162,106,100,86,166,73,322,0,0,0,0,0,0,0,0,0,0,0,0,0,0,0,0,1612,0,0,0,0,0,0
2021-01-07T23:59:59+01:00,2,3,5,8,9,15,23,36,21,32,16,19,20,36,19,96,0,0,0,0,0,0,0,0,0,0,0,0,0,0,0,0,360,0,0,0,0,0,0
2021-01-06T23:59:59+01:00,2,2,5,7,7,14,22,35,20,29,16,19,20,36,19,95,0,0,0,0,0,0,0,0,0,0,0,0,0,0,0,0,348,0,0,0,0,0,0
2021-01-05T23:59:59+01:00,2,2,5,7,7,14,22,35,20,29,16,19,20,36,19,95,0,0,0,0,0,0,0,0,0,0,0,0,0,0,0,0,348,0,0,0,0,0,0
2021-01-04T23:59:59+01:00,0,0,0,0,0,0,1,0,0,0,1,1,0,1,0,0,0,0,0,0,0,0,0,0,0,0,0,0,0,0,0,0,4,0,0,0,0,0,0
2021-01-03T23:59:59+01:00,0,0,0,0,0,0,1,0,0,0,1,1,0,1,0,0,0,0,0,0,0,0,0,0,0,0,0,0,0,0,0,0,4,0,0,0,0,0,0
2021-01-02T23:59:59+01:00,0,0,0,0,0,0,1,0,0,0,1,1,0,1,0,0,0,0,0,0,0,0,0,0,0,0,0,0,0,0,0,0,4,0,0,0,0,0,0
2021-01-01T23:59:59+01:00,0,0,0,0,0,0,1,0,0,0,1,1,0,1,0,0,0,0,0,0,0,0,0,0,0,0,0,0,0,0,0,0,4,0,0,0,0,0,0
2020-12-31T23:59:59+01:00,0,0,0,0,0,0,1,0,0,0,1,1,0,1,0,0,0,0,0,0,0,0,0,0,0,0,0,0,0,0,0,0,4,0,0,0,0,0,0
2020-12-30T23:59:59+01:00,0,0,0,0,0,0,1,0,0,0,1,1,0,1,0,0,0,0,0,0,0,0,0,0,0,0,0,0,0,0,0,0,4,0,0,0,0,0,0
2020-12-29T23:59:59+01:00,0,0,0,0,0,0,1,0,0,0,1,0,0,1,0,0,0,0,0,0,0,0,0,0,0,0,0,0,0,0,0,0,3,0,0,0,0,0,0
2020-12-28T23:59:59+01:00,0,0,0,0,0,0,0,0,0,0,1,0,0,0,0,0,0,0,0,0,0,0,0,0,0,0,0,0,0,0,0,0,1,0,0,0,0,0,0
2020-12-27T23:59:59+01:00,0,0,0,0,0,0,0,0,0,0,0,0,0,0,0,0,0,0,0,0,0,0,0,0,0,0,0,0,0,0,0,0,0,0,0,0,0,0,0
