Datum,<24_1_m,<24_1_w,25-34_1_m,25-34_1_w,35-44_1_m,35-44_1_w,45-54_1_m,45-54_1_w,55-64_1_m,55-64_1_w,65-74_1_m,65-74_1_w,75-84_1_m,75-84_1_w,>84_1_m,>84_1_w,<24_2_m,<24_2_w,25-34_2_m,25-34_2_w,35-44_2_m,35-44_2_w,45-54_2_m,45-54_2_w,55-64_2_m,55-64_2_w,65-74_2_m,65-74_2_w,75-84_2_m,75-84_2_w,>84_2_m,>84_2_w,bp_1,bp_2,mo_1,mo_2,az_1,az_2,ja
2021-05-29T23:59:59+02:00,3898,4177,6531,7881,9499,11922,19138,21888,27057,28995,21991,24624,15037,19708,4117,8033,1014,1143,1752,2618,2489,4456,4187,7702,5987,7709,8777,9800,11621,15248,3729,7201,159207,63886,25850,12454,45468,15122,3971
2021-05-28T23:59:59+02:00,3825,4118,6408,7810,9384,11804,18993,21765,26902,28878,21937,24560,15018,19693,4116,8032,998,1126,1737,2599,2449,4394,4022,7382,5799,7453,6051,6641,11433,14976,3718,7160,157969,57123,25848,12454,45464,14399,3962
2021-05-27T23:59:59+02:00,3674,3977,6122,7640,8797,11485,18526,21423,26522,28568,21808,24415,14972,19639,4109,8018,945,1061,1653,2501,2335,4253,3555,6335,5406,6952,5902,6490,11369,14912,3714,7145,154661,56650,25797,12411,45456,11686,3781
2021-05-26T23:59:59+02:00,3548,3885,5900,7466,8413,11201,18085,21115,26229,28356,21678,24288,14928,19573,4100,8003,926,1052,1605,2481,2294,4220,3485,6273,5311,6881,5781,6373,11314,14861,3710,7135,152008,56578,25782,12409,45435,11172,3543
2021-05-25T23:59:59+02:00,3448,3817,5762,7353,8215,11034,17075,20330,25902,28030,21535,24139,14885,19506,4094,7994,903,1032,1575,2436,2228,4164,3412,6210,5230,6812,5609,6205,11229,14792,3704,7125,150498,56524,23860,12226,45421,10576,3340
2021-05-24T23:59:59+02:00,3385,3801,5672,7308,8086,10964,16155,19636,25528,27737,21455,24039,14858,19480,4087,7984,894,1030,1550,2418,2189,4129,3360,6156,5153,6733,5524,6113,11167,14729,3704,7119,149826,56495,21795,12150,45413,10182,3141
2021-05-23T23:59:59+02:00,3382,3797,5664,7300,8078,10958,16151,19635,25527,27737,21455,24039,14858,19480,4087,7984,893,1029,1544,2413,2185,4123,3356,6154,5150,6730,5518,6106,11166,14727,3704,7119,149801,56488,21795,12150,45413,10156,3123
2021-05-22T23:59:59+02:00,3340,3748,5595,7256,7975,10877,15922,19439,25276,27524,21366,23960,14832,19444,4084,7981,867,1004,1500,2363,2134,4047,3242,6017,4835,6165,4590,4937,10905,14364,3696,7084,148289,53279,21795,12150,45412,9198,3123
2021-05-21T23:59:59+02:00,3282,3672,5492,7173,7887,10758,15672,19201,25048,27327,21268,23863,14806,19403,4079,7973,833,942,1433,2236,2023,3776,3030,5652,4375,5293,3972,4126,10393,13732,3644,6979,146608,49568,21795,12150,45408,7628,3093
2021-05-20T23:59:59+02:00,3127,3493,5222,6910,7599,10395,15158,18673,24488,26801,21018,23606,14728,19296,4066,7947,818,927,1409,2216,1984,3743,2976,5588,4293,5218,3843,4024,10332,13682,3636,6970,142493,49487,21786,12140,45387,7171,2861
2021-05-19T23:59:59+02:00,3063,3436,5126,6762,7356,10129,14099,17701,24246,26532,20927,23489,14693,19242,4059,7941,798,899,1385,2163,1947,3656,2915,5441,4199,5114,3767,3944,10288,13631,3633,6966,141129,49460,19726,12079,45317,6578,2629
2021-05-18T23:59:59+02:00,3037,3413,5078,6726,7277,10068,13770,17453,24070,26385,20845,23399,14666,19198,4052,7930,760,831,1333,2023,1877,3460,2808,5234,3984,4834,3633,3762,10217,13562,3624,6957,140865,49442,18876,11086,45273,6018,2353
2021-05-17T23:59:59+02:00,3007,3387,5028,6650,7188,9961,13604,17257,23943,26247,20795,23352,14650,19177,4049,7923,751,812,1318,1985,1853,3412,2756,5126,3905,4715,3496,3611,10162,13511,3623,6949,139898,49422,18868,11077,45258,5292,2194
2021-05-16T23:59:59+02:00,2996,3366,5003,6586,7150,9879,13542,17181,23893,26188,20773,23337,14640,19165,4046,7921,746,805,1309,1983,1837,3399,2733,5116,3878,4688,3440,3541,10131,13491,3622,6947,139464,49415,18860,11066,45236,5079,2106
2021-05-15T23:59:59+02:00,2873,3247,4811,6386,6968,9687,12889,16630,23455,25791,20680,23226,14608,19126,4044,7915,685,739,1225,1893,1704,3231,2424,4792,3441,4199,3109,3126,9999,13314,3603,6925,136164,46505,18860,11066,45230,4756,2082
2021-05-14T23:59:59+02:00,2738,3052,4602,6158,6694,9373,12238,16013,23002,25345,20563,23094,14580,19076,4040,7908,613,649,1120,1773,1537,3006,2060,4380,2862,3620,2751,2708,9935,13205,3601,6921,132362,43601,18855,11064,45208,4025,2051
2021-05-13T23:59:59+02:00,2533,2739,4277,5766,6260,8881,11591,15260,22061,24515,20325,22858,14528,18997,4034,7894,609,646,1109,1757,1520,2989,2052,4356,2845,3599,2735,2693,9930,13204,3600,6921,126504,43547,18803,11056,45182,3932,2030
2021-05-12T23:59:59+02:00,2531,2736,4271,5765,6251,8874,11476,15132,22024,24487,20318,22846,14526,18991,4033,7894,599,621,1074,1698,1469,2911,1971,4270,2788,3547,2655,2599,9880,13131,3600,6921,126466,43544,18479,10232,45182,3930,2028
2021-05-11T23:59:59+02:00,2403,2699,4190,5691,6114,8752,11156,14883,21857,24341,20253,22779,14511,18964,4030,7891,566,593,1020,1634,1389,2818,1878,4131,2717,3483,2503,2375,9815,13032,3600,6921,125540,43528,18143,9400,44903,3619,1928
2021-05-10T23:59:59+02:00,2352,2614,4091,5566,5989,8590,10302,14086,21541,24062,20181,22697,14477,18914,4022,7881,550,557,985,1576,1320,2726,1784,3965,2643,3406,2481,2358,9808,13013,3597,6918,124461,43520,16302,9224,44800,3141,1802
2021-05-09T23:59:59+02:00,2318,2597,4054,5527,5937,8538,10232,14012,21480,23997,20147,22658,14462,18890,4020,7869,542,546,964,1530,1295,2678,1751,3909,2607,3362,2471,2346,9798,12995,3597,6912,124021,43460,16297,9221,44707,2909,1713
2021-05-08T23:59:59+02:00,2241,2482,3852,5355,5689,8330,9813,13656,20460,23154,19976,22484,14437,18832,4015,7860,460,513,904,1484,1218,2613,1660,3796,2332,3127,1994,1959,9723,12929,3596,6912,119925,42017,16296,9219,44702,2271,1713
2021-05-07T23:59:59+02:00,2147,2349,3652,5178,5361,8041,9389,13248,19260,21928,19811,22281,14400,18784,4007,7844,357,446,791,1407,1095,2480,1525,3654,2154,2927,1564,1614,9350,12572,3595,6911,115023,40385,16294,9217,44681,1158,1682
2021-05-06T23:59:59+02:00,1942,2226,3375,4905,4913,7641,8721,12656,18076,20719,19495,21927,14314,18647,3998,7834,339,435,767,1379,1057,2421,1474,3575,2090,2862,1529,1557,9334,12549,3590,6908,109217,40366,16288,9211,44483,888,1401
2021-05-05T23:59:59+02:00,1865,2186,3302,4819,4835,7526,8587,12501,17919,20574,19377,21813,14242,18545,3978,7748,326,419,728,1329,991,2339,1388,3416,1986,2758,1439,1460,8927,11987,3585,6892,108464,40333,16145,8093,44296,632,912
2021-05-04T23:59:59+02:00,1836,2155,3261,4736,4778,7419,8238,12106,17458,20085,19293,21692,14170,18452,3953,7645,308,406,706,1296,971,2290,1312,3272,1882,2617,1374,1359,8863,11893,3581,6877,107775,40309,14805,7818,44193,376,504
2021-05-03T23:59:59+02:00,1827,2150,3253,4723,4738,7395,7858,11761,16888,19596,19237,21615,14146,18424,3948,7635,293,380,683,1215,922,2199,1245,3129,1784,2482,1311,1285,8841,11865,3578,6868,107693,40302,13217,7611,44153,36,131
2021-05-02T23:59:59+02:00,1825,2148,3249,4721,4732,7391,7847,11749,16870,19585,19221,21609,14146,18422,3947,7635,292,379,681,1214,916,2196,1236,3122,1776,2476,1297,1278,8840,11859,3577,6868,107667,40280,13215,7609,44130,33,85
2021-05-01T23:59:59+02:00,1675,1997,2951,4457,4251,7025,7215,11237,14933,17696,18907,21275,14069,18320,3944,7622,290,379,679,1212,915,2193,1234,3120,1773,2471,1293,1275,8838,11858,3577,6868,100151,40250,13214,7609,44126,33,83
2021-04-30T23:59:59+02:00,1529,1831,2749,4214,3904,6631,6617,10614,13108,15588,18557,20873,13984,18189,3931,7615,284,378,675,1207,904,2185,1224,3112,1765,2460,1283,1265,8834,11855,3576,6868,92566,40206,13214,7609,44126,32,28
2021-04-29T23:59:59+02:00,1398,1750,2573,4086,3664,6422,6235,10294,11745,14272,18366,20665,13956,18136,3928,7609,282,374,670,1202,895,2179,1200,3106,1734,2423,1260,1240,8830,11850,3576,6868,87891,40175,13206,7478,43991,25,11
2021-04-28T23:59:59+02:00,1326,1743,2528,4066,3615,6400,6163,10257,11662,14206,18338,20634,13950,18123,3928,7606,282,373,667,1201,893,2177,1197,3102,1726,2420,1253,1220,8389,11335,3576,6868,87625,40154,13156,6493,43754,22,10
2021-04-27T23:59:59+02:00,1272,1714,2423,4021,3554,6374,6039,10196,11561,14142,18308,20602,13940,18110,3926,7605,281,372,665,1195,892,2175,1193,3099,1722,2413,1237,1202,7979,10760,3576,6868,87123,40136,13103,5466,43552,18,9
2021-04-26T23:59:59+02:00,1221,1678,2332,3925,3430,6278,5863,10069,11253,13867,18271,20583,13932,18092,3924,7605,280,371,663,1195,888,2172,1185,3095,1704,2406,1222,1187,7973,10742,3576,6868,85795,40055,13093,5446,43426,17,9
2021-04-25T23:59:59+02:00,1218,1675,2323,3923,3424,6273,5844,10061,11218,13837,18264,20574,13931,18086,3924,7605,280,371,663,1195,887,2172,1185,3095,1704,2406,1222,1187,7973,10740,3576,6868,85775,40054,13086,5444,43310,17,9
2021-04-24T23:59:59+02:00,1167,1525,2127,3375,3152,5645,5662,9682,10163,12555,17780,19947,13839,17948,3918,7597,279,370,662,1194,887,2171,1185,3094,1698,2399,1218,1184,7972,10739,3576,6867,79702,40030,13086,5440,43286,17,8
2021-04-23T23:59:59+02:00,1130,1420,2005,3007,2969,5070,5449,9289,9333,11494,16445,18461,13714,17765,3913,7579,279,370,660,1194,886,2169,1184,3094,1697,2398,1213,1179,7969,10737,3576,6866,72724,40017,13085,5429,43226,17,8
2021-04-22T23:59:59+02:00,1124,1410,1988,2990,2949,5053,5383,9238,9222,11387,16385,18395,13693,17740,3911,7575,277,369,658,1194,883,2168,1176,3081,1676,2377,1191,1158,7967,10732,3576,6866,72681,40005,13034,5320,42720,16,8
2021-04-21T23:59:59+02:00,1114,1401,1972,2973,2926,5031,5332,9173,9103,11261,16305,18320,13677,17712,3911,7572,271,365,647,1184,870,2137,1164,3054,1667,2359,1180,1144,7745,10417,3575,6866,72641,40000,12976,4622,42158,15,8
2021-04-20T23:59:59+02:00,1081,1338,1925,2855,2852,4874,5227,8990,8829,10950,16179,18154,13628,17661,3904,7567,258,361,627,1160,843,2109,1138,3024,1631,2324,1163,1130,7737,10414,3575,6866,72572,39981,11849,4358,41585,13,8
2021-04-19T23:59:59+02:00,1070,1327,1887,2835,2810,4843,5083,8932,8639,10820,16095,18077,13611,17644,3904,7562,249,350,606,1139,827,2074,1116,2979,1589,2271,1146,1114,7732,10410,3573,6866,72174,39947,11827,4075,41130,11,8
2021-04-18T23:59:59+02:00,1068,1326,1883,2829,2801,4832,5067,8915,8592,10776,16051,18021,13605,17633,3903,7560,249,350,606,1139,826,2074,1116,2979,1589,2270,1146,1113,7730,10409,3572,6866,72131,39942,11825,4073,40898,11,8
2021-04-17T23:59:59+02:00,1033,1313,1834,2782,2725,4757,4917,8762,8188,10371,13835,15275,13442,17353,3890,7529,247,350,606,1135,822,2068,1105,2971,1577,2249,1107,1068,7394,9991,3556,6828,65396,38993,11825,4062,40777,11,8
2021-04-16T23:59:59+02:00,1025,1306,1823,2772,2681,4716,4813,8675,8002,10163,10962,11937,13255,17060,3875,7484,246,345,605,1132,817,2064,1096,2966,1568,2238,1096,1056,7388,9986,3554,6825,58178,38917,11823,4046,40540,11,8
2021-04-15T23:59:59+02:00,1013,1300,1796,2756,2634,4681,4699,8607,7758,9934,10733,11753,13212,17006,3869,7472,244,345,605,1130,816,2063,1093,2963,1565,2235,1091,1053,7386,9984,3554,6825,58156,38904,11821,4029,39238,11,8
2021-04-14T23:59:59+02:00,990,1267,1739,2668,2539,4553,4505,8417,7469,9632,10372,11299,13087,16852,3865,7462,214,318,566,1078,794,1995,1055,2881,1522,2177,1067,1026,7382,9976,3554,6825,58124,38889,10877,3523,37707,10,8
2021-04-13T23:59:59+02:00,963,1242,1702,2611,2465,4467,4400,8273,7253,9407,9973,10804,12962,16694,3860,7451,174,292,532,1026,754,1894,1019,2778,1473,2110,1048,992,7368,9968,3554,6825,58046,38826,9932,2969,36541,4,8
2021-04-12T23:59:59+02:00,959,1239,1685,2608,2434,4451,4347,8219,7096,9222,9724,10513,12920,16647,3849,7438,159,273,505,987,730,1823,995,2708,1431,2067,1028,974,7352,9952,3551,6820,57990,38711,9901,2632,35452,4,8
2021-04-11T23:59:59+02:00,957,1238,1675,2608,2422,4449,4325,8204,7026,9152,9600,10362,12894,16605,3845,7434,159,272,505,986,729,1822,994,2708,1430,2067,1028,974,7350,9952,3551,6820,57978,38705,9899,2631,34911,3,8
2021-04-10T23:59:59+02:00,939,1227,1647,2582,2384,4420,4253,8139,6884,9030,8661,9160,12625,16236,3836,7396,156,270,504,984,724,1820,993,2702,1421,2059,1014,959,6881,9452,3539,6806,54650,37643,9898,2630,34863,3,8
2021-04-09T23:59:59+02:00,915,1195,1607,2533,2311,4339,4073,7958,6545,8697,7913,8192,12055,15539,3777,7283,153,269,502,978,719,1811,985,2694,1404,2047,995,938,6633,9176,3526,6785,50682,36978,9895,2626,34347,3,8
2021-04-08T23:59:59+02:00,904,1184,1576,2510,2245,4288,3932,7860,6252,8355,7329,7556,11925,15391,3768,7265,153,266,495,975,715,1803,977,2683,1396,2037,983,936,6630,9174,3526,6785,50651,36957,9871,2566,31810,3,8
2021-04-07T23:59:59+02:00,897,1173,1549,2491,2189,4246,3839,7783,5996,8058,6771,6945,11370,14678,3757,7241,134,254,460,924,670,1737,919,2609,1350,1975,966,922,6624,9169,3525,6785,50626,36934,8721,2079,29629,3,7
2021-04-06T23:59:59+02:00,893,1170,1530,2484,2160,4221,3761,7726,5783,7868,6329,6446,11209,14489,3746,7215,111,233,407,859,629,1654,870,2514,1299,1916,943,905,6609,9157,3523,6781,50556,36907,8538,1493,27929,3,7
2021-04-05T23:59:59+02:00,885,1166,1515,2477,2137,4211,3706,7698,5625,7742,6138,6238,11156,14415,3742,7208,105,230,406,858,622,1645,863,2497,1282,1898,915,866,5472,7709,3493,6734,50361,34102,8534,1483,27157,3,7
2021-04-04T23:59:59+02:00,884,1162,1513,2475,2131,4209,3690,7691,5613,7733,6126,6216,11145,14401,3741,7205,105,230,404,856,617,1640,858,2490,1267,1877,892,833,4427,6511,3469,6680,50348,31663,8533,1483,27047,3,7
2021-04-03T23:59:59+02:00,821,1103,1430,2399,2010,4066,3398,7398,5164,7251,5781,5771,11001,14209,3719,7182,103,230,404,855,617,1638,857,2490,1267,1877,892,833,4427,6507,3469,6680,47117,31653,8533,1483,27046,3,7
2021-04-02T23:59:59+02:00,777,1062,1369,2333,1903,3939,3109,7122,4663,6751,5399,5326,10931,14087,3716,7176,103,230,404,855,617,1638,856,2490,1265,1875,891,830,4425,6505,3469,6680,44193,31642,8532,1482,26932,3,6
2021-04-01T23:59:59+02:00,772,1060,1359,2330,1884,3931,3077,7106,4586,6672,5290,5219,10902,14045,3715,7174,102,230,402,851,616,1635,855,2487,1262,1871,881,829,4421,6502,3468,6680,44181,31633,8390,1450,26545,3,6
2021-03-31T23:59:59+02:00,770,1056,1351,2317,1872,3919,3050,7076,4520,6616,5147,5058,10403,13452,3712,7169,102,230,401,851,616,1635,855,2487,1260,1871,880,829,4420,6501,3468,6679,44171,31626,7263,1450,26048,3,6
2021-03-30T23:59:59+02:00,761,1051,1332,2297,1839,3888,3008,7040,4432,6521,4970,4852,9904,12775,3705,7156,98,226,401,847,611,1632,849,2482,1253,1867,870,820,4413,6497,3467,6679,44149,31608,6078,1397,25298,1,6
2021-03-29T23:59:59+02:00,756,1043,1319,2260,1818,3857,2977,6999,4360,6423,4769,4662,9839,12700,3703,7145,98,226,401,844,607,1629,848,2475,1249,1861,861,812,4406,6493,3467,6679,44082,31596,5863,1353,24679,1,6
2021-03-28T23:59:59+02:00,753,1041,1315,2257,1804,3847,2959,6984,4321,6362,4673,4550,9808,12645,3697,7138,98,226,401,843,607,1629,846,2475,1247,1861,860,812,4405,6493,3467,6679,44060,31594,5854,1348,24234,1,6
2021-03-27T23:59:59+01:00,749,1036,1307,2249,1784,3832,2933,6956,4093,6176,4159,4122,9597,12420,3689,7123,98,226,398,841,606,1627,843,2472,1240,1855,856,807,4175,6112,3414,6600,42145,30815,5850,1348,24224,1,6
2021-03-26T23:59:59+01:00,742,1028,1299,2239,1765,3814,2904,6931,4005,6075,3633,3684,9129,11962,3680,7110,98,226,397,840,605,1624,839,2469,1230,1849,845,791,3376,5065,3286,6366,40208,28551,5837,1348,23949,1,6
2021-03-25T23:59:59+01:00,735,1022,1286,2226,1743,3786,2843,6891,3913,5988,3452,3467,9045,11870,3675,7108,98,226,397,840,605,1624,838,2468,1230,1849,845,791,3374,5064,3286,6365,40196,28545,5730,1348,23118,1,6
2021-03-24T23:59:59+01:00,725,1013,1254,2201,1696,3736,2762,6814,3747,5826,3113,3108,8685,11358,3666,7096,94,224,385,825,586,1604,805,2436,1175,1818,818,754,3366,5059,3286,6363,40174,28244,4976,1347,21644,1,6
2021-03-23T23:59:59+01:00,712,1003,1225,2166,1650,3688,2676,6727,3585,5654,2732,2716,8501,11182,3659,7080,89,220,372,799,548,1572,739,2372,1071,1736,735,697,3340,5027,3283,6361,40133,27613,4686,1341,20131,1,6
2021-03-22T23:59:59+01:00,683,882,1186,2119,1620,3632,2618,6650,3438,5515,2479,2478,8203,10842,3646,7050,89,219,372,799,548,1570,738,2371,1068,1735,733,694,3337,5022,3282,6359,39665,27588,4359,1341,19011,1,6
2021-03-21T23:59:59+01:00,682,877,1181,2112,1609,3624,2600,6634,3392,5470,2330,2311,8132,10751,3639,7037,89,219,372,798,548,1570,738,2371,1068,1735,733,694,3337,5021,3282,6359,39661,27586,4345,1341,18369,1,6
2021-03-20T23:59:59+01:00,680,877,1179,2104,1604,3619,2594,6627,3371,5447,2300,2272,7641,10236,3626,7022,89,219,372,798,547,1570,737,2370,1068,1734,733,694,3337,5020,3280,6357,38623,27577,4333,1341,18237,1,6
2021-03-19T23:59:59+01:00,672,870,1165,2089,1571,3595,2525,6474,3306,5356,2117,2092,7346,9928,3612,7001,89,219,372,792,543,1568,732,2361,1058,1724,724,687,2803,4270,2969,5757,38017,25320,4317,1341,17379,1,6
2021-03-18T23:59:59+01:00,656,853,1146,2058,1540,3562,2487,6400,3231,5266,1946,1889,7247,9828,3610,6991,88,219,372,791,543,1568,731,2357,1054,1723,716,684,2743,4189,2954,5724,37997,25130,4306,1319,16401,1,6
2021-03-17T23:59:59+01:00,622,822,1103,2000,1503,3475,2400,6277,3076,5104,1681,1622,7113,9700,3601,6978,86,213,360,765,527,1517,709,2303,1015,1685,698,662,2483,3877,2895,5624,37926,24164,3783,1248,15362,1,6
2021-03-16T23:59:59+01:00,575,790,1062,1943,1453,3358,2326,6131,2961,4959,1473,1399,7009,9573,3592,6961,79,194,337,707,499,1434,676,2160,986,1577,645,612,2374,3737,2877,5549,37872,23420,3165,1017,14523,1,5
2021-03-15T23:59:59+01:00,559,773,1032,1899,1415,3284,2291,6047,2872,4876,1347,1263,6425,8883,3570,6917,76,182,322,647,481,1316,640,2033,942,1464,618,593,2336,3695,2866,5493,36638,23019,2808,684,14007,1,0
2021-03-14T23:59:59+01:00,554,768,1022,1885,1412,3268,2275,6029,2836,4847,1305,1207,6024,8441,3559,6906,75,177,318,624,475,1288,634,1972,932,1445,618,593,2336,3694,2865,5492,35824,23013,2803,524,13711,1,0
2021-03-13T23:59:59+01:00,532,746,983,1838,1356,3202,2007,5387,2609,4487,1202,1097,5346,7558,3542,6877,75,177,317,621,473,1286,632,1970,932,1441,615,588,1881,3059,2442,4890,34148,20874,2799,524,11822,1,0
2021-03-12T23:59:59+01:00,514,721,964,1794,1319,3103,1788,4525,2416,4121,1133,1024,4626,6720,3528,6841,75,175,316,617,473,1282,628,1964,929,1435,612,582,1479,2391,1989,4230,32473,18652,2796,524,9868,1,0
2021-03-11T23:59:59+01:00,509,714,954,1782,1305,3082,1762,4492,2378,4083,1058,971,4588,6687,3526,6839,75,166,309,596,460,1228,618,1915,907,1402,603,569,1474,2373,1980,4181,32440,18403,2703,452,9587,1,0
2021-03-10T23:59:59+01:00,487,698,905,1718,1250,3010,1686,4390,2317,3998,1026,949,4575,6674,3525,6837,74,166,307,591,458,1222,614,1893,907,1397,595,559,1407,2276,1945,4137,32425,18119,2137,428,9483,1,0
2021-03-09T23:59:59+01:00,466,680,854,1668,1212,2938,1639,4311,2275,3951,1011,940,4569,6667,3524,6836,72,164,306,589,457,1213,612,1881,901,1391,593,551,1174,1930,1856,4000,32381,17288,1689,401,9471,1,0
2021-03-08T23:59:59+01:00,459,669,844,1652,1202,2923,1633,4285,2263,3939,999,929,4535,6622,3522,6832,71,162,303,587,453,1207,610,1877,898,1389,593,551,1092,1830,1824,3967,32258,17035,1593,378,9457,1,0
2021-03-07T23:59:59+01:00,458,666,844,1651,1199,2921,1630,4278,2253,3933,992,921,4529,6618,3521,6831,68,158,293,566,441,1173,592,1773,866,1327,592,551,980,1683,1783,3915,32241,16675,1554,86,9450,0,0
2021-03-06T23:59:59+01:00,449,646,825,1617,1174,2865,1585,4196,2060,3444,968,893,4304,6257,3474,6759,68,158,293,566,441,1172,592,1773,866,1327,592,551,977,1682,1780,3914,31525,16666,1554,86,8437,0,0
2021-03-05T23:59:59+01:00,433,598,792,1512,1120,2641,1499,3969,1850,2783,950,867,3478,5187,3350,6530,68,157,292,563,437,1166,591,1768,864,1323,587,549,937,1620,1762,3884,29222,16482,1553,86,6784,0,0
2021-03-04T23:59:59+01:00,418,588,783,1493,1108,2617,1477,3939,1830,2765,937,864,3472,5183,3349,6529,68,156,289,559,433,1148,582,1748,863,1315,585,548,891,1557,1748,3858,29209,16324,1513,24,6630,0,0
2021-03-03T23:59:59+01:00,406,549,764,1434,1074,2532,1428,3788,1748,2676,910,821,3463,5179,3349,6527,67,156,286,555,432,1145,580,1739,860,1312,585,547,859,1497,1672,3720,28896,15990,1513,22,6239,0,0
2021-03-02T23:59:59+01:00,400,539,748,1404,1024,2487,1353,3702,1631,2581,821,759,3430,5142,3345,6525,66,156,286,550,431,1139,580,1731,860,1310,584,547,859,1497,1672,3720,28258,15966,1450,22,6183,0,0
2021-03-01T23:59:59+01:00,393,524,744,1353,1009,2424,1333,3627,1606,2532,804,750,3422,5136,3345,6525,66,154,285,547,422,1125,580,1716,850,1304,584,545,749,1319,1632,3665,28219,15521,1401,22,5907,0,0
2021-02-28T23:59:59+01:00,388,510,735,1308,997,2346,1317,3545,1587,2453,800,744,3421,5132,3344,6523,66,154,285,547,422,1124,580,1716,849,1304,584,544,642,1170,1597,3609,28208,15171,1398,22,5544,0,0
2021-02-27T23:59:59+01:00,377,486,721,1284,977,2304,1284,3475,1562,2406,783,734,3420,5132,3344,6523,66,154,285,547,422,1124,579,1716,848,1304,584,544,642,1169,1597,3609,28207,15168,1398,22,5207,0,0
2021-02-26T23:59:59+01:00,347,426,674,1219,911,2187,1194,3318,1467,2285,759,718,2878,4375,3031,5905,66,154,282,545,422,1122,577,1713,845,1299,579,541,635,1155,1590,3593,25928,15096,1398,22,4368,0,0
2021-02-25T23:59:59+01:00,342,410,659,1191,890,2142,1174,3245,1451,2250,757,716,2819,4293,3014,5871,64,150,278,538,422,1119,572,1700,842,1290,571,535,553,1035,1551,3550,25710,14750,1398,20,4116,0,0
2021-02-24T23:59:59+01:00,317,393,613,1145,837,2069,1116,3154,1412,2198,739,694,2560,3972,2953,5765,63,146,274,528,416,1104,565,1677,839,1273,564,524,539,1014,1541,3530,24725,14583,1398,14,3814,0,0
2021-02-23T23:59:59+01:00,299,368,585,1088,801,1981,1035,2997,1350,2117,686,643,2448,3830,2936,5685,63,144,272,521,416,1085,555,1647,831,1254,553,516,527,963,1531,3487,23932,14351,1393,14,3524,0,0
2021-02-22T23:59:59+01:00,294,355,571,1027,784,1904,1008,2904,1313,2058,665,623,2420,3793,2929,5630,62,143,267,515,414,1071,546,1624,825,1236,538,502,510,937,1526,3436,23537,14138,1393,14,3348,0,0
2021-02-21T23:59:59+01:00,291,344,564,1005,771,1861,1000,2858,1283,2037,665,621,2418,3793,2928,5629,62,143,266,515,414,1071,546,1624,825,1234,538,502,510,937,1526,3435,23531,14134,1393,14,3144,0,0
2021-02-20T23:59:59+01:00,194,309,501,951,706,1790,925,2752,1200,1957,655,608,1953,3122,2480,4990,62,143,266,515,414,1071,546,1623,825,1234,538,502,510,937,1526,3435,21283,14133,1393,14,2417,0,0
2021-02-19T23:59:59+01:00,94,236,386,871,583,1647,789,2608,1073,1811,646,594,1563,2474,2024,4336,62,143,266,515,414,1070,546,1623,825,1234,538,502,502,933,1524,3430,19091,14113,1393,14,1251,0,0
2021-02-18T23:59:59+01:00,90,224,375,827,560,1553,759,2468,1036,1750,635,583,1555,2455,2015,4287,59,134,260,486,399,1008,533,1543,803,1165,527,488,496,915,1522,3412,18854,13736,1367,14,951,0,0
2021-02-17T23:59:59+01:00,89,216,362,797,548,1521,726,2345,1008,1685,627,571,1490,2356,1977,4250,59,130,257,475,391,963,521,1479,785,1090,515,477,494,914,1522,3412,18594,13470,1294,14,680,0,0
2021-02-16T23:59:59+01:00,83,208,344,751,523,1447,693,2233,985,1594,617,562,1217,1973,1885,4109,57,121,257,468,383,930,508,1414,759,1025,495,467,493,914,1519,3411,17681,13219,1055,2,488,0,0
2021-02-15T23:59:59+01:00,77,183,318,644,485,1304,639,2020,937,1451,607,561,1120,1854,1850,4061,56,121,256,462,379,925,506,1409,758,1019,495,467,492,910,1518,3408,17359,13181,717,0,35,0,0
2021-02-14T23:59:59+01:00,76,177,315,619,479,1273,629,1963,923,1434,607,561,1015,1717,1812,4017,56,121,256,462,379,925,506,1407,758,1019,495,467,492,910,1518,3408,17032,13179,564,0,21,0,0
2021-02-13T23:59:59+01:00,76,176,315,618,477,1269,628,1961,923,1430,606,560,1015,1713,1809,4015,56,120,256,462,377,921,505,1402,756,1017,493,466,473,866,1264,2950,17006,12384,564,0,21,0,0
2021-02-12T23:59:59+01:00,76,176,314,617,473,1265,628,1957,920,1429,601,559,974,1653,1793,3983,56,120,256,457,373,913,501,1393,750,1011,486,459,451,819,914,2256,16835,11215,564,0,19,0,0
2021-02-11T23:59:59+01:00,76,170,310,604,461,1238,622,1933,913,1417,600,559,923,1586,1780,3955,56,114,240,427,360,858,485,1322,732,989,486,458,451,819,912,2255,16660,10964,481,0,6,0,0
2021-02-10T23:59:59+01:00,74,170,307,601,458,1234,619,1917,908,1413,600,559,912,1568,1762,3913,55,100,201,346,307,746,433,1162,652,900,458,453,449,819,912,2254,16559,10247,454,0,2,0,0
2021-02-09T23:59:59+01:00,71,168,302,595,455,1225,618,1902,902,1408,599,558,891,1528,1703,3815,47,82,141,265,232,582,351,956,553,770,427,444,445,818,909,2254,16313,9276,426,0,1,0,0
2021-02-08T23:59:59+01:00,70,166,299,589,452,1218,617,1884,895,1403,599,556,774,1351,1663,3759,42,66,99,174,170,427,288,725,496,654,421,439,442,816,908,2254,15892,8421,402,0,1,0,0
2021-02-07T23:59:59+01:00,67,162,289,567,435,1179,600,1776,862,1337,599,555,661,1198,1627,3701,41,65,95,170,166,421,284,713,491,643,419,439,442,816,908,2253,15521,8366,94,0,0,0,0
2021-02-06T23:59:59+01:00,67,162,288,567,435,1178,598,1776,860,1334,595,553,659,1188,1621,3695,38,62,94,168,163,411,278,704,479,636,413,439,403,762,676,1875,15482,7601,94,0,0,0,0
2021-02-05T23:59:59+01:00,67,162,286,564,435,1176,597,1775,858,1332,593,553,650,1180,1615,3684,36,58,90,164,157,401,271,685,462,628,407,439,391,728,289,1258,15433,6464,94,0,0,0,0
2021-02-04T23:59:59+01:00,65,159,281,558,429,1157,581,1749,855,1318,584,544,561,1052,1573,3638,35,54,84,159,149,387,260,668,445,614,400,433,388,721,287,1252,15077,6336,27,0,0,0,0
2021-02-03T23:59:59+01:00,64,153,277,549,428,1141,579,1734,853,1304,578,532,552,1043,1570,3626,26,39,70,125,112,281,190,522,338,477,299,331,309,564,223,1002,14958,4908,25,0,0,0,0
2021-02-02T23:59:59+01:00,64,151,274,542,428,1121,566,1700,845,1285,564,521,543,993,1561,3585,18,27,45,80,82,189,135,354,215,348,211,211,198,359,159,662,14718,3293,25,0,0,0,0
2021-02-01T23:59:59+01:00,63,149,271,534,426,1104,558,1672,839,1270,553,512,529,964,1554,3542,7,14,22,43,44,96,67,173,97,155,102,97,79,158,68,303,14515,1525,25,0,0,0,0
2021-01-31T23:59:59+01:00,63,148,270,534,422,1100,558,1667,837,1266,553,512,529,964,1554,3541,7,13,20,40,39,80,63,148,82,139,98,97,78,157,66,302,14493,1429,25,0,0,0,0
2021-01-30T23:59:59+01:00,63,148,270,534,422,1100,558,1667,837,1266,553,512,529,964,1554,3541,7,13,20,40,39,80,63,148,82,139,98,96,78,157,66,302,14493,1428,25,0,0,0,0
2021-01-29T23:59:59+01:00,63,148,270,534,422,1100,558,1667,837,1266,553,512,529,964,1554,3541,7,13,20,40,39,80,63,148,82,139,98,96,78,157,66,302,14493,1428,25,0,0,0,0
2021-01-28T23:59:59+01:00,61,138,264,499,409,1037,542,1578,813,1192,542,497,523,947,1552,3526,2,2,5,7,9,14,21,35,21,27,15,19,19,35,17,92,14101,340,19,0,0,0,0
2021-01-27T23:59:59+01:00,59,133,263,487,401,990,531,1513,795,1117,530,485,521,946,1552,3526,2,2,5,7,7,14,21,34,21,27,15,19,19,35,17,92,13832,337,17,0,0,0,0
2021-01-26T23:59:59+01:00,58,127,259,482,392,958,520,1446,770,1051,509,475,520,946,1552,3526,1,2,5,7,7,12,19,31,17,22,14,16,17,33,17,85,13575,305,16,0,0,0,0
2021-01-25T23:59:59+01:00,57,127,257,477,388,952,520,1443,769,1046,509,475,520,944,1552,3524,0,0,0,0,0,0,0,0,0,0,1,1,0,1,0,0,13545,3,15,0,0,0,0
2021-01-24T23:59:59+01:00,57,127,257,477,388,952,520,1442,769,1046,509,475,520,944,1552,3524,0,0,0,0,0,0,0,0,0,0,1,1,0,1,0,0,13544,3,15,0,0,0,0
2021-01-23T23:59:59+01:00,57,126,257,477,387,948,520,1435,768,1044,506,474,501,900,1299,3055,0,0,0,0,0,0,0,0,0,0,1,1,0,1,0,0,12739,3,15,0,0,0,0
2021-01-22T23:59:59+01:00,57,126,256,472,382,940,516,1425,763,1037,500,467,479,851,937,2337,0,0,0,0,0,0,0,0,0,0,1,1,0,1,0,0,11530,3,15,0,0,0,0
2021-01-21T23:59:59+01:00,57,120,237,439,356,873,487,1332,737,1012,498,467,479,851,936,2336,0,0,0,0,0,0,0,0,0,0,1,1,0,1,0,0,11202,3,15,0,0,0,0
2021-01-20T23:59:59+01:00,55,105,205,366,315,777,444,1186,662,926,469,461,477,851,935,2335,0,0,0,0,0,0,0,0,0,0,1,1,0,1,0,0,10554,3,15,0,0,0,0
2021-01-19T23:59:59+01:00,49,88,152,283,243,610,367,1000,575,807,439,452,473,850,935,2335,0,0,0,0,0,0,0,0,0,0,1,0,0,1,0,0,9651,2,7,0,0,0,0
2021-01-18T23:59:59+01:00,43,67,100,182,175,442,301,741,505,671,433,447,470,846,933,2335,0,0,0,0,0,0,0,0,0,0,0,0,0,0,0,0,8691,0,0,0,0,0,0
2021-01-17T23:59:59+01:00,41,66,97,176,170,435,298,731,500,658,431,447,470,846,933,2334,0,0,0,0,0,0,0,0,0,0,0,0,0,0,0,0,8633,0,0,0,0,0,0
2021-01-16T23:59:59+01:00,38,63,95,175,165,426,291,723,483,651,425,447,428,793,694,1951,0,0,0,0,0,0,0,0,0,0,0,0,0,0,0,0,7848,0,0,0,0,0,0
2021-01-15T23:59:59+01:00,36,59,92,170,162,418,284,706,469,644,419,447,417,759,299,1324,0,0,0,0,0,0,0,0,0,0,0,0,0,0,0,0,6705,0,0,0,0,0,0
2021-01-14T23:59:59+01:00,36,55,88,168,158,412,277,698,458,636,416,445,417,758,299,1324,0,0,0,0,0,0,0,0,0,0,0,0,0,0,0,0,6645,0,0,0,0,0,0
2021-01-13T23:59:59+01:00,26,40,72,134,120,309,209,559,354,504,317,343,339,596,235,1065,0,0,0,0,0,0,0,0,0,0,0,0,0,0,0,0,5222,0,0,0,0,0,0
2021-01-12T23:59:59+01:00,18,30,51,90,89,222,153,405,237,377,225,222,223,393,170,720,0,0,0,0,0,0,0,0,0,0,0,0,0,0,0,0,3625,0,0,0,0,0,0
2021-01-11T23:59:59+01:00,9,19,29,50,60,139,93,226,125,197,115,106,93,178,78,330,0,0,0,0,0,0,0,0,0,0,0,0,0,0,0,0,1847,0,0,0,0,0,0
2021-01-10T23:59:59+01:00,8,18,24,45,54,110,83,185,105,165,110,104,90,176,75,330,0,0,0,0,0,0,0,0,0,0,0,0,0,0,0,0,1682,0,0,0,0,0,0
2021-01-09T23:59:59+01:00,8,18,24,45,54,110,83,185,105,165,110,103,90,176,75,330,0,0,0,0,0,0,0,0,0,0,0,0,0,0,0,0,1681,0,0,0,0,0,0
2021-01-08T23:59:59+01:00,8,17,23,44,51,102,79,175,99,162,106,100,86,166,73,322,0,0,0,0,0,0,0,0,0,0,0,0,0,0,0,0,1613,0,0,0,0,0,0
2021-01-07T23:59:59+01:00,2,3,5,8,9,15,24,36,21,32,16,19,20,36,19,96,0,0,0,0,0,0,0,0,0,0,0,0,0,0,0,0,361,0,0,0,0,0,0
2021-01-06T23:59:59+01:00,2,2,5,7,7,14,23,35,20,29,16,19,20,36,19,95,0,0,0,0,0,0,0,0,0,0,0,0,0,0,0,0,349,0,0,0,0,0,0
2021-01-05T23:59:59+01:00,2,2,5,7,7,14,23,35,20,29,16,19,20,36,19,95,0,0,0,0,0,0,0,0,0,0,0,0,0,0,0,0,349,0,0,0,0,0,0
2021-01-04T23:59:59+01:00,0,0,0,0,0,0,1,0,0,0,1,1,0,1,0,0,0,0,0,0,0,0,0,0,0,0,0,0,0,0,0,0,4,0,0,0,0,0,0
2021-01-03T23:59:59+01:00,0,0,0,0,0,0,1,0,0,0,1,1,0,1,0,0,0,0,0,0,0,0,0,0,0,0,0,0,0,0,0,0,4,0,0,0,0,0,0
2021-01-02T23:59:59+01:00,0,0,0,0,0,0,1,0,0,0,1,1,0,1,0,0,0,0,0,0,0,0,0,0,0,0,0,0,0,0,0,0,4,0,0,0,0,0,0
2021-01-01T23:59:59+01:00,0,0,0,0,0,0,1,0,0,0,1,1,0,1,0,0,0,0,0,0,0,0,0,0,0,0,0,0,0,0,0,0,4,0,0,0,0,0,0
2020-12-31T23:59:59+01:00,0,0,0,0,0,0,1,0,0,0,1,1,0,1,0,0,0,0,0,0,0,0,0,0,0,0,0,0,0,0,0,0,4,0,0,0,0,0,0
2020-12-30T23:59:59+01:00,0,0,0,0,0,0,1,0,0,0,1,1,0,1,0,0,0,0,0,0,0,0,0,0,0,0,0,0,0,0,0,0,4,0,0,0,0,0,0
2020-12-29T23:59:59+01:00,0,0,0,0,0,0,1,0,0,0,1,0,0,1,0,0,0,0,0,0,0,0,0,0,0,0,0,0,0,0,0,0,3,0,0,0,0,0,0
2020-12-28T23:59:59+01:00,0,0,0,0,0,0,0,0,0,0,1,0,0,0,0,0,0,0,0,0,0,0,0,0,0,0,0,0,0,0,0,0,1,0,0,0,0,0,0
2020-12-27T23:59:59+01:00,0,0,0,0,0,0,0,0,0,0,0,0,0,0,0,0,0,0,0,0,0,0,0,0,0,0,0,0,0,0,0,0,0,0,0,0,0,0,0
