Datum,<15_m,<15_w,15-24_1_m,15-24_1_w,25-34_1_m,25-34_1_w,35-44_1_m,35-44_1_w,45-54_1_m,45-54_1_w,55-64_1_m,55-64_1_w,65-74_1_m,65-74_1_w,75-84_1_m,75-84_1_w,>84_1_m,>84_1_w,<24_2_m,<24_2_w,25-34_2_m,25-34_2_w,35-44_2_m,35-44_2_w,45-54_2_m,45-54_2_w,55-64_2_m,55-64_2_w,65-74_2_m,65-74_2_w,75-84_2_m,75-84_2_w,>84_2_m,>84_2_w,bp_1,bp_2,mo_1,mo_2,az_1,az_2,ja,unb_1,unb_2
2021-10-16T23:59:59+02:00,2038,1825,15018,14265,17984,16787,21127,21397,27720,28787,34293,35148,25925,28766,17609,22500,5361,10158,13579,12845,16763,15468,19967,19965,26266,27062,32799,33579,25167,27915,17117,21795,5172,9657,250246,235612,32435,30409,46594,44878,17364,96,42
2021-10-15T23:59:59+02:00,2033,1810,14990,14233,17965,16765,21102,21383,27705,28777,34279,35142,25925,28763,17608,22496,5361,10155,13511,12793,16732,15434,19929,19940,26244,27040,32789,33563,25164,27912,17112,21792,5171,9656,250081,235303,32412,30374,46594,44878,17336,96,42
2021-10-14T23:59:59+02:00,2006,1793,14899,14167,17905,16713,21065,21351,27669,28747,34250,35120,25916,28755,17603,22485,5360,10149,13413,12697,16666,15373,19883,19871,26186,26990,32749,33527,25146,27889,17098,21773,5169,9653,249676,234777,32356,30224,46594,44878,17258,96,42
2021-10-13T23:59:59+02:00,1991,1784,14867,14122,17882,16685,21049,21332,27646,28731,34230,35107,25909,28742,17594,22473,5357,10145,13369,12657,16639,15339,19847,19827,26159,26966,32721,33486,25126,27869,17088,21748,5164,9646,249386,234337,32354,30220,46594,44878,17243,96,42
2021-10-12T23:59:59+02:00,1982,1779,14838,14089,17863,16658,21022,21310,27629,28709,34209,35090,25903,28735,17587,22466,5355,10142,13328,12611,16615,15296,19813,19792,26134,26939,32693,33464,25109,27846,17077,21726,5154,9615,249117,233886,32352,30218,46593,44878,17235,96,42
2021-10-11T23:59:59+02:00,1975,1771,14816,14076,17849,16641,21008,21298,27617,28700,34199,35076,25899,28728,17583,22461,5355,10137,13293,12581,16599,15268,19794,19768,26117,26911,32667,33436,25091,27825,17070,21714,5153,9606,248956,233568,32352,30218,46592,44878,17220,96,42
2021-10-10T23:59:59+02:00,1963,1758,14798,14058,17832,16626,20999,21284,27611,28697,34188,35069,25899,28724,17582,22458,5352,10137,13266,12558,16572,15240,19774,19748,26101,26894,32654,33421,25083,27815,17065,21711,5152,9603,248816,233320,32352,30218,46592,44874,17206,96,42
2021-10-09T23:59:59+02:00,1963,1758,14798,14058,17831,16625,20998,21284,27611,28697,34187,35068,25899,28722,17582,22458,5352,10137,13266,12558,16571,15240,19773,19748,26101,26893,32653,33419,25083,27813,17065,21711,5152,9603,248815,233319,32352,30217,46592,44874,17200,96,42
2021-10-08T23:59:59+02:00,1946,1743,14761,14036,17803,16601,20975,21268,27592,28683,34173,35054,25894,28721,17582,22456,5351,10135,13189,12470,16517,15189,19720,19708,26072,26861,32632,33398,25072,27802,17060,21706,5150,9602,248621,232815,32334,30200,46592,44874,17158,96,42
2021-10-07T23:59:59+02:00,1924,1723,14691,13963,17737,16548,20931,21207,27545,28654,34123,35024,25870,28699,17574,22445,5350,10131,13092,12396,16455,15118,19672,19660,26000,26810,32584,33354,25047,27780,17042,21687,5142,9584,248165,232297,32275,30040,46591,44873,17039,96,42
2021-10-06T23:59:59+02:00,1915,1706,14655,13930,17714,16520,20913,21183,27515,28623,34089,35003,25856,28687,17569,22440,5347,10128,13065,12355,16430,15090,19647,19636,25972,26784,32561,33324,25035,27767,17032,21675,5140,9578,247865,231983,32275,30040,46591,44873,16991,96,42
2021-10-05T23:59:59+02:00,1908,1694,14631,13895,17682,16505,20893,21161,27495,28597,34069,34976,25839,28671,17560,22430,5347,10125,13032,12323,16404,15072,19626,19612,25951,26757,32539,33306,25029,27758,17025,21668,5136,9573,247574,231695,32274,30040,46590,44872,16969,96,42
2021-10-04T23:59:59+02:00,1896,1689,14586,13858,17651,16477,20874,21140,27471,28572,34053,34956,25832,28654,17557,22425,5346,10121,12998,12286,16384,15041,19613,19587,25927,26729,32522,33278,25018,27748,17019,21661,5134,9569,247320,231406,32250,30037,46589,44871,16927,96,42
2021-10-03T23:59:59+02:00,1884,1683,14566,13830,17634,16461,20863,21131,27463,28561,34043,34947,25823,28649,17550,22418,5345,10119,12976,12268,16360,15024,19603,19577,25917,26716,32511,33265,25007,27737,17019,21653,5134,9569,247186,231255,32241,30033,46586,44870,16884,96,42
2021-10-02T23:59:59+02:00,1883,1683,14564,13829,17633,16460,20863,21130,27463,28561,34042,34947,25823,28648,17550,22418,5345,10119,12976,12267,16360,15024,19603,19577,25917,26716,32511,33265,25007,27737,17019,21653,5134,9569,247177,231254,32241,30033,46586,44870,16884,96,42
2021-10-01T23:59:59+02:00,1870,1664,14503,13769,17572,16410,20821,21089,27432,28543,34017,34929,25815,28645,17550,22413,5345,10116,12874,12163,16280,14966,19544,19529,25881,26681,32480,33237,24992,27722,17015,21645,5133,9567,246867,230682,32209,30023,46586,44870,16768,96,42
2021-09-30T23:59:59+02:00,1857,1644,14401,13686,17506,16353,20760,21036,27375,28485,33959,34902,25793,28629,17541,22403,5343,10113,12763,12088,16204,14918,19495,19476,25826,26623,32425,33209,24971,27699,17009,21633,5130,9566,246504,230371,32081,29843,46583,44862,16545,96,42
2021-09-29T23:59:59+02:00,1843,1624,14377,13663,17483,16312,20723,21007,27348,28453,33933,34880,25773,28613,17535,22393,5343,10112,12731,12055,16183,14890,19482,19457,25811,26605,32407,33186,24956,27686,16999,21620,5127,9562,246162,230092,32081,29843,46583,44861,16516,96,42
2021-09-28T23:59:59+02:00,1827,1615,14349,13631,17454,16278,20696,20973,27316,28430,33906,34855,25759,28593,17525,22383,5340,10106,12692,12022,16161,14862,19467,19431,25791,26594,32394,33165,24950,27675,16996,21614,5125,9561,245811,229831,32080,29843,46583,44860,16489,96,42
2021-09-27T23:59:59+02:00,1819,1611,14322,13606,17435,16256,20671,20950,27294,28411,33887,34835,25751,28580,17523,22375,5340,10103,12654,11988,16140,14840,19441,19415,25771,26572,32385,33145,24942,27662,16990,21607,5123,9560,245596,229599,32080,29843,46583,44854,16437,96,42
2021-09-26T23:59:59+02:00,1815,1606,14307,13588,17415,16239,20660,20935,27280,28397,33879,34822,25740,28575,17519,22374,5339,10102,12638,11968,16125,14823,19428,19403,25762,26561,32374,33134,24936,27660,16987,21603,5122,9559,245450,229468,32080,29842,46583,44854,16406,96,42
2021-09-25T23:59:59+02:00,1812,1604,14294,13572,17397,16229,20639,20926,27261,28382,33866,34814,25734,28570,17514,22371,5338,10100,12627,11954,16109,14814,19408,19393,25747,26545,32362,33126,24931,27655,16982,21600,5122,9557,245408,229441,32080,29842,46583,44854,16278,96,42
2021-09-24T23:59:59+02:00,1794,1580,14213,13493,17329,16177,20584,20876,27222,28339,33828,34783,25716,28559,17504,22361,5336,10096,12529,11853,16026,14748,19354,19332,25700,26510,32316,33096,24908,27634,16973,21588,5120,9553,245015,228926,32061,29838,46583,44854,16057,96,42
2021-09-23T23:59:59+02:00,1773,1560,14109,13394,17238,16091,20492,20800,27141,28282,33780,34723,25689,28536,17492,22342,5332,10089,12439,11778,15957,14682,19280,19284,25642,26453,32270,33060,24888,27615,16967,21577,5117,9548,244527,228598,31961,29800,46583,44854,15718,96,42
2021-09-22T23:59:59+02:00,1754,1548,14072,13344,17188,16049,20441,20753,27103,28235,33730,34672,25659,28510,17484,22320,5328,10085,12397,11732,15911,14649,19250,19255,25613,26425,32221,33026,24860,27590,16961,21563,5113,9539,244110,228278,31936,29791,46583,44852,15571,96,42
2021-09-21T23:59:59+02:00,1741,1533,14010,13291,17166,16000,20408,20714,27074,28195,33696,34651,25646,28493,17472,22296,5320,10058,12349,11672,15882,14621,19217,19216,25586,26397,32196,32999,24839,27573,16958,21554,5111,9528,243625,227896,31932,29742,46583,44850,15549,96,42
2021-09-20T23:59:59+02:00,1731,1526,13958,13253,17129,15960,20367,20682,27032,28158,33661,34617,25626,28466,17464,22279,5309,10032,12295,11636,15849,14599,19188,19191,25558,26374,32174,32975,24826,27560,16955,21546,5106,9514,243191,227600,31931,29742,46583,44850,15470,96,42
2021-09-19T23:59:59+02:00,1726,1517,13934,13228,17098,15938,20340,20663,27011,28130,33648,34604,25618,28457,17461,22276,5308,10030,12270,11616,15827,14579,19174,19172,25545,26363,32164,32965,24820,27555,16949,21540,5105,9514,242963,227434,31930,29741,46583,44848,15436,96,42
2021-09-18T23:59:59+02:00,1724,1513,13922,13216,17087,15931,20330,20656,27004,28126,33642,34600,25618,28457,17461,22275,5308,10030,12263,11608,15817,14574,19164,19169,25538,26359,32159,32963,24820,27555,16949,21540,5105,9514,242927,227415,31917,29736,46583,44848,15398,96,42
2021-09-17T23:59:59+02:00,1701,1479,13819,13102,16979,15856,20249,20585,26934,28066,33589,34556,25595,28434,17449,22264,5307,10027,12176,11529,15716,14497,19076,19097,25469,26292,32097,32920,24801,27535,16939,21522,5104,9510,242462,226974,31870,29724,46583,44847,15001,96,42
2021-09-16T23:59:59+02:00,1674,1443,13720,12992,16891,15761,20158,20495,26833,27979,33514,34490,25563,28401,17435,22240,5300,10006,12087,11449,15646,14434,18995,19018,25380,26210,32036,32865,24759,27497,16929,21509,5101,9499,241850,226508,31773,29664,46583,44845,14614,96,42
2021-09-15T23:59:59+02:00,1656,1434,13660,12940,16839,15699,20112,20444,26777,27928,33462,34434,25537,28369,17420,22212,5293,9983,12026,11387,15592,14383,18944,18967,25319,26161,31978,32809,24726,27464,16913,21490,5097,9488,241432,226072,31752,29649,46579,44843,14361,96,42
2021-09-14T23:59:59+02:00,1640,1423,13596,12872,16766,15648,20052,20396,26727,27872,33412,34384,25516,28350,17407,22201,5289,9978,11963,11324,15519,14323,18891,18922,25271,26107,31921,32756,24695,27441,16899,21474,5097,9483,241034,225678,31700,29555,46579,44843,14141,96,42
2021-09-13T23:59:59+02:00,1618,1407,13558,12835,16738,15620,20033,20371,26705,27847,33392,34360,25506,28343,17402,22190,5289,9975,11920,11290,15486,14300,18868,18892,25246,26079,31894,32733,24685,27431,16886,21465,5094,9482,240751,225367,31699,29553,46574,44841,14089,96,42
2021-09-12T23:59:59+02:00,1607,1404,13526,12812,16696,15604,20019,20360,26694,27829,33386,34348,25500,28336,17401,22186,5289,9972,11877,11270,15440,14282,18844,18871,25230,26066,31880,32719,24677,27422,16883,21461,5093,9479,240592,225152,31699,29553,46572,44840,14030,96,42
2021-09-11T23:59:59+02:00,1596,1403,13510,12800,16682,15595,20009,20357,26682,27823,33382,34344,25496,28335,17400,22185,5287,9972,11810,11219,15424,14274,18836,18860,25217,26055,31872,32706,24675,27420,16882,21460,5093,9479,240526,224828,31679,29551,46572,44840,14003,96,42
2021-09-10T23:59:59+02:00,1557,1357,13361,12672,16610,15517,19902,20272,26599,27759,33320,34289,25456,28304,17384,22162,5281,9967,11689,11113,15338,14191,18727,18776,25123,25998,31798,32648,24633,27389,16865,21440,5088,9474,239927,224269,31661,29540,46572,44840,13529,96,42
2021-09-09T23:59:59+02:00,1535,1336,13290,12606,16556,15465,19848,20235,26547,27692,33278,34249,25428,28286,17379,22149,5277,9960,11626,11040,15287,14139,18672,18745,25067,25958,31752,32614,24611,27374,16852,21430,5085,9463,239557,223897,31585,29501,46572,44840,13321,96,42
2021-09-08T23:59:59+02:00,1520,1319,13261,12582,16540,15441,19828,20222,26531,27680,33265,34238,25416,28278,17373,22143,5274,9957,11581,10996,15261,14121,18660,18728,25049,25933,31731,32603,24597,27359,16850,21424,5085,9461,239337,223618,31585,29501,46568,44839,13297,96,42
2021-09-07T23:59:59+02:00,1487,1301,13203,12535,16500,15409,19805,20193,26494,27659,33231,34208,25392,28260,17367,22127,5269,9951,11523,10931,15207,14068,18623,18695,25002,25888,31679,32576,24569,27336,16842,21407,5080,9459,239104,223311,31500,29386,46568,44839,13138,96,42
2021-09-06T23:59:59+02:00,1472,1292,13174,12500,16477,15385,19786,20172,26477,27644,33220,34199,25389,28247,17364,22123,5266,9951,11502,10899,15188,14035,18601,18679,24986,25868,31657,32561,24558,27323,16841,21399,5077,9459,238884,223083,31500,29375,46568,44838,13105,96,42
2021-09-05T23:59:59+02:00,1462,1284,13158,12481,16460,15369,19775,20165,26471,27635,33210,34187,25387,28244,17362,22119,5266,9951,11483,10883,15162,14019,18590,18670,24979,25862,31648,32541,24555,27312,16838,21394,5075,9458,238758,222934,31500,29375,46568,44837,13079,96,42
2021-09-04T23:59:59+02:00,1462,1284,13157,12480,16460,15369,19773,20165,26470,27635,33210,34187,25387,28244,17362,22118,5266,9951,11483,10881,15160,14019,18585,18670,24978,25860,31648,32539,24554,27312,16838,21394,5075,9458,238756,222923,31500,29374,46568,44837,13075,96,42
2021-09-03T23:59:59+02:00,1435,1268,13054,12383,16403,15317,19735,20126,26428,27608,33173,34170,25369,28233,17358,22107,5264,9950,11342,10753,15094,13943,18514,18623,24907,25809,31588,32503,24521,27284,16825,21378,5072,9454,238256,222104,31500,29370,46568,44837,12976,96,42
2021-09-02T23:59:59+02:00,1420,1261,12990,12341,16360,15284,19701,20100,26394,27574,33148,34149,25354,28221,17353,22102,5264,9946,11266,10713,15046,13908,18476,18603,24874,25787,31550,32473,24502,27263,16819,21373,5072,9452,238034,221839,31436,29329,46564,44828,12847,96,42
2021-09-01T23:59:59+02:00,1397,1246,12954,12303,16339,15264,19682,20086,26376,27554,33127,34124,25344,28210,17347,22092,5261,9942,11225,10678,15026,13880,18456,18583,24853,25764,31525,32441,24488,27249,16811,21367,5070,9450,237736,221509,31436,29327,46563,44827,12832,96,42
2021-08-31T23:59:59+02:00,1366,1224,12899,12243,16294,15228,19649,20042,26331,27505,33088,34090,25328,28189,17341,22079,5257,9938,11153,10609,14978,13819,18404,18551,24803,25710,31467,32398,24457,27233,16803,21354,5067,9443,237430,221081,31373,29298,46563,44808,12644,96,42
2021-08-30T23:59:59+02:00,1342,1209,12858,12205,16269,15206,19629,20025,26308,27488,33066,34073,25317,28179,17341,22075,5255,9936,11075,10577,14951,13798,18382,18528,24775,25694,31440,32371,24446,27218,16797,21347,5064,9440,237179,220788,31373,29297,46563,44797,12584,96,42
2021-08-29T23:59:59+02:00,1336,1203,12844,12189,16258,15197,19620,20015,26305,27479,33059,34059,25312,28173,17339,22074,5255,9936,11057,10540,14941,13781,18366,18514,24763,25685,31432,32359,24437,27206,16795,21342,5064,9440,237075,220614,31373,29297,46563,44793,12560,96,42
2021-08-28T23:59:59+02:00,1329,1189,12812,12167,16243,15185,19609,20001,26298,27469,33050,34053,25310,28168,17338,22071,5255,9935,10981,10468,14907,13748,18319,18487,24727,25652,31389,32328,24420,27193,16786,21326,5064,9437,236912,220088,31373,29297,46563,44793,12552,96,42
2021-08-27T23:59:59+02:00,1310,1174,12749,12111,16197,15137,19550,19951,26243,27420,33007,34023,25292,28157,17334,22057,5255,9932,10944,10434,14867,13722,18303,18471,24692,25628,31361,32307,24407,27182,16783,21322,5064,9436,236487,219931,31373,29296,46563,44792,12394,96,42
2021-08-26T23:59:59+02:00,1290,1158,12680,12054,16151,15094,19505,19911,26189,27362,32956,33978,25262,28128,17327,22047,5252,9929,10874,10384,14820,13681,18257,18442,24647,25590,31315,32268,24385,27165,16775,21313,5064,9432,236119,219616,31314,29282,46563,44785,12194,96,42
2021-08-25T23:59:59+02:00,1273,1143,12657,12012,16131,15068,19483,19896,26162,27346,32921,33949,25244,28110,17320,22040,5251,9926,10825,10341,14789,13652,18224,18411,24625,25571,31282,32230,24372,27148,16768,21303,5062,9429,235809,219240,31314,29282,46557,44781,12167,96,42
2021-08-24T23:59:59+02:00,1246,1125,12597,11941,16074,15024,19438,19855,26115,27301,32876,33916,25224,28086,17308,22028,5250,9921,10746,10267,14745,13611,18178,18375,24574,25520,31240,32193,24348,27121,16753,21287,5061,9428,235498,218825,31189,29242,46557,44781,11995,96,42
2021-08-23T23:59:59+02:00,1233,1112,12558,11905,16049,15005,19417,19820,26094,27265,32846,33893,25210,28073,17304,22019,5250,9918,10691,10213,14715,13573,18140,18341,24547,25490,31205,32160,24335,27101,16746,21284,5059,9427,235196,218420,31188,29242,46556,44778,11944,96,42
2021-08-22T23:59:59+02:00,1225,1105,12543,11883,16034,14989,19410,19801,26082,27254,32835,33877,25199,28067,17302,22017,5247,9918,10662,10184,14694,13558,18120,18330,24534,25473,31190,32147,24327,27090,16744,21279,5058,9426,235031,218204,31188,29242,46556,44777,11926,96,42
2021-08-21T23:59:59+02:00,1137,1033,12468,11825,16022,14977,19400,19789,26072,27243,32825,33861,25194,28063,17299,22014,5247,9918,10638,10154,14677,13554,18112,18318,24525,25467,31183,32141,24324,27090,16743,21279,5058,9426,234657,218081,31182,29242,46556,44777,11905,96,42
2021-08-20T23:59:59+02:00,1117,1017,12407,11756,15963,14923,19338,19751,26018,27210,32775,33834,25179,28052,17290,22009,5246,9916,10583,10116,14635,13518,18072,18292,24490,25448,31153,32124,24315,27083,16737,21276,5058,9425,234159,217795,31182,29242,46556,44777,11817,96,42
2021-08-19T23:59:59+02:00,1091,993,12339,11700,15904,14891,19288,19700,25956,27160,32732,33799,25147,28029,17278,21998,5243,9914,10489,10040,14567,13479,18016,18254,24421,25405,31086,32079,24273,27064,16728,21259,5057,9422,233866,217358,31089,29233,46556,44769,11564,96,42
2021-08-18T23:59:59+02:00,1079,977,12298,11664,15875,14860,19261,19670,25926,27129,32695,33773,25128,28017,17273,21989,5241,9913,10434,9972,14520,13453,17966,18225,24375,25367,31027,32041,24251,27047,16722,21246,5053,9416,233547,216900,31089,29226,46555,44759,11490,96,42
2021-08-17T23:59:59+02:00,1052,952,12247,11622,15846,14818,19230,19638,25898,27106,32659,33735,25109,27997,17263,21972,5240,9908,10340,9890,14467,13405,17913,18171,24325,25326,30967,31997,24224,27023,16711,21226,5051,9409,233245,216301,30962,29167,46555,44756,11442,96,42
2021-08-16T23:59:59+02:00,1040,945,12215,11595,15829,14800,19212,19619,25875,27082,32640,33713,25089,27982,17255,21957,5237,9906,10285,9822,14442,13361,17889,18134,24281,25291,30930,31966,24197,26989,16696,21212,5051,9406,233016,215858,30962,29167,46555,44750,11370,96,42
2021-08-15T23:59:59+02:00,1032,945,12190,11579,15815,14783,19198,19604,25865,27073,32619,33698,25083,27973,17251,21946,5236,9906,10240,9787,14404,13338,17867,18112,24257,25277,30909,31940,24180,26981,16691,21204,5050,9404,232857,215572,30961,29167,46554,44745,11336,96,42
2021-08-14T23:59:59+02:00,1031,945,12189,11575,15815,14782,19195,19602,25864,27073,32619,33697,25083,27973,17251,21946,5236,9906,10074,9567,14298,13247,17792,18065,24208,25245,30869,31907,24165,26968,16688,21201,5048,9403,232848,214566,30961,29166,46554,44744,11331,96,42
2021-08-13T23:59:59+02:00,986,905,12036,11448,15761,14722,19129,19545,25793,27021,32567,33661,25058,27944,17240,21936,5235,9902,10021,9513,14258,13218,17753,18040,24176,25225,30845,31886,24154,26955,16682,21192,5048,9399,232011,214229,30960,29166,46554,44741,11278,94,42
2021-08-12T23:59:59+02:00,972,883,11979,11387,15712,14682,19093,19519,25748,26998,32521,33632,25033,27928,17231,21930,5235,9899,9930,9447,14184,13177,17692,17990,24110,25190,30791,31837,24126,26930,16666,21174,5046,9399,231780,213809,30936,29160,46554,44726,11025,94,42
2021-08-11T23:59:59+02:00,958,872,11944,11354,15693,14659,19060,19501,25726,26979,32496,33603,25014,27905,17227,21922,5234,9897,9857,9385,14132,13137,17645,17946,24069,25168,30751,31789,24096,26898,16650,21161,5045,9393,231486,213240,30935,29156,46553,44698,10983,94,42
2021-08-10T23:59:59+02:00,939,862,11856,11302,15641,14628,19016,19464,25671,26944,32439,33549,24997,27890,17220,21909,5233,9894,9762,9299,14079,13102,17613,17912,24021,25129,30698,31742,24063,26864,16643,21141,5041,9388,231104,212718,30803,29121,46551,44684,10909,94,42
2021-08-09T23:59:59+02:00,937,845,11828,11267,15625,14612,18994,19451,25639,26922,32410,33518,24989,27881,17214,21901,5233,9891,9708,9239,14038,13052,17576,17871,23990,25085,30663,31702,24049,26847,16638,21128,5039,9382,230865,212266,30803,29118,46550,44677,10852,94,42
2021-08-08T23:59:59+02:00,927,838,11792,11244,15604,14598,18974,19430,25614,26902,32388,33501,24981,27865,17207,21897,5232,9891,9633,9183,13989,13024,17549,17841,23957,25050,30631,31671,24036,26828,16630,21114,5038,9379,230674,211865,30803,29117,46550,44676,10770,94,42
2021-08-07T23:59:59+02:00,907,811,11695,11166,15561,14556,18932,19396,25575,26872,32342,33469,24964,27853,17198,21879,5231,9888,9009,8588,13545,12668,17337,17656,23806,24939,30479,31594,23977,26777,16609,21087,5033,9376,230085,208652,30803,29116,46550,44676,10769,94,42
2021-08-06T23:59:59+02:00,898,808,11665,11141,15545,14543,18922,19390,25560,26856,32333,33462,24960,27849,17193,21877,5231,9887,8426,7961,13030,12272,17109,17450,23661,24827,30385,31515,23946,26730,16597,21073,5030,9369,230035,205478,30681,29103,46550,44676,10766,94,42
2021-08-05T23:59:59+02:00,895,801,11625,11110,15503,14514,18881,19358,25514,26821,32285,33415,24919,27827,17191,21866,5231,9881,8371,7897,12981,12220,17059,17408,23597,24787,30309,31460,23899,26688,16583,21055,5028,9360,229807,205054,30680,29098,46549,44667,10511,94,42
2021-08-04T23:59:59+02:00,878,785,11595,11080,15484,14482,18848,19332,25487,26792,32240,33375,24904,27814,17186,21860,5229,9873,8281,7810,12924,12172,17007,17364,23540,24743,30249,31388,23862,26649,16573,21042,5026,9354,229541,204463,30678,29097,46547,44632,10388,94,42
2021-08-03T23:59:59+02:00,862,768,11548,11040,15461,14460,18817,19312,25461,26763,32205,33340,24884,27795,17177,21855,5225,9872,8198,7722,12854,12122,16939,17311,23480,24706,30206,31338,23826,26615,16558,21031,5023,9350,229206,203802,30677,29087,46546,44624,10326,94,42
2021-08-02T23:59:59+02:00,853,765,11513,11009,15439,14428,18790,19292,25432,26738,32173,33312,24870,27775,17169,21846,5224,9870,8102,7629,12774,12062,16879,17247,23423,24634,30156,31280,23808,26592,16537,21021,5021,9345,228926,203093,30677,29086,46546,44616,10258,94,42
2021-08-01T23:59:59+02:00,845,758,11486,10980,15428,14415,18775,19281,25413,26726,32156,33297,24866,27766,17168,21843,5222,9869,8034,7562,12713,12015,16835,17200,23387,24602,30129,31255,23792,26573,16533,21015,5019,9344,228782,202636,30672,29085,46546,44597,10203,94,42
2021-07-31T23:59:59+02:00,842,757,11483,10974,15426,14412,18771,19277,25412,26725,32153,33296,24866,27765,17168,21843,5222,9869,7881,7375,11941,11344,16279,16760,23292,24523,30064,31184,23763,26537,16521,20996,5018,9342,228752,199410,30671,29085,46546,44595,10201,94,42
2021-07-30T23:59:59+02:00,841,756,11470,10965,15423,14409,18764,19271,25405,26720,32143,33291,24865,27763,17168,21840,5222,9869,7600,7132,11399,10896,15799,16331,23155,24416,29955,31071,23726,26492,16504,20974,5018,9337,228684,196327,30670,29084,46544,44582,10196,94,42
2021-07-29T23:59:59+02:00,829,747,11430,10918,15385,14388,18724,19245,25368,26684,32090,33262,24847,27743,17157,21822,5222,9866,7226,6823,10734,10378,15281,15915,22978,24270,29807,30960,23671,26440,16475,20949,5014,9334,228362,192854,30669,29074,46544,44496,10061,94,42
2021-07-28T23:59:59+02:00,810,734,11383,10864,15361,14359,18693,19217,25342,26656,32063,33236,24831,27725,17152,21810,5221,9862,7059,6666,10589,10256,15169,15780,22885,24174,29705,30862,23628,26382,16457,20920,5013,9324,228032,191604,30669,29072,46539,44387,9988,94,42
2021-07-27T23:59:59+02:00,801,725,11338,10824,15318,14319,18652,19191,25313,26630,32027,33214,24815,27700,17145,21798,5220,9854,6837,6451,10428,10141,15025,15648,22781,24065,29597,30749,23576,26318,16441,20893,5010,9312,227711,190451,30669,28744,46538,44351,9875,94,42
2021-07-26T23:59:59+02:00,791,712,11288,10775,15292,14298,18635,19163,25285,26600,31995,33188,24800,27678,17133,21786,5219,9851,6720,6375,10331,10067,14958,15568,22699,24005,29532,30675,23543,26275,16429,20876,5006,9306,227413,189667,30667,28741,46537,44309,9780,94,42
2021-07-25T23:59:59+02:00,780,702,11260,10747,15270,14273,18615,19139,25258,26575,31974,33170,24783,27667,17129,21777,5218,9849,6644,6294,10262,10004,14885,15508,22645,23951,29476,30637,23512,26254,16417,20862,5006,9302,227215,189079,30667,28737,46536,44279,9676,94,42
2021-07-24T23:59:59+02:00,756,680,11183,10664,15231,14245,18591,19118,25238,26559,31962,33157,24783,27663,17126,21775,5218,9849,6246,5940,10114,9889,14509,15226,22422,23793,29358,30553,23476,26216,16400,20845,5003,9298,226835,186720,30667,28734,46536,44277,9668,94,42
2021-07-23T23:59:59+02:00,730,658,11115,10578,15201,14211,18563,19103,25217,26538,31947,33140,24772,27658,17124,21775,5218,9846,5876,5630,9992,9782,14162,14961,22226,23617,29238,30435,23424,26148,16389,20824,4999,9291,226446,184446,30667,28734,46536,44265,9653,94,42
2021-07-22T23:59:59+02:00,689,618,10960,10415,15104,14122,18475,19054,25137,26484,31874,33076,24736,27617,17109,21757,5214,9841,5558,5332,9723,9566,13579,14484,21906,23358,29006,30207,23323,26050,16346,20786,4995,9288,225492,181123,30666,28722,46535,44246,9497,94,42
2021-07-21T23:59:59+02:00,669,593,10895,10360,15067,14094,18435,19016,25097,26454,31835,33026,24711,27583,17093,21745,5211,9836,4942,4865,9281,9311,13195,14254,21674,23203,28820,30058,23258,25974,16321,20763,4993,9285,225061,179349,30655,27454,46532,44079,9380,94,42
2021-07-20T23:59:59+02:00,651,576,10838,10305,15041,14058,18400,18989,25066,26422,31799,32992,24691,27562,17088,21730,5208,9829,4802,4751,9131,9180,13028,14119,21561,23082,28689,29933,23178,25871,16299,20722,4986,9279,224683,178004,30655,27442,46530,43930,9285,94,42
2021-07-19T23:59:59+02:00,638,563,10800,10274,15009,14034,18376,18980,25037,26396,31766,32963,24674,27539,17082,21719,5206,9826,4722,4682,9033,9102,12910,14022,21463,22974,28590,29813,23122,25814,16274,20693,4981,9273,224434,177064,30655,27433,46521,43832,9180,94,42
2021-07-18T23:59:59+02:00,623,554,10747,10223,14974,14014,18351,18962,25017,26380,31743,32944,24664,27528,17076,21710,5205,9821,4614,4580,8899,8981,12783,13882,21377,22883,28517,29734,23093,25784,16265,20680,4978,9272,224159,176053,30655,27419,46521,43778,9109,94,42
2021-07-17T23:59:59+02:00,548,483,10457,9925,14862,13912,18260,18884,24911,26306,31635,32893,24629,27494,17063,21690,5203,9820,4566,4539,8844,8909,12547,13685,20952,22539,28387,29602,23056,25731,16256,20665,4977,9269,222601,174256,30655,27419,46519,43776,9108,94,42
2021-07-16T23:59:59+02:00,519,446,10322,9803,14802,13871,18207,18832,24875,26273,31615,32868,24620,27479,17060,21683,5203,9817,4519,4497,8768,8868,12175,13407,20407,22139,28254,29508,23007,25694,16247,20660,4975,9267,221932,172144,30655,27416,46518,43769,9098,94,42
2021-07-15T23:59:59+02:00,487,409,10184,9697,14734,13823,18151,18763,24820,26225,31565,32815,24595,27442,17042,21668,5196,9813,4307,4358,8439,8660,11659,13005,19299,21292,27837,29163,22837,25524,16182,20587,4965,9251,221201,167441,30653,27402,46517,43568,8966,94,42
2021-07-14T23:59:59+02:00,466,395,10155,9671,14697,13802,18121,18729,24783,26184,31514,32762,24565,27414,17031,21651,5195,9811,4183,4206,8182,8487,11429,12860,19120,21181,27690,29036,22772,25446,16148,20549,4960,9242,220832,165870,30653,27383,46516,43391,8853,94,42
2021-07-13T23:59:59+02:00,442,381,10105,9619,14667,13773,18094,18696,24746,26163,31479,32720,24549,27383,17020,21639,5194,9808,4086,4110,8007,8329,11228,12669,18984,21042,27536,28874,22675,25361,16113,20496,4956,9231,220421,164409,30653,27362,46515,43133,8797,94,42
2021-07-12T23:59:59+02:00,430,359,10059,9568,14640,13755,18064,18667,24709,26121,31445,32676,24525,27360,17005,21634,5191,9805,3980,4009,7836,8207,11069,12532,18868,20921,27413,28754,22601,25299,16086,20470,4955,9226,220049,163239,30652,27341,46514,42941,8705,94,42
2021-07-11T23:59:59+02:00,422,341,10028,9538,14618,13735,18047,18657,24687,26112,31424,32658,24513,27350,17003,21632,5191,9803,3910,3938,7718,8110,10921,12404,18742,20819,27312,28640,22557,25251,16065,20445,4953,9223,219852,162276,30649,27336,46513,42739,8652,94,42
2021-07-10T23:59:59+02:00,396,318,9915,9433,14564,13696,17997,18634,24663,26092,31405,32642,24505,27341,16999,21628,5189,9801,3875,3913,7659,8069,10886,12375,18713,20794,27283,28618,22549,25236,16061,20440,4953,9223,219324,161972,30648,27335,46510,42691,8643,94,42
2021-07-09T23:59:59+02:00,336,271,9656,9223,14463,13616,17919,18563,24577,26039,31356,32581,24482,27310,16985,21610,5189,9795,3808,3873,7522,7978,10668,12226,18488,20655,26867,28298,22364,25042,16006,20379,4950,9216,218103,159821,30648,27331,46509,42562,8618,94,42
2021-07-08T23:59:59+02:00,257,204,9462,9078,14360,13539,17824,18489,24518,25988,31273,32522,24453,27279,16972,21592,5185,9790,3652,3749,7211,7789,10315,11997,18141,20373,26563,28040,22190,24884,15938,20303,4943,9200,216992,157444,30645,27283,46496,41989,8559,94,42
2021-07-07T23:59:59+02:00,218,176,9373,8972,14319,13507,17787,18448,24464,25950,31231,32481,24428,27249,16960,21574,5185,9782,3470,3621,6890,7566,9374,11265,17555,19946,26161,27728,21953,24577,15861,20206,4929,9186,216352,154827,30642,25531,46494,41388,8523,94,42
2021-07-06T23:59:59+02:00,196,164,9293,8915,14268,13477,17751,18406,24422,25911,31170,32434,24392,27221,16945,21557,5183,9780,3353,3549,6685,7442,9104,11101,17309,19764,25884,27471,21796,24374,15780,20102,4916,9171,215786,152889,30627,25520,46491,40884,8488,94,42
2021-07-05T23:59:59+02:00,184,149,9207,8834,14227,13433,17716,18356,24386,25881,31125,32384,24368,27199,16936,21543,5182,9778,3302,3516,6557,7364,8955,10980,17163,19624,25713,27316,21653,24206,15730,20049,4905,9161,215238,151826,30627,25511,46489,40395,8441,94,42
2021-07-04T23:59:59+02:00,169,142,9156,8784,14194,13420,17690,18338,24360,25860,31104,32358,24353,27185,16930,21535,5181,9775,3252,3472,6492,7324,8867,10908,17076,19538,25584,27205,21528,24077,15688,19997,4903,9154,214963,151163,30626,25502,46474,39998,8378,94,42
2021-07-03T23:59:59+02:00,166,139,8650,8293,14035,13300,17590,18221,24265,25802,31040,32310,24332,27163,16918,21525,5179,9772,3192,3392,6372,7204,8693,10765,16859,19354,25195,26894,21413,23939,15658,19957,4899,9148,213148,149105,30625,25502,46474,39942,8360,94,42
2021-07-02T23:59:59+02:00,159,135,8082,7828,13889,13192,17498,18144,24195,25733,30980,32248,24294,27121,16912,21505,5177,9767,3081,3285,6100,7049,8436,10525,16489,19025,24718,26469,21186,23666,15589,19875,4893,9145,211313,146030,30625,25500,46471,39618,8357,94,42
2021-07-01T23:59:59+02:00,146,125,7954,7722,13806,13133,17428,18092,24127,25681,30927,32195,24266,27096,16902,21493,5176,9766,2892,3099,5751,6765,7998,10105,15898,18548,23946,25804,20695,23193,15462,19713,4881,9120,210524,141433,30620,25487,46465,38589,8333,94,42
2021-06-30T23:59:59+02:00,129,112,7808,7603,13741,13083,17376,18039,24075,25627,30867,32149,24235,27074,16888,21475,5176,9761,2795,3023,5595,6622,7770,9883,14939,17677,23331,25253,20336,22799,15329,19552,4867,9086,209957,139892,30446,23212,46461,37463,8261,94,42
2021-06-29T23:59:59+02:00,114,99,7741,7507,13694,13043,17338,17994,24022,25566,30817,32089,24215,27048,16878,21459,5173,9757,2736,2978,5464,6524,7616,9749,14770,17505,23089,25017,20075,22473,15230,19451,4855,9066,209328,138766,30444,23200,46458,36368,8231,94,42
2021-06-28T23:59:59+02:00,109,93,7676,7436,13627,12982,17289,17943,23980,25521,30760,32045,24198,27020,16871,21449,5171,9755,2705,2945,5397,6472,7523,9678,14673,17423,22937,24803,19872,22228,15175,19382,4851,9052,208785,138162,30442,23190,46450,35574,8155,94,42
2021-06-27T23:59:59+02:00,95,88,7628,7373,13595,12945,17260,17910,23961,25486,30733,32017,24186,27012,16864,21443,5171,9753,2683,2931,5347,6447,7450,9632,14577,17359,22841,24716,19745,22085,15144,19331,4847,9043,208429,137649,30442,23178,46444,35202,8112,94,42
2021-06-26T23:59:59+02:00,91,85,7123,6826,13203,12645,17146,17806,23895,25428,30697,31982,24177,26995,16860,21432,5170,9752,2582,2821,5158,6257,7249,9441,14030,16904,22178,24082,19597,21943,15099,19278,4845,9035,206244,134010,30440,23178,46444,35182,8112,74,22
2021-06-25T23:59:59+02:00,90,82,6644,6338,12746,12272,16986,17687,23804,25363,30617,31942,24154,26969,16855,21422,5168,9749,2479,2668,4983,6064,6990,9143,13497,16370,21625,23495,19401,21732,15041,19211,4841,9023,203836,130305,30440,23178,46444,34968,8095,74,22
2021-06-24T23:59:59+02:00,80,70,6423,6125,12521,12120,16880,17605,23730,25310,30559,31894,24120,26927,16849,21412,5166,9742,2272,2432,4613,5686,6490,8655,12773,15656,20472,22491,18937,21250,14936,19080,4829,9008,202564,124359,30438,23168,46437,34015,8021,74,22
2021-06-23T23:59:59+02:00,75,68,5849,5625,12357,12009,16761,17493,23655,25263,30495,31844,24086,26904,16842,21398,5162,9738,2233,2379,4550,5565,6398,8504,12539,15367,20228,22230,18638,20920,14839,18966,4818,8991,202049,123332,29103,23019,46427,32825,7972,74,22
2021-06-22T23:59:59+02:00,70,63,5708,5495,12257,11903,16673,17420,23596,25201,30426,31765,24059,26871,16832,21377,5158,9736,2181,2342,4455,5483,6273,8356,11669,14706,19814,21821,18303,20565,14731,18827,4808,8970,201112,122405,29096,21325,46407,31634,7922,74,22
2021-06-21T23:59:59+02:00,67,60,5572,5381,12180,11810,16609,17333,23539,25127,30376,31707,24034,26843,16819,21362,5158,9732,2148,2306,4395,5386,6186,8228,10887,14000,19360,21411,18077,20335,14670,18731,4799,8953,200284,121603,29090,19539,46402,30852,7860,74,22
2021-06-20T23:59:59+02:00,65,58,5455,5258,12014,11632,16543,17209,23490,25061,30334,31651,24018,26821,16813,21347,5153,9727,2130,2276,4354,5346,6115,8177,10784,13921,19248,21285,17919,20144,14604,18648,4795,8946,199280,121069,29086,19536,46396,30255,7814,74,22
2021-06-19T23:59:59+02:00,61,54,5437,5238,11243,10966,16063,16815,23429,25016,30290,31609,24000,26801,16805,21335,5153,9727,2057,2155,4149,5112,5831,7895,10456,13585,18191,20426,17746,19952,14571,18583,4790,8934,196675,116826,29086,19536,46395,30240,7813,74,22
2021-06-18T23:59:59+02:00,58,53,5401,5210,10598,10381,15449,16250,23337,24947,30220,31546,23973,26771,16794,21320,5152,9725,1987,2065,4008,4969,5553,7625,10073,13220,17039,19215,17543,19714,14522,18518,4787,8924,193828,112410,29078,19535,46395,29988,7811,74,22
2021-06-17T23:59:59+02:00,51,44,5287,5107,9919,9876,14960,15861,23237,24859,30138,31452,23933,26725,16780,21299,5151,9722,1858,1959,3750,4722,5165,7259,9532,12733,15850,18024,17082,19224,14381,18344,4774,8900,191244,107280,29075,19526,46392,29068,7672,19,15
2021-06-16T23:59:59+02:00,49,36,5155,4975,9724,9713,14815,15731,23144,24766,30038,31376,23889,26680,16765,21287,5150,9712,1816,1917,3643,4633,5062,7138,8499,11880,15578,17727,16786,18887,14246,18173,4768,8867,190070,106383,29064,17645,46390,28118,7463,19,15
2021-06-15T23:59:59+02:00,43,30,4973,4793,9540,9558,14679,15587,23052,24675,29962,31291,23846,26607,16739,21254,5142,9697,1756,1862,3562,4536,4967,7021,8383,11737,15397,17497,16466,18576,14104,18004,4746,8808,188754,105610,29061,17641,46371,26896,7264,19,15
2021-06-14T23:59:59+02:00,41,27,4896,4729,9449,9449,14602,15497,22980,24603,29891,31230,23814,26568,16724,21236,5139,9691,1734,1839,3526,4511,4926,6988,8282,11673,15260,17363,16286,18372,14011,17906,4741,8800,188010,105381,29055,17639,46365,26069,7118,19,15
2021-06-13T23:59:59+02:00,40,26,4838,4680,9364,9375,14517,15430,22918,24552,29824,31177,23788,26540,16715,21226,5139,9689,1685,1825,3483,4486,4870,6945,8209,11635,15160,17268,16129,18188,13957,17832,4734,8793,187428,105097,29049,17637,46349,25460,6994,19,15
2021-06-12T23:59:59+02:00,38,24,4819,4665,9337,9352,14278,15253,22788,24422,29779,31132,23767,26523,16706,21218,5138,9687,1562,1702,3246,4276,4463,6644,7661,11205,13382,15580,15775,17815,13877,17730,4732,8778,186519,98392,29049,17637,46349,25396,6992,18,15
2021-06-11T23:59:59+02:00,34,23,4766,4613,9256,9300,13956,15031,22592,24274,29683,31041,23730,26478,16688,21206,5137,9684,1462,1567,3055,4060,4165,6278,7149,10660,11739,13685,15294,17236,13764,17582,4717,8764,185161,91451,29044,17636,46347,25156,6923,18,15
2021-06-10T23:59:59+02:00,28,20,4481,4387,8708,8970,12680,14007,22025,23822,29308,30735,23594,26319,16636,21138,5124,9669,1340,1479,2819,3878,3837,5995,6712,10268,10321,12353,14780,16660,13592,17374,4702,8737,179819,86905,29026,17633,46342,23850,6448,17,15
2021-06-09T23:59:59+02:00,25,16,4248,4224,8116,8678,11778,13346,21704,23609,29078,30583,23531,26256,16616,21113,5121,9665,1253,1425,2665,3806,3695,5914,6505,10173,10056,12173,14455,16309,13420,17194,4695,8716,177705,86565,27757,17529,46336,22456,5893,17,15
2021-06-08T23:59:59+02:00,21,13,4118,4121,7715,8450,11291,13055,21478,23429,28877,30429,23473,26182,16584,21071,5115,9656,1176,1399,2529,3748,3535,5844,5608,9424,9583,11809,14117,15900,13194,16955,4681,8694,175948,86206,27385,15375,46311,21186,5418,17,15
2021-06-07T23:59:59+02:00,16,11,3997,4045,7475,8344,11001,12876,21275,23315,28722,30311,23415,26128,16566,21046,5111,9648,1128,1282,2407,3684,3405,5781,5442,9348,9372,11681,13887,15642,13038,16786,4674,8676,174716,86016,27375,15370,46303,19944,4892,17,15
2021-06-06T23:59:59+02:00,14,11,3880,3987,7238,8225,10751,12714,21088,23227,28636,30219,23384,26094,16554,21028,5108,9643,1108,1265,2343,3649,3308,5728,5335,9273,9253,11579,13731,15488,12965,16692,4671,8669,173566,85821,27357,15364,46293,19292,4569,17,15
2021-06-05T23:59:59+02:00,14,11,3851,3950,7199,8184,10574,12561,20460,22716,28474,30075,23334,26049,16540,21009,5108,9639,1076,1166,2176,3195,3075,5188,5166,8940,8473,10622,13078,14645,12853,16545,4660,8659,171525,80426,27357,15364,46292,19156,4559,16,15
2021-06-04T23:59:59+02:00,14,11,3821,3923,7160,8158,10476,12469,20095,22386,28370,29978,23299,26011,16526,21000,5106,9638,1044,1099,2078,2883,2915,4710,5009,8569,7956,9964,11577,12926,12726,16348,4653,8641,170238,74038,27344,15363,46291,19132,4553,16,15
2021-06-03T23:59:59+02:00,9,7,3685,3821,6941,8019,9921,12045,18871,21456,27972,29668,23165,25869,16473,20938,5102,9624,993,1054,1990,2772,2778,4551,4805,8263,7590,9514,11197,12526,12617,16234,4650,8628,165481,72246,27334,15360,46287,18075,4469,16,15
2021-06-02T23:59:59+02:00,9,7,3677,3813,6928,8002,9910,12034,18682,21275,27901,29619,23142,25848,16467,20929,5099,9622,988,1047,1978,2743,2755,4532,4594,8079,7054,9025,11160,12485,12602,16220,4646,8622,165412,72139,26789,13867,46287,18051,4461,16,15
2021-06-01T23:59:59+02:00,8,6,3549,3738,6686,7854,9626,11839,18227,20930,27663,29422,23048,25746,16426,20876,5096,9610,951,1000,1892,2673,2674,4458,4315,7845,6454,8492,10945,12271,12504,16119,4641,8610,163716,71693,26010,12574,46273,17229,4336,16,15
2021-05-31T23:59:59+02:00,8,6,3503,3693,6595,7786,9490,11737,18101,20840,27571,29345,22981,25684,16409,20847,5091,9603,921,973,1823,2630,2595,4415,4207,7781,6333,8417,10758,12101,12403,16003,4631,8602,162868,71325,25980,12567,46260,16522,4167,16,15
2021-05-30T23:59:59+02:00,8,5,3472,3668,6531,7730,9399,11644,18012,20760,27495,29274,22935,25639,16387,20820,5085,9593,914,964,1812,2620,2582,4403,4178,7755,6280,8375,10696,12021,12369,15960,4626,8593,162162,71282,25974,12564,46243,16227,4063,16,15
2021-05-29T23:59:59+02:00,8,5,3461,3649,6496,7703,9355,11605,17974,20720,27347,29168,22880,25565,16372,20800,5082,9589,878,945,1755,2574,2509,4319,3988,7500,6006,8076,8490,9359,12176,15618,4611,8564,161498,65026,25974,12562,46229,15704,4063,16,15
2021-05-28T23:59:59+02:00,8,5,3398,3594,6365,7626,9215,11473,17816,20588,27164,29046,22819,25487,16352,20782,5081,9588,865,932,1736,2551,2473,4264,3836,7204,5812,7812,5777,6241,11901,15219,4595,8515,160142,58131,25972,12562,46224,14973,4054,16,15
2021-05-27T23:59:59+02:00,8,5,3253,3470,6079,7446,8613,11140,17340,20250,26751,28698,22651,25322,16294,20719,5074,9570,817,874,1651,2454,2355,4130,3414,6232,5391,7212,5615,6066,11820,15145,4589,8498,156671,57647,25913,12515,46218,12222,3866,16,15
2021-05-26T23:59:59+02:00,8,5,3146,3385,5859,7279,8243,10855,16876,19944,26451,28460,22501,25189,16243,20645,5061,9550,800,864,1598,2429,2302,4099,3341,6157,5292,7140,5479,5939,11754,15078,4584,8486,153970,57566,25895,12513,46196,11626,3624,16,15
2021-05-25T23:59:59+02:00,8,5,3055,3323,5717,7163,8047,10691,15875,19168,26097,28105,22342,25032,16191,20565,5054,9540,781,847,1561,2381,2231,4039,3265,6086,5206,7077,5312,5769,11646,14997,4576,8474,152411,57496,23976,12323,46179,11017,3399,14,15
2021-05-24T23:59:59+02:00,8,5,2992,3307,5630,7118,7931,10629,14961,18479,25682,27794,22248,24927,16160,20529,5047,9528,772,845,1540,2364,2189,4002,3220,6038,5129,6997,5210,5661,11564,14921,4575,8468,151689,57458,21905,12247,46170,10579,3198,14,15
2021-05-23T23:59:59+02:00,8,4,2989,3302,5621,7110,7922,10621,14956,18478,25681,27793,22248,24927,16160,20529,5047,9528,770,842,1532,2357,2176,3989,3201,6023,5108,6964,5165,5609,11548,14897,4574,8466,151658,57450,21905,12247,46168,10331,3180,14,15
2021-05-22T23:59:59+02:00,7,4,2952,3258,5541,7058,7822,10533,14757,18314,25398,27547,22147,24840,16127,20485,5044,9523,748,822,1482,2302,2124,3906,3089,5900,4791,6390,4593,4862,10900,14073,4564,8427,150120,54204,21905,12247,46168,9358,3151,14,15
2021-05-21T23:59:59+02:00,5,4,2880,3185,5415,6959,7695,10386,14498,18085,25103,27311,22032,24732,16094,20437,5039,9514,719,769,1413,2173,2022,3637,2905,5567,4310,5494,4176,4323,10154,13131,4499,8301,148176,50452,21904,12247,46162,7761,3120,13,15
2021-05-20T23:59:59+02:00,5,4,2748,3026,5133,6703,7410,10016,14036,17602,24492,26760,21759,24436,16000,20316,5025,9484,705,758,1386,2149,1984,3603,2851,5512,4228,5415,4048,4220,10077,13068,4490,8289,144019,50356,21894,12235,46137,7285,2893,13,15
2021-05-19T23:59:59+02:00,5,4,2694,2974,5035,6561,7267,9834,12893,16566,24228,26469,21662,24306,15955,20255,5016,9477,688,732,1360,2101,1951,3517,2788,5365,4134,5307,3966,4128,10023,13003,4487,8285,142637,50325,19827,12169,46065,6667,2660,13,15
2021-05-18T23:59:59+02:00,5,4,2667,2950,4986,6528,7214,9802,12538,16291,24048,26316,21569,24217,15925,20202,5008,9465,659,674,1303,1973,1877,3316,2689,5157,4004,5110,3742,3850,9940,12923,4477,8275,142351,50301,18974,11167,46020,6109,2378,13,15
2021-05-17T23:59:59+02:00,5,4,2641,2931,4941,6458,7126,9694,12385,16112,23898,26153,21515,24166,15906,20179,5003,9457,651,660,1287,1937,1856,3269,2641,5049,3925,4996,3603,3697,9872,12860,4474,8267,141376,50278,18966,11157,46003,5378,2217,13,15
2021-05-16T23:59:59+02:00,5,4,2629,2918,4918,6391,7088,9611,12325,16038,23846,26092,21491,24149,15896,20165,5000,9454,646,655,1277,1934,1839,3260,2620,5037,3896,4972,3549,3630,9833,12828,4473,8265,140939,50264,18957,11146,45981,5160,2130,13,15
2021-05-15T23:59:59+02:00,4,4,2505,2781,4729,6185,6896,9423,11806,15619,23255,25543,21384,24031,15862,20122,4997,9446,596,593,1196,1845,1704,3107,2334,4729,3445,4461,3217,3201,9669,12623,4449,8236,137542,47305,18956,11146,45976,4835,2105,13,15
2021-05-14T23:59:59+02:00,4,4,2388,2605,4533,5962,6618,9111,11268,15107,22688,24973,21238,23890,15826,20064,4993,9435,534,515,1094,1724,1543,2892,2004,4325,2843,3872,2831,2764,9584,12474,4445,8232,133716,44372,18949,11144,45952,4069,2077,13,15
2021-05-13T23:59:59+02:00,4,4,2208,2321,4212,5580,6192,8640,10707,14418,21652,24059,20956,23616,15766,19965,4986,9420,530,515,1081,1709,1528,2874,1995,4301,2827,3851,2814,2750,9577,12470,4444,8232,127814,44320,18897,11135,45927,3974,2055,13,15
2021-05-12T23:59:59+02:00,4,4,2207,2319,4204,5579,6183,8634,10605,14296,21598,24019,20951,23605,15761,19957,4985,9420,523,493,1045,1654,1479,2795,1912,4214,2768,3792,2733,2655,9526,12397,4444,8232,127766,44317,18573,10308,45927,3971,2052,13,15
2021-05-11T23:59:59+02:00,4,4,2085,2280,4120,5516,6056,8519,10296,14045,21405,23857,20874,23533,15746,19924,4981,9415,498,469,984,1594,1409,2704,1813,4074,2695,3717,2579,2427,9461,12296,4443,8232,126818,44299,18236,9470,45643,3662,1950,13,15
2021-05-10T23:59:59+02:00,4,4,2044,2202,4013,5393,5920,8340,9508,13283,21025,23537,20783,23443,15708,19870,4971,9402,486,441,948,1530,1344,2614,1724,3912,2612,3625,2554,2408,9451,12278,4439,8227,125677,44287,16395,9289,45538,3176,1827,13,15
2021-05-09T23:59:59+02:00,4,4,2012,2189,3978,5354,5867,8292,9439,13214,20955,23464,20747,23402,15693,19843,4968,9388,479,433,925,1486,1318,2565,1690,3850,2574,3582,2545,2396,9440,12261,4439,8219,125229,44227,16391,9286,45442,2937,1738,13,15
2021-05-08T23:59:59+02:00,4,4,1949,2086,3796,5179,5593,8086,9129,12929,19822,22535,20552,23209,15660,19774,4963,9376,407,404,861,1446,1241,2492,1602,3748,2354,3369,1998,1968,9346,12175,4438,8219,121075,42746,16390,9285,45439,2298,1737,5,3
2021-05-07T23:59:59+02:00,4,4,1862,1972,3615,5010,5273,7791,8717,12555,18571,21260,20368,22996,15614,19717,4954,9357,321,346,751,1371,1109,2362,1468,3606,2178,3176,1628,1627,8858,11726,4437,8217,116128,41008,16386,9280,45417,1187,1704,5,3
2021-05-06T23:59:59+02:00,4,4,1678,1863,3329,4754,4822,7384,8076,11993,17328,20019,20034,22619,15506,19552,4944,9346,304,337,730,1341,1069,2315,1419,3522,2112,3108,1592,1572,8841,11695,4431,8214,110270,40988,16378,9274,45181,917,1421,5,3
2021-05-05T23:59:59+02:00,4,3,1608,1834,3245,4667,4743,7279,7948,11842,17174,19873,19914,22500,15429,19456,4922,9249,294,326,688,1290,1008,2241,1337,3373,2004,2991,1499,1474,8423,11127,4425,8196,109502,40951,16236,8145,45010,661,937,5,3
2021-05-04T23:59:59+02:00,4,3,1581,1805,3199,4589,4684,7168,7698,11546,16612,19296,19827,22369,15353,19358,4892,9135,278,313,665,1260,987,2187,1279,3253,1891,2834,1427,1368,8352,11023,4420,8178,108794,40924,14890,7869,44906,396,524,5,3
2021-05-03T23:59:59+02:00,4,3,1573,1802,3189,4574,4646,7143,7444,11312,15918,18700,19763,22284,15326,19324,4886,9125,263,293,643,1177,938,2099,1216,3114,1793,2697,1361,1288,8326,10988,4416,8169,108702,40914,13292,7662,44866,52,151,5,3
2021-05-02T23:59:59+02:00,4,3,1572,1800,3182,4572,4641,7140,7430,11302,15899,18689,19746,22276,15326,19322,4885,9125,263,290,640,1176,933,2096,1206,3108,1785,2691,1347,1281,8325,10983,4415,8169,108674,40891,13289,7660,44840,49,106,5,3
2021-05-01T23:59:59+02:00,4,3,1440,1656,2904,4323,4174,6783,6811,10820,13962,16810,19364,21878,15235,19206,4882,9109,261,290,637,1174,932,2093,1204,3106,1783,2687,1342,1277,8323,10981,4415,8169,101134,40860,13289,7660,44834,49,103,4,3
2021-04-30T23:59:59+02:00,3,3,1320,1510,2686,4102,3844,6387,6244,10228,12176,14776,18907,21338,15131,19064,4868,9098,256,289,630,1167,917,2085,1191,3096,1772,2674,1332,1268,8319,10976,4414,8168,93527,40815,13289,7660,44834,46,31,4,3
2021-04-29T23:59:59+02:00,2,3,1203,1448,2521,3978,3603,6184,5887,9927,10835,13499,18646,21061,15088,18994,4864,9092,255,285,625,1159,905,2079,1171,3091,1742,2637,1306,1244,8313,10967,4414,8168,88843,40782,13280,7527,44694,36,14,4,3
2021-04-28T23:59:59+02:00,2,3,1147,1442,2470,3958,3552,6160,5824,9894,10738,13430,18614,21027,15081,18978,4864,9089,255,284,623,1158,902,2077,1166,3087,1734,2636,1299,1225,7867,10444,4414,8168,88572,40759,13230,6534,44454,32,13,4,2
2021-04-27T23:59:59+02:00,2,3,1102,1415,2365,3914,3487,6132,5705,9838,10621,13353,18580,20987,15068,18963,4862,9087,254,284,621,1150,901,2075,1161,3084,1730,2632,1287,1208,7449,9862,4414,8168,88060,40739,13177,5501,44231,27,12,4,2
2021-04-26T23:59:59+02:00,2,3,1060,1386,2275,3821,3360,6032,5537,9717,10316,13095,18518,20932,15059,18945,4860,9087,253,283,620,1148,895,2071,1154,3081,1712,2623,1272,1195,7440,9842,4414,8168,86721,40652,13166,5480,44102,26,12,4,2
2021-04-25T23:59:59+02:00,2,3,1057,1384,2267,3819,3353,6027,5517,9709,10282,13064,18507,20920,15058,18939,4860,9086,252,283,620,1148,895,2071,1152,3081,1712,2623,1272,1195,7440,9840,4414,8168,86698,40650,13157,5478,43984,26,11,4,2
2021-04-24T23:59:59+02:00,2,2,1014,1271,2078,3281,3082,5411,5325,9297,9447,12017,17799,20022,14945,18779,4852,9075,251,282,619,1147,895,2070,1152,3080,1706,2618,1269,1190,7438,9838,4414,8167,80569,40625,13157,5474,43959,26,10,4,2
2021-04-23T23:59:59+02:00,1,2,981,1187,1966,2933,2900,4859,5129,8868,8893,11295,16168,18158,14796,18573,4844,9052,251,282,618,1147,893,2068,1151,3080,1705,2617,1264,1185,7434,9836,4414,8166,73536,40611,13156,5463,43899,26,10,4,2
2021-04-22T23:59:59+02:00,1,2,976,1175,1946,2917,2880,4839,5071,8822,8781,11191,16095,18081,14769,18543,4842,9047,249,282,614,1146,890,2067,1143,3068,1689,2597,1240,1163,7429,9828,4414,8166,73485,40597,13098,5352,43381,25,10,4,2
2021-04-21T23:59:59+02:00,1,2,966,1167,1932,2904,2852,4813,5025,8767,8673,11068,16009,17997,14740,18509,4842,9042,244,279,604,1137,876,2037,1133,3043,1679,2571,1227,1149,7204,9510,4413,8166,73441,40589,13040,4648,42814,24,10,4,2
2021-04-20T23:59:59+02:00,1,2,939,1119,1880,2790,2779,4650,4931,8588,8498,10859,15776,17715,14681,18450,4835,9036,231,276,586,1116,850,2005,1104,3017,1644,2530,1207,1136,7195,9505,4412,8165,73402,40568,11911,4381,42202,20,10,4,1
2021-04-19T23:59:59+02:00,1,2,930,1111,1848,2770,2729,4625,4807,8527,8298,10747,15684,17617,14659,18431,4835,9030,225,268,568,1095,832,1972,1086,2974,1598,2475,1189,1117,7188,9502,4410,8164,73003,40533,11890,4102,41744,18,10,4,1
2021-04-18T23:59:59+02:00,1,2,927,1110,1843,2764,2721,4613,4789,8516,8258,10704,15635,17558,14649,18414,4834,9028,225,268,568,1094,831,1972,1085,2974,1598,2474,1189,1116,7186,9501,4409,8164,72957,40526,11886,4100,41509,18,10,4,1
2021-04-17T23:59:59+02:00,0,2,895,1095,1794,2726,2653,4534,4635,8375,7995,10475,13266,14658,14450,18060,4817,8994,223,268,568,1091,827,1965,1073,2967,1588,2454,1150,1073,6853,9087,4384,8116,66137,39570,11886,4089,41387,18,10,4,1
2021-04-16T23:59:59+02:00,0,2,889,1089,1782,2716,2611,4494,4543,8291,7815,10281,10426,11409,14178,17643,4798,8939,222,264,567,1087,822,1961,1064,2964,1580,2441,1139,1058,6847,9081,4382,8113,58860,39491,11884,4073,41148,18,10,4,1
2021-04-15T23:59:59+02:00,0,2,877,1084,1760,2702,2568,4461,4425,8230,7586,10080,10175,11191,14116,17577,4791,8925,220,263,567,1085,821,1959,1061,2961,1577,2438,1134,1053,6845,9079,4382,8113,58836,39476,11882,4055,39818,17,10,4,1
2021-04-14T23:59:59+02:00,0,2,859,1057,1701,2619,2479,4337,4235,8046,7311,9798,9801,10706,13967,17396,4785,8913,196,238,526,1034,798,1892,1025,2881,1527,2375,1108,1023,6840,9070,4382,8112,58801,39460,10934,3542,38263,15,10,4,1
2021-04-13T23:59:59+02:00,0,2,835,1035,1664,2567,2412,4254,4134,7908,7098,9578,9394,10188,13821,17229,4780,8899,160,214,491,986,758,1799,990,2771,1474,2305,1089,988,6824,9059,4381,8112,58754,39396,9984,2986,37046,9,10,4,1
2021-04-12T23:59:59+02:00,0,2,830,1033,1645,2563,2383,4241,4082,7857,6957,9406,9128,9873,13757,17169,4769,8882,149,200,463,946,735,1734,970,2699,1430,2255,1067,971,6807,9039,4378,8107,58696,39279,9953,2652,35914,9,10,4,1
2021-04-11T23:59:59+02:00,0,2,829,1032,1634,2563,2369,4238,4059,7845,6892,9344,8995,9708,13730,17121,4764,8873,149,200,463,944,734,1732,968,2699,1429,2255,1067,971,6805,9039,4378,8107,58682,39271,9951,2651,35351,8,10,4,1
2021-04-10T23:59:59+02:00,0,2,813,1028,1605,2534,2332,4209,3989,7787,6760,9227,8438,8974,13063,16269,4753,8831,146,200,461,941,728,1729,968,2692,1420,2248,1053,955,6335,8540,4362,8091,55347,38202,9950,2649,35303,8,10,4,1
2021-04-09T23:59:59+02:00,0,2,791,1000,1564,2485,2266,4129,3836,7627,6413,8894,7911,8315,12241,15243,4682,8692,144,198,459,935,721,1721,959,2682,1405,2237,1031,933,6093,8268,4342,8064,51357,37529,9943,2645,34777,8,10,4,1
2021-04-08T23:59:59+02:00,0,2,781,990,1537,2461,2200,4080,3702,7538,6160,8593,7295,7659,12079,15043,4671,8676,144,196,454,931,716,1714,951,2671,1396,2224,1019,930,6090,8266,4341,8064,51322,37506,9918,2583,32213,8,10,4,1
2021-04-07T23:59:59+02:00,0,2,774,981,1511,2443,2141,4042,3615,7468,5929,8328,6739,7025,11469,14294,4658,8648,125,189,423,884,670,1645,894,2601,1346,2155,998,914,6082,8260,4340,8064,51292,37482,8760,2091,30002,8,9,4,1
2021-04-06T23:59:59+02:00,0,2,769,979,1497,2435,2112,4019,3542,7419,5748,8156,6293,6517,11266,14078,4643,8617,102,168,375,825,625,1570,850,2501,1293,2091,973,898,6063,8245,4338,8060,51223,37454,8576,1507,28281,8,8,4,1
2021-04-05T23:59:59+02:00,0,2,764,975,1481,2427,2086,4009,3491,7393,5604,8045,6088,6300,11199,13991,4637,8607,96,166,374,823,618,1561,842,2486,1280,2072,945,867,4958,6842,4260,7954,51023,34631,8572,1497,27492,8,8,4,1
2021-04-04T23:59:59+02:00,0,2,762,969,1479,2425,2082,4007,3473,7386,5594,8038,6077,6280,11185,13972,4635,8604,96,166,372,821,615,1556,835,2479,1265,2053,922,845,3948,5682,4194,7848,51007,32184,8570,1497,27381,8,8,4,1
2021-04-03T23:59:59+02:00,0,2,710,913,1398,2354,1959,3868,3213,7126,5133,7546,5732,5823,11013,13753,4607,8576,94,166,372,820,615,1554,834,2479,1265,2053,922,845,3948,5679,4194,7847,47765,32174,8570,1497,27379,8,8,4,1
2021-04-02T23:59:59+02:00,0,2,668,879,1343,2286,1861,3754,2960,6865,4615,7066,5340,5363,10912,13587,4602,8570,93,166,372,820,615,1554,832,2479,1263,2052,919,842,3945,5676,4193,7847,44832,32157,8569,1496,27261,8,7,4,1
2021-04-01T23:59:59+02:00,0,2,665,876,1333,2281,1841,3746,2931,6851,4541,6993,5231,5253,10873,13538,4601,8565,93,166,370,816,613,1551,832,2476,1259,2048,909,841,3940,5673,4192,7846,44815,32146,8425,1464,26870,8,7,4,1
2021-03-31T23:59:59+02:00,0,2,663,874,1326,2264,1833,3736,2903,6823,4478,6947,5091,5091,10359,12929,4597,8557,93,166,369,816,613,1551,832,2476,1257,2048,908,841,3940,5672,4192,7845,44804,32140,7292,1464,26367,8,7,3,1
2021-03-30T23:59:59+02:00,0,2,654,871,1308,2244,1804,3707,2866,6788,4392,6858,4922,4897,9831,12229,4590,8542,88,163,368,812,608,1549,827,2470,1249,2045,898,831,3932,5669,4191,7844,44779,32119,6104,1410,25612,8,7,3,1
2021-03-29T23:59:59+02:00,0,2,649,863,1295,2210,1788,3676,2835,6746,4320,6772,4722,4699,9745,12135,4587,8528,88,163,368,810,603,1545,825,2464,1244,2037,890,825,3924,5661,4191,7844,44710,32105,5887,1363,24965,7,7,3,1
2021-03-28T23:59:59+02:00,0,2,646,861,1292,2207,1774,3666,2819,6734,4285,6720,4627,4589,9709,12071,4582,8521,88,163,368,809,603,1545,823,2464,1242,2037,889,825,3923,5661,4191,7844,44688,32103,5878,1358,24529,7,7,3,1
2021-03-27T23:59:59+01:00,0,2,642,856,1282,2203,1757,3649,2791,6704,4121,6577,4049,4134,9480,11825,4569,8502,88,163,366,807,601,1543,821,2461,1234,2031,885,821,3744,5370,4084,7671,42741,31318,5874,1358,24518,7,7,3,1
2021-03-26T23:59:59+01:00,0,2,637,848,1274,2192,1735,3632,2766,6682,4045,6499,3641,3767,8877,11265,4556,8488,88,163,366,806,600,1540,817,2458,1224,2027,872,808,3020,4428,3875,7323,40797,29043,5861,1358,24238,7,7,3,1
2021-03-25T23:59:59+01:00,0,2,630,842,1261,2178,1716,3608,2707,6642,3961,6421,3467,3548,8766,11154,4550,8482,88,163,366,806,600,1539,817,2457,1222,2027,872,808,3019,4427,3874,7322,40783,29035,5753,1358,23389,7,7,3,1
2021-03-24T23:59:59+01:00,0,2,624,835,1228,2152,1671,3563,2629,6573,3804,6270,3148,3183,8355,10603,4541,8469,84,161,354,793,584,1521,784,2423,1172,1995,839,770,3010,4421,3874,7319,40759,28733,4994,1357,21887,7,7,3,1
2021-03-23T23:59:59+01:00,0,2,612,827,1203,2121,1629,3515,2547,6493,3655,6116,2767,2798,8138,10384,4533,8450,79,157,342,772,549,1490,723,2360,1071,1913,756,710,2973,4386,3870,7315,40714,28102,4703,1350,20364,7,7,2,1
2021-03-22T23:59:59+01:00,0,2,589,717,1166,2068,1596,3459,2494,6423,3514,5986,2525,2560,7807,10029,4517,8414,79,156,342,772,549,1488,721,2358,1068,1913,754,706,2969,4381,3869,7312,40246,28073,4381,1350,19230,7,7,2,1
2021-03-21T23:59:59+01:00,0,2,588,714,1160,2059,1585,3449,2477,6408,3476,5952,2383,2396,7714,9917,4508,8399,79,156,342,771,549,1488,721,2358,1068,1913,754,706,2969,4380,3869,7311,40242,28070,4367,1350,18569,7,7,2,1
2021-03-20T23:59:59+01:00,0,2,587,714,1158,2052,1578,3442,2471,6401,3458,5930,2350,2358,7223,9401,4491,8382,79,156,342,771,548,1488,719,2357,1068,1911,754,706,2969,4378,3867,7309,39201,28058,4355,1350,18433,7,7,2,1
2021-03-19T23:59:59+01:00,0,2,580,706,1140,2033,1543,3418,2403,6264,3394,5823,2168,2174,6914,9081,4469,8357,79,156,341,765,544,1485,714,2349,1059,1898,745,699,2541,3774,3443,6555,38591,25788,4339,1350,17530,2,7,2,1
2021-03-18T23:59:59+01:00,0,2,565,689,1120,2002,1516,3388,2363,6196,3319,5734,2015,1977,6793,8961,4463,8346,78,156,341,764,543,1485,713,2345,1055,1897,738,696,2491,3702,3416,6514,38570,25598,4328,1328,16543,2,6,2,1
2021-03-17T23:59:59+01:00,0,1,536,660,1075,1947,1479,3303,2285,6078,3167,5578,1761,1710,6627,8808,4453,8331,77,152,329,737,527,1441,691,2287,1017,1856,721,677,2249,3406,3328,6384,38498,24615,3800,1256,15493,2,6,2,1
2021-03-16T23:59:59+01:00,0,1,492,631,1035,1892,1428,3199,2220,5924,3052,5444,1562,1486,6492,8660,4442,8308,71,137,308,681,497,1365,662,2152,987,1728,671,626,2135,3268,3302,6297,38442,23856,3183,1024,14636,2,5,2,1
2021-03-15T23:59:59+01:00,0,1,480,620,1002,1843,1394,3131,2190,5839,2965,5360,1436,1351,5908,7972,4402,8244,68,130,294,623,482,1245,624,2022,947,1615,642,605,2097,3228,3287,6234,37203,23450,2828,691,14105,2,0,2,1
2021-03-14T23:59:59+01:00,0,1,475,613,993,1831,1390,3113,2174,5821,2931,5333,1393,1301,5511,7525,4379,8226,67,125,290,600,476,1218,618,1966,937,1590,642,605,2097,3228,3286,6232,36381,23444,2823,531,13804,2,0,2,1
2021-03-13T23:59:59+01:00,0,1,457,595,956,1783,1337,3049,1918,5233,2691,4918,1287,1188,4852,6677,4330,8151,67,125,289,597,474,1216,616,1964,936,1586,640,601,1735,2743,2760,5472,34701,21288,2819,531,11901,2,0,2,1
2021-03-12T23:59:59+01:00,0,1,441,574,935,1740,1306,2966,1715,4447,2485,4469,1215,1105,4156,5881,4283,8069,67,123,288,593,474,1213,614,1956,932,1580,637,594,1408,2198,2214,4676,33027,19035,2816,531,9943,1,0,2,1
2021-03-11T23:59:59+01:00,0,1,437,567,926,1725,1291,2948,1690,4411,2448,4432,1141,1049,4112,5844,4280,8065,67,115,282,571,460,1161,605,1907,913,1544,625,581,1402,2180,2205,4625,32989,18783,2720,459,9656,1,0,2,1
2021-03-10T23:59:59+01:00,0,1,417,555,880,1666,1235,2871,1616,4314,2381,4339,1107,1026,4096,5827,4279,8063,67,115,280,567,457,1154,600,1884,913,1539,620,573,1341,2093,2160,4568,32974,18496,2149,434,9548,1,0,2,1
2021-03-09T23:59:59+01:00,0,1,396,539,835,1617,1192,2807,1574,4231,2338,4286,1086,1015,4090,5820,4278,8061,65,114,279,566,456,1143,598,1872,907,1534,617,567,1135,1782,2042,4390,32927,17659,1703,407,9534,1,0,2,1
2021-03-08T23:59:59+01:00,0,1,389,528,825,1602,1184,2790,1567,4205,2326,4273,1073,1004,4053,5772,4276,8056,64,114,275,561,452,1137,597,1868,903,1532,617,567,1066,1691,1997,4345,32799,17402,1606,383,9517,1,0,2,1
2021-03-07T23:59:59+01:00,0,1,388,524,825,1601,1182,2788,1564,4198,2316,4268,1066,996,4047,5766,4275,8055,62,111,266,539,440,1111,581,1768,868,1457,616,567,962,1561,1945,4276,32783,17039,1566,91,9509,0,0,2,1
2021-03-06T23:59:59+01:00,0,1,380,508,806,1568,1158,2729,1523,4131,2122,3770,1036,959,3874,5493,4173,7890,62,111,266,539,440,1110,581,1768,868,1457,616,567,959,1560,1942,4275,32065,17030,1566,91,8488,0,0,2,1
2021-03-05T23:59:59+01:00,0,1,366,469,774,1462,1108,2513,1448,3919,1908,3103,1006,914,3120,4528,3968,7547,62,110,265,536,437,1104,580,1763,864,1454,613,565,920,1502,1919,4235,29749,16838,1565,91,6838,0,0,2,1
2021-03-04T23:59:59+01:00,0,1,353,460,766,1442,1095,2490,1429,3890,1885,3084,992,910,3116,4524,3965,7545,61,109,262,533,433,1088,570,1741,863,1446,611,563,883,1448,1896,4198,29736,16677,1526,28,6683,0,0,2,1
2021-03-03T23:59:59+01:00,0,1,344,427,747,1391,1065,2407,1379,3735,1806,2987,959,864,3106,4518,3965,7542,60,108,259,530,432,1084,568,1732,860,1442,611,562,863,1395,1807,4052,29421,16339,1526,26,6294,0,0,2,1
2021-03-02T23:59:59+01:00,0,1,338,418,731,1367,1017,2362,1311,3651,1690,2888,871,798,3063,4479,3959,7537,60,108,258,526,431,1076,568,1726,860,1438,610,562,863,1395,1807,4051,28781,16313,1461,26,6237,0,0,2,1
2021-03-01T23:59:59+01:00,0,1,334,404,724,1320,1004,2304,1291,3568,1663,2839,852,789,3055,4469,3959,7537,60,107,257,522,426,1062,564,1713,851,1430,609,560,767,1240,1750,3971,28741,15863,1409,26,5961,0,0,2,1
2021-02-28T23:59:59+01:00,0,1,329,391,716,1281,990,2227,1279,3481,1640,2760,848,779,3053,4465,3958,7534,60,107,256,522,426,1061,564,1713,849,1430,609,559,670,1115,1703,3890,28727,15509,1406,25,5597,0,0,2,1
2021-02-27T23:59:59+01:00,0,1,320,371,702,1254,971,2191,1244,3412,1617,2707,830,763,3050,4465,3957,7534,60,107,256,522,426,1061,563,1713,847,1430,609,559,670,1114,1703,3890,28723,15505,1406,25,5258,0,0,2,1
2021-02-26T23:59:59+01:00,0,1,294,318,655,1189,907,2072,1154,3246,1512,2568,801,740,2614,3858,3529,6754,60,107,253,519,426,1059,561,1711,844,1424,605,557,663,1102,1694,3871,26426,15431,1406,25,4378,0,0,2,1
2021-02-25T23:59:59+01:00,0,1,289,305,641,1159,886,2030,1135,3180,1494,2523,798,737,2567,3786,3499,6711,58,105,249,511,426,1055,556,1701,841,1413,599,553,586,993,1647,3813,26208,15083,1406,23,4125,0,0,2,1
2021-02-24T23:59:59+01:00,0,1,270,295,590,1113,839,1962,1077,3085,1451,2465,782,718,2328,3484,3409,6573,57,100,244,504,420,1036,547,1679,838,1393,592,541,572,973,1636,3790,25212,14907,1406,15,3822,0,0,2,1
2021-02-23T23:59:59+01:00,0,1,257,274,561,1057,802,1887,1009,2935,1377,2363,730,668,2214,3344,3383,6481,57,98,242,498,420,1020,537,1647,830,1371,583,534,556,922,1624,3737,24408,14661,1401,15,3532,0,0,2,1
2021-02-22T23:59:59+01:00,0,1,253,268,548,994,782,1811,983,2841,1341,2303,705,646,2184,3308,3374,6418,57,97,236,492,418,1007,528,1629,826,1346,569,521,534,896,1618,3682,24003,14441,1401,15,3354,0,0,2,1
2021-02-21T23:59:59+01:00,0,1,250,260,539,969,769,1774,975,2793,1311,2277,705,644,2182,3308,3373,6417,57,97,235,492,418,1007,528,1629,826,1345,569,520,534,896,1618,3681,23997,14437,1401,15,3147,0,0,2,1
2021-02-20T23:59:59+01:00,0,1,169,230,469,920,700,1697,905,2704,1226,2177,690,629,1808,2790,2818,5614,57,97,235,492,418,1007,528,1628,826,1345,569,520,534,896,1617,3681,21721,14435,1401,15,2423,0,0,2,1
2021-02-19T23:59:59+01:00,0,1,84,167,358,839,574,1565,772,2555,1090,2026,674,608,1501,2276,2269,4820,57,97,235,492,418,1006,528,1628,826,1345,569,520,528,894,1615,3675,19514,14418,1401,15,1262,0,0,2,1
2021-02-18T23:59:59+01:00,0,1,81,162,346,789,553,1476,739,2415,1057,1958,658,597,1492,2257,2260,4768,54,90,229,470,404,939,513,1548,806,1271,555,506,522,876,1612,3653,19270,14033,1376,15,961,0,0,2,1
2021-02-17T23:59:59+01:00,0,1,80,154,332,766,544,1443,710,2322,1020,1858,653,587,1434,2169,2212,4718,54,87,227,461,396,901,502,1483,787,1189,542,495,520,874,1612,3653,19009,13768,1303,15,689,0,0,2,1
2021-02-16T23:59:59+01:00,0,1,75,148,317,726,516,1370,678,2214,995,1753,642,580,1190,1822,2088,4535,53,78,226,455,390,871,489,1418,761,1122,521,482,518,874,1609,3652,18088,13517,1064,2,496,0,0,2,1
2021-02-15T23:59:59+01:00,0,1,70,132,291,622,481,1228,622,2001,945,1594,633,578,1107,1715,2036,4470,53,78,224,450,386,865,488,1414,759,1115,521,482,517,869,1608,3649,17758,13478,726,0,40,0,0,2,1
2021-02-14T23:59:59+01:00,0,1,69,125,286,596,476,1199,611,1947,931,1572,633,578,1009,1591,1989,4413,53,78,224,450,386,865,488,1412,759,1115,521,482,517,869,1608,3649,17429,13476,571,0,24,0,0,2,1
2021-02-13T23:59:59+01:00,0,1,69,124,286,595,475,1195,610,1945,929,1569,632,577,1008,1582,1985,4410,53,78,224,449,384,860,487,1407,757,1114,519,480,500,831,1348,3181,17395,12672,571,0,24,0,0,2,1
2021-02-12T23:59:59+01:00,0,1,68,124,285,594,471,1191,610,1942,926,1568,629,576,969,1531,1965,4369,53,78,224,445,381,851,482,1398,751,1107,512,472,482,790,985,2472,17225,11483,571,0,21,0,0,2,1
2021-02-11T23:59:59+01:00,0,1,67,117,282,581,458,1164,604,1916,919,1556,628,575,926,1473,1943,4330,53,75,209,414,367,804,466,1324,736,1075,509,471,482,790,984,2471,17045,11231,488,0,5,0,0,2,0
2021-02-10T23:59:59+01:00,0,1,66,117,278,578,456,1159,600,1899,914,1552,628,575,917,1457,1922,4287,52,65,175,336,313,702,416,1152,657,981,474,459,477,789,984,2470,16943,10503,460,0,1,0,0,2,0
2021-02-09T23:59:59+01:00,0,1,64,115,272,574,453,1146,599,1885,907,1546,627,574,905,1421,1852,4183,43,53,124,257,236,551,334,950,556,828,439,448,473,788,981,2470,16691,9532,431,0,0,0,0,2,0
2021-02-08T23:59:59+01:00,0,1,63,115,269,565,450,1138,598,1870,900,1538,625,571,803,1268,1795,4101,38,43,86,168,173,415,269,712,497,693,431,442,469,785,980,2470,16262,8672,406,0,0,0,0,2,0
2021-02-07T23:59:59+01:00,0,1,61,112,259,542,436,1107,582,1767,865,1459,624,570,701,1142,1747,4017,37,42,82,165,170,408,264,699,492,682,429,441,469,785,980,2469,15892,8615,98,0,0,0,0,2,0
2021-02-06T23:59:59+01:00,0,1,61,112,258,542,436,1107,580,1766,862,1456,621,568,699,1133,1741,4010,34,41,81,162,167,398,260,691,481,673,421,440,433,737,740,2078,15853,7838,98,0,0,0,0,2,0
2021-02-05T23:59:59+01:00,0,1,61,112,256,538,436,1105,579,1765,860,1454,619,568,689,1126,1735,3997,32,39,77,158,162,390,252,672,464,663,415,440,427,712,336,1444,15801,6684,98,0,0,0,0,2,0
2021-02-04T23:59:59+01:00,0,1,59,110,251,532,430,1089,563,1738,856,1440,612,558,604,1009,1684,3936,31,36,73,152,156,379,238,650,447,649,410,432,422,705,334,1437,15440,6552,30,0,0,0,0,2,0
2021-02-03T23:59:59+01:00,0,1,58,105,247,525,429,1069,560,1722,854,1425,608,548,593,999,1681,3922,24,28,59,121,123,280,175,508,337,499,304,330,337,548,256,1153,15316,5083,28,0,0,0,0,2,0
2021-02-02T23:59:59+01:00,0,1,58,103,244,520,429,1051,548,1689,845,1401,595,538,581,950,1671,3871,17,21,40,78,87,186,122,343,220,360,214,220,217,344,182,759,15066,3411,28,0,0,0,0,1,0
2021-02-01T23:59:59+01:00,0,1,58,101,240,512,427,1035,540,1667,841,1378,588,532,559,921,1663,3824,7,11,20,42,48,97,65,168,95,164,100,103,90,160,76,330,14858,1576,28,0,0,0,0,1,0
2021-01-31T23:59:59+01:00,0,1,58,101,239,511,425,1031,538,1662,839,1375,588,531,559,921,1663,3823,7,11,18,38,43,83,61,142,81,148,95,101,89,159,74,328,14836,1478,28,0,0,0,0,1,0
2021-01-30T23:59:59+01:00,0,1,58,101,239,511,425,1031,538,1662,839,1375,588,531,559,921,1663,3823,7,11,18,38,43,83,61,142,81,148,95,100,89,159,74,328,14836,1477,28,0,0,0,0,1,0
2021-01-29T23:59:59+01:00,0,1,58,101,239,511,425,1031,538,1662,839,1375,588,531,559,921,1663,3823,7,11,18,38,43,83,61,142,81,148,95,100,89,159,74,328,14836,1477,28,0,0,0,0,1,0
2021-01-28T23:59:59+01:00,0,1,56,93,235,482,413,964,520,1576,815,1293,575,516,553,904,1660,3804,3,2,4,6,11,15,19,34,22,32,16,22,21,34,19,99,14437,359,22,0,0,0,0,1,0
2021-01-27T23:59:59+01:00,0,1,54,89,235,472,405,925,510,1510,795,1210,563,504,551,902,1660,3804,3,2,4,6,9,15,19,33,21,30,16,21,21,34,19,99,14169,352,20,0,0,0,0,1,0
2021-01-26T23:59:59+01:00,0,1,53,83,230,469,398,896,499,1443,770,1143,541,491,549,902,1660,3804,1,2,4,6,9,14,17,29,17,25,14,18,19,32,19,91,13913,317,18,0,0,0,0,1,0
2021-01-25T23:59:59+01:00,0,1,53,83,227,464,395,890,499,1440,769,1138,541,491,549,899,1660,3802,0,0,0,0,0,1,0,0,0,0,1,1,0,2,0,0,13884,5,16,0,0,0,0,1,0
2021-01-24T23:59:59+01:00,0,1,53,83,227,464,395,890,499,1439,769,1138,541,491,549,899,1660,3802,0,0,0,0,0,1,0,0,0,0,1,1,0,2,0,0,13883,5,16,0,0,0,0,1,0
2021-01-23T23:59:59+01:00,0,1,53,83,227,463,394,886,499,1433,768,1136,538,489,532,861,1401,3325,0,0,0,0,0,1,0,0,0,0,1,1,0,2,0,0,13072,5,16,0,0,0,0,1,0
2021-01-22T23:59:59+01:00,0,1,53,83,226,459,390,876,494,1423,763,1128,532,481,515,819,1022,2586,0,0,0,0,0,1,0,0,0,0,1,1,0,2,0,0,11835,5,16,0,0,0,0,0,0
2021-01-21T23:59:59+01:00,0,1,53,80,207,425,363,820,467,1323,737,1094,528,481,515,819,1021,2585,0,0,0,0,0,1,0,0,0,0,1,1,0,2,0,0,11503,5,16,0,0,0,0,0,0
2021-01-20T23:59:59+01:00,0,1,51,70,179,353,322,735,424,1169,667,1003,492,470,510,819,1021,2584,0,0,0,0,0,1,0,0,0,0,1,1,0,2,0,0,10854,5,16,0,0,0,0,0,0
2021-01-19T23:59:59+01:00,0,1,44,57,135,275,248,576,347,987,577,863,457,458,506,817,1021,2584,0,0,0,0,0,0,0,0,0,0,1,0,0,2,0,0,9945,3,8,0,0,0,0,0,0
2021-01-18T23:59:59+01:00,0,1,40,44,86,175,179,425,279,724,506,706,448,451,503,812,1019,2584,0,0,0,0,0,0,0,0,0,0,0,0,0,1,0,0,8982,1,0,0,0,0,0,0,0
2021-01-17T23:59:59+01:00,0,1,37,43,83,171,175,417,275,713,501,693,446,451,503,812,1019,2583,0,0,0,0,0,0,0,0,0,0,0,0,0,0,0,0,8923,0,0,0,0,0,0,0,0
2021-01-16T23:59:59+01:00,0,1,34,42,81,169,171,408,268,706,486,684,438,449,464,765,773,2186,0,0,0,0,0,0,0,0,0,0,0,0,0,0,0,0,8125,0,0,0,0,0,0,0,0
2021-01-15T23:59:59+01:00,0,1,32,40,78,164,168,402,261,689,472,676,432,448,459,741,360,1543,0,0,0,0,0,0,0,0,0,0,0,0,0,0,0,0,6966,0,0,0,0,0,0,0,0
2021-01-14T23:59:59+01:00,0,1,32,38,77,158,163,397,253,678,461,668,429,445,459,740,360,1543,0,0,0,0,0,0,0,0,0,0,0,0,0,0,0,0,6902,0,0,0,0,0,0,0,0
2021-01-13T23:59:59+01:00,0,0,24,31,61,126,128,302,193,544,352,525,326,343,374,577,281,1248,0,0,0,0,0,0,0,0,0,0,0,0,0,0,0,0,5435,0,0,0,0,0,0,0,0
2021-01-12T23:59:59+01:00,0,0,17,24,45,87,93,214,139,393,239,389,234,235,247,371,203,848,0,0,0,0,0,0,0,0,0,0,0,0,0,0,0,0,3778,0,0,0,0,0,0,0,0
2021-01-11T23:59:59+01:00,0,0,9,15,26,47,62,137,88,220,126,208,116,112,106,179,92,375,0,0,0,0,0,0,0,0,0,0,0,0,0,0,0,0,1918,0,0,0,0,0,0,0,0
2021-01-10T23:59:59+01:00,0,0,8,15,22,44,55,109,80,179,106,175,110,108,102,177,89,375,0,0,0,0,0,0,0,0,0,0,0,0,0,0,0,0,1754,0,0,0,0,0,0,0,0
2021-01-09T23:59:59+01:00,0,0,8,15,22,44,55,109,80,179,106,175,110,107,102,177,89,375,0,0,0,0,0,0,0,0,0,0,0,0,0,0,0,0,1753,0,0,0,0,0,0,0,0
2021-01-08T23:59:59+01:00,0,0,8,14,21,43,52,102,75,168,100,172,107,103,97,168,87,365,0,0,0,0,0,0,0,0,0,0,0,0,0,0,0,0,1682,0,0,0,0,0,0,0,0
2021-01-07T23:59:59+01:00,0,0,3,3,4,7,11,16,20,34,24,36,17,22,23,35,23,107,0,0,0,0,0,0,0,0,0,0,0,0,0,0,0,0,385,0,0,0,0,0,0,0,0
2021-01-06T23:59:59+01:00,0,0,3,2,4,6,9,15,20,33,21,32,17,21,23,35,23,106,0,0,0,0,0,0,0,0,0,0,0,0,0,0,0,0,370,0,0,0,0,0,0,0,0
2021-01-05T23:59:59+01:00,0,0,3,2,4,6,9,15,20,33,21,32,17,21,23,35,23,106,0,0,0,0,0,0,0,0,0,0,0,0,0,0,0,0,370,0,0,0,0,0,0,0,0
2021-01-04T23:59:59+01:00,0,0,0,0,0,0,0,1,1,0,0,0,1,1,0,2,0,0,0,0,0,0,0,0,0,0,0,0,0,0,0,0,0,0,6,0,0,0,0,0,0,0,0
2021-01-03T23:59:59+01:00,0,0,0,0,0,0,0,1,1,0,0,0,1,1,0,2,0,0,0,0,0,0,0,0,0,0,0,0,0,0,0,0,0,0,6,0,0,0,0,0,0,0,0
2021-01-02T23:59:59+01:00,0,0,0,0,0,0,0,1,1,0,0,0,1,1,0,2,0,0,0,0,0,0,0,0,0,0,0,0,0,0,0,0,0,0,6,0,0,0,0,0,0,0,0
2021-01-01T23:59:59+01:00,0,0,0,0,0,0,0,1,1,0,0,0,1,1,0,2,0,0,0,0,0,0,0,0,0,0,0,0,0,0,0,0,0,0,6,0,0,0,0,0,0,0,0
2020-12-31T23:59:59+01:00,0,0,0,0,0,0,0,1,1,0,0,0,1,1,0,2,0,0,0,0,0,0,0,0,0,0,0,0,0,0,0,0,0,0,6,0,0,0,0,0,0,0,0
2020-12-30T23:59:59+01:00,0,0,0,0,0,0,0,1,1,0,0,0,1,1,0,2,0,0,0,0,0,0,0,0,0,0,0,0,0,0,0,0,0,0,6,0,0,0,0,0,0,0,0
2020-12-29T23:59:59+01:00,0,0,0,0,0,0,0,1,1,0,0,0,1,0,0,2,0,0,0,0,0,0,0,0,0,0,0,0,0,0,0,0,0,0,5,0,0,0,0,0,0,0,0
2020-12-28T23:59:59+01:00,0,0,0,0,0,0,0,1,0,0,0,0,1,0,0,1,0,0,0,0,0,0,0,0,0,0,0,0,0,0,0,0,0,0,3,0,0,0,0,0,0,0,0
2020-12-27T23:59:59+01:00,0,0,0,0,0,0,0,0,0,0,0,0,0,0,0,0,0,0,0,0,0,0,0,0,0,0,0,0,0,0,0,0,0,0,0,0,0,0,0,0,0,0,0
