Datum,<15_1_m,<15_1_w,15-24_1_m,15-24_1_w,25-34_1_m,25-34_1_w,35-44_1_m,35-44_1_w,45-54_1_m,45-54_1_w,55-64_1_m,55-64_1_w,65-74_1_m,65-74_1_w,75-84_1_m,75-84_1_w,>84_1_m,>84_1_w,<15_2_m,<15_2_w,15-24_2_m,15-24_2_w,25-34_2_m,25-34_2_w,35-44_2_m,35-44_2_w,45-54_2_m,45-54_2_w,55-64_2_m,55-64_2_w,65-74_2_m,65-74_2_w,75-84_2_m,75-84_2_w,>84_2_m,>84_2_w,bp_1,bp_2,mo_1,mo_2,az_1,az_2,ja,unb_1,unb_2
2021-11-10T23:59:59+01:00,2537,2366,17000,15902,19845,18308,22672,22624,29031,29868,35207,35812,26148,29030,17717,22620,5375,10197,1965,1740,14352,13610,17504,16187,20593,20569,26843,27648,33329,34049,25416,28180,17245,21999,5206,9762,264340,242025,32909,30904,46616,44895,18334,91,39
2021-11-09T23:59:59+01:00,2524,2337,16889,15788,19740,18212,22563,22532,28955,29798,35145,35757,26128,29005,17706,22605,5373,10192,1958,1729,14328,13579,17480,16163,20567,20545,26815,27616,33296,34024,25405,28166,17238,21990,5206,9756,263370,241741,32886,30867,46614,44895,18319,91,39
2021-11-08T23:59:59+01:00,2421,2217,16656,15601,19616,18101,22458,22445,28863,29717,35068,35699,26103,28984,17694,22591,5371,10187,1947,1723,14280,13534,17454,16127,20543,20509,26785,27586,33270,33991,25393,28149,17236,21982,5201,9754,261955,241402,32885,30845,46608,44894,18284,91,39
2021-11-07T23:59:59+01:00,2407,2202,16611,15564,19557,18056,22413,22407,28823,29691,35031,35671,26095,28975,17689,22585,5371,10184,1936,1717,14263,13507,17435,16101,20525,20489,26775,27568,33249,33977,25385,28139,17229,21975,5200,9751,261528,241187,32883,30845,46605,44894,18256,91,39
2021-11-06T23:59:59+01:00,2369,2161,16395,15380,19387,17917,22281,22308,28702,29601,34966,35616,26081,28963,17684,22581,5370,10183,1931,1715,14238,13490,17412,16083,20513,20476,26761,27557,33243,33963,25381,28135,17227,21973,5200,9750,260143,241014,32881,30845,46605,44894,18256,91,39
2021-11-05T23:59:59+01:00,2296,2093,16082,15096,19148,17691,22071,22130,28536,29451,34860,35535,26065,28942,17677,22570,5370,10181,1914,1703,14157,13412,17355,16031,20459,20430,26719,27522,33221,33944,25374,28126,17222,21962,5200,9747,258149,240600,32820,30805,46605,44894,18160,91,39
2021-11-04T23:59:59+01:00,2260,2062,15934,14953,19001,17559,21967,22016,28429,29341,34781,35486,26052,28920,17674,22562,5369,10181,1894,1683,14097,13351,17295,15965,20409,20364,26675,27464,33177,33903,25361,28109,17209,21950,5200,9738,257131,240177,32774,30756,46600,44890,17982,91,39
2021-11-03T23:59:59+01:00,2243,2040,15817,14854,18902,17482,21869,21934,28344,29280,34724,35456,26032,28898,17667,22551,5366,10178,1876,1669,14061,13312,17257,15918,20372,20333,26639,27423,33136,33873,25346,28090,17200,21932,5199,9729,256263,239747,32768,30743,46600,44890,17946,91,39
2021-11-02T23:59:59+01:00,2234,2027,15746,14785,18817,17410,21796,21878,28278,29239,34689,35422,26020,28883,17659,22548,5365,10173,1856,1657,14017,13270,17210,15889,20336,20298,26610,27398,33104,33840,25336,28075,17195,21922,5197,9723,255658,239365,32739,30728,46600,44889,17912,91,39
2021-11-01T23:59:59+01:00,2227,2015,15688,14745,18752,17377,21752,21849,28241,29218,34669,35405,26014,28882,17658,22545,5365,10172,1844,1650,13979,13247,17188,15862,20315,20284,26590,27380,33092,33833,25328,28071,17192,21913,5196,9721,255288,239149,32739,30720,46598,44888,17889,91,39
2021-10-31T23:59:59+01:00,2227,2015,15688,14745,18752,17377,21752,21849,28240,29218,34669,35405,26014,28882,17658,22545,5365,10172,1844,1650,13979,13247,17188,15861,20315,20284,26589,27380,33092,33833,25328,28071,17192,21913,5196,9721,255288,239148,32739,30720,46598,44888,17888,91,39
2021-10-30T23:59:59+02:00,2225,2013,15685,14745,18752,17377,21750,21848,28240,29218,34669,35405,26014,28881,17658,22545,5365,10172,1842,1649,13978,13247,17188,15861,20315,20284,26589,27380,33091,33833,25328,28071,17192,21913,5196,9721,255278,239143,32738,30720,46598,44888,17888,91,39
2021-10-29T23:59:59+02:00,2201,1982,15553,14641,18607,17267,21628,21762,28121,29147,34602,35364,26003,28873,17653,22543,5365,10170,1829,1636,13913,13212,17137,15814,20266,20262,26552,27355,33072,33813,25325,28067,17190,21909,5196,9718,254367,238888,32689,30683,46598,44888,17768,91,39
2021-10-28T23:59:59+02:00,2178,1953,15416,14544,18423,17150,21508,21674,28022,29074,34541,35316,25990,28861,17649,22536,5365,10168,1815,1620,13835,13138,17042,15748,20205,20207,26504,27312,33033,33787,25303,28048,17183,21900,5192,9714,253527,238492,32604,30590,46597,44885,17580,91,39
2021-10-27T23:59:59+02:00,2153,1940,15355,14485,18375,17101,21452,21647,27988,29043,34514,35296,25985,28845,17642,22533,5365,10167,1803,1606,13803,13104,17021,15728,20191,20190,26485,27277,33010,33767,25285,28027,17175,21884,5188,9712,253079,238197,32601,30586,46597,44885,17549,91,39
2021-10-26T23:59:59+02:00,2140,1916,15313,14453,18337,17066,21422,21630,27970,29023,34495,35286,25977,28841,17639,22530,5365,10167,1794,1599,13779,13067,16997,15701,20169,20170,26468,27259,32988,33754,25274,28009,17165,21865,5184,9695,252776,237894,32595,30577,46597,44885,17542,91,39
2021-10-25T23:59:59+02:00,2133,1911,15280,14435,18315,17049,21407,21621,27957,29017,34491,35281,25977,28839,17639,22530,5365,10167,1793,1599,13775,13064,16994,15699,20169,20167,26467,27258,32985,33752,25274,28009,17165,21864,5184,9695,252624,237874,32591,30573,46597,44885,17542,91,39
2021-10-24T23:59:59+02:00,2123,1905,15265,14428,18300,17039,21395,21612,27945,29004,34483,35275,25976,28834,17637,22530,5365,10167,1787,1593,13764,13045,16987,15686,20162,20158,26458,27253,32980,33744,25270,28004,17163,21863,5183,9694,252502,237762,32591,30573,46595,44885,17535,91,39
2021-10-23T23:59:59+02:00,2123,1905,15265,14428,18299,17039,21395,21611,27945,29004,34483,35275,25976,28834,17637,22530,5365,10167,1787,1593,13764,13045,16987,15686,20162,20158,26458,27253,32979,33744,25270,28004,17163,21863,5183,9694,252500,237761,32591,30573,46595,44885,17535,91,39
2021-10-22T23:59:59+02:00,2108,1889,15199,14383,18207,16979,21328,21563,27891,28957,34452,35259,25976,28830,17636,22527,5364,10166,1770,1572,13713,12981,16942,15651,20132,20134,26437,27235,32959,33727,25262,28002,17163,21860,5183,9693,252031,237443,32531,30552,46595,44885,17497,91,39
2021-10-21T23:59:59+02:00,2078,1858,15081,14300,18086,16888,21237,21503,27818,28894,34386,35220,25962,28810,17630,22517,5363,10162,1743,1555,13635,12900,16873,15601,20075,20091,26383,27189,32912,33692,25245,27982,17152,21836,5182,9688,251274,236973,32477,30451,46595,44885,17386,91,39
2021-10-20T23:59:59+02:00,2065,1847,15035,14266,18037,16852,21189,21464,27787,28868,34358,35203,25955,28797,17622,22506,5362,10158,1721,1542,13606,12867,16841,15565,20045,20060,26352,27159,32889,33660,25225,27970,17141,21826,5182,9683,250877,236597,32463,30439,46595,44885,17374,91,39
2021-10-19T23:59:59+02:00,2056,1840,15015,14236,18016,16831,21173,21450,27774,28851,34340,35191,25943,28788,17620,22503,5362,10158,1707,1524,13586,12829,16805,15528,20015,20036,26328,27135,32858,33638,25208,27953,17134,21812,5178,9677,250666,236228,32463,30438,46595,44885,17361,91,39
2021-10-18T23:59:59+02:00,2051,1833,14993,14218,17999,16810,21148,21425,27760,28839,34327,35177,25941,28782,17618,22500,5359,10157,1693,1512,13559,12798,16790,15501,19994,20011,26310,27110,32843,33618,25196,27945,17130,21804,5175,9675,250480,235968,32452,30426,46595,44883,17348,91,39
2021-10-17T23:59:59+02:00,2047,1831,14968,14208,17996,16804,21144,21419,27754,28830,34324,35172,25936,28779,17616,22500,5358,10153,1691,1506,13533,12777,16770,15485,19980,19994,26294,27100,32834,33607,25187,27937,17126,21801,5170,9666,250392,235776,32451,30426,46595,44878,17339,91,39
2021-10-16T23:59:59+02:00,2047,1830,14968,14206,17996,16804,21143,21419,27754,28830,34324,35172,25936,28779,17616,22500,5358,10153,1691,1506,13533,12777,16770,15485,19980,19994,26294,27100,32834,33607,25187,27937,17126,21801,5170,9666,250388,235776,32451,30426,46595,44878,17339,91,39
2021-10-15T23:59:59+02:00,2042,1815,14939,14173,17976,16781,21119,21405,27739,28820,34309,35166,25936,28776,17615,22496,5358,10151,1674,1484,13463,12722,16736,15452,19943,19968,26272,27075,32823,33591,25184,27934,17121,21798,5169,9665,250221,235454,32426,30391,46595,44878,17312,91,39
2021-10-14T23:59:59+02:00,2014,1798,14845,14107,17915,16727,21081,21372,27702,28790,34280,35144,25928,28768,17611,22488,5357,10145,1647,1455,13365,12627,16671,15389,19897,19898,26214,27024,32780,33555,25166,27911,17107,21779,5167,9662,249813,234924,32370,30241,46595,44878,17232,91,39
2021-10-13T23:59:59+02:00,1999,1789,14814,14063,17890,16699,21065,21353,27678,28774,34259,35131,25921,28758,17603,22480,5356,10142,1632,1443,13320,12587,16641,15354,19860,19852,26186,26999,32751,33514,25146,27890,17098,21754,5162,9656,249534,234476,32368,30237,46595,44878,17215,91,39
2021-10-12T23:59:59+02:00,1990,1784,14783,14030,17871,16672,21039,21331,27659,28753,34240,35114,25916,28752,17601,22472,5355,10139,1618,1435,13279,12541,16617,15310,19826,19817,26161,26972,32722,33491,25128,27866,17087,21732,5152,9625,249271,234020,32366,30235,46595,44878,17207,91,39
2021-10-11T23:59:59+02:00,1984,1776,14760,14017,17857,16655,21025,21319,27647,28743,34231,35100,25912,28745,17597,22467,5355,10135,1614,1425,13245,12509,16601,15282,19807,19791,26143,26945,32697,33463,25110,27845,17080,21720,5151,9615,249111,233699,32366,30235,46594,44878,17192,91,39
2021-10-10T23:59:59+02:00,1971,1764,14742,13999,17839,16640,21015,21305,27641,28738,34220,35093,25912,28741,17596,22464,5353,10135,1594,1415,13217,12484,16574,15254,19786,19771,26127,26927,32684,33448,25102,27835,17075,21717,5149,9612,248969,233446,32366,30235,46594,44874,17177,91,39
2021-10-09T23:59:59+02:00,1971,1764,14742,13999,17838,16639,21014,21305,27641,28738,34219,35092,25912,28739,17596,22464,5353,10135,1594,1415,13217,12484,16573,15254,19785,19771,26127,26926,32683,33446,25102,27833,17075,21717,5149,9612,248968,233445,32366,30234,46594,44874,17171,91,39
2021-10-08T23:59:59+02:00,1954,1749,14705,13977,17810,16614,20991,21290,27622,28724,34204,35077,25907,28738,17596,22462,5352,10133,1571,1376,13140,12396,16518,15203,19732,19731,26098,26893,32662,33425,25091,27822,17070,21712,5147,9611,248772,232939,32348,30217,46594,44874,17129,91,39
2021-10-07T23:59:59+02:00,1932,1729,14636,13904,17742,16561,20945,21229,27574,28695,34154,35047,25883,28716,17588,22449,5351,10129,1531,1343,13044,12322,16454,15132,19682,19682,26024,26842,32614,33382,25066,27800,17052,21693,5139,9594,248312,232420,32290,30057,46593,44873,17007,91,39
2021-10-06T23:59:59+02:00,1923,1711,14600,13868,17719,16533,20927,21206,27544,28663,34121,35026,25869,28703,17585,22444,5348,10126,1514,1330,13017,12281,16429,15104,19657,19657,25996,26816,32591,33352,25054,27787,17042,21681,5137,9588,248010,232105,32290,30057,46593,44873,16959,91,39
2021-10-05T23:59:59+02:00,1916,1699,14576,13830,17686,16517,20906,21184,27522,28636,34101,34999,25852,28687,17576,22434,5348,10122,1497,1315,12984,12249,16403,15086,19636,19633,25975,26789,32569,33334,25047,27778,17035,21674,5133,9583,247709,231815,32289,30057,46592,44872,16937,91,39
2021-10-04T23:59:59+02:00,1904,1694,14531,13792,17655,16489,20885,21163,27499,28612,34085,34980,25845,28670,17573,22429,5347,10118,1475,1299,12950,12212,16384,15056,19623,19609,25951,26761,32551,33306,25036,27768,17029,21667,5131,9579,247458,231528,32262,30054,46591,44871,16895,91,39
2021-10-03T23:59:59+02:00,1892,1688,14513,13763,17637,16471,20873,21153,27490,28601,34075,34971,25836,28665,17566,22421,5346,10116,1464,1289,12928,12194,16360,15038,19612,19598,25941,26748,32540,33293,25025,27757,17029,21659,5131,9579,247322,231377,32252,30050,46588,44870,16849,91,39
2021-10-02T23:59:59+02:00,1891,1688,14511,13762,17636,16470,20873,21152,27490,28601,34074,34971,25836,28664,17566,22421,5346,10116,1464,1289,12928,12193,16360,15038,19612,19598,25941,26748,32540,33293,25025,27757,17029,21659,5131,9579,247313,231376,32252,30050,46588,44870,16849,91,39
2021-10-01T23:59:59+02:00,1878,1669,14449,13698,17574,16418,20831,21110,27453,28581,34048,34952,25828,28660,17566,22415,5346,10113,1429,1252,12825,12090,16278,14981,19553,19549,25905,26713,32508,33265,25010,27742,17025,21651,5130,9577,246984,230803,32220,30040,46588,44870,16731,91,39
2021-09-30T23:59:59+02:00,1865,1649,14351,13613,17511,16360,20769,21058,27396,28523,33990,34925,25806,28643,17557,22404,5344,10110,1405,1228,12719,12015,16205,14933,19502,19496,25850,26655,32453,33237,24989,27719,17019,21639,5127,9576,246616,230493,32092,29859,46585,44861,16515,91,39
2021-09-29T23:59:59+02:00,1850,1629,14326,13588,17488,16318,20731,21028,27369,28490,33964,34902,25786,28627,17551,22394,5344,10109,1387,1215,12687,11982,16185,14905,19489,19477,25835,26637,32435,33214,24974,27706,17009,21626,5124,9572,246266,230215,32091,29859,46585,44860,16486,91,39
2021-09-28T23:59:59+02:00,1833,1620,14297,13556,17459,16284,20704,20993,27337,28467,33937,34878,25772,28607,17541,22384,5341,10103,1362,1208,12647,11951,16164,14877,19475,19451,25816,26626,32422,33193,24968,27695,17006,21620,5122,9571,245913,229958,32090,29859,46585,44859,16459,91,39
2021-09-27T23:59:59+02:00,1825,1615,14269,13531,17440,16262,20679,20970,27315,28448,33918,34856,25764,28594,17539,22376,5341,10100,1348,1197,12609,11917,16143,14855,19449,19434,25796,26604,32413,33173,24960,27682,17000,21613,5120,9570,245694,229725,32090,29859,46585,44853,16407,91,39
2021-09-26T23:59:59+02:00,1821,1610,14253,13511,17420,16245,20668,20955,27299,28433,33910,34843,25753,28589,17535,22375,5340,10099,1341,1193,12593,11897,16128,14838,19436,19422,25787,26593,32402,33162,24954,27680,16997,21609,5119,9569,245542,229594,32090,29858,46585,44853,16376,91,39
2021-09-25T23:59:59+02:00,1818,1608,14240,13495,17399,16234,20647,20944,27280,28417,33897,34835,25746,28584,17530,22372,5339,10097,1339,1191,12582,11883,16110,14828,19416,19410,25772,26576,32390,33154,24948,27675,16992,21606,5119,9567,245499,229567,32090,29858,46585,44853,16241,91,39
2021-09-24T23:59:59+02:00,1800,1584,14158,13414,17330,16182,20592,20894,27241,28373,33857,34804,25728,28573,17520,22362,5337,10093,1310,1172,12485,11780,16028,14762,19362,19349,25725,26540,32342,33124,24925,27654,16983,21594,5117,9563,245102,229052,32071,29854,46585,44853,16017,91,39
2021-09-23T23:59:59+02:00,1779,1564,14055,13315,17237,16096,20500,20817,27159,28315,33808,34744,25702,28550,17508,22343,5333,10086,1297,1163,12396,11705,15958,14695,19288,19299,25665,26483,32296,33088,24905,27635,16977,21583,5114,9557,244612,228719,31970,29816,46584,44852,15678,91,39
2021-09-22T23:59:59+02:00,1760,1551,14018,13267,17187,16054,20448,20770,27120,28268,33757,34693,25672,28523,17500,22321,5329,10082,1280,1154,12354,11659,15912,14662,19258,19270,25636,26455,32246,33053,24877,27610,16971,21569,5110,9548,244191,228396,31945,29807,46584,44850,15532,91,39
2021-09-21T23:59:59+02:00,1747,1536,13956,13214,17165,16004,20415,20731,27089,28228,33721,34672,25659,28506,17488,22297,5321,10054,1255,1131,12307,11599,15882,14634,19225,19231,25609,26427,32221,33026,24856,27593,16968,21560,5108,9537,243700,228015,31941,29757,46584,44848,15510,91,39
2021-09-20T23:59:59+02:00,1737,1529,13905,13175,17128,15963,20374,20698,27047,28189,33686,34638,25639,28479,17480,22280,5310,10027,1236,1127,12251,11563,15849,14611,19196,19205,25581,26404,32199,33002,24843,27580,16965,21552,5103,9523,243258,227713,31941,29757,46584,44848,15433,91,39
2021-09-19T23:59:59+02:00,1732,1520,13880,13149,17097,15941,20347,20679,27026,28161,33673,34624,25631,28470,17477,22277,5309,10025,1232,1116,12227,11542,15827,14591,19182,19186,25568,26392,32189,32991,24836,27575,16959,21546,5102,9523,243029,227546,31940,29756,46584,44846,15397,91,39
2021-09-18T23:59:59+02:00,1729,1516,13868,13137,17086,15934,20337,20672,27019,28157,33667,34620,25631,28470,17477,22276,5309,10025,1232,1114,12220,11534,15817,14586,19172,19183,25561,26388,32184,32989,24836,27575,16959,21546,5102,9523,242992,227526,31927,29751,46584,44846,15359,91,39
2021-09-17T23:59:59+02:00,1706,1482,13767,13023,16978,15858,20256,20601,26949,28097,33614,34576,25608,28447,17465,22265,5308,10022,1215,1097,12135,11457,15716,14509,19084,19111,25492,26319,32121,32946,24817,27555,16949,21528,5101,9519,242527,227085,31880,29739,46584,44845,14963,91,39
2021-09-16T23:59:59+02:00,1679,1444,13668,12913,16890,15762,20164,20511,26847,28010,33537,34510,25576,28414,17451,22241,5301,10001,1191,1071,12045,11378,15646,14445,19002,19032,25403,26237,32060,32891,24775,27517,16939,21515,5098,9508,241910,226617,31783,29680,46584,44843,14574,91,39
2021-09-15T23:59:59+02:00,1661,1435,13608,12860,16838,15700,20118,20460,26791,27959,33485,34454,25550,28382,17436,22212,5294,9978,1171,1055,11985,11317,15590,14394,18950,18981,25342,26188,32002,32835,24743,27484,16923,21496,5094,9497,241490,226182,31762,29664,46580,44841,14321,91,39
2021-09-14T23:59:59+02:00,1645,1424,13544,12792,16765,15648,20058,20413,26741,27902,33435,34403,25527,28363,17423,22201,5290,9973,1143,1033,11922,11255,15517,14334,18896,18936,25294,26134,31945,32782,24712,27461,16909,21480,5094,9492,241088,225788,31710,29570,46580,44841,14101,91,39
2021-09-13T23:59:59+02:00,1623,1408,13506,12755,16738,15621,20039,20388,26719,27877,33414,34379,25517,28355,17418,22190,5290,9970,1126,1018,11879,11221,15484,14312,18873,18906,25270,26106,31918,32760,24702,27450,16896,21471,5091,9491,240806,225480,31709,29568,46575,44839,14048,91,39
2021-09-12T23:59:59+02:00,1612,1405,13473,12732,16696,15605,20025,20377,26708,27858,33408,34367,25511,28348,17417,22186,5290,9967,1114,1012,11835,11201,15438,14294,18849,18885,25254,26093,31904,32746,24694,27441,16893,21467,5090,9488,240646,225265,31709,29568,46573,44838,13988,91,39
2021-09-11T23:59:59+02:00,1601,1404,13457,12720,16682,15596,20015,20374,26696,27852,33404,34363,25507,28347,17416,22185,5288,9967,1035,950,11768,11150,15422,14286,18841,18874,25241,26082,31896,32733,24692,27439,16892,21466,5090,9488,240581,224941,31688,29566,46573,44838,13961,91,39
2021-09-10T23:59:59+02:00,1562,1358,13308,12593,16610,15519,19908,20289,26614,27788,33342,34309,25467,28316,17401,22162,5282,9962,1008,925,11647,11047,15337,14203,18732,18790,25148,26025,31822,32676,24650,27408,16876,21446,5085,9483,239983,224385,31670,29555,46573,44838,13491,91,39
2021-09-09T23:59:59+02:00,1539,1337,13238,12528,16556,15469,19855,20251,26562,27721,33300,34269,25439,28298,17396,22149,5278,9955,988,901,11584,10974,15285,14151,18679,18759,25092,25984,31775,32642,24628,27393,16863,21436,5082,9472,239614,224012,31595,29515,46573,44838,13284,91,39
2021-09-08T23:59:59+02:00,1524,1320,13209,12504,16540,15445,19835,20238,26546,27709,33287,34258,25427,28290,17390,22143,5275,9952,976,885,11540,10930,15260,14133,18667,18742,25074,25960,31753,32631,24614,27378,16861,21430,5082,9470,239394,223735,31595,29515,46569,44837,13260,91,39
2021-09-07T23:59:59+02:00,1491,1302,13151,12457,16500,15413,19812,20209,26509,27688,33253,34228,25402,28272,17384,22128,5270,9946,958,876,11481,10865,15206,14080,18630,18709,25027,25915,31701,32604,24586,27355,16853,21413,5077,9468,239160,223427,31511,29400,46569,44837,13101,91,39
2021-09-06T23:59:59+02:00,1476,1293,13121,12423,16479,15390,19793,20188,26493,27673,33242,34219,25399,28259,17381,22124,5267,9946,945,867,11459,10833,15188,14048,18608,18693,25011,25895,31679,32589,24575,27342,16852,21405,5074,9468,238943,223198,31511,29389,46569,44836,13069,91,39
2021-09-05T23:59:59+02:00,1466,1285,13104,12403,16463,15374,19782,20181,26487,27664,33232,34207,25397,28256,17379,22120,5267,9946,938,862,11440,10817,15163,14032,18597,18684,25004,25888,31670,32569,24572,27331,16849,21400,5072,9467,238815,223048,31511,29389,46569,44835,13044,91,39
2021-09-04T23:59:59+02:00,1466,1285,13103,12402,16463,15374,19780,20181,26486,27664,33232,34207,25397,28256,17379,22119,5267,9946,937,862,11440,10815,15161,14032,18592,18684,25003,25886,31670,32567,24571,27331,16849,21400,5072,9467,238813,223037,31511,29388,46569,44835,13040,91,39
2021-09-03T23:59:59+02:00,1439,1269,13001,12305,16407,15322,19742,20142,26444,27637,33195,34190,25379,28245,17375,22108,5265,9945,893,828,11299,10688,15098,13955,18521,18638,24932,25837,31611,32531,24538,27303,16836,21384,5069,9463,238315,222224,31511,29385,46569,44835,12941,91,39
2021-09-02T23:59:59+02:00,1424,1262,12937,12263,16364,15289,19708,20115,26410,27603,33170,34169,25364,28233,17370,22103,5265,9941,888,822,11222,10650,15050,13920,18483,18618,24899,25815,31573,32501,24519,27282,16830,21379,5069,9461,238092,221961,31447,29343,46565,44826,12812,91,39
2021-09-01T23:59:59+02:00,1401,1247,12901,12225,16343,15269,19689,20100,26392,27583,33148,34144,25354,28222,17364,22093,5262,9937,873,800,11181,10615,15030,13892,18463,18598,24878,25793,31548,32469,24504,27268,16822,21373,5067,9459,237792,221631,31447,29341,46564,44825,12797,91,39
2021-08-31T23:59:59+02:00,1369,1225,12846,12165,16298,15233,19656,20055,26346,27534,33108,34109,25338,28201,17358,22080,5258,9933,851,775,11109,10546,14982,13831,18411,18565,24828,25739,31491,32426,24473,27252,16813,21360,5064,9452,237482,221202,31384,29312,46564,44806,12609,90,39
2021-08-30T23:59:59+02:00,1345,1210,12801,12127,16273,15211,19636,20038,26323,27517,33086,34092,25327,28191,17358,22076,5256,9931,843,764,11031,10513,14954,13810,18389,18541,24800,25723,31464,32399,24462,27237,16807,21353,5061,9449,237227,220905,31384,29312,46564,44795,12549,90,39
2021-08-29T23:59:59+02:00,1339,1204,12787,12110,16262,15202,19627,20028,26320,27508,33079,34078,25322,28185,17356,22075,5256,9931,831,755,11013,10476,14944,13793,18373,18527,24787,25714,31456,32387,24453,27225,16805,21348,5061,9449,237122,220730,31384,29312,46564,44791,12525,90,39
2021-08-28T23:59:59+02:00,1332,1190,12755,12089,16248,15190,19616,20014,26313,27498,33070,34072,25320,28180,17355,22072,5256,9930,812,730,10937,10405,14909,13760,18326,18500,24751,25681,31413,32356,24436,27212,16796,21332,5061,9446,236960,220203,31384,29312,46564,44791,12518,90,39
2021-08-27T23:59:59+02:00,1313,1175,12692,12034,16202,15142,19558,19964,26258,27448,33027,34042,25302,28169,17351,22058,5256,9927,809,725,10900,10371,14868,13734,18310,18484,24716,25657,31385,32335,24423,27201,16793,21328,5061,9445,236536,220045,31384,29311,46564,44790,12360,90,39
2021-08-26T23:59:59+02:00,1293,1159,12622,11978,16156,15099,19514,19924,26204,27390,32976,33997,25272,28140,17344,22048,5253,9923,799,710,10831,10321,14820,13690,18264,18455,24671,25619,31339,32296,24401,27184,16785,21319,5061,9441,236166,219727,31325,29296,46564,44783,12161,90,39
2021-08-25T23:59:59+02:00,1276,1144,12599,11936,16135,15073,19492,19908,26177,27373,32941,33968,25253,28122,17337,22041,5252,9920,785,697,10781,10279,14789,13661,18231,18424,24648,25600,31306,32258,24388,27167,16778,21309,5059,9438,235852,219350,31325,29296,46558,44779,12134,90,39
2021-08-24T23:59:59+02:00,1249,1126,12540,11864,16078,15029,19447,19867,26130,27328,32896,33935,25233,28098,17325,22029,5251,9915,763,677,10703,10205,14745,13621,18185,18388,24598,25549,31264,32221,24364,27140,16763,21293,5058,9437,235541,218937,31199,29256,46558,44779,11963,90,39
2021-08-23T23:59:59+02:00,1236,1113,12502,11828,16053,15010,19426,19832,26110,27292,32866,33913,25219,28085,17321,22020,5251,9912,740,661,10647,10152,14715,13583,18147,18354,24571,25519,31229,32188,24351,27120,16756,21290,5056,9436,235242,218532,31198,29256,46557,44776,11912,90,39
2021-08-22T23:59:59+02:00,1228,1106,12487,11806,16038,14994,19419,19813,26098,27281,32855,33897,25208,28079,17319,22018,5248,9912,725,652,10618,10123,14693,13566,18127,18343,24558,25501,31214,32175,24343,27109,16754,21285,5055,9435,235077,218312,31198,29256,46557,44775,11894,90,39
2021-08-21T23:59:59+02:00,1140,1034,12412,11748,16026,14982,19408,19801,26088,27270,32845,33881,25203,28075,17316,22015,5248,9912,714,646,10594,10093,14676,13562,18118,18331,24549,25495,31207,32169,24340,27109,16753,21285,5055,9435,234703,218189,31192,29256,46557,44775,11872,90,39
2021-08-20T23:59:59+02:00,1120,1018,12351,11679,15966,14927,19345,19762,26034,27237,32795,33854,25188,28064,17307,22010,5247,9910,710,640,10539,10056,14634,13526,18078,18305,24514,25476,31177,32152,24331,27102,16747,21282,5055,9434,234202,217905,31192,29256,46557,44775,11783,90,39
2021-08-19T23:59:59+02:00,1094,994,12282,11622,15905,14895,19295,19711,25972,27187,32752,33819,25157,28041,17295,21999,5244,9908,701,628,10444,9977,14565,13487,18022,18267,24445,25433,31110,32108,24290,27083,16738,21265,5054,9431,233909,217469,31100,29247,46557,44767,11526,90,39
2021-08-18T23:59:59+02:00,1082,978,12242,11586,15876,14865,19267,19681,25942,27156,32715,33793,25138,28029,17290,21990,5242,9907,687,617,10389,9909,14517,13463,17972,18238,24399,25396,31051,32069,24268,27065,16732,21252,5050,9425,233591,217011,31099,29239,46556,44757,11453,90,39
2021-08-17T23:59:59+02:00,1055,953,12191,11545,15847,14823,19236,19649,25914,27133,32679,33755,25120,28009,17280,21973,5241,9901,672,593,10295,9827,14463,13415,17918,18184,24349,25355,30991,32026,24239,27041,16721,21232,5048,9418,233288,216412,30974,29179,46556,44753,11405,90,38
2021-08-16T23:59:59+02:00,1043,946,12159,11518,15829,14806,19217,19630,25891,27109,32660,33733,25100,27994,17272,21958,5238,9899,657,580,10239,9759,14438,13372,17893,18147,24305,25320,30954,31995,24212,27007,16706,21218,5048,9415,233058,215967,30973,29179,46556,44747,11334,90,38
2021-08-15T23:59:59+02:00,1035,946,12134,11502,15815,14789,19203,19615,25881,27099,32639,33718,25094,27985,17268,21947,5237,9899,650,572,10192,9724,14400,13349,17870,18124,24280,25306,30933,31969,24194,26999,16701,21210,5047,9413,232898,215674,30972,29179,46555,44742,11300,90,38
2021-08-14T23:59:59+02:00,1034,946,12133,11499,15815,14788,19200,19613,25880,27099,32639,33717,25094,27985,17268,21947,5237,9899,594,511,10026,9504,14294,13258,17795,18078,24231,25274,30893,31936,24179,26986,16698,21207,5045,9412,232890,214669,30972,29178,46555,44741,11295,90,38
2021-08-13T23:59:59+02:00,989,906,11981,11374,15763,14727,19135,19557,25809,27048,32587,33681,25069,27956,17257,21937,5236,9895,586,506,9973,9449,14254,13229,17756,18053,24199,25254,30869,31915,24168,26973,16692,21198,5045,9408,232060,214331,30971,29178,46555,44738,11242,88,38
2021-08-12T23:59:59+02:00,975,884,11924,11313,15714,14687,19098,19531,25763,27024,32541,33652,25044,27940,17248,21931,5236,9892,577,497,9881,9383,14181,13187,17694,18003,24132,25218,30815,31866,24140,26948,16676,21180,5043,9408,231828,213908,30946,29172,46555,44723,10988,88,38
2021-08-11T23:59:59+02:00,961,873,11891,11279,15695,14664,19065,19513,25741,27005,32516,33623,25025,27917,17244,21923,5235,9890,533,464,9808,9321,14127,13147,17647,17959,24091,25196,30775,31818,24110,26916,16660,21167,5042,9402,231535,213336,30945,29168,46554,44695,10946,88,38
2021-08-10T23:59:59+02:00,942,863,11803,11227,15643,14633,19021,19476,25687,26970,32459,33569,25008,27902,17237,21910,5234,9887,520,457,9712,9233,14075,13112,17615,17925,24044,25157,30722,31771,24077,26882,16653,21147,5038,9397,231153,212812,30813,29133,46552,44681,10873,88,38
2021-08-09T23:59:59+02:00,939,846,11775,11192,15627,14617,18999,19463,25655,26948,32430,33538,25000,27893,17231,21902,5234,9884,508,440,9657,9171,14034,13062,17578,17884,24013,25112,30687,31731,24063,26865,16648,21134,5036,9391,230913,212356,30813,29130,46551,44674,10816,88,38
2021-08-08T23:59:59+02:00,929,839,11739,11169,15605,14603,18979,19442,25630,26928,32408,33521,24992,27877,17224,21898,5233,9884,486,431,9580,9115,13985,13033,17551,17854,23980,25077,30655,31700,24050,26846,16640,21120,5035,9388,230722,211953,30813,29129,46551,44673,10733,88,38
2021-08-07T23:59:59+02:00,909,812,11642,11091,15561,14562,18937,19408,25591,26898,32362,33489,24975,27865,17215,21880,5232,9881,417,358,8960,8525,13541,12678,17338,17668,23829,24967,30502,31623,23991,26795,16619,21093,5030,9385,230133,208749,30813,29127,46551,44673,10732,88,38
2021-08-06T23:59:59+02:00,900,809,11612,11066,15547,14549,18926,19402,25576,26882,32353,33482,24971,27861,17210,21878,5232,9880,375,309,8375,7904,13028,12280,17109,17462,23684,24855,30407,31544,23960,26748,16607,21079,5027,9378,230084,205578,30692,29114,46551,44673,10728,88,38
2021-08-05T23:59:59+02:00,897,802,11572,11035,15504,14520,18886,19370,25530,26847,32305,33435,24930,27839,17208,21867,5232,9874,367,303,8320,7840,12979,12228,17060,17421,23620,24815,30331,31490,23913,26706,16593,21061,5025,9369,229856,205156,30691,29109,46549,44664,10474,88,38
2021-08-04T23:59:59+02:00,880,786,11542,11005,15485,14488,18853,19344,25503,26818,32259,33396,24915,27826,17203,21861,5230,9866,345,293,8230,7753,12923,12181,17008,17377,23563,24771,30271,31419,23876,26668,16583,21048,5023,9363,229589,204568,30689,29108,46547,44629,10352,88,38
2021-08-03T23:59:59+02:00,864,769,11495,10965,15461,14466,18821,19324,25477,26789,32224,33361,24895,27807,17193,21856,5226,9865,320,282,8148,7667,12853,12130,16939,17325,23503,24733,30228,31369,23840,26634,16568,21037,5020,9359,229253,203909,30687,29098,46546,44621,10289,88,38
2021-08-02T23:59:59+02:00,855,766,11459,10935,15438,14435,18794,19304,25448,26764,32192,33333,24881,27787,17185,21847,5225,9863,310,275,8051,7575,12775,12069,16880,17260,23446,24661,30177,31311,23821,26611,16547,21027,5018,9354,228972,203197,30686,29097,46546,44613,10223,88,38
2021-08-01T23:59:59+02:00,847,759,11433,10906,15425,14421,18779,19293,25428,26752,32175,33318,24877,27778,17184,21844,5223,9862,297,258,7984,7508,12713,12021,16835,17213,23409,24629,30150,31286,23805,26592,16543,21021,5016,9353,228825,202738,30682,29096,46546,44594,10167,88,38
2021-07-31T23:59:59+02:00,844,758,11430,10900,15423,14418,18775,19289,25427,26751,32172,33317,24877,27777,17184,21844,5223,9862,275,238,7831,7323,11943,11352,16279,16774,23313,24550,30085,31215,23775,26556,16531,21002,5015,9351,228795,199516,30681,29096,46546,44593,10165,88,38
2021-07-30T23:59:59+02:00,843,757,11417,10891,15420,14415,18768,19282,25420,26746,32162,33312,24876,27775,17184,21841,5223,9862,228,198,7550,7084,11400,10905,15800,16343,23175,24443,29976,31103,23738,26511,16514,20980,5015,9347,228727,196437,30680,29095,46544,44581,10159,88,38
2021-07-29T23:59:59+02:00,831,748,11378,10844,15382,14394,18728,19256,25383,26712,32109,33283,24858,27755,17173,21823,5223,9859,138,134,7178,6776,10735,10385,15283,15927,22998,24297,29828,30992,23683,26459,16485,20955,5011,9344,228409,192965,30678,29085,46544,44496,10024,88,38
2021-07-28T23:59:59+02:00,812,735,11331,10791,15358,14365,18697,19228,25357,26684,32082,33258,24842,27737,17168,21811,5222,9855,119,105,7013,6623,10588,10261,15171,15792,22905,24201,29726,30893,23641,26401,16466,20926,5010,9334,228080,191716,30678,29083,46539,44386,9952,88,38
2021-07-27T23:59:59+02:00,803,726,11286,10751,15315,14325,18656,19202,25328,26658,32046,33236,24826,27712,17161,21799,5221,9847,99,92,6792,6409,10427,10146,15026,15660,22801,24092,29618,30780,23589,26337,16450,20899,5007,9322,227759,190564,30678,28755,46538,44350,9839,88,38
2021-07-26T23:59:59+02:00,793,713,11236,10702,15289,14304,18638,19174,25300,26627,32014,33210,24811,27690,17149,21787,5220,9844,91,83,6676,6333,10331,10072,14959,15580,22718,24032,29553,30706,23556,26293,16438,20882,5003,9316,227459,189779,30676,28751,46537,44310,9744,88,38
2021-07-25T23:59:59+02:00,782,703,11207,10674,15268,14279,18618,19150,25273,26602,31993,33192,24794,27679,17145,21778,5219,9842,76,78,6600,6253,10263,10009,14886,15520,22664,23978,29497,30668,23525,26272,16426,20868,5003,9312,227260,189192,30676,28747,46536,44280,9641,88,38
2021-07-24T23:59:59+02:00,758,681,11130,10591,15229,14252,18594,19129,25253,26586,31981,33179,24794,27675,17142,21776,5219,9842,76,77,6201,5905,10114,9896,14510,15237,22440,23819,29379,30584,23489,26234,16409,20851,5000,9308,226880,186835,30676,28744,46536,44278,9634,88,38
2021-07-23T23:59:59+02:00,732,659,11062,10505,15199,14218,18566,19115,25232,26565,31966,33161,24783,27670,17140,21776,5219,9839,73,73,5829,5599,9995,9789,14163,14972,22243,23643,29259,30466,23437,26166,16398,20830,4996,9301,226492,184565,30675,28744,46536,44266,9619,88,38
2021-07-22T23:59:59+02:00,691,619,10907,10340,15101,14129,18479,19066,25152,26511,31893,33097,24747,27629,17126,21758,5215,9834,61,62,5512,5302,9726,9573,13579,14494,21922,23384,29027,30237,23336,26068,16356,20792,4992,9298,225536,181240,30674,28732,46535,44247,9464,88,38
2021-07-21T23:59:59+02:00,671,594,10842,10285,15064,14102,18439,19028,25112,26481,31853,33047,24722,27594,17110,21746,5212,9829,51,56,4904,4838,9283,9317,13195,14264,21689,23230,28840,30088,23271,25992,16331,20769,4990,9295,225105,179468,30663,27472,46532,44079,9346,88,38
2021-07-20T23:59:59+02:00,653,577,10784,10230,15038,14066,18404,19001,25081,26449,31817,33013,24702,27573,17105,21731,5209,9822,46,46,4763,4726,9134,9186,13028,14129,21576,23109,28709,29963,23191,25888,16309,20729,4983,9289,224725,178126,30663,27460,46530,43929,9251,88,38
2021-07-19T23:59:59+02:00,640,564,10746,10199,15007,14042,18380,18992,25052,26423,31784,32984,24685,27550,17099,21720,5207,9819,40,43,4683,4659,9036,9108,12910,14032,21478,23001,28610,29843,23135,25831,16283,20700,4978,9283,224477,177187,30663,27451,46521,43831,9146,88,38
2021-07-18T23:59:59+02:00,625,555,10693,10147,14972,14021,18355,18974,25032,26407,31761,32965,24675,27539,17093,21711,5206,9814,38,41,4575,4558,8900,8987,12783,13892,21391,22910,28537,29764,23106,25801,16274,20687,4975,9282,224200,176175,30663,27436,46521,43777,9075,88,38
2021-07-17T23:59:59+02:00,550,484,10405,9848,14857,13919,18264,18895,24926,26334,31653,32914,24640,27505,17080,21691,5204,9813,37,40,4528,4517,8846,8914,12547,13697,20965,22565,28406,29632,23069,25748,16265,20672,4974,9279,222640,174378,30663,27436,46519,43775,9074,88,38
2021-07-16T23:59:59+02:00,521,447,10270,9727,14797,13878,18212,18843,24890,26301,31633,32889,24631,27490,17077,21684,5204,9810,37,40,4482,4475,8770,8873,12176,13418,20421,22165,28273,29538,23019,25711,16256,20667,4972,9277,221972,172266,30663,27433,46518,43768,9065,88,38
2021-07-15T23:59:59+02:00,489,410,10132,9622,14729,13827,18155,18774,24835,26253,31583,32836,24606,27453,17059,21669,5197,9806,24,30,4269,4338,8440,8663,11660,13016,19313,21318,27856,29193,22849,25541,16191,20594,4962,9261,221238,167561,30661,27419,46517,43567,8933,88,38
2021-07-14T23:59:59+02:00,468,396,10102,9596,14691,13806,18125,18739,24797,26212,31532,32783,24576,27425,17048,21652,5196,9804,21,27,4145,4187,8183,8491,11429,12871,19135,21207,27708,29066,22784,25463,16157,20556,4957,9252,220865,165992,30661,27400,46516,43389,8820,88,38
2021-07-13T23:59:59+02:00,444,382,10052,9543,14661,13777,18098,18706,24760,26191,31497,32741,24560,27394,17037,21640,5195,9801,21,25,4050,4091,8007,8333,11228,12680,18999,21067,27554,28903,22687,25379,16122,20502,4953,9241,220453,164528,30661,27379,46515,43133,8764,88,38
2021-07-12T23:59:59+02:00,432,360,10006,9491,14633,13758,18068,18677,24723,26148,31463,32697,24536,27371,17022,21635,5192,9798,20,22,3944,3992,7835,8212,11069,12543,18883,20946,27431,28783,22614,25317,16095,20476,4952,9236,220078,163359,30660,27360,46514,42942,8671,88,38
2021-07-11T23:59:59+02:00,424,342,9975,9462,14612,13738,18051,18667,24701,26139,31442,32679,24524,27361,17020,21633,5192,9796,17,20,3875,3922,7718,8114,10921,12415,18757,20844,27330,28669,22570,25269,16074,20451,4950,9233,219882,162398,30657,27355,46513,42739,8619,88,38
2021-07-10T23:59:59+02:00,398,319,9862,9359,14558,13698,18001,18644,24676,26119,31423,32663,24516,27352,17016,21629,5190,9794,17,19,3840,3898,7659,8074,10886,12386,18728,20819,27301,28647,22562,25254,16070,20446,4950,9233,219355,162096,30655,27354,46510,42691,8610,88,38
2021-07-09T23:59:59+02:00,338,271,9603,9148,14455,13618,17922,18573,24590,26066,31374,32602,24494,27321,17002,21611,5190,9789,16,18,3773,3859,7522,7983,10668,12237,18502,20680,26885,28328,22378,25060,16015,20385,4947,9226,218130,159946,30655,27350,46509,42562,8586,88,38
2021-07-08T23:59:59+02:00,259,204,9408,9004,14354,13541,17828,18499,24531,26015,31291,32544,24466,27290,16989,21593,5186,9784,14,15,3615,3735,7211,7794,10316,12008,18155,20397,26580,28069,22203,24902,15947,20309,4940,9210,217025,157568,30652,27302,46496,41986,8526,88,38
2021-07-07T23:59:59+02:00,220,176,9320,8900,14314,13510,17791,18458,24478,25978,31249,32504,24441,27260,16976,21575,5186,9776,12,11,3438,3608,6892,7572,9377,11275,17568,19969,26178,27757,21965,24594,15868,20212,4926,9196,216387,154953,30649,25547,46494,41385,8495,88,38
2021-07-06T23:59:59+02:00,198,164,9241,8843,14263,13480,17755,18415,24436,25939,31188,32457,24405,27232,16961,21558,5184,9774,12,10,3321,3535,6688,7448,9106,11111,17322,19787,25901,27501,21808,24391,15787,20108,4913,9181,215820,153016,30635,25535,46491,40881,8460,88,38
2021-07-05T23:59:59+02:00,186,149,9154,8758,14222,13435,17720,18365,24399,25909,31143,32407,24382,27209,16952,21544,5183,9772,12,9,3269,3502,6561,7370,8957,10990,17177,19647,25729,27345,21665,24223,15738,20055,4902,9171,215266,151952,30635,25526,46489,40394,8412,88,38
2021-07-04T23:59:59+02:00,171,142,9102,8708,14189,13422,17694,18347,24373,25888,31122,32381,24367,27195,16946,21536,5182,9769,10,8,3220,3458,6495,7328,8868,10918,17091,19561,25599,27234,21540,24094,15696,20003,4900,9164,214989,151288,30634,25514,46474,39997,8350,88,38
2021-07-03T23:59:59+02:00,168,139,8596,8227,14030,13304,17594,18231,24277,25829,31058,32333,24346,27173,16934,21526,5180,9766,9,8,3160,3380,6375,7208,8694,10775,16872,19375,25210,26923,21425,23956,15666,19963,4897,9158,213185,149230,30633,25514,46474,39940,8332,88,38
2021-07-02T23:59:59+02:00,161,135,8027,7769,13887,13195,17502,18154,24208,25760,30998,32271,24308,27131,16928,21506,5178,9761,8,8,3049,3272,6104,7052,8437,10535,16501,19046,24731,26496,21198,23682,15597,19881,4891,9155,211359,146148,30633,25512,46471,39616,8329,88,38
2021-07-01T23:59:59+02:00,148,125,7899,7665,13803,13136,17432,18101,24140,25709,30946,32218,24280,27106,16918,21494,5177,9760,7,7,2861,3086,5756,6769,7998,10114,15911,18568,23961,25831,20707,23209,15470,19719,4879,9130,210571,141552,30628,25499,46464,38587,8307,88,38
2021-06-30T23:59:59+02:00,130,112,7754,7549,13739,13086,17378,18048,24087,25655,30886,32172,24249,27084,16904,21476,5177,9755,6,7,2765,3011,5600,6627,7770,9892,14952,17696,23346,25279,20347,22815,15337,19558,4865,9096,210005,140011,30453,23224,46460,37460,8236,88,38
2021-06-29T23:59:59+02:00,115,99,7687,7451,13692,13046,17341,18003,24034,25594,30835,32112,24229,27058,16894,21460,5174,9751,4,5,2707,2965,5470,6529,7616,9758,14783,17523,23100,25043,20086,22489,15238,19457,4853,9076,209376,138884,30451,23211,46457,36365,8204,88,38
2021-06-28T23:59:59+02:00,110,93,7622,7380,13624,12984,17294,17952,23992,25549,30778,32068,24212,27030,16887,21450,5172,9749,3,4,2676,2932,5402,6477,7525,9687,14686,17441,22948,24829,19883,22243,15183,19388,4849,9062,208832,138280,30449,23201,46449,35570,8129,88,38
2021-06-27T23:59:59+02:00,96,88,7574,7318,13593,12947,17265,17919,23973,25514,30751,32040,24200,27022,16880,21444,5172,9747,2,3,2654,2918,5353,6452,7452,9641,14589,17376,22852,24742,19756,22100,15152,19337,4845,9053,208477,137765,30449,23189,46443,35198,8087,88,38
2021-06-26T23:59:59+02:00,92,85,7073,6777,13200,12647,17150,17815,23908,25457,30715,32005,24191,27005,16876,21433,5171,9746,2,3,2554,2809,5163,6262,7252,9450,14042,16921,22189,24106,19608,21958,15107,19284,4843,9045,206301,134124,30447,23188,46443,35178,8087,69,21
2021-06-25T23:59:59+02:00,91,82,6594,6296,12746,12274,16989,17696,23818,25392,30634,31965,24168,26978,16871,21423,5169,9743,2,3,2453,2655,4987,6067,6992,9152,13509,16387,21636,23519,19412,21748,15049,19217,4839,9033,203901,130417,30447,23188,46443,34964,8070,69,21
2021-06-24T23:59:59+02:00,81,70,6372,6085,12523,12122,16883,17614,23745,25339,30576,31917,24134,26936,16865,21413,5167,9736,2,3,2249,2421,4617,5686,6492,8663,12784,15672,20483,22514,18948,21266,14944,19086,4827,9018,202633,124468,30445,23177,46436,34013,7996,69,21
2021-06-23T23:59:59+02:00,76,68,5804,5588,12361,12011,16764,17502,23670,25292,30512,31867,24101,26913,16858,21399,5163,9732,2,3,2211,2368,4554,5566,6400,8513,12550,15383,20239,22253,18649,20936,14847,18972,4816,9001,202122,123444,29118,23028,46426,32823,7947,69,21
2021-06-22T23:59:59+02:00,71,63,5664,5458,12261,11905,16676,17428,23610,25230,30443,31788,24073,26880,16848,21378,5159,9730,2,2,2159,2331,4460,5484,6275,8366,11680,14723,19825,21844,18313,20581,14739,18833,4806,8980,201182,122518,29111,21336,46407,31631,7897,69,21
2021-06-21T23:59:59+02:00,68,60,5530,5345,12184,11812,16611,17341,23553,25156,30393,31730,24048,26852,16835,21363,5159,9726,2,2,2126,2296,4400,5387,6188,8238,10898,14014,19372,21434,18085,20351,14677,18736,4797,8963,200356,121713,29105,19548,46402,30849,7835,69,21
2021-06-20T23:59:59+02:00,66,58,5413,5221,12018,11635,16545,17218,23504,25090,30351,31674,24032,26830,16829,21348,5154,9721,2,2,2108,2266,4359,5346,6117,8187,10795,13935,19261,21308,17928,20161,14611,18652,4793,8956,199353,121179,29101,19545,46396,30253,7789,69,21
2021-06-19T23:59:59+02:00,62,54,5396,5203,11249,10971,16065,16823,23442,25045,30307,31631,24014,26810,16821,21336,5154,9721,2,2,2035,2145,4154,5111,5833,7903,10466,13598,18204,20450,17755,19969,14578,18587,4788,8944,196752,116932,29101,19545,46395,30238,7788,69,21
2021-06-18T23:59:59+02:00,59,53,5360,5175,10606,10387,15454,16258,23350,24976,30237,31568,23986,26780,16810,21321,5153,9719,2,2,1965,2055,4013,4968,5555,7632,10083,13233,17051,19237,17552,19731,14529,18522,4785,8934,193910,112514,29093,19544,46395,29984,7786,69,21
2021-06-17T23:59:59+02:00,52,44,5245,5071,9927,9883,14965,15869,23250,24888,30155,31474,23946,26734,16796,21300,5152,9716,2,2,1836,1949,3756,4721,5166,7266,9541,12746,15862,18044,17091,19241,14388,18347,4772,8910,191319,107378,29090,19535,46392,29064,7648,19,15
2021-06-16T23:59:59+02:00,50,36,5114,4940,9730,9718,14819,15739,23156,24794,30056,31398,23903,26690,16781,21288,5151,9706,2,2,1794,1908,3648,4632,5061,7145,8509,11893,15589,17745,16796,18905,14253,18177,4766,8877,190143,106478,29078,17656,46390,28113,7440,19,15
2021-06-15T23:59:59+02:00,44,30,4932,4760,9547,9564,14682,15595,23064,24703,29980,31313,23860,26616,16755,21255,5143,9691,2,2,1735,1853,3566,4536,4967,7027,8393,11750,15407,17515,16476,18594,14111,18008,4744,8818,188827,105703,29075,17652,46371,26891,7243,19,15
2021-06-14T23:59:59+02:00,42,27,4855,4698,9455,9455,14605,15505,22992,24631,29909,31251,23828,26577,16740,21237,5140,9685,2,2,1715,1830,3530,4511,4926,6994,8292,11687,15270,17381,16296,18389,14018,17910,4739,8810,188082,105476,29069,17650,46365,26063,7098,19,15
2021-06-13T23:59:59+02:00,41,26,4798,4649,9372,9381,14521,15439,22930,24580,29842,31198,23802,26549,16731,21227,5140,9683,2,2,1668,1817,3486,4487,4871,6952,8219,11649,15170,17285,16139,18205,13964,17836,4732,8803,187504,105194,29062,17648,46349,25454,6976,19,15
2021-06-12T23:59:59+02:00,39,24,4779,4634,9344,9357,14282,15261,22800,24449,29797,31153,23781,26532,16722,21219,5139,9681,2,2,1546,1694,3250,4277,4464,6652,7671,11218,13392,15594,15785,17832,13884,17734,4730,8788,186591,98489,29062,17647,46349,25390,6974,18,15
2021-06-11T23:59:59+02:00,35,23,4726,4583,9263,9306,13962,15039,22604,24301,29701,31062,23744,26487,16704,21207,5138,9678,2,2,1446,1561,3059,4062,4168,6286,7159,10673,11747,13699,15303,17252,13771,17586,4715,8774,185235,91547,29057,17646,46347,25150,6907,18,15
2021-06-10T23:59:59+02:00,29,20,4441,4360,8715,8977,12685,14014,22037,23848,29328,30756,23608,26328,16652,21139,5125,9663,2,2,1326,1473,2823,3880,3842,6003,6722,10281,10328,12365,14788,16674,13599,17378,4700,8747,179893,86995,29040,17643,46342,23845,6435,16,15
2021-06-09T23:59:59+02:00,26,16,4208,4199,8122,8686,11786,13352,21715,23636,29098,30605,23544,26265,16632,21114,5122,9659,2,2,1241,1419,2667,3807,3701,5922,6513,10187,10062,12186,14463,16322,13427,17198,4693,8726,177782,86654,27771,17538,46336,22450,5881,16,15
2021-06-08T23:59:59+02:00,22,13,4080,4100,7721,8460,11299,13061,21489,23455,28898,30450,23486,26192,16600,21072,5116,9650,2,2,1164,1392,2531,3748,3541,5852,5616,9436,9589,11819,14125,15914,13201,16957,4679,8704,176031,86290,27401,15382,46311,21179,5406,16,15
2021-06-07T23:59:59+02:00,17,11,3960,4024,7481,8355,11009,12882,21285,23341,28744,30332,23428,26138,16582,21047,5112,9642,2,2,1116,1276,2409,3684,3411,5789,5450,9360,9378,11691,13894,15655,13045,16788,4672,8686,174799,86099,27392,15377,46303,19936,4881,16,15
2021-06-06T23:59:59+02:00,15,11,3843,3966,7244,8236,10759,12718,21098,23253,28658,30240,23397,26104,16570,21029,5109,9637,2,2,1096,1259,2345,3649,3315,5734,5343,9285,9259,11590,13738,15499,12972,16694,4669,8679,173648,85903,27374,15372,46293,19283,4557,16,15
2021-06-05T23:59:59+02:00,15,11,3814,3929,7205,8196,10582,12566,20470,22742,28496,30096,23347,26059,16556,21010,5109,9633,2,1,1064,1160,2177,3195,3082,5194,5174,8952,8479,10633,13084,14658,12860,16547,4658,8669,171609,80508,27374,15372,46292,19147,4547,15,15
2021-06-04T23:59:59+02:00,15,11,3784,3902,7166,8169,10484,12474,20105,22412,28392,29999,23312,26021,16542,21001,5107,9632,2,1,1032,1093,2079,2883,2922,4716,5017,8581,7963,9975,11583,12938,12733,16350,4651,8651,170322,74120,27361,15371,46291,19124,4540,15,15
2021-06-03T23:59:59+02:00,10,7,3648,3801,6948,8028,9929,12050,18882,21480,27994,29687,23179,25880,16489,20939,5103,9618,2,1,982,1048,1991,2772,2784,4557,4812,8274,7598,9525,11203,12539,12623,16236,4648,8638,165566,72329,27350,15368,46287,18066,4455,15,15
2021-06-02T23:59:59+02:00,10,7,3640,3793,6935,8011,9917,12039,18693,21299,27922,29638,23156,25859,16483,20930,5100,9616,2,1,977,1040,1979,2743,2761,4538,4601,8089,7062,9036,11166,12498,12608,16221,4644,8632,165495,72221,26805,13874,46287,18041,4447,15,15
2021-06-01T23:59:59+02:00,9,6,3514,3718,6694,7862,9632,11844,18236,20954,27684,29442,23063,25757,16442,20877,5097,9604,2,1,940,992,1893,2673,2680,4463,4322,7855,6463,8501,10952,12284,12510,16120,4639,8620,163799,71772,26027,12581,46272,17219,4323,15,15
2021-05-31T23:59:59+02:00,9,6,3468,3674,6603,7795,9496,11742,18110,20864,27592,29365,22996,25695,16425,20848,5092,9597,2,1,911,964,1823,2630,2601,4420,4214,7791,6341,8423,10765,12114,12409,16004,4629,8612,162952,71403,25998,12574,46259,16508,4154,15,15
2021-05-30T23:59:59+02:00,9,5,3437,3649,6538,7739,9404,11648,18021,20785,27516,29293,22951,25650,16403,20820,5086,9587,2,1,904,956,1812,2621,2588,4408,4185,7766,6288,8381,10704,12035,12375,15960,4624,8603,162241,71362,25992,12571,46242,16213,4052,15,15
2021-05-29T23:59:59+02:00,9,5,3426,3632,6503,7711,9361,11609,17983,20745,27368,29187,22896,25576,16388,20800,5083,9583,1,1,868,937,1755,2575,2516,4324,3994,7510,6013,8082,8494,9373,12182,15618,4609,8574,161578,65102,25992,12569,46229,15688,4052,15,15
2021-05-28T23:59:59+02:00,9,5,3363,3577,6373,7634,9221,11477,17825,20613,27185,29064,22835,25498,16368,20782,5082,9582,1,1,855,924,1736,2552,2478,4269,3842,7214,5818,7818,5779,6252,11909,15219,4593,8525,160222,58202,25990,12569,46224,14956,4043,15,15
2021-05-27T23:59:59+02:00,9,5,3219,3454,6087,7454,8618,11144,17349,20274,26772,28717,22667,25333,16310,20719,5075,9564,1,1,808,867,1651,2456,2360,4135,3420,6243,5395,7218,5618,6076,11828,15144,4587,8508,156753,57715,25930,12522,46218,12209,3855,15,15
2021-05-26T23:59:59+02:00,9,5,3113,3370,5867,7287,8249,10859,16885,19967,26471,28480,22517,25200,16258,20645,5062,9544,1,1,792,857,1598,2431,2307,4103,3347,6167,5296,7145,5482,5949,11762,15076,4582,8496,154055,57632,25911,12520,46196,11613,3612,15,15
2021-05-25T23:59:59+02:00,9,5,3022,3308,5725,7170,8053,10695,15882,19189,26117,28126,22358,25042,16205,20565,5055,9534,1,1,773,840,1561,2384,2236,4043,3270,6095,5210,7082,5314,5779,11654,14995,4574,8484,152492,57561,23992,12330,46178,11005,3385,14,15
2021-05-24T23:59:59+02:00,9,5,2958,3292,5639,7125,7937,10633,14967,18498,25702,27815,22264,24937,16174,20529,5048,9522,1,1,764,838,1540,2367,2194,4006,3225,6047,5133,7002,5212,5671,11572,14920,4573,8478,151770,57523,21918,12254,46169,10568,3184,14,15
2021-05-23T23:59:59+02:00,9,4,2955,3287,5630,7117,7928,10625,14961,18497,25701,27814,22264,24937,16174,20529,5048,9522,1,1,762,835,1532,2360,2181,3993,3206,6032,5112,6969,5167,5619,11556,14897,4572,8476,151738,57515,21918,12254,46167,10321,3166,14,15
2021-05-22T23:59:59+02:00,8,4,2918,3243,5552,7066,7828,10539,14762,18334,25418,27568,22164,24850,16141,20485,5045,9517,1,1,740,815,1484,2306,2129,3912,3094,5910,4795,6394,4596,4870,10908,14072,4562,8437,150200,54266,21918,12254,46167,9347,3144,14,15
2021-05-21T23:59:59+02:00,6,4,2846,3171,5425,6965,7701,10392,14503,18105,25123,27332,22049,24742,16108,20437,5041,9508,1,1,713,762,1415,2177,2028,3643,2910,5577,4314,5499,4180,4331,10162,13132,4496,8311,148255,50519,21917,12254,46161,7751,3113,13,15
2021-05-20T23:59:59+02:00,6,4,2715,3015,5142,6710,7416,10021,14041,17620,24513,26781,21776,24446,16014,20316,5027,9478,0,1,700,752,1389,2153,1990,3609,2856,5520,4232,5420,4052,4227,10085,13069,4487,8299,144100,50422,21907,12243,46136,7275,2886,13,15
2021-05-19T23:59:59+02:00,6,4,2662,2962,5044,6568,7273,9840,12899,16584,24250,26490,21679,24318,15971,20255,5018,9471,0,1,683,726,1363,2105,1957,3523,2793,5373,4139,5312,3970,4137,10033,13004,4484,8295,142718,50391,19841,12177,46065,6657,2658,13,15
2021-05-18T23:59:59+02:00,6,4,2635,2937,4996,6535,7220,9808,12545,16310,24070,26337,21587,24229,15941,20202,5011,9459,0,1,654,668,1307,1977,1883,3322,2694,5164,4010,5116,3747,3859,9950,12924,4475,8285,142432,50366,18989,11175,46020,6101,2379,13,15
2021-05-17T23:59:59+02:00,6,4,2609,2918,4951,6465,7132,9700,12392,16131,23920,26174,21534,24179,15922,20180,5006,9451,0,1,646,654,1291,1941,1862,3273,2646,5057,3931,5001,3609,3707,9881,12861,4472,8277,141457,50341,18981,11165,46003,5368,2221,13,15
2021-05-16T23:59:59+02:00,6,4,2597,2905,4929,6398,7094,9617,12335,16057,23868,26113,21510,24162,15912,20166,5003,9448,0,1,641,650,1281,1938,1845,3264,2625,5045,3902,4977,3555,3640,9842,12829,4471,8275,141022,50326,18971,11154,45983,5151,2135,13,15
2021-05-15T23:59:59+02:00,5,4,2474,2769,4741,6192,6903,9429,11816,15638,23277,25561,21403,24044,15878,20123,5000,9440,0,1,592,587,1199,1848,1710,3111,2339,4736,3451,4467,3223,3211,9678,12624,4447,8246,137626,47366,18970,11154,45978,4825,2110,13,15
2021-05-14T23:59:59+02:00,5,4,2360,2593,4545,5969,6625,9117,11278,15126,22710,24991,21257,23904,15842,20065,4996,9429,0,1,530,511,1096,1727,1549,2896,2009,4331,2850,3878,2836,2774,9593,12475,4443,8242,133803,44431,18963,11152,45955,4061,2082,13,15
2021-05-13T23:59:59+02:00,5,4,2183,2309,4222,5584,6199,8646,10717,14436,21673,24075,20975,23630,15782,19966,4989,9414,0,1,526,511,1083,1712,1534,2878,2000,4307,2833,3857,2819,2760,9586,12471,4442,8242,127901,44379,18907,11143,45929,3966,2059,13,15
2021-05-12T23:59:59+02:00,5,4,2182,2307,4212,5581,6190,8640,10615,14314,21619,24035,20970,23619,15777,19958,4988,9414,0,1,519,489,1047,1658,1484,2799,1917,4220,2774,3798,2738,2665,9535,12398,4442,8242,127849,44376,18583,10316,45929,3963,2056,13,15
2021-05-11T23:59:59+02:00,5,4,2061,2268,4127,5518,6063,8525,10306,14063,21426,23873,20892,23547,15762,19926,4984,9409,0,1,494,465,986,1598,1414,2708,1818,4080,2701,3723,2584,2437,9470,12297,4441,8242,126900,44358,18246,9478,45646,3654,1954,13,15
2021-05-10T23:59:59+02:00,5,4,2022,2192,4020,5396,5926,8347,9517,13300,21047,23552,20801,23457,15723,19872,4974,9396,0,1,482,437,950,1535,1349,2617,1729,3919,2619,3631,2558,2418,9460,12279,4437,8237,125759,44345,16405,9298,45542,3168,1832,13,15
2021-05-09T23:59:59+02:00,5,4,1990,2179,3982,5358,5873,8299,9448,13231,20977,23479,20765,23416,15708,19845,4971,9382,0,1,475,430,927,1491,1323,2568,1695,3857,2581,3588,2549,2405,9449,12262,4437,8229,125311,44285,16400,9295,45445,2929,1743,13,15
2021-05-08T23:59:59+02:00,5,4,1927,2077,3800,5183,5599,8091,9138,12945,19844,22551,20570,23223,15675,19776,4966,9370,0,1,406,401,864,1451,1246,2494,1607,3756,2362,3375,2000,1977,9355,12176,4436,8229,121156,42802,16399,9294,45442,2294,1741,6,5
2021-05-07T23:59:59+02:00,5,4,1841,1964,3620,5014,5279,7796,8726,12570,18592,21275,20386,23010,15630,19719,4957,9351,0,1,321,346,754,1376,1114,2365,1473,3614,2186,3182,1630,1636,8867,11728,4435,8227,116210,41065,16395,9289,45419,1187,1709,6,5
2021-05-06T23:59:59+02:00,5,4,1657,1854,3335,4758,4828,7389,8084,12009,17347,20033,20053,22632,15522,19554,4947,9340,0,1,304,336,735,1346,1074,2318,1424,3530,2118,3114,1595,1580,8850,11697,4429,8224,110348,41043,16388,9283,45183,918,1426,6,5
2021-05-05T23:59:59+02:00,5,3,1587,1824,3251,4671,4749,7283,7956,11858,17193,19887,19933,22512,15445,19457,4925,9244,0,1,294,325,693,1295,1012,2243,1342,3381,2010,2997,1502,1481,8432,11129,4423,8207,109579,41005,16245,8154,45012,662,941,6,5
2021-05-04T23:59:59+02:00,5,3,1560,1795,3203,4593,4690,7172,7706,11562,16631,19306,19845,22379,15369,19359,4895,9130,0,1,278,313,670,1265,991,2189,1284,3261,1897,2839,1429,1374,8361,11025,4418,8189,108866,40978,14899,7878,44907,398,525,6,5
2021-05-03T23:59:59+02:00,5,3,1552,1791,3193,4578,4652,7147,7452,11328,15937,18710,19781,22293,15343,19325,4889,9120,0,1,263,293,648,1181,941,2101,1220,3122,1799,2702,1363,1293,8336,10990,4414,8180,108773,40968,13301,7670,44867,52,152,6,5
2021-05-02T23:59:59+02:00,5,3,1551,1789,3186,4576,4647,7144,7438,11317,15918,18698,19764,22285,15343,19323,4888,9120,0,1,263,290,645,1180,936,2098,1210,3116,1791,2695,1349,1286,8335,10985,4413,8180,108745,40945,13297,7668,44841,49,106,6,5
2021-05-01T23:59:59+02:00,5,3,1421,1646,2909,4327,4180,6788,6819,10835,13982,16817,19382,21886,15252,19207,4885,9104,0,1,261,290,642,1178,935,2095,1208,3114,1789,2691,1344,1281,8333,10983,4413,8180,101208,40913,13297,7668,44835,49,103,5,5
2021-04-30T23:59:59+02:00,4,3,1301,1501,2691,4106,3851,6392,6252,10243,12195,14783,18924,21345,15148,19066,4871,9093,0,1,256,289,635,1171,919,2087,1195,3104,1778,2677,1334,1272,8329,10978,4412,8179,93601,40867,13297,7668,44835,45,31,5,5
2021-04-29T23:59:59+02:00,3,3,1188,1439,2525,3981,3612,6189,5895,9942,10854,13502,18663,21067,15105,18996,4867,9087,0,1,255,285,630,1163,907,2081,1175,3099,1747,2640,1308,1248,8323,10969,4412,8179,88915,40834,13288,7534,44696,35,14,5,5
2021-04-28T23:59:59+02:00,3,3,1135,1433,2474,3961,3561,6165,5832,9909,10756,13433,18631,21033,15097,18980,4867,9084,0,1,255,284,627,1162,904,2079,1170,3095,1739,2639,1301,1229,7877,10446,4412,8179,88645,40810,13238,6541,44456,31,13,5,4
2021-04-27T23:59:59+02:00,3,3,1090,1406,2369,3916,3496,6136,5712,9852,10639,13355,18597,20993,15084,18965,4865,9082,0,1,254,284,625,1154,903,2077,1165,3092,1735,2635,1289,1212,7459,9864,4412,8179,88130,40790,13184,5508,44232,26,12,5,4
2021-04-26T23:59:59+02:00,3,3,1050,1377,2278,3823,3369,6035,5544,9731,10335,13096,18535,20938,15075,18947,4863,9082,0,1,253,283,624,1152,897,2073,1158,3089,1717,2626,1274,1199,7450,9844,4412,8179,86791,40703,13173,5487,44103,25,12,5,4
2021-04-25T23:59:59+02:00,3,3,1047,1375,2270,3820,3362,6030,5524,9722,10300,13065,18525,20926,15074,18941,4863,9081,0,1,252,283,624,1152,897,2073,1156,3089,1717,2626,1274,1199,7450,9842,4412,8179,86766,40701,13165,5485,43984,25,11,5,4
2021-04-24T23:59:59+02:00,3,2,1005,1262,2082,3282,3091,5414,5332,9309,9464,12018,17816,20029,14961,18781,4855,9070,0,1,251,282,623,1151,897,2072,1156,3088,1711,2621,1271,1194,7448,9840,4412,8178,80637,40676,13165,5481,43959,25,10,5,4
2021-04-23T23:59:59+02:00,2,2,972,1178,1970,2936,2908,4862,5136,8880,8908,11296,16185,18164,14812,18575,4847,9047,0,1,251,282,622,1151,895,2070,1155,3088,1710,2620,1266,1189,7444,9838,4412,8177,73602,40662,13164,5470,43899,25,10,5,4
2021-04-22T23:59:59+02:00,2,2,967,1166,1951,2920,2888,4842,5079,8834,8793,11191,16112,18087,14785,18545,4845,9042,0,1,249,282,618,1150,892,2069,1147,3076,1694,2600,1242,1167,7439,9830,4412,8177,73550,40648,13106,5359,43380,24,10,5,4
2021-04-21T23:59:59+02:00,2,2,957,1158,1937,2908,2860,4816,5033,8779,8685,11068,16025,18002,14756,18511,4845,9037,0,1,245,279,608,1141,878,2039,1137,3051,1684,2573,1229,1153,7213,9511,4411,8177,73507,40639,13048,4654,42811,23,10,5,4
2021-04-20T23:59:59+02:00,2,2,930,1110,1885,2794,2787,4653,4939,8600,8511,10859,15792,17720,14697,18452,4838,9031,0,1,232,276,590,1120,852,2007,1108,3025,1649,2532,1209,1139,7204,9506,4410,8177,73468,40618,11919,4387,42200,19,10,5,3
2021-04-19T23:59:59+02:00,2,2,921,1102,1851,2774,2737,4628,4815,8539,8311,10747,15700,17622,14675,18433,4838,9025,0,1,226,268,572,1099,833,1974,1090,2982,1603,2477,1191,1120,7197,9503,4408,8176,73067,40582,11898,4108,41742,17,10,5,3
2021-04-18T23:59:59+02:00,2,2,918,1101,1846,2768,2729,4616,4797,8528,8271,10704,15650,17563,14665,18416,4837,9023,0,1,226,268,572,1098,832,1974,1089,2982,1603,2476,1191,1119,7195,9502,4407,8176,73021,40575,11894,4106,41506,17,10,5,3
2021-04-17T23:59:59+02:00,1,2,886,1086,1797,2729,2660,4536,4642,8385,8007,10475,13278,14663,14466,18062,4820,8989,0,1,224,268,572,1095,828,1967,1077,2973,1592,2456,1152,1076,6862,9088,4382,8128,66191,39616,11894,4095,41384,17,10,5,3
2021-04-16T23:59:59+02:00,1,2,880,1080,1785,2719,2618,4496,4550,8301,7827,10281,10437,11413,14196,17644,4801,8934,0,1,223,264,570,1091,823,1963,1068,2970,1584,2443,1141,1061,6856,9082,4380,8125,58913,39537,11892,4078,41145,17,10,5,3
2021-04-15T23:59:59+02:00,1,2,868,1075,1763,2705,2575,4463,4432,8240,7597,10080,10186,11195,14134,17578,4794,8920,0,1,221,263,570,1089,822,1961,1065,2967,1581,2440,1135,1056,6854,9080,4380,8125,58889,39522,11890,4059,39814,16,10,5,3
2021-04-14T23:59:59+02:00,1,2,850,1048,1704,2624,2485,4339,4242,8056,7322,9796,9812,10710,13985,17397,4788,8908,0,1,197,238,529,1036,799,1894,1029,2887,1530,2377,1109,1026,6849,9072,4380,8124,58852,39506,10943,3544,38259,14,10,5,3
2021-04-13T23:59:59+02:00,1,2,826,1026,1667,2572,2417,4256,4141,7917,7109,9576,9404,10191,13839,17230,4783,8894,0,1,162,215,494,988,758,1801,994,2777,1477,2307,1090,991,6833,9061,4379,8124,58802,39442,9993,2989,37041,8,10,5,3
2021-04-12T23:59:59+02:00,1,2,821,1024,1648,2568,2388,4243,4089,7866,6968,9404,9138,9876,13776,17170,4772,8877,0,1,151,201,466,948,736,1737,974,2705,1433,2257,1068,974,6816,9041,4376,8119,58744,39325,9962,2657,35910,8,10,5,3
2021-04-11T23:59:59+02:00,1,2,820,1023,1637,2568,2374,4240,4066,7854,6903,9342,9004,9711,13749,17122,4767,8868,0,1,151,201,466,946,734,1735,972,2705,1431,2257,1068,974,6814,9041,4376,8119,58730,39315,9960,2656,35346,7,10,5,3
2021-04-10T23:59:59+02:00,1,2,804,1019,1608,2539,2337,4211,3996,7795,6770,9225,8446,8977,13082,16269,4756,8826,0,1,148,200,464,943,728,1732,972,2698,1422,2250,1054,958,6342,8541,4360,8103,55393,38242,9959,2654,35296,7,10,5,3
2021-04-09T23:59:59+02:00,1,2,783,991,1567,2490,2271,4131,3843,7635,6423,8892,7919,8318,12260,15245,4684,8687,0,1,146,198,462,937,721,1724,963,2688,1407,2239,1032,935,6100,8269,4340,8076,51405,37568,9952,2650,34770,7,10,5,3
2021-04-08T23:59:59+02:00,1,2,773,981,1540,2466,2205,4082,3710,7546,6168,8591,7302,7663,12098,15045,4673,8671,0,1,146,196,457,933,716,1717,955,2677,1398,2226,1020,932,6097,8267,4339,8076,51371,37545,9927,2588,32204,7,10,5,3
2021-04-07T23:59:59+02:00,1,2,766,972,1514,2448,2146,4044,3623,7476,5937,8326,6745,7029,11488,14296,4660,8643,0,1,127,189,425,886,670,1648,898,2607,1348,2157,999,916,6089,8261,4338,8076,51341,37521,8769,2095,29992,7,9,5,3
2021-04-06T23:59:59+02:00,1,2,761,970,1502,2440,2117,4021,3550,7427,5756,8154,6299,6521,11285,14079,4645,8612,0,1,104,168,377,826,625,1573,854,2507,1295,2093,973,899,6070,8246,4336,8072,51272,37490,8584,1511,28273,7,8,5,3
2021-04-05T23:59:59+02:00,1,2,756,966,1486,2432,2091,4011,3499,7401,5612,8043,6094,6303,11218,13992,4639,8602,0,1,98,165,376,824,618,1564,845,2492,1282,2074,945,868,4964,6843,4259,7966,51072,34665,8580,1501,27483,7,8,5,3
2021-04-04T23:59:59+02:00,1,2,754,960,1484,2430,2087,4009,3481,7394,5602,8036,6083,6283,11204,13974,4637,8599,0,1,98,165,374,822,615,1559,838,2485,1267,2055,922,846,3954,5681,4193,7860,51057,32216,8578,1501,27372,7,8,5,3
2021-04-03T23:59:59+02:00,1,2,703,904,1402,2359,1964,3870,3220,7133,5141,7545,5738,5826,11032,13755,4609,8571,0,1,94,165,374,821,615,1557,837,2485,1267,2055,922,846,3954,5678,4193,7859,47814,32204,8578,1501,27370,7,8,5,3
2021-04-02T23:59:59+02:00,1,2,660,870,1346,2291,1866,3756,2967,6872,4623,7065,5346,5366,10932,13589,4604,8565,0,1,93,165,374,821,615,1557,836,2485,1265,2054,919,843,3951,5675,4192,7859,44881,32188,8577,1500,27251,7,7,5,3
2021-04-01T23:59:59+02:00,1,2,657,867,1336,2286,1846,3748,2938,6858,4548,6992,5237,5256,10893,13540,4603,8560,0,1,93,165,372,817,613,1553,836,2482,1261,2050,909,842,3946,5672,4191,7858,44864,32176,8432,1468,26860,7,7,5,3
2021-03-31T23:59:59+02:00,1,2,655,865,1328,2269,1838,3738,2910,6830,4485,6946,5097,5094,10378,12931,4599,8552,0,1,93,165,371,817,613,1553,836,2482,1259,2050,908,842,3946,5671,4191,7857,44851,32170,7299,1468,26357,7,7,4,3
2021-03-30T23:59:59+02:00,1,2,646,862,1309,2249,1809,3709,2873,6795,4399,6857,4928,4900,9850,12230,4592,8538,0,1,88,163,370,813,608,1551,831,2476,1251,2047,898,832,3938,5668,4190,7856,44827,32149,6110,1415,25601,7,7,4,3
2021-03-29T23:59:59+02:00,1,2,641,853,1296,2216,1791,3678,2842,6753,4327,6771,4728,4702,9764,12136,4589,8524,0,1,88,163,369,811,603,1547,829,2469,1245,2039,890,826,3930,5660,4190,7856,44757,32132,5892,1368,24954,6,7,4,3
2021-03-28T23:59:59+02:00,1,2,638,851,1293,2212,1777,3668,2826,6741,4292,6719,4633,4592,9728,12072,4584,8517,0,1,88,163,369,809,603,1547,825,2469,1243,2039,889,826,3929,5660,4190,7856,44734,32129,5883,1361,24518,6,7,4,3
2021-03-27T23:59:59+01:00,1,2,634,846,1283,2208,1760,3651,2798,6711,4129,6576,4054,4139,9499,11826,4571,8498,0,1,88,163,367,807,601,1545,823,2466,1235,2033,885,822,3750,5370,4083,7683,42789,31345,5879,1361,24507,6,7,4,3
2021-03-26T23:59:59+01:00,1,2,629,838,1275,2197,1738,3634,2773,6689,4053,6498,3645,3772,8897,11267,4558,8484,0,1,88,163,367,806,600,1542,819,2463,1226,2029,872,809,3023,4426,3874,7335,40847,29066,5866,1361,24226,6,7,4,3
2021-03-25T23:59:59+01:00,1,2,622,833,1262,2183,1719,3610,2714,6650,3969,6420,3471,3553,8786,11156,4552,8478,0,1,88,163,367,806,600,1541,819,2462,1224,2029,872,809,3022,4425,3873,7334,40833,29058,5758,1361,23379,6,7,4,3
2021-03-24T23:59:59+01:00,1,2,617,825,1229,2157,1674,3565,2636,6581,3812,6268,3152,3188,8375,10605,4543,8465,0,1,84,161,355,793,584,1523,786,2428,1174,1997,838,771,3013,4419,3873,7331,40809,28755,4999,1360,21876,6,7,4,3
2021-03-23T23:59:59+01:00,1,2,605,817,1204,2126,1632,3517,2554,6502,3663,6114,2771,2804,8158,10387,4535,8446,0,1,79,157,343,773,549,1492,725,2364,1073,1915,755,711,2976,4384,3869,7327,40764,28124,4709,1353,20355,6,7,3,3
2021-03-22T23:59:59+01:00,1,2,581,707,1167,2073,1599,3461,2501,6432,3522,5984,2529,2565,7827,10032,4519,8410,0,1,79,156,343,773,549,1490,723,2362,1070,1915,753,707,2972,4379,3867,7324,40296,28094,4387,1353,19219,6,7,3,3
2021-03-21T23:59:59+01:00,1,2,580,704,1161,2064,1587,3451,2484,6417,3484,5950,2387,2400,7734,9920,4510,8395,0,1,79,156,343,772,549,1490,723,2362,1070,1915,753,707,2972,4378,3867,7323,40291,28091,4373,1353,18557,6,7,3,3
2021-03-20T23:59:59+01:00,1,2,579,704,1159,2057,1580,3444,2478,6410,3466,5927,2354,2362,7242,9403,4493,8378,0,1,79,156,343,772,548,1490,721,2361,1070,1913,753,707,2972,4376,3865,7321,39248,28079,4361,1353,18420,6,7,3,3
2021-03-19T23:59:59+01:00,1,2,572,696,1140,2037,1545,3420,2409,6272,3402,5820,2172,2179,6933,9083,4471,8353,0,1,79,156,342,767,544,1487,716,2353,1061,1900,744,700,2542,3773,3442,6568,38638,25810,4344,1353,17515,2,7,3,3
2021-03-18T23:59:59+01:00,1,2,557,679,1120,2008,1518,3390,2369,6204,3327,5732,2018,1982,6812,8964,4465,8342,0,1,78,156,342,766,543,1487,715,2349,1057,1899,737,697,2492,3701,3415,6526,38617,25619,4332,1331,16532,2,6,3,3
2021-03-17T23:59:59+01:00,1,1,528,650,1075,1951,1481,3305,2291,6086,3174,5576,1763,1715,6646,8811,4455,8327,0,1,77,152,330,739,527,1443,693,2291,1019,1858,720,678,2252,3407,3328,6396,38545,24641,3801,1259,15481,2,6,3,3
2021-03-16T23:59:59+01:00,1,1,485,622,1035,1896,1429,3201,2226,5932,3058,5442,1563,1490,6511,8663,4444,8304,0,1,71,137,309,683,497,1367,664,2156,989,1730,670,628,2137,3269,3302,6309,38487,23882,3184,1027,14624,2,5,3,3
2021-03-15T23:59:59+01:00,1,1,473,610,1002,1846,1396,3134,2196,5847,2972,5358,1437,1356,5925,7974,4404,8240,0,1,68,130,295,625,482,1247,626,2026,948,1616,641,607,2099,3229,3287,6245,37245,23475,2832,694,14092,2,0,3,1
2021-03-14T23:59:59+01:00,1,1,468,603,993,1834,1392,3116,2180,5829,2937,5331,1394,1305,5529,7525,4381,8222,0,1,67,125,291,602,476,1220,620,1970,938,1591,641,607,2099,3229,3286,6243,36421,23469,2827,534,13790,2,0,3,1
2021-03-13T23:59:59+01:00,1,1,448,584,956,1785,1339,3052,1923,5241,2696,4916,1288,1192,4867,6675,4333,8149,0,1,67,125,290,599,474,1218,618,1968,937,1587,639,603,1736,2743,2759,5481,34735,21308,2823,534,11885,2,0,3,1
2021-03-12T23:59:59+01:00,1,1,432,563,935,1741,1308,2969,1720,4455,2490,4467,1216,1109,4166,5879,4286,8067,0,1,67,123,289,595,474,1215,616,1959,933,1581,636,596,1408,2198,2215,4685,33056,19055,2820,534,9926,1,0,3,1
2021-03-11T23:59:59+01:00,1,1,428,556,926,1727,1293,2950,1695,4419,2453,4430,1142,1053,4122,5842,4284,8064,0,1,67,115,283,573,460,1163,607,1910,914,1545,624,583,1402,2180,2206,4634,33019,18803,2724,462,9640,1,0,3,1
2021-03-10T23:59:59+01:00,1,1,409,544,880,1668,1237,2872,1621,4322,2386,4337,1108,1030,4106,5825,4283,8062,0,1,67,115,281,569,457,1156,602,1887,914,1540,619,575,1341,2093,2161,4577,33004,18516,2153,437,9532,1,0,3,1
2021-03-09T23:59:59+01:00,1,1,388,528,835,1619,1194,2808,1579,4239,2343,4284,1087,1019,4100,5818,4282,8060,0,1,65,114,280,568,456,1145,600,1874,907,1535,616,569,1135,1782,2043,4398,32957,17678,1707,408,9518,1,0,3,1
2021-03-08T23:59:59+01:00,1,1,381,517,824,1603,1186,2791,1572,4212,2330,4271,1074,1007,4063,5770,4280,8055,0,1,64,114,276,563,452,1139,598,1870,903,1533,616,569,1066,1691,1998,4353,32825,17420,1610,384,9500,1,0,3,1
2021-03-07T23:59:59+01:00,1,1,380,514,823,1602,1184,2789,1569,4205,2320,4266,1067,999,4057,5764,4279,8054,0,1,62,111,267,541,440,1113,582,1770,868,1458,615,569,961,1560,1946,4283,32808,17054,1570,92,9493,0,0,3,1
2021-03-06T23:59:59+01:00,1,1,372,498,804,1569,1160,2731,1528,4137,2126,3768,1037,962,3884,5491,4177,7889,0,1,62,111,267,541,440,1112,582,1770,868,1458,615,569,958,1559,1943,4282,32090,17045,1570,92,8472,0,0,3,1
2021-03-05T23:59:59+01:00,1,1,359,459,772,1465,1110,2515,1453,3924,1912,3103,1006,917,3127,4525,3972,7545,0,1,62,110,266,538,437,1106,581,1765,864,1455,612,567,919,1501,1920,4240,29769,16851,1569,92,6825,0,0,3,1
2021-03-04T23:59:59+01:00,1,1,346,450,764,1445,1097,2492,1434,3895,1889,3084,992,913,3123,4521,3969,7543,0,1,61,109,263,535,433,1090,571,1743,863,1447,610,565,882,1447,1897,4203,29756,16690,1530,29,6670,0,0,3,1
2021-03-03T23:59:59+01:00,1,1,337,419,745,1394,1067,2409,1384,3740,1809,2987,959,867,3113,4515,3969,7540,0,1,60,108,260,532,432,1086,569,1734,860,1443,610,564,862,1394,1808,4056,29440,16351,1530,27,6283,0,0,3,1
2021-03-02T23:59:59+01:00,1,1,331,411,730,1371,1019,2364,1316,3655,1693,2888,871,801,3070,4476,3963,7535,0,1,60,108,259,528,431,1078,569,1728,860,1439,609,564,862,1394,1808,4055,28800,16325,1466,27,6227,0,0,3,1
2021-03-01T23:59:59+01:00,1,1,327,397,723,1324,1006,2306,1296,3572,1666,2838,852,792,3062,4466,3962,7535,0,1,60,107,258,524,426,1064,565,1715,851,1431,608,562,766,1239,1751,3975,28759,15875,1414,27,5950,0,0,3,1
2021-02-28T23:59:59+01:00,1,1,322,385,715,1285,992,2229,1283,3485,1643,2759,848,782,3060,4462,3961,7532,0,1,60,107,257,524,426,1063,565,1715,849,1431,608,561,669,1114,1703,3894,28745,15520,1410,26,5587,0,0,3,1
2021-02-27T23:59:59+01:00,1,1,313,364,701,1258,973,2193,1248,3416,1620,2706,830,766,3057,4462,3960,7532,0,1,60,107,257,524,426,1063,564,1715,847,1431,608,561,669,1114,1703,3894,28741,15517,1410,26,5247,0,0,3,1
2021-02-26T23:59:59+01:00,1,1,287,313,654,1193,909,2074,1158,3249,1515,2568,801,743,2620,3856,3533,6754,0,1,60,107,254,521,426,1061,562,1713,844,1425,604,559,662,1102,1694,3875,26447,15443,1410,26,4369,0,0,3,1
2021-02-25T23:59:59+01:00,1,1,282,300,640,1163,888,2032,1139,3183,1497,2523,798,739,2573,3784,3503,6710,0,1,58,104,250,513,426,1057,557,1703,841,1414,598,555,585,993,1647,3817,26228,15094,1410,24,4115,0,0,3,1
2021-02-24T23:59:59+01:00,1,1,263,291,589,1117,841,1964,1081,3088,1454,2465,782,720,2332,3482,3414,6572,0,1,57,99,245,506,420,1038,548,1681,838,1394,591,543,571,973,1636,3794,25230,14918,1410,16,3814,0,0,3,1
2021-02-23T23:59:59+01:00,1,1,251,270,560,1061,804,1889,1013,2938,1380,2363,730,670,2217,3342,3388,6479,0,1,57,97,243,500,420,1022,538,1649,830,1372,583,536,555,922,1624,3741,24424,14673,1405,16,3525,0,0,3,1
2021-02-22T23:59:59+01:00,1,1,247,264,547,998,784,1813,987,2844,1344,2303,705,648,2187,3306,3379,6416,0,1,57,96,237,494,418,1009,529,1631,826,1347,569,522,533,896,1618,3686,24019,14453,1405,15,3347,0,0,3,1
2021-02-21T23:59:59+01:00,1,1,244,257,538,973,771,1776,979,2796,1314,2277,705,646,2185,3306,3378,6415,0,1,57,96,236,494,418,1009,529,1631,826,1346,569,521,533,896,1618,3685,24013,14449,1405,15,3141,0,0,3,1
2021-02-20T23:59:59+01:00,1,1,166,227,469,924,702,1699,909,2707,1229,2177,690,631,1811,2788,2822,5612,0,1,57,96,236,494,418,1009,529,1630,826,1346,569,521,533,896,1617,3685,21736,14447,1405,15,2421,0,0,3,1
2021-02-19T23:59:59+01:00,1,1,83,166,358,843,575,1567,776,2558,1093,2025,674,610,1503,2274,2273,4819,0,1,57,96,236,494,418,1008,529,1630,826,1346,569,521,527,894,1615,3679,19528,14430,1405,15,1263,0,0,3,1
2021-02-18T23:59:59+01:00,1,1,80,161,346,793,554,1478,743,2418,1060,1957,658,599,1494,2255,2264,4767,0,1,54,89,230,472,404,941,514,1550,806,1273,555,507,521,876,1612,3657,19284,14046,1380,15,962,0,0,3,1
2021-02-17T23:59:59+01:00,1,1,79,153,332,770,545,1445,714,2325,1023,1857,653,589,1436,2167,2216,4717,0,1,54,86,228,463,396,903,503,1485,787,1191,542,495,519,874,1612,3657,19023,13780,1307,15,690,0,0,3,1
2021-02-16T23:59:59+01:00,1,1,74,148,317,730,517,1371,682,2217,998,1752,642,582,1192,1820,2092,4534,0,1,53,77,227,456,390,873,490,1420,761,1125,521,482,517,874,1609,3656,18102,13529,1068,2,497,0,0,3,1
2021-02-15T23:59:59+01:00,0,1,69,131,291,625,482,1229,624,2004,947,1592,633,580,1109,1713,2040,4469,0,1,53,77,225,451,386,867,489,1416,759,1118,521,482,516,869,1608,3653,17769,13490,730,0,39,0,0,1,1
2021-02-14T23:59:59+01:00,0,1,68,124,286,598,477,1200,613,1950,933,1570,633,580,1010,1589,1993,4412,0,1,53,77,225,451,386,867,489,1414,759,1118,521,482,516,869,1608,3653,17439,13488,574,0,23,0,0,1,1
2021-02-13T23:59:59+01:00,0,1,68,123,286,597,476,1196,612,1948,931,1567,632,579,1009,1580,1989,4409,0,1,53,77,225,450,384,862,488,1409,757,1117,519,480,499,831,1349,3182,17405,12682,574,0,23,0,0,1,1
2021-02-12T23:59:59+01:00,0,1,67,123,285,596,472,1192,612,1945,928,1566,629,578,971,1528,1969,4369,0,1,53,77,225,446,380,853,483,1400,751,1110,512,472,481,790,986,2469,17236,11488,574,0,20,0,0,1,1
2021-02-11T23:59:59+01:00,0,1,66,116,282,583,459,1165,606,1919,921,1554,628,577,928,1471,1947,4330,0,1,53,74,210,415,366,806,466,1326,736,1078,509,471,481,790,985,2468,17057,11235,491,0,4,0,0,1,0
2021-02-10T23:59:59+01:00,0,1,65,116,279,580,457,1160,602,1902,916,1550,628,577,919,1455,1926,4286,0,1,52,64,177,337,312,704,416,1154,656,983,474,459,476,789,985,2467,16954,10506,463,0,1,0,0,1,0
2021-02-09T23:59:59+01:00,0,1,63,114,273,576,454,1147,601,1887,908,1544,627,576,907,1419,1856,4182,0,1,43,53,126,258,236,554,334,952,554,829,439,448,472,788,982,2467,16702,9536,432,0,0,0,0,1,0
2021-02-08T23:59:59+01:00,0,1,62,114,270,567,451,1140,599,1872,901,1536,625,573,804,1266,1799,4100,0,1,38,43,88,169,173,417,271,714,495,694,432,442,469,785,981,2467,16272,8679,407,0,0,0,0,1,0
2021-02-07T23:59:59+01:00,0,1,60,111,260,544,437,1109,583,1769,866,1457,624,572,702,1140,1750,4016,0,1,37,42,84,166,170,410,266,701,490,683,430,441,469,785,981,2466,15901,8622,99,0,0,0,0,1,0
2021-02-06T23:59:59+01:00,0,1,60,111,259,544,437,1109,581,1768,863,1454,621,570,700,1132,1744,4009,0,1,34,41,83,163,167,400,262,693,479,674,422,440,433,737,741,2075,15863,7845,99,0,0,0,0,1,0
2021-02-05T23:59:59+01:00,0,1,60,111,257,540,437,1107,580,1767,861,1452,619,570,690,1125,1738,3996,0,1,32,39,79,159,162,392,254,674,462,664,416,440,427,712,337,1442,15811,6692,99,0,0,0,0,1,0
2021-02-04T23:59:59+01:00,0,1,59,109,252,534,431,1091,564,1740,857,1438,612,560,604,1008,1687,3935,0,1,31,36,74,153,156,381,239,650,445,650,410,432,422,705,335,1435,15450,6555,31,0,0,0,0,1,0
2021-02-03T23:59:59+01:00,0,1,58,104,248,527,430,1072,561,1724,855,1423,608,550,593,998,1684,3921,0,1,24,28,60,122,123,280,175,508,335,500,304,330,337,548,257,1151,15327,5083,29,0,0,0,0,1,0
2021-02-02T23:59:59+01:00,0,1,58,102,245,522,430,1054,549,1691,846,1399,595,540,581,949,1674,3870,0,1,17,21,41,79,87,186,122,343,219,361,214,220,217,344,184,756,15077,3412,29,0,0,0,0,0,0
2021-02-01T23:59:59+01:00,0,1,58,100,241,514,428,1038,541,1669,842,1376,588,534,559,920,1666,3823,0,0,7,11,21,42,48,98,65,168,95,165,100,103,90,160,77,329,14869,1579,29,0,0,0,0,0,0
2021-01-31T23:59:59+01:00,0,1,58,100,240,513,426,1034,539,1664,840,1373,588,533,559,920,1666,3822,0,0,7,11,19,38,43,84,61,142,81,149,95,101,89,159,75,327,14847,1481,29,0,0,0,0,0,0
2021-01-30T23:59:59+01:00,0,1,58,100,240,513,426,1034,539,1664,840,1373,588,533,559,920,1666,3822,0,0,7,11,19,38,43,84,61,142,81,149,95,100,89,159,75,327,14847,1480,29,0,0,0,0,0,0
2021-01-29T23:59:59+01:00,0,1,58,100,240,513,426,1034,539,1664,840,1373,588,533,559,920,1666,3822,0,0,7,11,19,38,43,84,61,142,81,149,95,100,89,159,75,327,14847,1480,29,0,0,0,0,0,0
2021-01-28T23:59:59+01:00,0,1,56,92,236,484,414,967,521,1578,816,1292,575,518,553,903,1663,3803,0,0,3,2,5,6,11,16,19,34,22,33,16,22,21,34,19,99,14449,362,23,0,0,0,0,0,0
2021-01-27T23:59:59+01:00,0,1,54,88,236,474,406,928,511,1512,796,1209,563,505,551,901,1663,3803,0,0,3,2,5,6,9,16,19,33,21,31,16,21,21,34,19,99,14180,355,21,0,0,0,0,0,0
2021-01-26T23:59:59+01:00,0,1,53,82,231,471,399,899,500,1445,771,1142,541,492,549,901,1663,3803,0,0,1,2,5,6,9,15,17,29,17,26,14,18,19,32,19,91,13924,320,19,0,0,0,0,0,0
2021-01-25T23:59:59+01:00,0,1,53,82,228,465,396,893,500,1442,770,1137,541,492,549,898,1663,3801,0,0,0,0,0,0,0,2,0,0,0,0,1,1,0,2,0,0,13894,6,17,0,0,0,0,0,0
2021-01-24T23:59:59+01:00,0,1,53,82,228,465,396,893,500,1441,770,1137,541,492,549,898,1663,3801,0,0,0,0,0,0,0,2,0,0,0,0,1,1,0,2,0,0,13893,6,17,0,0,0,0,0,0
2021-01-23T23:59:59+01:00,0,1,53,82,228,464,395,889,500,1435,769,1135,538,490,532,860,1403,3323,0,0,0,0,0,0,0,1,0,0,0,0,1,1,0,2,0,0,13080,5,17,0,0,0,0,0,0
2021-01-22T23:59:59+01:00,0,1,53,82,227,460,390,879,495,1425,764,1128,532,481,515,818,1024,2583,0,0,0,0,0,0,0,1,0,0,0,0,1,1,0,2,0,0,11841,5,16,0,0,0,0,0,0
2021-01-21T23:59:59+01:00,0,1,53,79,208,426,363,823,467,1325,737,1093,528,481,515,818,1023,2582,0,0,0,0,0,0,0,1,0,0,0,0,1,1,0,2,0,0,11506,5,16,0,0,0,0,0,0
2021-01-20T23:59:59+01:00,0,1,51,69,181,354,322,738,424,1171,667,1003,492,470,510,818,1023,2581,0,0,0,0,0,0,0,1,0,0,0,0,1,1,0,2,0,0,10859,5,16,0,0,0,0,0,0
2021-01-19T23:59:59+01:00,0,1,44,56,137,276,248,580,347,989,577,863,457,458,506,816,1023,2581,0,0,0,0,0,0,0,0,0,0,0,0,1,0,0,2,0,0,9951,3,8,0,0,0,0,0,0
2021-01-18T23:59:59+01:00,0,1,40,43,88,175,179,429,280,726,505,706,449,451,503,812,1021,2581,0,0,0,0,0,0,0,0,0,0,0,0,0,0,0,1,0,0,8989,1,0,0,0,0,0,0,0
2021-01-17T23:59:59+01:00,0,1,37,42,85,172,175,421,276,715,500,693,447,451,503,812,1021,2580,0,0,0,0,0,0,0,0,0,0,0,0,0,0,0,0,0,0,8931,0,0,0,0,0,0,0,0
2021-01-16T23:59:59+01:00,0,1,34,41,83,170,171,412,269,708,485,684,438,449,464,765,774,2183,0,0,0,0,0,0,0,0,0,0,0,0,0,0,0,0,0,0,8131,0,0,0,0,0,0,0,0
2021-01-15T23:59:59+01:00,0,1,32,40,80,165,168,406,262,691,471,676,432,448,459,741,361,1541,0,0,0,0,0,0,0,0,0,0,0,0,0,0,0,0,0,0,6974,0,0,0,0,0,0,0,0
2021-01-14T23:59:59+01:00,0,1,32,38,78,159,163,401,254,678,460,668,429,445,459,740,361,1541,0,0,0,0,0,0,0,0,0,0,0,0,0,0,0,0,0,0,6907,0,0,0,0,0,0,0,0
2021-01-13T23:59:59+01:00,0,0,24,31,62,127,128,304,194,544,351,525,326,343,374,577,282,1246,0,0,0,0,0,0,0,0,0,0,0,0,0,0,0,0,0,0,5438,0,0,0,0,0,0,0,0
2021-01-12T23:59:59+01:00,0,0,17,24,46,88,93,216,140,393,238,389,234,235,247,371,205,845,0,0,0,0,0,0,0,0,0,0,0,0,0,0,0,0,0,0,3781,0,0,0,0,0,0,0,0
2021-01-11T23:59:59+01:00,0,0,9,15,27,48,62,139,88,220,125,208,116,112,106,179,93,374,0,0,0,0,0,0,0,0,0,0,0,0,0,0,0,0,0,0,1921,0,0,0,0,0,0,0,0
2021-01-10T23:59:59+01:00,0,0,8,15,23,44,55,110,80,179,105,175,110,108,102,177,90,374,0,0,0,0,0,0,0,0,0,0,0,0,0,0,0,0,0,0,1755,0,0,0,0,0,0,0,0
2021-01-09T23:59:59+01:00,0,0,8,15,23,44,55,110,80,179,105,175,110,107,102,177,90,374,0,0,0,0,0,0,0,0,0,0,0,0,0,0,0,0,0,0,1754,0,0,0,0,0,0,0,0
2021-01-08T23:59:59+01:00,0,0,8,14,22,43,52,103,75,168,99,172,107,103,97,168,88,364,0,0,0,0,0,0,0,0,0,0,0,0,0,0,0,0,0,0,1683,0,0,0,0,0,0,0,0
2021-01-07T23:59:59+01:00,0,0,3,3,5,7,11,17,20,34,24,36,17,22,23,35,23,107,0,0,0,0,0,0,0,0,0,0,0,0,0,0,0,0,0,0,387,0,0,0,0,0,0,0,0
2021-01-06T23:59:59+01:00,0,0,3,2,5,6,9,16,20,33,21,32,17,21,23,35,23,106,0,0,0,0,0,0,0,0,0,0,0,0,0,0,0,0,0,0,372,0,0,0,0,0,0,0,0
2021-01-05T23:59:59+01:00,0,0,3,2,5,6,9,16,20,33,21,32,17,21,23,35,23,106,0,0,0,0,0,0,0,0,0,0,0,0,0,0,0,0,0,0,372,0,0,0,0,0,0,0,0
2021-01-04T23:59:59+01:00,0,0,0,0,0,0,0,2,1,0,0,0,1,1,0,2,0,0,0,0,0,0,0,0,0,0,0,0,0,0,0,0,0,0,0,0,7,0,0,0,0,0,0,0,0
2021-01-03T23:59:59+01:00,0,0,0,0,0,0,0,2,1,0,0,0,1,1,0,2,0,0,0,0,0,0,0,0,0,0,0,0,0,0,0,0,0,0,0,0,7,0,0,0,0,0,0,0,0
2021-01-02T23:59:59+01:00,0,0,0,0,0,0,0,1,1,0,0,0,1,1,0,2,0,0,0,0,0,0,0,0,0,0,0,0,0,0,0,0,0,0,0,0,6,0,0,0,0,0,0,0,0
2021-01-01T23:59:59+01:00,0,0,0,0,0,0,0,1,1,0,0,0,1,1,0,2,0,0,0,0,0,0,0,0,0,0,0,0,0,0,0,0,0,0,0,0,6,0,0,0,0,0,0,0,0
2020-12-31T23:59:59+01:00,0,0,0,0,0,0,0,1,1,0,0,0,1,1,0,2,0,0,0,0,0,0,0,0,0,0,0,0,0,0,0,0,0,0,0,0,6,0,0,0,0,0,0,0,0
2020-12-30T23:59:59+01:00,0,0,0,0,0,0,0,1,1,0,0,0,1,1,0,2,0,0,0,0,0,0,0,0,0,0,0,0,0,0,0,0,0,0,0,0,6,0,0,0,0,0,0,0,0
2020-12-29T23:59:59+01:00,0,0,0,0,0,0,0,1,1,0,0,0,1,0,0,2,0,0,0,0,0,0,0,0,0,0,0,0,0,0,0,0,0,0,0,0,5,0,0,0,0,0,0,0,0
2020-12-28T23:59:59+01:00,0,0,0,0,0,0,0,1,0,0,0,0,1,0,0,1,0,0,0,0,0,0,0,0,0,0,0,0,0,0,0,0,0,0,0,0,3,0,0,0,0,0,0,0,0
2020-12-27T23:59:59+01:00,0,0,0,0,0,0,0,0,0,0,0,0,0,0,0,0,0,0,0,0,0,0,0,0,0,0,0,0,0,0,0,0,0,0,0,0,0,0,0,0,0,0,0,0,0
